4066 6140
346 338 446 396 197

344 449 450 501 lum
477 445 753 513 dirigebat,
783 452 836 495 ct
863 456 891 493 a
915 438 1118 493 diluvio
1143 450 1331 490 omnes
1355 435 1499 487 orbis
1532 430 1732 486 incolas
1755 428 1915 482 deva-

345 547 551 590 staturo
590 548 649 586 se
678 531 953 601 eripiebat.
988 528 1159 581 Tanta
1205 540 1293 579 res
1336 532 1420 601 est
1442 523 1630 584 virtus,
1676 528 1783 573 tam
1822 517 1921 569 itu-

344 623 608 685 mortalis,
657 600 771 674 tam,
807 620 1027 680 invicta,
1073 627 1177 669 tam
1210 600 1579 668 nihilncedens
1618 608 1774 675 hujus
1800 607 1921 659 vita:

345 711 695 767 varietatibus
722 727 733 761 :
766 708 859 761 sed
902 723 1063 775 super
1101 705 1314 758 malitia:
1342 703 1473 757 retia
1501 700 1741 760 volitans,
1771 695 1920 765 quasi

344 817 377 856 e
401 801 614 856 sublimi
641 798 853 867 specula
874 797 1124 866 quadam,
1170 794 1247 848 sic
1272 792 1448 847 omnia
1479 790 1705 844 humana
1739 787 1922 855 despic

346 891 436 951 rit,
470 890 599 943 nihil
626 888 765 956 quod
794 887 914 939 aliis
943 885 1224 939 molestum
1267 884 1337 936 sit
1360 881 1545 935 sentit.
1574 880 1678 934 Sed
1714 879 1851 932 sicut
1876 878 1923 930 is

348 980 435 1049 qui
467 994 630 1045 super
666 978 934 1031 excelsam
978 985 1178 1044 petram
1229 983 1353 1036 stat,
1384 971 1578 1024 ﬂuctus
1604 970 1758 1030 ridet,
1788 981 1921 1037 quos

349 1072 488 1124 videt
518 1069 582 1122 ad
612 1082 814 1138 petram
849 1082 1039 1134 magno
1067 1066 1265 1133 impetu
1290 1063 1567 1134 disrumpi,
1591 1076 1653 1114 ac
1682 1062 1922 1127 protinus

349 1160 399 1212 in
438 1173 682 1226 spumam
724 1157 857 1210 solvi
891 1174 904 1208 :
936 1158 1005 1207 ita
1038 1164 1091 1208 et
1131 1156 1221 1223 qui
1268 1153 1451 1208 virtuti
1480 1152 1568 1205 dat
1611 1163 1825 1218 operam
1867 1148 1921 1201 in

350 1265 540 1305 securo
568 1250 888 1304 constitutus
928 1248 1067 1311 loco,
1117 1244 1251 1299 nihil
1292 1244 1508 1298 insuave
1545 1242 1645 1296 fert
1691 1256 1721 1293 a
1762 1241 1924 1293 rebus

351 1341 688 1403 turbulentis,
716 1340 809 1394 sed
845 1338 1159 1407 tranqniilus
1199 1336 1377 1389 animo
1418 1344 1475 1388 et
1513 1333 1724 1403 quietus
1750 1330 1920 1396 sedet,

351 1431 699 1499 intelligitque
738 1443 825 1482 res
851 1428 1008 1494 hujus
1035 1426 1157 1481 vita:
1182 1425 1310 1479 nihil
1344 1424 1557 1478 dill'erre
1591 1423 1658 1475 ab
1686 1421 1923 1475 amnium

352 1522 583 1581 liuentis,
610 1527 794 1585 utpote
823 1533 941 1587 qua;
961 1526 1065 1569 tam
1089 1516 1274 1584 rapido
1293 1530 1450 1569 cursu
1475 1520 1761 1567 transeant.
1790 1510 1923 1564 Nam

351 1613 489 1665 sicut
515 1612 693 1665 videre
721 1611 842 1663 licet
870 1610 1032 1662 maris
1050 1608 1240 1662 ﬂuctus
1269 1621 1411 1660 nunc
1438 1604 1650 1669 quidem
1680 1603 1732 1656 in
1759 1602 1923 1655 altum

354 1702 559 1767 extolli,
592 1718 711 1754 mox
740 1708 917 1753 autem
945 1698 1170 1767 deprimi
1198 1716 1211 1752 :
1235 1697 1307 1750 ita
1344 1705 1400 1750 et
1435 1694 1695 1755 videmus,
1714 1707 1810 1745 eos
1835 1689 1927 1758 qui

357 1793 606 1845 virtutem
634 1797 1000 1851 contemnunt,
1029 1797 1081 1841 et
1111 1787 1358 1855 nequitiu-
1374 1785 1502 1839 dant
1526 1798 1763 1852 operam,
1786 1795 1927 1834 nunc

352 1882 563 1950 quidem
588 1879 815 1934 sublime
839 1894 1050 1947 sapere,
1088 1887 1141 1930 et
1161 1875 1438 1944 supercilia
1466 1875 1741 1936 extollere,
1768 1880 1926 1940 atque

356 1972 509 2037 hujus
539 1970 657 2022 vitae
697 1968 841 2021 curis
885 1968 1120 2021 intentos
1149 1981 1289 2031 esse,
1336 1966 1511 2018 subito
1538 1973 1714 2017 autem
1745 1960 1923 2027 dejici,

352 2069 408 2112 et
432 2059 496 2111 ad
527 2067 824 2111 extremam
852 2056 1037 2110 venire
1084 2057 1334 2123 in0piam.
1378 2054 1522 2119 Quos
1551 2053 1735 2106 beatus
1763 2051 1923 2104 David

354 2147 711 2211 tubiudicans,
754 2146 1009 2199 dicebat:
1044 2143 1127 2197 Ne
1171 2144 1393 2197 (intueris
1426 2160 1539 2196 cum
1581 2143 1716 2194 dives
1758 2145 1926 2210 factus

356 2238 507 2306 fuerit
535 2236 705 2301 homo,
746 2235 825 2288 rei
868 2251 984 2287 cum
1023 2233 1357 2302 multiplicata
1381 2233 1529 2301 fuerit
1555 2232 1719 2300 gloria
1747 2231 1926 2284 domus

354 2329 502 2395 ejus:
525 2327 644 2396 quia
680 2342 794 2379 cum
826 2326 1069 2378 interierit
1098 2341 1199 2377 non
1225 2333 1386 2377 sumet
1430 2323 1598 2375 omnia
1628 2320 1800 2391 (Pani.
1834 2321 1924 2376 48.

358 2417 472 2487 l7).
513 2418 580 2470 Et
619 2417 753 2470 bene
798 2417 951 2481 dixit,
992 2415 1077 2468 Ne
1114 2415 1360 2468 timueris.
1410 2414 1489 2467 No
1531 2423 1582 2467 te
1622 2413 1926 2479 conturbet,

356 2505 533 2560 dicere
562 2507 694 2572 vult,
716 2506 895 2559 divitis
909 2504 1228 2557 abundantia
1249 2512 1303 2557 et
1329 2503 1507 2572 gloria:
1536 2502 1807 2571 splendor.
1841 2501 1930 2556 Vi-

356 2594 508 2649 debis
536 2595 676 2649 enim
728 2610 832 2648 non
863 2594 1032 2648 multo
1060 2602 1179 2662 post
1206 2593 1351 2647 humi
1374 2592 1660 2662 jacenlem,
1702 2600 1755 2647 et
1794 2593 1927 2648 nihil

355 2685 566 2754 operari
615 2684 909 2750 valentem,
966 2694 1231 2739 mortuum
1280 2684 1504 2737 cadaver
1564 2683 1828 2740 vermibus
1876 2684 1928 2738 in

358 2778 503 2832 cibos
530 2776 818 2847 objecttnn,
862 2776 1168 2847 nudumque
1207 2776 1293 2830 his
1322 2776 1567 2829 omnibus
1594 2775 1812 2838 factum,
1841 2774 1932 2844 qui

360 2868 489 2922 nihil
518 2869 705 2921 horum
747 2870 965 2921 omnino
990 2882 1171 2921 secum
1198 2865 1410 2921 auferre
1440 2866 1688 2936 potuerit,
1720 2865 1814 2919 sed
1846 2865 1932 2919 hic

363 2960 532 3012 omnia
577 2959 871 3027 reliquerit.
912 2956 992 3012 Ne
1029 2958 1185 3025 igitur
1224 2957 1413 3010 anxius
1448 2956 1524 3010 sis
1569 2971 1688 3010 cunt
1736 2954 1933 3009 videris

359 3048 638 3119 praesentia
672 3065 686 3101 :
716 3064 888 3117 neque
930 3047 1145 3102 beatum
1182 3047 1330 3099 dicas
1357 3062 1478 3100 eum
1508 3047 1596 3117 qui
1625 3053 1745 3116 post
1773 3046 1932 3100 breve

362 3150 568 3209 tempus
596 3141 663 3195 ab
706 3141 789 3195 his
816 3139 1064 3193 oumibus
1094 3140 1430 3193 destituetur.
1473 3138 1745 3207 Ejusmodi
1789 3139 1931 3191 enim

363 3241 444 3286 est
465 3246 696 3299 praesens
720 3233 958 3296 felicitas,
982 3242 1034 3286 et
1060 3232 1357 3284 divitiarum
1389 3241 1592 3295 natura,
1623 3239 1678 3283 ut
1702 3247 1806 3284 non
1832 3246 1933 3285 una

366 3325 748 3391 commigrent,
809 3337 931 3376 cum
976 3322 1102 3377 hinc
1150 3323 1308 3377 fuerit
1360 3322 1679 3375 abeundum.
1736 3321 1934 3376 Divites

362 3420 504 3470 enim
537 3415 619 3469 his
646 3416 891 3469 omnibus
916 3415 1136 3477 relictis,
1169 3416 1294 3468 nudi
1321 3414 1444 3469 hinc
1470 3414 1784 3476 abscedunt,
1823 3425 1936 3467 tan-

370 3516 480 3561 tum
503 3506 704 3559 malitia
738 3507 933 3567 vestiti,
963 3515 1017 3559 et
1043 3517 1376 3573 peccatorum
1402 3506 1654 3559 oneribus
1681 3506 1801 3559 inde
1827 3504 1936 3558 cul-

366 3598 535 3650 lectis.
577 3599 646 3649 At
678 3597 832 3665 longe
863 3610 1017 3649 secus
1057 3595 1213 3649 habet
1242 3598 1426 3661 virtus,
1454 3611 1574 3663 qua:
1615 3596 1700 3649 hic
1728 3610 1936 3665 quoque

371 3689 697 3757 potentiores
726 3686 1156 3751 insidiatoribus,
1204 3694 1256 3738 et
1302 3685 1457 3754 plane
1499 3685 1721 3740 invictos
1766 3685 1937 3740 reddit

365 3793 513 3841 suos,
541 3776 950 3846 continuataque
970 3774 1171 3846 pnebet
1192 3776 1535 3844 voluptatem,
1564 3787 1613 3830 et
1647 3793 1713 3830 ne
1737 3776 1936 3831 sentire

366 3870 580 3937 quidem
623 3870 749 3923 sinit
782 3884 957 3922 rerum
1005 3869 1224 3921 istarum
1269 3868 1676 3936 inaequalitatem
1706 3886 1720 3922 :
1747 3865 1841 3921 sed
1883 3876 1937 3922 et

372 3959 500 4012 hinc
517 3959 904 4029 emigrantibus
933 3958 1181 4012 comitem
1210 3972 1270 4011 se
1303 3958 1467 4018 addit,
1496 3967 1550 4012 et
1586 3967 1707 4011 tunc
1735 3957 1939 4026 potissi-

370 4066 538 4114 mum,
563 4065 682 4102 cum
706 4050 821 4117 ejus
848 4048 1082 4103 subsidio
1106 4062 1343 4117 egemus.
1375 4049 1425 4100 in
1447 4047 1637 4116 dieque
1665 4047 1754 4101 illo
1781 4048 1937 4101 terri-

375 4139 461 4190 Inli
502 4152 747 4207 magnotu
794 4138 945 4191 nobis
982 4144 1191 4204 praestat
1237 4135 1513 4200 auxilium,
1546 4138 1758 4203 placatis
1789 4135 1940 4190 nobis

372 4226 571 4279 .ludicis
597 4227 804 4279 oculum
830 4243 844 4279 :
871 4236 925 4279 et
952 4226 1089 4280 sicut
1118 4225 1203 4279 hic
1226 4226 1293 4278 ab
1322 4224 1684 4293 ingruentibus
1714 4225 1940 4278 infortu-

377 4318 497 4378 niis,
542 4319 611 4369 ita
660 4326 714 4371 et
761 4317 811 4369 in
852 4316 1028 4370 futuro
1070 4332 1128 4371 se
1170 4317 1409 4369 colentes
1451 4331 1479 4367 a
1525 4316 1803 4369 tormentis
1841 4315 1943 4369 illis

374 4406 550 4475 eripit.
576 4406 756 4474 Neque
788 4408 888 4460 hoc
918 4408 1084 4459 solum
1114 4408 1240 4475 agit,
1278 4406 1369 4459 sed
1406 4418 1453 4459 et
1484 4404 1762 4459 ineffabilia
1789 4405 1943 4460 nobis

376 4496 534 4557 bona,
570 4496 759 4563 quibus
788 4495 1337 4561 fruamurhconciliat.
1379 4496 1441 4548 Et
1468 4504 1523 4547 ut
1548 4497 1685 4549 scias
1722 4495 1835 4548 haec
1872 4495 1943 4548 ita

374 4600 491 4639 sese
526 4586 743 4650 habere,
772 4601 941 4654 neque
972 4600 1067 4638 nos
1099 4587 1148 4638 in
1178 4601 1367 4638 vanum
1399 4594 1452 4639 ct
1485 4585 1675 4639 frustra
1703 4585 1768 4639 ad
1795 4586 1938 4639 blatr

375 4674 623 4727 diendum
667 4674 750 4727 bis
798 4676 974 4728 verbis
1021 4676 1091 4727 uti
1120 4700 1133 4728 .
1158 4676 1370 4729 tentaho
1425 4691 1564 4728 nunc
1600 4692 1669 4728 ex
1709 4676 1789 4729 bis
1827 4692 1946 4745 qua:

380 4767 643 4833 proposita
695 4776 819 4820 sunt
871 4766 1078 4819 caritati
1127 4777 1314 4818 vestra:
1362 4765 1410 4817 id
1466 4766 1767 4820 ostendere.
1820 4767 1947 4822 Vide

378 4856 521 4908 enim
560 4857 825 4922 quomodo
865 4858 1208 4910 admirandus
1239 4858 1327 4909 ille
1359 4857 1456 4921 vir,
1502 4857 1614 4912 Noe
1642 4859 1780 4920 dico.
1831 4858 1948 4913 uni.

378 4959 534 4998 verso
566 4944 834 4997 hominum
856 4960 1048 5014 genere
1073 4949 1326 5002 adversus
1352 4950 1694 5017 semetipsum
1720 4952 1953 5007 clemen-

380 5037 509 5091 tiam
540 5034 745 5087 Domini
770 5035 835 5087 ad
863 5036 1183 5094 iracundiam
1210 5052 1528 5106 provocante
1553 5042 1691 5107 :ille,
1713 5043 1946 5110 inquam,

374 5128 525 5181 solus
565 5141 662 5180 sua
705 5127 900 5178 virtute
946 5132 1109 5195 potuit
1152 5141 1205 5182 et
1249 5130 1619 5200 indignationis
1662 5135 1949 5201 periculum

381 5218 636 5287 effugere,
672 5225 727 5269 et
776 5231 1015 5285 magnam
1061 5219 1151 5273 Dei
1182 5220 1601 5275 benevolentiam
1644 5224 1743 5277 sibi
1769 5227 1950 5279 conci-

388 5308 536 5361 liare.
562 5309 660 5371 Ac,
689 5306 733 5358 si
766 5307 956 5374 placet,
985 5307 1261 5375 loquamur
1290 5310 1357 5364 de
1393 5311 1456 5365 iis
1480 5327 1597 5380 qua:
1624 5314 1674 5365 in
1708 5312 1955 5381 praesenti

385 5399 492 5451 vita
531 5399 801 5452 eveniunt.
846 5398 985 5453 Sunt
1025 5400 1167 5453 enim
1199 5399 1437 5456 fortassis
1485 5405 1641 5472 aliqui
1674 5404 1862 5461 futuris
1897 5416 1952 5462 et

379 5487 744 5541 invisibilibus
776 5503 960 5557 parum
1001 5489 1302 5544 credentes.
1359 5490 1636 5548 Videamus
1676 5494 1851 5564 itaque
1887 5510 1952 5550 ex

386 5575 452 5628 iis
478 5590 597 5644 qua:
624 5576 709 5627 hic
734 5578 1005 5641 eveniunt,
1038 5579 1210 5647 qualia
1233 5581 1543 5649 contingunt
1575 5582 1639 5635 iis
1657 5585 1743 5650 qui
1775 5588 1957 5651 nequi-

383 5666 470 5717 tia:
500 5678 559 5718 se
588 5663 803 5732 dedunt,
833 5677 887 5722 et
907 5670 1078 5737 qualia
1111 5670 1302 5739 accipit
1326 5672 1371 5727 is
1395 5675 1483 5744 qui
1514 5675 1759 5731 virtutem
1786 5690 1953 5735 secta-

1348 324 1411 378 ΙΝ
1448 323 1582 377 CAP
1644 318 1727 371 Vl.
1758 311 1998 373 GENES.
2042 311 2269 368 ιιωιιι..
2312 315 2495 370 ΧΧΠΙ.

3505 330 3607 387 193

2036 432 2137 478 tur.
2181 426 2461 495 Postquam
2503 429 2643 482 enim
2681 427 2850 483 bonus
2894 431 3029 486 Dens
3073 434 3141 489 ob
3179 436 3364 508 ingens
3389 444 3606 511 malitia!

2024 528 2367 586 augmentum
2410 521 2727 576 sententiam
2774 524 2891 577 tulit
2928 540 3050 581 esse
3104 527 3391 584 humanum
3436 549 3604 603 genus

2027 607 2313 662 universali
2353 609 2586 677 pernicie
2615 612 2962 679 puniendum,
2990 625 3044 670 et
3071 616 3209 671 dixit
3237 637 3251 673 :
3284 620 3471 677 Delebo
3510 628 3603 677 lm-

2026 696 2211 749 ntinem
2233 714 2378 765 quem
2407 699 2524 767 feci,
2547 716 2580 751 a
2601 700 2728 767 facie
2751 712 2898 755 terra:
2920 721 2939 757 :
2958 715 3010 758 et
3040 718 3341 766 monstrans
3365 713 3603 782 indignu-

2026 786 2185 840 tionis
2238 801 2348 839 suae
2403 789 2858 857 magnitudinem,
2916 810 3020 847 non
3070 808 3252 851 contra
3310 803 3599 858 humanum

2026 874 2303 929 dumtaxat
2341 892 2508 944 genus
2551 881 2872 933 sententiam
2916 886 3154 950 protulit,
3201 890 3295 943 sed
3323 900 3381 945 ct
3416 908 3603 949 eontra

2025 966 2203 1018 omnia
2228 966 2490 1033 iumenta,
2538 977 2593 1022 et
2630 970 2856 1037 reptilia,
2902 982 2957 1025 et
3000 974 3229 1031 volatilia
3259 995 3273 1030 :
3301 995 3419 1034 cum
3461 986 3603 1037 enim

2026 1055 2246 1141 perituri
2277 1065 2331 1109 et
2352 1056 2724 1126 submergendi
2756 1060 2999 1117 homines
3016 1079 3214 1131 essent,
3239 1082 3452 1138 propter
3470 1089 3607 1141 quos

2030 1140 2145 1194 haec
2183 1141 2320 1195 facta
2365 1154 2510 1209 sunt,
2532 1146 2651 1213 jure
2694 1162 2759 1201 ac
2813 1151 3004 1203 merito
3042 1152 3132 1206 illa
3176 1172 3385 1225 quoque
3429 1140 3601 1229 pinna:

2024 1232 2295 1283 consortio
2329 1234 2473 1299 paria
2507 1233 2694 1290 fuere:
2729 1237 2885 1306 igitur
2928 1254 3047 1293 cum
3076 1246 3339 1300 sententia
3368 1252 3602 1306 nondum

2028 1322 2284 1388 prtefiuita
2325 1333 2487 1388 esset,
2543 1340 2646 1394 qua
2686 1327 2776 1381 alii
2830 1330 2897 1381 ab
2935 1331 3053 1385 aliis
3096 1347 3519 1405 secernerentur,
3551 1354 3607 1397 ut

2025 1411 2200 1464 discas
2224 1428 2380 1481 quam
2408 1429 2515 1467 non
2542 1416 2610 1468 sit
2650 1431 2994 1485 personarum
3025 1434 3274 1492 acceptor
3312 1426 3471 1500 Deus,
3512 1433 3608 1486 sed

2028 1499 2080 1552 in
2106 1500 2265 1553 corda
2293 1514 2471 1555 nostra
2505 1503 2807 1572 ingrediens
2832 1508 3036 1563 nullum
3060 1512 3335 1583 deSpiciat,
3367 1532 3418 1573 et
3446 1499 3487 1572 si
3523 1525 3604 1578 vel

2036 1606 2251 1657 parvam
2277 1593 2561 1660 quamdam
2588 1598 2919 1651 occasionem
2956 1616 3053 1654 nos
3078 1605 3378 1672 aﬂeratttus,
3421 1612 3606 1665 ineffa-

2006 1680 2187 1741 bilem
2214 1697 2361 1735 suam
2395 1682 2630 1737 declaret
2650 1687 3088 1756 misericordiam,
3121 1695 3287 1764 iuqttit
3311 1700 3603 1771 Scriptura,

2030 1780 2195 1861 utne
2226 1779 2392 1825 totum
2433 1787 2605 1842 genus
2651 1774 2939 1832 humanum
2982 1781 3296 1840 abolendum
3337 1800 3607 1861 putemus,

2027 1860 2119 1913 sed
2150 1862 2400 1928 sciamus,
2448 1863 2619 1931 ipsum
2662 1882 2755 1933 per
2792 1885 2942 1923 suam
2976 1872 3262 1930 bonitatem
3306 1881 3609 1953 relinquere

2027 1953 2310 2005 scintillant
2359 1964 2413 2008 et
2456 1952 2688 2010 radicem
2732 1963 3014 2028 quamdam
3052 1967 3271 2034 salvam,
3322 1981 3379 2025 ut
3412 1952 3601 2031 iterum

2034 2044 2319 2099 humanum
2348 2063 2514 2116 genus
2543 2049 2595 2101 in
2642 2067 2889 2118 proceros
2918 2057 3128 2110 extendi
3176 2063 3343 2128 possit
3386 2079 3602 2122 ramos:

2031 2136 2166 2205 Nae,
2195 2138 2385 2208 inquit,
2417 2140 2603 2194 invenit
2630 2145 2846 2212 gratiam
2870 2162 3039 2200 coram
3066 2148 3189 2205 Deo.

2098 2228 2151 2280 2.
2198 2229 2326 2285 Vide
2353 2230 2641 2300 Scriptura:
2666 2234 3015 2305 diligentiam,
3048 2245 3315 2309 quomodo
3348 2262 3415 2302 ne
3439 2252 3600 2319 sylla-

2030 2317 2149 2409 bam
2170 2319 2383 2387 quidem
2407 2338 2563 2375 unam
2590 2325 2827 2380 inutilem
2851 2330 3137 2386 contineat.
3168 2334 3299 2390 Nam
3330 2317 3607 2410 postquam

2029 2424 2129 2463 nos
2158 2412 2337 2465 docuit
2381 2416 2691 2482 gravitatem
2735 2421 2984 2487 nequitia:
3020 2420 3316 2493 hominum,
3357 2439 3411 2484 et
3436 2447 3607 2500 pinum

2033 2502 2451 2572 magnitudinem
2501 2506 2757 2575 improbis
2800 2509 3163 2579 inferendam,
3210 2519 3407 2575 iudicat
3455 2526 3609 2579 nobis

2034 2609 2155 2647 eum
2182 2596 2271 2663 qui
2310 2593 2362 2647 in
2395 2602 2535 2648 tanta
2569 2598 2906 2656 multitudine
2937 2607 3165 2671 potuerit
3201 2610 3461 2666 sinceram
3492 2630 3609 2669 ser-

2033 2699 2158 2737 Vare
2199 2685 2470 2738 virtutem.
2516 2685 2613 2740 Est
2649 2689 2791 2742 enim
2827 2692 2992 2746 virtus
3038 2697 3202 2750 etiam
3244 2714 3338 2768 per
3378 2704 3607 2772 seipsam

2033 2773 2377 2828 admirabilis.
2406 2773 2555 2842 Quod
2598 2777 2643 2829 si
2686 2779 2805 2846 quis
2833 2781 2972 2836 illam
3016 2786 3067 2838 in
3108 2790 3285 2844 medio
3322 2797 3609 2861 prohiben-

2036 2867 2165 2919 tium
2209 2866 2380 2931 colat,
2434 2868 2603 2922 uiulto
2655 2873 3099 2931 admirabiliorem
3147 2881 3312 2949 ipsam
3352 2889 3604 2946 ostendit.

2036 2958 2324 3025 Propterea
2360 2960 2536 3012 divina
2567 2960 2838 3029 Scriptura
2880 2968 3027 3032 quasi
3055 2969 3366 3027 admirando
3407 2978 3607 3045 justum

2034 3049 2162 3103 dicit
2185 3051 2251 3103 de
2281 3051 2393 3117 illo,
2424 3053 2473 3104 in
2497 3052 2673 3107 medio
2703 3054 2913 3109 illorum
2942 3060 3030 3127 qui
3070 3061 3485 3133 indignationem
3517 3073 3609 3128 Dei

2036 3142 2306 3207 esperturi
2347 3153 2501 3196 erant
2535 3154 2798 3209 versante,
2834 3146 2949 3203 Noe
2981 3161 3145 3206 autem
3190 3161 3374 3212 invenit
3396 3165 3611 3231 gratiam

2014 3278 2019 3281 .
2043 3249 2212 3285 coram
2243 3232 2458 3299 Domino
2478 3233 2603 3287 Dea.
2630 3234 2830 3291 Invenit
2854 3242 3089 3310 gratiam,
3113 3248 3223 3311 sed,
3252 3249 3433 3304 Coram
3460 3253 3566 3309 Deo
3593 3272 3611 3312 :

2046 3340 2154 3377 non
2186 3324 2518 3393 simpliciter,
2548 3324 2748 3381 Invenit
2779 3332 3013 3400 gratiam,
3042 3336 3155 3401 sed,
3184 3338 3369 3394 Coram
3397 3343 3613 3401 Domino

2041 3414 2148 3467 Deo
2176 3430 2194 3467 :
2216 3422 2271 3467 ut
2296 3429 2393 3467 nos
2440 3415 2648 3481 doceat,
2680 3419 2849 3487 ipsum
2876 3438 3037 3476 unum
3076 3426 3324 3484 habuisse
3368 3448 3609 3504 scopum,

1999 3574 2011 3585 .
2040 3518 2098 3559 ut
2132 3506 2200 3559 ab
2238 3505 2329 3558 illo
2368 3506 2522 3559 oculo
2549 3507 2874 3574 laudaretur,
2908 3516 2995 3583 qui
3022 3517 3310 3573 dormitare
3337 3526 3609 3596 sopiriqne

2040 3597 2246 3661 nescit,
2284 3595 2520 3664 nihilque
2571 3601 2841 3655 curavisse
2898 3604 3177 3660 humanam
3230 3613 3475 3680 gloriam,
3523 3595 3614 3673 vel

2041 3688 2404 3757 ignominiam,
2427 3691 2509 3744 vel
2540 3692 2857 3745 irrisioncm.
2878 3694 3176 3751 Verisimile
3204 3702 3342 3754 enim
3365 3714 3446 3758 est
3464 3722 3611 3774 eum,

2041 3794 2160 3832 cum
2194 3792 2386 3849 printer
2411 3798 2613 3837 morem
2644 3783 2879 3837 onmium
2911 3785 3157 3842 virtutem
3199 3792 3421 3859 coleret,
3452 3794 3617 3854 fuisse

2042 3872 2422 3925 subsannatum
2459 3884 2512 3928 et
2542 3874 2755 3928 irrisutn
2798 3878 2866 3929 ab
2908 3880 3154 3932 omnibus
3196 3886 3485 3954 nequitiam
3528 3906 3613 3947 se.

2040 3965 2328 4030 ctautibus,
2358 3966 2849 4034 quicousueverant
2880 3984 2973 4022 eos
2997 3972 3087 4040 qui
3119 3974 3257 4027 illam
3288 3980 3534 4045 vitarent,
3561 3992 3617 4038 et

2046 4056 2291 4109 virtutem
2333 4058 2787 4125 amplexarentur,
2837 4061 3097 4129 irridere;
3140 4066 3189 4118 id
3218 4071 3357 4135 quod
3387 4082 3440 4125 et
3477 4089 3617 4130 nunc

2042 4158 2187 4214 saepe
2232 4146 2343 4200 ﬁeri
2385 4147 2543 4201 solet.
2574 4148 2931 4218 Videmusque
2959 4168 3149 4223 segnes
3180 4161 3374 4215 inultos
3398 4166 3490 4232 qui
3535 4168 3619 4220 ri-

2045 4251 2161 4288 sum
2197 4248 2251 4290 et
2291 4238 2754 4293 subsannationem
2795 4240 2935 4296 ferre
2975 4259 3263 4313 nequeunt,
3300 4254 3392 4306 sed
3428 4257 3616 4322 praefe-

2046 4337 2172 4380 runt
2199 4329 2481 4383 humanam
2509 4330 2730 4397 gloriam
2758 4347 2900 4385 verte
2941 4342 2996 4386 et
3022 4335 3324 4405 immortali,
3367 4345 3619 4403 abstracti

2047 4427 2101 4471 et
2129 4416 2302 4471 allecti
2332 4418 2400 4471 ab
2427 4420 2651 4472 aliorum
2683 4419 2955 4477 hominum
3000 4427 3217 4480 malitia.
3246 4432 3448 4487 Animae
3473 4438 3615 4492 enim

2048 4509 2200 4561 fortis
2223 4520 2277 4561 et
2306 4511 2600 4562 constantis
2646 4520 2748 4575 est,
2791 4526 2949 4579 posse
2971 4514 3228 4571 obsistere
3262 4520 3325 4574 iis
3346 4525 3436 4591 qui
3470 4528 3620 4581 avel-

2048 4599 2159 4652 lere
2186 4599 2495 4662 moliuntur,
2526 4607 2579 4653 et
2607 4599 2734 4652 nihil
2757 4598 2932 4656 facere
2960 4614 3016 4657 ut
3044 4605 3348 4665 hominibus
3371 4614 3580 4681 placeat
3605 4636 3618 4671 :

2047 4689 2143 4743 sed
2167 4690 2377 4743 oculum
2407 4704 2560 4742 suum
2600 4690 2875 4745 intendere
2902 4692 2969 4747 ad
2998 4694 3146 4750 illum
3180 4699 3467 4770 iusopitnm
3494 4721 3623 4761 ocu-

2053 4781 2182 4846 lum,
2212 4789 2269 4835 et
2293 4781 2362 4834 ab
2390 4796 2453 4835 eo
2482 4782 2657 4836 solum
2691 4783 2913 4851 gloriam
2938 4799 3268 4857 exspectare,
3293 4778 3622 4864 istonnnque

2044 4872 2270 4941 gloriam
2314 4872 2607 4939 despicere,
2651 4874 2950 4943 uulliusque
2996 4876 3082 4944 pili
3125 4877 3298 4933 facere
3337 4882 3623 4940 humanum

2052 4960 2263 5015 laudem
2289 4960 2368 5014 vel
2399 4962 2659 5027 convicia,
2686 4961 2783 5016 sed
2812 4977 2873 5016 ea
2901 4966 3304 5030 praetermittere
3327 4980 3383 5023 ttt
3411 4974 3625 5030 utnbras

2053 5061 2109 5105 et
2143 5052 2373 5105 somnia.
2396 5051 2513 5105 Jam
2543 5052 2631 5106 hic
2670 5066 2814 5121 strpe
2839 5054 2989 5107 multi
3018 5069 3122 5109 non
3156 5055 3384 5114 ferentes
3407 5060 3627 5131 injurias

2053 5139 2237 5194 decem
2278 5149 2370 5193 aut
2406 5141 2590 5209 viginti
2637 5142 2933 5209 hominum,
2977 5144 3062 5198 vel
3106 5148 3264 5201 etiam
3294 5154 3624 5222 pauciorum,

2052 5231 2372 5298 snpplautati
2399 5240 2524 5284 sunt
2544 5241 2598 5284 et
2625 5243 2962 5286 corruerunt.
2991 5233 3082 5287 Est
3114 5237 3246 5291 enim
3269 5245 3503 5312 confusio
3530 5252 3628 5303 dn-

2053 5337 2170 5375 cens
2211 5322 2265 5374 in
2303 5331 2559 5390 peccatum
2587 5321 2774 5381 (Eccti.
2817 5324 2872 5376 4.
2910 5322 3026 5392 25).
3071 5325 3253 5396 Neque
3290 5346 3508 5399 parvum
3549 5345 3629 5391 est

2055 5410 2333 5479 despicere
2355 5410 2640 5463 irridentes
2666 5422 2720 5464 et
2744 5414 3128 5479 exprobrantes
3154 5428 3208 5471 et
3235 5419 3434 5476 salibus
3460 5426 3631 5478 inces-

2057 5512 2284 5556 sentes:
2316 5514 2370 5553 at
2408 5500 2583 5568 justus
2622 5502 2710 5556 ille
2762 5519 2867 5556 non
2915 5507 3037 5559 talis
3088 5517 3220 5561 erat.
3266 5510 3446 5581 Neque
3488 5516 3629 5568 enim

2061 5602 2264 5646 tantum
2295 5592 2478 5647 decem
2510 5600 2563 5646 ct
2609 5593 2789 5659 viginti
2818 5605 2873 5648 ct
2899 5608 3110 5650 centum
3144 5598 3405 5667 homines,
3447 5604 3538 5656 sed
3577 5617 3627 5659 et

2060 5699 2274 5740 omnem
2308 5684 2579 5738 hominum
2601 5693 2865 5751 naturam,
2892 5696 2944 5740 et
2967 5695 3045 5741 tot
3070 5690 3336 5759 tnyriadas
3361 5691 3624 5761 despesit.
