4066 6140
481 353 585 406 [99

481 460 783 517 Verisimile
807 457 948 512 enim
981 461 1062 508 est
1091 466 1278 506 omnes
1321 449 1442 503 Illos
1495 447 1698 512 risisse,
1728 444 2049 508 traduxisse,

479 549 910 610 subsannavisse,
951 542 1305 598 debacchatos
1343 553 1483 604 esse,
1526 552 1589 591 ac
1613 535 1751 590 forte
1785 535 1966 596 etiam,
2008 535 2053 588 si

481 639 730 710 possibile
773 635 980 698 fuisset,
1030 632 1322 687 dilacerare
1349 628 1601 682 voluisse.
1643 625 1867 693 Semper
1907 623 2054 678 enim

479 739 663 784 contra
713 729 959 780 virtutem
1005 722 1199 776 insanit
1252 719 1449 774 malitia
1481 737 1496 773 :
1527 717 1669 786 atqui
1718 730 1825 769 non
1880 715 2052 768 solum

481 820 609 873 nihil
638 819 709 871 illi
751 823 928 880 nocet,
973 813 1065 868 sed
1106 821 1160 866 ct
1201 809 1499 864 infestando
1541 806 1814 860 fortiorem
1860 803 2054 858 reddit.

481 909 710 964 Tantum
735 906 878 960 enim
919 903 1128 957 virtutis
1157 910 1239 954 est
1265 900 1445 962 robur,
1482 906 1537 951 ut
1569 894 1817 964 patiendo
1842 901 2056 963 superet

479 1017 576 1054 eos
603 1000 690 1068 qui
720 997 986 1064 negotium
1033 994 1132 1048 sibi
1172 992 1390 1051 faciant,
1440 999 1494 1042 et
1531 1003 1650 1042 cum
1695 987 2054 1054 impugnatur,

483 1091 724 1144 hostibus
755 1088 844 1141 tiat
867 1085 1154 1156 potentior.
1191 1085 1360 1150 Atque
1406 1080 1458 1134 id
1509 1081 1560 1133 in
1588 1078 1768 1132 multis
1795 1075 2054 1130 videmus.

481 1182 747 1234 Cancrum
775 1186 831 1230 ut
868 1177 1015 1228 vobis
1044 1174 1354 1227 occasiones
1377 1171 1707 1239 przebeamns
1733 1186 1745 1221 :
1779 1167 1858 1220 Da
1885 1167 2052 1231 enim,

485 1273 676 1341 iuqttit,
709 1269 921 1338 sapienti
949 1267 1276 1326 occasionem,
1310 1275 1355 1316 et
1383 1263 1653 1330 sapientior
1680 1263 1770 1314 erit
1803 1259 1979 1328 (Prov.
2001 1259 2055 1313 9.

485 1363 580 1432 9):
613 1374 788 1428 opera:
833 1357 1060 1425 pretium
1104 1355 1258 1406 fuerit
1297 1362 1350 1406 et
1387 1369 1449 1406 ex
1500 1351 1692 1415 Veteri,
1737 1364 1789 1404 et
1817 1366 1883 1403 ex
1913 1349 2062 1403 Novo

486 1453 830 1507 Testamento
867 1446 1153 1514 Scriptura:
1194 1444 1343 1496 vobis
1371 1443 1558 1496 afferre
1587 1443 1847 1510 exempla.
1875 1440 2058 1508 Itaque

485 1539 936 1611 cogita,’obscrro
984 1547 1061 1599 te,
1102 1534 1230 1588 Abel
1261 1549 1432 1588 nonne
1472 1533 1678 1585 occisus
1723 1541 1803 1583 est
1852 1547 1879 1582 ιι
1929 1531 2056 1584 Cain

491 1631 643 1703 (Cen.
675 1629 768 1698 4)?
812 1642 989 1680 nonne
1035 1625 1178 1678 humi
1218 1623 1553 1692 prostratus?
1593 1622 1696 1676 Sed
1742 1637 1809 1675 ne
1848 1631 2060 1690 spectes

484 1720 624 1790 quod
673 1717 1027 1790 prmvaluerit,
1072 1714 1434 1781 occideritque
1477 1728 1594 1766 eum
1639 1713 1721 1766 cui
1771 1712 2058 1776 invidebat,

486 1807 614 1861 nihil
641 1808 707 1860 ab
737 1807 828 1858 illo
851 1806 1042 1865 liesus;
1073 1803 1166 1857 sed
1204 1803 1478 1870 sequentia
1511 1801 1754 1870 expende
1785 1819 1798 1854 :
1829 1810 1886 1853 ιιι
1913 1800 2056 1853 scili-

485 1908 570 1950 cet
600 1896 808 1949 occisus
849 1895 939 1948 ille
979 1895 1044 1946 ad
1087 1894 1189 1946 hoc
1232 1907 1397 1960 usque
1439 1901 1646 1959 tempus
1675 1891 1989 1958 pratdicetur
2007 1899 2060 1945 et

484 1997 794 2051 corum-tur,
826 2000 923 2038 nec
947 1992 1147 2037 tantmn
1173 1991 1379 2050 tempus
1402 1982 1516 2047 ejus
1545 1983 1852 2035 memoriam
1882 1981 2061 2034 immi-

486 2084 646 2141 nuat;
687 2083 742 2127 at
778 2074 864 2142 qui
893 2074 1087 2128 occidit
1135 2081 1188 2126 et
1219 2071 1517 2140 prawaluit,
1554 2071 1712 2124 etiam
1737 2079 1861 2124 tunc
1897 2071 2058 2123 vitam

486 2177 656 2221 morte
708 2167 1006 2236 graviorem
1055 2165 1396 2227 sustinuerit,
1441 2171 1597 2232 atque
1626 2179 1690 2218 ex
1727 2179 1793 2217 eo
1825 2173 2060 2230 tempore

486 2273 653 2326 usque
680 2258 730 2309 in
764 2256 1076 2310 hodiernum
1119 2254 1423 2316 infametur,
1457 2263 1511 2307 et
1535 2253 1783 2306 omnibus
1809 2266 2057 2306 exsecra-

487 2348 617 2399 tioni
659 2348 934 2408 habeatur,
965 2361 1084 2399 cum
1128 2345 1216 2399 ille
1255 2343 1492 2413 quotidie
1521 2344 1758 2395 omnium
1784 2356 1877 2395 ore
1915 2342 2057 2408 cele-

488 2440 690 2494 bretur.
722 2439 785 2491 Et
825 2437 941 2490 hare
967 2437 1176 2506 quidem
1207 2437 1257 2488 in
1286 2435 1536 2504 prmsenti
1561 2436 1666 2487 vita
1694 2449 1848 2501 :quae
1877 2442 2057 2486 autem

487 2527 542 2580 in
579 2527 754 2579 futuro
779 2526 975 2580 saeculo
1005 2525 1332 2593 contingent,
1365 2525 1482 2592 quis
1511 2538 1708 2586 sermo,
1748 2538 1866 2591 qua:
1905 2536 2058 2577 mens

485 2631 738 2670 enarrare
768 2617 986 2685 posset?
1011 2618 1084 2668 Ac
1112 2616 1225 2668 scio
1245 2613 1455 2682 quidem
1493 2629 1606 2675 vos,
1637 2623 1819 2681 utpote
1849 2613 2060 2666 intelle-

485 2715 573 2760 ctu
605 2707 874 2775 przeditos,
919 2706 1082 2758 multa
1111 2705 1232 2758 talia
1263 2706 1317 2757 in
1349 2703 1636 2772 Scripturis
1676 2711 1926 2758 contenta
1969 2719 2060 2758 rc-

487 2808 733 2866 perturos
775 2810 912 2850 esse.
965 2795 1093 2849 Nam
1142 2795 1242 2849 illa:
1284 2794 1380 2849 hac
1409 2795 1475 2848 de
1523 2810 1678 2848 causa
1730 2796 1780 2848 in
1824 2804 2058 2850 nostram

485 2886 766 2940 utilitatem
815 2893 937 2938 sunt
977 2886 1210 2954 scriptae,
1253 2893 1311 2937 ut
1341 2885 1453 2938 hinc
1485 2883 1770 2950 discentes,
1800 2886 2056 2938 malitiam

486 2979 745 3046 fugiamus
774 2978 1126 3044 virtutemque
1154 2976 1410 3028 colamus.
1431 2975 1523 3028 Vis
1549 2987 1601 3028 et
1630 2976 1679 3028 in
1701 2975 1849 3029 Novo
1877 2976 2061 3030 Testa-

490 3078 672 3120 mento
715 3067 938 3134 idipsum
998 3065 1214 3119 videre?
1257 3065 1386 3118 Audi
1429 3065 1641 3119 beatum
1685 3065 1878 3121 Lucam
1922 3068 2057 3122 istud

486 3157 658 3224 ipsum
701 3157 768 3210 de
793 3157 1048 3223 apostolis
1073 3166 1396 3216 narrantem,
1430 3156 1517 3223 qui
1548 3156 1792 3225 llagcllati
1823 3173 1852 3211 a
1880 3159 2061 3213 conci-

487 3247 557 3298 lio
601 3245 961 3298 discesserunt
1007 3244 1318 3312 gaudentes,
1358 3261 1422 3307 eo
1464 3247 1601 3314 quod
1647 3246 1790 3316 digni
1837 3248 2061 3304 fuissent

487 3333 651 3387 habiti
693 3336 780 3402 qui
825 3350 920 3402 pro
965 3334 1178 3388 nomine
1220 3332 1416 3388 Christi
1471 3337 1670 3389 ferrent
1720 3338 2058 3405 ignominiam

488 3425 622 3494 (τίει.
647 3424 701 3477 5.
733 3424 844 3492 41).
868 3424 1100 3478 Tametsi
1133 3422 1336 3494 ﬂagella
1367 3440 1468 3479 non
1491 3427 1665 3494 gaudii
1692 3429 1794 3481 sint
1822 3431 2060 3485 occasio-

488 3529 603 3580 nes,
645 3515 736 3568 sed
787 3515 1012 3568 tristitne
1053 3522 1108 3569 et
1145 3516 1389 3569 mteruris
1422 3533 1434 3568 :
1468 3517 1811 3571 nihilominus
1855 3520 2057 3588 ﬂagella

487 3615 704 3674 pmpter
736 3605 922 3668 Deum,
951 3614 1005 3658 et
1023 3620 1180 3658 causa
1214 3617 1598 3676 propterquam
1632 3608 2054 3678 ﬂagellabantur,

464 3695 734 3769 gaudium
759 3696 838 3750 eis
867 3697 1158 3764 pariebant.
1203 3698 1269 3749 At
1300 3697 1332 3750 ii
1363 3699 1448 3766 qui
1480 3699 1826 3768 llagellarant,
1857 3703 1907 3756 in
1942 3719 2056 3758 ma-

485 3804 587 3857 gna
628 3788 789 3841 animi
818 3788 1251 3842 consternatione
1288 3799 1343 3842 et
1390 3790 1717 3847 bassitatione
1748 3795 2058 3848 nesciebant

486 3881 613 3949 quid
652 3881 903 3934 facerent.
934 3879 1069 3933 Audi
1095 3881 1235 3933 enim
1264 3880 1402 3946 illos,
1434 3884 1702 3948 quomodo
1731 3895 1851 3953 post
1879 3883 2058 3953 ﬂagel-

487 3971 737 4023 lationem
778 3969 957 4022 animo
984 3969 1261 4032 lluctuent,
1301 3978 1357 4022 et
1394 3971 1614 4024 dicant:
1650 3972 1786 4037 Quid
1818 3975 2058 4044 faciemus

486 4060 769 4113 hominibus
798 4059 905 4112 istis
930 4057 1064 4127 (Act.
1097 4047 1148 4111 ι.
1185 4057 1310 4125 l6)?
1334 4058 1469 4122 Quid
1503 4059 1679 4114 dicis?
1708 4061 2054 4132 Flagellastis,

489 4149 782 4203 innumeris
826 4147 980 4200 malis
1023 4162 1116 4201 eos
1145 4147 1420 4212 all'ecistis,
1453 4158 1508 4202 et
1547 4150 1722 4205 adhuc
1765 4153 2058 4208 dubitatis?

485 4237 616 4291 Tam
657 4237 806 4289 fortis
842 4235 1141 4303 invictaque
1175 4251 1259 4290 res
1284 4244 1368 4292 est
1391 4239 1573 4305 virtus,
1603 4252 1654 4295 et
1683 4242 1806 4296 dum
1839 4247 2055 4314 patitur,

489 4331 740 4384 laedentes
766 4328 948 4381 vincit.

559 4422 614 4476 5.
655 4419 758 4474 Sed
801 4433 868 4473 ne
899 4417 1166 4488 prolixior
1187 4419 1257 4473 sit
1279 4435 1477 4485 sermo,
1508 4425 1865 4478 necessarium
1900 4425 2060 4482 fuerit

489 4521 546 4566 nt
566 4513 758 4566 iterum
787 4510 852 4564 ad
879 4511 1080 4580 justum
1107 4521 1345 4566 nostrum
1377 4513 1679 4581 redeamus,
1705 4527 1759 4570 et
1793 4531 1914 4571 cum
1941 4529 2060 4572 stu-

483 4616 614 4672 pore
639 4601 961 4654 admiremur
985 4602 1123 4654 illius
1153 4602 1358 4656 virtutis
1389 4605 1766 4671 praestantiam,
1790 4613 2059 4675 quomodo

486 4707 682 4763 nempe
711 4691 960 4761 populum
1001 4691 1285 4759 ridentem,
1314 4693 1695 4762 ludiﬁcantem,
1724 4699 2060 4756 subsannan-

487 4794 612 4849 tem,
648 4782 1010 4840 traducentem
1044 4781 1257 4852 (iterum
1281 4783 1422 4836 enim
1440 4784 1624 4838 eadem
1650 4785 1771 4840 dico
1795 4799 1850 4842 et
1875 4789 2056 4845 dicere

483 4889 590 4929 non
630 4869 873 4940 cessabo)
920 4870 1199 4938 despicere
1238 4877 1293 4922 et
1324 4884 1576 4939 superare
1617 4877 1868 4942 potuerit.
1913 4878 2058 4944 Quo-

490 4963 684 5017 modo?
727 4962 840 5032 Ego
869 4962 1065 5016 dicam.
1098 4960 1230 5024 Quia
1257 4961 1507 5014 continuo
1544 4962 1609 5016 ad
1637 4965 1848 5019 oculum
1886 4967 2054 5035 illum,

483 5055 573 5124 qui
602 5053 707 5106 falli
735 5052 1004 5121 sopirique
1032 5049 1233 5118 nequit,
1254 5061 1429 5103 mente
1456 5056 1708 5120 respexit,
1734 5065 1912 5123 postea
1941 5057 2058 5114 haec

485 5143 658 5197 omnia
687 5143 837 5210 quasi
861 5155 966 5194 non
989 5148 1169 5193 essent
1195 5139 1416 5193 curavit.
1447 5141 1507 5194 Et
1531 5144 1766 5211 profecto
1783 5145 1861 5198 sic
1887 5161 1945 5201 se
1972 5163 2059 5203 res

487 5234 666 5298 habet,
692 5242 748 5285 ut
770 5245 890 5285 cum
911 5231 1031 5300 quis
1057 5229 1157 5285 hoc
1175 5246 1356 5285 amore
1379 5233 1589 5287 saucius
1609 5243 1709 5300 est,
1735 5245 1788 5290 et
1817 5237 1868 5289 in
1893 5237 2058 5293 Deum

484 5323 752 5380 desiderio
773 5339 872 5379 suo
901 5323 1084 5389 tendit,
1117 5323 1247 5377 nihil
1275 5323 1556 5379 visibilium
1581 5325 1787 5391 videat;
1816 5329 1907 5383 sed
1941 5344 2055 5398 per-

487 5426 642 5484 petuo
672 5429 792 5467 cum
833 5430 989 5482 quem
1021 5414 1288 5469 desiderat
1315 5416 1647 5485 imaginetur,
1679 5428 1834 5473 nocte
1857 5420 2059 5474 scilicet

481 5518 643 5576 atque
681 5505 788 5570 die,
821 5506 1020 5559 cubans
1049 5515 1103 5560 et
1145 5521 1386 5575 surgens.
1428 5507 1503 5561 Ne
1532 5505 1691 5577 igitur
1729 5510 1918 5563 mirum
1965 5509 2058 5564 tibi

481 5599 570 5657 sit,
620 5596 664 5648 si
702 5604 754 5649 et
778 5597 952 5662 justus
981 5599 1066 5651 ilie
1103 5597 1267 5650 semel
1300 5613 1364 5650 eo
1395 5597 1564 5650 solum
1602 5599 1908 5666 rcSpit-icns,
1951 5615 2056 5655 non

483 5686 696 5740 iuravit
738 5693 834 5733 ωδ
853 5679 944 5750 qui
975 5682 1318 5750 supplantare
1351 5689 1518 5757 ipsum
1547 5691 1896 5744 conabantur.
1923 5691 2051 5748 Nam

1173 340 1232 394 s.
1272 333 1550 394 JOANNIS
1584 327 2059 389 CthYSOS'IOMl
2099 327 2418 386 ARCIIIEP.
2457 285 2994 386 consummet».

3631 329 3753 386 200

2163 443 2401 497 exhibito
2431 444 2612 497 studio
2638 459 2757 508 suo,
2789 452 2844 496 et
2881 442 3120 496 divinam
3161 440 3386 510 gratiam
3426 451 3632 505 nactus,
3661 443 3752 496 his

2161 531 2410 586 omnibus
2432 533 2679 600 superior
2705 541 2837 586 erat.
2873 531 2985 584 Noe
3005 532 3170 595 enim,
3201 531 3388 600 inquit,
3415 531 3601 584 inuenit
3627 548 3746 600 gra-

2164 624 2284 676 tiam
2308 639 2476 676 coram
2506 622 2724 676 Domino
2750 623 2880 676 Deo.
2913 622 3145 676 Tametsi
3167 623 3312 676 omni
3343 621 3632 676 hominum
3647 638 3747 692 ge-

2165 713 2298 777 neri,
2325 713 2467 782 quod
2498 721 2623 766 tunc
2662 724 2798 776 crat,
2844 728 2950 766 non
2979 721 3123 766 esset
3158 722 3364 780 gratus,
3393 728 3567 781 neque
3596 728 3748 767 ania-

2166 801 2307 866 bilis,
2337 816 2403 855 eo
2436 802 2575 871 quod
2605 802 2818 856 nolebat
2855 802 3098 856 eamdem
3129 803 3375 856 incedere
3403 804 3569 869 viam,
3584 819 3748 873 quam

2165 891 2236 944 illi
2269 907 2283 944 :
2312 892 2448 961 apud
2489 907 2609 946 eum
2655 901 2832 945 tamen
2888 893 2978 961 qui
3023 892 3183 945 corda
3233 901 3500 946 scrutatur
3547 893 3753 948 invenit

2164 983 2412 1053 gratiam,
2447 985 2536 1053 qui
2581 995 2635 1038 et
2675 985 2816 1039 illius
2859 995 3092 1038 mentem
3141 986 3472 1054 approbavit.
3527 987 3590 1039 Et
3619 984 3754 1054 quid

2163 1073 2366 1137 damni,
2394 1075 2502 1142 die,
2540 1076 2831 1141 oriebatur,
2855 1077 2996 1144 quod
3043 1091 3072 1128 a
3098 1076 3488 1144 congeneribus
3517 1076 3746 1129 subsan-

2165 1174 2382 1218 naretur
2406 1175 2460 1218 et
2505 1166 2818 1220 irrideretnr
2847 1184 2859 1218 :
2889 1181 3020 1220 cum
3043 1167 3087 1220 is
3128 1167 3219 1235 qui
3260 1166 3415 1219 ﬁnxit
3443 1175 3602 1220 cerua
3649 1181 3749 1218 no-

2164 1262 2296 1319 stra,
2351 1263 2406 1308 et
2454 1255 2704 1325 intelligit
2748 1256 2928 1310 omnia
2973 1270 3132 1324 opera
3181 1265 3386 1320 nostra,
3434 1255 3752 1324 przetlicaret

2166 1347 2313 1400 illum
2349 1356 2401 1401 ct
2429 1349 2752 1402 coronaret?
2778 1358 2832 1402 et
2858 1363 2975 1418 qua:
3002 1349 3202 1402 utilitas
3233 1347 3456 1410 homini,
3488 1349 3533 1401 si
3572 1349 3746 1415 ipsum

2168 1443 2309 1489 totus
2350 1437 2498 1489 orbis
2554 1436 2848 1490 admiretur
2897 1445 2952 1490 et
2995 1437 3205 1500 laudet;
3255 1435 3513 1490 Conditor
3565 1447 3744 1489 autem

2165 1529 2426 1591 omnium,
2460 1537 2512 1580 et
2539 1527 2708 1580 Judex
2755 1528 2842 1594 qui
2870 1528 3040 1596 decipi
3073 1528 3280 1596 nequit,
3308 1528 3359 1580 in
3391 1527 3477 1581 dic
3506 1527 3598 1581 illo
3635 1537 3746 1581 ter-

2166 1616 2302 1669 ribili
2348 1618 2800 1670 condemnaturus
2845 1617 2946 1670 sit?
2989 1619 3188 1686 Itaque,
3221 1617 3416 1681 dilecti,
3467 1633 3587 1670 cum
3632 1617 3748 1671 hare

2166 1707 2318 1760 nobis
2361 1716 2634 1776 comperta
2679 1708 2808 1773 sint,
2835 1708 3033 1761 nullius
3067 1708 3216 1777 pensi
3245 1708 3538 1762 habeamus
3569 1709 3745 1762 homi-

2167 1813 2290 1850 num
2339 1798 2572 1863 laudem,
2607 1813 2781 1867 neque
2809 1800 2876 1853 ab
2921 1801 3024 1852 illis
3051 1801 3311 1854 celebrari
3349 1802 3537 1870 quovis
3585 1802 3749 1854 modo

2164 1888 2628 1956 quceramuszscd
2675 1901 2892 1960 propter
2931 1892 3077 1944 illum
3127 1892 3298 1944 solum
3342 1893 3431 1960 qui
3479 1901 3747 1946 scrutatur

2164 1978 2324 2031 corda
2377 1983 2431 2032 et
2469 1994 2648 2047 renes,
2689 1981 2901 2034 virtutis
2930 1995 3091 2049 Opera
3132 1981 3405 2047 faciamus,
3447 1992 3501 2036 et
3529 1992 3750 2050 peccata

2165 2066 2445 2136 fugiamus.

2233 2157 2465 2210 Laudari
2508 2158 2824 2214 Christianus
2867 2161 2929 2214 ab
2954 2160 3183 2214 omnibus
3233 2162 3418 2230 nequit.
3445 2191 3516 2201 -—
3548 2161 3749 2226 Quam—

2163 2251 2346 2304 obrem
2381 2251 2624 2306 Christus
2649 2251 2898 2307 erudiens
2935 2268 3035 2306 nos
3058 2261 3114 2306 ut
3145 2269 3209 2306 ne
3259 2253 3535 2321 captandis
3568 2254 3747 2307 homi-

2165 2360 2291 2397 num
2335 2345 2580 2398 laudibus
2612 2345 2897 2409 inhicmns,
2945 2354 3065 2414 post
3109 2346 3272 2398 multa
3301 2345 3402 2398 alia
3448 2345 3660 2400 tandem
3691 2354 3750 2400 et

2165 2435 2265 2490 hoc
2305 2435 2501 2497 intulit,
2548 2435 2728 2488 dicetis
2764 2453 2776 2486 :
2812 2434 2900 2488 Va:
2947 2437 3101 2499 robis,
3151 2437 3352 2501 quando
3402 2435 3744 2488 benedirerint

2163 2526 2298 2578 vobis
2323 2542 2491 2579 omnes
2521 2527 2743 2579 homines
2765 2525 2911 2597 (Lac.
2938 2527 2990 2580 6.
3016 2527 3130 2594 26).
3161 2524 3446 2580 Considera
3477 2527 3756 2594 quomodo

2165 2632 2260 2685 per
2295 2615 2382 2670 Va:
2403 2617 2557 2670 nobis
2584 2617 2819 2670 declarat
2848 2618 3138 2685 quotuplex
3169 2617 3288 2670 illos
3318 2631 3474 2685 poena
3507 2625 3742 2670 maneat.

2169 2705 2257 2761 Vae
2283 2708 2424 2761 enim
2455 2706 2674 2761 lamenti
2719 2709 2960 2761 nuntium
3009 2709 3228 2761 verbum
3273 2719 3394 2765 est:
3426 2709 3563 2763 unde
3593 2710 3745 2777 quasi

2163 2799 2387 2854 miseros
2433 2815 2525 2854 eos
2567 2814 2764 2854 vocans
2786 2843 2798 2864 ,
2843 2801 2969 2854 dicit
3001 2817 3016 2854 :
3051 2800 3138 2854 Vre
3179 2801 3333 2865 vobis,
3367 2801 3566 2869 quando
3597 2800 3745 2854 bene~

2164 2893 2380 2947 dixerint
2405 2894 2540 2946 vobis
2571 2909 2741 2946 omnes
2779 2893 3021 2947 homines.
3052 2894 3115 2946 Et
3149 2893 3267 2947 vide
3293 2909 3449 2961 quam
3481 2903 3636 2946 caute
3662 2891 3744 2946 di-

2163 2993 2325 3038 ctum.
2355 2982 2469 3036 Non
2500 2983 2808 3052 simpliciter
2831 2983 2979 3047 dixit,
3001 2983 3266 3048 homines,
3287 2981 3401 3046 sed,
3433 2980 3616 3036 Omnes
3643 2982 3740 3034 Ιιο-

2165 3077 2338 3128 mines.
2373 3074 2702 3143 lmpossibilc
2745 3075 2884 3128 enim
2919 3084 3020 3139 est,
3068 3085 3125 3127 ut
3166 3075 3248 3127 vir
3286 3067 3483 3143 probus
3519 3074 3605 3141 qui
3649 3089 3746 3141 per

2163 3173 2438 3234 angustam
2467 3173 2522 3218 et
2544 3172 2743 3218 arctam
2774 3163 2984 3217 virtutis
3028 3163 3170 3216 viam
3207 3163 3459 3224 ambulat,
3491 3170 3545 3216 et
3587 3178 3748 3214 man-

2163 3256 2284 3310 data
2315 3257 2555 3324 sequitur
2582 3255 2797 3318 Christi,
2829 3255 2894 3308 ab
2920 3253 3166 3307 omnibus
3194 3252 3458 3318 laudetur,
3490 3261 3543 3306 et
3569 3252 3744 3306 admi-

2163 3348 2351 3403 rationi
2382 3347 2656 3402 habeatur.
2687 3348 2778 3400 Est
2805 3347 2946 3401 enim
2977 3355 3031 3400 et
3057 3346 3144 3398 illa
3169 3346 3354 3416 ingens
3381 3346 3599 3412 malitia,
3630 3346 3743 3398 vir-

2165 3438 2260 3491 tuti
2288 3438 2577 3493 adversari.
2602 3438 2829 3493 Proinde
2852 3439 3104 3492 Dominus
3126 3441 3300 3492 sciens
3324 3454 3426 3491 non
3451 3453 3607 3506 posse
3626 3438 3742 3493 fieri

2164 3539 2220 3583 ut
2247 3529 2291 3582 is
2317 3527 2407 3597 qui
2423 3529 2664 3583 virtutem
2696 3529 2974 3598 diligenter
2990 3538 3224 3594 exercet,
3248 3538 3299 3583 et
3315 3527 3382 3582 ab
3402 3528 3519 3596 ipso
3539 3535 3746 3582 tantum

2162 3619 2370 3673 laudem
2391 3628 2448 3673 ut
2463 3621 2686 3690 accipiat
2706 3620 3059 3688 praestolatur,
3083 3620 3148 3672 ab
3172 3619 3417 3674 omnibus
3439 3619 3744 3674 hominibus

2163 3709 2423 3776 laudetur,
2456 3720 2509 3764 et
2538 3711 2674 3764 bene
2700 3710 2898 3775 audiat,
2942 3710 3059 3764 ideo
3097 3710 3320 3763 miseros
3349 3718 3505 3763 vocat
3533 3724 3624 3763 eos
3650 3710 3741 3779 qui

2162 3811 2377 3872 propter
2421 3801 2704 3854 humanam
2755 3802 2962 3855 laudem
2993 3801 3242 3854 virtutem
3287 3802 3575 3871 negligant.
3607 3801 3737 3858 Nam

2160 3893 2417 3948 celebrari
2448 3893 2515 3946 ab
2543 3893 2806 3955 omnibus,
2839 3892 3126 3946 maximum
3171 3891 3329 3947 fuerit
3368 3902 3738 3962 argumentum

2161 4001 2264 4036 non
2287 3999 2528 4053 magnam
2551 3983 2732 4038 haberi
2756 3984 2962 4038 virtutis
2986 3984 3266 4038 rationem.
3290 3983 3569 4051 Quomodo
3593 3985 3737 4038 enim

2162 4075 2228 4128 ab
2255 4074 2502 4128 omnibus
2529 4073 2741 4143 probari
2772 4075 2968 4143 poterit
2991 4074 3072 4128 vir
3096 4074 3286 4139 bonus,
3316 4075 3362 4127 si
3402 4074 3511 4128 vult
3547 4073 3742 4142 injuria

2160 4163 2378 4218 affectos
2406 4164 2614 4233 eripere
2635 4164 2701 4217 ah
2726 4163 2790 4217 iis
2813 4165 2900 4232 qui
2929 4164 3118 4233 injuria
3144 4162 3399 4230 afficiunt,
3426 4173 3480 4218 et
3509 4178 3605 4218 eos
3643 4166 3734 4233 qui

2163 4263 2440 4317 vexantur,
2472 4253 2540 4307 ab
2564 4253 2626 4307 iis
2653 4253 2740 4322 qui
2772 4254 2907 4307 male
2944 4252 3180 4308 faciunt?
3219 4255 3287 4308 Et
3325 4255 3515 4308 iterum
3555 4254 3600 4308 si
3628 4255 3740 4310 vult

2162 4345 2428 4412 corrigere
2455 4352 2755 4414 peccantes,
2782 4355 2837 4399 et
2861 4345 3078 4401 laudare
3103 4347 3238 4401 bene
3274 4357 3513 4417 agentes,
3560 4363 3740 4403 nonne

2161 4433 2448 4487 verisimile
2480 4443 2582 4500 est,
2610 4449 2732 4488 eum
2771 4432 2840 4489 ab
2867 4435 2986 4490 aliis
3029 4435 3371 4504 laudandum,
3406 4435 3476 4500 ab
3515 4437 3634 4492 aliis
3664 4438 3742 4492 vi-

2159 4526 2519 4598 tuperandum
2544 4527 2690 4581 esse?
2707 4526 2992 4594 Propterea
3018 4533 3209 4591 Inqutt:
3233 4525 3316 4576 ιω
3338 4525 3499 4587 vobis,
3521 4520 3734 4590 quando

2153 4619 2296 4672 vobis
2319 4615 2674 4670 benedixerint
2687 4629 2864 4667 omnes
2878 4613 3131 4665 homines.
3149 4610 3434 4675 Quomodo
3446 4610 3608 4677 igitur
3621 4625 3730 4663 non

2155 4709 2258 4765 erit
2287 4708 2648 4761 admiratione
2680 4717 2734 4760 et
2764 4706 2925 4760 laude
2952 4704 3149 4774 dignus
3177 4703 3359 4770 justus
3383 4703 3504 4764 iste,
3550 4700 3643 4767 qui
3667 4715 3731 4753 ea

2156 4815 2277 4870 quae
2296 4799 2548 4853 Christus
2575 4797 2872 4852 adveniens
2895 4793 3102 4856 decuit,
3133 4793 3284 4861 prius
3310 4792 3422 4859 ipse
3447 4804 3476 4843 a
3497 4790 3614 4858 lege
3635 4803 3734 4841 na-

2159 4895 2294 4944 tura:
2311 4890 2558 4951 edoctus,
2581 4887 2918 4942 deditissima
2943 4899 3105 4954 opera
3132 4881 3465 4950 adimplevit,
3491 4879 3738 4933 laudem-

2157 4993 2264 5047 que
2287 4979 2582 5031 humanam
2604 4973 3262 5042 contemncndo,gratiam
3288 4970 3428 5042 apud
3445 4970 3614 5023 Deum
3640 4983 3737 5037 per

2157 5069 2414 5123 virtutem
2445 5068 2687 5123 invenire
2719 5065 2963 5122 studuit?
2991 5064 3105 5118 Noe
3126 5064 3294 5130 enim,
3321 5063 3517 5132 inquit,
3541 5061 3742 5114 invenit

2159 5163 2387 5232 gratiam
2409 5176 2587 5214 coram
2616 5160 2835 5213 Domino
2860 5158 2987 5210 Deo.
3019 5157 3285 5211 Caeterum
3310 5156 3485 5224 ipsum
3519 5162 3742 5222 propter

2160 5256 2390 5309 virtutes
2419 5268 2556 5324 quas
2596 5251 2826 5306 habebat
2865 5247 3140 5303 invenisse
3163 5246 3394 5317 gratiam
3423 5259 3611 5298 coram
3635 5242 3740 5296 Do—

2163 5347 2311 5398 mino
2353 5343 2484 5410 Deo,
2518 5343 2758 5395 narravit
2793 5340 2950 5395 nobis
2979 5337 3324 5393 admirabilis
3355 5336 3446 5389 ille
3471 5334 3737 5404 propheta

2163 5435 2366 5504 Spiritu
2395 5445 2584 5488 sancto
2611 5433 2822 5487 adlatus
2858 5449 2870 5484 :
2905 5445 3083 5499 operte
3115 5429 3346 5498 pretium
3384 5426 3568 5494 itaque
3602 5433 3741 5477 utet

2163 5528 2440 5596 srqnentia
2471 5527 2768 5589 discamus,
2794 5531 2848 5577 ct
2872 5523 3155 5576 videamus
3179 5518 3307 5588 quid
3335 5517 3401 5570 de
3427 5516 3518 5567 illo
3542 5513 3742 5567 sentiat

2166 5619 2326 5673 Deus.
2361 5619 2415 5672 9.
2459 5617 2556 5672 "(1!
2578 5628 2773 5682 autem,
2801 5616 2998 5686 inquit,
3030 5625 3150 5667 sunt
3174 5610 3534 5681 generationes
3574 5605 3687 5658 Noe
3723 5621 3738 5658 ε

2169 5711 2281 5764 Noe
2308 5713 2458 5763 homo
2487 5711 2675 5768 iustus.
2707 5708 2970 5776 perfectus
3010 5707 3060 5758 in
3102 5706 3432 5773 generatione
3461 5717 3558 5753 sua
3585 5715 3601 5757 ,'
3636 5696 3740 5748 Dea
