4066 6140
419 239 512 296 201

418 358 538 411 θεία
558 355 769 428 Γραφὴ,
799 350 980 410 Αὗται
1002 353 1069 407 δὲ
1094 358 1154 408 αὶ
1187 356 1452 425 γενέσεις
1473 355 1618 420 Νῶε,
1655 359 1746 410 καὶ
1786 358 1881 418 τὰς
1908 356 2075 418 ἀκοὰς

415 444 573 512 ήμῶι
601 442 1051 512 ἁναπτερώσασα,
1080 441 1155 506 ὡς
1191 443 1456 512 μέλλουσα
1485 443 1582 514 τὴν
1615 445 1960 512 γενεαλογίαν
1983 445 2075 498 αὐ·

416 531 510 583 τοῦ
542 530 858 601 διηγεῖσθαι,
886 530 980 582 καὶ
1005 529 1086 592 τίς
1117 530 1215 597 μὲν
1241 530 1404 582 αὐτοῦ
1435 532 1616 601 πατὴρ
1641 532 1880 599 ἐγένετο,
1914 529 2077 584 πόθεν

415 617 475 669 δὲ
497 618 556 668 τὺ
588 617 742 681 γένος
763 616 986 684 κατῆγε,
1015 616 1108 668 καὶ
1131 617 1279 678 ὅπως
1306 618 1384 678 εἰς
1408 616 1500 668 τὸν
1535 616 1646 684 βίον
1679 615 1955 685 παρήχθη,
1983 615 2075 667 καὶ

414 702 486 754 τά
511 703 644 756 ἄλλα
667 703 899 762 ἅπαντα,
926 703 1068 772 άπερ
1097 703 1214 765 ἐθος
1234 706 1344 765 τοῖς
1374 703 1471 766 τὰς
1489 703 1838 770 γενεαλογίας
1857 703 2076 772 ἐξηγουο

419 791 598 859 μένοις
645 789 966 859 διηγεῖσθαι,
998 791 1170 845 ταῦτα
1203 791 1380 844 πάντα
1426 791 1816 857 καταλιποῦσα,
1849 791 1944 845 καὶ
1975 792 2075 860 τῆς

415 877 700 946 συνηθείας
747 878 1002 946 ἀνωτέρω
1038 879 1333 948 γενομένη,
1377 879 1540 946 φησί·
1586 877 1718 931 Νῶε
1765 878 2073 946 ἅνθρωπος

411 965 660 1029 δίκαιος,
696 965 920 1028 τέλειος
945 965 1031 1017 ὢν
1057 966 1126 1018 ἐν
1151 962 1226 1032 τῇ
1254 964 1428 1033 γενεᾷ
1455 965 1642 1018 αὐτοῦ
1659 981 1674 994 '
1711 964 1794 1029 τῷ
1826 963 1948 1028 Θεῷ
1976 966 2072 1017 εὐο

410 1053 710 1121 ηρέστησε
725 1052 867 1106 Νῶε.
888 1049 1038 1114 Εἶδες
1055 1053 1369 1121 θαυμαστὴν
1394 1053 1738 1120 γενεαλογίαν
1758 1071 1773 1117 ;
1796 1052 1939 1114 Νῶε,
1969 1068 2072 1120 φη-

413 1140 518 1203 σὶν,
552 1139 876 1208 ἅνθρωπος.
913 1139 1052 1207 Ὅρα
1081 1138 1173 1190 καὶ
1204 1138 1265 1190 τὸ
1311 1137 1484 1190 κοινὸν
1513 1140 1680 1208 ὄνομα
1727 1139 1829 1208 τῆς
1857 1139 2070 1206 φύσεως

410 1227 526 1280 ἀντ’
562 1226 835 1296 ἐγκωμίου
858 1225 935 1295 τῷ
963 1226 1156 1296 δικαίῳ
1183 1227 1483 1294 γινόμενον.
1516 1226 1730 1295 Ἐπειδὴ
1744 1227 1852 1295 γὰρ
1874 1229 2070 1278 ἐκεῖνοι

413 1315 595 1368 καὶτὸ
631 1314 905 1384 ἄνθρωποι
954 1310 1093 1367 εἰναι
1142 1315 1428 1366 ἀπώλεσαν
1472 1314 1560 1366 διὰ
1588 1315 1648 1366 τὸ
1691 1315 1828 1384 πρὸς
1875 1316 1944 1367 τά
1968 1316 2070 1385 τῆς

411 1403 610 1472 σαρκὸς
631 1401 820 1472 ἡδονὰς
847 1401 1144 1470 ὀλισθῆσαι,
1169 1394 1342 1464 οὗτος,
1363 1405 1544 1472 φησὶν,
1573 1405 1629 1455 ἐν
1658 1403 1894 1472 τοσούτῳ
1915 1404 2070 1474 δήμῳ

407 1491 502 1542 τοῦ
531 1489 813 1560 ἀνθρώπου
846 1490 943 1559 τὴν
967 1489 1146 1542 εἰκόνα
1171 1489 1412 1542 διέσωσε.
1437 1490 1606 1542 Τοῦτο
1630 1491 1736 1561 γὰρ
1761 1490 2066 1562 ἄνθρωπος,

405 1579 535 1632 ὅταν
568 1579 766 1649 ἀρετὴν
799 1577 973 1650 μετίῃ.
1011 1578 1145 1630 Οὐδέ
1179 1578 1287 1648 γὰρ
1320 1577 1380 1629 τὸ
1411 1578 1624 1649 μορφὴν
1672 1579 1816 1647 ἔχειν
1855 1577 1946 1631 τοῦ
1977 1571 2070 1632 ἇν-

404 1664 650 1735 θρώπου,
679 1663 773 1718 καί¹
807 1664 1136 1735 ὀφθαλμοὺς,
1173 1666 1264 1720 καὶ
1295 1667 1437 1735 ῥῖνα.
1471 1665 1566 1716 καὶ
1601 1664 1792 1734 στόμα,
1838 1665 1932 1718 καὶ
1975 1683 2068 1718 παρ

409 1751 581 1822 ρειάς,
609 1752 701 1803 καὶ
724 1752 792 1803 τά
819 1750 979 1804 λοιπά
1013 1751 1168 1820 μέλη,
1200 1751 1354 1804 τοῦτο
1377 1750 1660 1821 ἄνθρωπον
1697 1751 2064 1806 ἀποδείκνυσι·

406 1836 576 1890 ταῦτα
605 1836 712 1906 γὰρ
741 1837 873 1907 μέλη
902 1837 1158 1906 τυγχάνει
1184 1837 1278 1890 τοῦ
1314 1837 1581 1906 σώματος.
1616 1839 1932 1909 Ἄνθρωπον
1959 1839 2068 1910 γὰρ

408 1925 610 1975 ἐκεῖνον
655 1923 725 1976 ἂν
773 1923 1101 1992 καλέσαιμεν
1138 1924 1230 1976 τὸν
1275 1925 1374 1994 τὴν
1422 1927 1604 1977 εἰκόνα
1633 1926 1726 1979 τοῦ
1779 1926 2065 1996 ἀνθρώπου

404 2008 751 2072 διασώζοντα.
782 2010 846 2060 Τί
870 2009 927 2062 δέ
954 2012 1069 2062 ἐστι
1091 2009 1186 2063 τοῦ
1212 2009 1499 2080 ἀνθρώπου
1532 2014 1564 2082 ή
1605 2013 1799 2078 εἰκών;
1827 2014 1899 2066 Τὸ
1921 2014 2066 2082 λογι-

404 2097 501 2149 κδν
534 2092 691 2149 εἶναι.
721 2095 785 2147 Τί
817 2092 943 2160 οὖνς
975 2097 1138 2166 φησίν
1162 2113 1176 2128 ’
1210 2099 1402 2150 ἐκεῖνοι
1453 2100 1554 2156 οὐκ
1583 2100 1648 2152 ἂν
1695 2097 1804 2152 εἷεν
1829 2100 2062 2169 λογικοί;

415 2181 554 2234 ’Λλλ’
586 2183 648 2234 οὐ
668 2181 826 2235 τοῦτο
852 2183 1030 2252 μόνον,
1051 2183 1185 2236 ἀλλά
1207 2186 1298 2236 καὶ
1324 2185 1385 2236 τὸ
1420 2185 1670 2255 ἐνάρετον
1697 2183 1858 2248 εἶναι,
1891 2189 1986 2240 καὶ
2004 2188 2066 2240 τὸ

401 2268 468 2321 τὰ
503 2267 648 2321 κακά
699 2267 1027 2337 διαφεύγειν,
1077 2271 1171 2324 καὶ
1199 2270 1309 2324 τῶν
1337 2271 1553 2326 ἀτόπων
1588 2273 1775 2326 παθῶν
1823 2277 2061 2344 κρατεῖν,

402 2357 462 2407 τὸ
490 2358 608 2417 ταῖς
629 2355 867 2419 ἐντολαῖς
895 2357 990 2409 τοῦ
1015 2358 1285 2412 Δεσπότου
1313 2359 1752 2424 κατακολουθεῖν,
1783 2361 1941 2413 τοῦτο
1969 2363 2064 2415 ἀνσ-

401 2439 638 2511 θρωπος.

469 2527 530 2580 δ’.
563 2529 671 2581 Καὶ
702 2530 788 2582 ἵνα
824 2531 1020 2601 μάθῃς,
1037 2532 1118 2584 ὅτι
1147 2531 1266 2596 ἔθος
1289 2535 1355 2603 τῇ
1379 2533 1568 2604 Γραφῇ
1592 2535 1717 2597 τοὺς
1743 2535 2061 2604 τὴνκακίαν

402 2616 681 2685 μετιόντας
704 2617 799 2669 καί¹
827 2618 926 2686 τῆς
961 2619 1158 2688 ἀρετῆς
1182 2619 1513 2688 ἀμελοῦντας
1550 2622 1681 2692 μηδὲ
1711 2622 1810 2691 τῆς
1846 2623 1940 2675 τοῦ
1969 2625 2061 2676 ἀν-

399 2702 616 2772 θρώπου
651 2706 1020 2774 προσηγορίας
1051 2704 1234 2768 ἀξιοῦν
1255 2747 1268 2770 ,
1303 2708 1467 2762 ἄκουε
1504 2707 1600 2760 τοῦ
1627 2708 1760 2761 Θεοῦ
1793 2709 2059 2778 λέγοντος,

398 2789 651 2860 καθάπερ
680 2790 804 2859 χθὲς
827 2791 1086 2861 ἐλέγομεν
1109 2807 1123 2822 ο
1158 2794 1240 2845 Οὐ
1266 2793 1352 2862 μὴ
1378 2797 1700 2864 καταμείνῃ
1735 2796 1802 2850 τὸ
1821 2797 2063 2865 Πνεῦμα

396 2893 512 2945 μου
538 2877 608 2929 ἐν
627 2876 747 2940 τοῖς
777 2878 1106 2944 ἀνθρώποις
1141 2882 1392 2945 τούτοις,
1427 2880 1524 2935 διὰ
1556 2881 1624 2935 τὸ
1655 2883 1807 2936 εἶναι
1839 2885 2060 2952 αὐτοὺς

398 2961 650 3028 σάρκας.
692 2961 834 3029 Ἐγὼ
873 2964 1001 3034 γὰρ,
1042 2965 1194 3034 φησὶ,
1250 2967 1388 3035 μετὰ
1430 2967 1529 3036 τῆς
1582 2969 1786 3039 σαρκὸς
1816 2971 1910 3023 καὶ
1961 2973 2060 3041 τῆς

395 3051 572 3120 ψυχῆς
601 3052 699 3121 τὴν
733 3051 980 3117 ἐξουσίαν
1007 3064 1034 3092 ι
1079 3053 1444 3124 ἐδωρησάμην
1463 3072 1479 3085 ··
1514 3057 1668 3109 αὐτοὶ
1703 3059 1760 3110 δὲ
1779 3058 1856 3122 ὡς
1882 3059 2059 3131 σάρκα

400 3138 563 3206 μόνον
594 3138 972 3207 περικείμενοι
991 3179 1006 3197 ,
1040 3139 1184 3191 οὕτω
1208 3141 1308 3208 τῆς
1333 3141 1477 3194 κατά
1514 3144 1612 3212 τὴν
1644 3145 1821 3215 ψυχὴν
1857 3147 2058 3217 ἀρετῆς

394 3224 724 3294 ἀμελοῦντες
757 3225 867 3278 ὅλοι
909 3225 1011 3293 τῆς
1055 3227 1259 3296 σαρκὸς
1287 3227 1472 3281 λοιπὸν
1514 3230 1798 3297 γεγόνασιν
1830 3234 1877 3286 ιι.
1909 3233 2055 3306 [211]

395 3307 550 3374 Εἶδες
578 3313 693 3374 πῶς
718 3312 806 3365 διά
838 3312 934 3382 τὴν
961 3314 1162 3367 κακίαν
1195 3316 1374 3387 σάρκα
1395 3318 1592 3380 αὐτοὺς
1619 3320 1793 3384 καλεῖ,
1833 3322 1927 3374 καὶ
1957 3325 2057 3377 οὐκ

396 3397 715 3467 ἀνθρώπους
743 3415 756 3462 ;
793 3399 904 3451 Kal
929 3399 1088 3452 πάλιν
1110 3401 1392 3470 προϊοῦσα,
1419 3403 1497 3466 ώς
1522 3405 1719 3460 αὐτίκα
1755 3408 1898 3477 μάλα
1925 3410 2058 3463 εἷσε-

397 3484 514 3549 σθε,
537 3485 641 3554 γῆν
662 3486 856 3548 αὐτοὺς
889 3486 1144 3555 ὀνομάζει
1170 3489 1202 3558 ἡ
1239 3488 1360 3542 θεία
1386 3491 1698 3562 Γραφὴ,διά
1717 3494 1778 3547 τὸ
1809 3499 1920 3560 τοῖς
1941 3499 2057 3568 γηΐ-

395 3588 507 3636 νοις
529 3574 840 3644 φρονήμασι
878 3573 1415 3646 καταδεδαπανῆσθαι
1439 3595 1453 3609 ο
1485 3579 1616 3648 φησὶ
1641 3581 1769 3652 γὰρ,
1805 3584 2054 3654 Ἐ’φθάρη

393 3659 464 3712 δὲ
489 3661 526 3727 ἠ
550 3659 627 3728 γῆ
669 3661 950 3714 ἐναντίον
974 3661 1080 3716 τοῦ
1115 3663 1263 3716 Θεοῦ
1284 3680 1298 3693 ·
1329 3665 1390 3718 οὐ
1415 3666 1543 3736 περὶ
1571 3667 1671 3738 τῆς
1709 3672 1811 3739 γῆς
1839 3671 1940 3740 τῆς
1974 3675 2056 3725 αἰ-

397 3745 600 3817 σθητῆς
622 3747 875 3816 λέγουσα,
895 3749 1029 3802 ἀλλὰ
1058 3751 1184 3815 τοὺς
1205 3753 1552 3816 ἐνοικοῦντας
1571 3757 1673 3826 γῆν
1693 3756 1782 3810 ὀνο
1789 3759 2051 3828 μάζουσα.

408 3834 667 3904 Ἀλλαχοῦ
700 3835 755 3887 δὲ
775 3833 900 3888 οὔτε
925 3836 1123 3908 σάρκα,
1159 3837 1283 3892 οὗτε
1316 3841 1418 3908 γῆν
1447 3841 1726 3911 ὀνομάζει,
1764 3845 1885 3898 οὐδέ
1915 3843 2053 3902 εἶναι

391 3922 592 3986 αὐτοὺς
615 3925 827 3994 ἡγεῖται
861 3927 918 3977 ἐν
941 3925 1019 3994 τῷ
1062 3927 1286 3996 παρόντι
1323 3928 1446 3997 βίῳ,
1477 3929 1566 3981 διὰ
1612 3931 1673 3982 τὸ
1717 3933 1814 4002 τῆς
1851 3935 2054 4006 ἀρετῆς

392 4010 632 4080 ἐρήμους
660 4007 817 4065 εἶναι.
850 4013 1048 4066 Ἀκουε
1078 4013 1188 4082 γὰρ
1216 4013 1309 4066 τοῦ
1356 4018 1633 4084 προφήτου
1668 4018 1930 4086 βοῶντος,
1961 4026 2054 4078 καὶ

379 4089 641 4166 ¹λέγοντος
695 4099 753 4153 ἐν
801 4100 942 4171 μέσῃ
976 4102 1040 4168 τῇ
1099 4100 1433 4170 μητροπόλει
1479 4103 1588 4157 τῶν
1626 4107 2049 4179 Ἰεροσολύμων,

387 4187 524 4239 ὅπου
565 4187 824 4256 μυριάδες
851 4186 1130 4249 τοσαῦται,
1158 4189 1290 4240 ὃπου
1335 4190 1537 4261 ἄπειρα
1574 4191 1774 4264 πλήθηο
1800 4193 2048 4264 Ἦλθον,

391 4272 488 4325 καί
536 4275 646 4325 οὐκ
677 4268 756 4341 ἦν
787 4273 1095 4340 ἅνθρωπος
1125 4287 1138 4300 ·
1169 4275 1451 4342 ἐκάλεσα,
1484 4279 1582 4331 καί
1627 4283 1738 4334 οὐκ
1769 4278 1847 4352 ἦν
1874 4289 1906 4338 ό
1936 4288 2048 4338 ὐπ-

389 4359 833 4426 ακουσόμενοςο
865 4359 968 4412 οὐκ
1026 4361 1215 4433 ἐπειδὴ
1264 4363 1338 4434 μὴ
1389 4366 1662 4436 παρῆσαν,
1711 4369 1826 4422 ἀλλ’
1861 4373 2048 4444 ἐπειδὴ

389 4446 656 4514 παρόντες
677 4445 787 4497 τῶν
812 4446 885 4517 μὴ
909 4447 1190 4517 παρόντων
1221 4450 1370 4503 οὐδὲν
1399 4452 1624 4524 ἄμεινον
1646 4455 1926 4512 διέκειντο.
1944 4461 2050 4515 Kal

390 4532 551 4586 πάλιν
576 4531 823 4602 ἑτέρωθι,
848 4534 1252 4604 Περιδράμετε,
1283 4540 1434 4607 φησὶ,
1457 4541 1553 4594 καί
1585 4543 1759 4611 ἴδετε,
1797 4549 1848 4600 εί
1881 4547 2051 4603 ἐστιν

386 4613 476 4684 εἷς
501 4617 893 4706 ποιῶνκρῐμα
920 4621 1016 4674 καὶ
1038 4621 1450 4692 δικαιοσύνην,
1479 4630 1576 4682 καί
1618 4631 1792 4697 ἵλεως
1816 4633 2046 4706 ἔσομαι.

456 4701 613 4769 Εἶδες
641 4705 758 4769 πῶς
790 4707 994 4759 ἐκεῖνον
1027 4709 1188 4778 μόνον
1212 4708 1318 4762 οἶδε
1345 4714 1527 4766 καλεῖν
1550 4717 1834 4788 ἄνθρωπον
1859 4723 1891 4792 η
1918 4701 2046 4790 ἀγία

385 4793 576 4866 Γραφῇ
605 4794 696 4846 τὸν
738 4793 837 4865 τὴν
877 4795 1078 4864 ἀρετὴν
1115 4797 1388 4866 μετιόντα,
1426 4801 1552 4863 τοὺς
1580 4802 1636 4854 δέ
1681 4803 1902 4871 λοιποὺς
1925 4811 2047 4863 οὐδέ

385 4877 526 4934 εἶναι
552 4881 784 4951 νομίζει,
817 4880 954 4934 ἀλλὰ
992 4883 1123 4936 ποτὲ
1149 4885 1248 4953 μὲν
1278 4886 1484 4955 σάρκας
1524 4888 1800 4959 ὀνομάζει,
1832 4898 1960 4950 ποτὲ
1990 4898 2047 4952 δὲ

384 4971 487 5039 γῆν
520 4985 536 5034 ;
574 4969 672 5022 Διά
702 4968 860 5022 τοῦτο
889 4969 986 5022 καὶ
1027 4968 1120 5021 νῦν
1151 4971 1254 5040 τὴν
1306 4974 1657 5044 γενεαλογίαν
1700 4980 1794 5032 τοῦ
1835 4982 2044 5037 δικαίου

381 5054 686 5124 διηγεῖσθαι
705 5056 1158 5137 ἐπαγγελλομένη
1186 5060 1218 5128 ή
1242 5060 1362 5113 θεία
1388 5062 1574 5135 Γραφή
1607 5082 1741 5137 φησι
1758 5085 1772 5099 ο
1802 5071 1928 5124 Νῶε
1950 5073 2047 5126 ἄν.

383 5143 614 5208 θρωπος
631 5157 646 5171 ’
671 5134 826 5204 οὗτος
849 5144 957 5213 γὰρ
986 5144 1144 5213 μόνος
1165 5145 1469 5217 ἄνθρωπος,
1489 5152 1537 5203 οί
1562 5134 1619 5204 δὲ
1641 5134 1818 5208 λοιποὶ
1836 5158 1935 5211 οὐκ
1961 5161 2047 5215 ἄν.

382 5227 615 5319 θρωπο-ι,
646 5229 782 5319 ἀλλὰ
833 5231 1044 5302 μορφὴν
1092 5233 1190 5302 μὲν
1240 5235 1456 5305 ἔχοντες
1511 5240 1818 5312 ἀνθρώπιον
1845 5285 1858 5308 ,
1888 5252 1954 5319 τῇ
1987 5250 2045 5305 δὲ

381 5317 622 5389 πονηρίᾳ
653 5318 748 5388 τῆς
798 5321 1174 5390 προαιρέσεως
1220 5324 1316 5394 τὴν
1360 5326 1640 5394 εὐγένειαν
1685 5333 1783 5403 τῆς
1829 5317 2044 5404 φύσεως

381 5404 802 5478 προδεδωκότες,
835 5407 930 5460 καί⁸
953 5409 1074 5461 ἀντὶ
1095 5410 1397 5483 ἀνθρώπων
1422 5417 1560 5486 πρὸς
1585 5418 1684 5491 τὴν
1709 5423 1818 5476 τῶν
1841 5421 2050 5495 θηρίων

435 5577 453 5600 ⁸
497 5573 548 5647 l9
575 5575 765 5647 -Savi'"
792 5575 966 5647 ἔποφ’·
985 5583 1056 5647 .θῖ
1082 5591 1197 5626 ωδε·
1221 5581 1447 5647 omnibus
1470 5584 1535 5630 ita
1559 5585 1763 5647 )egilur.
1792 5589 1887 5639 Pro
1913 5591 2045 5646 ἐξου-

373 5636 767 5704 σίανήὴιίειρτεε
794 5638 917 5704 ἰςεὶι
949 5638 1133 5699 οὐσίαν,
1160 5654 1270 5702 (μισ)
1298 5642 1445 5704 Ιειειίο
1469 5636 1670 5704 οριίπιῖι.

437 5703 462 5738 b
485 5694 794 5772 Srayriligsrz-a
826 5698 949 5772 Nola
975 5694 1129 5748 usum'
1148 5694 1358 5772 genjtivj
1384 5694 1683 5772 cum'verbq
1706 5709 2032 5772 pubstanlivo,

372 5771 483 5824 gum
524 5759 826 5824 sigryﬁllcatur
872 5761 1083 5824 aquqem
1114 5759 1258 5824 alicui
1285 5765 1356 5810 rei
1401 5777 1595 5824 prorsus
1626 5759 1869 5820 addictum
1903 5759 2028 5822 esse:

378 5820 457 5867 Sic
482 5825 532 5866 el
571 5819 685 5868 alibi
712 5824 890 5882 saepius
911 5819 964 5868 in
984 5823 1058 5870 his
1091 5823 1137 5871 in
1166 5823 1377 5873 Genesin
1401 5819 1642 5874 Homiliis.
1673 5844 1690 5874 ι

1174 241 1231 297 S.
1272 242 1555 297 .IOANNIS
1591 240 2076 298 CHRYSOSTOMI
2115 237 2430 296 ARCIIIEP.
2469 236 3014 304 CONSTAN'UNOP.

2179 355 2402 424 ἀλογίαν
2431 353 2775 417 ἐκπεσόντες.
2797 354 2924 407 Ὅτι
2957 352 3065 423 γὰρ
3099 351 3193 406 καὶ
3214 351 3521 422 ἀνθρώποις
3554 353 3670 416 τοῖς
3696 353 3858 420 λογι-

2177 442 2602 508 κοῖςο,ἐπειδάν
2647 442 2784 512 πρὸς
2816 442 3018 494 κακίαν
3066 440 3424 504 ἀποκλίνωσι,
3461 441 3694 493 καὶτῶν
3723 442 3858 494 ἀλύε-

2181 547 2286 599 γων
2313 530 2504 584 παθῶν
2525 528 2857 598 αἰχμάλωτοι
2885 527 3170 595 γένωνται,
3192 527 3302 580 τῶν
3321 527 3527 596 θηρίων
3546 529 3648 589 τὰς
3673 545 3857 598 προα-

2172 617 2399 688 ηγορίας
2449 614 2755 685 ἐπιτίθησιν
2789 614 2974 675 αὐτοῖς
3013 613 3196 684 ήθεία
3241 612 3464 684 Γραφὴ,
3506 614 3671 668 ἄκουε
3711 629 3857 666 ποτε

2176 704 2277 772 μὲν
2329 702 2502 771 αὐτῆς
2539 700 2825 769 λεγούσης,
2876 701 3079 755 Ἵπποι
3137 697 3492 767 θηλυμανεὶξ
3535 699 3848 768 ἐγένοντο.

2176 789 2315 860 ’Ὁρα
2355 787 2470 849 πῶς
2525 786 2612 840 διὰ
2657 785 2756 854 τὴν
2799 785 3038 854 ἄμετρον
3067 785 3322 852 λαγνείαν
3351 785 3452 854 τὴν
3492 781 3850 850 τοῦ“ἀλόγοιι

2171 873 2546 945 προσηγορίαν
2565 871 2899 942 ἐπιτίθησιν.
2927 871 3150 924 ’Λλλοτε
3176 871 3256 935 δὲ,
3284 872 3389 938 Ἰὀς
3418 871 3692 925 ἀσπίδων
3719 869 3852 923 ὑπὸ

2170 964 2242 1019 τὰ
2272 963 2444 1029 χείλη
2475 960 2672 1018 αὐτῶν
2691 981 2702 991 ·
2733 958 2967 1012 ἐνταῦθα
2993 959 3120 1021 τούς
3146 958 3242 1011 τοῦ
3276 957 3468 1030 θηρίου
3498 958 3558 1011 τὸ
3603 956 3846 1011 ὓπουλον

2170 1049 2264 1103 καὶ
2303 1047 2518 1118 δολερὸν
2560 1045 2932 1117 μιμουμένους
2982 1045 3257 1114 ἐμφαίνει.
3299 1044 3405 1097 Kal
3456 1045 3621 1097 πάλιν
3666 1043 3847 1106 κύνας

2170 1136 2353 1196 ἐνεούς
2379 1133 2599 1204 ἑτέρους
2627 1133 2801 1190 καλεῖ.
2824 1133 2932 1185 Καὶ
2958 1132 3139 1193 πάλιν,
3167 1132 3326 1186 Ὠσεὶ
3356 1131 3613 1194 ἀσπίδος
3629 1128 3843 1196 κωρῆς

2170 1221 2268 1274 καί
2289 1221 2574 1286 ,θυούσης
2597 1219 2669 1272 τὰ
2687 1214 2808 1274 ὦτα
2845 1218 3055 1286 αὐτῆς,
3089 1219 3214 1282 τούς
3253 1218 3390 1288 πρὸς
3438 1219 3536 1287 τὴν
3580 1217 3843 1268 διδασκα-

2167 1305 2288 1358 λίαν
2316 1305 2414 1375 τῆς
2433 1307 2632 1375 ἀρετῆς
2659 1304 2760 1369 τὰς
2790 1303 2959 1368 ἀκοάς
2992 1304 3438 1373 ἀποφράττοντας
3463 1301 3836 1370 αἰνιττομένη.

2168 1393 2275 1446 Kal
2310 1394 2478 1449 πολλὰ
2513 1392 2661 1463 εὖροι
2687 1409 2771 1454 τις
2803 1391 2869 1444 ἂν
2901 1391 3141 1460 ὀνόματα
3165 1390 3516 1460 ἐπιτιθέμενα
3549 1390 3701 1458 παρὰ
3736 1387 3840 1458 τῆς

2169 1480 2318 1544 θείας
2347 1480 2569 1550 Γραφῆς
2605 1482 2718 1541 τοῖς
2745 1478 2833 1532 διὰ
2882 1478 3152 1549 ρᾳθυμίαν
3199 1478 3337 1548 πρὸς
3373 1477 3440 1530 τὰ
3486 1478 3593 1530 τῶν
3624 1477 3837 1543 ἀλόγων

2168 1565 2635 1636 καταφερομένοις
2686 1564 2852 1633 πάθη.
2904 1563 3010 1618 Kal
3059 1564 3159 1616 οὐκ
3203 1565 3261 1616 ἐν
3303 1565 3369 1633 τῇ
3417 1563 3628 1633 Παλαιᾷ
3673 1563 3836 1630 μόνον

2168 1650 2324 1704 τοῦτο
2357 1650 2504 1702 ἔστιν
2541 1649 2686 1711 ἰδεῖν,
2717 1649 2852 1703 ἀλλὰ
2893 1649 2985 1704 καὶ
3028 1651 3084 1702 ἐν
3122 1651 3188 1718 τῇ
3235 1647 3428 1719 Καινῇ.
3480 1650 3676 1700 ’Δκουε
3723 1646 3836 1717 γάρ

2166 1736 2260 1792 τοῦ
2291 1735 2602 1791 Βαπτιστοῦ
2644 1737 2888 1790 Ἰωάννου
2927 1735 3177 1802 λέγοντος
3204 1738 3315 1796 τοῖς
3357 1734 3650 1797 Ἰουδαίοις.
3683 1736 3834 1787 Γεν-

2165 1823 2400 1892 νήματα
2425 1821 2697 1891 ἐχιδνῶν,
2715 1823 2808 1888 τίς
2833 1821 3148 1885 ὑπέδειξεν
3172 1821 3315 1890 ὑμῖν
3337 1820 3550 1889 φυγεῖν
3583 1819 3702 1874 ἀπὸ
3723 1819 3836 1886 τῆς

2161 1912 2521 1980 μελλούσης
2557 1907 2782 1978 ὀργῆς;
2819 1905 2972 1971 Εἶδες
3001 1907 3117 1971 πῶς
3161 1909 3258 1961 καὶ
3296 1907 3533 1961 ἐνταῦθα
3568 1907 3667 1976 τῆς
3692 1906 3834 1973 γνώ-

2170 2015 2277 2068 μης
2307 1995 2488 2050 αὐτῶν
2522 1995 2582 2048 τὸ
2608 1995 2826 2066 δολερὸν
2853 1995 2965 2048 ἀπὸ
2993 1995 3092 2062 τῆς
3122 1993 3216 2046 τοῦ
3242 1993 3432 2064 θηρίου
3455 1991 3830 2062 προσηγορίας

2164 2083 2415 2154 ῂνίξατος
2449 2081 2515 2134 Τί
2546 2076 2640 2134 οὖν
2694 2081 3057 2152 ἐλεεινότερον
3087 2080 3303 2147 γένοιτο
3339 2079 3448 2132 τῶν
3485 2077 3586 2148 τὴν
3632 2077 3832 2131 κακίαν

2167 2171 2481 2240 μετιόντων,
2507 2171 2637 2225 ὅταν
2657 2169 2750 2222 καὶ
2782 2169 2953 2236 αὐτῆς
2981 2169 3080 2237 τῆς
3102 2167 3479 2238 προσηγορίας
3516 2165 3612 2218 τοῦ
3645 2165 3831 2217 καλεῖς

2166 2257 2290 2311 σθαι
2330 2257 2606 2328 ἅνθρωποι
2647 2255 3081 2327 ἀποστερῶνται,
3131 2257 3226 2309 καὶ
3263 2255 3352 2310 διὰ
3400 2255 3561 2308 τοῦτο
3605 2253 3830 2306 πλείονα

2162 2345 2262 2416 τὴν
2303 2345 2570 2416 τιμωρίαν
2620 2345 2919 2414 ὑπέχωσιν,
2950 2345 3032 2398 ὅτι
3070 2343 3271 2407 πολλὰς
3313 2342 3421 2396 ἀπὸ
3465 2342 3564 2412 τῆς
3613 2339 3830 2408 φύσεως

2163 2431 2420 2503 ἀφορμὰς
2453 2431 2761 2501 δεξάμενοι,
2787 2431 2992 2494 ταύτας
3027 2429 3425 2502 προδεδώκασιν
3452 2429 3668 2491 ἑκόντες
3696 2426 3830 2478 ὐπο-

2164 2518 2419 2586 συρέντες
2456 2518 2552 2572 καὶ
2591 2517 2727 2588 πρὸς
2773 2518 2873 2588 τὴν
2913 2519 3116 2573 κακίαν
3153 2516 3576 2586 αὐτομολοῦντες
3611 2537 3626 2578 ,
3674 2512 3830 2566 Ἐπεὶ

2160 2602 2255 2658 οὐν
2282 2606 2332 2656 οἱ
2371 2606 2493 2659 τότε
2541 2606 2742 2668 πάντες
2774 2604 3027 2668 ἀναξίους
3064 2606 3291 2666 ἑαυτοὺς
3319 2604 3420 2673 τῆς
3453 2601 3828 2672 προσηγορίας

2162 2692 2502 2758 κατέστησαν
2527 2693 2620 2743 καὶ
2647 2691 2740 2744 τοῦ
2764 2689 3120 2760 ὀνομάζεσθαι
3150 2690 3447 2760 ἄνθρωποι,
3478 2691 3504 2742 6
3531 2688 3588 2740 δὲ
3619 2687 3829 2747 δίκαιος

2161 2771 2312 2840 οὗτος
2330 2780 2386 2832 ἐν
2403 2777 2640 2844 τοσούτῳ
2661 2777 2863 2847 ἀρετῆς
2884 2776 3080 2847 αὐχμῷ
3103 2776 3371 2847 τοσαύτην
3393 2775 3703 2841 ἐπεδείξατο
3726 2774 3825 2841 τῆς

2160 2867 2364 2929 οἰκείας
2385 2867 2584 2936 ἀρετῆς
2596 2865 2747 2937 [νη]
2759 2866 2856 2936 τὴν
2879 2866 3204 2935 ὑπερϐολὴν,
3221 2864 3501 2935 ἀρξαμένη
3521 2861 3825 2933 διηγεῖσθαι

2159 2956 2192 3022 ἡ
2225 2952 2344 3005 θεία
2372 2953 2561 3022 Γραιφὴ
2599 2951 2692 3005 τοῦ
2740 2953 2930 3023 ἀνδρὸς
2976 2954 3075 3019 τὴν
3110 2951 3458 3021 γενεαλογίαν
3499 2957 3672 3018 φησί·
3699 2948 3829 3003 Νῶε

2160 3040 2228 3094 δὲ
2251 3040 2580 3106 ἄνθρωπος.
2598 3041 2753 3094 Ἔστι
2775 3043 2867 3095 καὶ
2893 3041 2977 3095 ἐπ’
3003 3041 3161 3096 ἄλλου
3183 3041 3394 3097 δικαίου
3417 3039 3620 3108 ταύτην
3646 3041 3828 3110 εὑρεῖν

2159 3127 2257 3196 τὴν
2289 3126 2662 3201 προσηγορίαν
2695 3127 2815 3180 ἀντὶ
2865 3129 3121 3196 μεγίστου
3165 3127 3440 3196 ἐγκωμίου
3471 3127 3824 3195 ὲγκειμένην,

2156 3215 2254 3269 καὶ
2271 3213 2376 3284 πρὸ
2399 3213 2506 3265 τῶν
2522 3213 2694 3267 ἀλλων
2723 3214 2949 3268 ἁπασῶν
2971 3216 3076 3268 ἀπὸ
3099 3214 3303 3284 ταύτης
3328 3217 3426 3282 τῆς
3455 3211 3824 3282 προσηγορίας

2156 3292 2684 3361 ἀνακηρυττόμενον,
2718 3292 2811 3345 τὸν
2842 3292 2939 3362 τὴν
2977 3293 3177 3364 ἀρετὴν
3209 3291 3347 3361 μετά
3386 3290 3668 3360 ἀκριϐείας
3701 3293 3821 3342 ἐπι-

2155 3370 2523 3438 δεικνύμενον.
2562 3371 2658 3432 Τίς
2700 3365 2792 3423 οὖν
2839 3371 3018 3429 ἐστιν;
3068 3371 3125 3422 '0
3163 3369 3430 3440 μακάριος
3469 3368 3622 3434 Ἰὼϐ,
3663 3371 3692 3421 ὀ
3723 3369 3822 3438 τῆς

2155 3449 2440 3511 εὐσεϐείας
2460 3447 2716 3518 ἀθλητὴς,
2733 3450 2762 3502 6
2790 3452 2889 3518 τῆς
2905 3451 3054 3502 οίκου
3063 3449 3231 3518 μένης
3254 3448 3596 3517 στεφανίτης,
3614 3449 3642 3499 ὀ
3666 3447 3824 3516 μόνος

2155 3527 2222 3580 τά
2248 3530 2524 3598 ἀνήκεστα
2550 3529 2734 3580 ἐκεῖνα
2779 3527 3077 3594 ὑπομείνας
3097 3569 3111 3590 ,
3144 3527 3238 3580 καὶ
3275 3527 3345 3580 τὰ
3377 3528 3544 3597 μυρία
3571 3526 3699 3598 βέλη
3733 3528 3822 3579 δε·-

2157 3606 2388 3676 ξάμενος
2421 3607 2574 3678 παρὰ
2605 3607 2698 3659 τοῦ
2730 3607 2968 3677 πονηροῦ
3000 3608 3250 3678 δαίμονος
3279 3608 3618 3668 ἐκείνου,κα“ι
3645 3609 3822 3676 ἄτρω-

2154 3705 2242 3750 τος
2263 3687 2562 3755 διαμείνας,
2592 3687 2685 3740 καὶ
2710 3687 2961 3758 καθάπερ
2987 3689 3199 3756 ἀδάμας
3237 3703 3320 3749 τις
3340 3687 3482 3739 οὕτω
3513 3687 3692 3750 πάσας
3721 3687 3822 3750 τάς

2154 3767 2459 3837 προσϐολὰς
2479 3769 2720 3834 ἐνεγκεῖν
2742 3767 3006 3836 δυνηθεὶς,
3027 3768 3120 3820 καί
3140 3769 3198 3820 οὐ
3227 3767 3384 3838 μόνον
3399 3769 3458 3820 οὐ
3481 3768 3820 3820 καταϐαπτι-

2156 3845 2300 3908 σθεὶς
2330 3845 2434 3898 ὑπὸ
2475 3845 2582 3897 τῶν
2616 3845 2886 3897 τοσούτων
2929 3846 3208 3914 κυμάτων,
3237 3847 3374 3898 ἀλλὰ
3409 3847 3505 3899 καὶ
3549 3845 3818 3916 ἀνώτερος

2152 3922 2261 3974 τῶν
2301 3923 2561 3992 κυμάτων
2590 3922 2877 3990 γενόμενος
2901 3941 2913 3953 ο
2952 3923 3043 3976 καὶ
3069 3924 3140 3976 τά
3173 3926 3271 3993 τῆς
3309 3925 3630 3994 οἰκουμένης
3669 3924 3817 3994 πάθη

2153 4001 2211 4052 ἐν
2242 4000 2318 4071 τῷ
2338 4001 2523 4069 οἰκείῳ
2561 4000 2773 4070 σώματι
2805 4000 3120 4070 δεξάμενος,
3139 4002 3312 4074 ταύτῃ
3339 4002 3535 4072 μᾶλλον
3568 4002 3817 4070 λαμπρό-

2153 4093 2307 4146 τερος
2341 4077 2699 4132 ἀνεδείκνυτο.
2732 4079 2805 4130 υύ
2851 4079 3010 4147 μόνον
3039 4080 3148 4148 γάρ
3181 4081 3242 4133 οὐ
3286 4080 3625 4148 κατέπτηξεν
3655 4081 3819 4134 αὐτὸν

2153 4157 2186 4224 ή
2225 4156 2472 4226 συνέχεια
2500 4156 2596 4226 τῆς
2628 4155 2735 4209 τῶν
2759 4157 2947 4211 δεινῶν
2994 4157 3249 4228 ἐμϐολῆς,
3279 4158 3416 4232 ἀλλά
3461 4159 3555 4212 καὶ
3583 4161 3663 4222 είς
3699 4158 3818 4228 μεί-

2153 4233 2280 4298 ζονα
2309 4233 2658 4305 εὐχαριστίαν
2709 4235 2872 4288 αὐτὸν
2911 4236 3174 4307 διήγειρε,
3209 4238 3302 4290 καὶ
3326 4236 3392 4290 δι’
3431 4237 3685 4291 ἁπάντων
3716 4237 3818 4307 τὴν

2150 4313 2356 4366 οἰκείαν
2376 4313 2796 4384 εὐγνωμοσύνην
2825 4314 3191 4377 ἐπεδείκνυτο,
3227 4317 3445 4386 καιρίαν
3480 4317 3555 4386 τῷ
3583 4317 3816 4388 διαϐόλῳ

2149 4389 2323 4455 διδους
2349 4391 2445 4461 τὴν
2478 4391 2688 4461 πληγὴν
2709 4431 2723 4454 ,
2755 4391 2848 4444 καὶ
2876 4392 3086 4456 δεικνὺς
3121 4393 3196 4456 ὠς
3230 4395 3510 4464 ἀνηνύτοις
3547 4397 3816 4466 ἐπιχειρεῖ

2150 4471 2246 4522 καὶ
2273 4470 2410 4540 πρὸς
2440 4469 2641 4540 κέντρα
2685 4469 2948 4534 λακτίζει.
2983 4470 3184 4525 Τοῦτον
3206 4473 3381 4525 τοίνυν
3394 4473 3503 4524 *τὸν
3533 4473 3687 4541 ἅγιον
3721 4477 3814 4527 καὶ

2149 4548 2256 4618 πρὸ
2279 4547 2386 4600 τῶν
2412 4547 2586 4600 ἀθλων
2609 4548 2702 4600 καὶ
2731 4549 2836 4619 πρό
2857 4548 2962 4600 τῶν
2987 4549 3212 4615 ἀγώνων
3233 4550 3340 4603 τῶν
3365 4550 3633 4604 τοσούτων
3656 4553 3812 4604 ἐπαι-

2147 4626 2253 4679 νῶν
2285 4627 2314 4678 ὀ
2347 4624 2724 4695 φιλάνθρωπος
2765 4627 2897 4688 Θεὸς
2937 4628 3028 4678 καὶ
3067 4629 3478 4698 ἀνακηρύττων,
3511 4632 3644 4699 φησὶ
3679 4632 3812 4700 πρὸς

2146 4705 2239 4758 τὸν
2295 4704 2572 4758 διάϐολον·
2614 4705 2957 4773 Προσέσχες
2986 4705 3060 4773 τῇ
3097 4705 3327 4774 διανοίᾳ
3363 4723 3478 4763 σου
3519 4708 3598 4771 τῷ
3641 4709 3809 4774 θερά-

2148 4784 2322 4836 ποντί
2339 4800 2458 4851 μου
2493 4783 2639 4846 Ἰὼϐ,
2675 4781 2762 4836 ὅτι
2794 4786 2903 4836 οὐκ
2936 4783 3067 4837 ἔστι
3108 4787 3234 4838 κατ’
3263 4787 3450 4839 αὐτὸν
3505 4788 3812 4853 ἄνθρωπος

2146 4862 2263 4914 τῶν
2290 4860 2388 4914 ἐπὶ
2424 4860 2530 4927 τῆς
2548 4860 2681 4928 γῆς,
2709 4860 3016 4927 ἅνθρωπος
3039 4863 3359 4931 ἄμεμπτος,
3383 4865 3633 4928 δίκαιος.
3673 4867 3811 4922 ἀλη-

2146 4941 2329 5004 θινὸς,
2361 4940 2679 5004 θεοσεϐὴς,
2715 4940 3086 5007 ἀπεχόμενος
3120 4941 3238 4995 ἀπὸ
3287 4943 3513 5008 παντὸς
3551 4943 3814 5012 πονηροῦ

2145 5017 2514 5087 πράγματος;
2531 5013 2683 5079 Εἶδες
2708 5019 2800 5069 καὶ
2825 5017 3010 5071 τοῦτον
3039 5018 3146 5070 ἀπὸ
3171 5019 3261 5072 τοῦ
3284 5020 3460 5077 κοινοῦ
3483 5022 3580 5091 τῆς
3596 5021 3808 5089 φύσεως

2145 5097 2405 5164 ὀνόματος
2428 5095 2691 5166 πρότερον
2711 5095 2887 5163 άνακη
2897 5096 3049 5163 ρυττό
3056 5114 3213 5166 μενον
3231 5116 3244 5161 ;
3268 5099 3504 5164 Προσέσ
3508 5118 3630 5168 χες,
3651 5104 3803 5170 φησὶ,

2143 5172 2224 5237 τῷ
2261 5172 2576 5239 θεράποντί
2593 5190 2712 5240 μου
2756 5171 2876 5225 Ἰὼϐ
2904 5212 2918 5233 ,
2950 5172 3039 5225 ὅτι
3072 5176 3182 5226 οὐκ
3219 5175 3390 5228 ἔστιν
3419 5176 3618 5246 ὅμοιος
3649 5178 3808 5244 αὐτῷ

2144 5249 2488 5316 ἇνθρωπος;
2524 5250 2634 5302 Kal
2676 5249 2781 5318 μὴν
2836 5249 3072 5312 ἅπαντες
3117 5252 3314 5320 ὅμοιοι,
3355 5254 3470 5305 ἀλλ’
3503 5255 3623 5324 οὐχὶ
3665 5257 3808 5309 κατὰ

2143 5329 2240 5398 τὴν
2279 5329 2498 5398 ἀρετὴν,
2517 5329 2651 5381 ἀλλά
2679 5329 2817 5380 κατά
2849 5328 2939 5381 τὸν
2967 5332 3066 5398 τῆς
3094 5333 3305 5400 μορφῆς
3339 5332 3491 5400 λόγον
3526 5351 3539 5363 ·
3567 5337 3626 5387 οὐ
3652 5335 3808 5391 τοῦτο

2141 5409 2198 5487 δὲ
2226 5407 2531 5477 ἄνθρωπος,
2555 5409 2670 5462 ἀλλ’
2697 5410 2826 5461 ὅταν
2860 5427 2944 5473 τις
2972 5412 3168 5473 κακίας
3195 5411 3533 5482 ἀπεχόμενος
3558 5416 3654 5487 τὴν
3679 5417 3806 5486 ἀρε-

2147 5486 2236 5539 τὴν
2270 5487 2448 5539 μετίη.

2482 5563 2633 5626 τίνας
2665 5562 2983 5642 ἀνθρώπους
3007 5561 3116 5618 οἵδε
3151 5564 3334 5619 καλεῖν
3371 5571 3404 5638 ὴ
3435 5569 3554 5623 θεία
3575 5571 3801 5642 Γραφής

2146 5642 2242 5720 Διά
2267 5642 2424 5694 τοῦτο
2455 5643 2549 5694 καὶ
2582 5642 2640 5706 ἐξ
2662 5643 2835 5711 ἀρχῆς
2867 5641 2989 5694 ἰδὼν
3018 5643 3107 5695 τὸν
3143 5643 3232 5696 ὐπ’
3268 5647 3436 5700 αὐτοῦ
3472 5648 3806 5720 δημιουργη-

2141 5719 2301 5773 θέντα
2331 5723 2359 5773 ὀ
2376 5721 2483 5772 τῶν
2512 5721 2650 5774 ὅλων
2676 5721 2952 5789 Δεσπότης
2980 5720 3133 5789 ἔλεγε
3157 5736 3171 5752 ⁶
3199 5725 3568 5795 Ποιήσωμεν,
3588 5719 3804 5797 ἅνθρω-

2203 5842 2224 5870 ⁶
2252 5837 2400 5888 SaVil.
2427 5845 2477 5888 el
2503 5854 2592 5890 sex
2615 5855 2726 5890 mss.
2750 5841 3017 5902 ἀνθρώπως
3037 5843 3143 5898 τοὺς
3164 5844 3376 5904 λογικοῦ.
