4066 6140
389 152 492 210 ωε

387 267 585 332 placuit
613 265 746 321 Noe.
776 266 948 320 Rarus
971 276 1027 320 et
1051 279 1225 319 novus
1252 266 1578 335 genealogiae
1606 265 1814 322 modus.
1848 267 1979 324 Nam

388 369 447 412 ut
480 357 660 413 divina
686 360 957 428 Scriptura
983 358 1134 419 dixit,
1171 357 1268 412 "(8
1292 368 1411 412 sunt
1447 361 1792 429 generationes
1820 360 1936 413 Noe
1962 377 1982 414 :

383 460 442 503 et
472 466 631 504 aures
672 460 885 504 nostras
929 449 1199 515 excitavit,
1250 450 1399 515 quasi
1442 449 1806 520 genealogiam
1836 452 1980 507 illius

384 552 686 605 narratura,
719 541 918 610 etquis
956 540 1073 607 ejus
1113 550 1264 609 pater
1310 539 1488 603 fuerit,
1529 550 1584 594 et
1626 540 1768 595 unde
1811 557 1978 610 genus

382 633 616 697 duxerit,
648 643 701 687 et
725 631 998 702 quomodo
1031 632 1081 684 in
1116 633 1253 685 hanc
1295 633 1455 685 vitam
1503 633 1659 685 fuerit
1687 633 1881 698 editus,
1923 643 1977 688 et

378 725 481 778 alia
512 735 702 778 cuncta
733 741 852 794 qua:
880 739 995 778 mos
1020 735 1101 778 est
1138 726 1477 795 genealogias
1505 727 1843 781 narrantibus
1884 741 1971 781 re-

380 831 603 869 rensere
629 832 644 870 τ
671 816 869 870 relictis
899 826 1072 869 tamen
1096 816 1199 869 illis
1219 817 1488 881 omnibus,
1515 826 1570 870 et
1588 817 1812 870 aliorum
1839 832 1971 870 con-

377 905 661 959 suetudine
705 906 974 974 superior,
1016 906 1235 975 inquit:
1272 904 1389 958 Noe
1428 906 1575 959 homo
1596 908 1770 975 justus
1797 922 1815 959 :
1853 924 1971 976 per-

376 1000 540 1065 fectus
575 996 629 1049 in
673 999 993 1067 generatione
1020 1014 1114 1050 sua
1157 1012 1176 1049 :
1221 996 1326 1050 Deo
1368 998 1571 1066 placuit
1597 996 1730 1051 Noe.
1781 998 1967 1053 Vidisti

374 1085 746 1139 admirabilem
774 1087 1182 1156 genealogiam?
1212 1086 1345 1151 Noe,
1388 1087 1578 1156 inquit,
1622 1088 1789 1141 homo.
1837 1088 1967 1143 Vide

370 1179 533 1230 etiam
562 1190 766 1231 naturae
793 1193 1076 1232 commune
1105 1195 1296 1232 nomen
1331 1194 1424 1246 pro
1452 1178 1609 1233 laude
1648 1178 1776 1247 justi
1804 1194 1964 1233 usur-

374 1280 576 1338 patum.
609 1270 740 1324 Nam
769 1270 891 1338 quia
914 1270 1094 1323 caeteri
1122 1271 1191 1324 ob
1214 1272 1457 1324 carnales
1494 1271 1816 1338 voluptates,
1846 1273 1961 1340 qui-

368 1359 472 1415 bus
498 1360 737 1415 immersi
767 1369 938 1424 erant,
970 1360 1262 1413 amiserant
1285 1374 1406 1414 esse
1433 1359 1676 1414 homines
1705 1377 1717 1413 :
1748 1360 1866 1426 iste,
1893 1363 1963 1414 in-

367 1453 505 1519 quit,
550 1451 603 1504 in
651 1458 797 1504 tanto
848 1450 1043 1519 populo
1090 1448 1323 1504 hominis
1372 1450 1654 1518 imaginem
1707 1454 1956 1505 servavit.

366 1539 521 1594 Tunc
544 1541 740 1610 quippe
768 1540 929 1593 homo
952 1549 1054 1604 est,
1080 1539 1294 1609 quando
1320 1542 1571 1595 virtutetn
1596 1542 1745 1596 colit.
1777 1542 1960 1612 Neque

365 1633 512 1687 enim
538 1633 771 1702 speciem
800 1630 995 1687 habere
1020 1632 1271 1698 hominis,
1296 1642 1350 1687 et
1369 1634 1578 1699 oculos,
1609 1642 1664 1688 et
1688 1649 1867 1700 nares,
1905 1643 1959 1689 et

363 1738 448 1788 os,
479 1733 533 1780 et
553 1739 737 1794 genas,
766 1735 819 1781 et
854 1736 1048 1781 caetera
1076 1725 1338 1789 membra,
1380 1724 1481 1779 hoc
1525 1726 1794 1780 hominem
1837 1741 1957 1781 esse

362 1818 598 1871 ostendit
638 1836 651 1872 :
686 1817 801 1873 hazc
842 1819 986 1874 enim
1033 1817 1271 1874 membra
1307 1827 1432 1872 sunt
1470 1819 1731 1887 corporis.
1774 1818 1955 1873 Homi-

363 1925 485 1964 nem
527 1911 673 1964 illum
716 1910 966 1976 dicimus,
1007 1911 1098 1981 qui
1143 1911 1425 1979 imaginem
1474 1910 1707 1965 hominis
1752 1911 1950 1965 salvam

348 2003 574 2057 'rctinet.
615 2002 745 2071 Quae
771 2014 946 2058 autem
978 2012 1060 2057 est
1088 2003 1264 2072 imago
1306 2002 1576 2055 hominis?
1612 2002 1946 2057 Rationalem

357 2111 496 2151 esse.
528 2096 663 2163 Quid
703 2096 867 2167 ergo?
905 2111 1084 2151 annon
1134 2104 1188 2150 et
1232 2095 1308 2148 illi
1359 2093 1574 2150 fuerunt
1619 2094 1946 2148 rationales?

357 2189 554 2243 Verum
600 2206 704 2243 non
753 2188 855 2244 hoc
884 2189 1057 2243 solum
1093 2187 1248 2241 fuerit
1278 2187 1545 2240 hominem
1588 2202 1726 2251 esse,
1758 2187 1852 2241 sed
1893 2194 1948 2241 et

354 2281 638 2334 virtutibus
665 2295 783 2335 esse
808 2280 1064 2345 deditum,
1097 2288 1151 2333 et
1175 2280 1296 2332 vitia
1331 2278 1530 2349 lugere,
1564 2288 1617 2333 et
1643 2279 1844 2333 illicitis
1868 2279 1949 2332 al-

353 2371 671 2426 feetionibus
716 2373 1000 2443 imperare,
1044 2380 1098 2426 et
1137 2371 1399 2426 mandatis
1424 2372 1707 2426 dominicis
1733 2372 1944 2427 obtem-

352 2477 563 2532 perare,
598 2464 698 2517 hoc
726 2472 809 2518 est
838 2479 957 2517 esse
987 2463 1281 2517 hominem.

419 2555 472 2608 4.
524 2554 790 2623 Improbos
840 2571 941 2607 non
985 2554 1210 2607 homines
1260 2553 1485 2622 appellat
1537 2552 1823 2623 Scriptura.
1870 2583 1941 2593 —

349 2646 515 2699 Porro
546 2656 603 2700 ut
626 2646 800 2700 discas
833 2662 1035 2700 morem
1066 2661 1185 2699 esse
1213 2645 1501 2714 Scripturce
1520 2687 1533 2709 ,
1570 2656 1626 2699 ut
1656 2646 1797 2698 vitiis
1823 2655 1936 2699 stu-

346 2738 535 2790 dentes
598 2746 654 2789 et
721 2737 968 2791 virtutem
1016 2736 1343 2806 negligentes
1398 2735 1669 2790 hominum
1722 2737 1938 2791 nomine

348 2842 536 2881 vocare
573 2844 676 2879 non
724 2828 1005 2896 dignetur,
1038 2826 1160 2880 audi
1209 2827 1371 2880 Deum
1418 2827 1755 2896 loquentem,
1798 2828 1937 2882 sicut

352 2917 462 2971 heri
521 2917 878 2971 dicebamus:
914 2916 1036 2970 Non
1082 2916 1388 2986 permanebit
1436 2916 1660 2983 Spiritus
1704 2934 1843 2970 meus
1883 2918 1935 2971 in

340 3008 629 3063 hominibus
676 3009 816 3074 istis,
849 3026 904 3063 eo
942 3010 1080 3079 quod
1103 3008 1204 3077 ipsi
1226 3025 1401 3062 carnes
1430 3020 1545 3062 sunt
1571 3008 1731 3081 (Gen.
1754 3009 1805 3065 6.
1834 3009 1868 3063 5

344 3100 454 3168 Ego
483 3100 646 3165 enim,
676 3099 858 3153 dicere
882 3100 1011 3163 vult,
1040 3100 1388 3153 substantiam
1414 3116 1478 3154 ex
1501 3115 1661 3154 carne
1681 3110 1735 3155 et
1754 3102 1929 3155 anima

344 3192 446 3245 illis
487 3192 605 3245 dedi
641 3210 654 3245 :
698 3191 799 3261 ipsi
826 3200 1005 3247 autem
1046 3192 1197 3262 quasi
1240 3193 1351 3246 sola
1392 3207 1555 3248 carne
1581 3194 1926 3260 circumdati,

341 3284 411 3337 ita
438 3284 660 3338 virtutes
688 3284 848 3338 animi
878 3284 1149 3355 negligunt
1169 3324 1187 3349 ,
1213 3293 1267 3338 et
1294 3285 1460 3338 solam
1491 3300 1705 3339 carnem
1736 3285 1928 3340 deinde

335 3385 628 3431 sectantur.
675 3376 862 3431 Vidisti
905 3376 1173 3447 quomodo
1199 3375 1267 3431 ob
1307 3377 1559 3431 malitiam
1587 3393 1801 3432 carnem
1832 3394 1925 3433 eos

338 3479 493 3522 vocat
519 3478 572 3523 et
597 3484 703 3521 non
732 3467 978 3522 homines
1002 3467 1026 3520 ?
1056 3468 1118 3521 Et
1148 3469 1362 3534 iterum,
1391 3478 1447 3521 ut
1474 3468 1649 3521 statim
1675 3468 1920 3535 audietis,

313 3568 529 3618 ,terram
554 3573 649 3612 eos
671 3559 911 3613 nominat
928 3558 1105 3613 divina
1129 3557 1423 3627 Scriptura,
1447 3573 1512 3612 eo
1532 3558 1671 3627 quod
1697 3562 1953 3614 terrenis’

331 3648 735 3719 cogitationibus
776 3649 1159 3703 absumantur:
1190 3648 1319 3702 dicit
1340 3648 1481 3703 enim
1508 3667 1521 3703 :
1553 3649 1645 3703 Η.
1671 3646 1920 3719 Corrupto

331 3751 497 3793 autem
526 3750 634 3794 erat
661 3749 791 3794 terra
819 3756 989 3793 coram
1014 3739 1142 3793 Deo.
1169 3738 1284 3794 Non
1310 3739 1378 3794 de
1402 3751 1542 3794 terra
1571 3740 1810 3795 sensibili
1842 3741 1920 3794 lo-

331 3834 546 3901 quitur,
593 3833 687 3887 sed
729 3833 1112 3887 inhabitatores
1154 3842 1352 3888 terram
1388 3842 1562 3886 vocat.
1595 3833 1715 3887 Alio
1740 3842 1915 3888 autem

330 3926 447 3979 loco
468 3942 638 3997 neque
661 3938 856 3980 terram
887 3943 1058 3997 neque
1087 3942 1302 3981 carnem
1327 3927 1564 3982 nominat
1589 3944 1601 3979 :
1623 3927 1717 3981 sed
1744 3943 1916 3996 neque

328 4033 444 4072 esse
473 4034 566 4073 eos
593 4028 740 4089 putat
771 4020 823 4073 in
854 4021 952 4074 hac
988 4021 1233 4089 praesenti
1266 4020 1367 4073 vita
1390 4059 1407 4087 ,
1444 4035 1513 4074 eo
1547 4020 1687 4088 quod
1718 4022 1913 4076 virtute

330 4118 569 4185 careant.
605 4110 740 4163 Audi
771 4110 914 4163 enim
942 4109 1252 4180 prophetam
1291 4110 1604 4164 clamantem
1647 4121 1701 4165 et
1732 4111 1913 4166 dicen-

328 4208 433 4252 tem
468 4200 519 4253 in
552 4200 725 4254 media
752 4198 1321 4271 Jcrosolymitmmrum
1352 4199 1664 4269 metrOpoli,
1721 4201 1807 4255 ubi
1838 4212 1911 4257 tot

330 4290 493 4344 millia
527 4292 749 4345 millium
778 4300 834 4346 et
862 4291 1143 4345 multitudo
1172 4292 1446 4345 innumera
1476 4309 1489 4345 :
1529 4290 1689 4355 Veni,
1736 4302 1779 4346 et
1810 4309 1911 4346 non

322 4392 425 4435 erat
452 4382 600 4436 homo
621 4399 639 4447 ,'
668 4384 859 4447 vocavi,
883 4392 930 4435 et
956 4399 1057 4435 non
1076 4393 1182 4437 erat
1202 4384 1286 4452 qui
1311 4383 1508 4436 audiret
1526 4383 1675 4453 (lsai.
1702 4384 1788 4438 50.
1812 4386 1869 4457 2)
1893 4403 1906 4439 :

321 4487 425 4526 non
453 4474 574 4542 quia
597 4489 702 4528 non
729 4473 974 4538 aderant,
1007 4472 1100 4527 sed
1129 4473 1249 4542 quia
1285 4484 1573 4541 praesentes
1602 4474 1766 4527 nihilo
1792 4490 1908 4529 me-

322 4563 480 4618 liores
507 4572 680 4628 erant,
711 4579 871 4633 quam
898 4562 944 4617 si
982 4579 1084 4617 non
1116 4563 1337 4619 fuissent
1364 4573 1675 4631 praesentes.
1708 4564 1774 4617 Et
1801 4565 1908 4618 alio

320 4669 531 4723 quoque
558 4656 673 4709 loco
703 4674 716 4709 :
753 4654 1034 4709 Discurrite
1054 4664 1101 4709 et
1122 4655 1299 4718 videte,
1332 4655 1376 4707 si
1402 4666 1471 4707 est
1491 4671 1619 4707 unus
1645 4656 1731 4723 qui
1754 4656 1907 4721 faciat

307 4747 569 4817 judicium
598 4758 645 4800 et
665 4749 949 4818 justitiam,
973 4761 1018 4803 et
1040 4750 1287 4820 propitius
1307 4766 1391 4801 ero
1414 4746 1556 4819 (Jer.
1587 4749 1638 4803 5.
1668 4749 1692 4802 1
1721 4749 1759 4817 ).
1926 4764 1937 4805 3

393 4835 532 4889 Deus
560 4836 809 4911 hominem
834 4856 947 4893 eum
968 4841 1129 4895 solum
1153 4848 1295 4894 vocat
1316 4839 1401 4910 qui
1424 4840 1650 4892 virtutem
1672 4840 1805 4891 colit.
1836 4868 1906 4879 -—-

324 4927 510 4983 Vidisti
541 4929 808 4998 quomodo
835 4930 983 4985 illum
1009 4932 1178 4985 solum
1206 4931 1479 5000 Scriptura
1521 4940 1701 4986 sancta
1733 4930 1902 4985 homi.

315 5037 438 5077 nem
470 5035 663 5074 vocare
693 5021 861 5088 solet,
889 5022 975 5091 qui
1006 5023 1250 5078 virtutem
1280 5023 1410 5077 colit
1437 5040 1449 5075 :
1482 5034 1704 5079 canoros
1725 5036 1901 5077 autem

318 5125 489 5181 neque
515 5126 636 5166 esse
661 5121 830 5179 putat,
862 5112 956 5165 sed
981 5112 1268 5182 aliquando
1295 5122 1451 5167 vocat
1473 5123 1691 5178 terram,
1722 5124 1774 5168 et
1804 5114 1900 5167 ali-

320 5201 532 5271 quando
574 5202 839 5257 carnem?
887 5202 998 5256 Hac
1042 5202 1109 5258 de
1158 5218 1314 5257 causa
1369 5203 1729 5273 genealogiam
1774 5203 1903 5272 justi

316 5305 648 5350 narraturam
671 5310 730 5351 se
751 5294 1066 5365 promittens
1091 5295 1268 5349 divina
1296 5294 1566 5364 Scriptura
1595 5296 1723 5349 dicit
1751 5313 1764 5348 :
1791 5295 1903 5350 Noe

315 5386 463 5439 homo
493 5405 509 5440 :
540 5385 628 5441 hic
647 5387 790 5442 enim
812 5387 960 5442 solus
985 5386 1166 5450 homo,
1196 5386 1373 5440 caeteri
1399 5394 1576 5439 autem
1606 5400 1713 5439 non
1736 5386 1904 5440 homi-

314 5492 411 5532 nes
431 5518 444 5542 ,
474 5477 568 5532 sed
599 5478 883 5534 humanam
911 5489 1156 5548 gerentes
1194 5477 1418 5532 formam
1444 5518 1460 5543 ,
1496 5487 1551 5534 et
1577 5493 1641 5534 ex
1671 5479 1900 5534 homini-

318 5569 413 5623 bus
443 5570 496 5625 in
522 5569 718 5627 bestias
746 5571 975 5639 mutati,
1021 5571 1217 5625 malitia
1246 5570 1529 5627 voluntatis
1570 5571 1898 5629 nobilitatem

1343 152 1438 229 _IN
1476 149 1630 209 CAP.
1676 150 1763 206 Vl.
1793 150 2041 209 GENES.
2082 153 2313 216 IlU’MlL.
2358 163 2544 223 XXIII.

3578 189 3685 245 ὀἳ

2098 280 2303 327 uatum
2350 280 2659 335 amiserunt.
2705 283 2860 351 Quod
2889 289 3030 345 enim
3054 304 3177 347 eum
3210 294 3261 349 in
3289 296 3487 355 attalum
3513 301 3677 357 decli-

2092 376 2223 419 nant
2250 367 2494 426 homines
2522 375 2835 443 rationales,
2875 390 2929 436 et
2958 384 3099 437 servi
3129 385 3261 441 liunt
3288 388 3673 448 irrationaliqu

2086 452 2447 525 all'ectionum,
2477 462 2654 519 divina
2685 467 2956 538 Scriptura
2984 473 3221 542 imponat
3252 477 3355 534 illis
3376 480 3671 539 bestiarum

2085 547 2321 613 nomina,
2354 553 2476 606 audi
2504 563 2560 609 ut
2584 558 2811 626 quodam
2844 562 2960 618 loco
2979 564 3108 619 dicit
3138 583 3153 620 :
3189 567 3326 640 Equi
3366 575 3672 641 feminarum

2082 649 2335 728 amatores
2358 644 2481 711 facti
2508 658 2626 701 sunt
2660 649 2790 719 (Jer.
2828 653 2881 706 5.
2912 654 2987 721 8).
3021 656 3148 712 Vide
3177 664 3445 728 quomodo
3469 669 3540 719 ob
3568 667 3670 720 itu-

2081 727 2342 783 tnodieam
2379 734 2706 792 salacitatem
2758 744 2896 797 hanc
2940 727 3213 802 brutorum
3242 756 3665 823 eognominatio-

2080 829 2199 869 nem
2232 817 2398 875 indat.
2428 823 2565 879 Alibi
2595 838 2771 882 autem
2800 848 2813 882 :
2856 829 3113 888 Venenum
3139 817 3373 907 aspidu'm
3405 846 3496 897 sub
3517 845 3666 902 labiis

2077 920 2247 959 eorum
2274 908 2444 977 (Psal.
2476 916 2561 969 l3.
2594 918 2644 980 5,
2679 929 2723 971 et
2751 920 2873 976 159.
2901 922 2980 991 4),
3013 926 3099 978 ubi
3130 928 3243 994 ejus
3273 931 3457 987 bestia:
3480 937 3661 992 dolum

2074 1008 2127 1093 et
2152 996 2415 1057 fallaciam
2448 1005 2643 1062 imitari
2676 1026 2769 1065 eos
2801 1014 3018 1068 indicat.
3045 1018 3217 1074 Canes
3247 1038 3457 1093 quoque
3486 1042 3664 1084 mutos

2072 1086 2207 1187 alios
2229 1092 2557 1187 vocat(lsai.
2590 1100 2678 1153 56.
2713 1102 2789 1169 1).
2816 1103 2880 1156 Ει
2908 1105 3100 1161 iterum
3121 1086 3277 1177 dicit,
3298 1086 3445 1167 sum
3469 1121 3663 1187 aspidis

2070 1180 2241 1275 surda”.
2271 1195 2318 1235 et
2347 1186 2628 1243 obturantis
2653 1208 2799 1246 aures
2820 1212 2939 1249 suas
2965 1197 3134 1270 (Psal.
3168 1203 3255 1256 57.
3280 1205 3357 1275 5),
3390 1207 3507 1262 illos
3529 1180 3661 1264 sub-

2069 1269 2310 1328 indicans
2334 1278 2422 1345 qui
2451 1294 2605 1336 aures
2627 1284 2692 1337 ad
2721 1285 3015 1344 doctrinam
3046 1293 3259 1348 virtutis
3294 1269 3565 1355 obturant.
3593 1304 3659 1357 Et

2067 1362 2231 1453 multa
2276 1366 2377 1420 alia
2419 1372 2540 1438 quis
2580 1375 2795 1429 nomina
2846 1378 3085 1434 inveniet
3122 1382 3368 1453 imposita
3411 1403 3439 1440 a
3480 1390 3657 1446 divina

2064 1450 2334 1522 Scriptura
2389 1458 2455 1513 iis
2488 1463 2574 1530 qui
2606 1464 2658 1517 in
2688 1465 2962 1523 brutorum
2991 1450 3213 1527 aﬂ‘ectus
3253 1491 3348 1545 per
3390 1478 3653 1549 ignaviam

2066 1551 2358 1641 transeunt.
2392 1549 2576 1622 Neque
2614 1555 2666 1609 in
2704 1560 2871 1613 veteri
2912 1562 3083 1616 solum
3116 1564 3255 1620 istud
3286 1569 3466 1626 videre
3488 1572 3609 1629 licet
3632 1614 3651 1641 ,

2061 1634 2154 1724 sed
2183 1645 2238 1690 et
2262 1638 2313 1692 in
2342 1656 2475 1695 nova
2517 1643 2654 1714 lege".
2696 1647 2832 1702 Audi
2875 1652 3017 1705 enim
3054 1653 3343 1724 Baptistam
3383 1634 3648 1719 dicentem

2059 1722 2258 1783 Judteis
2291 1746 2305 1782 :
2349 1730 2624 1803 Pragenies
2664 1738 2968 1807 viperarum,
3015 1722 3144 1811 quis?
3168 1748 3305 1802 vobis
3356 1758 3653 1809 monstravit

2058 1819 2235 1885 fugere
2260 1837 2292 1872 a
2317 1835 2523 1877 ventura
2548 1827 2627 1879 ira
2667 1828 2881 1896 (Matth.
2914 1833 2965 1885 5.
2996 1833 3026 1887 7
3048 1835 3108 1903 )?
3150 1835 3337 1892 Vidisti
3378 1845 3648 1910 quomodo

2058 1916 2109 1961 et
2138 1910 2221 1963 hic
2250 1911 2429 1967 dolum
2461 1919 2655 1973 tuentis
2683 1920 2893 1976 illorum
2928 1925 3110 1979 bestia:
3138 1930 3353 1985 nomine
3379 1934 3649 2004 signilica-

2057 2000 2169 2096 vit?
2193 2003 2329 2096 Quid
2353 2021 2479 2077 ergo
2506 2011 2862 2068 miserabilius
2892 2015 3047 2071 fuerit
3069 2000 3454 2089 peccatoribus,
3480 2029 3566 2096 qui
3592 2038 3648 2085 et

2055 2092 2171 2162 ipso
2201 2094 2432 2153 hominis
2462 2103 2677 2158 nomine
2706 2107 2999 2175 privamur,
3026 2120 3078 2164 et
3108 2123 3322 2181 pr0pter
3348 2114 3449 2170 hoc
3474 2092 3644 2188 majo-

2052 2187 2198 2242 ribus
2229 2192 2397 2258 pmnis
2423 2193 2564 2264 digni
2596 2206 2750 2262 sunt;
2782 2200 2921 2267 quod
2968 2212 3087 2270 post
3128 2217 3373 2275 acceptas
3394 2223 3423 2262 a
3452 2187 3636 2270 natura

2051 2277 2307 2345 plurimas
2328 2284 2634 2338 occasiones
2660 2286 2725 2339 ad
2758 2287 3193 2345 benefaciendum
3217 2305 3515 2364 monentes,
3544 2300 3640 2354 de~

2047 2377 2189 2457 serta
2224 2385 2287 2424 ac
2318 2372 2524 2441 prodita
2550 2375 2744 2431 virtute
2788 2378 2926 2433 ultro
2969 2379 3036 2434 ad
3077 2382 3201 2437 vitia
3247 2386 3640 2457 transfugiant?

2036 2456 2306 2543 Quoniam
2336 2462 2494 2533 igitur
2517 2466 2604 2534 qui
2630 2475 2755 2520 tunc
2788 2476 2972 2535 erant,
3021 2485 3207 2526 omnes
3230 2488 3291 2527 ea
3321 2480 3378 2528 se
3405 2456 3637 2534 hominis

2044 2553 2400 2621 appellatione
2428 2556 2670 2625 indignos
2692 2560 3033 2627 praestabant,
3057 2562 3232 2631 justus
3258 2575 3435 2621 autem
3467 2568 3554 2624 ille
3582 2571 3637 2627 in

2050 2649 2195 2696 tanta
2224 2644 2433 2700 virtutis
2459 2647 2737 2702 sterilitate
2760 2689 2775 2715 ,
2829 2659 2934 2703 tam
2972 2653 3252 2708 excellenti
3303 2657 3494 2712 virtute
3535 2662 3633 2715 llo.

2044 2738 2169 2800 ruit,
2201 2737 2319 2792 ideo
2346 2737 2614 2809 Scriptura
2643 2757 2762 2797 cum
2786 2744 3033 2811 cmpisset
3065 2760 3280 2802 narrare
3312 2750 3409 2803 viri
3438 2766 3634 2819 genea-

2042 2827 2235 2897 logiam
2261 2871 2276 2895 ,
2306 2832 2439 2886 dixit
2472 2852 2486 2887 :
2520 2832 2635 2887 Noe
2665 2844 2833 2889 autem
2861 2837 3030 2891 homo.
3068 2839 3163 2891 Est
3200 2848 3252 2892 et
3280 2842 3417 2895 alius
3453 2844 3631 2911 justus

2038 2918 2275 2989 quidam,
2299 2922 2383 2973 cui
2407 2921 2508 2976 hoc
2536 2938 2728 2977 nomen
2755 2939 2850 2993 pro
2877 2940 3085 2979 summo
3115 2930 3358 2984 encomio
3383 2934 3626 3004 contigit,

2037 3017 2093 3063 et
2116 3025 2225 3080 prae
2249 3012 2370 3066 aliis
2392 3013 2641 3067 omnibus
2689 3015 2788 3068 hoc
2832 3016 3048 3070 nomine
3079 3018 3429 3088 praedicatur,
3463 3034 3521 3077 ut
3548 3027 3629 3082 sic

2035 3100 2204 3155 virtus
2234 3101 2373 3155 illius
2402 3103 2686 3173 diligenter
2718 3115 3036 3174 exponatur.
3069 3107 3197 3174 Quis
3224 3110 3314 3165 ille
3337 3115 3464 3167 est?
3486 3116 3624 3171 Bea—

2035 3199 2118 3246 tus
2142 3191 2263 3255 Job,
2290 3192 2377 3246 ille
2406 3194 2546 3264 pugil
2575 3195 2803 3263 pietatis,
2835 3196 3031 3252 athleta
3063 3199 3227 3262 orbis,
3252 3200 3341 3268 qui
3365 3203 3508 3255 solus
3540 3206 3625 3259 in-

2030 3283 2284 3336 curabilia
2314 3283 2401 3337 illa
2428 3286 2711 3352 sustinuit,
2758 3295 2813 3341 et
2840 3289 3075 3356 acceptis
3105 3290 3398 3346 innumeris
3441 3309 3468 3345 a
3506 3294 3621 3347 dia-

2031 3371 2152 3427 bolo
2193 3374 2311 3428 telis
2339 3416 2355 3442 ,
2400 3375 2593 3430 vulnus
2642 3392 2747 3431 non
2768 3377 2975 3447 accepit
3022 3394 3037 3430 :
3084 3379 3177 3433 sed
3225 3381 3357 3434 sicut
3401 3382 3620 3439 adamas

2027 3464 2240 3534 quidam
2268 3482 2456 3520 omnes
2482 3468 2714 3538 impetus
2736 3469 2875 3522 ferre
2906 3469 3094 3538 potuit,
3123 3481 3177 3524 et
3202 3485 3232 3525 a
3259 3472 3418 3527 tantis
3444 3475 3619 3532 ﬂueti-

2026 3555 2127 3610 bus
2156 3572 2261 3611 non
2286 3556 2458 3611 solum
2488 3573 2593 3612 non
2620 3567 2701 3612 est
2724 3558 3035 3613 submersus
3053 3599 3070 3624 ,
3101 3561 3195 3614 sed
3222 3570 3276 3614 et
3302 3565 3575 3631 praevaluit
3599 3583 3615 3633 ;

2024 3656 2079 3700 et
2102 3648 2336 3717 acceptis
2374 3648 2424 3700 in
2470 3663 2665 3716 corpus
2694 3662 2849 3702 suum
2900 3650 3147 3704 omnibus
3185 3651 3274 3719 qui
3320 3652 3372 3705 in
3415 3657 3618 3709 mundo

2023 3750 2179 3793 erant
2206 3739 2518 3806 doloribus,
2568 3739 2667 3794 hac
2715 3740 2924 3794 ratione
2963 3740 3133 3795 multo
3180 3742 3372 3795 clarior
3421 3746 3613 3800 evasit.

2021 3832 2138 3887 Non
2164 3832 2334 3886 solum
2363 3831 2504 3885 enim
2527 3846 2633 3886 non
2661 3831 2809 3885 illum
2846 3839 3052 3887 terrore
3102 3833 3323 3901 perculit
3354 3835 3611 3901 ingruen-

2022 3924 2155 3978 tium
2178 3923 2420 3977 dolorum
2454 3921 2750 3992 frequentia
2770 3964 2786 3989 ,
2815 3921 2909 3976 sed
2938 3930 2993 3977 et
3021 3922 3085 3976 ad
3114 3922 3371 3992 majorem
3410 3927 3611 3994 gratia-

2020 4033 2138 4072 rum
2164 4018 2426 4071 actionem
2456 4017 2703 4071 excitavit
2732 4033 2745 4069 :
2769 4024 2927 4085 atque
2952 4014 3006 4068 in
3033 4015 3280 4070 omnibus
3305 4032 3457 4070 suum
3485 4033 3611 4087 gra-

2021 4120 2131 4165 tum
2162 4110 2398 4163 animum
2419 4108 2729 4173 declarans,
2780 4107 2991 4161 letalem
3013 4106 3225 4160 diabolo
3266 4107 3471 4177 plagam
3522 4110 3610 4163 iu-

2018 4202 2174 4267 llixit,
2200 4217 2306 4271 quo
2332 4201 2419 4255 ille
2446 4200 2767 4270 intelligeret
2796 4213 2916 4253 sese
2933 4197 3125 4251 frustra
3158 4199 3328 4254 moliri
3351 4208 3404 4253 et
3422 4210 3607 4255 contra

2017 4293 2290 4349 stimulum
2318 4292 2613 4347 caleitrare.
2665 4290 2817 4345 Hune
2842 4287 3003 4360 igitur
3030 4299 3267 4343 sanctum
3296 4290 3455 4344 etiam
3483 4301 3608 4347 ante

2016 4397 2093 4441 tot
2119 4400 2316 4457 agones
2342 4395 2397 4439 et
2421 4383 2745 4444 certamina,
2789 4390 2991 4435 tantum
3024 4380 3257 4434 laudavit
3301 4382 3606 4436 misericors

2016 4477 2180 4540 Dens,
2208 4485 2263 4530 et
2290 4472 2584 4543 [medicans
2614 4471 2745 4524 dixit
2765 4471 2974 4523 diabolo
3000 4487 3014 4522 :
3046 4468 3185 4522 Num
3213 4472 3382 4523 animo
3406 4480 3495 4524 tuo
3510 4473 3604 4523 ad-

2013 4566 2200 4621 vertisti
2226 4565 2471 4635 famulum
2499 4579 2661 4616 meum
2689 4561 2808 4623 Job,
2841 4560 2976 4631 quod
3015 4577 3116 4613 non
3145 4562 3208 4613 sit
3248 4561 3397 4613 homo
3423 4562 3604 4616 similis

2010 4659 2089 4712 illi
2117 4673 2269 4724 super
2287 4640 2493 4720 terram,
2520 4654 2668 4707 homo
2690 4653 2999 4723 inculpatus,
3016 4653 3209 4723 justus,
3243 4648 3411 4718 verax,
3440 4651 3601 4706 Deum

2010 4750 2207 4813 colens,
2235 4747 2486 4801 abstinens
2512 4746 2574 4799 ab
2597 4745 2732 4798 onmi
2759 4760 2908 4812 Opere
2928 4744 3060 4796 malo
3090 4742 3245 4811 (Job.
3283 4744 3333 4795 l.
3362 4740 3473 4812 8)?
3506 4742 3599 4795 Vi-

2011 4842 2134 4899 disti
2160 4849 2214 4896 et
2242 4840 2385 4894 hunc
2415 4854 2444 4892 a
2471 4838 2739 4893 communi
2774 4846 2976 4889 natura:
3002 4835 3216 4888 nomine
3236 4834 3383 4901 prius
3409 4833 3601 4902 przedi-

2009 4932 2163 4987 cari?
2185 4930 2476 4996 Advertisti,
2500 4929 2691 4999 inquit,
2721 4926 2970 4997 {urnulam
3002 4941 3167 4977 meum
3195 4923 3316 4988 Job,
3339 4925 3474 4995 quod
3499 4941 3602 4978 non

2009 5027 2074 5079 sit
2098 5025 2278 5079 similis
2308 5024 2386 5077 illi
2408 5024 2556 5075 homo
2576 5021 2601 5073 ?
2644 5020 2710 5073 Et
2741 5018 2942 5073 similes
2967 5018 3147 5089 utique
3173 5032 3360 5071 omnes
3389 5034 3504 5073 sum
3517 5035 3598 5082 us,

2010 5115 2105 5171 sed
2135 5130 2242 5168 non
2287 5111 2577 5168 secundum
2616 5110 2896 5174 virtutem,
2938 5106 3031 5162 sed
3077 5107 3366 5162 secundum
3415 5108 3600 5164 forma:

2010 5205 2268 5259 rationem
2304 5221 2316 5257 :
2349 5210 2403 5254 at
2437 5203 2537 5255 hoc
2565 5213 2668 5252 non
2705 5206 2788 5251 est
2825 5197 3018 5262 homo,
3072 5196 3164 5252 sed
3190 5199 3403 5269 quando
3432 5200 3594 5255 absti.

2010 5311 2144 5349 nens
2162 5310 2190 5347 a
2223 5292 2421 5346 malitia
2446 5290 2689 5343 virtutem
2718 5295 2989 5357 operatur.
3330 5334 3343 5345 ,

2080 5388 2131 5443 5.
2164 5385 2353 5441 Vidisti
2382 5397 2517 5452 quos
2549 5381 2727 5435 divina
2757 5378 3031 5448 Scriptura
3058 5378 3302 5435 homines
3327 5382 3597 5450 appellare

2009 5478 2186 5535 solet?
2213 5476 2475 5544 Quocirca
2516 5482 2569 5527 et
2610 5472 2679 5527 ab
2719 5470 2871 5525 initio
2898 5485 3019 5525 cum
3040 5472 3259 5528 vidisset
3298 5472 3438 5526 Deus
3470 5487 3592 5526 eum

2008 5586 2099 5644 qut
2128 5584 2158 5625 a
2179 5583 2238 5625 se
2261 5575 2432 5622 tactus
2459 5572 2598 5631 erat,
2625 5560 2837 5617 dicebat
2866 5578 2879 5617 :
2928 5560 3202 5616 Faciamus
3243 5562 3491 5616 hominem
3512 5576 3591 5613 sev
