4066 6140
476 215 582 274 εθδ

474 326 696 383 cundum
722 324 991 395 imaginem
1021 329 1242 376 nostram
1276 330 1322 373 et
1354 318 1627 372 secundant
1665 314 2041 370 similitudinem

480 417 632 487 (Gen.
665 417 718 470 Ι.
737 414 852 482 28),
884 413 985 467 hoc
1009 421 1112 477 est,
1143 421 1199 465 ut
1219 411 1444 480 imperet
1478 416 1533 462 et
1556 405 1846 462 vis‘ibilibus
1870 402 2044 456 omni-

477 508 576 562 bus
601 515 655 560 et
688 502 961 559 affectibus
982 502 1095 556 suis
1119 518 1134 555 :
1164 500 1409 567 imperet,
1455 511 1559 550 non
1589 494 1720 550 ferat
1742 493 2044 562 imperium.

477 595 627 662 Quod
680 593 725 647 si
769 607 919 669 suam
973 590 1201 659 prodens
1239 588 1545 658 dignitatem
1593 584 1870 653 imperium
1914 581 2047 634 ferat

478 685 675 755 potius,
704 696 860 751 quam
889 681 1142 750 imperet,
1185 678 1345 732 homo
1367 691 1488 731 esse
1512 673 1706 730 desinit
1729 713 1745 738 ,
1775 681 1831 726 et
1864 671 2046 724 bruto-

476 791 591 830 rutn
623 775 674 827 in
702 788 762 827 se
792 764 987 825 nomen
1015 767 1285 823 transfert.
1313 768 1490 835 Atque
1510 764 1610 818 hac
1636 762 1704 817 de
1721 774 1881 815 causa
1908 772 2049 813 nunc

474 866 650 918 divina
691 862 965 930 Scriptura
1009 861 1258 913 virtutem
1310 857 1437 925 justi
1481 855 1625 929 illius
1675 849 2048 907 commendare

480 957 685 1018 volens,
713 955 849 1008 dixit
878 970 892 1006 :
927 951 1023 1006 Ha!
1048 959 1161 1003 sunt
1187 949 1526 1020 generationes
1551 943 1667 999 Noe
1697 958 1717 997 :
1748 941 1864 997 Noe
1898 942 2049 994 homo

469 1047 644 1116 justus
677 1043 840 1115 (Gen.
872 1042 926 1096 6.
954 1040 1047 1110 9).
1079 1040 1214 1094 Ecce
1239 1049 1292 1093 et
1314 1038 1468 1091 aliam
1492 1037 1773 1089 maximam
1795 1030 2048 1104 prmconii

479 1135 708 1204 speciem
731 1173 747 1195 ,
774 1131 960 1195 Justus
990 1147 1008 1183 :
1037 1129 1137 1183 hac
1167 1126 1521 1197 appellatione
1544 1138 1772 1178 omnem
1801 1122 2048 1175 virtutem

484 1223 868 1291 complectitur.
902 1220 1011 1273 Hoc
1032 1217 1172 1273 enim
1202 1231 1430 1281 nomen,
1455 1214 1652 1283 justus,
1679 1212 2049 1266 consuevimus

481 1313 662 1367 dicere
695 1312 763 1366 de
801 1310 867 1364 iis
895 1309 982 1379 qui
1025 1307 1360 1375 omnigeuam
1394 1313 1645 1360 exercent
1673 1302 1919 1355 virtutem
1947 1297 2047 1369 (α).

484 1402 669 1456 Postea
695 1410 750 1453 ut
769 1398 943 1455 discas
963 1395 1230 1467 quomodo
1258 1392 1324 1447 ad
1350 1405 1617 1446 summum
1658 1389 1865 1443 virtutis
1908 1387 2053 1441 fasti-

483 1493 622 1563 giuut
652 1489 974 1560 pervenerit,
1003 1486 1054 1541 id
1078 1484 1218 1556 quod
1248 1492 1303 1538 et
1331 1491 1457 1538 tunc
1481 1480 1789 1551 exigebatur
1810 1494 1840 1532 a
1861 1486 2049 1532 natura

484 1591 662 1638 nostra
681 1620 699 1648 ,
727 1580 894 1650 inquit
924 1596 938 1632 :
976 1575 1156 1631 Justus
1181 1585 1228 1628 et
1252 1577 1499 1645 perfectus
1523 1571 1576 1625 in
1598 1569 1914 1641 generatione
1936 1581 2048 1618 sua.

480 1672 688 1738 Omnia,
716 1670 916 1740 inquit,
946 1668 1183 1738 implevit
1215 1678 1560 1736 quaecumque
1582 1662 1755 1716 facere
1804 1658 2053 1714 convenit

479 1778 600 1818 eum
625 1763 713 1832 qui
744 1763 989 1816 virtutem
1018 1759 1349 1828 amplexatur
1373 1771 1387 1807 :
1421 1754 1548 1809 illud
1577 1753 1718 1808 enim
1749 1749 2011 1820 significat
2032 1789 2049 1816 ,

482 1851 746 1920 Perfectus
769 1867 790 1904 :
813 1850 944 1904 nihil
981 1846 1287 1912 intermisit,
1314 1845 1368 1900 in
1400 1844 1544 1899 nullo
1570 1841 1910 1897 claudicavit.
1934 1838 2050 1894 Non

480 1944 536 1998 in
557 1944 658 1999 hoc
684 1951 828 1997 recte
855 1940 1078 2010 agebat,
1127 1938 1179 1993 in
1216 1937 1309 1992 illo
1342 1945 1517 1991 autem
1546 1933 1835 2003 peccabat,
1877 1929 1971 1985 sed
1999 1930 2050 1983 in

479 2033 623 2088 omni
649 2033 844 2087 virtute
870 2029 1132 2099 perfectus
1156 2036 1272 2083 erat
1302 2044 1316 2080 :
1349 2026 1473 2081 illud
1497 2025 1638 2080 enim
1662 2022 1914 2077 exhibere
1938 2018 2053 2089 ejus

479 2121 639 2177 officii
678 2130 812 2176 erat.
846 2120 1142 2182 Praeterea,
1184 2127 1242 2171 ut
1277 2131 1343 2171 ex
1387 2126 1625 2184 tempore
1660 2128 1868 2183 quoque
1892 2119 1947 2165 et
1986 2126 2050 2165 ex

478 2213 877 2284 comparatione
923 2225 1041 2265 cum
1087 2210 1208 2263 aliis
1256 2208 1597 2263 illustriorem
1653 2203 1805 2259 nobis
1852 2203 2051 2272 justum

479 2305 787 2367 exhiberet,
830 2301 998 2370 inquit
1036 2317 1051 2354 :
1088 2298 1356 2369 Perfectus
1381 2298 1434 2350 in
1466 2295 1781 2366 generatione
1821 2307 1956 2355 sua;
1999 2291 2052 2345 in

483 2404 721 2462 tempore
747 2393 837 2446 illo
855 2431 872 2457 ,
902 2391 954 2444 in
983 2390 1326 2460 generatiooe
1350 2388 1435 2441 illa
1466 2399 1712 2457 perversa
1733 2425 1748 2450 ,
1777 2399 1894 2452 qua:
1920 2382 2052 2436 adeo

483 2485 537 2538 in
585 2482 782 2536 malum
827 2481 1148 2545 declinavit,
1192 2494 1311 2548 qua:
1338 2492 1510 2546 neque
1538 2474 1814 2543 vestigium
1844 2472 2053 2527 virtutis

484 2587 594 2642 prae
628 2586 689 2626 se
712 2570 853 2625 ferre
876 2570 1060 2624 voluit.
1094 2569 1148 2622 In
1192 2568 1278 2623 illa
1310 2568 1467 2638 igitur
1490 2565 1850 2636 generatione,
1879 2562 1929 2615 in
1952 2562 2053 2616 illis

485 2661 813 2731 temporibus
833 2661 1007 2728 justus
1037 2661 1242 2715 illeuon
1269 2659 1441 2714 solum
1473 2658 1719 2712 virtutem
1745 2670 1855 2724 pra:
1880 2668 1940 2709 se
1967 2662 2053 2707 tu-

486 2750 547 2805 lit
569 2792 585 2816 ,
617 2750 709 2805 sed
734 2759 791 2806 et
822 2751 873 2804 in
903 2759 1104 2805 tantum
1132 2749 1370 2818 pervenit
1394 2746 1605 2803 virtutis
1637 2745 1844 2801 culmen
1869 2785 1885 2812 ,
1929 2760 2051 2812 per-

482 2839 684 2906 fectus,
715 2848 772 2894 et
810 2841 861 2894 in
891 2840 1138 2893 onmibus
1162 2826 1454 2893 absolutus.
1497 2836 1630 2891 Nam
1674 2836 1724 2890 id
1763 2833 1902 2906 quod
1928 2841 2052 2889 ante

479 2928 620 2991 dixi,
665 2929 803 2983 bene
826 2944 980 2998 agere
1024 2930 1161 2983 inter
1185 2929 1392 2983 virtutis
1435 2927 1647 2995 hostes,
1692 2936 1746 2982 et
1793 2927 1930 2980 inter
1959 2940 2052 2981 eos

480 3020 571 3089 qui
597 3020 844 3074 virtutem
892 3020 1174 3089 prohibent
1198 3019 1440 3074 eamdem
1467 3018 1801 3073 sedulitatem
1846 3032 1956 3087 prae
1994 3030 2054 3071 se

481 3108 656 3175 ferre,
701 3109 870 3178 majus
895 3124 1104 3177 semper
1132 3109 1340 3163 virtutis
1370 3109 1576 3178 pondus
1615 3117 1856 3162 testatur.
1906 3106 2054 3162 Unde

482 3200 582 3255 hac
613 3199 817 3253 ratione
840 3198 1012 3267 justus
1043 3198 1128 3252 ille
1146 3197 1375 3267 majores
1403 3197 1585 3253 laudes
1612 3208 1796 3252 nactus
1820 3207 1921 3253 est.
1948 3197 2054 3253 Nc-

481 3303 588 3358 que
613 3288 697 3342 hic
728 3280 885 3342 finem
926 3286 1169 3342 laudandi
1212 3289 1359 3342 illum
1398 3287 1522 3342 facit
1540 3287 1717 3342 divina
1745 3288 2011 3358 Scriptura
2034 3331 2050 3357 ,

480 3378 575 3434 sed
604 3378 775 3433 adhuc
797 3378 1005 3432 virtutis
1036 3377 1176 3432 illius
1212 3378 1584 3433 excellentiam
1615 3378 1967 3444 demonstrat,
2000 3389 2056 3435 et

480 3468 619 3537 quod
659 3468 837 3522 divino
864 3468 1067 3522 calculo
1095 3467 1342 3536 probatus
1373 3468 1565 3535 fuerit,
1614 3469 1736 3538 quia
1776 3480 2052 3539 postquam

478 3550 655 3624 dixit,
677 3557 937 3627 Perfectus
957 3559 1007 3610 in
1028 3559 1348 3627 generatione
1366 3575 1458 3613 sua
1480 3600 1495 3624 ,
1520 3559 1693 3625 addit,
1727 3559 1834 3614 Deo
1864 3561 2053 3631 placuit

484 3648 617 3704 Noe.
649 3647 817 3703 Tanta
843 3658 957 3704 erat
977 3649 1146 3704 virtus
1167 3651 1324 3716 illius,
1351 3660 1409 3705 ut
1432 3663 1487 3707 et
1504 3667 1535 3705 a
1562 3652 1671 3707 Deo
1697 3651 1900 3707 laudari
1925 3667 2050 3720 pro-

478 3743 754 3797 meruerit.
781 3739 888 3796 Deo
918 3742 1058 3796 enim
1077 3782 1091 3807 ,
1121 3741 1321 3812 inquit,
1354 3742 1541 3812 placuit
1562 3740 1712 3806 Noe;
1738 3757 1802 3798 ac
1826 3743 1871 3797 si
1897 3742 2044 3797 dice-

477 3843 558 3887 ret
592 3850 604 3886 :
639 3833 962 3902 approbatus
990 3832 1084 3887 fuit
1109 3848 1138 3885 a
1167 3833 1315 3898 Deo;
1359 3849 1453 3902 per
1480 3833 1618 3888 bona
1658 3847 1817 3902 opera
1859 3833 2052 3903 placuit

483 3925 560 3980 illi
584 3926 743 3982 oculo
768 3926 857 3996 qui
888 3927 1049 3996 sopiri
1078 3941 1182 4000 non
1209 3935 1402 3996 potest,
1440 3932 1497 3981 et
1523 3926 1664 3980 illius
1692 3926 1791 3981 sibi
1817 3926 2047 3981 favorem

477 4024 678 4071 tantum
695 4016 995 4071 conciliavit
1022 4031 1115 4085 per
1131 4015 1320 4070 bonam
1338 4016 1520 4079 vitam,
1540 4027 1597 4070 ut
1614 4032 1734 4071 eum
1752 4032 1858 4071 non
1875 4018 2046 4072 solum

474 4108 544 4161 ab
578 4108 936 4178 indignatione
966 4108 1016 4160 in
1048 4121 1236 4161 omnes
1261 4104 1574 4161 effundenda
1594 4105 1851 4174 liberarit,
1873 4109 1966 4164 sed
1995 4118 2050 4163 et

473 4197 698 4252 aliorum
725 4206 1002 4265 patronum
1034 4195 1237 4250 fecerit.
1287 4195 1396 4250 Deo
1423 4196 1595 4259 enim,
1627 4197 1828 4266 inquit,
1860 4197 2049 4268 placuit

479 4285 613 4341 Noe.
642 4286 771 4353 Quis
792 4285 891 4338 hoc
919 4286 1122 4340 beatior
1142 4284 1320 4350 fuerit,
1349 4289 1439 4356 qui
1467 4295 1666 4340 tantam
1691 4303 1800 4356 prae
1826 4303 1883 4342 se
1908 4289 2046 4344 ferre

476 4375 649 4442 potuit
670 4375 939 4441 virtutem,
961 4385 1017 4429 ut
1041 4375 1319 4431 Dominum
1342 4376 1571 4431 universi
1595 4379 1812 4432 haberet
1834 4379 2045 4434 laudum

471 4482 689 4524 suarum
730 4481 1025 4536 praeconem
1044 4467 1067 4521 ?

547 4556 766 4624 Quinam
789 4571 899 4610 uere
926 4566 1164 4628 regnent;
1189 4557 1493 4630 genealogus
1517 4560 1695 4613 modus
1714 4560 1952 4629 Optimus.
1974 4590 2046 4601 -—

476 4646 602 4703 llaec
623 4646 690 4701 ab
712 4661 777 4701 eo
802 4656 925 4700 sunt
953 4649 1083 4701 facta
1110 4687 1127 4713 ,
1174 4663 1291 4717 qua:
1314 4647 1585 4718 quibusvis
1609 4648 1835 4713 divitiis,
1860 4650 2046 4718 quavis

472 4736 817 4794 abundantia.
848 4738 1031 4806 quavis
1058 4738 1222 4807 gloria
1247 4747 1299 4792 et
1324 4739 1579 4807 potentia,
1606 4738 1790 4807 quavis
1815 4738 2042 4794 lmmana

469 4828 720 4885 felicitate
741 4830 945 4898 potiora
965 4828 1175 4881 duxerit
1195 4827 1434 4897 quisquis
1453 4837 1682 4883 mentem
1711 4828 1871 4884 habet
1891 4847 1905 4883 :
1930 4831 2044 4885 ha-c

470 4934 633 4992 regno
659 4919 822 4988 magis
847 4915 1217 4972 desiderabilia
1251 4917 1448 4970 fuerint
1472 4915 1551 4982 ei,
1598 4918 1687 4986 qui
1727 4918 1890 4973 Deum
1928 4921 2043 4975 sin-

466 5022 594 5063 cero
638 5022 820 5063 amore
854 5006 1044 5077 diligit.
1076 5006 1271 5060 Verum
1307 5006 1448 5059 enim
1490 5020 1709 5076 regnum
1743 5009 1879 5063 istud
1917 5019 2001 5065 est
2022 5049 2039 5074 ,

467 5112 625 5167 posse
649 5112 745 5151 nos
773 5097 971 5167 optima
1001 5097 1105 5151 vita
1137 5097 1420 5166 prepitium
1448 5105 1503 5152 et
1525 5097 1843 5153 clementem
1887 5099 2041 5155 nobis

467 5187 691 5242 reddere
723 5187 1021 5241 Dominum.
1065 5185 1373 5242 Gebennam
1403 5188 1544 5242 enim
1575 5189 1763 5244 timere
1803 5204 1907 5245 non
1942 5191 2038 5246 de-

472 5276 662 5332 bemus
684 5286 907 5349 propter
933 5280 1109 5352 ignem
1135 5281 1286 5336 illmu
1316 5282 1899 5356 inexstinguibilem,et
1928 5303 2045 5359 poe-

529 5432 604 5498 (a)
628 5432 722 5485 Hic
746 5437 891 5502 locus
926 5436 1062 5488 hunc
1096 5451 1294 5489 versum
1333 5440 1643 5502 Empedoclis
1674 5440 1724 5491 in
1761 5442 2039 5494 memoriam

691 5511 703 5544 ε
732 5496 779 5544 έν
792 5502 842 5569 ,δὲ
858 5507 1296 5569 λσυὶτλνξοσῖἠν
1313 5496 1530 5569 καθ’-ἐμῇς
1547 5516 1657 5564 ’στιν,
1679 5503 1933 5569 in
1954 5519 2043 5555 Gil-

467 5563 560 5609 tem
589 5558 967 5622 contprzhensim
991 5558 1435 5613 qulutlit'to’omnis
1448 5558 1631 5615 'vii'tus.

1208 207 1266 265 S.
1306 204 1580 262 JO.\NNlS
1615 197 2086 258 CIIRYSOSTO)"
2124 198 2438 257 ARCHIEP.
2480 199 3007 297 CONSTANTINOP.

2155 327 2253 368 nas
2276 316 2573 381 terribiles,
2605 328 2657 372 et
2696 328 2977 387 perpetuos
3001 320 3303 376 cruciatus:
3340 322 3432 376 sed
3474 324 3598 392 quia
3640 325 3722 377 of-

2150 403 2415 462 fendimus
2435 418 2542 463 tam
2574 410 2767 464 bonum
2798 412 3127 477 Dominum,’
3169 422 3226 468 et
3265 415 3334 468 ab
3371 416 3512 470 illius
3554 417 3725 483 gratia

2150 510 2333 552 sumus
2358 499 2516 554 alieni
2559 517 2573 553 :
2616 502 2687 557 ita
2727 512 2782 556 et
2803 502 2868 558 ad
2908 519 3127 572 regnum
3165 507 3320 561 nobis
3367 508 3726 563 festinandum

2151 589 2363 643 nonnisi
2390 600 2605 661 propter
2631 606 2866 648 amorem
2889 594 2942 648 in
2971 595 3137 662 illum,
3168 606 3226 650 ut
3244 597 3360 666 ejus
3382 599 3551 670 gratia
3575 598 3727 654 frua-

2153 695 2292 733 mur.
2340 678 2471 733 Nam
2527 690 2583 734 ut
2602 696 2765 751 regno
2807 682 3211 741 desiderabilius
3257 695 3370 759 est,
3404 688 3730 745 clementem

2154 768 2432 822 Dominum
2479 781 2719 825 nosuum
2772 772 3085 828 benevolum
3124 790 3247 832 esse
3288 777 3440 831 nobis
3471 795 3485 831 :
3517 779 3591 833 ita
3632 794 3731 849 ge-

2154 859 2325 914 henna
2355 862 2585 929 gravius,
2615 863 2683 916 ab
2706 862 2846 918 illius
2870 865 3235 920 benevolentia
3264 869 3535 925 excidere.

2232 950 2446 1005 Vidistis
2482 960 2692 1022 quanta:
2735 954 2885 1009 nobis
2937 956 3175 1011 utilitatis
3217 957 3315 1014 fuit
3354 971 3728 1029 argumentum

2153 1041 2436 1110 appellatio
2452 1041 2604 1110 justi,
2631 1052 2687 1098 et
2710 1056 2964 1114 quantum
2992 1053 3375 1103 sententiarum
3414 1049 3726 1107 thesaurum

2153 1118 2360 1201 peperit
2381 1132 2707 1190 admirabilis
2747 1134 2905 1203 huius
2927 1137 3026 1190 viri
3049 1139 3400 1210 genealogia?
3428 1140 3728 1211 Sequamur

2153 1222 2314 1292 igitur
2337 1231 2392 1277 et
2415 1238 2513 1278 nos
2540 1223 2732 1279 divinat
2760 1222 3046 1296 Scriptura:
3074 1228 3284 1298 regulas
3303 1270 3318 1294 ,
3348 1241 3405 1286 et
3431 1230 3476 1285 si
3502 1232 3728 1287 velimus

2154 1312 2451 1382 aliquorum
2477 1314 2812 1385 genealogias
2834 1331 3103 1383 enarrare,
3135 1335 3239 1373 non
3271 1328 3446 1390 patres
3486 1332 3541 1376 et
3573 1337 3724 1387 avos,

2154 1414 2208 1457 et
2234 1403 2430 1458 abavos
2456 1405 2508 1459 in
2540 1405 2771 1459 tnedium
2796 1406 3081 1463 aﬂ‘eramus
3103 1449 3119 1475 ,
3146 1411 3240 1466 sed
3265 1411 3380 1481 ejus
3406 1414 3614 1479 solum,
3631 1430 3729 1469 cu-

2151 1495 2240 1565 jus
2265 1507 2347 1551 est
2371 1498 2695 1568 geneaIOgia,
2729 1500 2980 1555 virtutem
3002 1501 3332 1574 delegamus.
3361 1506 3457 1562 Hic
3489 1508 3727 1577 Optimus

2154 1587 2477 1657 genealogis:
2507 1588 2696 1644 modus
2717 1602 2817 1645 est.
2848 1592 2978 1658 Qnte
3007 1594 3150 1649 enim
3175 1596 3375 1650 utilitas
3398 1612 3465 1652 ex
3492 1598 3650 1653 claris
3668 1610 3726 1653 et

2157 1677 2336 1745 probis
2371 1679 2680 1746 parentibus
2719 1680 2973 1749 originem
3002 1681 3202 1738 ducere
3226 1725 3243 1750 ,
3275 1694 3326 1739 te
3367 1695 3541 1741 autem
3572 1688 3727 1743 bona:

2157 1765 2279 1818 vita:
2297 1780 2415 1820 esse
2435 1775 2706 1836 expertem
2730 1767 2755 1821 Ἰ
2778 1777 2870 1822 aut
2889 1771 3029 1838 quod
3057 1770 3308 1826 damnum
3334 1773 3526 1843 fuerit,
3561 1776 3606 1831 si
3634 1794 3727 1847 pa-

2157 1865 2334 1910 rentes
2370 1861 2426 1908 ct
2469 1858 2833 1926 progenitores
2868 1859 3067 1914 fuerint
3111 1860 3369 1931 ignobiles
3389 1874 3445 1919 et
3465 1866 3672 1921 obscuri
3705 1910 3723 1934 ,

2156 1944 2269 2015 ipse
2297 1956 2472 2000 autem
2502 1947 2780 2003 virtutibus
2808 1949 3042 2006 floreas?
3067 1953 3197 2018 Quia
3223 1966 3276 2009 et
3291 1954 3466 2024 justus
3489 1958 3579 2011 ille
3607 1959 3727 2013 talis

2159 2037 2272 2100 fuit,
2305 2044 2361 2093 et
2390 2039 2691 2094 c0nciliavit
2722 2041 2822 2097 sibi
2847 2044 3070 2112 gratiam
3100 2045 3233 2112 Dei,
3257 2062 3363 2102 non
3390 2049 3529 2118 quod
3558 2065 3588 2103 a
3609 2051 3731 2104 tali-

2157 2126 2256 2182 bus
2280 2127 2439 2183 fuerit
2467 2130 2804 2198 parentibus:
2830 2147 3002 2202 neque
3023 2135 3162 2188 cnim
3192 2135 3265 2189 ita
3291 2151 3384 2192 eos
3409 2152 3729 2192 commemo-

2156 2228 2241 2270 rat
2278 2217 2551 2287 Scriptura
2596 2231 2655 2275 ut
2705 2222 2903 2278 virtute
2943 2223 3168 2279 nobiles.
3210 2224 3564 2282 Nihilominus
3602 2244 3729 2284 cum

2158 2319 2303 2363 tanta
2328 2320 2509 2366 essent
2532 2311 2805 2366 obstacula
2831 2323 2887 2368 et
2921 2323 3000 2370 tot
3043 2315 3439 2385 impedimenta,
3472 2321 3524 2374 in
3556 2320 3727 2389 ipsum

2155 2402 2435 2469 pervenire
2475 2403 2643 2471 potuit
2683 2404 2902 2460 virtutis
2925 2407 2941 2437 ¹
2972 2407 3268 2478 fastigium:
3295 2420 3352 2464 ut
3383 2411 3559 2466 discas
3601 2429 3725 2467 eum

2156 2491 2244 2559 qui
2275 2490 2458 2560 vigilat
2484 2501 2538 2546 et
2559 2494 2769 2548 sobrius
2793 2505 2896 2562 est,
2925 2505 2978 2550 et
3006 2511 3115 2551 suae
3148 2499 3332 2553 Salutis
3361 2516 3539 2555 curam
3576 2503 3721 2571 agit,

2157 2581 2291 2636 nihil
2317 2597 2437 2639 esse
2460 2583 2602 2653 quod
2627 2586 2926 2655 prohibeat.
2955 2588 3088 2642 Nam
3117 2590 3255 2644 sicut
3285 2592 3371 2645 ubi
3402 2594 3730 2663 negligentes

2155 2675 2475 2743 coeperimus
2498 2691 2635 2742 esse,
2669 2678 2827 2731 etiam
2855 2694 2886 2732 a
2925 2680 3085 2734 rebus
3110 2681 3341 2737 minimis
3365 2683 3681 2739 oﬂ‘endimur
3710 2703 3726 2739 :

2158 2763 2230 2817 ita
2246 2763 2292 2817 si
2321 2763 2644 2820 voluerimus
2674 2768 2837 2822 sobrii
2866 2783 2985 2823 esse
3013 2810 3027 2835 ,
3061 2773 3306 2840 quamvis
3336 2772 3599 2829 innumeri
3623 2777 3731 2831 sint

2157 2858 2247 2927 qui
2271 2858 2338 2912 ad
2361 2857 2612 2911 malitiam
2641 2857 2873 2924 trahant,
2905 2862 3206 2932 neutiquam
3237 2872 3474 2919 nostrum
3496 2867 3730 2921 studium

2159 2957 2402 3019 poterunt
2429 2947 2778 3005 labefactare:
2798 2951 2938 3005 sicut
2961 2968 3134 3023 neque
3161 2954 3306 3008 illum
3326 2956 3525 3026 justum
3540 2998 3556 3021 ,
3591 2969 3728 3012 tam-

2157 3039 2257 3094 etsi
2288 3048 2366 3094 tot
2388 3051 2569 3095 essent
2596 3040 2646 3094 id
2671 3051 2919 3096 curantes
2945 3083 2959 3103 ,
2993 3045 3292 3113 segniorem
3328 3048 3380 3100 in
3417 3049 3721 3104 exercenda

2156 3130 2349 3184 virtute
2372 3129 2545 3186 facere
2566 3139 2874 3200 potuerunt.
2894 3133 3120 3190 Proinde
3142 3137 3321 3191 nullus
3348 3139 3506 3193 alium
3524 3150 3736 3210 arguat,

2156 3230 2211 3276 et
2241 3222 2293 3275 in
2322 3221 2453 3275 alios
2472 3223 2680 3291 culpam
2705 3225 3040 3291 transcribat,
3063 3226 3156 3281 sed
3182 3243 3293 3282 sua:
3314 3230 3532 3298 ignaviae
3560 3240 3731 3286 totum

2158 3311 2399 3378 imputet.
2431 3311 2499 3366 Et
2528 3313 2651 3382 quid
2677 3314 2796 3368 dico
2841 3315 2893 3368 in
2938 3316 3118 3371 alios?
3147 3317 3327 3389 Neque
3352 3320 3621 3375 diabolum
3651 3323 3732 3392 ip-

2156 3417 2272 3457 sum
2302 3402 2419 3473 quis
2443 3411 2547 3457 tam
2570 3413 2839 3474 potentem
2865 3416 3030 3477 putet,
3061 3419 3114 3463 ut
3133 3410 3412 3478 prohibere
3426 3414 3730 3483 quempiam

2157 3493 2327 3562 possit
2353 3496 2636 3562 quominus
2665 3495 2716 3550 itt
2749 3499 2886 3552 viam
2915 3514 3033 3568 qua:
3052 3499 3118 3554 ad
3149 3500 3397 3557 virtutem
3422 3501 3589 3567 ducit,
3618 3514 3727 3557 eat.

2155 3583 2472 3653 Supplantat
2490 3586 2702 3655 quidem
2733 3597 2786 3642 ct
2806 3586 3003 3659 decipit
3021 3592 3355 3647 socordiores
3379 3634 3395 3656 ,
3425 3609 3529 3648 non
3561 3596 3731 3666 impe-

2155 3675 2234 3730 dit
2252 3686 2451 3742 autem,
2476 3692 2575 3731 nec
2591 3678 2696 3732 vim
2727 3681 2920 3734 infert:
2946 3681 2997 3735 id
3026 3682 3164 3750 quod
3197 3698 3376 3738 rerum
3401 3686 3728 3753 experientia

2154 3767 2337 3821 docet:
2365 3782 2554 3836 nempe
2581 3768 2625 3822 si
2649 3770 2906 3824 vellemus
2931 3772 3149 3840 vigilare
3178 3815 3193 3840 ,
3225 3783 3382 3828 tanta:
3408 3777 3728 3830 constantiae

2155 3859 2426 3928 specimen
2455 3860 2829 3917 exhiberemus
2848 3902 2862 3923 ,
2896 3872 2953 3917 ut
2986 3880 3160 3936 neque
3185 3866 3233 3919 si
3260 3867 3409 3919 multi
3440 3879 3620 3921 essent
3661 3869 3729 3921 ad

2154 3951 2370 4006 malitia:
2395 3952 2536 4007 viam
2563 3970 2659 4007 nos
2684 3955 3028 4011 cohortantes
3051 3996 3066 4022 ,
3094 3973 3277 4012 eorum
3307 3958 3568 4014 ferremus
3594 3974 3725 4013 con-

2154 4042 2349 4109 silium,
2382 4043 2640 4117 sedpmui
2661 4045 2947 4101 adamante
2972 4046 3257 4114 firmiores,
3278 4064 3435 4103 aures
3451 4049 3725 4103 obturare-

2153 4150 2271 4188 mus
2297 4145 2402 4189 tam
2436 4150 2595 4205 prava
2613 4136 3035 4192 consulentibus.
3064 4140 3133 4191 At
3172 4138 3218 4193 si
3247 4139 3574 4215 negligentes
3613 4140 3726 4192 fue-

2152 4225 2341 4291 rimus,
2363 4226 2573 4280 etiamsi
2601 4225 2777 4281 nullus
2802 4226 2973 4296 sitqui
2996 4228 3239 4282 consulat
3268 4229 3351 4283 vel
3372 4230 3676 4297 supplantet
3706 4269 3725 4295 ,

2152 4325 2334 4373 nostra
2373 4328 2562 4387 sponte
2596 4319 2663 4373 ad
2709 4319 2963 4375 malitiam
3014 4322 3366 4389 prosiliemus.
3394 4321 3527 4377 Nam
3554 4323 3599 4376 si
3623 4322 3727 4378 hoc

2152 4422 2255 4461 non
2273 4416 2415 4463 esset
2428 4408 2587 4461 silum
2609 4408 2660 4462 in
2677 4412 2945 4464 voluntate
2963 4422 3162 4473 nostra,
3181 4412 3296 4466 etin
3317 4412 3478 4466 animi
3493 4420 3726 4481 potesta—

2153 4497 2371 4563 te,Deus
2388 4506 2631 4552 naturam
2657 4507 2896 4554 nostram
2917 4502 2997 4555 sui
3020 4500 3156 4570 juris
3181 4515 3284 4579 non
3302 4500 3537 4566 fecisset,
3559 4516 3724 4572 opor-

2152 4589 2295 4642 tebat
2321 4604 2415 4643 eos
2440 4589 2529 4658 qui
2552 4600 2752 4645 natura:
2782 4603 2975 4647 nostra:
2997 4593 3297 4663 participes,
3329 4608 3382 4648 et
3412 4594 3597 4649 iisdem
3625 4595 3721 4649 ob-

2151 4682 2293 4735 noxii
2318 4691 2443 4737 sunt
2478 4682 2843 4740 affectionibus
2871 4726 2886 4751 ,
2915 4688 2999 4740 vel
3023 4706 3211 4746 omnes
3242 4688 3410 4745 malos
3434 4704 3553 4744 esse
3582 4729 3599 4755 ,
3639 4691 3719 4746 vel

2147 4786 2336 4826 omnes
2361 4773 2557 4829 virtute
2582 4774 2850 4844 praeditos.
2890 4774 3020 4831 Cum
3047 4788 3223 4832 autem
3255 4778 3495 4832 videmus
3519 4794 3719 4849 conge-

2148 4879 2302 4919 neres
2325 4874 2535 4921 nostros
2556 4908 2573 4933 ,
2604 4877 2658 4920 et
2685 4867 2884 4922 eisdem
2912 4868 3277 4923 affectionibus
3304 4867 3582 4935 obnoxios,
3616 4887 3722 4926 non

2147 4954 2331 5009 eadem
2358 4971 2477 5024 quae
2503 4971 2598 5011 nos
2628 4958 2734 5026 pati
2761 4975 2774 5011 :
2803 4956 2895 5012 sed
2921 4967 2975 5012 et
3002 4958 3170 5012 valida
3198 4961 3400 5014 ratione
3423 4961 3723 5030 gubernare

2148 5053 2388 5098 naturam
2419 5085 2436 5110 ,
2463 5056 2517 5099 et
2540 5047 2866 5102 inordinatos
2896 5055 3070 5102 motus
3101 5047 3338 5114 domare,
3370 5060 3424 5104 et
3453 5052 3724 5106 refrenare

2146 5136 2652 5205 concupiscentiam,
2682 5139 2944 5208 imperare
2970 5138 3133 5194 furori
3165 5148 3219 5195 et
3246 5141 3357 5204 ine,
3386 5140 3570 5210 fugare
3598 5143 3704 5197 invi

2144 5227 2284 5283 diam
2309 5268 2325 5294 ,
2371 5229 2643 5284 climinare
2683 5230 2900 5285 livorem
2934 5273 2950 5300 ,
2994 5241 3333 5288 contemnere
3374 5234 3614 5288 rabidam
3668 5234 3721 5290 in

2145 5321 2521 5388 conquirendis
2557 5323 2799 5392 pecuniis
2832 5323 3170 5393 cupiditatem
3201 5367 3218 5392 ,
3249 5326 3508 5380 minorem
3536 5328 3717 5396 glorim

2144 5424 2327 5465 curam
2357 5410 2572 5476 habere,
2603 5411 2779 5469 ridere
2804 5429 3016 5469 omnem
3042 5418 3319 5486 prmsentis
3347 5418 3468 5471 vita:
3497 5416 3721 5473 felicita-

2205 5563 2224 5595 ¹
2258 5560 2372 5622 Alii,
2395 5574 2594 5614 sum
2616 5565 2817 5616 virtutis.

3614 208 3724 264 2οι
3786 239 3797 246 -
