4066 6140
308 291 418 348 203

317 423 426 461 πον
467 412 592 463 κατ’
612 413 813 467 εἰκόνα
850 413 1168 483 ἡμετέραν,
1191 414 1291 469 καὶ
1320 416 1451 470 καθ’
1489 417 1792 486 ὁμοίωσιν,
1834 415 1977 471 τοῦτ’

316 494 485 560 ἔστιν,
512 498 599 551 ίνα
630 499 812 570 ἄρχων
905 501 997 553 καὶ
1015 500 1126 554 τῶν
1145 501 1439 572 ὁρωμένων
1466 504 1720 557 ἁπάντων
1751 504 1847 558 καὶ
1873 506 1981 557 τῶν

307 585 369 636 ἐν
394 585 544 653 αὐτῷ
576 588 913 657 τικτομένων
942 589 1131 643 παθῶν
1150 606 1164 619 ·
1194 590 1279 642 ἵνα
1309 591 1472 662 ἄρχῃ,
1499 592 1593 644 καὶ
1626 591 1700 662 μὴ
1722 592 1975 662 ἄρχηται.

320 670 450 725 Ἐὰν
490 672 675 742 μέντοι
732 674 963 745 προδοὺς
1021 675 1119 745 τὴν
1171 675 1345 746 ἀρχὴν
1396 677 1632 748 ἄρχηται
1690 676 1976 748 μᾶλλον,ῆ

308 755 474 829 ἄρχῃ,
506 759 766 812 ἀπόλλυσι
816 762 911 814 καὶ
958 761 1018 814 τὸ
1060 756 1197 814 εἶναι
1227 761 1531 832 ἄνθρωπος,
1558 764 1650 816 καὶ
1699 763 1833 833 πρὸς
1879 763 1978 834 τὴν

314 843 426 895 τῶν
472 844 682 914 ἀλόγων
713 849 1080 919 προσηγορίαν
1131 850 1319 902 ἑαυτὸν
1369 850 1710 921 μετατίθησι.
1752 850 1850 904 Διά
1892 868 1975 904 τοι

307 930 468 984 τοῦτο
491 934 584 986 καὶ
605 933 699 985 νῦν
721 934 819 1005 τὴν
849 936 1050 1005 ἀρετὴν
1069 935 1164 989 τοῦ
1192 936 1398 989 δικαίου
1421 937 1612 990 τούτου
1636 937 1973 1009 ἀνακηρῦξαι

315 1015 610 1089 βουλομένη
651 1021 683 1090 ή
718 1020 834 1074 θεία
869 1022 1058 1092 Γραφή
1110 1040 1304 1092 φησιν,
1366 1020 1552 1078 Αὖται
1597 1028 1656 1078 al
1708 1023 1974 1094 γενέσεις

308 1105 441 1158 Νῶε
460 1123 474 1136 ·
503 1104 631 1160 Νῶε
682 1108 990 1175 ἅνθρωπος
1016 1108 1264 1175 δίκαιος.
1316 1111 1446 1164 Ἰδοὺ
1469 1112 1563 1164 καὶ
1588 1111 1675 1164 ἒτε
1686 1128 1777 1181 ρον
1801 1114 1974 1178 ἐγκω-

309 1192 437 1260 μίου
470 1192 724 1261 μέγιστον
764 1191 923 1258 εἶδος,
973 1196 1241 1261 Δίκαιοςο
1289 1197 1377 1249 διά
1422 1196 1626 1267 ταύτης
1662 1198 1761 1261 τῆς
1802 1214 1971 1268 προσ-

307 1278 536 1349 ηγορίας
567 1279 666 1350 τήν
690 1281 917 1335 καθόλου
944 1282 1144 1354 ἀρετὴν
1163 1283 1364 1352 ταύτην
1383 1285 1654 1354 ἐμφαίνει.
1677 1284 1750 1337 Τὸ
1769 1285 1875 1355 γὰρ
1895 1284 1973 1338 δί-

306 1382 477 1432 καιος
510 1367 679 1437 ὖνομα
711 1367 830 1431 ἐθος
864 1372 994 1438 ἡμῖν
1024 1370 1117 1421 ἐπὶ
1158 1369 1267 1421 τῶν
1313 1372 1489 1423 πᾶσαν
1527 1372 1726 1441 ἀρετὴν
1759 1370 1970 1441 μετιόν-

307 1468 416 1504 των
443 1451 639 1520 λέγειν.
670 1451 802 1508 Εἶτα
850 1455 937 1508 ἵνα
988 1455 1167 1526 μάθῃς
1197 1456 1345 1519 ὅπως
1376 1457 1509 1528 πρὸς
1548 1455 1680 1509 αὐτὸ
1707 1456 1767 1510 τὸ
1802 1455 1970 1527 ἄκρον

302 1541 403 1607 τῆς
432 1540 630 1609 ἀρετῆς
656 1539 909 1608 ἔφθασεν,
940 1542 1076 1613 ὅπερ
1109 1542 1200 1596 καὶ
1236 1543 1357 1596 τότε
1389 1545 1848 1615 ἀπῃτεῖτο,παρά
1872 1546 1969 1613 τῆς

304 1624 521 1693 φύσεως
550 1628 649 1697 τῆς
706 1627 998 1699 ἡμετέρας,
1028 1628 1191 1699 φησι,
1219 1631 1457 1695 Δίκαιος
1476 1671 1491 1693 ,
1518 1630 1748 1697 τέλειος
1785 1630 1870 1684 ὢν
1900 1632 1971 1685 ἐν

304 1711 380 1780 τῇ
406 1711 581 1781 γενεᾷ
608 1715 814 1769 αὑτοῦ.
860 1715 1045 1769 Πάντα
1076 1715 1395 1787 πληρώσας,
1424 1719 1606 1788 φησὶν,
1637 1717 1777 1790 ἄπερ
1802 1720 1967 1790 ἐχρῆν

301 1799 586 1871 ἄνθρωπον
625 1801 992 1868 ἐπιδείξασθαι
1041 1801 1188 1875 [215]
1224 1804 1424 1876 ἀρετὴν
1472 1804 1725 1873 ἑλόμενον
1775 1805 1969 1873 (τοῦτο

300 1886 411 1956 γάρ
433 1889 567 1948 ἐστι,
592 1889 1029 1955 Τέλειος),οὐδέν
1049 1889 1389 1954 ἐλλελοιπὼς,
1413 1892 1471 1944 ἐν
1496 1890 1668 1943 οὐδενὶ
1695 1890 1963 1961 χωλεύων.

302 1974 378 2026 Οὐ
411 1973 471 2026 τὸ
525 1974 622 2045 μὲν
659 1975 1029 2046 κατορθώσας,
1061 1979 1118 2031 ἐν
1160 1976 1238 2048 τῷ
1289 1977 1345 2030 δέ
1377 1976 1718 2049 διαμαρτὼν,
1761 1976 1876 2030 ἀλλ’
1909 1979 1966 2032 ἐν

302 2060 448 2130 πάσῃ
500 2063 667 2133 ἀρετῇ
706 2062 909 2125 τέλειος
953 2058 1056 2135 ἦν·
1089 2065 1247 2117 τοῦτο
1289 2064 1399 2135 γὰρ
1444 2066 1610 2136 ἐχρῆν
1648 2063 1810 2118 αὐτὸν
1844 2067 1963 2118 ἐπι-

298 2147 591 2210 δείξασθαι.
613 2144 762 2212 Εἶτα,
786 2151 871 2203 ἵνα
898 2152 961 2205 ἐκ
980 2150 1073 2204 τοῦ
1095 2152 1285 2223 χρόνου
1309 2154 1402 2205 καὶ
1424 2154 1488 2205 ἐκ
1512 2152 1612 2222 τῆς
1632 2150 1968 2223 συγκρίσεως

298 2235 757 2306 περιφανέστερον
810 2237 942 2307 ἡμῖν
972 2237 1062 2290 τὸν
1106 2238 1313 2291 δίκαιον
1361 2237 1762 2309 ἀπεργάσηται,
1796 2239 1963 2310 φησί·

304 2324 536 2389 Τέλειος
560 2320 644 2375 ὢν
679 2322 838 2392 ἐντῇ
876 2323 1051 2395 γενεᾷ
1088 2326 1273 2380 αὐτοῦ
1293 2344 1305 2358 ·
1339 2327 1398 2379 ἐν
1441 2325 1518 2397 τῷ
1552 2324 1725 2397 καιρῷ
1751 2327 1962 2396 ἐκείνῳ,

299 2410 356 2462 ἐν
389 2411 456 2481 τῇ
486 2411 648 2479 γενεᾷ
680 2410 843 2464 αὐτοῦ
876 2414 944 2483 τῇ
973 2412 1403 2484 διεστραμμένη,
1439 2416 1504 2484 τῇ
1535 2414 1673 2485 πρὸς
1699 2412 1968 2484 τοσαύτην

299 2496 499 2550 κακίαν
525 2498 885 2571 ἀποκλινάσῃ,
912 2501 978 2569 τῇ
1006 2498 1141 2570 μηδὲ
1172 2499 1314 2570 ίχνος
1339 2499 1437 2571 τῆς
1457 2500 1660 2572 ἀρετῆς
1697 2500 1968 2566 ἐπιδείξαο

300 2583 423 2637 σθαι
455 2583 793 2658 βουληθείσῃ.
831 2586 916 2638 Ἐν
938 2585 1119 2658 ἐκείνη
1141 2586 1317 2641 τοίνυν
1345 2589 1411 2659 τῇ
1434 2589 1617 2659 γενεᾷ,
1648 2588 1705 2640 ἐν
1736 2588 1965 2651 ἐκείνοις

298 2672 408 2733 τοῖς
435 2670 648 2740 χρόνοις
680 2667 834 2735 οὗτος
852 2673 881 2725 6
902 2672 1108 2738 δίκαιος
1131 2674 1191 2727 οὐ
1223 2675 1382 2744 μόνον
1409 2674 1610 2745 ἀρετὴν
1632 2674 1962 2741 ἐπεδείξατο,

297 2756 436 2811 ἀλλά
486 2759 581 2811 καὶ
606 2758 685 2821 είς
726 2758 823 2830 τὴν
858 2760 1033 2832 ἄκραν
1075 2760 1316 2831 κορυφὴν
1348 2761 1457 2814 τῶν
1515 2761 1725 2831 ἀρετῶν
1763 2762 1964 2832 ἔφθασε

299 2843 500 2907 τέλειος
531 2846 787 2913 γεγονὼς,
831 2847 925 2899 καὶ
977 2849 1034 2900 ἐν
1073 2847 1275 2902 ἄπασιν
1322 2848 1743 2918 ἀπηρτισμένος.
1788 2850 1965 2921 ’Ὅπερ

301 2931 407 3002 γὰρ
431 2931 596 3003 ἔφθην
626 2934 820 2998 εἰπὼν,
851 2935 1073 3004 μείζονα
1111 2935 1381 2989 δείκνυσιν
1405 2937 1491 2989 ἀεὶ
1517 2936 1617 3006 τῆς
1650 2936 1853 3007 ἀρετῆς
1875 2938 1965 2991 τὸν

300 3019 458 3088 5γκον
482 3020 543 3074 τὸ
567 3020 769 3091 μεταξύ
798 3022 904 3076 τῶν
938 3023 1316 3094 πολεμούντων
1349 3024 1517 3095 αὐτὴν
1550 3024 1963 3096 κατορθοῦσθαι,

299 3107 395 3160 καὶ
424 3109 480 3161 ἐν
532 3109 684 3179 μέσῳ
721 3109 831 3163 τῶν
877 3110 1193 3164 κωλυόντων
1222 3111 1321 3182 τὴν
1357 3112 1525 3183 αὐτὴν
1564 3112 1964 3168 ἐπιδείκνυσθαι

300 3194 603 3266 ἀκρίϐειαν.
632 3196 723 3249 Διὸ
754 3195 820 3268 δή
844 3199 937 3250 καὶ
964 3198 993 3249 6
1024 3197 1230 3262 δίκαιος
1250 3191 1404 3262 οὗτος
1435 3198 1693 3252 πλειόνων
1720 3199 1966 3264 ἀξιοῦται

300 3280 409 3332 τῶν
434 3280 688 3335 ἐπαίνων.
710 3282 819 3335 Καὶ
853 3283 971 3336 οὐδέ
1007 3283 1169 3354 μέχρι
1196 3284 1383 3339 τούτου
1408 3285 1621 3338 Γσταται
1654 3286 1965 3358 ἀνακηρύτ-

302 3384 463 3421 τουσα
504 3368 718 3440 αὐτδνή
759 3368 879 3423 θεία
927 3370 1138 3441 Γραφὴ,
1173 3371 1308 3425 ἀλλά
1337 3371 1657 3427 δεικνύουσα
1702 3375 1835 3445 ἡμῖν
1866 3375 1967 3446 τῆς

298 3455 499 3525 ἀρετῆς
554 3455 720 3508 αὐτοῦ
756 3457 855 3526 τήν
887 3455 1209 3527 ὑπερϐολήν,
1249 3457 1344 3511 καὶ
1374 3458 1456 3511 ὅτι
1502 3459 1601 3530 τήν
1626 3458 1805 3530 ψῆφον
1835 3461 1967 3516 ἄνω-

297 3540 388 3593 θεν
412 3540 649 3608 ἐδέξατο,
682 3540 930 3608 εἰποῦσα,
967 3541 1196 3609 Τέλειος
1240 3542 1326 3598 ὢν
1349 3545 1419 3598 ἐν
1445 3544 1519 3613 τῇ
1549 3545 1724 3617 γενεᾷ
1755 3548 1960 3617 αὐτοῦ,

295 3628 459 3698 φησί’
494 3626 576 3693 Τῷ
611 3628 733 3695 Θεῷ
763 3630 1136 3698 εὑηρέστησε
1163 3630 1309 3685 Νῶε.
1338 3633 1585 3704 Τοσαύτη
1609 3629 1677 3705 ἦν
1706 3635 1804 3704 τῆς
1832 3637 1961 3707 ἀρε-

293 3715 395 3784 τῆς
421 3714 583 3768 αὐτοῦ
615 3716 649 3786 ή
696 3717 1003 3787 περιουσία,
1035 3718 1111 3781 ὡς
1149 3719 1239 3772 τὸν
1275 3721 1425 3791 παρά
1461 3721 1554 3774 τοῦ
1583 3721 1716 3775 Θεοῦ
1744 3722 1963 3777 ἔπαινον

294 3802 718 3858 ἐπισπάσασθαι.
754 3803 838 3869 Τῷ
869 3804 989 3870 Θεῷ
1020 3806 1147 3878 γὰρ,
1182 3809 1364 3878 φησιν,
1393 3807 1765 3877 εὑηρέστησε
1790 3811 1917 3865 Νῶε
1945 3829 1956 3840 ·

294 3889 379 3942 ἵνα
399 3888 527 3960 εἴπῃ
556 3890 637 3943 ὅτι
673 3891 969 3955 ἀπόδεκτος
998 3894 1150 3963 παρά
1176 3894 1251 3963 τῷ
1281 3894 1396 3965 Θεῷ
1435 3895 1675 3964 γέγονεν,
1695 3897 1857 3968 ῆρεσε
1885 3898 1961 3969 τῷ

291 3977 579 4047 ἀκοιμήτῳ
627 3978 819 4051 ἐκείνῳ
858 3978 1121 4051 ὀφθαλμῷ
1152 3980 1240 4034 διά
1279 3981 1387 4034 τῶν
1416 3983 1563 4054 αὐτῷ
1610 3985 1960 4057 κατορθωμέ-

291 4081 418 4126 νων,
450 4064 545 4117 καὶ
569 4064 777 4118 ἐκείνου
818 4065 917 4137 τὴν
948 4065 1159 4121 εὐνοιαν
1196 4067 1530 4137 ἐφελκύσατο
1562 4072 1609 4136 ή-
1635 4070 1743 4124 τῶν
1771 4070 1961 4140 βεϐιω-

295 4153 473 4223 μένων
504 4153 722 4224 πρᾶξις,
749 4155 843 4208 καὶ
878 4156 938 4208 οὐ
976 4156 1136 4227 μόνον
1170 4157 1273 4226 τῆς
1316 4157 1616 4229 μελλούσης
1650 4159 1790 4213 κατά
1827 4160 1959 4213 πάν-

292 4256 398 4293 των
429 4240 759 4311 ἐκφέρεσθαι
812 4244 1238 4314 ἀγανακτήσεως
1271 4243 1668 4316 ἠλευθέρωσεν,
1703 4246 1838 4300 ἀλλά
1866 4248 1958 4301 καὶ

292 4329 493 4399 ἐτέρων
522 4330 833 4402 προστάτην
886 4331 1045 4385 αὐτὸν
1094 4334 1489 4405 ἀπειργάσατο.
1530 4332 1613 4399 Τῷ
1659 4333 1798 4398 Θεῷ,
1829 4335 1956 4406 γάρ,

293 4417 866 4486 φησὶν,εὺηρέστησε
889 4418 1035 4472 Νῶε.
1053 4419 1148 4483 Τίς
1169 4420 1234 4473 ἂν
1265 4420 1453 4473 τούτου
1501 4421 1958 4493 μακαριστότερος

294 4501 485 4569 γένοιτ’
523 4501 621 4567 ἂν,
651 4502 745 4556 τοῦ
790 4504 1108 4576 δυνηθέντος
1151 4507 1419 4577 τοσαύτην
1458 4507 1823 4572 ἐπιδείξασθαι
1858 4510 1957 4579 τήν

294 4590 493 4661 ἀρετὴν
516 4631 529 4653 ,
565 4591 641 4654 ὡς
679 4592 771 4645 τὸν
805 4594 1059 4648 ἁπάντων
1100 4595 1377 4666 Δεσπότην
1424 4596 1714 4665 ἐπαινέτην
1759 4597 1905 4668 ἔχειν
1941 4614 1955 4661 ;

362 4675 484 4730 Τῶν
514 4678 612 4749 μὲν
646 4675 740 4732 οῦν
770 4679 919 4750 αὐτῷ
953 4682 1355 4753 πεπραγμένων
1382 4682 1538 4736 τοῦτο
1563 4684 1762 4747 παντὸς
1794 4684 1957 4737 πλού-

294 4779 411 4830 του,
443 4765 622 4834 πάσης
653 4766 840 4837 δόξης,
872 4769 964 4822 καὶ
993 4769 1329 4833 δυναστείας,
1358 4771 1452 4823 καὶ
1488 4770 1588 4839 τῆς
1619 4770 1785 4842 ἄλλης
1819 4772 1959 4826 ama-

296 4866 397 4921 σης
423 4850 768 4924 ἀνθρωπίνης
796 4855 1094 4927 εὐημερίας
1121 4856 1198 4927 τῷ
1220 4858 1343 4911 νοῦν
1360 4857 1536 4928 ἔχοντι
1567 4859 1958 4932 προτιμότερον

291 4935 358 4989 ἂν
390 4936 508 5006 εἴη’
547 4936 703 4991 τοῦτο
736 4938 812 5009 τῷ
852 4942 1079 5011 γνησίαν
1119 4944 1247 5013 περὶ
1286 4945 1378 4998 τὸν
1418 4943 1550 4997 Θεὸν
1582 4946 1801 5016 ἀγάπην
1836 4946 1957 4998 ἐπι-

290 5024 630 5095 δεικνυμένῳ
657 5025 935 5095 βασιλείας
971 5030 1037 5083 ἂν
1064 5031 1148 5100 εῐη
1184 5031 1571 5102 ποθεινότερον.
1601 5031 1665 5086 Ἦ
1694 5033 1801 5105 γὰρ
1821 5033 1955 5103 ἀλη-

293 5110 397 5177 θὴς-
437 5110 683 5181 βασιλεία
743 5113 890 5167 ἐστὶν
938 5114 1096 5185 αῦτη,
1133 5116 1192 5168 τὸ
1226 5116 1513 5189 δυνηθῆναι
1547 5120 1692 5190 ἡμᾶς
1743 5121 1827 5173 διά
1856 5123 1955 5191 τῆς

291 5199 518 5271 ἀρίστης
552 5199 829 5263 πολιτείας
854 5201 1053 5272 εὐμενῆ
1079 5204 1171 5255 καὶ
1216 5204 1340 5258 ἵλεω
1377 5207 1712 5276 καταστῆσαι
1746 5208 1956 5271 ἐαυτοῖς

288 5286 384 5340 τὸν
429 5289 726 5360 Δεσπότην.
766 5290 900 5343 Οὐδὲ
939 5290 1047 5360 γάρ
1093 5291 1314 5358 γέενναν
1340 5294 1427 5347 διά
1464 5295 1622 5348 τοῦτο
1675 5296 1954 5362 φοϐεῖσθαι

289 5373 576 5444 ὀφείλομεν
609 5376 702 5429 καὶ
729 5375 1045 5442 δεδοικέναι,
1075 5376 1162 5429 διά
1190 5378 1249 5429 τὸ
1276 5378 1386 5448 πῦρ
1410 5382 1588 5433 ἐκεῖνο
1607 5381 1668 5433 τὸ
1696 5381 1954 5435 ἄσϐεστον

290 5465 385 5518 καὶ
411 5464 510 5527 τάς
539 5465 773 5537 φοϐερὰς
799 5465 1092 5537 τιμωρίας,
1124 5467 1217 5521 καὶ
1256 5468 1353 5531 τὰς
1379 5468 1642 5538 διηνεκεῖς
1685 5469 1952 5535 κολάσεις,

291 5551 429 5605 ἀλλὰ
471 5551 560 5604 διά
591 5553 651 5605 τὸ
685 5553 1056 5626 προσκροῦσαι
1084 5566 1107 5593 ε
1140 5553 1216 5624 τῷ
1251 5554 1424 5617 οὓτως
1470 5555 1655 5625 ἀγαθῷ
1687 5555 1952 5629 Δεσπότῃ,

293 5637 387 5692 καὶ
411 5640 509 5709 τῆς
537 5639 742 5691 ἐκείνου
776 5641 986 5703 εὐνοίας
1017 5641 1173 5704 ἐκτὸς
1202 5643 1348 5711 ἡμᾶς
1376 5644 1567 5712 στῆναι
1605 5659 1616 5671 ·
1647 5641 1833 5712 ὥσπερ
1860 5639 1952 5696 οὖν

352 5759 370 5781 ⁸
397 5761 490 5810 Alii
531 5762 609 5810 διὰ
655 5763 710 5809 τὸ
755 5764 815 5822 μὴ
860 5762 1213 5827 προσκροῦσαι.
1252 5764 1374 5814 forte
1412 5767 1611 5833 melius,
1647 5766 1735 5816 sed
1768 5766 1938 5830 Savil.,

297 5818 488 5883 Morel,
517 5830 568 5871 cl
590 5825 799 5872 maxima
826 5838 933 5883 pars
957 5840 1068 5872 mss.
1097 5826 1171 5871 διὰ
1197 5827 1253 5872 τὸ
1273 5841 1611 5889 προσκρουσαι.

629 5903 896 5964 ΡΑτιιοι.
945 5907 1060 5964 (En.
1111 5905 1266 5969 LIII.

1458 303 1526 358 IN
1564 304 1716 360 CAP.
1767 303 1832 359 Vl
1868 302 2116 360 GENFS.
2161 302 2391 359 HOMIL.
2433 298 2619 357 XXIII.

3633 298 3739 354 204

2085 420 2179 473 καὶ
2202 418 2295 471 ἐπὶ
2329 420 2428 489 τήν
2457 413 2729 486 βασιλείαν
2754 412 2839 464 διὰ
2864 411 3019 463 τοῦτο
3054 410 3301 465 σπεύδειν
3333 411 3477 481 ἡμᾶς
3504 410 3631 483 χρὴ,
3650 411 3739 464 διὰ

2079 507 2171 559 τὸν
2196 506 2325 576 περὶ
2356 505 2516 558 αὐτὸν
2550 502 2732 566 πόθον,
2757 501 2843 555 ἴνα
2868 502 2967 570 τῆς
2995 500 3203 554 ἐκείνου
3245 501 3415 570 ῥοπῆς
3453 497 3737 552 ἀπολαύω-

2082 607 2201 657 μεν.
2234 590 2447 659 ’Ὠσπερ
2492 588 2599 657 γὰρ
2650 586 2919 657 βασιλείας
2969 586 3339 665 ποθεινότερον
3379 585 3439 639 τὸ
3482 584 3738 639 εὐνοϊκῶς

2079 678 2207 746 περὶ
2230 678 2377 748 ἡμᾶς
2401 675 2703 730 διακεῖσθαι
2735 676 2826 728 τὸν
2856 674 3234 744 φιλάνθρωπον
3262 673 3419 746 ήμῶν
3440 674 3733 743 Δεσπότην,

2077 765 2218 817 οὕτω
2246 764 2471 833 γεέννης
2517 762 2891 833 χαλεπώτερον
2942 762 3002 814 τὸ
3034 764 3130 832 τῆς
3164 760 3370 814 ἐκεῖθεν
3400 759 3608 824 εὐνοίας
3648 762 3737 813 ἐκ·

2078 855 2281 905 πεσεῖν.

2147 940 2327 993 Εῖδετε
2357 938 2532 1006 πόσης
2558 938 2693 1007 ήμῖν
2717 934 2983 1003 ὠφελείας
3006 935 3224 1003 γέγονεν
3252 935 3502 998 ὑπόθεσις
3518 936 3550 1004 ή
3566 950 3735 1004 προσ-

2076 1026 2272 1097 ηγορία
2303 1026 2438 1096 μόνη
2466 1022 2560 1079 τοῦ
2589 1023 2797 1077 δικαίου
2817 1063 2831 1083 ,
2864 1023 2958 1075 καὶ
2984 1022 3106 1074 ὅσον
3139 1023 3269 1091 ἡμῖν
3311 1021 3581 1092 θησαυρὸν
3612 1036 3736 1090 νοη-

2077 1113 2261 1181 μάτων
2283 1112 2469 1165 ἐτεκεν
2494 1113 2527 1181 ή
2559 1109 2872 1178 γενεαλογία
2903 1107 2997 1161 τοῦ
3026 1106 3176 1179 [214]
3214 1107 3515 1178 θαυμασίου
3548 1107 3733 1160 τούτου

2073 1198 2300 1269 ἀνδρός;
2331 1196 2641 1268 Μιμὼμεθα
2664 1196 2845 1249 τοίνυν
2870 1198 2969 1266 τῆς
3000 1194 3149 1257 θείας
3184 1195 3402 1265 Γραφῆς
3422 1195 3547 1258 τοὺς
3580 1193 3737 1247 κανό-

2072 1303 2187 1348 νας,
2213 1286 2306 1339 καὶ
2328 1284 2422 1338 ἐὰν
2453 1282 2769 1354 βουλώμεθά
2811 1299 2967 1335 τινων
3011 1281 3358 1351 γενεαλογίας
3397 1280 3732 1350 ἐξηγεῖσθαι,

2075 1374 2150 1445 μὴ
2178 1374 2439 1445 πατέρας,
2471 1373 2565 1426 καὶ
2615 1371 2891 1435 πάππους,
2921 1371 3016 1424 καὶ
3059 1370 3408 1434 ἐπιπάππους
3441 1370 3520 1432 είς
3571 1369 3733 1439 μέσον

2073 1463 2349 1533 φέρωμεν,
2379 1461 2514 1516 ἀλλά
2560 1461 2654 1514 τοῦ
2686 1460 3178 1530 γενεαλογουμένου
3216 1458 3314 1530 τὴν
3346 1458 3545 1530 ἀρετὴν
3570 1460 3735 1512 ἐκκαο

2070 1549 2381 1617 λύπτωμεν.
2416 1540 2583 1613 Οὗτος
2628 1550 2736 1619 γὰρ
2782 1547 2999 1619 ἄριστος
3037 1546 3385 1616 γενεαλογίας
3415 1546 3635 1617 τρόπος.
3668 1545 3734 1596 Τί

2068 1635 2177 1707 γάρ
2199 1635 2391 1704 ὄφελος
2442 1638 2506 1689 ἐκ
2547 1636 2797 1705 πατέρων
2827 1629 2963 1687 εἶναι
3003 1632 3269 1704 λαμπρῶν
3311 1632 3405 1687 καὶ
3440 1630 3731 1702 ἐναρέτων,

2068 1722 2227 1775 αὐτὸν
2248 1722 2305 1776 δὲ
2330 1721 2534 1792 ἔρημον
2553 1717 2690 1775 εἶναι
2717 1724 2816 1791 τῆς
2845 1719 3071 1789 ἀρίστης
3101 1719 3369 1781 πολιτείας
3390 1737 3404 1783 ;
3428 1718 3462 1789 ἢ
3494 1717 3650 1771 πάλιν
3682 1717 3734 1771 τί

2071 1807 2265 1878 βλάϐος
2291 1806 2356 1860 ἂν
2378 1807 2586 1872 γένοιτο
2602 1809 2666 1860 ἐκ
2690 1805 2939 1876 πατέρων
2966 1803 3105 1858 εἷναι
3131 1804 3224 1858 καὶ
3252 1804 3531 1876 προγόνων
3549 1804 3734 1871 δυσγει

2069 1894 2196 1960 νῶν,
2232 1895 2323 1948 καὶ
2366 1894 2622 1963 ἀφανῶν,
2658 1893 2817 1947 αὐτὸν
2870 1892 2927 1945 δὲ
2976 1891 3142 1963 πολλῇ
3189 1892 3368 1962 κομᾷν
3406 1893 3472 1961 τῇ
3519 1890 3729 1961 ἀρετῆς

2081 1981 2232 2035 Ἐπεὶ
2260 1980 2354 2034 καὶ
2387 1980 2415 2032 6
2436 1980 2641 2044 δίκαιος
2664 1972 2818 2043 οὗτος
2844 1977 3084 2042 τοιοῦτος
3107 1976 3362 2048 γεγονὼς,
3398 1978 3493 2032 καὶ
3519 1976 3615 2047 τὴν
3635 1975 3731 2029 τοῦ

2065 2067 2201 2123 Θεοῦ
2230 2066 2444 2121 εὔνοιαν
2492 2067 2959 2136 ἐπισπασάμενος,
2982 2067 3082 2119 οὐκ
3114 2065 3222 2119 ἀπὸ
3252 2064 3509 2118 τοιούτων
3538 2063 3730 2132 γέγονε

2068 2154 2346 2226 προγόνων
2364 2170 2377 2185 ·
2409 2155 2529 2207 οὐδέ
2557 2152 2666 2225 γάρ
2708 2153 2784 2218 ὼς
2812 2153 3080 2225 ἐναρέτων
3122 2152 3298 2207 αὐτῶν
3328 2151 3730 2222 ἐμνημόνευσεν

2067 2243 2101 2314 ή
2129 2242 2248 2295 θεία
2283 2242 2473 2312 Γραφή
2496 2257 2509 2270 ·
2540 2241 2635 2294 καὶ
2668 2241 2818 2311 ὅμως
2848 2240 3033 2310 ίσχυσε
3060 2239 3327 2294 τοσούτων
3351 2239 3518 2292 ὄντων
3550 2235 3727 2290 κωλυο

2070 2329 2276 2399 μάτων,
2300 2328 2395 2382 καὶ
2421 2328 2525 2382 ὐπὸ
2563 2327 2835 2380 τοσούτων
2869 2327 3313 2397 ἐμποδιζόμενος,
3337 2327 3417 2389 είς
3444 2323 3613 2394 αὐτὴν
3631 2323 3728 2393 τὴν

2067 2415 2240 2487 ἄκραν
2267 2413 2507 2468 ἀνελθεῖν
2535 2414 2636 2484 τῆς
2667 2412 2870 2484 ἀρετῆς
2902 2413 2929 2452 1³
2952 2430 2965 2443 ·
2994 2412 3083 2466 ἵνα
3115 2412 3293 2483 μάθῃς
3318 2411 3399 2465 ὅτι
3422 2409 3512 2463 τὸν
3540 2409 3729 2479 βουλό·

2070 2519 2227 2571 μενον
2252 2503 2462 2573 νήφειν,
2488 2502 2583 2555 καὶ
2609 2499 3003 2573 ἐγρηγορέναι,
3026 2500 3120 2554 καὶ
3162 2498 3361 2571 πολλὴν
3393 2499 3491 2568 τῆς
3524 2499 3730 2560 οἰκείας

2069 2588 2341 2662 σωτηρίας
2371 2588 2641 2643 ποιεῖσθαι
2668 2587 2764 2658 τήν
2800 2588 3077 2659 πρόνοιαν,
3105 2586 3257 2640 οὐδέν
3287 2588 3402 2639 ἐστι
3441 2587 3503 2638 τὸ
3531 2584 3730 2638 διακω-

2067 2674 2211 2729 λύυν.
2249 2678 2462 2747 Ὥσπερ
2492 2674 2601 2745 γὰρ
2644 2677 2721 2737 εἰς
2757 2674 3027 2745 ῥᾳθυμίαν
3069 2673 3461 2744 ἁποκλίναντες
3497 2673 3590 2726 καὶ
3628 2672 3730 2725 ὑπὸ

2065 2763 2172 2815 τῶν
2201 2763 2469 2833 τυχόντων
2508 2760 2881 2831 βλαπτόμεθα,
2907 2758 3078 2825 οὕτως
3117 2760 3213 2814 ἐὰν
3244 2757 3597 2830 βουληθῶμεν
3639 2760 3731 2829 νή-

2066 2866 2206 2917 φειν,
2238 2849 2340 2902 κᾶν
2369 2848 2551 2919 μυρίοι
2572 2841 2706 2900 ὦσιν
2736 2849 2786 2900 οἱ
2826 2846 2963 2917 πρὸς
2992 2846 3091 2918 τὴν
3119 2846 3317 2900 κακίαν
3348 2846 3619 2910 ἕλκοντες,
3640 2847 3730 2898 οὐ-
3828 2906 3843 2919 l

2064 2936 2151 2988 δέν
2183 2935 2339 3008 ήμῶν
2391 2938 2457 3006 τῇ
2490 2934 2692 3005 σπουδῇ
2726 2933 3068 3005 λυμήνασθαι
3116 2934 3453 3006 δυνήσονται,
3479 2932 3728 3003 καθάπερ

2065 3021 2185 3075 οὐδέ
2216 3023 2306 3076 τὸν
2333 3022 2543 3076 δίκαιον
2568 3021 2756 3075 τοῦτον
2780 3020 3003 3091 ἴσχυσαν
3036 3019 3277 3074 τοσοῦτοι
3308 3020 3461 3083 ὄντες
3497 3020 3727 3090 ὀκνηρό-

2063 3126 2220 3180 τερον
2242 3111 2371 3181 περὶ
2394 3111 2493 3181 τὴν
2515 3110 2714 3182 ἀρετὴν
2736 3107 3091 3180 ἐργάσασθαι.
3112 3108 3318 3179 Μηδεὶς
3337 3108 3516 3161 τοίνυν
3543 3107 3728 3177 ἕτερόν

2064 3213 2184 3250 τινα
2212 3196 2498 3261 αἰτιάσθω,
2528 3197 2624 3251 καὶ
2653 3196 2738 3266 ἐφ’
2769 3197 2991 3268 ἐτέρους
3016 3196 3116 3265 τὴν
3141 3196 3320 3248 αἰτίαν
3346 3193 3726 3265 μεταγαγέτω,

2065 3283 2202 3338 ἀλλά
2227 3286 2291 3354 τῇ
2313 3284 2489 3355 οίκείᾳ
2518 3284 2762 3355 ῥᾳθυμία
2778 3284 2971 3352 τδπᾶν
2994 3282 3369 3353 ἐπιγραφέτω.
3395 3281 3498 3336 Καὶ
3519 3283 3571 3335 τί
3586 3281 3727 3350 λέγω

2066 3372 2149 3440 ἐφ’
2178 3372 2428 3442 ἐτέρους;
2456 3370 2607 3441 Μηδὲ
2631 3370 2792 3424 αὐτὸν
2817 3370 2907 3424 τὸν
2941 3370 3183 3425 διάϐολον
3208 3368 3476 3442 νομιζέτω
3500 3386 3582 3433 τις
3607 3370 3701 3423 ίκα

2065 3458 2154 3510 νὸν
2189 3454 2326 3511 εἶναι
2356 3456 2595 3510 κωλῦσαι
2646 3457 2745 3528 τὴν
2784 3458 2875 3511 ἐπὶ
2918 3458 3017 3527 τὴν
3068 3457 3267 3529 ἀρετὴν
3309 3458 3584 3529 φέρουσαν
3610 3456 3727 3511 ὁδὸν

2062 3543 2352 3600 δύνασθαι·
2392 3543 2508 3597 ἀλλ’
2533 3545 2719 3616 ἀπατᾷ
2753 3544 2853 3614 μὲν
2891 3545 2984 3598 καὶ
3019 3542 3368 3609 ὑποσκελίζει
3398 3543 3525 3609 τοὺς
3555 3543 3725 3615 ρᾳθυο

2067 3627 2344 3699 μοτέρους,
2374 3626 2433 3679 οὐ
2471 3626 2577 3697 μὴν
2606 3626 2803 3681 κωλύει
2833 3628 2930 3681 καὶ
2959 3626 3202 3696 βιάζεται
3231 3643 3245 3658 ·
3278 3627 3371 3681 καὶ
3397 3625 3553 3681 τοῦτο
3588 3627 3724 3695 αὐτὴ

2062 3716 2170 3768 τῶν
2226 3714 2564 3786 πραγμάτων
2595 3715 2628 3784 ή
2659 3717 2821 3785 πεῖρα
2872 3714 3175 3777 δείκνυσιν,
3200 3715 3280 3768 ὅτι
3317 3714 3478 3784 ήνίκα
3521 3714 3621 3785 μὲν
3659 3714 3725 3768 ἂν

2065 3801 2381 3872 βουλώμεθα
2409 3802 2597 3872 νήφειν
2618 3840 2632 3865 ,
2659 3800 2912 3855 τοσοῦτον
2958 3802 3049 3854 τὸν
3091 3803 3242 3856 τόνον
3284 3801 3720 3872 ἐπιδεικνύμεθα,

2061 3889 2136 3952 ὡς
2169 3887 2302 3958 μηδέ
2332 3886 2539 3939 πολλῶν
2581 3886 2748 3939 ὄντων
2788 3886 2896 3941 τῶν
2936 3887 3348 3959 προτρεπόντων
3369 3887 3479 3941 ἐπὶ
3508 3888 3607 3959 τὴν
3627 3888 3724 3959 τῆς

2064 3974 2255 4038 κακίας
2306 3974 2443 4037 ὁδὸν,
2494 3973 2780 4044 ἀνέχεσθαι
2820 3973 2920 4045 τῆς
2968 3974 3275 4046 συμϐουλῆς
3299 4015 3314 4041 ,
3341 3973 3476 4027 ἀλλά
3528 3976 3721 4036 παντὸς

2063 4062 2365 4132 ἀδάμαντος
2411 4060 2797 4133 στερροτέρους
2830 4061 2979 4133 ἡμᾶς
3011 4061 3277 4130 γίνεσθαι,
3312 4061 3406 4115 καὶ
3439 4062 3715 4132 ἀποφράτ-

2061 4167 2173 4202 τειν
2195 4152 2303 4213 τοῖς
2331 4149 2399 4202 τὰ
2449 4146 2626 4217 φαῦλα
2663 4147 3087 4218 συμϐουλεύουσι
3114 4147 3212 4212 τὰς
3239 4147 3429 4211 ἀκοάς.
3468 4149 3634 4203 Ὅταν
3663 4150 3719 4203 δὲ

2063 4235 2425 4307 ρᾳθυμῶμεν,
2454 4235 2549 4289 καὶ
2592 4234 2818 4306 μηδενὸς
2861 4234 3011 4298 ὄντος
3059 4232 3153 4286 τοῦ
3202 4233 3717 4305 συμϐουλεύοντοςῆ

2062 4321 2744 4387 ὑποσκελίζοντος,οῐκοθεν
2772 4320 2921 4375 κινού
2931 4339 3079 4393 μενοι
3101 4321 3192 4374 ἐπὶ
3216 4320 3313 4393 τὴν
3332 4322 3527 4377 κακίαν
3540 4323 3715 4394 ὁρμῶ-

2063 4426 2178 4480 μεν.
2203 4410 2263 4462 EI
2282 4409 2391 4480 γὰρ
2415 4408 2489 4480 μὴ
2518 4410 2575 4461 ἐν
2608 4411 2675 4479 τῇ
2709 4409 3024 4480 προαιρέσει
3051 4408 3207 4479 ἡμῶν
3245 4408 3420 4463 ἔκειτο
3439 4447 3453 4473 ,
3488 4409 3622 4479 μηδέ
3662 4411 3716 4462 ἐν

2058 4498 2124 4565 τῇ
2159 4495 2259 4565 τῆς
2312 4493 2536 4565 γνώμης
2575 4495 2825 4564 ἐξουσίᾳ,
2862 4495 2996 4565 μηδὲ
3033 4494 3373 4562 αὐτεξούσιον
3418 4496 3574 4568 ήμῶν
3618 4497 3717 4568 τὴν

2059 4582 2219 4650 φύσιν
2251 4584 2280 4634 6
2311 4581 2687 4651 φιλάνθρωπος
2711 4581 2841 4645 Θεὸς
2862 4580 3281 4648 κατεσκεύασεν,
3305 4584 3469 4654 ἐχρῆν
3491 4583 3522 4655 ἢ
3547 4582 3715 4638 ἄπαν-

2057 4685 2156 4731 τας
2193 4660 2328 4721 εἶναι
2360 4668 2561 4730 κακοὺς
2587 4668 2712 4731 τοὺς
2737 4667 2834 4739 τῆς
2870 4668 3039 4740 αὐτῆς
3076 4668 3287 4738 φύσεως
3332 4670 3712 4731 κοινωνοῦντας

2059 4756 2152 4808 καὶ
2181 4756 2293 4817 τοῖς
2320 4754 2503 4817 αὐτοῖς
2556 4752 2783 4808 πάθεσιν
2830 4754 3243 4826 ὑποκειμένους,
3274 4755 3306 4825 ἢ
3340 4756 3544 4817 πάντας
3573 4756 3712 4808 εἶναι

2057 4841 2360 4912 ἐναρέτους.
2408 4841 2574 4893 Ὅταν
2601 4841 2659 4893 δέ
2698 4840 2893 4911 ἴδωμεν
2942 4842 3068 4904 τοὺς
3104 4843 3383 4911 ὁμογενεῖς
3432 4843 3584 4911 ήμῖν,
3620 4844 3711 4896 καὶ

2058 4927 2163 4980 ὑπὸ
2199 4925 2307 4980 τῶν
2332 4925 2508 4979 αὐτῶν
2554 4925 2743 4979 παθῶν
2771 4926 3203 4996 ἐνοχλουμένους,
3237 4925 3297 4976 οὐ
3328 4924 3395 4977 τά
3418 4925 3556 4979 αὐτά
3582 4927 3712 4997 ήμῖν

2057 5012 2442 5084 ὑπομένοντας,
2473 5010 2608 5065 ἀλλά
2640 5011 2731 5064 καὶ
2754 5011 3048 5082 ἐρρωμένῳ
3072 5009 3150 5080 τῷ
3182 5010 3424 5082 λογισμῷ
3448 5013 3713 5083 ήνιοχοῦν-

2054 5117 2153 5162 τας
2177 5098 2274 5171 τὴν
2296 5099 2474 5168 φύσιν,
2492 5099 2584 5151 καὶ¹
2618 5096 3057 5167 περιγινομένους
3080 5097 3187 5149 τῶν
3206 5096 3454 5152 ἀτάκτων
3485 5115 3709 5172 σκιρτη-

2059 5187 2243 5257 μάτων
2262 5229 2275 5250 ,
2305 5187 2398 5238 καὶ
2427 5183 2773 5254 ,ςαλινοῦντας
2816 5183 3127 5254 ἐπιθυμίαν,
3153 5185 3485 5253 κρατοῦντας
3515 5188 3705 5260 ὀργὴν.

2056 5273 2356 5344 βασκανίαν
2412 5270 2727 5339 φεύγοντας,
2759 5268 2948 5336 φθόνον
2992 5268 3347 5343 ἐξορίζονιας,
3378 5277 3477 5346 τῆς
3508 5275 3707 5346 λύσσης

2053 5360 2161 5411 τῶν
2191 5358 2485 5429 χρημάτων
2529 5355 2931 5427 ὑπερορῶντας,
2959 5357 3114 5429 δόξης
3153 5358 3370 5413 ἔλαττον
3400 5362 3708 5433 φροντίζονο

2052 5462 2167 5509 τας,
2199 5446 2375 5513 πάσης
2406 5443 2504 5513 τῆς
2542 5442 2637 5495 τοῦ
2675 5441 2937 5513 παρόντος
2978 5442 3091 5514 βίου
3141 5446 3433 5517 εὐημερίας
3478 5464 3707 5514 καταγε-

2052 5531 2279 5595 λῶντας,
2303 5530 2396 5583 καὶ
2428 5530 2563 5600 πρὸς
2589 5530 2687 5601 τὴν
2709 5528 2884 5600 ἀληθῆ
2908 5530 3063 5595 δόξαν
3088 5533 3478 5604 ἐπτοημένους,
3506 5534 3705 5586 καὶτὸν

2054 5620 2205 5689 παρά
2242 5616 2334 5669 τοῦ
2382 5615 2516 5670 Θεοῦ
2553 5616 2765 5670 ἔπαινον
2804 5618 3018 5672 πάντων
3062 5619 3168 5673 τῶν
3199 5619 3487 5703 ὁρωμένων
3525 5635 3705 5689 προτιε

2114 5827 2141 5867 δ
2176 5825 2272 5875 Αιιι
2290 5831 2373 5885 τῆς
2394 5830 2612 5889 κορυφῆς.
3193 5887 3267 5945 13
