4066 6140
347 307 457 362 205

354 422 569 492 μῶντας
591 438 602 452 ·
637 422 735 473 οὐκ
770 418 985 486 εὔδηλον
1022 417 1100 468 ὅτι
1134 420 1199 488 τῇ
1234 419 1408 488 οἰκείᾳ
1440 417 1639 489 σπουδῇ
1666 417 1836 471 ταῦτα
1862 415 2009 488 [215]

351 509 651 579 κατορθοῦν
681 508 999 575 δυνήσονται
1025 505 1160 574 μετά
1188 507 1286 576 τὴν
1317 506 1519 558 ἄνωθεν
1541 507 1716 576 χάριν,
1743 509 1834 559 καὶ
1857 509 2010 577 ἡμεῖς

350 599 416 666 τῇ
451 596 624 665 οίκείᾳ
671 591 910 663 ῥᾳθυμίᾳ
955 593 1282 661 κεχρημένοι
1328 593 1681 663 προδιδόαμεν
1717 593 1869 663 ἡμῶν
1914 594 2011 663 τὴν

352 682 653 752 σωτηρίαν,
691 681 933 751 ἐρήμους
970 679 1194 741 ἑαυτοὺς
1249 678 1610 744 καθιστῶντες
1665 683 1764 751 τῆς
1805 681 2010 733 ἐκεῖθεν

351 771 557 831 εὐνοίας
575 785 588 832 ;

423 865 496 920 ς’.
519 857 608 908 Διὸ
637 856 935 927 παρακαλῶ
955 858 1126 912 ταῦτα
1146 857 1544 926 λογιζομένους,
1569 857 1659 906 καὶ
1683 855 1916 924 συνεχῶς
1937 872 2014 908 κι-

351 944 572 1006 νοῦντας
601 946 658 996 ἐν
689 947 753 1014 τῇ
776 944 1006 1016 διανοίᾳ,
1029 945 1293 1015 μηδέποτε
1324 946 1413 997 τὸν
1439 944 1679 997 διάϐολον
1714 943 2010 1008 αἰτιᾶσθαι,

349 1032 482 1084 ἀλλὰ
511 1032 608 1102 τὴν
639 1034 880 1104 ῥᾴθυμον
913 1034 1068 1104 ἡμῶν
1096 1033 1339 1104 γνώμην.
1380 1035 1488 1086 Καὶ
1529 1032 1702 1085 ταῦτα
1739 1032 1879 1099 λέγω
1913 1033 2013 1084 οὐκ

351 1123 554 1174 ἐκεῖνον
579 1122 884 1188 ἀπαλλάξαι
913 1122 1232 1192 βουλόμενος
1267 1121 1597 1192 κατηγορίας
1614 1137 1629 1152 ·
1655 1121 1728 1192 μὴ
1771 1122 1977 1187 γένοιτο
1996 1134 2009 1147 ·

351 1209 445 1260 καὶ
475 1208 582 1278 γάρ
612 1208 828 1280 ἔρχεται
855 1210 929 1272 ὡς
967 1209 1102 1263 λέων
1133 1210 1394 1280 ἁρπάσαι,
1429 1209 1520 1260 καλ⁹
1549 1208 1881 1279 ὠρυόμενος,
1920 1207 2012 1260 καὶ

350 1297 469 1349 τίνα
516 1298 760 1369 καταπίῃ
805 1295 984 1368 ζητῶν
1011 1315 1026 1329 '
1057 1298 1192 1352 ἀλλὰ
1248 1299 1339 1352 καὶ
1388 1299 1533 1368 ἡμᾶς
1578 1295 2014 1365 άσφαλεστέρους

353 1384 571 1453 ποιῆσαι
601 1383 790 1445 θέλων,
824 1386 908 1437 ἵνα
941 1386 1013 1456 μὴ
1044 1385 1347 1456 νομίζωμεν
1376 1385 1529 1447 ἐκτὸς
1568 1381 1704 1438 εἶναι
1740 1383 2015 1452 ἐγκλημά-

353 1487 479 1530 των,
505 1469 677 1533 οὕτως
694 1472 928 1535 εὐκόλως
955 1473 1089 1543 πρὸς
1115 1473 1212 1544 τὴν
1236 1473 1434 1527 κακίαν
1460 1472 1902 1542 αὐτομολοῦντες,
1921 1471 2013 1524 καὶ

357 1557 431 1626 μὴ
461 1557 528 1609 τά
573 1557 755 1628 ψυχρά
806 1560 989 1612 ἐκεῖνα
1041 1560 1287 1630 λέγωμεν
1327 1562 1546 1631 ῥήματα
1579 1577 1593 1590 '
1625 1561 1780 1621 Τίνος
1831 1560 2013 1611 ’ένεκεν

353 1644 561 1714 ἀφῆκεν
616 1645 774 1697 αὐτὸν
816 1648 844 1698 6
891 1646 1021 1709 Θεὸς
1059 1646 1294 1699 τοιοῦτον
1331 1660 1353 1686 ιι
1392 1647 1517 1699 δντα
1566 1647 1799 1716 πονηρὸν
1826 1685 1839 1707 ,
1873 1645 2012 1698 ὥστε

355 1730 728 1796 ὑποσκελίζειν
763 1734 854 1785 καὶ
897 1733 1290 1795 καταϐάλλειν;
1336 1735 1612 1804 Μεγίστης
1657 1737 1763 1804 γὰρ
1815 1734 1878 1786 ἂν
1929 1733 2012 1804 εἴη

354 1818 525 1871 ταῦτα
554 1818 623 1872 τά
655 1821 873 1890 ῥήματα
902 1821 1308 1892 ἀγνωμοσύνης.
1353 1822 1489 1874 Ἀλλ’
1516 1825 1688 1875 ἐκεῖνο
1718 1824 1810 1875 σὺν
1839 1821 2015 1890 ἐαυτῷ

358 1905 568 1968 σκόπει,
590 1906 670 1958 ὅτι
700 1907 786 1958 διά
817 1907 975 1959 τοῦτο
1021 1909 1251 1977 μάλιστα
1289 1909 1451 1961 αὐτὸν
1492 1910 1801 1970 κατέλιπεν,
1829 1910 1913 1962 ἵνα
1941 1908 2016 1977 τῷ

357 1992 505 2062 φόϐῳ
537 1993 952 2062 συνωθούμενοι,
978 1996 1188 2048 καὶτοῦ
1225 1995 1477 2064 πολεμίου
1511 1997 1607 2067 τὴν
1639 1997 1821 2065 ἔφοδον
1851 2013 2016 2066 προσ-

357 2082 641 2146 δοκῶντες,
669 2083 865 2154 πολλὴν
892 2085 1194 2153 ἀγρυπνίαν
1223 2085 1316 2137 καὶ
1341 2084 1560 2152 διηνεκῆ
1585 2084 1680 2153 τὴν
1709 2084 1869 2152 νῆψιν
1901 2085 2019 2136 ἐπι-

342 2167 748 2240 ηδεικνυώμεθα,
778 2173 842 2240 τῇ
877 2171 986 2222 τῶν
1025 2171 1268 2241 άμοιϐῶν
1311 2171 1505 2232 ἐλπίδι,
1533 2172 1624 2223 καὶ
1662 2173 1726 2240 τῇ
1756 2169 2018 2222 ἀντιδόσει

358 2256 464 2307 τῶν
499 2256 730 2308 αίωνίων
761 2256 980 2309 ἐκείνων
1004 2259 1096 2310 καὶ
1131 2259 1453 2327 ἀπορρήτων
1474 2255 1690 2324 ἀγαθῶν
1719 2255 1893 2308 πάντα
1921 2255 2020 2324 τῆς

359 2343 558 2412 ἀρετῆς
587 2347 674 2394 τὸν
708 2344 950 2412 κάματον
976 2344 1420 2414 ὐποτεμνόμενοι.
1444 2344 1552 2396 Καὶ
1580 2344 1630 2395 τί
1654 2343 1951 2412 θαυμάζεις
1972 2345 2019 2395 εί

360 2430 448 2481 τὸν
479 2429 721 2482 διάϐολον
765 2430 852 2482 διὰ
895 2429 1051 2482 τοῦτο
1101 2431 1355 2482 κατέλιπε
1402 2431 1694 2500 κηδόμενος
1737 2431 1892 2501 ἡμῶν
1925 2431 2020 2499 τῆς

363 2519 654 2588 σωτηρίας,
683 2520 776 2572 καὶ
812 2519 1089 2589 διεγείρων
1111 2520 1268 2589 ἡμῶν
1299 2520 1395 2590 τὴν
1447 2520 1737 2592 ρᾳθυμίαν,
1765 2523 1857 2573 καὶ
1888 2522 2020 2573 ὐπό-

361 2605 509 2658 θεσιν
526 2609 662 2675 ἡμῖν
687 2607 964 2674 στεφάνων
991 2606 1413 2670 κατασκευάζων
1435 2623 1447 2671 ;
1473 2607 1650 2677 Αὐτὴν
1672 2609 1770 2678 τὴν
1799 2609 2022 2675 γέενναν

361 2693 449 2745 διὰ
476 2693 632 2746 τοῦτο
667 2695 1099 2764 παρεσκεύασεν,
1132 2695 1217 2750 ἵνα
1256 2698 1283 2748 ό
1314 2696 1411 2765 τῆς
1441 2695 1708 2765 τιμωρίας
1743 2696 1903 2764 φόϐος
1932 2698 2024 2748 καὶ

362 2781 462 2849 τῆς
489 2781 760 2845 κολάσεως
789 2781 846 2834 τὸ
870 2783 1140 2854 ἀφόρητον
1172 2782 1304 2852 πρὸς
1327 2783 1423 2854 τὴν
1446 2783 1718 2853 βασιλείαν
1741 2786 1884 2854 ἡμᾶς
1911 2802 2024 2836 συν-

363 2867 569 2940 ωθὴσῃ.
588 2865 735 2932 Εἶδες
749 2869 1052 2940 εὐμήχανον
1072 2869 1161 2922 τοῦ
1177 2872 1441 2924 Δεσπότου
1457 2871 1860 2942 φιλανθρωπίαν
1877 2891 1890 2938 ;
1913 2872 2025 2934 πῶς

364 2956 540 3009 πάντα
564 2959 704 3009 ποιεῖ
729 2957 820 3010 καὶ
848 2958 1398 3028 πραγματεύεται,ὡς
1432 2960 1504 3030 μὴ
1531 2959 1688 3030 μόνον
1714 2960 1884 3013 σῶσαι
1903 2961 2026 3023 τοὺς

367 3044 456 3094 ὑπ’
475 3042 637 3096 αὐτοῦ
655 3044 716 3113 δη
727 3045 1171 3115 μιουργηθέντας,
1186 3046 1318 3099 ἁλλὰ
1331 3048 1423 3100 καὶ
1441 3047 1544 3100 τῶν
1556 3048 1879 3118 ἀπορρήτων
1894 3047 2028 3114 ἀγα-

369 3129 476 3181 θῶν
496 3129 742 3196 άξιῶσαις
765 3131 860 3183 Διὰ
887 3130 1042 3184 τοῦτο
1070 3134 1161 3184 καὶ
1184 3134 1241 3184 τὸ
1264 3132 1608 3199 αὐτεξούσιον
1631 3135 1763 3202 ἡμῖν
1791 3131 2026 3202 δεδώρη-

365 3233 476 3276 ται,
509 3217 600 3268 καὶ
630 3217 686 3270 ἐν
725 3221 790 3287 τῇ
820 3218 978 3285 φύσει
1020 3219 1110 3272 καὶ
1148 3222 1204 3272 ἐν
1242 3219 1318 3290 τῷ
1369 3220 1626 3272 συνειδότι
1666 3219 1820 3289 ἡμῶν
1867 3221 2032 3274 ἐναπ-

370 3303 524 3356 έθετο
553 3304 648 3374 τὴν
690 3306 888 3372 γνῶσιν
929 3307 1028 3375 τῆς
1069 3309 1263 3370 κακίας
1308 3309 1400 3361 καὶ
1437 3309 1533 3376 τῆς
1573 3309 1789 3378 ἀρετῆς,
1826 3308 2030 3363 καὶτὸν

369 3391 611 3444 διάϐολον
638 3390 1010 3462 συνεχώρησεν
1033 3389 1189 3459 εἶναι,
1221 3396 1312 3448 καὶ
1345 3395 1442 3466 τὴν
1471 3394 1693 3462 γέενναν
1715 3397 2027 3468 ἠπείλησεν,

372 3479 458 3530 ἵνα
491 3479 626 3548 μήτε
653 3480 750 3549 τῆς
775 3479 998 3549 γεέννης
1028 3484 1218 3552 πεῖραν
1243 3481 1493 3552 λάϐωμεν
1519 3484 1612 3535 καὶ
1635 3483 1734 3554 τῆς
1757 3483 2032 3554 βασιλείας

372 3565 732 3636 ἐπιτύχωμεν.
782 3567 889 3619 Καὶ
935 3568 987 3619 τί
1033 3567 1332 3636 θαυμάζεις
1385 3570 1431 3621 εἱ
1475 3569 1646 3622 ταῦτα
1689 3570 1901 3624 ἅπαντα
1945 3571 2032 3624 διὰ

373 3652 528 3706 τοῦτο
550 3655 1058 3725 ἐπραγματεύσατο,
1084 3659 1177 3710 καὶ
1203 3659 1370 3729 μυρία
1389 3658 1552 3729 ἕτερα
1571 3677 1584 3725 ;
1601 3659 1794 3715 Δούλου
1822 3659 2032 3731 μορφὴν

373 3743 401 3792 ό
428 3741 486 3793 ἐν
525 3744 635 3804 τοῖς
667 3743 886 3806 κόλποις
913 3747 1026 3807 τοῖς
1056 3749 1338 3816 πατρικοῖς
1368 3747 1646 3815 τυγχάνων
1683 3746 1866 3799 λαϐεῖν
1904 3764 2033 3801 κατ-

375 3829 609 3896 εδέξατο,
635 3831 727 3884 καὶ
752 3831 928 3886 πάντα
956 3833 1023 3886 τά
1049 3833 1181 3886 ἄλλα
1213 3835 1498 3904 ὑπομεῖναι
1522 3834 1586 3887 τὰ
1613 3836 1916 3905 σωματικά,
1943 3838 2035 3889 καὶ

376 3918 440 3969 ἐκ
464 3919 719 3986 γυναικὸς
744 3920 1090 3990 γεννηθῆναι,
1114 3923 1205 3974 καί¹
1244 3925 1306 3974 ἐκ
1340 3921 1606 3992 παρθένου
1639 3923 1912 3993 τεχθῆναι,
1943 3926 2035 3977 καὶ

377 4006 783 4076 ἐννεαμηνιαῖον
817 4007 1218 4079 κυοφορηθῆναι
1261 4010 1470 4078 χρόνον,
1505 4009 1598 4061 καὶ
1629 4011 1914 4081 σπάργανα
1953 4013 2037 4064 δέ-

380 4090 604 4156 ξασθαι,
647 4094 740 4146 καὶ
773 4097 982 4165 πατέρα
1017 4095 1180 4147 αὐτοῦ
1212 4097 1529 4166 νομισθῆναι
1563 4098 1653 4151 τὸν
1711 4099 1904 4170 Ἰωσὴφ
1948 4101 2036 4152 τὸν

382 4183 666 4251 μνηστῆρα
695 4183 790 4250 τῆς
816 4183 1054 4253 Μαρίας,
1083 4184 1173 4237 καὶ
1205 4185 1343 4237 κατὰ
1374 4187 1566 4256 μικρὸν
1598 4188 1914 4259 αὐξηθῆναι,
1945 4191 2038 4241 καὶ

380 4272 802 4341 περιτμηθῆναι,
832 4272 925 4322 καὶ
950 4272 1137 4324 θυσίαν
1164 4274 1493 4341 ἀνενεγκεῖν,
1530 4277 1620 4329 καὶ
1645 4278 1915 4346 πεινῆσαι,
1947 4280 2038 4331 καὶ

379 4359 620 4428 διψῆσαι,
648 4358 737 4411 καὶ
772 4358 1050 4421 κοπιάσαι,
1082 4359 1174 4412 καὶ
1203 4361 1502 4415 τελευταῖον
1533 4365 1626 4416 καὶ
1655 4364 1879 4417 θάνατον
1910 4366 2040 4419 ὑπο..

371 4448 582 4515 μεῖναι,
613 4447 706 4500 καὶ
758 4446 982 4499 θάνατον
1031 4446 1126 4516 οὐχ
1165 4448 1366 4514 ἁπλῶς,
1399 4450 1533 4502 ἀλλά
1565 4451 1654 4503 τὸν
1685 4453 2040 4506 ἐπονείδιστον

364 4533 755 4603 νομιζόμενον,
788 4536 877 4587 τὸν
906 4535 1141 4608 σταυροῦ
1178 4536 1348 4606 λέγων
1382 4539 1476 4590 καὶ
1508 4538 1678 4591 ταῦτα
1722 4539 1935 4592 ἅπαντα
1973 4541 2039 4592 δι’

380 4621 530 4689 ἡμᾶς
556 4621 649 4674 καὶ
683 4622 779 4691 τὴν
812 4624 1080 4692 σωτηρίαν
1116 4625 1211 4694 τὴν
1244 4626 1510 4695 ἡμετέραν
1541 4626 1859 4690 κατεδέξατο
1883 4630 1909 4678 ό
1935 4627 2040 4679 τῶν

382 4708 636 4762 ἁπάντων
665 4707 1010 4779 δημιουργὸς,
1047 4711 1075 4762 6
1100 4710 1473 4773 ἀναλλοίωτος,
1500 4713 1528 4762 6
1557 4714 1620 4763 ἐκ
1652 4713 1744 4765 τοῦ
1786 4713 1859 4783 μὴ
1893 4714 2042 4777 ὄντος

383 4797 461 4858 είς
490 4795 548 4848 τὸ
582 4791 718 4848 εἶναι
744 4795 810 4848 τὰ
842 4797 1017 4849 πάντα
1043 4795 1404 4870 παραγαγὼν,
1432 4799 1460 4849 6
1488 4797 1791 4852 ἐπιϐλέπων
1818 4801 1910 4854 ἐπὶ
1946 4801 2042 4870 τὴν

367 4887 507 4955 γῆν,
538 4887 629 4938 καὶ
659 4885 826 4938 ποιῶν
856 4885 1024 4955 αὐτὴν
1051 4885 1294 4955 τρέμειν,
1321 4869 1382 4937 οὗ
1411 4886 1508 4954 τῆς
1541 4885 1695 4957 δόξης
1721 4888 1818 4958 τὴν
1842 4889 2046 4958 ἀστρα-

385 4974 493 5045 πὴν
532 4976 650 5027 ούδέ
685 4975 750 5027 τὰ
789 4973 1087 5043 Χερουϐὶμ,
1128 4973 1183 5025 αἱ
1219 4972 1497 5043 ἀσώματοι
1527 4973 1781 5044 δυνάμεις
1819 4977 2041 5040 ἐκεῖναι,

365 5061 516 5113 ,ἰδεῖν
553 5061 824 5122 δύνανται,
870 5060 986 5112 ἀλλ’
1022 5059 1454 5130 ἀποστρέφουσαι
1493 5060 1591 5122 τάς
1623 5059 1771 5128 ὄψεις
1804 5065 1870 5131 τῇ
1913 5079 2046 5132 προ-

386 5148 515 5219 ϐολῇ
561 5149 670 5200 τῶν
717 5149 1002 5218 πτερύγων
1035 5147 1095 5201 τὸ
1131 5146 1316 5215 θαῦμα
1351 5149 1479 5218 ἡμῖν
1519 5148 1942 5201 ἐπιδείκνυνταιο
1987 5151 2045 5202 ὃν

385 5235 474 5288 διὰ
490 5235 687 5297 παντὸς
705 5235 965 5305 ὑμνοῦσιν
983 5235 1220 5304 ἄγγελοι,
1247 5236 1596 5306 ἀρχάγγελοι,
1622 5227 1714 5289 καὶ
1740 5237 1927 5306 μυρίαι
1955 5255 2047 5305 μυ-

389 5322 589 5396 ριάδες
622 5315 774 5386 οὗτος
794 5323 858 5375 δι’
891 5325 1057 5394 ἡμᾶς,
1081 5325 1174 5376 καὶ
1205 5323 1298 5394 τὴν
1331 5324 1601 5393 σωτηρίαν
1626 5325 1722 5394 τὴν
1746 5324 2045 5394 ἡμετέραν,

387 5409 672 5480 ἄνθρωπος
703 5411 952 5478 γενέσθαι
995 5410 1340 5477 κατεδέξατο,
1376 5411 1467 5463 καὶ
1505 5409 1654 5483 [216]
1686 5412 1785 5482 τῆς
1821 5412 2046 5481 ἀρίστης

386 5502 663 5565 πολιτείας
697 5505 826 5572 ἡμῖν
869 5505 966 5572 τὴν
1009 5503 1124 5555 ὁδὸν
1157 5502 1346 5570 ἔτεμε,
1384 5503 1475 5555 καὶ
1513 5502 1580 5554 δι’
1624 5495 1697 5554 ὧν
1727 5502 1888 5565 αὐτὸς
1918 5497 2048 5572 ἦλθε

379 5591 486 5661 τὴν
511 5592 678 5662 αὐτὴν
709 5595 839 5660 ἡμῖν
875 5593 1034 5661 φύσιν
1061 5592 1360 5651 ἀναλαϐὼν,
1398 5592 1672 5662 ἀρκοῦσαν
1704 5592 2049 5646 διδασκαλίαν

383 5678 699 5731 ἐναπέθετο.
730 5679 862 5731 Ποία
897 5679 1072 5733 τοίνυν
1112 5681 1240 5748 ἡμῖν
1275 5679 1518 5731 λείπεται
1553 5679 1733 5731 λοιπὸν
1765 5678 2046 5747 ἀπολογία,

362 5843 364 5846 μ
443 5800 475 5823 ⁴
497 5803 648 5851 Sam.
674 5803 938 5864 legendum
964 5798 1161 5862 conjici!
1205 5797 1446 5848 τοσοῦτον.

1133 303 1190 358 S.
1227 301 1509 358 JOANNIS
1549 297 2039 358 CIIRYSOSTOMI
2082 296 2403 354 ARCHIEP.
2451 287 2994 351 CONSTANTINOP.

3674 283 3780 342 206

2117 411 2388 464 τοσούτων
2405 412 2488 464 διὰ
2519 411 2614 480 μὴν
2651 409 2918 478 ἡμετέραν
2947 405 3220 475 σωτηρίαν
3262 403 3706 475 προηγουμένων.
3731 402 3784 454 εί

2124 501 2408 570 μέλλοιμεν
2435 501 2666 569 ἀνόνητα
2703 498 2916 551 ἅπαντα
2948 495 3238 557 δεικνύναι,
3263 493 3349 547 διὰ
3378 497 3475 562 τῆς
3510 492 3778 563 ῥᾳθυμίας

2117 589 2218 657 τῆς
2249 589 2448 641 τούτων
2474 587 2810 658 προδιδόντες
2844 585 3000 653 ἡμῶν
3029 589 3126 652 τὴν
3162 582 3464 653 σωτηρίαν;
3491 580 3579 631 Διὸ
3600 597 3771 649 παρα-

2119 675 2268 728 καλῶ
2302 678 2510 746 νήφειν,
2549 676 2642 726 καὶ
2678 672 2751 742 μὴ
2796 670 2982 732 ἁπλῶς
3027 669 3282 738 συνηθείᾳ
3309 669 3415 720 τῶν
3447 668 3622 720 ἄλλων
3651 685 3779 718 κατ-

2120 762 2450 824 ακολουθεῖν,
2482 760 2618 814 ἀλλά
2641 759 2736 829 τὴν
2764 759 2970 813 ἑαυτῶν
2993 757 3135 826 ζωὴν
3166 758 3284 809 καθ’
3308 757 3543 823 ἑκάστην
3565 755 3782 823 ἡμέραν

2121 843 2615 920 πολυπραγμονεῖν,
2643 847 2734 898 καὶ
2757 845 2974 904 εἰδέναι,
3005 843 3057 894 τί
3087 844 3184 913 μὲν
3211 845 3338 912 ἡμῖν
3367 845 3700 912 ἡμάρτηται.
3727 842 3780 892 τί

2118 938 2175 990 δὲ
2201 936 2553 1006 κατώρθωται
2575 952 2588 965 ο
2613 935 2706 987 καὶ
2726 934 2866 986 οὕτω
2892 933 2998 984 τῶν
3023 931 3424 1001 ἡμαρτημένων
3445 933 3541 1000 τήν
3561 929 3782 999 διόρθω-

2122 1043 2203 1078 σιν
2236 1007 2546 1094 ποιῶμεθα,
2597 1024 2684 1076 ἵνα
2735 1023 2828 1074 καὶ
2865 1019 2962 1090 τὴν
3009 1020 3213 1071 ἄνωθεν
3251 1017 3420 1089 ῥοπὴν
3459 1016 3779 1069 ἐπισπάσω-

2123 1112 2281 1182 μεθα,
2315 1114 2404 1163 καὶ
2440 1111 2722 1181 εὐάρεστοι
2754 1108 2830 1178 τῷ
2863 1105 2979 1176 Θεῷ
3006 1105 3306 1174 γενώμεθα,
3343 1103 3592 1172 καθάπερ
3637 1106 3664 1154 6
3703 1104 3781 1155 δί-

2121 1215 2272 1260 καιος
2307 1191 2480 1260 οὗτος,
2520 1196 2611 1249 καὶ
2649 1195 2748 1263 τῆς
2797 1193 3068 1263 βασιλείας
3097 1192 3204 1244 τῶν
3238 1191 3481 1262 οὐρανῶν
3510 1191 3774 1260 ἐπιτύχω.

2123 1303 2243 1354 μεν,
2287 1286 2467 1355 χάριτι
2497 1285 2588 1336 καὶ
2619 1281 2995 1352 φιλανθρωπίᾳ
3025 1279 3116 1332 τοῦ
3148 1280 3349 1348 Κυρίου
3390 1279 3546 1349 ἡμῶν
3604 1278 3777 1348 ’.ησοῦ

2121 1372 2386 1442 Χριστοῦ,
2423 1371 2539 1442 μεθ’
2569 1364 2628 1422 οὗ
2659 1369 2736 1438 τῷ
2765 1367 2938 1436 Πατρὶ
2966 1367 3080 1436 ἅμα
3108 1366 3202 1418 καὶ
3230 1365 3308 1435 τῷ
3335 1366 3472 1434 ἁγίῳ
3502 1363 3778 1434 Πνεύματι

2119 1460 2267 1526 δόξα,
2293 1460 2445 1530 τιμή,
2479 1459 2676 1529 κράτος
2699 1455 2792 1509 νῦν
2817 1456 2909 1509 καὶ
2935 1455 3038 1519 ἀεὶ,
3068 1454 3163 1507 καὶ⁸
3190 1455 3270 1516 εἰς
3292 1454 3416 1516 τοὺς
3441 1453 3642 1516 αἰῶνας
3669 1454 3778 1504 τῶν

2120 1548 2350 1602 αἰώνων.
2400 1549 2455 1598 ’Λ
2465 1547 2588 1617 μήν.

2749 1631 2988 1684 UMIAIA
3020 1630 3143 1683 ΚΝ.

2134 1721 2455 1790 Ἐ’γέννησε
2495 1720 2563 1773 δὲ
2593 1719 2716 1774 Νῶε
2746 1718 2903 1790 τρεῖς
2930 1717 3120 1790 ζυίρὺςὲ,
3145 1715 3251 1790 τὸν
3287 1719 3331 1768 Σ
3337 1715 3414 1790 fut
3438 1755 3450 1777 ,
3483 1713 3590 1790 τὸς·
3618 1715 3774 1790 ξ’ὰιι,

2193 1785 2298 1844 τὸν
2343 1785 2536 1858 Ἰάεβεθ
2560 1807 2572 1818 ·
2616 1789 2847 1858 ἐφθάρη,
2878 1788 2944 1839 δὲ
2971 1789 3007 1854 ἠ
3036 1786 3110 1854 γῆ
3142 1787 3415 1839 ἐναντίον
3461 1785 3567 1838 τοῦ
3608 1785 3775 1847 θεοῦ,

2193 1863 2287 1913 καὶ
2314 1857 2588 1926 ἐπλήσθη
2612 1861 2648 1926 ἠ
2683 1860 2752 1928 γῆ
2789 1857 3038 1921 ἀδικίας.

2194 1956 2260 2000 α’.
2279 1949 2351 2000 Οὐ
2375 1948 2440 2000 τὰ
2461 1949 2686 2018 τυχόντα
2710 1948 2852 2016 ἡμᾶς
2866 1945 3111 2014 ὠφέλησε
3133 1943 3302 2012 χθὲςὴ
3324 1941 3413 1994 τοῦ
3431 1942 3638 1994 δικαίου
3657 1942 3775 1992 Νῶε

2125 2033 2457 2102 γενεαλογία.
2499 2034 2607 2086 Καὶ
2647 2033 2754 2103 γάρ
2801 2031 3043 2100 ἔγνωμεν
3085 2030 3391 2100 θαυμαστὸν
3429 2029 3777 2096 γενεαλογίας

2125 2121 2341 2190 τρόπον,
2382 2119 2477 2172 καὶ
2523 2119 2734 2187 εἴδομεν
2775 2119 2863 2170 τὸν
2895 2117 3099 2170 δίκαιον
3139 2117 3643 2186 άνακηρυττόμενον
3681 2117 3778 2168 οὐκ

2127 2208 2232 2260 ἀπὸ
2258 2208 2352 2277 τῆς
2382 2207 2489 2259 τῶν
2525 2208 2800 2277 προγόνων
2831 2205 3184 2276 περιφανείας
3205 2246 3217 2266 ,
3251 2204 3366 2256 ἀλλ’
3401 2204 3507 2255 ἀπὸ
3538 2203 3636 2272 τῆς
3672 2204 3779 2254 τῶν

2126 2295 2338 2348 οἰκείων
2379 2295 2591 2366 τρόπων
2638 2295 2867 2365 ἀρετῆς,
2903 2294 2966 2346 δι’
3011 2295 3074 2363 ἣν
3120 2293 3213 2345 καὶ
3257 2292 3522 2360 τοσαύτην
3569 2291 3781 2354 ἐδέξατο

2132 2382 2436 2455 μαρτυρίαν
2475 2383 2624 2454 παρὰ
2656 2371 2753 2452 τῆς
2796 2382 2946 2444 θείας
2977 2381 3232 2452 Γραφῆς·
3274 2379 3398 2432 Νῶε
3438 2379 3564 2448 γὰρ,
3595 2380 3778 2447 φησὶν,

2129 2470 2435 2537 ἄνθρωπος
2459 2470 2705 2535 δίκαιος,
2725 2469 2948 2533 τέλειος
2972 2468 3054 2519 ὢν
3074 2469 3142 2519 ἐν
3171 2466 3244 2533 τῇ
3270 2463 3442 2534 γενεᾷ
3463 2465 3646 2518 αὑτοῦ
3665 2484 3679 2496 ·
3706 2464 3784 2528 τῷ

2132 2556 2252 2622 Θεῷ
2284 2556 2654 2626 εὐηρέστησε
2687 2556 2830 2610 Νῶε.
2865 2558 2957 2619 Εἰς
2988 2555 3156 2610 ταῦτα
3197 2555 3303 2625 γάρ
3347 2554 3548 2624 βραχέα
3579 2552 3645 2604 τά
3686 2554 3783 2621 ῥή-

2135 2660 2279 2714 ματα
2310 2643 2524 2696 ἃπασαν
2552 2643 2893 2696 διδασκαλίαν
2917 2643 3040 2712 χθὲς
3066 2639 3542 2710 κατηναλῶσαμεν.
3588 2641 3649 2691 'H
3677 2641 3787 2709 γάρ

2131 2731 2237 2783 τῶν
2275 2731 2431 2784 θείων
2458 2730 2650 2798 λογίων
2693 2730 2852 2798 φύσις
2896 2733 2951 2782 ἐν
2983 2728 3181 2795 ὀλίγοις
3218 2729 3420 2798 ῥήμασι
3455 2727 3618 2780 πολὺν
3662 2727 3787 2778 ἐπι-

2131 2818 2400 2871 δείκνυται
2429 2819 2534 2872 τῶν
2562 2819 2846 2888 νοημάτων
2885 2818 2973 2869 τὸν
3001 2816 3246 2877 πλοῦτον,
3287 2818 3378 2869 καὶ
3405 2815 3609 2885 ἄφατον
3640 2815 3789 2884 χαρί-

2135 2905 2283 2968 ζεται
2323 2905 2411 2958 τὸν
2459 2905 2725 2976 θησαυρὸν
2769 2907 2879 2968 τοῖς
2921 2904 3056 2973 μετά
3103 2903 3383 2975 ἀκριϐείας
3429 2903 3524 2972 τὴν
3563 2902 3791 2972 ἔρευναν

2135 2991 2400 3044 ποιεῖσθαι
2435 2990 2793 3061 βουλομένοις.
2827 2991 2914 3043 Διὸ
2944 2991 3026 3059 δὴ,
3059 2989 3374 3061 παρακαλῶ,
3411 2989 3574 3060 μηδὲν
3605 2987 3792 3051 ἀπλῶς

2134 3079 2501 3149 διατρέχωμεν
2530 3079 2636 3130 τῶν
2663 3081 2717 3130 ἐν
2750 3081 2816 3148 τῇ
2844 3078 2961 3148 θείᾳ
2988 3078 3172 3148 Γραφῇ
3208 3076 3493 3145 κειμένων,
3528 3075 3662 3128 ἀλλά
3689 3075 3792 3127 κᾶν

2136 3165 2411 3234 ὀνομάτων
2435 3165 2732 3233 κατάλογος
2759 3163 2813 3239 ᾗ,
2837 3165 2938 3216 κᾶν
2963 3164 3198 3231 ἱστορίας
3232 3163 3498 3233 διήγησις,
3524 3161 3612 3213 τὸν
3638 3162 3794 3228 ἐγκε-

2138 3252 2452 3322 κρυμμένον
2475 3252 2838 3321 ἀνιχνεύωμεν
2867 3251 3157 3322 θησαυρόν.
3197 3250 3294 3303 Διὰ
3323 3249 3428 3320 γὰρ
3469 3248 3624 3301 τοῦτο
3649 3251 3742 3302 καὶ
3765 3249 3793 3299 6

2139 3339 2369 3411 Χριστὸς
2407 3340 2587 3408 ἔλεγεν
2611 3357 2625 3370 ·
2683 3337 2992 3406 Ἐρευνᾶτε
3027 3337 3130 3404 τὰς
3165 3337 3428 3406 Γραφάς.
3476 3336 3693 3406 Ἐπειδὴ
3732 3337 3793 3389 οὐ

2140 3427 2410 3497 πανταχοῦ
2445 3427 2502 3492 ἐξ
2534 3427 2794 3497 ἐπιπολῆς
2833 3427 2978 3478 ἔστιν
3009 3426 3185 3496 εὑρεῖν
3219 3424 3306 3477 τὸν
3348 3423 3466 3477 νοῦν
3497 3424 3604 3475 τῶν
3637 3425 3796 3490 ἐγγεο

2141 3516 2491 3588 γραμμένων,
2523 3514 2656 3567 ἀλλὰ
2683 3515 2839 3584 χρεία
2869 3513 2962 3566 καὶ
2992 3513 3188 3582 πολλῆς
3220 3511 3445 3582 ἐρεύνης
3475 3512 3620 3564 ἐστὶν
3641 3515 3794 3581 ἡμῖν,

2143 3607 2279 3659 ὥστε
2314 3603 2478 3672 μηδὲν
2502 3604 2650 3672 ἡμᾶς
2681 3601 2862 3653 λαθεῖν
2897 3600 3003 3652 τῶν
3027 3602 3084 3653 ἐν
3116 3598 3191 3669 τῷ
3220 3597 3370 3667 βάθει
3415 3599 3704 3666 κειμένων.
3737 3600 3796 3652 Εἰ

2142 3693 2197 3745 δὲ
2229 3694 2260 3762 ἡ
2292 3690 2628 3760 προσηγορία
2665 3689 2798 3758 μόνη
2826 3688 2922 3756 τῆς
2946 3687 3175 3756 φύσεως,
3212 3687 3271 3739 τὸ
3299 3686 3606 3754 ἄνθρωπος
3629 3689 3798 3755 ὄνομα

2141 3779 2303 3846 λέγω,
2329 3777 2593 3844 τοσαύτην
2625 3777 2755 3845 ἡμῖν
2781 3775 2930 3826 ἔτεκε
2966 3773 3091 3843 χθὲς
3119 3771 3379 3839 ὠφελείας
3407 3771 3682 3836 ὑπόθεσιν,
3710 3773 3800 3824 πό-

2146 3883 2234 3918 σον
2259 3867 2317 3917 οὐ
2348 3863 2748 3933 καρπωσόμεθα
2771 3862 2978 3932 κέρδος,
3003 3863 3049 3913 εἰ
3071 3861 3298 3913 ἕκαστον
3319 3859 3425 3913 τῶν
3447 3862 3503 3911 ἐν
3524 3863 3588 3930 τῇ
3613 3861 3798 3931 Γραφῇ

2148 3953 2284 4022 μετὰ
2318 3952 2588 4022 προσοχῆς
2630 3951 2722 4002 καὶ
2765 3948 3039 4018 ἀγρύπνου
3089 3947 3324 4009 διανοίας
3363 3947 3634 4016 ἐπίωμεν;
3689 3949 3801 3999 Καὶ

2145 4042 2251 4110 γάρ
2309 4038 2682 4108 φιλάνθρωπον
2724 4037 2916 4107 ἔχομεν
2965 4036 3271 4104 Δεσπότην,
3318 4037 3410 4087 καὶ
3457 4036 3671 4088 ἐπειδάν
3717 4035 3803 4108 ἰδῃ

2150 4126 2525 4197 μεριμνῶντας
2557 4125 2738 4193 ἡμᾶς,
2781 4123 2873 4176 καὶ
2919 4122 3080 4173 πόθον
3136 4122 3292 4173 πολὺν
3331 4121 3803 4189 ἐπιδεικνυμένους

2148 4215 2281 4284 πρὸς
2319 4212 2416 4282 τὴν
2453 4211 2560 4263 τῶν
2603 4209 2758 4261 θείων
2801 4209 2994 4274 λογίων
3029 4207 3387 4277 κατανόησιν,
3434 4207 3532 4259 οὐκ
3579 4207 3804 4276 ἀφίησιν

2179 4300 2330 4370 τέρου
2354 4299 2494 4360 τινὸς
2523 4296 2796 4366 δεηθῆναι,
2819 4295 2931 4348 ἀλλ’
2957 4294 3154 4357 εὐθέως
3180 4293 3398 4362 φωτίζει
3422 4292 3510 4344 τὸν
3534 4293 3803 4362 ἡμέτεροι

2147 4387 2401 4456 λογισμὸν
2425 4427 2439 4450 ,
2476 4386 2568 4437 καὶ
2602 4387 2697 4452 τὴν
2729 4383 2852 4452 παρ’
2883 4380 3044 4434 αὐτοῦ
3074 4381 3334 4449 ἔλλαμψιν
3371 4379 3668 4449 χαρίζεται,
3710 4380 3806 4430 καὶ

2149 4474 2289 4527 κατά
2317 4474 2412 4542 τὴν
2440 4473 2742 4542 εὐμήχανον
2775 4470 2937 4522 αὐτοῦ
2969 4468 3157 4536 σοφίαν
3191 4470 3368 4520 πᾶσαν
3396 4468 3493 4536 τὴν
3522 4465 3693 4536 ἀληθῆ
3728 4466 3807 4518 δι-

2147 4561 2438 4615 δασκαλίαν
2461 4560 2698 4627 ἐντίθησι
2719 4561 2784 4628 τῇ
2810 4556 3051 4627 ἡμετέρᾳ
3068 4555 3228 4625 ψυχῇ.
3251 4552 3399 4625 [217]
3419 4553 3515 4605 Διά
3536 4553 3693 4604 τοῦτο
3711 4552 3806 4605 καὶ

2153 4647 2469 4717 προτρέπων
2493 4646 2637 4714 ἡμᾶς
2663 4645 2754 4695 ἐπὶ
2783 4644 2957 4702 τοῦτο,
2988 4641 3082 4696 καὶ
3119 4640 3556 4710 προθυμοτέρους
3585 4637 3807 4709 ἐργαζό-

2154 4750 2339 4804 μενος,
2387 4731 2750 4801 μακαρισμῶν
2780 4729 2959 4792 ἀξίους
2988 4727 3231 4796 ἀπέφηνε
3277 4729 3399 4788 τοὺς
3442 4726 3532 4779 τὸν
3569 4724 3807 4776 τοιοῦτον

2151 4821 2312 4874 πόθον
2341 4817 2833 4888 ἐπιδεικνυμένους,
2861 4816 3054 4882 λέγων,
3086 4813 3374 4882 Μακάριοι
3405 4817 3455 4866 οί
3489 4811 3807 4876 πειιναῶντες

2153 4909 2244 4962 καὶ
2269 4906 2558 4975 διψῶντες
2588 4905 2700 4972 τὴν
2725 4904 3134 4968 δικαιοσύνην,
3169 4901 3252 4954 ὅτι
3278 4900 3445 4954 αὐτοὶ
3473 4899 3803 4970 χορτασθή-

2151 5012 2380 5048 σονται.
2424 4996 2566 5064 Ὅρα
2600 4993 2788 5062 σοφίαν
2830 4989 3178 5044 διδασκάλου·
3226 4990 3285 5042 ού
3319 4988 3405 5040 διὰ
3444 4987 3535 5040 τοῦ
3577 5004 3809 5056 μακαριο

2156 5082 2292 5154 σμοῦ
2318 5083 2475 5152 μόνον
2507 5079 2857 5151 προέτρεψεν,
2883 5077 3014 5130 ἀλλὰ
3041 5078 3130 5128 καὶ
3160 5075 3234 5144 τῷ
3257 5077 3448 5138 εἰπεῖν,
3474 5077 3537 5126 Οί
3562 5073 3809 5126 πεινῶν-

2153 5189 2250 5235 τες
2305 5169 2400 5223 καὶ
2456 5166 2749 5236 διψῶντες
2804 5165 2914 5231 τὴν
2963 5163 3386 5228 δικαιοσύνην,
3439 5159 3642 5224 ἐδίδαξε
3686 5159 3812 5222 τοῦς

2154 5258 2447 5319 ἀκούοντας
2478 5254 2594 5324 μεθ’
2621 5256 2751 5323 ὅσης
2775 5251 3079 5322 προθυμίας
3109 5251 3372 5320 προσήκει
3411 5247 3546 5317 πρὸς
3577 5249 3677 5318 τὴν
3704 5247 3811 5299 τῶν

2158 5343 2537 5415 πνευματικῶν
2589 5342 2782 5409 λογίων
2834 5339 3055 5409 ἔρευναν
3108 5339 3302 5407 όρμᾷέλ.
3362 5335 3628 5406 Καθάπερ
3682 5334 3810 5402 γάρ,

2156 5433 2340 5502 φησὶν,
2370 5433 2416 5484 οἱ
2450 5429 2636 5498 πείνης
2667 5424 3127 5497 προηγησαμένης
3161 5422 3298 5492 μετὰ
3334 5422 3639 5491 προθυμίας
3676 5421 3814 5488 αφά·

2155 5539 2246 5574 του
2276 5521 2366 5572 ἐπὶ
2391 5518 2486 5588 τὴν
2515 5516 2720 5587 τροφὴν
2777 5514 3104 5582 ἐπείγονται,
3140 5513 3231 5563 καὶ
3265 5512 3312 5562 οἰ
3352 5509 3458 5560 ἀπὸ
3492 5508 3583 5561 τοῦ
3625 5507 3813 5560 πολλοῦ

2156 5610 2338 5678 δίψους
2367 5605 2706 5674 ἐκκαιόμενοι
2742 5603 2819 5674 τῷ
2861 5603 3062 5672 πόματι
3100 5599 3236 5669 μετά
3269 5597 3502 5665 σπουδῆς
3533 5594 3810 5664 προσίασι·

2156 5697 2295 5749 κατά
2319 5695 2407 5746 τὸν
2445 5693 2606 5745 αὐτὸν
2639 5691 2701 5762 δὴ
2745 5691 2940 5759 τρόπον
2969 5689 3229 5760 προσήκει
3251 5728 3264 5750 ,
3297 5684 3545 5751 καθάπερ
3587 5681 3812 5734 πεινῶν-

2157 5802 2254 5848 τας
2295 5783 2387 5838 καὶ
2427 5781 2710 5854 διψῶντας,
2741 5777 2880 5831 οὕτω
2903 5779 2965 5848 τῇ
3000 5774 3315 5844 διδασκαλίᾳ
3351 5775 3416 5841 τῇ
3475 5771 3814 5839 πνευματικῇ
