4066 6140
426 252 530 310 Ωθδ

425 380 554 436 tem,
585 367 823 437 aspirare
851 366 917 421 ad
942 379 1124 421 veram
1151 365 1396 437 gloriam,
1430 376 1484 422 et
1505 380 1816 436 praeponere
1839 365 2012 419 visibi.

425 460 564 514 libus
596 457 844 513 omnibus
879 456 1092 512 laudem
1128 472 1248 527 quae
1273 471 1303 511 a
1336 457 1446 512 Deo
1475 465 1558 512 est
1590 474 1604 511 :
1634 470 1809 510 nonne
1838 454 2013 509 mani-

424 552 618 608 festum
657 559 740 606 est
773 565 866 607 eos
898 591 913 615 ,
949 557 1070 621 post
1106 551 1329 620 gratiam
1363 550 1456 605 Dei
1492 593 1506 614 ,
1536 565 1634 605 suo
1671 550 1845 605 studio
1879 550 2015 606 bene

420 659 581 712 agere
612 657 769 713 posse
791 684 803 701 .
833 656 1038 712 nosque
1063 649 1241 697 nostra
1271 642 1476 712 ignavia
1507 648 1743 697 nostram
1769 641 2013 695 amittere

420 732 649 788 salutem
678 773 697 798 ,
723 742 779 787 et
804 732 921 802 ejus
947 731 1115 802 gratia
1142 747 1240 787 nos
1269 732 1548 801 spoliare?

492 823 546 879 6.
578 820 797 877 Horati:
822 823 1531 894 abortatio.—-Quaproptcr
1558 823 1783 880 obsecro
1815 834 1872 879 ut
1901 823 2015 880 ha-c

420 917 716 987 cogitantes
742 956 757 983 ,
801 923 857 971 et
893 916 946 970 in
973 925 1150 971 mente
1195 924 1373 971 nostra
1417 917 1669 971 continuo
1695 927 1967 973 versantes
1995 959 2010 982 ,

422 1021 710 1078 numquam
737 1004 1008 1061 diabolum
1035 1046 1052 1072 ,
1080 1006 1174 1062 sed
1203 1015 1438 1062 nostram
1465 1007 1634 1063 levem
1665 1009 2012 1079 ignavamque

423 1108 654 1153 mentem
683 1112 988 1168 arguamus.
1011 1098 1080 1152 Et
1105 1098 1220 1152 hare
1242 1098 1361 1153 dico
1391 1114 1496 1153 non
1518 1099 1658 1169 quod
1685 1099 1954 1153 diabolum
1982 1113 2010 1151 a

420 1202 520 1243 suo
542 1187 769 1242 crimine
791 1187 1071 1243 absolvere
1096 1188 1295 1243 velim:
1326 1188 1463 1243 absit
1503 1204 1517 1242 :
1550 1188 1694 1243 vadit
1713 1190 1853 1244 enim
1877 1190 2013 1244 sicut

421 1278 508 1334 leo
527 1287 586 1333 ut
609 1280 800 1349 rapiat,
827 1288 881 1334 et
905 1281 1137 1350 rugiens,
1160 1289 1214 1335 et
1234 1295 1478 1350 qurerens
1499 1296 1656 1351 quem
1682 1281 1899 1337 devoret
1933 1282 2005 1354 (Ι.

425 1367 540 1423 Pet.
568 1370 621 1425 5.
648 1368 683 1424 8
710 1368 730 1441 )
764 1387 778 1424 :
807 1368 902 1425 sed
930 1377 988 1426 et
1008 1385 1106 1425 nos
1126 1371 1391 1425 cautiores
1417 1370 1642 1427 reddere
1672 1372 1831 1438 volui,
1865 1382 2011 1428 utne

423 1460 788 1516 existimemus
806 1476 991 1516 carere
1020 1476 1117 1516 nos
1143 1462 1319 1532 culpa,
1347 1462 1606 1531 siquidem
1638 1471 1744 1520 tam
1770 1462 1923 1518 facile
1944 1464 2009 1519 ad

424 1552 680 1607 malitiam
720 1553 1114 1624 prorumpimus
1147 1594 1161 1618 ,
1194 1562 1249 1609 et
1291 1568 1359 1609 ne
1407 1552 1591 1608 frivola
1643 1555 1730 1609 illa
1771 1554 2011 1609 dicamus

422 1645 582 1700 verba
607 1664 621 1700 :
648 1645 824 1713 Quare
856 1646 994 1700 Deus
1020 1645 1221 1700 dimisit
1246 1645 1394 1700 illum
1422 1654 1527 1701 tam
1560 1646 1859 1716 improbum
1888 1688 1901 1712 ,
1951 1656 2010 1703 ut

420 1737 784 1807 supplantaret
817 1745 873 1792 et
906 1737 1313 1807 prosterneret?
1355 1736 1491 1792 Sunt
1519 1737 1658 1792 enim
1688 1736 1805 1792 haec
1849 1737 2009 1793 verba

421 1830 609 1900 ingrati
637 1828 924 1884 admodum
950 1829 1133 1884 animi.
1168 1829 1362 1884 Verum
1394 1836 1451 1883 tu
1494 1828 1595 1884 hoc
1622 1838 1796 1884 tecum
1827 1830 2008 1885 consi-

419 1921 569 1984 dera,
599 1920 746 1975 illum
773 1928 993 1990 prepter
1017 1919 1120 1974 hoc
1149 1921 1480 1989 potissimum
1513 1920 1754 1975 relictum
1777 1935 1917 1985 esse,
1952 1931 2009 1976 ut

420 2011 613 2065 timore
654 2010 961 2080 compulsi,
989 2020 1042 2065 ct
1094 2011 1262 2065 hosﬁs
1318 2010 1538 2065 insidias
1585 2019 1956 2080 exspectantes
1988 2053 2003 2077 ,

418 2101 584 2156 simus
611 2112 866 2171 perpetuo
889 2103 1050 2157 sobrii
1082 2111 1137 2157 et
1165 2102 1348 2173 vigiles
1368 2145 1383 2170 ,
1412 2103 1756 2173 laboremque
1796 2105 2006 2160 virtutis

419 2192 671 2248 leviorem
699 2192 956 2250 faciamus
982 2210 1075 2264 spe
1100 2194 1506 2249 retributionum
1535 2205 1591 2254 et
1608 2196 2005 2265 exspectatione

418 2293 740 2340 arternorum
769 2295 825 2341 et
851 2285 1195 2342 ineﬂ'abilium
1224 2285 1432 2341 illorum
1473 2285 1757 2340 bonorum.
1787 2285 1856 2340 Et
1878 2286 2003 2356 quid

418 2375 627 2430 miraris
645 2417 660 2442 ,
699 2377 742 2430 si
779 2376 850 2431 ob
877 2377 1015 2432 hanc
1042 2392 1256 2431 causam
1287 2376 1500 2445 reliquit
1525 2375 1796 2433 diabolum
1824 2376 1964 2432 Deus
1984 2419 1999 2444 ,

416 2468 499 2522 cui
519 2476 660 2523 tanta
692 2476 888 2523 nostra:
916 2467 1103 2523 salutis
1122 2483 1269 2531 cura,
1298 2475 1353 2522 et
1380 2466 1468 2537 qui
1493 2466 1562 2521 ita
1594 2476 1831 2522 nostram
1854 2482 1999 2522 som-

418 2561 706 2615 nolentiam
747 2561 996 2627 excutit,
1043 2560 1429 2629 materiamque
1471 2572 1793 2614 coronarum
1846 2558 2001 2614 nobis

416 2661 679 2720 praeparat
704 2652 728 2703 ?
753 2650 927 2721 Ipsam
953 2651 1113 2706 etiam
1141 2650 1439 2721 gehennam
1470 2658 1749 2719 propterea
1774 2650 1998 2718 paravit,

415 2752 474 2797 ut
501 2753 673 2798 metus
704 2758 872 2812 ptente
900 2743 1351 2812 intolerabilisque
1375 2742 1643 2797 cruciatus
1684 2741 1751 2797 ad
1779 2757 1998 2813 regnum

414 2850 511 2891 nos
534 2836 793 2905 impellat.
838 2835 1025 2890 Vidisti
1054 2837 1307 2890 solertem
1336 2834 1540 2889 Domini
1572 2834 1950 2904 benignitatem
1976 2835 2001 2888 ?

413 2930 684 2998 quomodo
710 2932 886 2985 omnia
915 2929 1075 2985 faciat
1099 2938 1153 2983 et
1181 2935 1374 2984 tractet
1410 2968 1426 2994 ,
1458 2935 1516 2981 ut
1559 2943 1664 2982 non
1701 2927 1871 2982 solum
1907 2941 2000 2982 eos

413 3021 499 3092 qui
524 3022 593 3077 ab
616 3036 675 3077 se
699 3021 896 3076 conditi
922 3029 1043 3076 sunt
1059 3028 1255 3087 servet,
1270 3019 1365 3074 sed
1395 3027 1450 3074 et
1475 3018 1825 3074 inell‘abilibus
1848 3018 1999 3073 bonis

412 3114 583 3169 ditct‘l
613 3114 898 3183 Propterea
927 3113 1152 3168 liberum
1177 3112 1452 3166 arbitrium
1495 3111 1648 3166 nobis
1688 3110 1878 3164 indidit
1905 3151 1920 3176 ,
1943 3120 2000 3166 et

414 3208 468 3262 in
512 3218 696 3262 natura
740 3207 1172 3275 conscientiaque
1215 3214 1395 3260 nostra
1444 3203 1684 3272 reposuit
1720 3202 1996 3257 scientiam

416 3297 536 3353 boni
565 3307 618 3352 et
644 3298 799 3361 mali,
832 3296 1216 3366 diabolumque
1244 3310 1364 3350 esse
1391 3295 1631 3363 permisit
1661 3335 1674 3358 ,
1709 3308 1772 3348 ac
1792 3292 1996 3363 gehen-

415 3405 533 3443 nam
563 3390 794 3444 minatus
820 3398 922 3453 est,
952 3397 1012 3443 ut
1038 3403 1156 3444 eam
1189 3402 1295 3442 non
1329 3386 1699 3457 experiremur
1726 3427 1741 3450 ,
1783 3384 1877 3441 sed
1912 3401 1995 3439 re-

412 3497 573 3552 gnum
600 3481 1032 3551 adipisceremur.
1060 3481 1125 3535 Et
1144 3480 1271 3550 quid
1300 3480 1512 3534 miraris
1540 3480 1582 3533 si
1613 3479 1712 3533 iSla
1744 3479 1922 3532 omnia
1941 3486 1996 3534 ct

413 3575 689 3629 innumera
713 3573 811 3626 alia
846 3572 965 3627 ideo
988 3571 1213 3626 fecerit?
1239 3570 1337 3637 Qui
1368 3571 1419 3624 in
1448 3570 1563 3625 sinu
1581 3569 1755 3624 Patris
1778 3577 1861 3623 est
1887 3568 1996 3624 for-

414 3683 555 3724 mam
581 3667 718 3723 servi
749 3667 1024 3735 suscipere
1048 3665 1215 3719 voluit
1233 3663 1495 3733 (Philipp.
1524 3662 1581 3715 2.
1611 3660 1665 3734 7)
1693 3704 1709 3729 ,
1736 3672 1790 3718 et
1818 3663 1996 3716 omnia

414 3759 515 3813 alia
546 3759 810 3813 sustinere
838 3772 957 3828 quae
999 3756 1065 3810 ad
1101 3771 1297 3825 corpus
1328 3755 1597 3825 pertinent
1631 3795 1645 3818 ,
1677 3770 1741 3808 ex
1775 3754 1998 3809 muliere

414 3860 589 3905 ortum
618 3850 835 3916 habere,
865 3864 931 3904 ex
955 3847 1171 3917 Virgine
1198 3847 1379 3911 nasci,
1411 3860 1602 3900 novem
1639 3844 1914 3899 mensibus
1943 3845 1995 3900 in

415 3951 569 3997 utero
606 3942 800 4013 gestari
832 3981 849 4007 ,
899 3940 1086 4010 pannis
1114 3938 1308 3993 involvi
1343 3978 1359 4004 ,
1406 3946 1613 4008 patrem
1641 3952 1794 3992 suum
1823 3938 1998 4007 putari

415 4036 613 4107 Ioseph
632 4050 886 4104 sponsum
898 4033 1099 4100 Mariae,
1117 4031 1368 4103 paulatim
1390 4045 1651 4095 crescere,
1669 4030 1997 4095 circumcidi,

416 4128 732 4184 sacriﬁcium
763 4126 975 4191 offerre,
995 4124 1225 4191 esurire,
1255 4122 1424 4188 sitire,
1450 4121 1676 4192 fatigari,
1704 4130 1759 4176 et
1786 4122 1996 4177 tandem

417 4221 575 4274 etiam
603 4227 829 4273 mortem
857 4217 1121 4272 sustinere
1158 4233 1172 4268 :
1204 4223 1259 4270 et
1288 4222 1515 4269 mortem
1548 4228 1653 4268 non
1685 4213 1953 4283 vulgarem
1980 4256 1996 4280 ,

416 4309 509 4365 sed
538 4324 657 4364 eam
673 4325 790 4379 qum
813 4306 1310 4379 ignominiosissima
1333 4304 1646 4370 habebatur,
1663 4305 1838 4361 crucis
1856 4306 1996 4369 dico;

418 4411 471 4456 ct
492 4402 606 4456 lucc
631 4400 808 4455 omnia
828 4406 1044 4468 propter
1073 4412 1172 4452 nos
1190 4406 1537 4467 nostramque
1561 4397 1784 4451 salutem
1816 4411 1996 4450 susce-

419 4493 495 4561 pit
521 4490 758 4544 omnium
785 4488 1045 4544 Conditor
1069 4527 1085 4553 ,
1114 4486 1480 4554 immutabilis,
1508 4488 1596 4557 qui
1626 4487 1802 4541 omnia
1828 4501 1893 4540 ex
1917 4487 1996 4539 ui-

418 4582 527 4636 hilo
557 4591 612 4636 ut
637 4589 815 4637 essent
849 4579 1137 4650 produxit,
1165 4579 1254 4648 qui
1280 4577 1496 4647 respicit
1526 4587 1720 4633 terram
1751 4620 1766 4645 ,
1794 4586 1848 4631 et
1878 4576 2003 4630 facit

416 4690 534 4730 eam
558 4683 788 4729 tremere
816 4672 987 4745 (Psal.
1013 4672 1135 4727 105.
1158 4671 1252 4741 32)
1273 4687 1288 4735 ;
1309 4671 1463 4741 cujus
1487 4671 1677 4741 gloria:
1704 4670 1881 4741 fulgur
1908 4685 2000 4730 ne-

416 4781 520 4833 que
531 4763 838 4833 Cherubim,
853 4764 1180 4832 incorporea:
1192 4762 1297 4817 illze
1308 4762 1549 4826 virtutes,
1562 4762 1743 4816 videre
1758 4770 1999 4831 possunt,

419 4853 512 4907 sed
545 4853 794 4908 adversas
828 4854 988 4908 facies
1030 4862 1214 4923 tegunt
1254 4851 1479 4922 objectis
1515 4852 1616 4906 alis
1642 4892 1657 4914 ,
1685 4851 2001 4906 miraculum

421 4945 576 5000 nobis
604 4944 946 5011 exhibentes;
980 4961 1135 5016 quem
1165 4960 1379 5014 semper
1404 4944 1619 5000 laudant
1639 4945 1811 5015 angeli
1839 4954 1892 4999 et
1915 4960 2002 4999 ar-

418 5037 662 5107 changeli
694 5077 709 5101 ,
754 5047 809 5091 et
850 5037 1127 5092 innumera
1175 5037 1375 5091 millia:
1409 5036 1495 5091 hic
1541 5047 1760 5107 Propter
1790 5052 1887 5091 nos
1912 5077 1925 5102 ,
1953 5046 2008 5092 et

420 5137 642 5199 propter
669 5135 908 5182 nostram
934 5127 1158 5183 salutem
1179 5170 1193 5192 ,
1217 5127 1379 5181 homo
1405 5128 1519 5182 fieri
1549 5128 1711 5181 voluit
1737 5167 1752 5190 ,
1783 5137 1838 5181 et
1864 5127 2006 5195 opti-

419 5237 522 5275 mm
547 5221 671 5276 vitae
697 5217 856 5274 nobis
880 5218 1019 5272 viam
1051 5219 1255 5287 paravit
1286 5261 1300 5284 ,
1334 5228 1388 5274 et
1431 5234 1526 5288 per
1562 5234 1623 5274 ea
1652 5218 2005 5274 sufficientem

422 5313 576 5367 nobis
616 5310 918 5366 doctrinam
949 5309 1281 5378 consignavit
1307 5350 1322 5373 ,
1356 5324 1453 5379 per
1489 5324 1608 5378 qua:
1638 5308 1737 5362 hac
1765 5308 1879 5377 ipsa
1907 5323 1999 5363 no-

423 5414 530 5458 stra
563 5412 749 5458 natura
779 5407 1053 5469 assumpta
1103 5399 1366 5454 transivit.
1411 5399 1540 5467 Quae
1586 5398 1745 5468 igitur
1786 5398 2008 5468 posthac

422 5494 579 5549 nobis
608 5493 711 5547 erit
732 5490 1009 5548 excusatio
1029 5530 1043 5553 ,
1073 5490 1114 5543 si
1141 5502 1259 5543 cum
1291 5495 1368 5542 tot
1391 5496 1638 5557 tantaque
1667 5487 1891 5543 salutem
1916 5501 2010 5545 no-

424 5591 589 5637 stram
611 5579 1001 5651 praecesserint,
1021 5580 1072 5634 in
1087 5577 1246 5632 rebus
1269 5577 1540 5634 inutilibus
1554 5593 1652 5633 nos
1667 5592 2005 5648 occupemus,

432 5674 548 5732 sola
580 5673 720 5731 circa
769 5672 884 5729 bace
924 5669 1240 5745 negligentia
1270 5681 1506 5727 nostram
1532 5669 1833 5726 amittentes
1854 5666 2001 5724 salu-

1522 250 1589 306 iN
1625 249 1776 308 CAP.
1823 248 1907 304 Vl.
1949 248 2189 309 GENES.
2231 250 2462 307 HOMIL.
2497 251 2686 307 XXIV.

3598 255 3706 311 206

2128 374 2234 422 tem
2262 367 2285 420 ?
2314 367 2544 422 Proinde
2582 368 2808 423 obsecro
2837 376 2894 423 ut
2939 351 3216 439 vigilemus
3250 412 3265 437 ,
3294 378 3348 425 et
3375 386 3480 426 non
3510 381 3709 429 temere

2122 457 2346 511 aliorum
2377 472 2663 527 sequamur
2685 461 3146 525 consuetudinem,
3177 461 3270 517 sed
3290 471 3524 518 nostram
3545 464 3708 520 vitam

2121 548 2356 618 quotidie
2396 549 2680 620 diligenter
2717 554 3051 607 excutiamus
3083 594 3097 618 ,
3147 552 3526 625 videamusque
3581 556 3707 626 quid

2122 651 2398 709 peccatum
2422 682 2436 706 ,
2469 640 2664 711 quidve
2693 651 2837 697 recte
2866 658 2897 697 a
2943 644 3096 698 nobis
3139 654 3345 714 gestum
3378 645 3484 699 sit:
3528 654 3587 701 ut
3629 647 3708 701 sic

2122 739 2333 798 peccata
2364 739 2543 785 nostra
2579 732 2925 787 emendemus
2947 776 2961 801 ,
2981 749 3382 805 supernamque
3409 735 3563 791 nobis
3587 751 3706 807 gra-

2120 824 2244 876 tiam
2268 823 2613 879 coneiliemus
2646 866 2660 888 ,
2697 839 2759 879 ac
2786 825 2893 878 Deo
2924 824 3227 895 placeamus
3260 868 3275 894 ,
3303 826 3549 897 exemplo
3575 827 3706 895 juSIi

2121 913 2279 979 illius,
2305 922 2361 968 et
2386 913 2620 984 denique
2644 930 2865 985 regnum
2892 930 3241 985 assequamur
3264 916 3515 971 caelorum
3539 959 3554 981 ,
3584 932 3706 987 gra-

2120 1004 2189 1058 tia
2220 1012 2275 1059 et
2309 1006 2673 1061 misericordia
2706 1008 2910 1081 Domini
2944 1007 3110 1062 nostri
3147 1007 3273 1063 Jesu
3313 1007 3551 1076 Christi,
3580 1025 3703 1065 cum

2117 1109 2224 1164 quo
2253 1096 2433 1161 Patri,
2462 1098 2619 1152 simul
2643 1107 2693 1153 et
2720 1098 2938 1168 Spiritui
2968 1110 3152 1154 sancto
3180 1101 3248 1153 sit
3275 1100 3440 1171 gloria
3464 1142 3478 1167 ,
3509 1101 3703 1168 honor,

2118 1186 2396 1256 imperium
2418 1230 2433 1254 ,
2463 1204 2603 1244 nunc
2625 1198 2678 1243 et
2703 1206 2945 1261 semper,
2976 1200 3031 1245 et
3061 1191 3112 1244 in
3139 1193 3332 1247 smcula
3360 1193 3700 1249 saeculorum.

2117 1280 2307 1333 Amen.

2655 1396 2931 1450 ΙΙΟΜΙῙΛΧ
2978 1396 3163 1450 XXIV.

2117 1504 2298 1559 Geuuit
2330 1516 2499 1559 autem
2528 1505 2641 1561 Noe
2670 1517 2768 1561 tres
2797 1508 2933 1577 ﬁlios
2962 1551 2976 1575 ,
3008 1508 3129 1563 Sent
3161 1550 3176 1574 ,
3217 1508 3380 1563 Citam
3404 1553 3418 1575 ,
3463 1509 3653 1580 Japhet
3681 1528 3697 1563 :

2187 1606 2426 1668 corrupta
2462 1607 2632 1652 autem
2655 1608 2764 1652 erat
2797 1610 2931 1653 terra
2951 1615 3120 1653 coram
3153 1599 3257 1654 Deo
3281 1643 3294 1665 ,
3341 1609 3386 1655 et
3415 1602 3605 1671 repleta
3632 1614 3703 1655 est

2186 1699 2318 1743 terra
2333 1690 2581 1760 injustitia
2608 1689 2762 1760 (Gen.
2793 1692 2844 1747 G.
2876 1692 2984 1762 10).

2190 1826 2238 1879 Ι.
2281 1825 2553 1896 Scriptura
2578 1843 2678 1881 non
2703 1828 2862 1882 obiter
2889 1830 3118 1897 legenda.
3152 1860 3222 1869 —
3250 1830 3399 1886 Haud
3426 1831 3698 1901 vulgarem

2114 1916 2391 1971 utilitatem
2419 1917 2533 1972 heri
2551 1918 2704 1973 nobis
2723 1920 2897 1974 attulit
2921 1920 3046 1989 justi
3068 1920 3179 1975 Noe
3207 1921 3533 1992 genealogia.
3564 1922 3697 1977 Nam

2112 2019 2165 2061 et
2191 2009 2540 2077 cognovimus
2568 2010 2862 2066 mirabilem
2892 2012 3219 2082 genealogiae
3240 2012 3457 2068 modum
3486 2055 3502 2081 ,
3532 2024 3588 2069 et
3615 2015 3695 2068 vi-

2110 2096 2286 2153 dimus
2308 2099 2511 2169 justum
2542 2100 2768 2169 laudari,
2793 2117 2900 2157 non
2921 2117 2949 2155 a
2978 2113 3256 2173 parentum
3279 2104 3523 2159 claritate
3550 2147 3566 2172 ,
3600 2107 3695 2159 sed

2109 2203 2376 2244 amorum
2416 2190 2684 2260 probitate
2716 2235 2729 2257 ,
2776 2202 2992 2264 propter
3036 2209 3193 2265 quam
3239 2202 3443 2251 tantum
3489 2197 3697 2268 accepit

2111 2285 2468 2339 testimonium
2505 2300 2535 2340 a
2571 2287 2747 2342 divina
2774 2287 3050 2357 Scriptura
3090 2307 3102 2340 :
3134 2286 3252 2343 Noe
3273 2290 3446 2354 enim,
3482 2289 3690 2359 inquit,

2109 2376 2257 2429 homo
2295 2378 2469 2446 justus
2491 2418 2507 2443 ,
2541 2379 2791 2448 perfectus
2827 2379 3067 2434 assistens
3095 2380 3149 2433 in
3190 2381 3513 2451 generatione
3563 2398 3694 2436 sua:

2107 2465 2216 2521 Deo
2231 2468 2420 2538 placuit
2447 2467 2581 2523 Noe.
2601 2469 2791 2525 Totum
2810 2471 2951 2525 enim
2972 2485 3276 2525 sermonem
3307 2471 3358 2525 in
3385 2485 3553 2541 pauca
3575 2471 3693 2527 htce

2107 2557 2268 2612 verba
2304 2557 2686 2629 insumpsimus
2725 2558 2861 2615 heri.
2908 2559 3351 2631 Quandoquidem
3390 2560 3695 2617 divinorum

2105 2649 2435 2719 eloquiorum
2465 2658 2653 2707 natura
2680 2652 2732 2706 ia
2762 2653 2942 2723 paucis
2966 2653 3146 2708 verbis
3176 2653 3370 2709 multas
3398 2655 3690 2709 sentcntia-

2106 2759 2221 2797 rum
2257 2742 2409 2798 affert
2434 2743 2645 2799 divitias
2672 2785 2688 2811 ,
2720 2752 2775 2799 et
2814 2743 3130 2801 ineffabilem
3161 2744 3441 2817 diligenter
3467 2748 3693 2802 scrutari

2106 2836 2403 2892 volentibus
2426 2839 2734 2894 thesaurum
2758 2836 2998 2908 largitur.
3028 2837 3257 2894 Proinde
3280 2882 3296 2906 ,
3324 2839 3552 2895 obsecro
3572 2879 3590 2906 ,
3624 2855 3692 2896 ne

2104 2926 2230 2996 quid
2259 2926 2314 2981 in
2341 2925 2515 2983 sacris
2533 2924 2728 2984 Literis
2753 2926 3116 2999 perfunctorie
3142 2939 3232 2984 aut
3259 2930 3433 2985 obiter
3470 2939 3692 2999 prteter-

2103 3024 2274 3084 eatur,
2303 3017 2397 3072 sed
2424 3016 2637 3074 etiamsi
2657 3019 2872 3073 nomina
2898 3028 3278 3075 recenseantur
3296 3062 3311 3087 ,
3340 3020 3421 3076 vel
3455 3020 3698 3078 historia:

2103 3117 2409 3176 narrentur,
2426 3108 2760 3164 reconditum
2788 3110 3168 3181 investigemus
3195 3111 3520 3167 thesaurum.
3554 3111 3687 3167 Nam

2102 3198 2223 3253 ideo
2265 3198 2509 3255 Christus
2554 3199 2800 3257 dicebat:
2834 3200 3148 3257 Scrutamim'
3184 3201 3482 3271 Scriptura:
3508 3202 3689 3275 (Joau.

2102 3291 2154 3346 5.
2188 3288 2299 3363 59).
2323 3289 2457 3358 Quia
2484 3306 2589 3346 non
2618 3291 2811 3363 ubique
2838 3293 2891 3347 in
2919 3294 3202 3365 superficie
3225 3308 3378 3350 mens
3397 3294 3688 3366 Scriptura:

2103 3381 2369 3437 invenitur
2391 3423 2406 3444 ,
2450 3381 2546 3437 sed
2587 3397 2721 3453 opus
2745 3393 2826 3441 est
2863 3384 3121 3439 scrutinio
3147 3385 3315 3440 multo
3347 3427 3362 3451 ,
3394 3395 3451 3440 ut
3477 3385 3609 3440 nihil
3635 3386 3687 3439 in

2104 3472 2366 3544 profundo
2389 3473 2591 3540 latens,
2624 3475 2779 3531 nobis
2810 3487 3085 3532 remaneat
3108 3475 3503 3532 absconditum.
3534 3476 3686 3544 Quod

2103 3566 2146 3619 si
2177 3564 2288 3620 sola
2315 3573 2518 3620 naturre
2544 3566 2849 3635 appellatio,
2866 3568 2988 3633 hoc,
3006 3566 3241 3637 inquam,
3267 3582 3483 3635 nomen,
3518 3564 3691 3621 Homo

2105 3653 2267 3724 (Gen.
2290 3654 2344 3709 6.
2367 3654 2440 3722 9)
2465 3695 2482 3722 ,
2513 3661 2674 3710 tanta:
2704 3655 2857 3710 nobis
2892 3656 3133 3711 utilitatis
3170 3665 3544 3727 argumentum
3568 3657 3688 3711 heri

2102 3745 2232 3799 fuit:
2259 3752 2513 3815 quantum
2543 3745 2750 3804 lucrum
2778 3760 2882 3800 non
2907 3746 3257 3816 percipiemus
3281 3787 3297 3813 ,
3329 3748 3374 3802 si
3401 3753 3598 3802 attenta
3625 3761 3687 3802 ac

2103 3836 2245 3906 vigili
2276 3845 2454 3891 mente
2482 3836 2707 3907 singula,
2739 3852 2859 3907 qua;
2883 3838 2936 3891 in
2958 3852 3108 3893 saera
3134 3835 3404 3908 Scriptura
3423 3837 3683 3903 feruntur,

2104 3927 2477 3983 audierimus?
2507 3928 2713 3982 Etenim
2743 3928 3063 3984 clementem
3096 3928 3353 3984 habemus
3376 3929 3681 3990 Dominum,

2104 4030 2158 4076 et
2181 4020 2394 4091 quando
2418 4020 2560 4075 videt
2584 4035 2681 4075 nos
2701 4021 2977 4088 sollicitos,
3007 4031 3061 4076 et
3090 4037 3333 4091 magnum
3361 4021 3685 4076 desiderium

2104 4113 2171 4168 ad
2192 4100 2557 4183 cognoscenda
2581 4112 2772 4167 divina
2798 4113 3008 4183 eloquia
3039 4113 3263 4179 habere,
3295 4129 3400 4168 non
3430 4114 3691 4183 permittit

2105 4220 2203 4260 nos
2233 4205 2336 4259 ulla
2363 4219 2422 4260 re
2448 4203 2705 4274 indigere,
2728 4204 2823 4262 sed
2853 4204 3032 4260 statim
3071 4204 3299 4260 illustrat
3327 4214 3559 4260 mentem
3590 4221 3694 4257 no-

2105 4307 2306 4363 stram,
2331 4304 2386 4351 et
2411 4311 2564 4351 suum
2592 4295 2849 4366 fulgorem
2877 4296 3098 4367 largitur
3132 4339 3145 4361 ,
3190 4305 3246 4352 et
3269 4312 3368 4367 pro
3393 4295 3711 4375 perspicaci

2105 4387 2362 4458 sapientia
2393 4387 2482 4441 illa
2498 4401 2593 4442 sua
2622 4401 2833 4442 omnem
2856 4402 3035 4442 veram
3058 4388 3355 4443 doctrinam
3382 4388 3573 4444 animae
3598 4405 3695 4443 uo-

2107 4490 2232 4535 stra:
2262 4481 2465 4535 inserit.
2513 4481 2809 4551 Eaproptcr
2836 4497 2957 4537 cum
2997 4498 3093 4538 nos
3122 4482 3187 4537 ad
3217 4483 3355 4538 istud
3386 4485 3559 4553 ipsum
3590 4486 3689 4538 ad-

2109 4573 2411 4626 hortaretur
2430 4613 2443 4637 ,
2472 4581 2527 4625 et
2547 4571 2834 4628 alacriores
2865 4572 3064 4629 faceret
3094 4616 3108 4641 ,
3142 4576 3468 4632 beatitudine
3497 4577 3689 4647 dignos

2106 4662 2400 4717 declaravit
2418 4676 2513 4717 eos
2540 4664 2627 4732 qui
2649 4663 2751 4717 talc
2779 4664 3100 4719 desiderium
3130 4681 3241 4736 pra:
3268 4682 3326 4722 se
3355 4667 3578 4734 ferrent,
3611 4669 3690 4722 di-

2107 4771 2268 4810 cens:
2293 4755 2435 4808 Beati
2462 4757 2548 4823 qui
2575 4758 2802 4811 esuriant
2831 4767 2877 4812 et
2909 4759 3085 4813 sitiunt
3102 4761 3359 4830 justitiam
3387 4801 3400 4824 ,
3445 4763 3564 4832 quia
3594 4760 3692 4829 ipsi

2107 4847 2693 4919 saturabauturﬂlault.
2722 4849 2775 4904 ὅ.
2806 4849 2885 4919 6).
2917 4849 3048 4905 Vide
3074 4851 3384 4920 sapientiam
3408 4851 3640 4905 doctoris
3673 4870 3691 4917 ;

2109 4953 2215 4994 non
2242 4940 2412 4994 solum
2440 4954 2537 4993 nos
2569 4955 2661 5008 per
2686 4939 3063 4994 beatitudinem
3097 4939 3463 5003 hortatur,sed
3489 4950 3543 4995 et
3570 4958 3691 4997 cum

2110 5030 2263 5095 dixit,
2298 5028 2397 5096 Qui
2418 5029 2643 5082 esuriant
2660 5037 2703 5081 rt
2720 5028 2892 5081 sitiunt
2903 5024 3177 5097 justitiam,
3195 5027 3375 5084 docuit
3391 5029 3690 5095 audientes,

2110 5130 2304 5191 quanta
2349 5119 2621 5173 alacritate
2661 5118 2956 5188 spiritualia
3003 5118 3212 5189 eloquia
3252 5119 3570 5191 investigare
3601 5137 3695 5193 par

2112 5212 2288 5266 fuerit.
2313 5207 2771 5277 Quemadmodum
2802 5251 2816 5274 ,
2843 5208 3012 5279 inquit
3036 5250 3050 5275 ,
3079 5210 3114 5263 ii
3144 5225 3279 5278 quos
3308 5210 3477 5267 fames
3505 5212 3650 5269 ducit
3675 5254 3692 5273 .

2111 5296 2245 5349 mira
2270 5295 2542 5349 alacritate
2568 5293 2632 5347 ad
2659 5293 2809 5347 cibos
2853 5294 3119 5356 festinant,
3150 5304 3205 5349 et
3239 5296 3327 5365 qui
3368 5297 3453 5352 siti
3483 5299 3699 5360 ardent,

2111 5391 2175 5445 ad
2216 5399 2399 5461 potum
2443 5404 2635 5460 magno
2674 5388 2942 5445 desiderio
2978 5389 3277 5445 accedunt:
3303 5391 3492 5447 eodem
3542 5392 3700 5446 modo

2111 5489 2176 5542 ad
2204 5485 2535 5558 spiritualem
2563 5484 2883 5553 doctrinam,
2916 5494 3184 5557 tamquam
3211 5488 3509 5542 esurientes
3544 5495 3597 5541 et
3622 5487 3697 5539 si-

2114 5572 2313 5628 tientes
2330 5575 2584 5631 accedere
2610 5590 2704 5645 par
2725 5586 2825 5631 est.
2855 5576 3169 5646 llujusmodi
3188 5578 3329 5633 enim
3355 5577 3451 5630 viri
3482 5590 3586 5629 non
3613 5590 3701 5630 so«

2118 5665 2230 5723 lum
2253 5666 2670 5723 beatitudinibus
2710 5666 2852 5733 digni
2894 5676 3018 5721 sunt
3050 5682 3066 5734 ;
3107 5667 3201 5723 sed
3240 5676 3295 5723 et
3321 5684 3440 5739 quae
3473 5664 3700 5735 capiunt
