4066 6140
371 261 487 314 ’ΞΟἺ

379 375 748 436 assequuntur.
779 363 1004 423 Etenim,
1033 361 1364 414 Sutiobuntur
1390 399 1405 422 ,
1436 356 1599 425 intulit
1635 399 1650 421 ,
1700 356 1799 408 hoc
1839 364 1920 407 est
1943 395 1956 417 ,

381 453 1073 528 explebunturzexplebunt
1117 451 1391 520 spirituale
1432 464 1584 501 suum
1617 446 1957 501 desiderium.

379 549 552 620 Igitur
571 549 694 617 quia
720 557 824 600 tam
853 545 1053 610 bonus,
1083 553 1294 611 tamque
1321 541 1553 594 liberalis
1580 537 1833 592 Dominus
1858 551 1956 590 no-

382 643 461 695 bis
491 648 602 694 est:
634 653 728 704 age
757 646 807 690 et
829 649 926 689 nos
943 634 1006 687 ad
1035 635 1205 704 ipsum
1228 630 1618 701 confugiaums,
1643 638 1696 683 ct
1719 625 1835 697 ejus
1864 642 1961 681 no-

381 733 460 784 bis
487 729 708 799 gratiam
734 725 1100 790 conciliemus,
1132 733 1261 778 utet
1292 723 1402 791 ipse
1426 737 1520 790 pro
1543 735 1634 773 sua
1659 719 1961 773 misericor-

377 821 462 874 dia
493 821 715 874 illustret
742 826 976 871 nostram
1003 823 1232 868 mentem
1261 813 1326 866 ad
1352 810 1627 866 videndam
1658 809 1956 864 divinarum

376 911 770 978 Scripturartnn
805 909 1050 961 virtutem
1077 923 1090 961 :
1118 915 1170 958 ct
1200 920 1292 958 vos
1317 917 1528 974 quoque
1566 901 1730 954 multa
1761 900 1954 954 alacri-

380 1013 485 1056 tate
514 999 839 1070 spiritualem
869 998 1161 1051 doctrinam
1191 994 1337 1064 quasi
1369 992 1663 1046 esurientes
1689 1001 1739 1044 et
1771 990 1956 1044 siticno

381 1107 459 1150 tes
485 1093 756 1164 suseipite.
778 1092 935 1146 Forte
961 1090 1103 1146 enim
1129 1131 1143 1153 ,
1187 1089 1317 1142 forte
1340 1087 1508 1141 bonus
1546 1097 1599 1139 ct
1621 1085 1955 1153 omnipotens

381 1189 657 1251 Dominus,
680 1185 838 1241 etiam
862 1184 905 1238 si
936 1199 1033 1236 nos
1056 1181 1282 1235 humiles
1308 1180 1474 1234 simus
1502 1188 1556 1232 ct
1581 1176 1793 1246 alijecti,
1828 1190 1955 1244 pro-

379 1294 497 1353 pter
541 1297 635 1337 vos
683 1290 736 1336 et
781 1289 1013 1334 vestram
1062 1277 1340 1330 utiLitatem
1398 1271 1753 1341 suppeditabit
1805 1269 1955 1322 nobis

378 1389 679 1430 sermonem
729 1373 777 1426 in
818 1371 1091 1442 apertione
1115 1369 1224 1421 oris
1254 1368 1304 1420 in
1335 1366 1556 1435 gloriam
1593 1379 1740 1417 suam
1777 1404 1790 1426 ,
1823 1371 1875 1415 et
1907 1361 1956 1415 in

379 1465 784 1520 a‘diticationem
817 1473 1048 1517 vestram
1081 1460 1292 1530 (Ep/tes.
1317 1458 1368 1512 6.
1395 1457 1508 1528 i9).
1533 1455 1772 1524 Projecta
1802 1453 1959 1522 igitur

382 1575 506 1612 cura
537 1570 718 1611 nostra
748 1556 891 1610 onmi
937 1557 986 1609 in
1023 1567 1307 1623 supernam
1339 1551 1560 1620 gratiam
1589 1590 1602 1608 ,
1633 1557 1686 1601 ct
1716 1547 1958 1600 invocato

383 1666 448 1703 eo
477 1649 564 1717 qui
597 1659 649 1702 ct
669 1647 982 1716 sapientiam
1006 1645 1094 1698 dat
1120 1641 1371 1714 parvulis,
1403 1651 1456 1695 ct
1484 1640 1743 1692 illuminat
1763 1652 1956 1700 eccos,

379 1754 430 1796 et
457 1740 729 1811 expeditas
753 1738 924 1793 reddit
945 1738 1150 1806 linguas
1179 1735 1473 1798 balborum,
1501 1733 1654 1802 paulo
1674 1741 1795 1785 ante
1825 1732 1960 1785 lecta

377 1840 696 1887 tractemus:
727 1840 781 1883 ut
824 1845 942 1898 quae
987 1829 1098 1898 ipse
1145 1841 1238 1894 pro
1282 1840 1375 1879 sua
1417 1822 1779 1879 misericordia
1807 1820 1960 1874 nobis

376 1922 743 1993 suppeditarlt,
763 1921 966 1975 caritati
994 1929 1185 1975 vestra:
1214 1916 1706 1987 proponamus.Sed
1736 1916 1957 1978 intenta,

377 2016 622 2078 obsecro,
646 2011 832 2066 adsitis
861 2021 1059 2074 mente,
1093 2019 1145 2062 et
1170 2009 1451 2078 diligenter
1481 2008 1544 2060 iis
1571 2022 1689 2076 qua:
1709 2005 1959 2059 dicuntur

375 2109 667 2172 attendite,
700 2120 993 2174 omnesque
1043 2104 1200 2174 hujus
1241 2105 1361 2158 vitre
1387 2117 1543 2158 curas
1567 2102 1810 2171 seponite
1843 2143 1857 2164 ,
1901 2109 1958 2154 ut

375 2201 648 2271 spirituale
675 2211 882 2260 semen,
905 2197 1054 2266 quasi
1074 2197 1127 2250 in
1150 2198 1397 2265 pinguem
1419 2203 1471 2250 et
1500 2194 1728 2250 feracem
1747 2207 1954 2263 agrum,

373 2292 576 2348 evulsis
603 2290 782 2345 herbis
802 2300 850 2344 et
883 2289 1072 2357 spinis,
1105 2287 1464 2358 projiciamus.
1512 2285 1608 2341 Ha:
1631 2295 1796 2339 autem
1826 2327 1839 2349 ,
1880 2285 1962 2338 in-

377 2384 509 2454 quit,
551 2383 895 2452 generationes
945 2379 1092 2434 Noe:
1123 2377 1237 2433 Noe
1274 2379 1422 2432 homo
1462 2379 1633 2448 justus
1660 2416 1677 2441 ,
1709 2376 1960 2446 prrfectus

373 2475 617 2531 exsistens
646 2476 697 2525 in
723 2473 1042 2543 generatione
1075 2487 1168 2524 sua
1201 2486 1216 2523 :
1247 2469 1354 2522 Deo
1396 2470 1583 2538 placuit
1615 2467 1745 2521 Noe.
1796 2467 1849 2520 In
1896 2466 1961 2520 iis

377 2582 544 2637 nuper
575 2566 731 2619 linem
762 2563 988 2618 docendi
1032 2562 1355 2616 faciebamus
1385 2601 1400 2626 ,
1445 2559 1566 2614 ideo
1601 2557 1874 2629 sequentia
1905 2557 1956 2611 in

376 2660 608 2716 medium
640 2658 981 2728 proponenda
1009 2664 1149 2712 sunt.
1181 2655 1266 2710 10.
1301 2653 1483 2708 Genuit
1512 2662 1680 2706 autem
1702 2693 1716 2716 ,
1748 2651 1952 2721 inquit,

375 2749 493 2805 Noe
515 2760 612 2804 tres
639 2749 800 2817 ﬁlios,
832 2748 954 2804 Sem
974 2791 988 2813 ,
1021 2748 1199 2813 Citam,
1229 2745 1438 2816 Jophet.
1467 2745 1581 2799 Non
1609 2745 1810 2815 absque
1835 2759 1950 2798 can-

373 2857 432 2897 sa
464 2841 639 2896 divina
681 2840 950 2910 Scriptura
977 2848 1032 2894 et
1062 2848 1269 2909 tempus
1299 2848 1352 2894 et
1381 2851 1658 2892 numerum
1689 2837 1840 2892 nobis
1863 2853 1950 2890 as-

375 2933 604 3004 signavit
648 2932 878 2987 tiliorum
918 2932 1090 3002 justi:
1132 2931 1226 2987 sed
1270 2941 1324 2986 et
1368 2931 1492 2985 hinc
1534 2930 1688 2985 nobis
1731 2932 1958 2985 latenter

371 3026 640 3080 insinuare
657 3024 767 3079 vult
794 3025 1060 3095 ingentem
1082 3023 1532 3091 multiplicemque
1552 3023 1667 3090 ejus
1685 3023 1954 3075 virtutem.

371 3118 502 3173 Nam
530 3128 806 3189 postquam
837 3117 1086 3185 superius
1109 3115 1242 3169 dixit
1272 3133 1284 3169 :
1321 3114 1435 3168 Noe
1456 3115 1957 3184 eratquingentorum

371 3226 621 3264 annorum
649 3208 800 3278 (Gen.
827 3209 880 3262 5.
908 3207 1024 3276 32),
1054 3217 1176 3262 tunc
1203 3205 1435 3261 subdidit
1459 3224 1471 3257 :
1504 3203 1569 3257 Et
1589 3205 1758 3274 genuit
1785 3213 1882 3258 tres
1894 3205 1958 3272 ﬁ-

372 3301 466 3355 lios
491 3317 507 3353 :
536 3299 780 3354 docendo
807 3313 906 3353 nos
926 3313 1188 3352 summam
1215 3297 1558 3352 continentia:
1586 3296 1727 3350 illius
1758 3296 1955 3366 magni-

373 3393 608 3447 tudinem
642 3391 801 3444 fuissc
824 3431 838 3454 ,
872 3404 992 3444 cum
1027 3397 1184 3444 tanta:
1224 3389 1643 3457 intemperantia:
1672 3387 1835 3442 dediti
1865 3401 1952 3442 es-

368 3493 489 3540 sent
503 3497 692 3538 omnes
712 3480 974 3546 homines,
991 3489 1242 3551 tantaque
1258 3481 1526 3536 salacitate
1542 3495 1727 3536 omnes
1747 3489 1952 3546 :etates,

372 3587 430 3631 ut
451 3575 521 3630 ita
550 3575 724 3630 dicam
749 3616 764 3642 ,
787 3575 852 3630 ad
877 3574 1074 3629 malum
1107 3581 1324 3628 ruerent
1353 3591 1364 3626 :
1399 3571 1620 3626 audistis
1646 3572 1788 3627 enim
1814 3571 1953 3625 divi-

368 3685 490 3724 nam
519 3667 844 3739 Scripturam
877 3666 1141 3722 dicentem
1175 3685 1187 3719 :
1233 3665 1301 3720 Ut
1335 3674 1504 3718 autem
1544 3663 1666 3716 vidit
1707 3662 1952 3716 Dominus

365 3764 500 3834 quod
518 3761 740 3832 impleta!
759 3769 874 3814 sunt
897 3759 1106 3814 malitia:
1133 3775 1284 3829 super
1305 3768 1488 3812 terrotn
1514 3798 1528 3820 ,
1556 3766 1602 3810 et
1631 3756 1839 3825 quilibet
1866 3770 1951 3808 co-

366 3856 546 3926 gitaret
578 3853 712 3905 nulla
759 3851 1025 3922 diligenter
1067 3851 1118 3902 in
1163 3850 1314 3902 corde
1351 3865 1444 3903 suo
1491 3845 1951 3917 ojuventute:ubi

365 3943 647 3999 manifeste
687 3941 922 3997 declarat
953 3983 968 4007 ,
1001 3951 1055 3995 et
1091 3941 1320 4009 juvenes
1364 3940 1553 3993 vicisse
1590 3938 1952 4007 provectiores

366 4046 522 4092 tetatc
543 4078 558 4100 ,
600 4044 655 4089 et
683 4048 840 4090 senes
861 4049 966 4087 non
991 4033 1164 4085 minus
1190 4046 1348 4100 quam
1367 4031 1590 4100 juvenes
1619 4029 1901 4084 insaniisse
1929 4069 1944 4092 ,

357 4135 416 4184 et
441 4127 507 4183 ad
533 4127 730 4182 malum
757 4126 924 4180 multa
963 4123 1296 4192 proelivitate
1328 4135 1645 4191 propensam
1677 4120 1841 4176 fuisse
1864 4119 1947 4190 ip-

361 4235 476 4275 sam
509 4220 666 4273 etiam
698 4226 908 4270 aetatem
930 4214 1192 4268 malorum
1223 4213 1572 4281 inexpertam.

431 4310 485 4364 2.
515 4305 588 4364 Ut
629 4307 786 4376 igitur
814 4304 1097 4367 discamus,
1131 4319 1236 4374 quo
1263 4315 1415 4373 paczo
1458 4303 1522 4356 iis
1554 4302 1800 4359 omnibus
1829 4310 1948 4357 tan-

360 4414 474 4458 tam
515 4399 771 4455 insaniam
819 4413 880 4452 ac
929 4391 1127 4451 rabiem
1166 4411 1273 4466 pne
1317 4411 1376 4451 se
1426 4395 1733 4462 ferentibus,
1775 4395 1950 4464 justus

361 4496 454 4551 ille
482 4491 738 4550 manserit
765 4490 932 4558 solus,
959 4489 1337 4546 continentiam
1364 4503 1482 4544 cum
1523 4487 1640 4542 aliis
1667 4487 1950 4542 virtutibus

361 4593 582 4642 strenuae
619 4596 854 4648 servans,
900 4581 1070 4637 donec
1115 4581 1181 4637 ad
1230 4581 1706 4652 quingentesimum
1751 4590 1948 4634 annum

362 4676 604 4749 pervenit
637 4694 650 4730 :
679 4689 800 4729 cum
837 4673 1076 4736 dixisset,
1110 4672 1236 4726 Erat
1275 4671 1389 4726 Noe
1428 4673 1813 4744 quingentorum
1851 4685 1947 4724 an-

362 4786 564 4837 norum,
598 4777 722 4822 tunc
751 4765 920 4835 inquit
948 4782 960 4817 :
993 4763 1060 4817 Et
1097 4765 1268 4834 genuit
1299 4763 1413 4816 Noe
1436 4772 1533 4816 tres
1572 4767 1726 4833 ﬁlios.
1744 4766 1948 4831 Vidisti,

356 4863 574 4927 dilecte,
607 4859 958 4917 excellentem
980 4855 1108 4926 justi
1139 4853 1592 4922 temperantiam?
1633 4852 1708 4907 Ne
1747 4853 1849 4908 hoc
1873 4855 1948 4908 ita

361 4953 722 5024 perfunctorie
765 4960 1117 5011 transeamus,
1142 4945 1236 5001 sed
1265 4953 1320 4999 et
1357 4952 1564 5012 tempus
1590 4943 1717 4998 illud
1744 4958 1947 5013 expen-

359 5045 567 5111 damus,
599 5052 652 5098 et
677 5041 930 5097 malitiam
956 5053 1076 5110 qua:
1101 5035 1167 5092 ad
1193 5049 1351 5091 omne
1379 5034 1650 5089 hominum
1686 5048 1852 5103 genus
1879 5035 1948 5089 ob

359 5153 543 5193 eorum
593 5136 854 5192 desidiam
917 5148 977 5189 se
1033 5131 1380 5192 extenderat,
1436 5138 1490 5184 et
1549 5127 1949 5184 consideremus

359 5238 572 5301 quanta:
603 5229 675 5284 sit
713 5228 925 5284 virtutis
951 5235 1006 5281 et
1033 5225 1244 5296 pietatis
1281 5237 1404 5294 erga
1445 5223 1633 5286 Deum,
1666 5223 1718 5276 in
1751 5231 1946 5276 tantam

353 5319 616 5390 temporis
645 5319 1022 5391 longitudinem
1068 5316 1509 5386 concupiscentia:
1537 5314 1738 5370 rabiem
1774 5313 1940 5370 refre-

353 5425 511 5479 nare,
559 5413 806 5482 viamqnc
849 5409 1006 5482 longe
1041 5409 1108 5465 ab
1149 5410 1266 5466 aliis
1308 5409 1571 5465 diversam
1602 5422 1845 5479 carpere.
1887 5420 1942 5464 ct

359 5519 468 5562 non
499 5505 670 5560 solum
695 5503 764 5560 ab
791 5504 972 5559 illicito
996 5506 1137 5558 coitu
1163 5517 1222 5558 se
1261 5501 1532 5562 cohibere,
1561 5497 1655 5556 sed
1686 5505 1741 5556 et
1763 5513 1792 5554 a
1821 5500 1939 5570 legi-

362 5599 493 5656 timo
515 5606 568 5654 et
598 5597 883 5666 inculpata.
916 5595 981 5650 Et
1030 5596 1220 5666 genuit,
1271 5593 1459 5664 inquit,
1491 5589 1606 5646 Noe
1628 5600 1726 5645 tres
1763 5592 1897 5659 faltos
1925 5607 1943 5644 :

357 5689 500 5758 Sent,
521 5691 702 5758 Chaer,
731 5688 972 5761 Japheth.
1003 5689 1087 5743 ll.
1110 5686 1356 5757 Corrupto
1375 5695 1540 5740 autem
1563 5693 1671 5740 erat
1687 5693 1820 5739 terra
1842 5697 1932 5737 ρος

1110 252 1164 308 S.
1197 248 1474 306 JO.\NNIS
1509 241 1985 301 (IIIRYSOSTOMI
2017 241 2334 302 ARCHIEP.
2365 247 2898 304 CONSTANTINOP.

3549 251 3656 304 203

2067 377 2176 413 ram
2208 360 2331 424 Dea,
2351 371 2396 414 et
2419 362 2610 430 repleta
2640 370 2742 414 erat
2768 359 3182 429 terroinjustitia.
3207 359 3330 414 Mihi
3353 361 3656 418 videtnrdi-

2068 452 2184 504 vina
2207 449 2600 520 dispensatione
2623 450 2840 512 factum,
2868 459 2922 502 ut
2947 451 3120 519 justus
3150 451 3240 504 ille
3268 466 3406 505 tuine
3441 455 3652 506 tandem

2065 542 2130 595 ad
2164 558 2382 596 uxorem
2411 543 2708 607 accederet,
2743 543 2966 610 illosque
2995 543 3131 596 filios
3179 544 3492 612 susciperet.
3520 545 3656 610 Quia

2065 633 2207 687 enim
2237 634 2306 688 ob
2349 634 2562 687 malitiae
2611 633 3028 703 magnitudinem
3061 645 3115 687 et
3145 635 3410 703 ingentem
3458 636 3660 706 impro-

2065 724 2280 780 bitatem
2309 725 2542 794 generali
2589 725 2820 793 pernicie
2851 735 2991 778 tutus
3031 725 3176 779 orbis
3216 725 3473 780 delendas
3501 738 3613 781 crat
3638 769 3654 788 ,

2065 816 2368 870 misericors
2397 817 2534 870 Dens
2559 816 2708 885 quasi
2740 816 2970 870 radicem
2997 816 3225 885 aliquam
3257 826 3310 871 et
3335 818 3657 872 fermentum

2063 905 2230 959 Voluit
2255 906 2455 972 justum
2487 906 2636 960 illum
2685 921 2984 975 superesse,
3019 916 3074 960 ut
3123 907 3332 960 abolitis
3381 907 3482 961 illis
3507 908 3660 975 origo

2061 1007 2115 1054 et
2143 999 2389 1069 primitiae
2414 999 2654 1068 qtn‘dam
2685 1008 2825 1054 esset
2868 999 3185 1053 futurorum.
3220 999 3387 1068 Hujus
3428 1000 3505 1054 rei
3532 1016 3659 1068 gra-

2065 1092 2156 1156 tia,
2186 1105 2305 1144 cmn
2326 1091 2436 1160 jam
2469 1091 2878 1160 quingentorum
2921 1098 3062 1144 esset
3090 1107 3374 1158 annorum,
3409 1093 3654 1146 haberet-

2061 1196 2166 1250 que
2212 1191 2320 1236 tres
2364 1183 2493 1236 istos
2523 1182 2690 1242 filios,
2721 1183 2824 1236 illis
2853 1190 3134 1236 contentus
3181 1180 3295 1244 fuit,
3329 1198 3387 1238 re
3417 1183 3526 1252 ipsa
3557 1185 3658 1238 dc-

2063 1273 2270 1327 clarans
2303 1274 2404 1327 hoc
2437 1289 2496 1326 se
2527 1274 2734 1335 fecisse,
2779 1285 2834 1326 ut
2875 1273 3067 1326 divina:
3093 1273 3144 1326 in
3173 1272 3460 1327 lnnnauum
3487 1288 3659 1343 genus

2065 1363 2256 1418 futura:
2286 1365 2594 1434 benignitati
2617 1365 2860 1420 serviret.
2891 1365 2956 1418 Et
2981 1381 3086 1435 quo
3108 1365 3246 1420 scias
3276 1365 3378 1419 hoc
3407 1380 3511 1419 non
3537 1381 3658 1420 esse

2067 1465 2348 1520 temeraria
2398 1465 2702 1533 cmijectnra
2757 1464 2994 1528 dictum,
3044 1462 3319 1516 considera
3369 1462 3656 1531 Scriptum

2067 1555 2412 1624 diligentiam.
2442 1555 2570 1608 Nam
2617 1563 2891 1623 postquam
2923 1555 3085 1615 dixit,
3113 1554 3312 1623 justum
3356 1553 3501 1607 illum
3550 1565 3657 1608 tres

2065 1648 2314 1703 habuisse
2339 1647 2478 1703 ﬁlios
2499 1689 2511 1710 ,
2538 1649 2714 1701 statim
2755 1647 2989 1701 subdidit
3018 1664 3030 1699 :
3061 1644 3312 1715 Corrupto
3352 1657 3455 1698 erat
3490 1656 3655 1698 autent

2065 1749 2199 1795 terra
2228 1757 2400 1794 coram
2447 1738 2576 1804 Deo,
2605 1751 2652 1794 et
2700 1740 2906 1809 impleta
2936 1747 3041 1793 erat
3092 1748 3224 1792 terra
3263 1739 3526 1808 injustitia.
3564 1739 3654 1791 Vi-

2065 1833 2188 1887 disti
2218 1833 2268 1886 in
2296 1831 2483 1887 eadem
2516 1841 2701 1886 natura
2731 1846 2973 1902 magnam
2997 1839 3050 1886 et
3079 1829 3400 1885 ineffabilem
3427 1830 3654 1884 varieta-

2067 1923 2217 1978 tem?
2249 1924 2322 1978 De
2367 1923 2512 1992 justo
2552 1924 2692 1977 enim
2748 1923 2956 1978 dicebat
3003 1923 3273 1992 Scriptura
3305 1941 3318 1978 :
3350 1921 3468 1976 Noe
3509 1923 3655 1974 homo

2059 2019 2246 2088 justus,
2272 2019 2518 2086 perfectus
2539 2017 2778 2071 exsistens
2805 2017 2855 2069 in
2877 2016 3196 2086 generatione
3215 2031 3309 2069 sua
3326 2015 3421 2070 :de
3439 2015 3656 2084 reliquis

2069 2117 2246 2162 autem
2277 2108 2525 2163 omnibus
2554 2107 2723 2177 inquit
2754 2124 2765 2160 :
2796 2106 3046 2176 Corrupto
3070 2114 3233 2160 autem
3261 2115 3368 2159 erat
3411 2116 3542 2159 terra
3567 2122 3656 2159 ro-

2066 2217 2175 2254 rant
2202 2198 2333 2264 Deo,
2367 2208 2412 2254 et
2436 2201 2638 2269 imptcta
2662 2207 2769 2253 erat
2797 2207 2930 2253 terra
2960 2198 3228 2269 injustitia.
3261 2197 3486 2252 Nomine
3511 2198 3654 2252 enim

2068 2301 2246 2357 terrae,
2276 2293 2547 2348 hominum
2579 2291 2971 2346 multitudinem
2998 2298 3171 2345 vocat.
3213 2289 3345 2357 Quia
3374 2290 3514 2342 enim
3541 2305 3654 2341 otti-

2067 2387 2152 2440 nia
2179 2399 2364 2440 eorum
2393 2399 2555 2455 opera
2605 2383 2872 2438 terrestria
2917 2391 3102 2448 erant,
3130 2381 3329 2437 idcirco
3374 2390 3530 2436 terrae
3560 2394 3653 2434 no-

2066 2476 2210 2531 mine
2235 2486 2286 2530 et
2315 2489 2500 2531 eorum
2553 2476 2806 2530 vilitatem
2829 2516 2845 2542 ,
2876 2483 2930 2529 et
2974 2473 3187 2528 malitia:
3227 2472 3650 2542 exsuperantiam

2066 2566 2347 2638 significat.
2376 2565 2507 2621 Nam
2526 2566 2663 2621 sicut
2681 2566 2748 2621 de
2773 2565 3121 2636 prot0plasto,
3149 2565 3237 2634 qui
3282 2564 3454 2633 legem
3482 2572 3652 2616 trans-

2064 2677 2278 2734 gressus
2303 2663 2525 2734 gloriam
2552 2677 2651 2732 qua
2683 2659 3107 2716 circumdabatur
3136 2658 3332 2725 amisit,
3362 2656 3653 2724 mortisque

2067 2771 2238 2826 poena:
2274 2755 2536 2810 obnoxius
2583 2753 2753 2808 factus
2783 2752 2898 2817 fuit,
2927 2749 3139 2805 dicebat
3174 2767 3188 2804 :
3222 2749 3376 2803 Terra
3415 2764 3486 2810 es,
3516 2758 3564 2800 et
3599 2747 3651 2799 in

2066 2859 2248 2901 terram
2277 2847 2433 2901 abibis
2461 2846 2611 2916 (Gen.
2639 2848 2692 2902 5.
2723 2845 2810 2916 19)
2842 2863 2854 2899 :
2887 2847 2957 2898 ita
2984 2854 3040 2899 et
3080 2842 3186 2906 hic,
3215 2842 3336 2912 quia
3364 2842 3651 2910 plurimum

2065 2941 2398 2994 invaluerant
2423 2939 2571 3003 vitia,
2603 2938 2792 3008 inquit,
2841 2935 3090 3003 Corrupto
3134 2945 3302 2988 autem
3344 2942 3449 2987 erat
3495 2944 3648 2985 terra.

2064 3032 2244 3103 Neque
2271 3031 2585 3102 simpliciter
2613 3028 2740 3085 dicit
2773 3047 2783 3082 :
2817 3027 3066 3096 Corrupto
3107 3035 3272 3080 autem
3319 3034 3424 3078 erat
3467 3033 3600 3078 terra
3633 3040 3650 3074 :

2062 3125 2176 3190 sed,
2208 3124 2393 3179 Coram
2436 3122 2543 3177 Deo
2569 3137 2587 3176 :
2616 3131 2663 3177 et
2701 3121 2908 3191 impleta
2937 3129 3042 3174 erat
3071 3127 3203 3172 terra
3242 3115 3511 3186 injustitia.
3562 3112 3650 3167 Di-

2061 3214 2234 3271 cendo
2259 3215 2421 3279 enim,
2455 3213 2704 3283 Corrupto
2751 3219 2873 3276 erat,
2903 3210 3238 3279 amnigenam
3283 3207 3491 3260 illorum
3538 3217 3651 3257 ma.

2063 3305 2230 3361 litiam
2257 3305 2498 3374 emphasi
2531 3303 2756 3373 quadam
2785 3301 2937 3356 dixit.
2969 3300 3084 3354 Non
3130 3299 3270 3353 enim
3298 3296 3399 3351 diri
3434 3303 3605 3364 potest
3633 3334 3648 3357 ,

2061 3413 2154 3454 eos
2183 3397 2338 3452 unius
2363 3397 2447 3451 vel
2467 3396 2692 3450 duorum
2715 3401 3052 3465 peccatorum
3080 3400 3285 3444 tantum
3312 3403 3434 3443 reos
3460 3387 3647 3450 fuisse,

2059 3489 2153 3545 sed
2178 3502 2366 3544 omnes
2391 3489 2692 3557 iniquitates
2717 3485 2916 3555 absque
2960 3482 3120 3538 modo
3144 3479 3476 3536 commisisse
3495 3496 3508 3531 :
3529 3475 3651 3531 ideo

2061 3582 2278 3651 subdit,
2313 3582 2379 3635 Et
2422 3582 2626 3651 impleta
2656 3589 2762 3634 erat
2801 3589 2935 3632 terra
2977 3575 3242 3647 injustitia.
3274 3571 3390 3626 Non
3434 3569 3607 3625 obiter
3631 3608 3646 3632 ,

2059 3689 2232 3746 neque
2256 3675 2543 3746 vulgariter
2571 3673 2782 3728 malitia:
2808 3669 3110 3734 studebant,
3142 3666 3234 3722 sed
3266 3673 3476 3735 peccata
3501 3681 3649 3733 qum-

2059 3781 2163 3838 que
2192 3765 2416 3822 ferventi
2457 3763 2802 3819 contentione
2831 3761 3076 3832 agebant.
3121 3758 3186 3812 Et
3227 3757 3347 3811 vide
3377 3754 3647 3824 quomodo

2059 3861 2180 3915 illos
2231 3867 2412 3929 postea
2446 3872 2512 3912 ne
2540 3856 2682 3910 tenui
2704 3854 2916 3926 quidem
2949 3851 3206 3907 memoria
3255 3849 3520 3919 dignatur,
3550 3845 3644 3900 sed

2059 3952 2276 4008 nomine
2328 3959 2486 4006 terrae
2543 3956 2718 4015 vocat,
2747 3947 2904 4001 simul
2946 3944 3184 3999 indicans
3213 3951 3266 3996 et
3305 3950 3644 4010 peccatorum

2057 4043 2368 4116 gravitatem
2399 4048 2454 4096 et
2485 4040 2574 4094 Dei
2602 4038 3038 4108 indignationem.
3068 4033 3319 4101 Corrupto
3344 4041 3450 4084 crat
3478 4038 3645 4081 autem

2057 4147 2209 4202 terra,
2243 4135 2428 4204 inquit.
2453 4148 2621 4186 coram
2652 4129 2780 4193 Deo,
2807 4127 2908 4182 hoc
2945 4137 3044 4190 est,
3075 4139 3228 4180 secus
3256 4137 3412 4193 quam
3443 4135 3640 4191 praece-

2057 4238 2203 4298 ptum
2233 4233 2348 4282 erat
2376 4237 2404 4278 a
2435 4225 2542 4278 Deo
2572 4222 2748 4275 omnia
2798 4219 3076 4278 faciebant,
3113 4214 3356 4270 mandata
3385 4213 3477 4268 Dei
3514 4227 3645 4266 con-

2060 4321 2351 4380 culcanles.
2379 4327 2433 4373 et
2459 4317 2768 4386 magistrmn
2799 4319 2998 4366 natura:
3027 4309 3272 4363 humanae
3300 4306 3514 4360 insitum
3565 4304 3644 4374 (o)

2065 4433 2158 4488 per
2181 4411 2440 4470 desidiam
2473 4409 2794 4464 amittentes.
2823 4402 2890 4458 Et
2915 4401 3122 4472 impleta
3145 4407 3251 4453 erat
3275 4408 3428 4460 terra,
3450 4396 3640 4465 inquit,

2053 4500 2752 4574 iniustitia.Vidisti.dileete,
2767 4501 3022 4567 quantum
3043 4491 3236 4548 malum
3253 4490 3321 4544 sit
3341 4496 3640 4558 peccatum,

2053 4596 2323 4671 quomodo
2365 4594 2414 4647 id
2460 4591 2671 4654 efficiat,
2707 4598 2763 4644 ut
2791 4587 3033 4641 homines
3077 4597 3174 4636 suo
3217 4582 3436 4634 nomine
3465 4580 3641 4633 vocari

2055 4667 2161 4745 non
2193 4689 2301 4742 sint
2324 4684 2466 4755 digni
2493 4683 2516 4735 ?
2545 4681 2677 4735 Audi
2719 4691 2902 4733 rursus
2930 4689 3048 4745 qua:
3092 4679 3386 4742 sequuntur
3413 4687 3426 4721 :
3457 4667 3540 4723 12.
3579 4668 3645 4720 Et

2053 4781 2177 4836 vidit
2209 4777 2455 4832 Dominus
2478 4773 2614 4828 Deus
2643 4781 2846 4833 terram,
2871 4776 2916 4821 et
2951 4775 3058 4821 erat
3095 4773 3353 4833 corrupta.
3378 4760 3512 4815 Vide
3541 4761 3642 4813 ite—

2055 4887 2173 4927 rum
2219 4867 2486 4940 quomodo
2535 4880 2630 4920 eos
2677 4873 2872 4918 terram
2917 4868 3089 4913 vocet.
3139 4857 3205 4910 Et
3247 4865 3432 4925 postea
3457 4893 3474 4919 ,
3522 4867 3642 4907 cum

2057 4964 2221 5020 semel
2257 4970 2414 5031 atque
2445 4961 2634 5013 iterum
2663 4964 2716 5011 et
2743 4954 2898 5010 tertio
2925 4950 3218 5007 nominavit
3247 4959 3465 5015 terram,
3496 4955 3553 5002 ut
3579 4962 3647 5001 ne

2059 5058 2175 5127 quis
2205 5054 2273 5110 de
2300 5063 2435 5108 terra
2465 5049 2698 5104 sensibili
2726 5062 2846 5102 eum
2872 5045 3069 5100 dixisse
3095 5042 3411 5113 suspicetur,
3442 5040 3646 5110 inquit:

2065 5149 2198 5214 Quia
2223 5153 2512 5214 corruperat
2555 5141 2716 5196 omnis
2753 5153 2872 5192 caro
2909 5137 3039 5191 viam
3076 5151 3217 5190 suam
3246 5149 3400 5204 super
3441 5142 3644 5185 terram.

2061 5239 2242 5309 Neque
2280 5250 2420 5290 nunc
2459 5231 2690 5287 hominis
2719 5229 3070 5301 appellatione
3112 5239 3209 5282 eos
3254 5225 3517 5293 dignatur,
3550 5221 3643 5276 sed

2056 5342 2270 5383 carnem
2296 5334 2448 5380 vocat
2479 5343 2493 5377 :
2521 5338 2627 5393 quo
2648 5337 2746 5376 nos
2767 5320 2963 5375 docere
2989 5317 3174 5381 voluit,
3202 5331 3262 5371 se
3291 5331 3395 5370 non
3417 5315 3484 5369 de
3511 5325 3651 5370 terra
3687 5301 3707 5374 ι

2059 5422 2172 5478 haec
2200 5419 2398 5485 dicere,
2421 5416 2517 5472 sed
2557 5415 2626 5470 de
2665 5413 2970 5469 hominibus
2993 5423 3154 5465 carne
3177 5408 3406 5469 amictis,
3437 5416 3492 5460 et
3535 5416 3645 5458 ιρι-η

2058 5510 2317 5570 rostribus
2343 5507 2570 5581 negotiis
2589 5519 2709 5563 sese
2732 5513 2873 5562 totos
2896 5501 3342 5574 impendentibus.
3375 5503 3486 5553 Mos
3505 5498 3642 5551 enim

2123 5699 2197 5760 (at
2230 5693 2578 5747 Conscientiae
2598 5690 2669 5742 sic
2692 5687 2952 5753 eleganter
2973 5688 3198 5750 designat
3223 5684 3616 5744 (Ibrysostomus.
