4066 6140
174 5992 227 6056 ἰ

330 372 439 429 209

249 541 254 546 -
335 489 433 559 τῆς
461 489 730 560 ὑμετέρας
749 489 989 559 ἀγάπης,
1016 487 1139 552 τοὺς
1163 492 1421 560 σαρκικδν
1449 491 1704 562 φρόνημα
1730 486 1996 552 ἐπιδειξα-

1147 375 1202 429 S.
1242 373 1524 430 JOANNIS
1554 364 2044 428 CIIRYSOSTOMI
2083 363 2402 421 ARCHlEP.
2451 361 2996 420 CONSTANTINOP.

3663 363 3780 421 2m

2101 483 2246 544 εἰκὸς
2281 481 2425 552 ἔχειν
2462 483 2640 552 ψυχὴν
2684 482 2776 534 τὸν
2812 481 3017 534 δίκαιον
3053 479 3240 534 τοῦτον
3280 479 3451 532 ταῦτα
3498 481 3780 535 ἀκούοντα

341 575 552 644 μένους,
578 579 670 630 καὶ
697 577 863 647 μηδὲν
891 576 1093 648 ὑψηλὸν
1120 578 1557 648 φανταζομένους
1579 579 1655 648 τῷ
1675 579 1774 648 τῆς
1799 575 2000 646 σαρκὸς
2101 569 2248 640 παρὰ
2277 569 2371 622 τοῦ
2399 571 2684 622 Δεσπότου.
2716 570 2778 622 Εἰ
2813 570 2922 638 γὰρ
2964 569 3057 622 καὶ
3111 567 3309 639 πολλὴν
3342 567 3541 641 ἀρετὴν
3586 571 3781 640 ἐαυτῷ

337 662 558 732 ὀνόματι
587 665 1032 736 προσαγορεύειν,
1056 663 1306 736 καθάπερ
1327 667 1421 717 καὶ
1442 668 1470 718 ὁ
1493 665 1761 736 μακάριος
1788 661 2000 720 Παῦλός
2101 655 2334 726 συνῄδει,
2361 656 2474 710 ἀλλ’
2500 657 2648 726 ὅμως
2670 657 2772 708 ῢῦκ
2797 656 3113 726 ἀναλγήτως
3138 656 3348 726 ἐδέκετο
3375 655 3442 710 τὰ
3475 656 3773 728 λεγόμενα.

335 763 518 818 φησιν’
547 751 610 800 Οἱ
638 747 706 801 δὲ
725 749 795 804 ἐν
816 750 996 818 σαρκί
1022 751 1191 817 ὄντες
1216 751 1336 816 Θεῷ
1361 751 1570 819 ἀρέσαι
1595 754 1666 804 οὐ
1687 750 1994 804 δύνανται.

336 835 401 888 Τί
431 830 555 902 οὗν;
592 836 752 900 αὐτὸς
793 839 822 892 ό
849 839 1022 892 ταῦτα
1067 839 1238 906 λέγων
1269 840 1388 909 οὐχὶ
1429 839 1605 910 σάρκα
1651 838 1994 909 περιέκειτο;

346 921 482 974 Ἀλλ’
508 923 570 975 οὐ
600 922 757 976 τοῦτό
786 941 969 994 φησιν,
1000 925 1081 977 ὅτι
1107 925 1153 978 οί
1187 925 1363 995 σάρκα
1395 925 1785 996 περικείμενοι,
1815 925 1876 975 οὐ
1907 921 1996 974 δύ-

333 1025 516 1062 νανται
563 1009 756 1078 ἀρέσαι
791 1005 935 1064 οὑτοι
981 1011 1059 1082 τῷ
1103 1011 1242 1081 Θεῷ,
1291 1012 1404 1064 ἀλλ’
1436 1013 1516 1064 ὅτι
1564 1013 1614 1064 οἱ
1663 1011 1862 1081 μηδένα
1897 1010 1994 1080 τῆς

331 1095 532 1166 ἀρετῆς
559 1095 716 1166 λόγον
749 1097 1076 1168 ποιούμενοι,
1115 1097 1250 1150 ἀλλὰ
1277 1099 1455 1151 πάντα
1487 1099 1553 1151 τὰ
1598 1097 1834 1169 σαρκικὰ
1861 1113 1994 1168 φρο-

333 1181 570 1244 νοῦντες,
609 1183 703 1236 καί¹
751 1183 881 1253 περὶ
910 1185 1008 1248 τάς
1052 1183 1252 1254 ταύτης
1312 1183 1502 1253 ἡδονάς
1553 1183 1992 1254 κατασπώμενοι,

336 1269 430 1321 καὶ
491 1269 758 1340 μηδεμίαν
805 1270 905 1342 τῆς
941 1270 1118 1341 ψυχῆς
1161 1271 1262 1340 τῆς
1317 1271 1611 1340 ἀσωμάτου
1664 1270 1757 1322 καὶ
1805 1271 1995 1340 νοερᾶς

335 1355 590 1425 φροντίδα
623 1357 951 1428 ποιούμενοι.
996 1357 1149 1410 Ἐπεὶ
1183 1352 1275 1410 οὖν
1302 1356 1393 1410 διὰ
1423 1357 1530 1409 τῶν
1558 1357 1860 1427 εἰρημένων
1891 1355 1990 1408 ἐδί-

332 1441 490 1508 δαξεν
515 1443 660 1512 ἡμᾶς
689 1445 720 1514 ἡ
751 1442 871 1496 θεία
897 1444 1088 1514 Γραφὴ
1114 1443 1224 1496 τῶν
1252 1443 1660 1514 ἁμαρτημάτων
1685 1443 1746 1495 τὸ
1771 1441 1991 1512 πλῆθος,

333 1528 432 1598 τῆς
467 1528 663 1592 κακίας
686 1530 784 1601 τὴν
807 1529 1130 1601 ὑπερϐολὴν,
1161 1531 1261 1600 τῆς
1288 1529 1711 1600 ἀγανακτήσεως
1741 1528 1834 1582 τοῦ
1860 1527 1992 1582 Θεοῦ

333 1615 394 1666 τὸ
409 1613 668 1684 μέγεθος,
688 1616 780 1670 καὶ⁵
803 1617 884 1670 ὄτι
907 1617 995 1670 διὰ
1015 1617 1115 1687 τὴν
1137 1617 1243 1670 τῶν
1265 1617 1590 1687 παρανόμων
1607 1615 1782 1687 ἔργων
1807 1617 1995 1685 ἐπιτή-

332 1701 510 1755 δευσιν
545 1703 636 1756 καὶ
671 1703 816 1770 ἅπαξ
861 1704 952 1757 καὶ
1007 1704 1254 1774 δεύτερον
1312 1705 1402 1757 καὶ
1446 1703 1625 1773 τρίτον
1657 1703 1761 1772 γῆν
1798 1703 1994 1764 αὐτοὺς

331 1788 580 1860 ὠνόμασε
599 1831 612 1852 ,
654 1791 747 1844 καὶ
778 1790 854 1862 τῷ
886 1793 983 1860 τῆς
1017 1793 1218 1863 σαρκὸς
1248 1793 1470 1861 ὀνόματι
1517 1789 1954 1861 προσηγόρευσεν
1976 1830 1988 1850 ,

333 1875 751 1946 ἀποστερήσασα
771 1877 864 1930 τοῦ
890 1878 988 1948 τῆς
1013 1879 1195 1948 κοινῆς
1223 1877 1436 1946 φύσεως
1463 1878 1744 1946 ὀνόματος,
1773 1877 1861 1930 διὰ
1883 1875 1992 1928 τῶν

333 1961 685 2032 ἐπαγομένων
731 1963 831 2034 τὴν
873 1965 1074 2034 ἄφατον
1119 1967 1248 2034 ἡμῖν
1287 1963 1380 2018 τοῦ
1416 1963 1549 2016 Θεοῦ
1585 1963 1992 2032 φιλανθρωπίαν

334 2048 688 2116 ἐνδείκνυται,
712 2051 806 2104 καὶ
835 2053 934 2121 τῆς
961 2051 1418 2120 συγκαταϐάσεως
1444 2051 1540 2120 τὴν
1572 2049 1894 2120 ὑπερϐολήν.
1929 2049 1992 2100 Τί

334 2135 442 2206 γάρ
473 2153 640 2206 φησι;
674 2139 780 2191 Καὶ
811 2133 980 2190 εἶπεν
1013 2141 1044 2190 ό
1075 2137 1218 2204 Θεὸς
1249 2138 1398 2206 πρὸς
1425 2137 1572 2192 Νῶε.
1936 2177 1942 2182 .

401 2231 470 2291 γ’.
502 2222 652 2296 [Ξὲθ]
681 2225 822 2294 Ὅρα
858 2223 1190 2297 ἀγαθὸτητος
1217 2223 1538 2295 ὑπερϐολήν.
1587 2224 1850 2294 Καθάπερ
1889 2223 1957 2289 γά

335 2310 484 2378 φίλος
516 2309 682 2380 φίλῳ,
713 2311 854 2364 οὑτω
882 2311 1066 2364 λοιπὸν
1097 2311 1367 2366 κοινοῦται
1401 2311 1480 2383 τῷ
1509 2311 1700 2380 δικαίῳ
1735 2329 1799 2363 πε
1811 2313 1862 2380 ρί
1896 2310 1994 2378 τῆς

333 2397 620 2466 τιμωρίας,
635 2398 934 2468 ἥνεπάγειν
957 2398 1137 2468 μέλλει
1158 2397 1234 2468 τῷ
1252 2397 1357 2451 τῶν
1379 2396 1678 2468 ἀνθρώπων
1700 2397 1877 2465 γένει,
1903 2396 1992 2464 καί

337 2501 468 2552 φησι
490 2501 502 2514 ·
526 2485 741 2552 Καίρὸς
767 2486 992 2550 παντὸς
1019 2483 1333 2556 ἀνθρώπου
1367 2483 1494 2549 ’ἤχει
1522 2483 1798 2536 ἐναντίον
1824 2483 1991 2551 ἐμοῦ,

334 2571 423 2623 ι’ῗτι
452 2569 728 2640 ἐπλήσθη
762 2573 800 2639 ἢ
827 2569 903 2641 γῆ
937 2572 1168 2637 ἀδικίας
1195 2573 1298 2624 ἀπ’
1330 2569 1545 2624 αὐτῶν.
1577 2570 1690 2623 Καὶ
1719 2569 1848 2623 ἰδοὺ
1881 2569 1994 2640 ἐγὼ

229 2715 260 2732 ι,
335 2663 703 2730 διαταφθείρω
744 2663 966 2726 αὐτοὺς
1011 2661 1108 2714 καὶ
1149 2661 1264 2727 τὴν
1308 2659 1442 2728 γῆν.
1492 2660 1556 2712 Τί
1595 2663 1738 2723 ἐστι,
1781 2659 1994 2727 Καιρὸς

333 2743 560 2811 παντὸς
595 2744 906 2814 ἀνθρώπου
941 2745 1073 2812 ἣκει
1101 2745 1380 2798 ἐναντίον
1411 2741 1587 2812 ἐμοῦ;
1627 2741 1854 2813 Πολλὴν,
1893 2759 1995 2812 φη-

337 2832 439 2894 σιν,
463 2831 820 2902 ἐπεδειξάμην
845 2831 943 2903 τὴν
973 2831 1371 2903 μακροθυμίαν,
1397 2829 1594 2901 πολλὴν
1619 2829 1716 2901 τὴν
1743 2829 1988 2894 ἀνεξικαο

336 2919 478 2983 κίειν,
513 2919 573 2972 οὐ
605 2918 924 2990 βουλόμενος
962 2919 1166 2990 ταύτην
1195 2919 1420 2986 ἐπάγειν
1467 2917 1566 2988 τὴν
1599 2915 1888 2988 τιμωρίαν,
1927 2917 2011 2988 ἣν.

335 3008 558 3076 ἐπάγειν
603 3007 812 3078 μέλλω’
859 3007 973 3061 ἀλλ’
1015 3007 1200 3078 ἐπειδὴ
1246 3005 1412 3074 πολλὴ
1447 3005 1554 3058 τῶν
1590 3004 1994 3076 ἡμαρτημένων

333 3095 516 3158 αὐτοῖς
541 3097 574 3165 ἡ
606 3094 878 3167 ὑπερϐολὴ
905 3097 984 3158 εἰς
1013 3094 1173 3147 αὐτὸν
1201 3094 1407 3163 ἢγαγεν
1439 3093 1632 3156 αὐτοὺς
1663 3093 1754 3145 τὸν
1783 3091 1990 3164 καιρὸν,

335 3183 429 3236 καὶ
463 3183 612 3249 τέλος
656 3185 738 3238 δεῖ
774 3184 956 3238 λοιπὸν
995 3182 1332 3252 ἐπιτεθῆναι,
1367 3183 1460 3234 καὶ
1487 3179 1786 3250 ἐκκοπῆναι
1817 3179 1996 3235 αὐτῶν

333 3273 432 3344 τὴν
459 3273 678 3336 κακίαν,
701 3272 841 3326 ὥστε
873 3273 947 3343 μὴ
977 3271 1288 3342 περαιτέρω
1313 3269 1598 3340 προϐῆναιο
1625 3269 1838 3336 Καιρὸς
1863 3269 1991 3340 γάρ.

337 3361 502 3431 φησὶ,
535 3359 761 3426 παντὸς
795 3357 1105 3427 ἀνθρώπου
1151 3358 1281 3425 ἣκει
1324 3355 1602 3411 ἐναντίον
1643 3355 1806 3424 ἐμοῦ.
1857 3357 1996 3426 Ὅρα

335 3448 429 3500 καὶ
461 3447 722 3506 ἐνταῦθα,
771 3446 886 3510 πῶς
919 3447 1170 3516 καθάπερ
1211 3445 1466 3516 ἀνωτέρω
1507 3443 1693 3510 ἔλεγε,
1737 3441 1862 3506 Πᾶς
1906 3459 1996 3508 τις

337 3535 654 3588 διανοεῖται
676 3577 688 3598 ,
716 3535 858 3588 οὕτω
885 3535 976 3588 καὶ
1004 3533 1098 3587 νῦν
1115 3573 1128 3596 ,
1154 3532 1386 3597 Παντὸς
1411 3530 1744 3600 ἀνθρώπου.
1791 3531 1996 3595 Πάντες

336 3623 446 3692 γὰρ
486 3621 855 3693 συμφωνοῦσι,
895 3623 1031 3693 πρὸς
1070 3622 1170 3692 τὴν
1213 3619 1555 3690 παρανομίαν
1594 3619 1994 3691 ηὐτομόλησαν,

337 3710 490 3780 φησὶ,
522 3710 616 3764 καὶ
643 3711 740 3763 οὐκ
773 3709 919 3763 ἔστιν
948 3710 1125 3780 εὑρεῖν
1153 3709 1210 3760 ἐν
1235 3709 1473 3780 τοσούτῳ
1513 3707 1706 3778 πλήθει
1744 3709 1868 3763 τινὰ
1897 3709 1998 3778 τῆς

336 3791 536 3868 ἀρετῆς
573 3797 730 3867 λόγον
765 3795 1104 3868 ποιούμενον.
1150 3796 1363 3866 Καιρὸς
1401 3796 1531 3867 γάρ,
1574 3798 1728 3866 φησὶ.
1770 3795 1998 3861 παντὸς

333 3886 647 3953 ἀνθρώπου
689 3885 819 3954 ἣκει
855 3872 1330 3956 ἐναιττίσιέθὲμοῦ.
1371 3883 1607 3951 Καιρὸς.
1656 3883 1798 3936 τοῦτ’
1828 3883 1995 3945 ἔστιν,

337 3972 570 4042 ἔφθασεν
600 3975 628 4026 ό
661 3975 870 4038 καιρὸς,
908 3974 1118 4028 καθ”ὃν
1153 3973 1232 4026 δεῖ
1258 3972 1358 4042 τὴν
1385 3971 1556 4041 τομὴν
1588 3971 1873 4035 ἐπιθεῖναι,
1905 3971 1996 4023 καὶ

338 4061 434 4132 τὴν
459 4060 628 4132 νομὴν
654 4061 748 4114 τοῦ
781 4060 971 4124 ἐλκους
995 4061 1256 4129 ἐπισχεῖν.
1289 4056 1503 4125 Καιρὸς
1532 4056 1756 4122 παντὸς
1777 4057 1996 4125 ἀνθρὼ-

337 4163 456 4200 που
490 4147 625 4214 ἥκει
653 4148 932 4202 ἐναντίον
969 4145 1114 4216 ἐμοῦ
1134 4159 1147 4174 ’
1179 4144 1376 4198 ὠσανεὶ
1418 4143 1642 4214 μηδενὸς
1674 4142 1995 4214 ἐφορῶντος,

339 4235 434 4287 καὶ
465 4234 746 4304 μέλλοντος
770 4233 997 4295 εὐθύνας
1025 4233 1276 4286 ἀπαιτεῖν
1321 4229 1426 4284 τῶν
1455 4231 1636 4294 αὐτοῖς
1679 4229 1997 4302 πεπλημμε-

340 4323 614 4390 λημένων,
643 4319 786 4373 οὐτω
833 4319 970 4390 πρὸς
1005 4319 1102 4384 τὰς
1134 4318 1482 4390 παρανόμους
1512 4317 1737 4390 πράξεις
1775 4318 1998 4381 ἑαυτοὺς

339 4410 629 4477 ἐξέδωκαν,
661 4409 760 4463 οὐκ
790 4409 1092 4473 ἐννοοῦντες
1121 4409 1204 4463 ὃτι
1232 4409 1330 4480 ἐμὲ
1353 4407 1533 4462 λαθεῖν
1565 4409 1661 4480 οὐχ
1683 4403 1795 4462 οἷόν
1822 4425 1880 4461 τε
1908 4409 1998 4462 τὸν

341 4499 440 4569 τὴν
467 4496 724 4550 σύστασιν
748 4496 847 4568 τῆς
872 4496 1016 4566 ζωῆς
1045 4493 1428 4568 χαριζόμενον,
1461 4497 1554 4550 καὶ
1581 4496 1738 4566 σῶμα
1777 4496 1871 4549 καὶ
1899 4495 2000 4567 ψυ-

343 4587 444 4656 χὴν
489 4585 878 4656 χαρισάμενον,
921 4585 1012 4638 καὶ
1055 4585 1324 4638 τοσούτων
1363 4582 1582 4651 ἀγαθῶν
1613 4583 1710 4654 τὴν
1741 4583 2000 4654 χορηγίαν

342 4671 749 4745 παρεσχηκότα.
791 4669 1004 4739 Καιρὸς
1035 4669 1211 4722 τοίνυν
1249 4670 1475 4734 παντὸς
1514 4669 1824 4738 ἀνθρώπου
1871 4669 2000 4736 ἣκει

339 4761 616 4815 ἐναντίον
643 4759 810 4828 ἐμοῦ.
839 4753 971 4812 Εἶτα
999 4755 1184 4828 ὥσπερ
1209 4754 1641 4824 ἀπολογούμενος
1677 4755 1753 4824 τῷ
1789 4754 1998 4826 δικαίῳ,

340 4850 434 4902 καὶ
473 4849 687 4913 δεικνὺς
727 4849 808 4902 ὅτι
851 4847 884 4918 ἡ
919 4844 1030 4898 τῶν
1067 4843 1469 4916 ἡμαρτημένων
1509 4842 1689 4904 αὐτοῖς
1729 4841 1999 4912 ὑπερϐολὴ

339 4939 418 5000 εἰς
446 4936 648 5004 ταύτην
682 4935 847 4990 αὑτὸν
885 4932 1194 4987 ἐκκαλεῖται
1226 4930 1325 5000 τὴν
1363 4929 1732 4996 ἀγανάκτησιν
1753 4969 1768 4993 ,
1817 4930 1998 4997 φησὶν,

341 5025 461 5078 Ὅτι
492 5024 771 5092 ἐπλήσθη
811 5023 851 5090 ἠ
877 5021 950 5089 γῆ
980 5019 1214 5083 ἀδικίας
1240 5017 1342 5071 ἀπ’
1366 5013 1584 5070 αὐτῶν.
1613 5016 1704 5084 Μὴ
1723 5015 1831 5084 γὰρ
1860 5033 2000 5085 παρα

344 5111 530 5164 ἐλιπόν
557 5127 631 5176 τι,
666 5109 819 5180 φησὶ,
853 5107 960 5160 τῶν
995 5107 1075 5168 είς
1123 5103 1320 5158 κακίαν
1365 5101 1772 5166 συντεινόντων;
1804 5100 2000 5154 Τοσοῦ-

338 5215 429 5251 τον
473 5195 816 5260 ἐπεδείξαντο
857 5194 918 5247 10
953 5192 1206 5263 μέγεθος,
1251 5191 1326 5254 ὠς
1366 5189 1460 5244 καὶ
1496 5188 1852 5262 ὑπερϐλύζειν
1894 5187 2000 5242 λοι-

338 5287 438 5337 πον
477 5282 576 5352 τὴν
618 5283 850 5345 κακίαν,
885 5281 979 5334 καὶ
1020 5281 1201 5334 πᾶσαν
1237 5277 1334 5348 τὴν
1370 5277 1475 5346 γῆν
1514 5276 1610 5346 τῆς
1663 5274 1861 5338 κακίας
1901 5277 2000 5347 ἐμ-

340 5369 670 5440 πεπλῆσθαι.
707 5369 806 5422 Διά
842 5385 924 5422 τοι
951 5367 1108 5421 τοῦτο
1141 5367 1234 5420 καὶ
1267 5365 1462 5427 αὐτοὺς
1492 5361 1841 5432 καταφθείρω
1861 5404 1874 5426 ,
1907 5363 1998 5415 καὶ

339 5461 434 5530 τὴν
462 5459 586 5530 γῆν,
614 5457 726 5511 Καὶ
753 5455 904 5522 ἰδοὺ,
927 5455 1112 5524 φησὶν,
1132 5452 1246 5524 ἐγὼ
1266 5450 1631 5518 καταφθειζρω
1651 5447 1872 5512 αὐτοὺς
1901 5447 1998 5500 καί

341 5547 454 5614 τὴν
486 5542 620 5615 γῆν.
669 5540 886 5614 Ἐπειδὴ
927 5541 1078 5596 αὐτοὶ
1110 5537 1467 5612 προλαϐόντες
1504 5533 1593 5588 διὰ
1623 5533 1730 5586 τῶν
1763 5533 1998 5603 παρανόο

341 5649 456 5700 μων
511 5629 762 5700 πράξεων
815 5629 1037 5690 ἑαυτοὺς
1082 5625 1478 5696 κατέφθειραν,
1529 5620 1618 5673 διὰ
1664 5619 1820 5672 τοῦτο
1868 5636 2000 5671 παν-

339 5717 465 5788 τελῆ
520 5717 895 5789 πανωλεθρίαι)
953 5717 1177 5782 ἐπάγω,
1246 5712 1340 5766 καὶ
1403 5707 1706 5778 ἀφανισμὸν
1770 5706 1994 5775 ἐργάζο-

338 5821 459 5874 μαι.
506 5806 596 5858 καὶ
640 5805 840 5867 αὐτῶν,
881 5805 974 5858 καὶ
1003 5803 1102 5870 τῆς
1147 5801 1270 5872 γῆς,
1305 5800 1391 5850 ἵνα
1429 5793 1709 5864 καθαρμόν
1747 5809 1867 5846 τινα
1901 5793 1993 5844 δυ-

341 5891 479 5960 νηθῇ
525 5891 769 5954 δέξασθαι
840 5894 866 5960 ἡ
917 5892 1007 5959 γῆ,
1048 5891 1142 5943 καὶ
1190 5883 1639 5953 ἁποκαθήρασθαι
1692 5881 1784 5932 τοῦ
1827 5879 1996 5950 ῥύπου

342 5972 446 6024 τῶν
481 5972 743 6028 τοσούτων
774 5973 1202 6044 ἁμαρτημάτων.
1244 5966 1443 6024 Ἐννὸει
1481 5979 1570 6033 μοι
1613 5961 1796 6014 λοιπὸν
1845 5962 1997 6016 ποίαν

2097 741 2452 814 Φιλόστοργον
2476 743 2584 814 γὰρ
2624 743 2734 796 τῶν
2779 744 3000 798 δικαίων
3033 743 3097 796 10
3142 744 3329 812 γένος,
3369 747 3462 798 καὶ
3497 746 3637 818 ὑπὲρ
3669 749 3779 816 τῆς

2098 830 2208 884 τῶν
2236 830 2411 884 ἄλλων
2441 831 2716 901 σωτηρίας
2751 831 2929 885 πάντα
2967 830 3031 884 ἂν
3053 831 3256 884 ἕλοιντο
3279 832 3515 895 εὐκόλως
3541 833 3777 904 ὑπομεῖ-

2095 935 2202 972 ναι.
2235 917 2358 982 Πῶς
2378 918 2559 972 τοίνυν
2604 918 2751 982 εἰκὸς
2785 914 2854 990 ἦν
2888 922 2951 973 ἐκ
2981 919 3090 972 τῶν
3113 919 3374 990 ῥημάτων
3404 919 3610 974 τούτων
3638 937 3776 972 συν-

2097 1005 2314 1076 έχεσθαι
2347 1005 2438 1058 τὸν
2477 1005 2779 1076 θαυμάσιον
2802 1006 2990 1060 τοῦτον
3023 1007 3407 1078 ὑπογράφοντα
3441 1007 3540 1078 ἥδη
3571 1006 3650 1078 τῷ
3677 1007 3773 1060 λο-

2096 1091 2279 1164 γισμῷ
2299 1093 2397 1164 τὴν
2422 1094 2675 1148 ἁπάντων
2697 1093 2994 1157 ἀπώλειαν,
3019 1094 3112 1148 καὶ
3133 1093 3232 1164 τὴν
3255 1095 3356 1164 τῆς
3379 1095 3606 1159 κτίσεως
3627 1096 3774 1149 άπάο

2099 1199 2197 1252 σης
2236 1181 2477 1253 φθορὰν,
2519 1183 2647 1246 ἴσως
2697 1183 2818 1236 οὐδὲ
2869 1181 2999 1252 περὶ
3052 1181 3216 1236 αὑτοῦ
3249 1199 3303 1236 τι
3345 1183 3580 1254 χρηστὸν
3625 1185 3770 1236 ὑπο-

2100 1269 2396 1332 πτεύοντάς
2433 1269 2658 1322 Οὐδέπω
2689 1265 2886 1340 γὰρῆν
2912 1266 3058 1338 αὐτῷ
3079 1268 3237 1321 τοῦτο
3263 1269 3512 1339 φανερόν.
3541 1267 3638 1322 'lv'
3668 1263 3768 1322 οὖν

2101 1355 2175 1426 μὴ
2207 1355 2630 1426 διαταράττηται
2658 1355 2751 1408 τὸν
2779 1355 3056 1426 λογισμὸν,
3091 1355 3226 1408 ἀλλὰ
3261 1356 3464 1426 μικράν
3504 1372 3624 1410 τινα
3652 1373 3766 1408 πα-
3827 1413 3833 1416 ,

2101 1441 2371 1512 ραμυθίαν
2394 1444 2452 1495 ἐν
2473 1441 2552 1512 τῷ
2579 1443 2806 1512 τοιούτῳ
2840 1441 3058 1512 μεγέθει
3091 1443 3189 1512 τῆς
3221 1441 3460 1512 ἀθυμίας
3492 1445 3638 1512 σχεῖν
3669 1442 3762 1495 δυ-

2095 1530 2232 1601 νηθῇ
2252 1571 2266 1594 ,
2291 1529 2476 1602 ἐπειδὴ
2503 1531 2736 1598 ἐδίδαξεν
2764 1530 2924 1583 αὐτὸν
2951 1533 3048 1600 τῆς
3065 1529 3215 1602 [221]
3241 1529 3438 1592 κακίας
3462 1528 3639 1582 αὐτῶν
3662 1529 3763 1600 τὴν

2099 1618 2438 1690 ὑπερϐολὴν,
2480 1619 2573 1671 καὶ
2605 1619 2686 1672 ὅτι
2718 1618 2907 1690 καιρὸς
2941 1617 3254 1686 κατεπείγει
3300 1617 3486 1672 λοιπὸν
3515 1616 3762 1671 ἀπαιτῶν

2099 1707 2319 1776 βαθεῖαν
2356 1707 2553 1771 αὐτοὺς
2591 1706 2846 1771 δέξασθαι
2877 1705 2975 1778 τὴν
3002 1706 3177 1776 τομὴν
3195 1749 3209 1773 ,
3243 1706 3376 1778 φησὶ
3403 1705 3540 1775 πρὸς
3564 1705 3756 1758 αὐτόν’

2109 1793 2380 1858 Ἐκείνους
2411 1794 2510 1865 μὲν
2543 1794 2716 1856 κοινὸς
2738 1792 2954 1864 ὄλεθρος
2981 1792 3274 1858 ἐκδέξεται,
3293 1791 3380 1847 Σὺ
3400 1791 3468 1846 δὲ
3499 1793 3761 1860 ποίησον

2095 1881 2328 1948 σεαυτῷ
2356 1885 2624 1937 κιϐωτόν.
2658 1881 2722 1935 Τί
2760 1883 2896 1948 ἐστι,
2929 1881 3012 1936 Σὺ
3039 1879 3142 1946 ὄιές
3171 1880 3389 1952 Ἐπειδὴ
3411 1881 3508 1934 οὐκ
3541 1880 3756 1936 ἐκοινὼ-

2095 1988 2262 2041 νησας
2293 1972 2477 2034 αὐτοῖς
2523 1969 2625 2041 τῆς
2671 1969 2900 2036 κακίας,
2946 1969 3082 2024 ἀλλά
3109 1969 3203 2024 καὶ
3253 1969 3390 2038 μετά
3437 1969 3639 2040 ἀρετῆς
3665 1969 3758 2022 τὸν

2097 2059 2209 2127 βίον
2251 2058 2369 2112 ὅλον
2417 2058 2671 2128 διήνυσας
2692 2095 2706 2121 ,
2741 2057 2829 2110 διὰ
2877 2057 3034 2110 τοῦτό
3065 2057 3500 2128 σοιιπροστάττω
3527 2057 3757 2112 κιϐωτὸν

2095 2147 2521 2202 κατασκευάσαι.
2559 2147 2659 2200 Ἐκ
2718 2145 2922 2210 ξύλων
2967 2145 3346 2215 τετραγώνων
3369 2183 3384 2209 ,
3444 2145 3751 2211 ἀσήπτων.

2095 2235 2363 2300 Νοσσιὰς
2399 2233 2671 2299 ποιήσεις
2699 2233 2812 2296 τὴν
2857 2231 3100 2286 κιϐωτὸν
3127 2272 3142 2295 ,
3189 2233 3285 2286 καί
3335 2232 3755 2301 ἀσφαλτώσεις

2095 2321 2315 2386 ἔξωθεν
2369 2321 2465 2374 καὶ
2512 2321 2739 2374 ἔσωθεν
2763 2317 2958 2387 αὐτὴν
2983 2318 3060 2387 τῇ
3105 2318 3412 2388 ἀσφάλτῳ.
3455 2322 3649 2373 Ἔστω
3688 2319 3757 2372 δὲ

2095 2407 2450 2477 τριακοσίων
2480 2405 2692 2476 πηχῶν
2745 2405 2808 2460 τὸ
2855 2404 3049 2476 μῆκος
3075 2447 3088 2466 ,
3129 2405 3227 2459 καὶ
3265 2407 3640 2474 πεντήκοντα
3689 2407 3757 2460 τὸ

2095 2495 2324 2559 πλάτος
2345 2536 2358 2558 ,
2395 2493 2493 2548 καὶ
2518 2492 2836 2561 τριάκοντα
2859 2492 2925 2546 τό
2956 2493 3131 2561 ὕψος.
3151 2492 3564 2560 Ἐπισυνάγων
3585 2491 3755 2558 ποιή-

2095 2599 2224 2649 σεις
2249 2581 2366 2650 τὴν
2391 2580 2659 2645 κιϐωτόν,
2685 2581 2782 2654 καὶ
2813 2583 2902 2645 εὶς
2921 2577 3006 2646 πῆ
3012 2597 3130 2648 χυν
3153 2581 3540 2646 συντελέσας
3563 2579 3758 2646 αὐτὴν

2094 2675 2342 2736 ἄνωθεν,
2369 2671 2484 2739 τὴν
2511 2672 2579 2725 δὲ
2604 2673 2792 2740 θύραν
2819 2666 3186 2737 ποιήσειξὲκ
3226 2671 3500 2740 πλαγίων
3525 2709 3540 2735 ,
3580 2671 3758 2726 κατά-

2096 2779 2232 2830 γαια
2270 2757 2529 2830 διώροφα
2572 2759 2668 2814 καὶ
2695 2757 2988 2828 τριώροφα
3015 2759 3287 2826 ποιήσεις
3316 2757 3525 2824 αὐτήν.
3558 2757 3757 2811 Σκόπει

2093 2848 2228 2902 Θεοῦ
2261 2847 2666 2916 συγκατάϐασιν
2695 2847 2788 2900 καὶ
2819 2845 3047 2916 δύναμιν
3070 2847 3296 2916 ἄφατον,
3327 2847 3422 2898 καὶ
3451 2844 3758 2916 φιλανθρω-

2097 2938 2225 2991 πίαν
2248 2936 2426 2990 πάντα
2456 2935 2612 3004 λόγον
2637 2947 2664 2976 ιι
2692 2933 3142 3004 ὑπερϐαίνουσαν.
3184 2933 3348 3004 Ὁμοῦ
3380 2933 3472 2988 καὶ
3501 2934 3600 3002 τὴν
3631 2934 3759 3003 περὶ

2095 3025 2184 3078 τὸν
2211 3023 2418 3078 δίκαιον
2451 3024 2706 3095 πρόνοιαν
2725 3022 3084 3075 ἐπιδείκνυται
3118 3021 3464 3092 προστάττων
3490 3019 3638 3090 αὐτῷ
3659 3021 3759 3088 τὴν

2097 3111 2329 3166 κιϐωτὸν
2352 3110 2778 3174 κατασκευάσαι,
2802 3110 2896 3162 καὶ
2915 3109 3306 3178 διαταξάμενος
3331 3110 3425 3161 καὶ
3448 3109 3538 3160 τὸν
3559 3107 3760 3180 τρόπον

2095 3202 2193 3270 τῆς
2222 3203 2566 3270 κατασκευῆς
2587 3242 2601 3266 ,
2633 3199 2728 3251 καὶ
2769 3199 2830 3250 10
2856 3197 3055 3261 πλάτος
3081 3236 3094 3261 ,
3126 3197 3220 3252 καὶ
3245 3197 3306 3250 10
3340 3196 3472 3266 ’ὕψος
3490 3239 3504 3262 ,
3534 3197 3628 3250 καλ⁸
3653 3213 3760 3250 πα·

2101 3285 2369 3357 ραμυθίαν
2395 3285 2544 3356 αὐτῷ
2569 3283 2850 3356 χαρίζεται
2887 3284 3149 3356 μεγίστην
3172 3325 3186 3345 ,
3218 3283 3439 3346 ἐλπίδας
3464 3281 3612 3352 αὑτῷ
3649 3298 3758 3334 σω-

2096 3374 2290 3445 τηρίας
2318 3372 2650 3442 ὑπογράφων
2675 3371 2760 3425 διὰ
2781 3372 2882 3442 τῆς
2909 3372 3256 3441 κατασκευῆς
3275 3411 3290 3434 ,
3324 3370 3608 3432 κάκείνους
3633 3369 3759 3432 τοὺς

2098 3460 2332 3516 τοσαῦτα
2363 3460 2750 3532 ἡμαρτηκότας
2781 3458 3100 3530 βουλόμενος
3145 3457 3234 3512 διὰ
3277 3458 3376 3525 τῆς
3418 3457 3761 3525 κατασκευῆς

2097 3552 2198 3620 τῆς
2229 3549 2463 3603 κιϐωτοῦ
2494 3549 2574 3611 είς
2609 3547 2814 3600 ἔννοιαν
2839 3545 3091 3608 ἐλθόντας
3115 3545 3222 3598 τῶν
3246 3545 3430 3608 αὐτοῖς
3461 3542 3759 3614 εἰργασμέ-

2098 3655 2204 3690 νων
2229 3678 2244 3703 ,
2273 3635 2368 3690 καὶ
2399 3633 2685 3706 μετάνοιαν
2733 3631 3172 3704 ἐπιδειξαμένους
3212 3633 3312 3703 τῆς
3337 3631 3759 3700 ἀγανακτήσεως

2097 3724 2194 3794 τὴν
2221 3725 2418 3794 πεῖραν
2453 3722 2526 3792 μὴ
2573 3720 2777 3774 λαϐεῖν.
2814 3721 2952 3775 Οὑδέ
2990 3720 3098 3792 γὰρ
3127 3720 3305 3788 ὀλίγος
3353 3719 3544 3789 χρόνος
3599 3717 3760 3771 πάλιν

2098 3815 2280 3877 αὐτοῖς
2309 3811 2445 3882 πρὸς
2493 3810 2778 3882 μετάνοιαν
2823 3807 3138 3880 παρεσχέθη
3167 3807 3256 3861 διὰ
3289 3808 3388 3878 τῆς
3415 3806 3760 3876 κατασκευῆς

2098 3901 2198 3971 τῆς
2225 3898 2478 3960 κιϐωτοῦ,
2513 3898 2646 3952 ἀλλά
2675 3898 2767 3952 καὶ
2798 3896 3003 3968 σφόδρα
3029 3895 3210 3958 πολὺς.
3242 3895 3336 3948 καὶ
3367 3893 3576 3956 ἱκανὸς,
3598 3895 3648 3945 εἰ
3684 3893 3756 3963 μὴ

2101 3989 2306 4060 σφόδρα
2335 3984 2475 4059 ἦσαν
2518 3985 2828 4056 ἀγνώμονες
2859 4026 2870 4048 ,
2904 3983 3244 4053 καταπτῆξαι
3291 3982 3426 4052 πρὸς
3472 3982 3570 4052 τὴν
3612 3979 3758 4050 διόρο

2099 4077 2264 4130 θωσιν
2321 4075 2430 4129 τῶν
2468 4073 2862 4144 ἐπταισμένων.
2915 4071 3075 4134 Είκὸς
3111 4070 3218 4141 γάρ
3271 4071 3500 4122 ἕκαστον
3557 4067 3756 4130 αὐτῶν,

2098 4163 2308 4234 ὁρῶντα
2346 4163 2438 4216 τὸν
2475 4163 2680 4216 δίκαιον
2706 4160 3116 4229 τεκταινόμενον
3145 4161 3241 4228 τὴν
3271 4156 3520 4218 κιϐωτὸν,
3545 4155 3644 4225 τὴν
3677 4157 3760 4208 αξ-

2099 4251 2218 4304 τίαν
2254 4248 2614 4304 πυνθάνεσθαι
2665 4251 2761 4320 τῆς
2801 4249 3144 4316 κατασκευῆς
3169 4285 3182 4309 ,
3217 4241 3334 4298 εἶτα
3381 4241 3613 4314 μαθόντα
3665 4239 3759 4292 τοῦ

2102 4337 2238 4391 Θεοῦ
2268 4336 2367 4407 τὴν
2400 4337 2791 4406 ἀγανάκτησιν,
2823 4336 2903 4397 είς
2932 4333 3182 4404 αἴσθησιν
3211 4332 3382 4384 ἐλθεῖν
3411 4330 3516 4383 τῶν
3545 4327 3760 4382 οἰκείων

2102 4423 2514 4496 ἁμαρτημάτων
2536 4464 2550 4488 ,
2585 4423 2741 4493 εῖπερ
2773 4419 3071 4474 ἐϐούλοντο.
3115 4419 3252 4471 Ἀλλ’
3286 4420 3482 4470 ἐκεῖνοι
3513 4415 3632 4468 οὐδέ
3671 4417 3758 4468 ἐν·

2101 4512 2287 4567 τεῦθεν
2344 4511 2638 4582 ἐκέρδαναν
2683 4527 2734 4563 τι
2788 4507 2972 4575 πλέον,
3007 4507 3106 4560 οὑκ
3143 4504 3328 4574 ἐπειδὴ
3355 4505 3454 4557 οὑκ
3483 4503 3756 4573 ἠδύναντο,

2101 4599 2215 4654 ἀλλ’
2243 4597 2428 4670 ἐπειδὴ
2461 4599 2561 4650 οὐκ
2589 4597 2987 4668 ἠϐουλήθησαν.

2171 4687 2228 4742 δ’.
2272 4685 2487 4757 Ἐπειδὴ
2510 4685 2686 4738 τοίνυν
2701 4684 2768 4738 τὰ
2786 4683 2912 4755 περὶ
2928 4682 3027 4752 τῆς
3048 4679 3388 4746 κατασκευῆς
3415 4678 3508 4744 τῆς
3530 4675 3759 4728 κιϐωτοῦ

2101 4775 2179 4846 τῷ
2209 4775 2402 4844 δικαίῳ
2428 4772 2710 4838 διετάξατο
2729 4811 2744 4835 ,
2777 4767 3048 4824 κοινοῦται
3076 4766 3225 4837 αὐτῷ
3250 4767 3344 4819 καὶ⁹
3366 4765 3463 4835 τῆς
3495 4763 3762 4834 τιμωρίας

2102 4863 2162 4916 10
2182 4858 2340 4927 εἶδος,
2376 4855 2444 4932 ἦς
2469 4858 2704 4930 ἡμελλεν
2731 4856 2978 4924 ἐπάγειν,
3011 4853 3104 4908 καί
3129 4870 3262 4922 φησι
3280 4868 3294 4882 ο
3326 4852 3398 4904 Σὺ
3440 4851 3536 4922 μὲν
3559 4849 3760 4918 ταύτην

2103 4949 2512 5006 κατασκεύασω
2559 4946 2700 5001 καθὰ
2729 4944 3058 5013 διεταξάμην
3083 4981 3096 5004 ,
3125 4939 3234 5010 ἐγὼ
3259 4939 3314 4992 δὲ
3334 4981 3348 5003 ,
3379 4938 3598 4991 ἐπειδὰν
3623 4936 3760 5004 πλη-

2105 5037 2284 5110 ρώσης
2336 5037 2434 5106 τὴν
2470 5031 2812 5102 κατασκευὴν
2842 5071 2856 5092 ,
2899 5033 2993 5083 καὶ
3023 5027 3092 5082 τὰ
3121 5027 3261 5081 κατὰ
3309 5026 3367 5078 σὲ
3411 5026 3468 5077 ἐν
3498 5024 3762 5096 ἀσφαλείᾳ

2103 5125 2449 5196 καταστήσω.
2496 5122 2636 5192 Ἐγὼ
2662 5120 2730 5174 δὲ
2766 5119 2894 5173 ἰδοὺ
2936 5117 3134 5185 ἐπάγω
3169 5116 3274 5168 τὸν
3308 5110 3757 5180 κατακλυσμὸν,

2101 5213 2256 5280 ὕδωρ
2283 5211 2379 5265 ἐπί
2429 5211 2542 5276 τὴν
2574 5209 2692 5277 γῆν
2719 5248 2732 5272 ,
2765 5204 3146 5275 καταφθεῖραι
3179 5202 3385 5256 πᾶσαν
3431 5198 3627 5266 σάρκα
3650 5241 3664 5263 ,
3694 5200 3762 5252 ὲν

2099 5295 2138 5372 ᾗ
2167 5302 2296 5354 ἐστι
2321 5297 2555 5366 πνεῦμα
2585 5294 2733 5363 (mi;
2766 5293 3044 5350 ὑποκάτω
3067 5291 3174 5345 τοῦ
3209 5288 3486 5356 οὐρανοῦ,
3515 5287 3615 5340 καί
3647 5286 3762 5341 ὅσα

2102 5370 2177 5438 ἂν
2202 5379 2244 5456 ᾗ
2266 5385 2362 5438 ἐπὶ
2390 5383 2499 5450 τῆς
2541 5381 2652 5450 γῆς
2691 5381 3056 5447 τελευτήσει.
3083 5379 3227 5448 Ὀρα
3264 5375 3380 5436 πῶς
3427 5372 3518 5426 καὶ
3549 5370 3639 5424 διὰ
3665 5371 3761 5439 τῆς

2100 5472 2330 5540 ἀπειλῆς
2357 5471 2593 5525 δείκνυσι
2639 5467 2744 5520 τῶν
2771 5466 3178 5538 ἡμαρτημένων
3206 5464 3388 5526 αὐτοῖς
3423 5461 3486 5514 10
3511 5459 3758 5531 μέγεθος,

2103 5561 2194 5614 καί
2230 5575 2396 5629 φησι·
2434 5557 2538 5610 Καὶ
2560 5557 2659 5627 τὴν
2690 5553 2858 5625 αὐτὴν
2885 5553 3154 5624 τιμωρίαν
3185 5549 3369 5614 ἐπάξω
3397 5549 3492 5603 καὶ
3535 5551 3648 5610 τοῖς
3673 5545 3760 5598 λο-

2098 5649 2274 5716 γικοῖς
2297 5686 2310 5708 ,
2341 5646 2432 5699 καὶ
2465 5647 2576 5706 τοῖς
2606 5642 2838 5709 ἀλόγοις.
2885 5639 3102 5710 Ἐπειδὴ
3145 5637 3254 5709 γὰρ
3287 5639 3387 5708 τὴν
3421 5633 3600 5690 αὐτῶν
3631 5650 3762 5705 προ-

2099 5733 2280 5804 εδρίαν
2300 5731 2684 5802 προδεδώκασι,
2711 5729 2804 5783 καὶ
2827 5729 2961 5797 πρὸς
2983 5725 3081 5797 τὴν
3108 5726 3215 5778 τῶν
3239 5725 3448 5792 ἀλόγων
3466 5721 3760 5792 μετέπεσον

2105 5819 2316 5880 κακίαν,
2346 5818 2598 5886 οὐδεμίαν
2623 5814 2884 5886 διαφορὰν
2907 5812 3016 5877 ἔξει
3047 5813 3079 5882 ἡ
3112 5809 3369 5881 τιμωρία.
3405 5809 3634 5876 Ἐπάγω
3656 5805 3759 5875 γὰρ

2167 5985 2180 6008 ¹
2203 5986 2282 6035 Sic
2306 5983 2452 6034 Savil.
2483 5987 2533 6030 el.
2565 5981 2756 6043 quidam
2777 5993 2890 6029 mss.
2929 5977 3098 6028 Morel.
3135 5984 3187 6026 et
3213 5977 3298 6026 alii
3318 5976 3470 6024 πάντα
3490 5972 3616 6022 νοῦν.
