4066 6140
450 305 558 361 209

450 418 741 488 Scriptum
783 425 884 480 est,
916 420 972 468 ut
1013 427 1155 483 sirpe
1183 412 1388 467 caritati
1422 421 1612 466 vestra:
1637 411 1767 475 dixi,
1807 410 2039 465 carnalia

451 511 744 579 sapientes,
774 517 828 562 et
858 505 988 560 nihil
1029 505 1253 560 sublime
1279 505 1592 575 cogitantes,
1622 504 1797 558 carnis
1827 502 2041 556 nomine

450 599 743 670 appellare,
776 598 915 652 sicut
956 604 1012 650 et
1053 596 1239 650 beatus
1264 594 1460 649 Paulus
1501 593 1667 663 inquit
1699 610 1716 647 :
1752 593 1852 659 Qui
1873 602 2038 647 autem

450 693 505 746 in
548 706 699 744 carne
725 699 858 753 sunt,
894 687 1001 741 Deo
1043 688 1240 758 placere
1285 703 1386 739 non
1428 695 1638 754 possunt
1675 683 1847 753 (Rom.
1875 684 1927 739 8.
1958 684 2036 755 8).

452 782 589 849 Quid
618 781 813 851 igitur?
851 796 957 833 non
982 779 1077 832 fuit
1103 778 1159 832 in
1183 792 1345 832 carne
1365 786 1421 832 et
1450 778 1494 831 is
1518 777 1607 846 qui
1652 777 1767 831 lucc
1789 776 2040 831 dicebat?

452 873 579 929 Non
599 874 701 927 hoc
745 871 899 936 dixit,
930 869 1069 940 quod
1114 869 1203 939 qui
1249 882 1411 923 carne
1451 868 1762 922 circumdati
1800 867 1905 922 sint
1931 867 2040 921 Deo

453 965 663 1036 placere
707 979 812 1018 non
843 963 1066 1034 possint,
1111 961 1204 1016 sed
1234 960 1303 1015 de
1345 961 1410 1014 iis
1442 960 1674 1029 loquitur
1720 960 1811 1030 qui
1840 958 2039 1014 nullam

450 1057 660 1112 virtutis
687 1052 945 1110 rationem
977 1053 1197 1118 habent,
1230 1062 1287 1107 et
1316 1050 1446 1105 nihil
1468 1051 1570 1107 nisi
1594 1051 1806 1105 carnale
1831 1052 2042 1121 sapien-

453 1160 561 1211 tes,
592 1146 769 1202 carnis
826 1146 1121 1213 voluptates
1168 1151 1458 1208 sectantur,
1506 1142 1806 1211 nullamque
1849 1141 2040 1197 anima:

454 1239 782 1307 incorporea!
811 1247 865 1290 et
909 1236 1198 1305 spiritualis
1236 1250 1419 1289 curam
1459 1244 1667 1304 gerunt.
1708 1233 1888 1304 Itaque
1917 1233 2037 1302 quia

454 1329 612 1383 dictis
654 1329 769 1383 istis
809 1327 983 1381 divina
1027 1326 1300 1396 Scriptura
1339 1325 1518 1381 docuit
1557 1339 1655 1379 nos
1702 1333 2037 1393 peccatorum

456 1420 867 1485 multitudinem,
896 1419 1113 1472 malitia:
1132 1431 1433 1480 excessum,
1452 1415 1828 1485 indignationis
1846 1413 2038 1469 divina:

457 1511 896 1583 magnitudinem,
924 1521 979 1564 et
1004 1509 1143 1580 quod
1170 1508 1239 1563 ob
1267 1507 1499 1563 studium
1531 1507 1789 1563 malorum
1816 1522 2037 1577 operum

456 1604 620 1659 semel
649 1613 807 1673 atque
837 1603 1025 1657 iterum
1071 1616 1135 1656 ac
1182 1601 1341 1656 tertio
1392 1610 1587 1655 terram
1638 1614 1732 1655 eos
1774 1599 1864 1670 qui
1914 1607 2040 1654 tunc

459 1694 713 1750 vivebant
751 1692 1134 1757 nominaverit,
1188 1691 1470 1760 carnisqtte
1509 1690 1727 1745 nomine
1774 1690 2040 1744 vocaverit

454 1785 708 1856 spoliatos
754 1783 1051 1838 communis
1095 1793 1298 1837 natura:
1340 1779 1637 1835 vocabulo:
1672 1795 1811 1835 nunc
1842 1795 1935 1848 per
1976 1794 2039 1835 ea

454 1893 574 1948 qua:
599 1876 798 1942 subdit,
831 1874 1150 1930 ineffabilem
1200 1875 1291 1930 Dei
1319 1873 1758 1938 misericordiam,
1786 1884 1841 1928 et
1871 1873 2041 1927 indul-

456 1968 646 2038 gentia:
672 1967 787 2037 ejus
816 1965 1230 2035 magnitudinem
1261 1963 1493 2019 ostendit
1517 1963 1689 2019 nobis.
1719 1962 1853 2030 Quid
1896 1963 2038 2019 enim

456 2060 572 2114 ait?
600 2057 669 2112 Et
695 2058 824 2112 dixit
852 2057 1092 2110 Dominus
1120 2058 1187 2108 ad
1234 2054 1363 2109 Nee.

528 2151 581 2205 á½….
612 2149 744 2203 Vide
770 2163 1028 2203 summam
1058 2147 1370 2202 bonitatem.
1412 2145 1682 2217 Siquidem
1707 2147 1850 2215 justo
1876 2144 2000 2201 huic
2023 2186 2037 2211 ,

458 2244 593 2298 sicut
623 2239 826 2294 amicus
853 2239 1045 2302 amico,
1086 2237 1442 2292 communicat
1467 2251 1584 2292 eam
1628 2251 1838 2306 prunam
1881 2250 2038 2307 quam

460 2333 689 2386 humano
713 2330 894 2400 generi
921 2339 1003 2382 est
1026 2329 1399 2395 intentaturus,
1429 2335 1484 2382 et
1510 2327 1673 2381 dicit:
1707 2327 1790 2381 l3.
1821 2325 2063 2405 Tempus

461 2423 622 2477 onmis
649 2421 864 2474 hominis
892 2419 1023 2473 uertit
1059 2435 1229 2473 ceram
1266 2434 1362 2471 me.
1395 2418 1527 2485 Quia
1552 2419 1760 2488 impleta
1798 2427 1869 2473 est
1909 2427 2043 2472 terra

460 2514 707 2584 injustitia
744 2529 807 2566 ea:
828 2512 949 2566 illis.
985 2511 1051 2565 Et
1094 2527 1205 2565 ecce
1231 2528 1320 2582 ego
1345 2511 1581 2580 disperde
1609 2511 1724 2566 illos
1763 2520 1807 2566 et
1833 2521 2036 2564 terram.

459 2605 595 2671 Quid
623 2612 703 2658 est
727 2645 740 2667 ,
768 2601 988 2673 Tempus
1012 2603 1176 2656 omnis
1197 2601 1413 2655 hominis
1438 2603 1568 2656 venit
1593 2618 1763 2655 coram
1788 2618 1867 2656 me
1884 2603 1909 2655 2
1936 2601 2043 2656 Ma-

461 2714 639 2767 gnam,
674 2696 864 2765 inquit,
903 2695 1111 2750 ostendi
1161 2694 1487 2763 patientiam,
1521 2708 1764 2765 magnam
1811 2694 2041 2749 toleran-

461 2791 604 2854 tiam,
660 2788 846 2842 nolens
894 2787 1033 2841 hanc
1078 2785 1277 2841 inferre
1325 2800 1555 2855 poenam,
1600 2801 1756 2856 quam
1801 2786 2044 2841 illaturus

461 2896 578 2936 sum
610 2897 623 2932 :
655 2878 748 2932 sed
777 2877 899 2947 quia
933 2876 1215 2932 immodica
1247 2886 1584 2946 peccatorum
1628 2879 1834 2932 illorum
1866 2879 2045 2933 multi-

463 2970 588 3025 tudo
613 2969 665 3022 in
696 2969 798 3041 hoc
843 2976 1050 3038 tempus
1077 2982 1171 3022 eos
1199 2966 1439 3032 adduxit,
1489 2968 1646 3022 linem
1677 2968 1742 3022 iis
1769 2969 2045 3037 imponere

462 3068 703 3131 oportet,
752 3057 1095 3127 cxscindique
1131 3057 1345 3112 illorum
1396 3058 1673 3125 malitiam,
1712 3073 1780 3114 ne
1821 3059 2046 3116 ulterius

465 3149 831 3223 progrediatur
856 3164 870 3202 :
894 3147 1116 3217 Tempus
1166 3148 1349 3212 enim,
1399 3147 1587 3218 inquit,
1632 3150 1793 3203 omnis
1833 3150 2047 3205 hominis

467 3245 595 3299 venit
615 3259 785 3297 coram
826 3257 904 3295 me
943 3238 1092 3312 (Gen.
1120 3238 1175 3294 6.
1221 3237 1296 3311 5).
1328 3238 1460 3294 Vide
1489 3248 1542 3294 et
1566 3239 1672 3307 hic,
1699 3240 1966 3311 quomodo
1992 3250 2047 3296 ut

465 3335 709 3404 superius
750 3332 979 3397 dicebat,
1013 3329 1363 3401 Unusquisque
1409 3332 1617 3402 cogitat,
1666 3332 1737 3386 ita
1766 3343 1819 3386 et
1865 3348 2043 3400 nunc,

468 3425 646 3479 Omnis
666 3425 901 3479 hominis.
927 3422 1125 3477 Omnes
1149 3423 1291 3476 enim
1321 3425 1679 3487 consentiunt,
1706 3423 1771 3478 ad
1795 3424 2046 3494 iniqaita-

466 3527 571 3571 tem
599 3515 1016 3585 transfugerunt,
1046 3513 1232 3584 inquit,
1259 3522 1312 3569 et
1338 3515 1389 3568 in
1417 3524 1554 3570 tanta
1579 3515 1913 3570 multitudine
1942 3530 2046 3589 non

468 3609 690 3673 inveniri
734 3616 907 3678 potest
946 3608 1135 3677 aliquis
1154 3648 1168 3674 ,
1199 3607 1284 3663 cui
1314 3608 1523 3662 virtutis
1553 3608 1619 3662 sit
1648 3622 1794 3663 cura.
1833 3607 2049 3677 Tempus

468 3706 630 3767 enim,
660 3702 847 3771 inquit,
879 3700 1042 3755 omnis
1077 3700 1293 3754 hominis
1319 3701 1448 3753 venit
1487 3717 1657 3753 coram
1685 3716 1781 3753 me.
1811 3699 2046 3770 Tempus,

472 3794 571 3848 hoc
591 3802 693 3859 est,
720 3791 934 3847 advenit
961 3801 1166 3861 tempus
1188 3806 1293 3860 quo
1320 3790 1604 3846 secandum
1634 3792 1754 3856 erit,
1783 3799 1837 3845 et
1861 3791 2053 3846 ulceris

472 3887 706 3957 repentis
728 3885 808 3940 vis
830 3882 1236 3954 compescenda.
1256 3881 1474 3952 Tempus
1497 3883 1656 3936 omnis
1684 3882 1898 3936 hominis
1923 3882 2055 3936 venit

471 3994 643 4034 coram
670 3993 749 4030 me
777 3991 795 4029 :
823 3975 972 4047 quasi
1003 3988 1160 4029 nemo
1188 3972 1410 4041 videret,
1438 3973 1806 4042 rationemque
1829 3970 2052 4027 delicto-

475 4083 592 4122 rum
621 4067 688 4121 ab
714 4065 843 4134 ipsis
868 4072 1155 4119 exacturus
1181 4071 1344 4129 esset,
1373 4064 1450 4118 sic
1476 4077 1593 4117 sese
1621 4061 1775 4116 malis
1807 4062 2055 4131 operibus

475 4160 880 4229 manciparent,
927 4172 1031 4213 non
1078 4157 1370 4227 cogitantes
1410 4155 1550 4227 quod
1590 4171 1674 4209 me
1716 4155 1846 4210 nihil
1890 4156 2056 4211 latere

477 4260 655 4323 queat,
701 4251 790 4320 qui
814 4249 976 4304 vitam
1020 4249 1355 4319 animamque
1397 4255 1451 4303 et
1476 4261 1668 4316 corpus
1695 4246 1837 4309 dedi,
1877 4255 2058 4316 totque

479 4346 614 4400 bona
643 4342 990 4413 suppeditavi.
1023 4339 1244 4411 Tempus
1288 4340 1445 4411 igitur
1478 4339 1638 4394 omnis
1678 4339 1894 4393 hominis
1931 4340 2058 4393 venit

454 4431 646 4489 'coram
674 4450 769 4487 me.
808 4433 936 4488 Dein
963 4432 1110 4502 quasi
1140 4430 1524 4497 satisfacturos,
1551 4416 1917 4500 rationemque
1941 4430 2063 4485 red-

480 4527 688 4581 diturus
721 4526 886 4595 justo,
928 4522 1197 4595 quomodo
1234 4523 1399 4578 nimia
1448 4530 1782 4591 peccatorum
1808 4522 2062 4593 gravitate

480 4634 545 4674 ac
573 4616 912 4674 multitudine
954 4631 1013 4672 se
1043 4616 1109 4671 ad
1137 4623 1336 4670 tantam
1361 4615 1773 4683 indignationem
1803 4629 2061 4683 provoca-

483 4712 610 4776 rint,
638 4711 710 4765 ait
741 4728 754 4765 :
788 4710 919 4777 Quia
941 4708 1152 4780 impleta
1176 4719 1247 4762 est
1272 4718 1404 4763 terra
1426 4708 1670 4779 injustitia
1699 4723 1761 4761 ea:
1779 4706 1898 4761 illis.
1928 4706 2063 4762 Num

488 4802 895 4870 prcctermissum
923 4799 1242 4870 estaliquid,
1267 4798 1455 4868 inquit,
1480 4798 1545 4851 ab
1568 4800 1663 4860 eis,
1689 4797 1828 4866 quod
1853 4797 1917 4851 ad
1941 4812 2065 4867 pec-

486 4901 660 4947 catum
688 4891 962 4946 tenderet?
983 4891 1204 4945 Tantam
1225 4890 1438 4944 malitia:
1460 4889 1869 4959 magnitudinem
1887 4888 2069 4945 videre

487 4982 633 5049 licet,
663 4991 720 5036 ut
743 4990 796 5037 et
820 4983 1159 5050 supercfï¬‚uat
1197 4991 1252 5037 et
1279 4981 1529 5047 exundet,
1561 4991 1830 5051 totamque
1876 4992 2066 5038 terram

489 5073 708 5144 impleat
732 5088 744 5124 :
770 5079 1045 5140 propterea
1066 5081 1120 5126 et
1141 5071 1259 5126 illos
1282 5069 1550 5141 disperde,
1577 5079 1632 5125 et
1658 5080 1850 5125 terram
1878 5070 2043 5140 ipsam

491 5166 644 5233 Ecce,
671 5167 862 5235 inquit,
894 5179 983 5234 ego
1006 5163 1242 5233 disperde
1271 5163 1387 5218 illos
1410 5172 1454 5217 et
1482 5173 1686 5216 terram.
1716 5162 1829 5231 Qua
1868 5162 2072 5231 priores

490 5258 590 5328 ipsi
622 5256 776 5311 malis
803 5253 914 5308 suis
938 5253 1187 5323 operibus
1212 5254 1416 5323 seipsos
1444 5260 1800 5323 corruperunt
1828 5271 1840 5307 :
1874 5251 2074 5307 idcirco

490 5338 791 5420 generalem
838 5343 1109 5398 interitum
1159 5343 1424 5406 inducam,
1468 5343 1761 5413 deleboque
1795 5343 1938 5411 ipsos
1979 5356 2072 5411 pa.

491 5439 622 5494 riter
648 5447 807 5507 atque
832 5445 1047 5501 terram,
1072 5444 1128 5489 ut
1150 5434 1515 5505 purgationem
1544 5433 1766 5502 accipiat
1788 5441 1946 5499 terra,
1972 5440 2025 5487 et
2044 5447 2073 5484 a

493 5538 568 5584 tot
599 5539 932 5599 peccatorum
980 5527 1200 5582 maculis
1236 5526 1574 5581 cmundetur.
1620 5521 1822 5594 Cogita,
1850 5536 2032 5593 quaeso
2058 5563 2072 5589 ,

495 5618 634 5689 quali
670 5625 798 5674 tunc
823 5616 989 5673 fuisse
1030 5617 1210 5672 animo
1233 5614 1432 5686 justum
1462 5603 1619 5669 istum
1663 5612 1947 5669 verisimile
1972 5620 2072 5675 est,

493 5720 618 5762 cum
645 5709 757 5764 lucc
780 5724 809 5764 a
840 5708 1062 5765 Domino
1098 5706 1337 5764 audiret?
1365 5705 1497 5762 Nam
1540 5705 1661 5762 licet
1686 5705 1866 5761 multa:
1905 5702 2075 5759 virtu-

1555 298 1623 355 Î™Î
1658 297 1811 356 CAP.
1853 294 1941 351 VI.
1983 295 2227 354 GENES.
2272 296 2502 354 IIOMIL.
2545 298 2736 356 XXIV.

3631 314 3755 368 2m.

2156 411 2221 464 tis
2249 411 2349 465 sibi
2379 411 2621 467 COIISCillI
2646 422 2820 480 esset,
2854 430 2956 469 non
2978 427 3156 473 tamen
3188 418 3393 489 absque
3412 423 3599 480 dolore
3620 446 3734 500 qua:

2141 501 2450 591 dicebantur
2486 507 2708 573 accepit.
2758 505 2837 561 Ad
2862 507 3197 565 dilectionem
3243 516 3383 567 enim
3414 531 3737 587 propensum

2141 602 2222 646 est
2267 596 2528 661 justornm
2557 610 2723 665 genus
2744 637 2759 663 ,
2787 608 2841 652 et
2868 615 2961 667 pro
2984 598 3210 655 aliorum
3247 605 3557 676 salutejusti
3585 628 3733 681 qua:-

2140 697 2245 749 quc
2267 682 2493 737 libenter
2538 686 2752 740 ferenda
2780 689 3132 759 susciperent.
3183 694 3300 760 Quo
3364 697 3519 768 igitur
3543 701 3734 759 afl'cctu

2144 771 2303 829 fuisse
2346 776 2634 832 verisimile
2680 789 2761 832 est
2793 781 3050 836 eximium
3097 784 3240 839 illum
3284 788 3491 857 virum,
3541 796 3734 849 cumin

2160 880 2337 922 men'e
2365 882 2458 921 sua
2485 870 2719 924 onmimn
2748 871 3015 927 interitum
3060 885 3114 929 et
3148 877 3307 933 totius
3332 889 3535 937 naturae
3556 887 3728 954 perni-

2142 956 2276 1011 ciem
2322 969 2588 1025 versaret,
2634 970 2689 1016 et
2727 962 2963 1017 fortassis
3003 979 3099 1020 nec
3147 967 3246 1021 sibi
3301 969 3399 1038 ipsi
3443 971 3732 1041 jucundum

2141 1047 2408 1116 quidpiam
2438 1049 2810 1119 polliceretur?
2831 1053 3072 1109 Nondum
3103 1058 3243 1111 enim
3269 1059 3518 1129 quiddam
3547 1063 3612 1117 de
3634 1066 3749 1121 hac.

2143 1155 2200 1194 re
2219 1150 2545 1210 compertum
2569 1142 2819 1199 habebat.
2834 1145 2898 1200 Ut
2912 1146 3068 1217 igitur
3089 1157 3266 1204 mente
3282 1166 3386 1205 non
3414 1153 3733 1221 turbaretur,

2143 1230 2233 1287 sed
2258 1249 2470 1302 parvam
2493 1234 2774 1304 quamdam
2800 1239 3213 1294 consolationem
3236 1240 3287 1296 in
3316 1251 3456 1298 tanta
3490 1248 3735 1302 mteroris

2141 1324 2502 1392 magnitudine
2541 1326 2784 1396 accipere
2830 1338 3045 1396 posset,
3087 1340 3363 1402 postquam
3411 1334 3734 1391 docuit-eum

2141 1414 2354 1468 malitiae
2384 1416 2591 1471 illorum
2616 1419 2947 1487 gravitatem,
2969 1435 3031 1475 ac
3061 1429 3267 1492 tempus
3303 1439 3515 1495 urgere,
3540 1436 3735 1497 utproâ€”

2142 1504 2301 1560 fumla
2332 1506 2406 1562 illi
2448 1510 2686 1565 sectione
2710 1510 3040 1580 incidantur,
3066 1513 3191 1569 dicit
3231 1516 3279 1571 ei
3315 1533 3327 1569 :
3358 1516 3480 1574 Illos
3522 1518 3735 1588 quidem

2140 1599 2437 1653 communis
2466 1600 2726 1668 pernicies
2746 1601 2971 1673 excipiet
3002 1623 3015 1658 :
3047 1606 3131 1660 14.
3160 1605 3234 1660 Tu
3273 1624 3387 1663 vero
3410 1610 3494 1679 [ac
3514 1611 3601 1666 tibi
3637 1611 3740 1681 ipsi

2140 1704 2331 1741 arcam.
2357 1688 2492 1757 Quid
2531 1700 2631 1758 est,
2660 1690 2735 1745 Tu
2754 1709 2869 1748 vero
2884 1695 2910 1749 ?
2928 1696 3058 1762 Quia
3083 1712 3185 1751 non
3211 1702 3610 1756 communicasti
3638 1719 3732 1757 eo-

2141 1793 2257 1832 rum
2275 1779 2542 1848 nequitite,
2565 1781 2656 1834 sed
2674 1798 2885 1837 omnem
2909 1785 2962 1838 in
2977 1786 3253 1842 virtutibus
3274 1789 3432 1843 vitam
3454 1792 3697 1862 peregisti
3720 1809 3751 1844 :-

2144 1869 2262 1925 ideo
2306 1870 2399 1925 tibi
2438 1870 2674 1942 impero,
2700 1882 2757 1928 ut
2797 1883 3038 1930 exstruas
3079 1893 3255 1932 arcam
3305 1878 3385 1934 Ea:
3420 1881 3570 1952 lignis
3605 1899 3730 1953 qua-

2143 1961 2299 2015 dratis
2344 1962 2665 2034 incorruptis.
2715 1962 3098 2023 Mansiunculas
3131 1984 3220 2039 per
3271 1986 3443 2023 aream
3485 1971 3663 2041 facies,
3690 1982 3733 2028 et

2142 2051 2415 2123 glutinabis
2455 2055 2754 2110 intrinsecus
2803 2065 2851 2110 et
2889 2058 3193 2115 extrinsecus
3236 2076 3346 2114 eam
3381 2062 3731 2119 bitumine.f5.

2144 2145 2227 2200 Sit
2245 2155 2412 2200 autem
2436 2156 2767 2203 trecentorum
2789 2150 3066 2205 cubitorum
3090 2152 3351 2222 longitudo
3370 2193 3384 2219 ,
3422 2165 3467 2208 et
3488 2156 3734 2225 quinqua-

2141 2236 2283 2307 ginta
2320 2238 2534 2291 latitudo
2553 2279 2568 2305 ,
2596 2249 2640 2293 et
2670 2241 2876 2311 triginta
2897 2243 3176 2296 cubitorum
3204 2244 3437 2298 altitudo.
3471 2248 3555 2302 lli.
3575 2246 3734 2301 Colli-

2143 2345 2264 2399 gens
2299 2330 2452 2399 facies
2474 2347 2666 2397 arcam,
2682 2342 2728 2386 et
2746 2334 2798 2386 in
2831 2334 3049 2388 cubitum
3075 2338 3440 2391 consummabis
3462 2340 3570 2408 ejus
3589 2356 3727 2397 ston-

2145 2421 2365 2475 mitatem
2387 2438 2407 2487 ;
2433 2423 2648 2494 januam
2670 2434 2834 2479 autem
2855 2425 3010 2494 facirs
3046 2444 3077 2481 a
3103 2429 3254 2482 latere
3276 2471 3290 2495 ,
3320 2429 3563 2485 cubiculis
3599 2430 3737 2485 bica-

2144 2513 2364 2578 merulis,
2400 2515 2810 2571 et.tricameratis
2851 2518 3006 2587 facies
3052 2535 3180 2572 eam.
3227 2520 3514 2576 Considera
3563 2522 3736 2577 indul-

2142 2605 2377 2675 gentiam
2408 2606 2533 2674 Dei,
2563 2615 2617 2662 ct
2662 2607 2984 2663 ineffabilem
3024 2611 3269 2667 virtutem
3297 2611 3740 2666 misericordiam-

2144 2711 2249 2767 que
2276 2710 2489 2751 omnem
2515 2696 2771 2752 rationem
2799 2706 2985 2754 transe.
3010 2699 3080 2755 nd
3116 2709 3280 2755 ntem.
3309 2700 3477 2756 Simul
3505 2701 3737 2757 declarat

2145 2796 2200 2843 et
2228 2803 2377 2842 suam
2417 2802 2540 2858 erga
2564 2787 2764 2857 justum
2786 2790 3196 2858 proviJentiam,
3227 2801 3283 2846 ut
3311 2782 3528 2848 fabricet
3561 2810 3737 2849 arcam

2147 2878 2220 2933 illi
2248 2879 2513 2949 imperans
2544 2895 2560 2933 :
2592 2879 2951 2949 ordinansme
2996 2881 3203 2936 interim
3246 2882 3534 2938 modmnin
3578 2900 3739 2954 quem

2145 2971 2500 3026 construenda
2520 3012 2534 3035 ,
2555 2986 2746 3041 nempe
2777 2973 2825 3026 in
2855 2988 3012 3042 quam
3058 2975 3436 3044 longitudinem
3459 3018 3472 3038 ,
3504 2976 3740 3033 latitudi-

2148 3074 2269 3115 nem
2309 3069 2362 3113 (Î¹Î¹
2389 3060 2799 3129 sublimitatem,
2828 3072 2879 3117 et
2906 3063 3186 3117 maximam
3228 3065 3274 3118 ei
3323 3065 3740 3122 consolationem

2148 3150 2300 3206 alfert
2316 3192 2329 3215 ,
2346 3165 2494 3221 spem
2507 3152 2693 3208 Salutis
2713 3167 2806 3222 per
2820 3168 2954 3207 Ï€Î¿Î±Ï„
2971 3154 3413 3209 comtructionem
3433 3156 3737 3219 ostendens.

2149 3240 2268 3296 illos
2295 3256 2503 3312 quoque
2527 3242 2614 3312 qui
2644 3250 2747 3295 tam
2765 3244 2995 3312 graviter
3031 3244 3363 3312 peccaverint
3402 3245 3742 3301 fabricatione

2144 3348 2285 3388 arca:
2323 3332 2594 3388 admoneri
2646 3334 2863 3400 volens,
2897 3344 2952 3389 ut
2989 3350 3169 3390 secum
3212 3338 3643 3407 cogitarettlâ€˜quzc
3670 3336 3743 3392 fc-

2149 3425 2382 3488 cisseut,
2423 3425 2888 3495 resipisccndoque
2930 3427 3344 3497 indignationem
3384 3444 3488 3483 non
3525 3431 3742 3499 experi-

2150 3524 2353 3571 rentur.
2380 3515 2561 3584 Neque
2589 3518 2729 3570 enim
2756 3532 2971 3586 parvum
3003 3517 3107 3573 illis
3145 3519 3548 3588 tempusdenuo
3563 3520 3627 3575 ad
3654 3536 3742 3575 re-

2151 3605 2506 3674 sipiscentiam
2533 3620 2844 3661 ctmccssum
2869 3617 2950 3662 cst
2979 3622 3071 3676 per
3094 3623 3230 3663 arcte
3255 3611 3700 3664 constructionem
3728 3629 3740 3664 :

2152 3696 2246 3751 scd
2285 3697 2441 3766 plane
2473 3697 2695 3751 multmn
2731 3708 2785 3753 et
2828 3698 3095 3754 sufficiens
3133 3697 3345 3766 fuisset,
3374 3701 3472 3754 nisi
3498 3702 3632 3755 adeo
3661 3703 3743 3756 iu.-

2152 3789 2285 3858 grati
2317 3786 2537 3841 fuissent
2562 3798 2615 3843 et
2657 3789 2850 3858 stupidi
2873 3791 2938 3842 ad
2968 3799 3263 3846 erratorum
3299 3791 3740 3846 etttendationetn.

2155 3878 2257 3933 Par
2272 3877 2412 3933 enim
2440 3887 2580 3943 erat,
2601 3879 2835 3946 singulos
2864 3895 3046 3934 eorum
3091 3894 3211 3934 cum
3242 3879 3481 3934 viderent
3514 3881 3737 3950 jlhlllm,

2154 3969 2244 4039 qui
2284 3968 2636 4023 fabricabatur
2651 3982 2826 4022 arcam
2852 4010 2867 4034 ,
2898 3985 3111 4024 causam
3128 3972 3533 4025 construrt'oais
3558 3971 3745 4025 scisci-

2158 4069 2294 4116 tatos
2339 4077 2491 4126 esse,
2521 4069 2576 4116 et
2607 4062 2816 4132 cognita
2867 4061 3043 4116 divina
3089 4063 3480 4133 indignatione,
3510 4063 3633 4118 inde
3681 4064 3746 4118 ad

2156 4166 2371 4208 sensum
2409 4161 2741 4221 peccatorum
2780 4167 2995 4206 suorum
3020 4153 3231 4217 venire,
3260 4152 3305 4206 si
3325 4153 3539 4222 quidem
3556 4153 3750 4208 voluis-

2159 4256 2296 4301 sent.
2337 4244 2534 4300 Verum
2577 4244 2692 4299 bazc
2731 4243 2839 4298 illis
2876 4244 3074 4297 nullam
3103 4243 3386 4298 utilitatem
3433 4244 3746 4308 attulerunt,

2161 4353 2266 4392 non
2292 4337 2414 4407 quia
2443 4352 2546 4390 non
2578 4344 2882 4407 potuerunt,
2910 4332 3005 4389 sed
3025 4334 3146 4403 quia
3173 4334 3477 4389 noluerunt.

2232 4422 2286 4476 4.
2318 4420 2452 4474 Deus
2468 4420 2734 4474 consilium
2754 4435 2897 4472 suum
2934 4418 3045 4472 Noe
3062 4418 3417 4471 communicet.
3451 4416 3554 4471 Cur
3570 4415 3748 4471 Enoch

2164 4513 2437 4569 trmtslatus
2462 4513 2631 4583 fuerit.
2656 4510 2798 4567 Solet
2819 4508 2954 4564 Deus
2984 4518 3184 4578 propter
3195 4510 3363 4582 justas
3385 4525 3582 4563 servare
3601 4507 3747 4563 alios.

2162 4635 2236 4646 â€”
2264 4604 2425 4675 Igitur
2449 4611 2722 4674 postquam
2749 4602 2817 4657 de
2846 4600 3196 4656 construenda
3221 4615 3341 4655 arca
3377 4601 3522 4670 justo
3548 4616 3752 4670 prtece-

2166 4698 2279 4767 pit,
2319 4694 2670 4749 communicat
2697 4703 2747 4747 et
2775 4702 2954 4747 narrat
2980 4692 3029 4746 ei
3070 4692 3227 4745 etiam
3281 4706 3451 4760 poenze
3490 4692 3721 4760 speciem

2167 4801 2323 4856 quam
2354 4785 2594 4839 illaturus
2614 4792 2729 4839 erat
2751 4823 2767 4849 ,
2793 4791 2847 4836 et
2889 4783 3017 4837 dicit
3047 4800 3060 4836 :
3088 4781 3167 4835 'lâ€˜u
3196 4781 3407 4850 quidem
3434 4779 3568 4834 hanc
3591 4794 3753 4849 para,

2169 4877 2304 4932 sicut
2333 4875 2557 4945 pra-cepi
2582 4892 2595 4927 :
2625 4889 2725 4943 ego
2753 4882 2967 4938 autem,
3010 4873 3098 4927 ubi
3129 4882 3183 4926 tu
3210 4870 3489 4926 :cdiiicium
3520 4872 3755 4941 comple-

2170 4967 2308 5023 veris
2332 5007 2347 5033 ,
2377 4967 2535 5021 etiam
2566 4981 2626 5019 ca
2658 4980 2776 5034 quae
2801 4964 2867 5018 ad
2898 4971 2949 5018 te
2977 4962 3201 5016 attinent
3227 4964 3279 5016 in
3321 4969 3433 5016 tuto
3457 4962 3751 5019 collocabo.

2174 5061 2261 5115 l7.
2285 5058 2395 5130 Ego
2419 5068 2584 5112 autent
2607 5099 2621 5121 ,
2649 5057 2813 5126 inquit
2831 5097 2845 5122 ,
2870 5054 3107 5108 inducam
3138 5053 3383 5108 diluvium
3407 5095 3422 5120 ,
3447 5071 3630 5124 aquam
3667 5073 3754 5109 su-

2174 5168 2261 5222 per
2275 5161 2479 5214 terrant,
2498 5159 2549 5202 ut
2566 5157 2851 5217 corrumpat
2868 5161 3065 5200 omnem
3083 5160 3303 5209 carnem,
3322 5144 3375 5198 in
3394 5161 3493 5217 qua
3514 5154 3587 5199 est
3601 5146 3759 5216 spiri-

2175 5253 2254 5297 tus
2269 5243 2383 5296 vittv
2400 5239 2568 5294 subter
2586 5239 2784 5302 cretum,
2803 5246 2850 5291 et
2868 5251 3190 5307 quietumque
3209 5235 3396 5306 fuerint
3411 5251 3562 5307 super
3577 5245 3762 5291 terram

2173 5332 2468 5388 morientur.
2500 5327 2632 5383 Vide
2646 5326 2996 5403 quomodo,et
3023 5341 3115 5395 per
3155 5325 3324 5381 minas
3352 5324 3581 5381 ostendit
3604 5340 3763 5395 quam

2174 5423 2356 5495 gravia
2376 5421 2449 5475 illi
2475 5419 2827 5489 peccaverint,
2847 5425 2902 5473 et
2922 5418 3092 5487 inquit
3118 5434 3131 5472 :
3157 5416 3361 5472 Etenim
3384 5416 3624 5471 eamdem
3654 5430 3764 5485 pce-

2179 5530 2300 5570 nam
2343 5512 2587 5568 inducam
2620 5519 2724 5564 tam
2766 5509 3151 5574 rationalibus,
3197 5523 3354 5578 quam
3400 5505 3621 5562 rationis
3672 5519 3762 5559 ex.

2182 5603 2434 5676 pertibus.
2463 5601 2594 5669 Quia
2621 5601 2764 5655 enim
2808 5599 3158 5671 principatum
3188 5614 3345 5654 suum
3388 5597 3727 5667 prodiderunt
3749 5636 3763 5660 ,

2185 5709 2237 5755 et
2259 5699 2312 5754 in
2346 5695 2620 5752 brutorum
2662 5693 2909 5750 ferociam
2948 5692 3312 5758 declinarunt,
3339 5690 3490 5758 nulla
3526 5691 3625 5745 erit
3656 5705 3766 5760 pa;-
