4066 6140
371 321 468 379 2H

359 452 547 492 narum
575 434 888 492 differentia.
929 435 1176 488 Iudaeam
1215 434 1356 488 enim
1380 433 1625 488 diluvium
1663 447 1842 500 aqttce,
1881 437 1932 483 ut

361 537 649 592 corrumpat
668 541 862 579 onmem
889 540 1086 577 cernens
1107 564 1123 590 ,
1144 523 1198 576 in
1216 539 1316 592 qua
1340 531 1412 576 est
1431 523 1637 592 spiritus
1658 522 1771 574 vitae
1789 536 1940 588 super

358 616 553 670 cretum.
585 616 647 669 Et
679 615 914 684 jnmenta
939 657 954 679 ,
988 614 1190 683 inquit,
1227 622 1280 667 et
1322 613 1548 668 volatilia
1575 655 1587 672 .
1616 621 1670 668 et
1693 612 1822 666 fera:
1847 652 1859 675 ,
1887 619 1939 664 et

359 704 741 774 quadrupedis,
774 715 827 760 et
869 720 1212 775 qumcumquc
1253 704 1351 758 sub
1379 705 1516 760 caelo
1556 713 1710 767 sunt,
1749 718 1940 758 consu-

361 806 588 852 mentur.
623 795 687 850 Et
723 804 779 850 ut
818 797 991 850 discas
1022 795 1151 850 nihil
1195 797 1437 850 relictum
1485 796 1584 860 iri,
1637 795 1842 862 inquit:
1872 790 1940 845 Et

358 902 677 956 glaucumque
701 896 816 940 sunt
837 904 989 958 super
1013 897 1196 940 terram
1219 930 1233 947 ,
1266 889 1558 940 morientur.
1591 884 1719 938 Nam
1754 882 1938 952 purili-

356 977 560 1033 catione
590 979 732 1032 orbis
758 993 889 1048 opus
921 979 1117 1044 habet,
1156 977 1247 1033 sed
1295 977 1394 1032 hac
1425 987 1474 1030 te
1499 992 1601 1030 non
1622 973 1904 1030 conturbet
1924 1014 1938 1039 ,

357 1081 531 1138 neque
558 1078 785 1122 mentem
818 1077 960 1122 tuam
985 1067 1288 1122 confundat.
1317 1067 1446 1122 Nam
1467 1067 1586 1136 quia
1615 1065 1769 1120 video
1800 1064 1942 1118 ulce-

361 1172 417 1209 ra
445 1172 654 1221 eorum_
678 1159 983 1213 incurabilia
1010 1201 1024 1224 ,
1071 1158 1259 1212 sistere
1288 1158 1407 1212 volo
1451 1157 1665 1210 malitim
1710 1155 1902 1209 fluenta
1923 1197 1938 1220 ,

360 1255 416 1302 ut
444 1263 510 1303 ne
532 1249 859 1317 gravioribus
883 1250 1054 1319 poenis
1093 1247 1352 1303 obnoxios
1379 1262 1437 1302 se
1487 1246 1695 1302 faciant.
1747 1245 1942 1301 Idcirco

355 1341 517 1396 etiam
563 1357 703 1397 nunc
730 1358 824 1412 pro
866 1343 1018 1396 solita
1059 1357 1176 1395 mea
1213 1341 1490 1396 clementia
1531 1339 1940 1409 indignationem

363 1432 592 1484 bonitate
612 1441 910 1502 temperans
929 1473 943 1493 .
973 1433 1130 1486 talem
1153 1447 1362 1501 pmuam
1385 1432 1552 1486 infero
1572 1445 1689 1500 qua:
1709 1431 1824 1485 sine
1843 1429 1942 1484 do-

363 1521 475 1576 lore
504 1523 605 1586 sit,
637 1530 690 1576 et
720 1538 822 1576 non
854 1524 1132 1578 sentiatur.
1161 1522 1342 1591 Neque
1368 1523 1507 1577 enim
1538 1522 1604 1576 ad
1633 1521 1944 1591 magnitudi-

363 1625 483 1664 nem
513 1621 844 1680 peccatorum
874 1613 952 1665 vel
983 1612 1047 1666 ad
1080 1613 1264 1666 merita
1292 1627 1473 1666 eorum
1505 1613 1825 1681 respiciens,
1849 1609 1943 1665 sed

363 1700 654 1767 put-videns
694 1701 864 1756 futura
887 1744 900 1766 ,
929 1713 979 1756 et
1020 1701 1114 1754 bos
1153 1703 1460 1772 congruenti
1492 1717 1645 1770 pmna
1675 1702 1903 1770 plectere
1925 1742 1939 1765 ,

359 1801 413 1844 et
433 1800 674 1860 posteros
719 1794 785 1847 ab
828 1791 1125 1862 lmjusmodi
1177 1793 1406 1861 pernicie
1447 1793 1669 1846 liberare
1699 1793 1836 1846 volo.
1868 1792 1946 1847 Ne

361 1882 517 1950 igitur
558 1893 778 1938 moestus
812 1883 919 1950 sis,
952 1899 1085 1938 neve
1129 1883 1354 1938 turberis
1389 1884 1502 1939 haec
1545 1885 1782 1939 audiens.
1813 1884 1944 1939 Nam

360 1973 458 2026 etsi
499 1973 573 2027 illi
613 1973 822 2043 dignam
877 1976 1107 2044 peccatis
1137 1976 1246 2029 suis
1283 1991 1488 2043 poenam
1523 1977 1700 2039 luent,
1728 1975 1820 2030 sed
1856 1975 1940 2030 18.

363 2062 592 2117 Statuam
633 2074 976 2120 testamentum
1009 2084 1170 2121 meum
1219 2079 1399 2121 tecum.
1451 2068 1712 2134 Quoniam
1761 2083 1948 2123 omnes

365 2154 565 2222 priores
596 2157 838 2226 indignos
873 2172 992 2212 sese
1020 2160 1375 2226 przestiterunt
1396 2201 1410 2224 ,
1438 2174 1608 2226 neque
1635 2158 1703 2212 de
1731 2157 1947 2211 manda-

365 2247 429 2303 tis
459 2249 591 2302 meis
634 2250 770 2304 bene
797 2259 1123 2317 senserunt,
1165 2260 1333 2304 tecum
1366 2251 1581 2319 posthac
1605 2259 1831 2304 statuam
1867 2259 1947 2303 te-

368 2347 682 2394 stamentum
699 2356 894 2396 meum.
919 2341 1124 2395 Etenim
1141 2341 1516 2410 protoplastus,
1541 2351 1660 2412 post
1683 2351 1754 2396 tot
1780 2342 1948 2396 bene-

369 2428 484 2482 ficia
527 2428 889 2498 deceptionem
923 2445 1106 2499 passus
1131 2473 1142 2492 ,
1171 2431 1414 2485 mandata
1442 2447 1556 2485 mea
1587 2439 1950 2502 transgressus

365 2529 448 2574 est
475 2537 488 2573 :
519 2531 571 2574 et
591 2522 677 2589 qui
700 2535 765 2575 ex
790 2521 881 2574 illo
911 2530 1061 2574 natus
1081 2531 1181 2586 est,
1213 2523 1324 2590 ipse
1347 2522 1399 2575 in
1426 2521 1561 2576 idem
1590 2522 1802 2576 malitia:
1830 2537 1946 2590 pro-

368 2609 584 2665 fundum
616 2612 827 2677 incidit;
861 2613 1000 2667 unde
1026 2622 1076 2666 et
1102 2611 1404 2667 continuam
1435 2629 1555 2667 cum
1580 2614 1952 2670 maledictione

369 2715 577 2766 poenam
614 2701 835 2772 accepit.
886 2701 1076 2756 Verum
1128 2718 1299 2773 neque
1347 2703 1487 2758 illius
1533 2706 1704 2774 poenis
1755 2709 1948 2774 posteri

365 2793 750 2848 OttlcntlttllOI'eS
794 2793 913 2849 facti
956 2804 1110 2860 sunt,
1138 2795 1230 2850 sed
1269 2795 1404 2850 mala
1433 2811 1528 2851 sua
1574 2797 1642 2850 ita
1671 2811 1951 2853 coacerva-

369 2892 486 2935 runt
546 2923 560 2946 ,
593 2892 651 2936 ut
697 2890 752 2937 et
788 2883 1122 2953 genealogias
1158 2885 1388 2954 ipsorum
1417 2885 1781 2954 reprobarem.
1817 2887 1953 2942 Sane

368 2982 480 3040 post
507 2973 620 3028 haec
649 2982 705 3028 ut
731 2974 907 3028 inveni
944 2975 1124 3030 Enoch
1147 3017 1160 3041 ,
1189 2977 1277 3044 qui
1308 2976 1515 3031 virtutis
1537 2977 1815 3046 imaginem
1835 2992 1952 3031 ser-

365 3067 534 3130 vavit,
583 3067 703 3136 quia
741 3065 892 3120 valde
927 3065 1056 3120 mihi
1096 3081 1249 3120 carus
1272 3065 1402 3132 fuit,
1425 3082 1545 3122 eum
1578 3069 1750 3122 vivum
1785 3076 1956 3122 transâ€”

370 3158 502 3225 tuli,
551 3167 851 3212 monstrans
871 3157 1116 3212 omnibus
1163 3157 1372 3212 virtutis
1397 3158 1688 3212 cultoribus
1730 3169 1953 3227 quantas

372 3249 644 3305 mercedes
667 3259 721 3303 et
741 3249 1113 3303 retributiones
1149 3248 1527 3317 adipiscantur,
1571 3259 1624 3302 et
1651 3249 1868 3316 cupiens
1899 3258 1955 3302 ut

365 3340 540 3395 caeteri
592 3339 732 3393 illius
760 3339 1052 3392 imitatores
1081 3341 1298 3404 tierent,
1329 3337 1673 3408 eamdemque
1701 3339 1834 3392 viam
1878 3338 1958 3392 in.

366 3429 730 3499 grederentur.
759 3425 1018 3482 Cmterum
1042 3429 1196 3498 quia,
1228 3429 1345 3482 aliis
1376 3428 1618 3483 omnibus
1641 3437 1819 3497 postea
1846 3443 1956 3482 ma-

372 3522 535 3575 litiam
581 3521 938 3587 sectantibus,
969 3530 1018 3574 te
1043 3521 1212 3574 solum
1250 3521 1426 3574 inveni
1459 3520 1510 3574 in
1543 3529 1680 3575 tanta
1728 3521 1963 3575 multitu-

373 3615 532 3676 dine,
590 3614 674 3683 qui
702 3613 853 3684 primi
908 3612 1140 3680 parentis
1181 3614 1650 3682 transgressionem
1706 3627 1956 3666 revocare

367 3705 576 3774 possis,
638 3715 808 3757 tecum
860 3712 1083 3756 statuam
1145 3709 1514 3757 testamentum
1568 3717 1763 3755 meum.
1823 3701 1953 3754 Nam

376 3803 523 3852 home
552 3807 652 3851 tua:
673 3797 792 3851 vitae
813 3811 970 3865 opera
993 3796 1266 3850 declarant
1288 3795 1497 3848 fidelem
1523 3805 1570 3848 te
1591 3795 1640 3847 in
1664 3793 1956 3862 suscipien-

367 3893 446 3946 dis
493 3891 751 3944 mandatis
779 3892 930 3946 meis.
965 3890 1196 3958 Denique
1227 3903 1292 3942 ne
1331 3888 1502 3943 adlmc
1528 3888 1699 3955 justus
1729 3885 1840 3940 lucc
1865 3901 1958 3940 au-

372 3984 522 4038 diens
550 3990 770 4038 maereat
789 4023 804 4046 ,
834 3983 980 4050 quasi
1009 3978 1601 4049 solusipscldierandus
1627 3977 1696 4030 sit
1721 4019 1734 4040 ,
1765 3977 1953 4029 iterum

369 4075 728 4130 consolatione
777 4088 896 4125 eum
919 4112 933 4137 ,
965 4081 1022 4123 ut
1047 4071 1254 4131 dicam,
1303 4069 1610 4122 demulcens
1629 4107 1642 4129 ,
1672 4065 1836 4120 dicit:
1866 4063 1958 4116 ln-

368 4169 604 4238 grcdieris
634 4176 799 4220 autent
823 4166 875 4218 in
912 4179 1082 4216 arcam
1110 4172 1193 4227 tu,
1225 4170 1271 4215 et
1291 4160 1385 4229 ï¬lii
1426 4159 1495 4212 tui
1521 4198 1534 4220 ,
1558 4167 1604 4210 et
1634 4173 1761 4210 uxor
1784 4167 1890 4220 tua,
1913 4165 1958 4208 et

369 4277 552 4314 uxores
578 4259 798 4324 ï¬liorum
837 4265 1055 4308 tuorum.
1088 4253 1216 4307 Nam
1270 4253 1412 4306 licet-
1437 4250 1658 4304 multum
1685 4263 1713 4301 a
1765 4248 1958 4300 virtute

369 4352 496 4417 justi
525 4350 663 4403 illius
687 4346 981 4408 abluet-int,
1009 4344 1165 4397 alieni
1192 4351 1365 4397 mineo
1393 4349 1544 4397 erant
1573 4357 1598 4392 a
1630 4339 1958 4410 gravioribus

372 4443 582 4497 illorum
631 4437 879 4508 peccatis.
920 4433 1067 4490 Alias
1090 4449 1298 4503 quoque
1321 4433 1390 4486 ob
1417 4431 1550 4487 duas
1586 4431 1742 4485 hasce
1773 4445 1960 4484 causas

371 4532 542 4588 salute
583 4529 732 4600 potiti
759 4537 900 4582 sunt.
931 4527 1080 4592 Una,
1105 4526 1156 4579 in
1185 4525 1440 4580 honorem
1465 4523 1612 4593 justi.
1645 4522 1792 4577 Solet
1817 4521 1957 4575 enim

372 4625 606 4679 clemens
645 4621 782 4675 Dens
809 4618 1063 4673 honorem
1093 4617 1234 4672 hunc
1273 4617 1400 4670 dare
1425 4616 1592 4670 servis
1617 4615 1725 4668 suis
1745 4655 1758 4678 ,
1785 4623 1840 4667 ut
1863 4627 1955 4667 eoâ€”

374 4729 490 4768 rum
517 4711 685 4783 gratia
713 4705 768 4765 et
805 4707 894 4762 alii
921 4707 1142 4762 salutem
1192 4706 1581 4760 naneiscantur.
1617 4703 1673 4757 ld
1717 4703 1855 4772 quod
1908 4713 1962 4758 et

376 4807 530 4860 beato
573 4801 735 4857 Paulo
773 4812 1084 4855 concessum
1111 4805 1222 4862 est,
1266 4796 1518 4864 magistro
1548 4794 1624 4846 illi
1671 4793 1842 4858 orbis,
1873 4793 1960 4862 qui

375 4899 570 4968 ubique
594 4911 704 4950 suae
729 4892 982 4949 doctrina:
1007 4889 1182 4943 radios
1209 4887 1509 4945 emittebat.
1528 4886 1970 4955 Quandoquidem

373 5005 494 5046 cum
538 4988 627 5043 ille
652 4986 873 5040 Romam
904 4981 1215 5051 navigaret,
1245 4989 1356 5030 orta
1401 4979 1450 5030 in
1492 4976 1621 5029 mari
1654 4983 1964 5044 tempestate

377 5091 563 5149 magna
583 5119 599 5143 ,
629 5077 698 5131 ita
724 5085 781 5130 ut
803 5087 992 5128 omnes
1026 5070 1183 5124 saluti
1212 5083 1321 5120 sua:
1349 5067 1622 5127 timerent,
1665 5065 1964 5134 nullamque

377 5173 568 5225 bonam
587 5181 734 5236 spem
759 5173 973 5235 propter
1001 5159 1244 5228 procella:
1263 5155 1649 5230 vehementiam
1671 5153 1926 5208 haberent
1950 5197 1963 5221 ,

377 5260 580 5316 vocatis
605 5258 850 5312 omnibus
882 5255 1009 5309 dicit
1035 5271 1046 5307 :
1076 5251 1219 5306 Bono
1243 5251 1411 5303 animo
1440 5257 1592 5302 estote
1614 5291 1629 5312 ,
1660 5249 1771 5301 viri.
1799 5248 1963 5301 Amis-

377 5353 453 5407 sio
482 5350 618 5405 enim
639 5349 823 5401 animi:
840 5346 1026 5400 nullius
1052 5345 1143 5398 erit
1163 5358 1226 5397 ea:
1249 5341 1390 5395 nobis
1407 5382 1422 5404 ,
1457 5350 1785 5410 pra-terquem
1807 5340 1964 5394 navis.

381 5443 584 5500 Adstitit
606 5444 736 5496 enim
761 5439 883 5492 mihi
921 5437 1014 5491 hac
1041 5443 1181 5490 nocte
1206 5433 1302 5486 Dei
1325 5475 1338 5496 ,
1369 5432 1514 5502 cujus
1542 5447 1653 5484 sunt
1691 5439 1742 5482 et
1771 5430 1851 5482 cui
1879 5429 1968 5482 de-

379 5536 538 5591 servio
561 5573 577 5598 ,
602 5531 812 5603 angelus
840 5531 1009 5583 dicens
1041 5543 1060 5580 :
1087 5525 1169 5581 Ne
1208 5526 1403 5588 timeas,
1447 5520 1609 5574 Paule
1639 5537 1656 5575 :
1685 5521 1819 5575 dedit
1843 5520 1973 5573 enim

385 5629 475 5680 tibi
503 5624 640 5680 Deus
668 5639 840 5679 omnes
870 5623 954 5690 qui
995 5631 1156 5672 tecum
1193 5617 1427 5684 navigant
1460 5613 1593 5682 (Act.
1622 5612 1713 5666 27.
1743 5612 1970 5682 22â€”24).

395 5712 580 5770 Vidisti
605 5712 874 5784 quomodo
901 5712 1064 5764 virtus
1091 5707 1188 5762 viri
1234 5706 1459 5761 salutem
1505 5703 1609 5757 illis
1630 5701 1970 5758 conciliavit?

1077 321 1131 375 S.
1175 318 1448 400 JOANNIS
1484 311 1958 375 CllRYSOSTOMl
2004 313 2318 370 ARCHIEP.
2359 316 2893 374 CONSTANTINOP.

3524 322 3630 376 2i?

2053 429 2160 481 imo
2215 443 2319 484 non
2372 432 2541 486 virtus
2570 440 2806 498 tantum,
2845 430 2938 485 sed
2989 439 3042 484 et
3087 433 3362 486 clementia
3394 433 3627 490 Domini.

2046 520 2214 575 Simili
2265 522 2424 577 modo
2463 533 2518 576 et
2560 522 2661 578 hoc
2707 522 2823 576 loco
2853 521 3046 576 factum
3073 531 3190 586 est,
3223 533 3274 576 et
3305 522 3418 577 hrec
3457 526 3625 592 prima

2047 628 2202 666 causa
2235 613 2330 669 fuit
2359 631 2370 667 :
2400 615 2562 669 altera
2591 630 2719 670 vero
2772 616 2867 669 ista
2900 633 2912 668 :
2944 615 3153 669 volebat
3196 616 3507 670 fermentum
3529 617 3630 671 ali-

2047 702 2187 772 quod
2218 712 2272 758 et
2292 705 2520 759 radicem
2548 707 2613 759 ad
2643 705 2966 774 posteritatis
2989 704 3416 760 constitutionem
3457 706 3626 760 relin-

2046 811 2212 865 quere
2241 814 2253 848 :
2288 813 2392 851 non
2411 797 2549 867 quod
2571 798 2894 866 impossibile
2919 807 3060 851 esset
3079 796 3188 850 Deo
3211 797 3399 850 iterum
3431 797 3628 851 fortna-

2046 903 2104 942 re
2127 887 2415 948 hominem.
2442 899 2497 944 et
2513 905 2581 944 ex
2611 904 2718 944 uno
2737 888 2943 958 generis
2972 888 3160 942 iterum
3177 899 3512 958 augmentum
3545 889 3625 942 fa-

2046 993 2188 1041 cere;
2207 979 2296 1032 sed
2324 979 2445 1047 quia
2469 980 2548 1035 sic
2575 979 2670 1048 ipsi
2701 981 2868 1032 visum
2885 988 2967 1032 est
2983 993 3076 1046 pro
3100 979 3252 1033 solita
3281 978 3622 1047 benignitate.

2117 1068 2170 1121 5.
2213 1068 2441 1122 Attende
2471 1068 2628 1136 igitur
2662 1067 2754 1121 Dei
2783 1068 3070 1122 bonitatem
3097 1068 3254 1122 etiam
3294 1083 3384 1135 per
3409 1083 3470 1122 ea
3499 1084 3622 1136 qua

2047 1166 2360 1226 sequuntur.
2416 1157 2545 1210 Nam
2600 1159 2736 1210 sicut
2785 1156 3172 1210 interminando
3219 1171 3450 1225 pugnam,
3498 1173 3620 1212 cum

2050 1247 2322 1300 hominum
2354 1263 2548 1316 genere
2576 1256 2631 1303 et
2655 1249 2916 1316 jumenta,
2948 1255 3002 1301 et
3030 1247 3256 1315 reptilia,
3285 1256 3340 1302 et
3366 1247 3620 1310 volatilia,

2049 1347 2103 1393 et
2128 1338 2266 1394 feras
2303 1340 2530 1406 peritura
2563 1340 2729 1393 dixit:
2763 1341 2830 1392 ita
2860 1349 2916 1394 et
2942 1340 3027 1394 hic
3053 1349 3270 1408 propter
3289 1341 3488 1408 justum
3519 1341 3620 1395 im-

2050 1439 2218 1498 perat,
2248 1440 2303 1482 ut
2334 1431 2695 1484 introducitur
2731 1430 2782 1484 in
2810 1446 2985 1484 arcam
3025 1446 3090 1484 ex
3137 1445 3454 1499 unoquoque
3499 1430 3622 1484 illo-

2049 1537 2164 1574 rum
2195 1537 2388 1590 genere
2412 1537 2505 1590 par
2525 1538 2708 1588 nnnm,
2736 1531 2788 1574 ut
2814 1523 2884 1576 sit
2908 1537 3088 1576 semen
3111 1531 3162 1576 et
3180 1523 3423 1590 primitia:
3441 1523 3622 1577 multi-

2054 1611 2249 1665 tudinis
2277 1619 2455 1680 postea
2486 1611 2692 1664 futurae.
2732 1611 2816 1666 l9.
2853 1610 2918 1662 Et
2944 1627 3008 1665 ea:
3032 1612 3280 1676 omnibus,
3321 1612 3510 1681 inquit,
3534 1613 3624 1683 ju-

2049 1703 2247 1768 mentis,
2288 1711 2333 1756 et
2363 1719 2425 1756 ea:
2458 1703 2685 1756 omnibus
2722 1705 2864 1772 feris,
2893 1712 2941 1755 et
2966 1718 3028 1755 ea:
3056 1703 3192 1756 omni
3219 1719 3388 1768 carne,
3417 1703 3534 1756 bina
3562 1719 3625 1757 ea:

2051 1797 2277 1850 omnibus
2299 1796 2502 1849 induces
2530 1797 2578 1848 in
2601 1812 2790 1857 arcam,
2819 1805 2873 1848 ut
2899 1811 3076 1865 pascas
3101 1795 3242 1866 apud
3259 1804 3346 1856 te;
3374 1797 3627 1850 masculus

2050 1895 2095 1939 et
2116 1887 2302 1955 [emitur
2322 1894 2482 1938 erunt.
2502 1885 2590 1939 20.
2603 1885 2682 1938 Ea:
2702 1885 2930 1938 omnibus
2950 1885 3122 1938 avibus
3142 1885 3425 1940 volatilibus
3451 1903 3626 1942 Î´á½·ÏƒÎºÎ¿Î¹-

2051 1978 2172 2031 dunt
2200 1994 2373 2047 genus,
2398 1987 2442 2030 et
2473 1993 2533 2030 ea:
2559 1977 2785 2030 omnibus
2803 1979 3049 2046 juntcntis
3076 1977 3352 2031 secundum
3379 1995 3554 2048 genus,
3578 1988 3626 2032 et

2051 2085 2112 2122 ea:
2140 2069 2367 2122 omnibus
2392 2069 2648 2137 reptilibus
2672 2069 2954 2136 repentibus
2972 2085 3120 2138 super
3137 2080 3319 2124 terram
3347 2071 3621 2124 secundant

2053 2178 2225 2233 genus,
2269 2161 2386 2214 bina
2421 2177 2483 2215 ea:
2524 2161 2752 2215 omnibus
2787 2162 3043 2214 intrabunt
3077 2159 3144 2213 ad
3174 2170 3240 2224 te,
3272 2171 3326 2213 ut
3354 2172 3628 2228 pascantur

2053 2252 2191 2322 apud
2231 2253 2562 2318 temetipsum,
2608 2251 2860 2305 masculus
2896 2260 2942 2304 et
2973 2251 3176 2320 femina.
3209 2249 3284 2304 Ne
3309 2249 3480 2305 obiter
3510 2250 3628 2304 haec

2055 2342 2394 2411 prmterieris,
2419 2323 2645 2405 dilecte;
2677 2341 2849 2408 cogita
2879 2349 3130 2406 quantum
3157 2341 3461 2409 pepererint
3483 2339 3627 2404 justo

2053 2449 2297 2488 curarum
2339 2433 2644 2497 tumultum,
2684 2433 2932 2501 cogitanti
2967 2431 3105 2500 apud
3145 2446 3202 2486 se
3238 2442 3485 2501 quantam
3513 2430 3628 2485 hare

2055 2526 2231 2580 omina
2254 2541 2432 2578 curam
2461 2525 2753 2594 exigerent.
2784 2522 2902 2578 Non
2930 2523 3071 2577 enim
3108 2521 3405 2578 sufï¬ciebat
3430 2522 3478 2576 ei
3499 2536 3625 2576 cura

2057 2616 2294 2671 mulieris
2333 2625 2386 2671 et
2426 2615 2672 2678 filiorum,
2720 2623 2775 2670 et
2811 2631 3061 2678 nuruum,
3103 2615 3194 2669 sed
3229 2625 3285 2670 et
3328 2614 3628 2670 sollicitudo

2057 2718 2133 2762 tot
2159 2708 2430 2762 brutorum
2456 2716 2510 2760 et
2537 2706 2781 2761 educatio
2805 2704 3116 2760 addebatur.
3141 2705 3333 2760 Verum
3362 2705 3626 2775 paulisper

2056 2805 2325 2864 exspecta,
2376 2795 2683 2864 videbisque
2730 2795 2823 2848 Dei
2876 2793 3187 2858 bonitatem,
3234 2794 3497 2864 quomodo
3541 2795 3628 2848 in-

2056 2889 2392 2942 cumbentem
2421 2887 2562 2956 justo
2590 2900 2772 2940 curam
2803 2886 2957 2940 levet.
2983 2886 3074 2942 2t.
3106 2883 3182 2938 Tu
3204 2895 3368 2938 autem
3392 2885 3627 2953 accipies,

2059 2981 2245 3050 inquit,
2293 2979 2379 3032 tibi
2405 2979 2501 3047 ipsi
2527 2978 2593 3030 de
2623 2978 2848 3030 omnibus
2877 2976 3018 3041 cibis,
3045 2977 3108 3029 de
3130 2976 3304 3046 quibus
3337 2976 3592 3029 comeditis
3611 3017 3627 3039 ,

2058 3083 2101 3124 ct
2132 3070 2461 3141 congregabis
2485 3075 2622 3136 apud
2654 3069 2887 3136 teipsum,
2919 3077 2964 3119 et
2986 3077 3130 3120 erunt
3167 3067 3253 3120 tibi
3283 3076 3330 3120 et
3355 3067 3455 3120 illis
3479 3067 3529 3119 in
3551 3067 3629 3120 ci-

2058 3169 2194 3218 bum.
2225 3163 2301 3219 Ne
2329 3161 2623 3227 existimes,
2661 3159 2850 3228 inquit,
2881 3159 3190 3214 destitutmn
3228 3169 3278 3212 te
3309 3173 3422 3212 m--a
3455 3157 3632 3226 provi-

2059 3254 2232 3308 dentia
2269 3253 2517 3320 relinqui.
2565 3251 2697 3304 Ecce
2737 3249 2876 3303 enim
2907 3249 3175 3318 praecipio,
3204 3259 3261 3303 ut
3289 3264 3404 3316 qtae
3438 3257 3630 3301 vestra:

2060 3345 2322 3401 alimonia:
2351 3344 2640 3407 sufficiunt,
2666 3351 2720 3398 et
2743 3357 2862 3412 qua:
2888 3341 2954 3395 ad
2979 3340 3165 3396 alenda
3187 3340 3335 3395 bruta
3367 3347 3625 3408 spectant,

2060 3438 2235 3492 omnia
2267 3437 2318 3490 in
2348 3449 2526 3489 arcam
2557 3434 2879 3488 inferantur:
2912 3433 2981 3486 ita
3008 3442 3062 3486 ut
3088 3433 3284 3486 nullam
3306 3430 3388 3485 vel
3412 3429 3629 3494 famem,

2061 3529 2141 3582 vel
2187 3525 2460 3596 penuriam
2513 3522 2877 3593 experiamini,
2931 3531 2984 3576 et
3039 3537 3136 3576 nec
3185 3521 3336 3574 bruta
3384 3529 3627 3589 pereant,

2062 3628 2243 3688 utpote
2271 3617 2445 3672 cibum
2470 3631 2572 3667 non
2598 3613 2847 3667 habentia
2873 3613 2971 3666 sibi
2993 3611 3416 3666 convenientem.
3439 3610 3528 3663 22.
3564 3607 3630 3661 Et

2061 3713 2196 3781 fecit,
2229 3709 2414 3779 inquit,
2449 3706 2563 3761 Noe
2594 3707 2763 3760 omnia
2788 3720 3105 3775 qucucumque
3136 3704 3229 3757 sibi
3254 3704 3488 3773 prtccepit
3518 3702 3627 3756 Do-

2061 3803 2226 3856 minus
2252 3798 2494 3867 Deus,sic
2515 3795 2850 3867 fecit.Videas
2873 3804 2923 3849 et
2947 3794 3032 3848 hic
3050 3809 3134 3848 ÎµÎ¹Î¹Î¹
3152 3795 3347 3848 ouium
3370 3792 3626 3861 amplum.

2063 3891 2226 3956 Fecit,
2258 3891 2446 3960 inquit,
2487 3889 2656 3942 omnia
2688 3903 3009 3956 quwcumque
3037 3887 3272 3956 pra'ccpit
3303 3885 3346 3938 ci
3378 3883 3631 3937 Dominus

2063 3983 2219 4037 Deus.
2257 3981 2374 4036 Non
2413 3979 2554 4035 aliud
2596 3978 2808 4048 quidem
2837 3992 2996 4048 opere
3034 3977 3439 4043 exsequebatur,
3485 3973 3629 4028 aliud

2061 4081 2235 4127 autem
2259 4070 2573 4141 negligebat,
2611 4068 2702 4124 sed
2737 4069 2911 4121 omnia
2940 4083 3057 4137 qum
3086 4077 3342 4135 pra-cepta
3373 4076 3519 4120 erant
3552 4065 3630 4119 fe-

2061 4164 2152 4229 cit,
2193 4172 2245 4216 et
2282 4160 2370 4215 Sic
2401 4161 2539 4232 fecit,
2567 4167 2625 4213 ut
2652 4167 2915 4228 praecepta
2941 4169 3091 4214 erant
3113 4159 3160 4212 ei
3188 4175 3203 4221 ;
3231 4158 3360 4211 nihil
3389 4157 3628 4210 intermi-

2061 4255 2152 4320 sit,
2190 4251 2282 4307 sed
2311 4252 2486 4306 omnia
2518 4249 2774 4319 implevit,
2797 4260 2848 4303 et
2874 4249 3122 4318 operibus
3148 4249 3258 4302 suis
3289 4247 3549 4316 probavit,
3573 4261 3632 4300 se

2057 4343 2201 4414 juste
2227 4340 2595 4397 benevolentia
2629 4339 2722 4393 Dei
2750 4338 3020 4408 dignatum
3063 4338 3243 4392 fuisse.
3274 4336 3498 4403 Quantis
3525 4351 3630 4389 non

2063 4434 2276 4489 coronis
2296 4432 2511 4501 dignum
2547 4429 2706 4485 fuerit
2734 4430 2836 4484 hoc
2865 4430 3243 4493 testimonimn,
3271 4444 3376 4498 quo
3401 4443 3430 4481 a
3456 4427 3632 4482 divina

2064 4525 2334 4592 Scriptura
2375 4522 2565 4576 fruitur
2588 4521 2763 4590 justus
2791 4520 2917 4574 ille?
2943 4519 3068 4585 Quis
3099 4519 3199 4572 hoc
3223 4519 3380 4572 fuerit
3407 4519 3630 4577 beatior,

2065 4615 2154 4685 qui
2186 4613 2367 4668 omnia
2395 4627 2554 4681 opera
2584 4611 2889 4678 complevit,
2916 4625 3031 4679 qua:
3061 4609 3158 4663 sibi
3181 4625 3208 4662 a
3235 4609 3341 4662 Deo
3371 4617 3635 4678 prmcepta

2068 4708 2293 4768 fuerant,
2351 4713 2400 4758 et
2459 4713 2656 4756 tantam
2697 4701 2748 4754 in
2801 4701 2864 4753 iis
2902 4716 3020 4770 qua:
3059 4699 3156 4753 sibi
3194 4699 3448 4766 imperata
3483 4708 3632 4752 erant

2067 4794 2421 4851 obedientiam
2453 4791 2782 4847 declaravit?
2816 4791 2880 4843 Et
2911 4798 2966 4842 Î¹Î¹Î¹
3009 4791 3146 4844 scias
3179 4797 3372 4858 quanta
3398 4789 3634 4842 omnium

2069 4885 2320 4940 Conditor
2356 4884 2454 4952 ipsi
2490 4881 2700 4952 praefari
2727 4880 2970 4949 dignatus
2995 4881 3082 4942 sit,
3113 4878 3234 4932 audi
3259 4894 3378 4947 qua:
3408 4893 3637 4946 sequun-

2071 4986 2174 5030 tur.
2204 4976 2255 5028 l.
2283 4973 2345 5026 Et
2372 4973 2521 5038 dixit,
2542 4972 2729 5041 inquit,
2755 4969 3003 5024 Dominus
3032 4968 3168 5022 Deus
3187 4971 3252 5021 ad
3283 4967 3429 5021 Noe:
3457 4967 3641 5038 Ingre-

2072 5065 2188 5119 dere
2212 5073 2264 5116 tu
2290 5073 2334 5116 et
2364 5063 2523 5115 omnis
2548 5062 2727 5115 domus
2753 5073 2838 5112 tua
2867 5061 2919 5113 in
2939 5075 3111 5112 arcam
3135 5057 3296 5131 (Cap.
3323 5059 3406 5128 7).
3442 5057 3641 5112 Deinde

2074 5166 2131 5210 ut
2151 5157 2377 5210 sciamus
2397 5154 2568 5222 ipsum
2589 5169 2692 5206 non
2713 5153 2880 5222 gratia
2901 5151 3170 5206 dumtaxat
3187 5149 3385 5218 justmn
3406 5164 3640 5210 servare,

2075 5246 2166 5299 sed
2215 5252 2269 5298 et
2311 5243 2550 5298 laborum
2603 5240 2878 5295 mercedes
2917 5240 3037 5310 ipsi,
3080 5247 3133 5293 et
3178 5238 3387 5292 virtutis
3428 5238 3643 5306 przetnia

2078 5338 2325 5401 tribuere,
2371 5335 2516 5389 dicit:
2559 5333 2686 5388 Ideo
2729 5334 2816 5385 tibi
2847 5333 3068 5401 impero,
3098 5342 3154 5384 ut
3184 5340 3238 5384 tu
3267 5341 3319 5384 et
3348 5329 3536 5384 domus
3559 5340 3645 5383 tua

2075 5428 2250 5480 omuis
2279 5425 2330 5479 in
2361 5439 2536 5479 arcam
2564 5421 2954 5492 ingrediamini,
2991 5421 3122 5485 Quia
3147 5430 3192 5472 te
3213 5420 3311 5471 vidi
3333 5421 3531 5488 justum
3557 5435 3648 5472 co-

2076 5534 2187 5570 ram
2213 5533 2290 5569 me
2316 5514 2367 5569 in
2399 5513 2715 5586 generatione
2751 5512 2868 5564 ista.
2910 5510 3153 5580 Magnum
3197 5517 3250 5563 ct
3294 5509 3395 5562 lidc
3432 5509 3647 5578 dignum

2080 5608 2461 5664 testimonium.
2492 5605 2626 5674 Quid
2669 5605 2808 5659 enim
2851 5604 2952 5658 hoc
2988 5603 3156 5671 majus
3195 5612 3356 5666 esset,
3384 5616 3504 5655 cum
3538 5601 3648 5669 ipse

2083 5699 2354 5767 Conditor,
2385 5708 2440 5753 et
2463 5700 2551 5767 qui
2578 5712 2698 5752 eum
2726 5707 2784 5753 Î¹Î¹Î¹
2803 5706 2944 5752 esset
2976 5693 3242 5764 produxit,
3272 5693 3394 5747 talia
3421 5692 3486 5746 de
3501 5688 3652 5756 justo
