4066 6140
212 366 330 421 2H

211 480 667 550 κατακλυσμὸν
688 480 907 545 ὕδατος
938 478 1317 548 καταφθεζοιιι
1351 477 1557 534 πᾶσαν
1584 477 1801 547 σάρκα,
1831 480 1900 533 ἐν

212 563 257 640 ᾖ
291 569 435 621 ἐστι
472 565 709 635 πνεῦμα
748 564 894 633 ζὶυῆς
925 563 1203 621 ὑποκάτω
1243 565 1348 619 τοῦ
1379 564 1658 632 οὐρανοῦ.
1694 565 1804 618 Καὶ
1835 564 1904 617 τά

214 658 434 726 κτήνη,
466 656 618 725 φησὶ,
646 655 740 707 καὶ
775 654 845 708 τὰ
876 653 1116 717 πετεινά,
1148 655 1241 707 καὶ
1267 652 1336 706 τά
1371 653 1563 726 θηρία,
1596 655 1664 707 τὰ
1701 654 1794 705 καὶ
1823 669 1903 706 τεο

220 743 499 814 τράποδα,
528 743 621 797 καὶ
653 744 752 796 ὅσα
784 741 931 795 ἐστὶν
950 740 1208 795 ὑποκάτω
1224 738 1318 794 τοῦ
1346 738 1596 810 οὐρανοῦ,
1626 739 1905 810 καταφθα-

220 832 487 900 ρήσεται.
519 829 628 882 Καὶ
665 829 751 881 ἵνα
777 827 977 899 μάθῃς,
1009 825 1162 898 [Ήὲι
1190 827 1270 880 ὅτι
1292 825 1444 879 οὐδὲν
1469 825 1903 897 καταλειφθήσε-

218 934 322 971 ται
364 930 412 982 ι,
449 917 602 986 φησὶ,
625 916 735 971 Καὶ
761 914 879 969 ὅσα
903 914 1074 970 ἐστὶν
1099 913 1200 967 ἐπὶ
1239 913 1351 982 τῆς
1394 913 1501 984 τῆς
1533 915 1898 983 τελευτήσει.

224 1005 351 1057 Καὶ
408 1002 516 1074 γὰρ
562 1002 864 1073 καθαρσίου
918 1001 1103 1055 λοιπὸν
1128 1001 1296 1054 δεῖται
1327 1002 1360 1071 ῆ
1389 1002 1679 1071 οἰκουμένη
1709 1042 1724 1067 ,
1770 1001 1904 1056 ἀλλά

222 1090 399 1144 τοῦτο
434 1092 507 1161 μή
551 1107 611 1143 σε
649 1090 977 1160 ταραττέτω,
1009 1088 1145 1160 μηδὲ
1181 1088 1447 1159 συγχείτω
1478 1105 1570 1142 σου
1614 1091 1706 1143 τὸν
1758 1089 1905 1158 λογι-

228 1180 400 1248 σμόν.
445 1177 617 1249 Ὁρῶν
659 1177 767 1247 γὰρ
796 1175 975 1231 αὐτῶν
1001 1175 1094 1228 τοῦ
1127 1175 1319 1239 ἐλκους
1342 1174 1403 1229 τὸ
1431 1176 1676 1242 ἀνίατον,
1709 1179 1904 1247 στῆσαι

225 1265 505 1335 βούλομαι
526 1264 594 1317 τὰ
622 1263 721 1332 τῆς
751 1263 947 1325 κακίας
971 1261 1241 1333 ῥεύματα,
1269 1261 1354 1314 ἵνα
1385 1263 1460 1333 μὴ
1494 1262 1701 1332 μείζοσι
1734 1280 1905 1333 τιμω-

227 1353 387 1423 ρίαις
416 1352 641 1412 ἑαυτοὺς
661 1350 990 1412 ὑπευθύνους
1021 1350 1419 1419 καταστήσωσι.
1447 1349 1536 1401 Διὸ
1561 1348 1654 1401 καὶ
1683 1349 1776 1400 νῦν
1807 1348 1904 1419 τὴν

227 1438 438 1507 ἑαυτοῦ
466 1437 873 1508 φιλανθρωπίαν
905 1435 1257 1507 μιμούμενος,
1286 1437 1376 1488 καὶ
1396 1433 1689 1506 ἀγαθότητι
1710 1453 1903 1506 κεραν·

225 1529 335 1591 vi);
365 1526 464 1597 τὴν
487 1525 879 1596 ἀγανάκτησιν,
909 1527 1161 1594 τοιαύτην
1185 1523 1374 1591 ἐπάγω
1399 1523 1495 1594 τὴν
1519 1524 1804 1594 τιμωρίαν,
1829 1524 1903 1588 ὼς

227 1613 512 1668 ἀνώδυνον
548 1613 730 1674 αὐτοῖς
764 1610 1015 1677 γενέσθαι
1055 1613 1148 1663 καὶ
1180 1611 1593 1681 ἀνεπαίσθητον.
1637 1612 1766 1664 Οὐδὲ
1796 1611 1902 1682 γάρ

230 1700 383 1770 πρὸς
408 1699 471 1752 τὸ
501 1700 609 1751 τῶν
640 1698 1044 1769 ἡμαρτημένων
1072 1699 1253 1761 αὐτοῖς
1277 1697 1502 1769 μέγεθος
1524 1697 1763 1768 ἀφορῶν,
1785 1699 1903 1752 οὐδέ

230 1788 406 1841 τίνων
442 1786 581 1851 ἄξιοι
605 1784 983 1855 τυγχάνουσιν,
1011 1784 1145 1837 ἀλλά
1174 1783 1239 1837 τά
1271 1784 1407 1855 μετά
1426 1784 1596 1837 ταῦτα
1633 1784 1900 1857 προορῶν,

235 1875 340 1927 καὶ
366 1873 570 1936 τούτοις
595 1871 850 1943 βούλομαι
878 1871 975 1941 τὴν
1001 1870 1376 1941 ἁρμόττουσαν
1401 1871 1669 1941 τιμωρίαν
1698 1873 1904 1941 ἐπαγα-

234 1964 394 2030 γεῖν,
429 1960 524 2014 καὶ
551 1960 677 2023 τοὺς
704 1958 829 2028 ἑξῆς
865 1956 1161 2028 μέλλοντας
1195 1955 1412 2009 ἔσεσθαι
1439 1958 1536 2028 τῆς
1589 1959 1653 2011 ἐκ
1699 1958 1903 2012 τούτων

235 2046 545 2112 ἀπαλλάξαι
578 2046 774 2116 λύμης.
805 2044 897 2116 Μὴ
937 2043 1109 2097 τοίνυν
1135 2044 1384 2114 κατηφὴς
1427 2043 1551 2108 ἔσο,
1588 2044 1720 2114 μηδέ
1746 2045 1904 2117 θορυ-

238 2137 342 2188 6ιοῦ
361 2134 532 2190 ταῦτα
558 2132 791 2187 ἀκούων.
818 2132 881 2185 Εἰ
910 2131 1020 2201 γάρ
1049 2131 1141 2183 καὶ
1180 2130 1421 2193 ἐκείνους
1447 2129 1571 2195 ἀξία
1595 2130 1701 2183 τῶν
1723 2133 1903 2203 ἡμαρ-

235 2241 309 2291 τῇ
319 2222 493 2294 μένων
522 2221 642 2291 δίκη
668 2220 1055 2288 καταλήψεται,
1084 2216 1218 2271 ἀλλά
1241 2216 1451 2285 Στήσω
1477 2217 1590 2287 τὴν
1611 2218 1905 2289 διαθήκην

232 2326 361 2377 μου
378 2307 528 2377 μετὰ
550 2306 685 2361 σοῦ.
719 2304 936 2375 Ἐπειδὴ
966 2304 1163 2366 πάντες
1194 2304 1242 2355 οἱ
1270 2301 1631 2368 προλαϐόντες
1654 2303 1903 2370 ἀναξίους

237 2396 469 2457 ἑαυτοὺς
502 2393 862 2462 κατέστησαν,
887 2392 979 2444 καὶ
1003 2391 1062 2443 οὐ
1089 2390 1370 2458 γεγόνασιν
1399 2388 1737 2461 εὐγνώμονες
1774 2394 1904 2463 περὶ

236 2482 343 2547 τὰς
377 2480 517 2552 ἐμάς
549 2479 767 2544 ἐντολὰς
792 2519 807 2543 ,
842 2477 979 2551 μετά
1010 2477 1102 2531 σοῦ
1139 2478 1324 2532 λοιπὸν
1367 2479 1550 2549 στήσω
1580 2479 1678 2549 τὴν
1714 2478 1901 2551 διαθή-

238 2587 350 2641 κην
375 2586 495 2639 μου.
526 2567 633 2621 Καὶ
657 2568 765 2637 γὰρ
789 2569 817 2620 6
842 2565 1281 2639 πρωτόπλαστος,
1304 2565 1439 2636 μετά
1460 2566 1724 2630 τοσαύτας
1747 2568 1903 2637 εὐερ-

237 2658 434 2727 γεσίας
465 2656 678 2726 ἀπάτην
721 2653 1055 2724 ὑπομείνας,
1090 2652 1305 2724 παρέϐη
1357 2670 1457 2722 μου
1506 2654 1602 2717 τὰς
1653 2655 1900 2722 ἐντολάς,

240 2747 338 2799 καὶ
366 2746 395 2799 6
425 2743 484 2810 ἐξ
509 2743 718 2796 ἐκείνου
746 2741 906 2795 πάλιν
933 2740 1143 2811 τεχθεὶς
1172 2742 1252 2804 εἰς
1281 2739 1442 2793 αὐτὸν
1469 2741 1566 2810 τῆς
1592 2742 1786 2805 κακίας
1813 2743 1905 2796 τὸν

242 2831 496 2902 πυθμένα
528 2829 723 2883 ὤλισθε
744 2845 757 2859 ⁶
785 2829 866 2881 διὸ
896 2826 990 2880 καὶ
1022 2827 1240 2898 διηνεκῆ
1275 2826 1371 2898 τὴν
1393 2828 1660 2898 τιμωρίαν
1691 2828 1907 2895 ἐδέξατο

250 2918 389 2991 μετά
415 2921 512 2989 τῆς
540 2918 806 2987 κατάρας.
851 2915 985 2968 Ἀλλ’
1011 2914 1132 2968 οὐδέ
1162 2918 1280 2977 ταῖς
1310 2915 1498 2968 τούτου
1535 2916 1822 2986 τιμωρίαις
1856 2917 1906 2969 οἰ

249 3007 369 3075 μετ’
397 3006 556 3059 αὐτὸν
579 3003 1074 3075 ἐσωφρονίσθησαν,
1107 3002 1243 3056 ἀλλά
1277 3003 1367 3056 καὶ
1400 3003 1903 3073 ὲπεδαψιλεύσαντο,

243 3094 323 3159 ὡς
349 3094 443 3147 καὶ
471 3093 569 3163 τῆς
604 3091 950 3161 γενεαλογίας
983 3090 1178 3153 αὐτοὺς
1208 3091 1730 3161 ἀποδοκιμασθῆναι.
1755 3091 1908 3146 Μετά

244 3179 313 3252 δὴ
338 3179 511 3232 ταῦτα
540 3175 715 3246 εὑρὼν
748 3176 837 3229 τὸν
874 3175 1042 3245 Ἑνὼχ
1073 3178 1170 3247 τῆς
1207 3176 1407 3246 ἀρετῆς
1444 3176 1541 3247 τὴν
1582 3177 1765 3230 εἰκόνα
1793 3178 1910 3232 δια-

249 3266 511 3331 σώζοντα,
538 3264 626 3317 διὰ
656 3265 754 3334 τὴν
781 3263 979 3334 πολλὴν
1002 3263 1356 3333 εὐαρέστησιν
1383 3262 1561 3327 ζῶντα
1585 3264 1745 3318 αὐτὸν
1777 3283 1909 3337 μετ-

250 3352 444 3422 έθηκα,
474 3351 685 3414 δεικνὺς
719 3351 813 3405 καὶ
857 3351 970 3411 τοῖς
1006 3348 1103 3420 τὴν
1158 3348 1357 3419 ἀρετὴν
1413 3350 1718 3419 μετιοῦσιν,
1769 3352 1908 3406 ὅσων

247 3439 628 3506 καταξιοῦνται
678 3437 784 3490 τῶν
812 3436 1050 3507 ἀμοιϐῶν
1075 3477 1089 3501 ,
1124 3436 1219 3489 καὶ
1249 3436 1569 3508 βουλόμενος
1612 3441 1737 3517 τοὺς
1781 3440 1909 3510 ἑξῆς

152 3588 159 3596 ⁵
249 3525 496 3597 ζηλωτὰς
526 3525 731 3579 ἐκείνου
764 3524 1097 3595 καταστῆσαι
1128 3524 1176 3589 Ι),
1208 3525 1301 3578 καὶ
1352 3525 1450 3595 τὴν
1500 3527 1671 3597 αὐτὴν
1720 3528 1910 3598 ἐκείνῳ

250 3612 465 3683 βαδίσαι
495 3610 628 3664 ὁδόν.
666 3609 818 3662 Ἐπεὶ
850 3610 1054 3673 τοίνυν,
1094 3610 1310 3663 πάντων
1342 3611 1526 3663 λοιπὸν
1566 3614 1657 3664 ἐπὶ
1682 3613 1780 3683 τὴν
1812 3631 1910 3666 κα-

249 3701 378 3753 κίαν
405 3697 885 3768 αὐτομολησάντων
905 3738 920 3762 ,
957 3697 1016 3749 σέ
1051 3698 1207 3768 μόνον
1235 3690 1394 3768 εὖρον
1427 3699 1482 3751 ἐν
1510 3700 1748 3770 τοσούτῳ
1777 3699 1912 3771 πλή-

250 3786 338 3839 θει
367 3785 663 3856 δυνάμενον
690 3782 1127 3839 ἀνακαλέσασθαι
1155 3782 1249 3836 τοῦ
1287 3785 1630 3855 προπάτορος
1661 3788 1757 3855 τὴν
1807 3804 1909 3840 πα-

255 3873 520 3946 ράϐασιν,
559 3871 694 3942 μετά
727 3871 819 3923 σοῦ
874 3871 1053 3940 στήσω
1097 3871 1196 3940 τὴν
1234 3870 1496 3941 διαθήκην
1544 3888 1666 3941 μου.
1708 3872 1770 3926 Ἡ
1802 3874 1910 3946 γὰρ

249 3961 363 4016 τῶν
397 3959 734 4031 βεϐιωμένων
764 3974 844 4011 σοι
871 3958 1067 4029 πρᾶξις
1099 3956 1406 4021 ἀξιόπιστόν
1433 3975 1489 4010 σε
1513 3958 1747 4012 δείκνυσι
1776 3962 1911 4032 πρὸς

249 4049 315 4102 τὸ
341 4045 591 4114 δέξασθαι
643 4045 743 4108 τάς
790 4045 920 4115 παρ’
954 4043 1088 4114 ἐμοῦ
1125 4044 1359 4107 ἐντολάς.
1399 4041 1532 4098 Εἶτα
1579 4045 1666 4100 ἴνα
1696 4046 1771 4117 μὴ
1820 4049 1913 4101 καὶ

250 4135 428 4189 ταῦτα
472 4132 680 4186 ἀκούων
724 4133 753 4184 ὁ
801 4131 1007 4193 δίκαιος
1047 4132 1252 4194 ἐκεῖνος
1282 4130 1360 4183 ἑτι
1395 4131 1606 4202 ἀθυμῇ,
1641 4133 1718 4197 ὡς
1752 4134 1913 4203 μόνος

255 4220 465 4291 μέλλων
489 4216 1042 4289 καταλειφθήσεσθαι,
1086 4217 1571 4288 παραμυθούμενος
1606 4219 1765 4273 αὐτὸν
1787 4259 1800 4283 ,
1837 4221 1913 4285 ὡς

253 4310 430 4363 εἰπεῖν
451 4346 465 4371 ,
495 4306 655 4361 πάλιν
700 4305 888 4376 φησίν*
917 4306 1253 4374 Εἰσελεύσῃ
1302 4306 1365 4358 δὲ
1394 4308 1482 4371 εἰς
1509 4305 1622 4374 τὴν
1666 4309 1915 4362 κιϐωτὸν

253 4396 362 4462 σὺ,
387 4395 484 4450 καί
517 4397 572 4449 οἱ
602 4395 721 4448 υἱοί
751 4407 889 4456 σου,
922 4394 1019 4446 καὶ
1053 4395 1092 4461 ἠ
1130 4392 1284 4461 γυνή
1312 4407 1428 4446 σου
1447 4433 1461 4457 ,
1494 4393 1591 4446 καὶ
1615 4397 1675 4448 αἱ
1707 4397 1911 4465 γυναῖ-

254 4499 364 4549 κες
395 4482 510 4536 τῶν
538 4481 686 4536 υἱῶν
711 4495 828 4535 σου
853 4481 1001 4548 μετὰ
1028 4480 1163 4534 σοῦ.
1186 4478 1251 4532 ΕΞ
1280 4479 1389 4551 γὰρ
1410 4481 1502 4533 καὶ
1532 4482 1664 4537 πολὺ
1692 4486 1790 4555 τῆς
1819 4485 1912 4538 τοῦ

254 4570 466 4624 δικαίου
493 4568 694 4641 ἀρετῆς
740 4566 1047 4630 ἐλείποντο,
1083 4566 1197 4619 ἀλλ’
1235 4567 1382 4636 ὅμως
1417 4570 1513 4640 τῆς
1549 4569 1914 4640 ὑπερϐαλλού-

257 4674 361 4726 σης
394 4656 614 4709 ἐκείνων
645 4654 842 4717 κακίας
869 4653 1022 4718 ἐκτὸς
1052 4649 1211 4724 ἦσαν.
1242 4653 1449 4717 ’Ἄλλως
1481 4654 1536 4708 δὲ
1581 4658 1675 4710 καὶ
1698 4657 1785 4712 διὰ
1822 4658 1915 4713 δύο

254 4740 461 4802 ταύτας
485 4741 583 4802 τὰς
605 4740 780 4802 αίτίας
802 4740 899 4809 τῆς
930 4739 1203 4811 σωτηρίας
1236 4739 1597 4806 ἀπολαύουσι,
1630 4742 1758 4812 μίαν
1793 4744 1912 4815 μὲν,

257 4830 341 4892 εἰς
368 4825 531 4895 τιμὴν
561 4824 654 4879 τοῦ
701 4826 908 4879 δικαίου
930 4841 945 4856 ⁸
978 4827 1096 4889 ἔθος
1128 4836 1237 4895 γὰρ
1280 4828 1358 4898 τῷ
1409 4829 1770 4903 φιλανθρώπῳ
1798 4832 1915 4905 Θεῷ

258 4914 424 4984 τιμᾷν
453 4913 578 4974 τοὺς
610 4911 775 4964 αὐτοῦ
811 4912 1025 4977 δούλους
1049 4953 1063 4976 ,
1097 4914 1190 4967 καὶ
1231 4914 1547 4984 χαρίζεσθαι
1579 4918 1763 4983 αὐτοῖς
1788 4923 1915 4974 πολι

258 5002 418 5063 λάκις
457 4999 555 5071 τὴν
593 4999 796 5068 ἐτέρων
845 5001 1114 5071 σωτηρίαν
1136 5042 1148 5060 ,
1190 5001 1218 5053 ὃ
1251 5003 1343 5055 καὶ
1393 5005 1488 5057 ἐπὶ
1522 5004 1614 5057 τοῦ
1646 5008 1916 5081 μακαρίου

261 5087 474 5142 Παύλου
512 5084 802 5155 πεποίηκε,
843 5087 934 5138 τοῦ
958 5087 1274 5141 διδασκάλου
1307 5090 1405 5161 τῆς
1434 5093 1753 5163 οἰκουμένης
1776 5132 1790 5157 ,
1824 5095 1916 5148 τοῦ

262 5172 536 5243 πανταχοῦ
560 5172 660 5234 τὰς
689 5172 912 5234 ἀκτῖνας
938 5174 1035 5242 τῆς
1058 5174 1262 5237 οίκεὶας
1286 5175 1623 5241 διδασκαλίας
1646 5180 1915 5247 ἀφιέντος.

274 5261 464 5313 Ἡνίκα
490 5260 598 5332 γάρ
639 5253 793 5321 οὗτος
821 5258 914 5310 ἐπὶ
947 5258 1045 5329 τὴν
1086 5259 1304 5331 Ῥώμην
1341 5263 1571 5333 ἀνήγετο
1597 5304 1610 5326 ,
1656 5265 1920 5335 χειμῶνος

264 5347 401 5402 κατά
425 5348 525 5418 τὴν
553 5346 822 5402 θάλατταν
854 5344 1047 5399 πολλοῦ
1080 5348 1370 5417 γενομένου
1391 5391 1405 5415 ,
1430 5350 1525 5403 καὶ
1561 5352 1774 5406 πάντων
1812 5353 1920 5407 τῶν

263 5434 321 5486 ἐν
346 5433 426 5505 τῷ
454 5432 624 5504 πλοίῳ
654 5433 783 5505 περὶ
813 5433 982 5503 αὐτῆς
1017 5436 1116 5504 τῆς
1146 5435 1414 5505 σωτηρίας
1445 5436 1758 5491 δεδοικότων
1777 5479 1792 5504 ,
1829 5441 1921 5494 καὶ

263 5520 517 5591 οὐδεμίαν
549 5519 738 5574 ἐλπίδα
950 5521 1190 5593 χρηστὴν
1219 5523 1449 5593 ἑχόντων
1477 5523 1562 5577 διὰ
1592 5524 1652 5577 τὸ
1683 5526 1776 5578 τοῦ
1807 5525 1923 5580 κλυ-

265 5606 451 5660 δωνίου
488 5606 715 5677 μέγεθος
733 5648 749 5674 ,
778 5608 1016 5672 καλέσας
1043 5608 1287 5673 ἅπαντάς
1331 5629 1407 5680 φη
1418 5629 1500 5665 σιν
1522 5628 1537 5643 ·
1581 5615 1920 5683 Εὐθυμεῖτε,

267 5694 498 5762 ἄνδρες.
517 5694 798 5761 Ἀποϐοάίὴ
821 5696 930 5765 γὰρ
954 5696 1165 5765 ψυχῆς
1189 5698 1433 5766 οὐδεμία
1462 5699 1630 5753 ἕσται
1659 5700 1728 5765 ἐξ
1757 5701 1924 5771 ἡμῶν

272 5780 432 5848 πλὴν
455 5781 563 5835 τοῦ
598 5782 834 5835 πλοίου.
867 5783 1140 5852 Παρέστη
1176 5786 1285 5854 γάρ
1307 5805 1404 5856 μοι
1432 5788 1615 5857 ταύτῃ
1652 5788 1725 5859 τῇ
1750 5806 1815 5843 τοι
1828 5790 1919 5843 κτὶ

324 5920 343 5981 ξ
380 5916 529 5981 ξενίι.
553 5924 607 5967 et
632 5919 715 5968 alii
745 5920 1151 5981 ὐπολειφθήσεται.

330 5977 355 6019 λ’
381 5979 552 6030 Morel.
579 5981 787 6039 ζηλωτάς
818 5977 963 6029 αὐτοῦ
1006 5989 1308 6043 καταστῆναι.

1390 364 1455 418 ΙΝ
1493 365 1642 420 CAP.
1679 365 1746 421 Vl
1780 365 2024 421 GENES.
2066 364 2295 422 HOMIL.
2338 365 2525 421 XXIV.

3562 363 3668 418 212

2009 478 2112 532 τοῦ
2140 479 2310 543 Θεοῦ,
2337 476 2409 536 οὗ
2438 482 2552 549 ειμι
2583 480 2678 534 καί
2710 481 2995 549 λατρεύω,
3041 479 3294 551 ἄγγελος
3336 478 3544 549 λέγων,
3570 482 3667 549 Μὴ

2002 566 2211 633 φοβοῦ,
2246 566 2448 621 Παῦλε
2475 605 2490 629 ,
2521 565 2869 635 κεχάρισται
2906 566 3017 636 γάρ
3041 585 3141 622 σοι
3174 570 3207 621 ὁ
3255 566 3398 632 Θεὸς
3440 564 3669 632 πάντας
3773 613 3776 617 .

2002 651 2143 718 τοὺς
2168 652 2464 718 πλέοντας
2492 654 2642 721 μετὰ
2675 654 2812 708 σοῦ.
2853 650 3005 718 Εἶδες
3039 654 3156 718 πῶς
3187 656 3221 725 ἡ
3249 651 3420 723 ἀρετὴ
3451 651 3546 705 τοῦ
3577 653 3669 706 ἀν-

2000 738 2126 808 δρὸς
2157 738 2255 809 τὴν
2286 738 2557 810 σωτηρίαν
2587 740 2816 801 ἐκείνοις
2845 740 3210 812 προεξένησε;
3263 739 3459 810 μᾶλλον
3490 739 3546 794 δὲ
3571 741 3669 811 οὐχ

2001 823 2032 889 ἡ
2069 822 2237 891 ἀρετὴ
2270 821 2450 891 μόνον,
2490 820 2625 874 ἀλλά
2655 822 2749 875 καὶ
2782 824 2815 892 ἡ
2843 822 3222 893 φιλανθρωπία
3250 820 3343 876 τοῦ
3372 822 3665 878 Δεσπότου.

2004 900 2106 955 Τὸν
2134 903 2297 956 αὐτὸν
2325 903 2389 975 δὴ
2418 904 2615 976 τρόπον
2644 905 2736 957 καὶ¹
2782 902 2876 958 νῦν
2904 905 2992 957 διὰ
3029 906 3157 976 μίαν
3205 907 3301 976 μὲν
3329 905 3506 958 αἰτίαν
3535 905 3668 960 ταύ-

2001 1007 2101 1057 την
2120 1008 2134 1021 ο
2169 990 2237 1043 δι’
2267 990 2461 1062 ἑτέραν
2491 991 2570 1054 δέ,
2600 990 2785 1062 ἐπειδὴ
2826 991 3075 1045 ἐϐούλετο
3105 992 3282 1062 ζύμην
3311 991 3434 1045 τινά
3459 992 3552 1045 καὶ
3585 992 3667 1062 ῥί-

2003 1076 2103 1139 ζαν
2150 1075 2243 1129 τοῦ
2281 1077 2568 1148 μέλλοντος
2598 1081 2678 1142 εἰς
2721 1079 2783 1133 τὸ
2811 1078 2938 1150 ἑξῆς
2965 1077 3315 1132 συνίστασθαι
3347 1079 3538 1147 γένους
3571 1096 3670 1132 κα-

2001 1162 2354 1235 ταλειφθῆναι
2386 1180 2403 1196 ⁸
2448 1165 2548 1219 οὐκ
2601 1165 2788 1237 ἐπειδὴ
2841 1165 3101 1219 ἀδύνατον
3157 1161 3226 1237 ἦν
3275 1165 3352 1237 τῷ
3401 1164 3520 1237 Θεῷ
3577 1168 3669 1220 καὶ

2003 1250 2210 1305 ἀνωθεν
2249 1250 2412 1304 πάλιν
2451 1251 2742 1306 διαπλάσαι
2764 1294 2780 1320 ,
2811 1254 2903 1306 καὶ
2952 1253 3010 1319 ἐξ
3065 1253 3180 1317 ἑνὸς
3236 1254 3394 1325 μόνῳ
3426 1255 3485 1308 τὸ
3515 1256 3670 1325 γένος

2004 1337 2233 1407 αὐξῆσαι
2255 1354 2267 1367 °
2302 1338 2413 1390 ἀλλ’
2431 1339 2617 1410 ἐπειδὴ
2653 1339 2825 1403 οὕτως
2858 1340 3169 1412 ἐδοκίμασε,
3199 1342 3297 1412 τὴν
3327 1342 3501 1396 οἰκίαν
3530 1345 3668 1412 ἀγα--

1998 1422 2200 1494 θότητα
2225 1427 2389 1494 μιμοῦ
2399 1442 2578 1494 μενος.

2071 1509 2136 1565 ε’.
2169 1510 2367 1563 Σκόπει
2382 1510 2437 1563 δὲ
2459 1512 2553 1565 καὶ
2574 1510 2660 1564 διὰ
2684 1510 2790 1563 τῶν
2806 1511 2933 1584 ἑξῆς
2956 1510 3051 1566 τοῦ
3067 1512 3200 1567 Θεοῦ
3225 1514 3321 1586 τὴν
3338 1515 3665 1585 ἁγαθότητα.

2005 1596 2214 1669 Ὥσπερ
2247 1597 2355 1669 γὰρ
2383 1600 2440 1651 ἐν
2466 1602 2531 1670 τῇ
2561 1599 2754 1671 ἀπειλῇ
2784 1603 2882 1671 τῆς
2918 1601 3187 1672 τιμωρίας
3213 1642 3227 1665 ,
3268 1602 3405 1672 μετά
3429 1602 3523 1656 τοῦ
3561 1604 3670 1657 τῶν

2005 1684 2304 1756 ἀνθρώπων
2332 1687 2522 1753 γένους
2550 1687 2641 1739 καὶ
2684 1686 2752 1739 τά
2778 1688 2950 1758 κτήνη
2981 1689 3074 1741 καὶ
3101 1687 3168 1742 τὰ
3208 1689 3415 1757 ἑρπετά
3434 1728 3450 1755 ,
3479 1691 3574 1743 καὶ
3602 1692 3671 1745 τὰ

2004 1770 2247 1835 πετεινὰ,
2281 1772 2376 1824 καὶ
2403 1771 2472 1825 τά
2499 1771 2663 1843 θηρία
2686 1773 2979 1826 ἀπολέσθαι
3030 1769 3210 1827 εἷπενο
3261 1773 3405 1828 οὕτω
3448 1776 3542 1829 καὶ
3585 1776 3671 1828 ἑν-

2003 1857 2176 1911 ταῦθα
2196 1858 2282 1911 διὰ
2305 1857 2395 1910 τὸν
2431 1858 2636 1911 δίκαιον
2665 1859 2760 1913 καὶ
2789 1860 2854 1912 ἐκ
2886 1858 3091 1913 τούτων
3118 1860 3438 1931 εἰσαχθῆναι
3466 1863 3544 1927 είς
3572 1861 3670 1930 τὴν

2004 1944 2234 1999 κιϐωτὸν
2265 1943 2357 2014 ἀφ’
2387 1946 2615 1999 ἑκάστου
2641 1946 2831 2013 γένους
2865 1946 3190 2018 προστάττει
3227 1949 3355 2017 μίαν
3386 1948 3667 2016 συζυγίαν,

2003 2031 2143 2084 ῶστε
2179 2032 2397 2102 σπέρμα
2431 2032 2522 2085 καὶ
2571 2032 2824 2103 ἀπαρχὴν
2871 2033 3125 2100 γενέσθαι
3162 2034 3257 2087 τοῦ
3313 2035 3452 2105 μετὰ
3496 2035 3670 2090 ταῦτα

2006 2118 2287 2190 μέλλοντος
2331 2118 2545 2172 ἔσεσθαι
2589 2118 2846 2190 πλήθους.
2886 2120 2995 2173 Καὶ
3035 2121 3153 2173 ἀπὸ
3187 2121 3464 2188 πάντων,
3514 2124 3666 2193 φησὶ,

2002 2205 2121 2260 τῶν
2143 2205 2398 2272 κτηνῶν,
2429 2205 2529 2258 καί
2559 2205 2676 2259 ἀπὸ
2715 2205 2958 2259 πάντων
2988 2205 3105 2259 τῶν
3138 2208 3355 2276 θηρίων
3375 2249 3390 2269 ,
3424 2210 3521 2263 καὶ
3550 2210 3668 2264 ἀπὸ

2002 2293 2206 2359 πάσης
2240 2290 2500 2360 σαρκὸς,
2552 2290 2662 2344 δύο
2700 2289 2809 2344 δύο
2844 2292 2961 2345 ἀπὸ
3011 2291 3252 2347 πάντων
3291 2294 3550 2361 είσὰξεις
3583 2298 3670 2362 είς

2002 2373 2117 2441 τὴν
2145 2372 2414 2438 κιϐωτὸν,
2449 2373 2549 2426 ἵνα
2578 2370 2804 2441 τρέφῃς
2828 2375 2978 2442 μετὰ
3007 2375 3268 2429 σεαυτοῦ
3295 2393 3308 2406 ·
3339 2375 3530 2444 ἄρσεν
3569 2377 3669 2432 καὶ

2002 2454 2160 2523 θῆλυ
2189 2454 2456 2508 ἔσονται.
2498 2455 2632 2524 Ἀπὸ
2659 2454 2900 2508 πάντων
2928 2455 3045 2509 τῶν
3078 2457 3300 2524 ὀρνέων
3336 2458 3454 2512 τῶν
3481 2476 3670 2513 πετει-

2002 2533 2125 2586 νῶν
2157 2532 2304 2586 κατὰ
2350 2532 2524 2601 γένος
2550 2573 2564 2595 ,
2610 2533 2709 2586 καὶ
2740 2533 2859 2587 ἀπὸ
2886 2534 3006 2587 τῶν
3032 2534 3268 2603 κτηνῶν
3294 2537 3444 2589 κατὰ
3472 2536 3665 2606 γένος,

2002 2611 2254 2671 καὶηάπὸ
2305 2610 2423 2665 τῶν
2473 2610 2739 2679 ἑρπετῶν
2767 2611 2885 2665 τῶν
2924 2612 3226 2680 ἑρπόντων
3265 2614 3363 2666 ἐπὶ
3402 2614 3511 2684 τῆς
3561 2613 3672 2685 γῆς

2002 2688 2153 2743 κατὰ
2205 2689 2414 2758 γένος,
2459 2688 2569 2743 δύο
2611 2689 2721 2743 δύο
2771 2690 2892 2743 ἀπὸ
2943 2688 3185 2744 πάντων
3220 2693 3670 2747 εἰσελεύσονται

2004 2768 2152 2835 πρὸς
2183 2766 2279 2827 σὲ,
2308 2767 2629 2835 τρέφεσθαι
2655 2770 2805 2836 μετὰ
2837 2768 3120 2830 σεαυτοῦ,
3155 2766 3345 2837 ἄρσεν
3367 2771 3464 2824 καὶ
3489 2770 3667 2840 θῆλυ.

2005 2846 2174 2900 Τοῦτο
2209 2845 2282 2917 μὴ
2307 2844 2494 2908 ἁπλῶς
2527 2845 2891 2918 παραδράμῃς
2912 2885 2926 2909 ,
2959 2847 3209 2916 ἀγαπητέ
3238 2862 3250 2876 ·
3284 2847 3532 2918 ἐννόησον
3562 2849 3671 2920 γὰρ

2004 2926 2125 2977 ὅσον
2154 2924 2330 2978 ἔτικτε
2356 2924 2432 2993 τῷ
2454 2923 2649 2995 δικαίῳ
2672 2924 2764 2977 τὸν
2792 2923 3317 2994 θόρυϐον,ἐννοοῦντι
3345 2926 3442 2998 τὴν
3472 2927 3671 2981 τούτων

2005 3002 2141 3057 ὅλων
2174 3001 2507 3073 ἐπιμέλειαν.
2544 3003 2618 3055 Οὐ
2648 3001 2756 3073 γὰρ
2785 3001 2941 3072 ῆρκει
2973 3001 3122 3072 αὐτῷ
3147 3004 3179 3073 ἡ
3215 3005 3436 3074 φροντὶς
3460 3009 3558 3077 τῆς
3576 3022 3675 3072 γυ-

2005 3085 2218 3150 ναικὸς,
2255 3085 2348 3138 καὶ
2396 3084 2504 3137 τῶν
2543 3085 2747 3139 παίδων
2771 3124 2786 3149 ,
2847 3083 2940 3137 καὶ
2973 3085 3081 3138 τῶν
3126 3084 3330 3138 τούτων
3377 3089 3669 3154 γυναικῶν,

2006 3162 2142 3218 ἀλλά
2174 3165 2266 3217 καὶ
2307 3165 2340 3233 ἡ
2372 3163 2612 3234 μέριμνα
2661 3162 2768 3216 τῶν
2816 3164 3088 3217 τοσούτων
3130 3164 3338 3231 ἀλόγων
3368 3165 3520 3235 καὶὴ
3560 3165 3675 3220 δια-

2004 3242 2178 3313 τροφὴ
2207 3243 2577 3313 προσετίθετο.
2635 3241 2771 3295 Ἀλλ’
2806 3243 3097 3312 ἀνάμεινον
3146 3243 3374 3314 μικρὸν,
3419 3245 3511 3297 καὶ
3554 3244 3673 3314 ὄψει

2005 3319 2099 3373 τοῦ
2133 3319 2266 3372 Θεοῦ
2299 3318 2398 3390 τὴν
2425 3318 2756 3390 ἁγαθότητα,
2786 3320 2879 3373 καὶ
2899 3320 3047 3382 ὅπως
3072 3319 3409 3388 ἐπικουφίζει
3439 3322 3535 3392 τὴν
3556 3325 3675 3375 ἐπι-

2008 3397 2269 3469 κειμένην
2303 3396 2557 3468 φροντίδα
2603 3397 2681 3468 τῷ
2729 3397 2940 3468 δικαίῳ.
2984 3397 3067 3451 Σὺ
3104 3398 3172 3451 δὲ
3200 3398 3375 3467 λήψῃ
3418 3398 3672 3465 σεαυτῷ,

2009 3477 2195 3548 φησὶν,
2237 3477 2354 3529 ἀπὸ
2387 3473 2629 3527 πάντων
2674 3474 2794 3528 τῶν
2811 3476 3142 3546 βρωμάτων
3171 3471 3259 3531 ὧν
3289 3479 3531 3541 ἕδεσθε,
3574 3479 3675 3533 καὶ

2008 3553 2295 3619 συνάξεις
2320 3556 2470 3620 πρὸς
2492 3554 2785 3617 σεαυτὸν,
2831 3555 2929 3608 καὶ
2958 3555 3129 3608 ἔσται
3158 3571 3254 3609 σοι
3287 3557 3385 3609 καὶ
3423 3557 3675 3623 ἐκείνοις

2009 3630 2240 3701 φαγεῖν.
2271 3630 2363 3699 Μὴ
2399 3630 2628 3701 νομίσῃς
2649 3669 2663 3692 ,
2704 3633 2895 3701 φησὶν,
2940 3633 3273 3701 ἀπρονόητόν
3308 3651 3367 3685 σε
3406 3635 3674 3705 καταλιμ-

2011 3708 2297 3764 πάνεσθαι.
2345 3708 2475 3760 Ἰδοὺ
2516 3710 2624 3775 γὰρ
2663 3709 2982 3777 προστάττω
3011 3709 3107 3762 καὶ
3143 3711 3211 3763 τὰ
3249 3712 3384 3781 πρὸς
3410 3712 3506 3782 τὴν
3537 3714 3673 3782 ὑμε-

2010 3789 2173 3858 τέραν
2200 3784 2404 3856 τροφὴν
2452 3785 2727 3856 ἀρκοῦντα
2754 3827 2771 3852 ,
2805 3787 2901 3841 καὶ
2947 3788 3018 3841 τὰ
3066 3790 3201 3859 πρὸς
3244 3789 3535 3861 διατροφὴν
3566 3793 3674 3845 τῶν

2012 3866 2218 3933 ἀλόγων
2248 3864 2462 3941 ἅπαντα
2491 3862 2808 3934 εἰσαχθῆναι
2842 3866 2922 3929 εἰς
2955 3865 3050 3936 τὴν
3086 3868 3336 3932 κιϐωτὸν,
3366 3867 3502 3922 ὥστε
3538 3873 3673 3941 μήτε

2014 3943 2157 4012 ὑμᾶς
2200 3939 2358 4012 λιμοῦ
2397 3941 2491 3994 καὶ
2538 3943 2896 4013 στενοχωρίας
2943 3947 3136 4016 πεῖραν
3167 3945 3384 4011 λαϐεῖν,
3437 3939 3574 4018 μήτε
3600 3939 3675 4002 ίτά

2012 4021 2180 4089 ἄλογα
2209 4019 2573 4091 διαφθαρῆναι
2606 4021 2709 4099 οὐκ
2746 4020 2938 4099 ἔχοντα
2966 4025 3064 4092 τὴν
3098 4023 3429 4094 κατάλληλον
3449 4028 3670 4099 τροφήν.

2011 4100 2120 4154 Καὶ
2146 4098 2418 4166 ἐποίησε,
2442 4099 2596 4168 φησὶ,
2621 4098 2749 4152 Νῶε
2777 4098 2975 4153 πάντα
3004 4099 3121 4154 ὅσα
3151 4100 3485 4156 ἐνετείλατο
3515 4098 3675 4170 αὐτῷ

2012 4179 2225 4246 Κύριος
2260 4180 2292 4231 ὀ
2319 4177 2463 4243 Θεὸς
2486 4216 2502 4243 ,
2537 4177 2725 4243 οὕτως
2752 4177 3059 4245 ἐποίησεν.
3094 4177 3239 4250 Ὅρα
3273 4197 3363 4251 μοι
3398 4180 3557 4235 πάλιν
3583 4184 3675 4236 καὶ

2011 4255 2243 4310 ἐνταῦθα
2266 4256 2542 4325 ἐγκωμίου
2570 4255 2815 4326 μέγεθος.
2835 4257 3137 4325 Ἐποίησε,
3163 4260 3315 4327 φησὶ,
3334 4257 3460 4313 Νῶε
3481 4259 3676 4314 πάντα

2013 4336 2128 4390 ὅσα
2153 4336 2491 4389 ἐνετείλατο
2521 4333 2685 4399 αὐτῷ
2707 4336 2922 4402 Κύριος
2969 4338 3002 4390 ὁ
3032 4339 3196 4403 Θεός.
3233 4338 3309 4391 Οὐ
3337 4338 3398 4390 τὸ
3442 4338 3540 4407 μὲν
3567 4340 3674 4391 τῶν

2013 4414 2411 4484 ἐπιταχθέντων
2439 4415 2519 4475 εἰς
2564 4412 2721 4483 ἔργον
2746 4414 2950 4482 ῆγαγε,
2979 4413 3074 4467 τοῦ
3105 4414 3165 4467 δέ
3199 4416 3470 4485 ἠμέλησεν
3491 4458 3506 4483 ,
3540 4417 3674 4471 ἀλλά

2014 4495 2192 4548 πάντα
2221 4494 2290 4546 τὰ
2339 4491 2661 4545 ἐνταλθέντα
2702 4492 2946 4563 ἐποίησε,
2993 4495 3086 4547 καὶ
3132 4495 3331 4561 Οὕτως
3364 4496 3670 4564 ἐποίησεν,

2013 4572 2201 4642 ῶσπερ
2234 4569 2536 4624 ἐνετείλατο
2569 4570 2749 4642 αὐτῷ·
2786 4571 2936 4625 οὐδὲν
2965 4572 3293 4643 παρέλιπεν,
3323 4575 3458 4628 ἀλλά
3500 4577 3675 4630 πάντα

2016 4649 2296 4721 ἐπλήρωσε
2320 4687 2334 4712 ,
2366 4649 2459 4701 καὶ
2486 4648 2653 4715 ἔδειξε
2692 4648 2783 4702 καὶ
2806 4649 2872 4702 δι’
2901 4649 3082 4703 αὐτῶν
3106 4652 3214 4705 τῶν
3242 4652 3417 4723 ἔργων
3438 4692 3453 4717 ,
3477 4655 3557 4708 ὅτι
3593 4655 3673 4707 δι-

2016 4727 2181 4791 καίως
2226 4725 2432 4797 ἠξιώθη
2460 4726 2670 4791 εὐνοίας
2703 4727 2851 4798 παρά
2888 4727 2980 4781 τοῦ
3011 4731 3298 4783 Δεσπότου.
3330 4731 3515 4784 Πόσων
3553 4748 3675 4783 στε-

2017 4806 2200 4876 φάνων
2230 4806 2331 4859 οὐκ
2365 4805 2492 4869 ἀξία
2523 4805 2588 4859 ἂν
2619 4805 2827 4875 γένοιτο
2854 4809 2886 4877 ή
2928 4809 3198 4878 μαρτυρία
3222 4809 3358 4876 αὕτη
3381 4848 3394 4870 ,
3429 4808 3577 4880 1224]
3608 4805 3675 4880 ἧς

2016 4884 2299 4956 ἀπήλαυσε
2337 4883 2489 4955 παρά
2532 4885 2632 4956 τῆς
2679 4885 2830 4950 θείας
2861 4887 3082 4957 Γραφῆς
3113 4888 3142 4939 6
3189 4888 3435 4951 δίκαιος;
3473 4887 3568 4950 Τίς
3610 4888 3676 4942 ἂν

2016 4963 2225 5031 γένοιτο
2258 4963 2721 5034 μακαριστότερος
2753 4964 2847 5016 τοῦ
2878 4964 3051 5016 πάντα
3080 4967 3156 5027 εἰς
3191 4965 3349 5034 ἔργον
3382 4966 3675 5034 ἀγαγόντος

2016 5041 2084 5094 τά
2115 5040 2266 5111 παρὰ
2304 5041 2399 5094 τοῦ
2432 5040 2565 5093 Θεοῦ
2607 5040 2926 5093 ἑνταλθέντα
2952 5080 2966 5102 ,
2996 5042 3088 5095 καὶ
3136 5042 3401 5114 τοσαύτην
3432 5045 3678 5117 ὑπακοὴν

2020 5119 2148 5190 περὶ
2172 5120 2240 5173 τά
2262 5119 2620 5188 ἐπιταχθέντα
2643 5118 3082 5189 ἐπιδειξαμένου;
3104 5121 3213 5173 Καὶ
3240 5121 3327 5175 ἵνα
3350 5122 3526 5195 μάθῃς
3547 5123 3678 5195 ὅσης

2020 5196 2263 5261 ἀξιοῦται
2292 5197 2378 5249 διὰ
2403 5195 2559 5249 τοῦτο
2582 5196 2681 5265 τῆς
2710 5199 3063 5268 προρρήσεως
3088 5198 3237 5270 παρά
3259 5200 3353 5252 τοῦ
3376 5200 3483 5254 τῶν
3509 5204 3679 5258 ἀπάν..

2019 5294 2127 5330 των
2151 5274 2505 5346 δημιουργοῦ,
2537 5275 2701 5329 ἄκουε
2727 5276 2836 5329 τῶν
2858 5276 3011 5347 ἑξῆς
3036 5280 3144 5331 Καὶ
3175 5275 3326 5345 εἷπε,
3357 5282 3524 5351 φησὶ,
3558 5284 3677 5338 Κύ.

2015 5371 2147 5423 ριος
2170 5357 2204 5408 ὁ
2237 5354 2382 5420 Θεὸς
2406 5353 2556 5422 πρὸς
2575 5353 2704 5407 Νῶε
2726 5369 2740 5383 ⁸
2776 5355 3033 5409 Εἴσελθε
3059 5356 3141 5410 σὺ
3181 5357 3281 5411 καί
3311 5358 3430 5426 πᾶς
3452 5363 3485 5414 ό
3514 5357 3681 5429 οἶκός

2021 5448 2138 5486 σου
2161 5435 2248 5498 είς
2276 5432 2390 5499 τὴν
2423 5432 2690 5487 κιϐωτόν.
2723 5431 2855 5485 Εἶτα
2883 5434 2968 5486 ἵνα
3002 5433 3280 5506 μάθωμεν,
3316 5436 3393 5499 ὡς
3414 5438 3475 5489 οὐ
3498 5439 3678 5509 χάριτι

2027 5512 2184 5581 μόνον
2213 5509 2374 5573 σώζει
2406 5509 2494 5562 τὸν
2515 5509 2739 5575 δίκαιον,
2769 5510 2905 5565 ἀλλὰ
2934 5515 3029 5566 καὶ
3057 5512 3163 5566 τῶν
3192 5514 3367 5568 πόνων
3396 5515 3493 5576 τὰς
3522 5516 3678 5585 ἀμοι-

2024 5588 2124 5652 ϐἀς
2157 5587 2304 5657 αὐτῴ
2327 5586 2526 5649 δίδωσι,
2563 5589 2775 5658 καὶτῆς
2801 5591 3002 5660 ἀρετῆς
3033 5590 3131 5654 τὰς
3154 5592 3473 5655 ἀντιδόσεις,
3510 5596 3643 5663 φησί
3660 5612 3675 5628 ο

2023 5667 2120 5720 Διά
2145 5665 2302 5719 τοῦτό
2337 5683 2395 5717 σε
2433 5667 2751 5735 προστάττω
2778 5669 2856 5729 εἰς
2884 5667 2981 5738 τὴν
3009 5669 3236 5722 κιϐωτὸν
3262 5669 3518 5723 εἰσελθεῖν
3544 5689 3603 5741 με
3620 5673 3678 5724 τὰ

2024 5745 2117 5798 τοῦ
2146 5744 2293 5797 οἴκου
2340 5761 2453 5808 σου,
2488 5746 2615 5798 ’Ὀτι
2649 5761 2723 5799 σε
2759 5743 2923 5802 εἶδον
2954 5749 3187 5802 δίκαιον
3228 5749 3506 5802 ἐναντίον
3535 5752 3679 5820 ἐμοῦ

2026 5825 2096 5877 ἐν
2124 5822 2197 5888 τῇ
2224 5822 2397 5890 γενδᾷ
2424 5825 2627 5892 ταύτῃ.
2652 5827 2873 5896 Μεγάλη
2926 5827 3016 5879 καὶ
3046 5825 3365 5888 ’ἀξιόπιστος
3405 5829 3437 5894 ἡ
3473 5845 3679 5901 μαρτυ-

2031 5903 2139 5969 ρία.
2164 5901 2227 5951 Τί
2254 5902 2358 5970 γὰρ
2384 5901 2449 5953 ἂν
2482 5903 2689 5968 γένοιτο
2714 5904 2915 5972 ταύτης
2946 5904 3146 5972 μεῖζον,
3172 5902 3297 5951 ὅταν
3328 5901 3486 5965 αὐτὸς
3519 5909 3547 5957 6
3578 5908 3682 5973 Δηο

2031 5978 2286 6049 μιουργὸς
2304 6017 2319 6046 ,
2347 5981 2377 6030 ὁ
2400 5982 2488 6033 καὶ
2522 5985 2600 6045 εἰς
2625 5982 2681 6036 τὸ
2711 5979 2845 6057 εἶναι
2878 5977 3211 6050 παραγαγὼν
3230 6015 3243 6042 ι
3279 5978 3495 6031 τοιαῦτα
3515 5981 3681 6052 ψηφί-
