4066 6140
337 333 445 386 ﬁl?)

342 437 502 508 ζηται
531 434 655 505 περὶ
683 433 774 485 106
809 431 1050 496 δικαίου;
1085 431 1201 483 Ὅτι
1229 445 1322 494 σε,
1357 431 1522 499 φησὶν
1543 473 1556 494 ,
1587 426 1752 484 εἶδον
1773 427 2007 480 δίκαιον

341 525 617 578 ἐναντίον
641 521 806 590 ἐμοῦ.
851 521 916 572 Ἦ
954 519 1158 590 ἀληθὴς
1198 519 1366 588 ἀρετὴ
1402 517 1575 587 αὕτη,
1611 519 1738 570 ὅταν
1772 516 2011 568 ἐναντίον

348 610 441 664 τοῦ
461 608 594 662 Θεοῦ
628 625 709 670 τις
732 607 934 675 ταύτην
959 606 1342 671 ἐπιδείκνυται,
1371 607 1497 659 ὅταν
1526 607 1553 657 6
1575 605 1849 674 ὀφθαλμδς
1876 605 2012 655 ἐκεῖ·

349 714 438 759 νος
474 697 502 748 ὁ
541 694 977 764 ἀπαραλόγιστος
1019 693 1119 762 τὴν
1147 693 1324 762 ψῆφον
1354 693 1515 763 φέρῃ.
1574 687 1706 746 Εἶτα
1747 689 2012 744 διδάσκων

349 784 492 854 ἡμᾶς
519 783 547 834 6
571 781 948 850 φιλάνθρωπος
979 779 1110 842 Θεὸς
1140 781 1201 831 τὸ
1237 780 1432 849 μέτρον
1474 780 1574 848 τῆς
1607 779 1803 849 ἀρετῆς
1827 820 1841 844 ,
1877 780 2014 848 ὅπερ

346 870 546 940 ἀπῄτει
580 868 699 921 τότε
734 867 883 937 παρά
911 866 1003 919 106
1037 867 1245 919 δικαίου
1289 867 1384 935 (οὐ
1415 866 1522 936 γὰρ
1568 868 1626 918 16
1655 866 1785 918 αὐτὸ
1821 865 2014 933 μέτρον

349 959 479 1028 παρ’
505 957 736 1009 ἑκάστου
763 956 1006 1026 βούλεται
1042 956 1138 1024 τῆς
1167 956 1366 1025 ἀρετῆς
1392 954 1757 1023 εἰσφέρεσθαι,
1792 953 1926 1005 ἀλλά
1948 955 2012 1021 τῇ

346 1045 580 1115 διαφορᾷ
609 1043 717 1096 τῶν
751 1045 954 1113 χρόνων
988 1044 1080 1095 καὶ
1107 1041 1202 1111 τὴν
1241 1041 1503 1111 διαφορὰν
1532 1041 1629 1108 τῆς
1667 1041 1866 1111 ἀρετῆς
1897 1043 2016 1091 επι-

350 1134 559 1204 ζητεῖ),
594 1132 758 1201 φησιν
783 1172 797 1196 ,
826 1131 956 1183 Ὅτι
1000 1144 1072 1182 σε
1099 1125 1262 1182 εἶδον
1291 1129 1524 1181 δίκαιον
1548 1128 1826 1181 ἐναντίον
1872 1126 2015 1195 ἐμοῦ

351 1219 423 1273 ἐν
443 1217 515 1286 τῇ
539 1217 715 1287 γενεᾷ
744 1218 948 1283 ταύτῃ,
978 1216 1056 1278 εἰς
1082 1215 1275 1267 κακίαν
1295 1213 1628 1284 ἀποκλινάσῃ
1655 1212 1941 1282 τοσαύτην,
1963 1215 2018 1264 ἐν

349 1310 417 1378 τῇ
453 1307 614 1375 γενεᾷ
643 1304 814 1374 ταύτῃ
848 1305 911 1373 τῇ
971 1304 1211 1373 πονηρᾷ,
1253 1302 1347 1370 τὴν
1398 1301 1665 1370 τοσαύτην
1698 1300 2015 1369 ἀγνωμοσύ-

351 1412 450 1464 νην
498 1391 898 1463 ἐπιδειξαμένῃ.
934 1389 1010 1443 Σὲ
1052 1386 1217 1443 εἶδον
1260 1389 1522 1451 δίκαιον,
1561 1389 1619 1440 σὲ
1661 1391 1821 1459 μόνον
1864 1383 2019 1457 εὖρον

353 1479 692 1548 εὐγνώμονα,
711 1478 768 1530 σὲ
797 1474 933 1529 εἶδον
956 1477 1051 1546 τῆς
1080 1477 1278 1546 ἀρετῆς
1300 1476 1465 1528 πολὺν
1489 1476 1804 1545 ποιούμενον
1831 1476 1986 1542 λόγον
2003 1493 2015 1506 -

357 1570 420 1620 σὺ
460 1567 616 1637 μόνος
646 1565 882 1617 ἐναντίον
921 1581 1018 1633 μου
1048 1563 1251 1624 δίκαιος
1280 1561 1496 1633 ὤφθης,
1533 1563 1735 1615 τούτων
1767 1563 2020 1616 ἁπάντων

398 1653 742 1723 πολλυμένων
766 1669 780 1683 ⁶
817 1651 874 1703 σὲ
917 1651 1235 1721 προστάττω
1273 1649 1529 1701 εἰσελθεῖν
1579 1651 1715 1719 μετά
1745 1649 1838 1702 τοῦ
1872 1650 2020 1702 οἴκου

357 1758 449 1792 σου
482 1741 682 1802 παντὸς
715 1739 794 1800 εἰς
819 1739 920 1808 τὴν
953 1737 1184 1788 κιϐωτόν
1207 1753 1218 1766 ·
1267 1736 1375 1788 ἀπὸ
1404 1737 1459 1788 δὲ
1507 1735 1612 1787 τῶν
1657 1737 1866 1806 κτηνῶν
1916 1737 2023 1791 τῶν

357 1826 612 1898 καθαρῶν
635 1824 840 1878 κελεύω
876 1841 933 1875 σε
965 1825 1277 1890 εἰσαγαγεῖν
1301 1822 1439 1873 ἑπτά
1473 1824 1627 1876 ἑπτά.
1649 1823 1862 1892 Ἐπειδὴ
1888 1841 2021 1894 προ-

355 1912 533 1966 λαϐὼν
565 1911 892 1982 προσέταξεν
926 1910 1243 1979 ἀδιορίστως
1290 1909 1395 1961 ἀπὸ
1427 1910 1640 1962 πάντων
1683 1910 1809 1979 μίαν
1865 1909 2025 1975 συζυ-

356 2001 480 2068 γίαν
516 1998 867 2068 εἰσαχθῆναιο
901 1996 988 2049 διὰ
1021 1995 1178 2048 τοῦτο
1227 1995 1320 2048 νῦν
1376 2013 1538 2064 φησιν
1563 2039 1577 2060 ,
1617 1997 1748 2051 Ἀπὸ
1794 1997 1860 2050 δὲ
1909 1996 2026 2050 τῶν

357 2090 628 2158 καθαρῶν
656 2089 804 2142 ἑπτὰ
837 2089 1018 2150 ἑπτὰ,
1074 2086 1191 2140 ἀπὸ
1220 2086 1287 2139 δὲ
1327 2087 1446 2140 τῶν
1479 2086 1565 2155 μὴ
1600 2087 1870 2156 καθαρῶν
1916 2088 2025 2142 δύο

357 2180 486 2241 δύο,
517 2177 704 2246 ἄρσεν
731 2177 826 2230 καὶ
879 2175 1055 2243 θῆλυ.
1083 2171 1214 2227 Είτα
1259 2175 1357 2243 τὴν
1393 2174 1568 2227 αἰτίαν
1611 2175 1876 2228 διδάσκων
1927 2177 2024 2228 έπ-

359 2271 553 2335 ήγαγε,
581 2267 892 2334 Διαθρὲψαι
914 2262 1148 2330 σπέρμα
1173 2262 1270 2313 ἐπὶ
1297 2260 1503 2315 πᾶσαν
1533 2261 1645 2328 τὴν
1673 2262 1807 2331 γῆν.
1843 2263 2027 2328 ’Λξιον

357 2353 414 2405 δὲ
442 2351 676 2405 ἐνταῦθα
714 2351 1056 2420 διερευνῆσαι
1087 2349 1179 2401 καὶ
1227 2348 1351 2400 ἰδεῖν
1373 2389 1386 2410 ,
1421 2347 1579 2400 πόθεν
1620 2349 1736 2418 ᾔδει
1767 2353 1794 2402 6
1823 2349 2026 2412 δίκαιος

359 2443 481 2492 τίνα
514 2438 611 2508 μὲν
640 2433 707 2508 ἦν
747 2437 982 2506 καθαρὰ,
1011 2436 1132 2487 τίνα
1159 2435 1215 2487 δὲ
1243 2434 1547 2505 ἀκάθαρτα.
1581 2435 1804 2488 Οὐδέπω
1827 2437 1935 2506 γάρ
1961 2433 2027 2508 ἦν

360 2530 392 2595 ἠ
426 2526 688 2595 διαίρεσις
710 2522 846 2590 αὕτη
878 2521 1238 2592 γεγενημένη,
1273 2521 1339 2590 ἣν
1383 2521 1518 2591 μετὰ
1546 2520 1717 2574 ταῦτα
1744 2525 1770 2575 6
1797 2524 2027 2593 Μωῦσῆς

362 2612 721 2682 ἐνομοθέτησε
758 2612 869 2672 τοῖς
915 2609 1207 2672 Ἰουδαίοις.
1258 2609 1426 2661 Πόθεν
1470 2605 1560 2662 οὖν
1609 2610 1751 2678 ᾕδεις
1781 2611 2026 2676 Οίκοθεν,

363 2699 678 2767 κινούμενος
698 2696 804 2749 ἀπὸ
827 2698 923 2764 τῆς
954 2697 1009 2747 ὲν
1040 2698 1102 2764 τῇ
1134 2693 1291 2762 φύσει
1322 2695 1750 2763 ἐναποκειμένης
1777 2696 2029 2750 διδασκα-

362 2785 512 2849 λίας,
543 2784 680 2854 μετὰ
718 2783 774 2836 δὲ
805 2783 1005 2850 ταύτης
1040 2783 1133 2834 καὶ
1158 2784 1184 2834 6
1208 2781 1466 2850 λογισμὸς
1502 2782 1895 2851 ὑπηγόρευσεν,
1935 2787 2030 2837 οὐ.

363 2871 450 2923 δὲν
493 2870 602 2938 γάρ
657 2866 961 2936 ἀκάθαρτον
994 2866 1101 2917 τῶν
1150 2865 1297 2934 παρὰ
1332 2865 1424 2917 106
1463 2866 1596 2918 Θεοῦ
1630 2869 2027 2938 γεγενημένων.

366 2957 488 3020 Πῶς
517 2956 623 3026 γὰρ
654 2955 961 3026 ἀκάθαρτον
1009 2952 1338 3022 καλέσαιμέν
1375 2970 1426 3003 τι
1459 2952 1566 3004 τῶν
1606 2953 2031 3026 δημιουργηθέν-

361 3062 490 3108 των,
518 3043 663 3107 ἀπαξ
681 3043 776 3112 τῆς
803 3041 1006 3096 ἀνωθεν
1031 3041 1214 3110 ψήφου
1248 3041 1374 3110 περὶ
1402 3040 1580 3093 αὐτῶν
1604 3054 1627 3080 δ
1660 3045 2032 3116 γεγενημένης

365 3132 458 3184 καὶ
500 3129 756 3198 εἰπούσης
799 3131 892 3198 τῆς
948 3127 1096 3189 θείας
1150 3127 1407 3195 Γραφῆς,
1451 3127 1532 3178 ὅτι
1581 3125 1760 3180 Εἷδεν
1813 3133 1844 3182 ὁ
1889 3131 2033 3198 Θεὸς

364 3217 560 3272 πάντα
592 3217 707 3270 ὅσα
745 3217 1012 3282 ἐποίησε,
1044 3214 1140 3266 καὶ
1179 3213 1306 3265 ἰδοὺ
1337 3213 1493 3266 καλὰ
1523 3215 1666 3266 λίαν
1684 3231 1701 3277 ;
1741 3216 1898 3270 Ἀλλά
1926 3218 2033 3272 λοι-

366 3306 466 3357 πδν
507 3308 538 3374 ἡ
575 3303 734 3372 φύσις
771 3303 862 3370 ἀφ’
899 3301 1097 3370 ἑαυτῆς
1145 3301 1433 3371 κινουμένη
1469 3303 1565 3371 τὴν
1600 3303 1868 3376 διάκρισιν
1908 3309 2006 3361 ταύ

366 3410 466 3462 την
511 3390 840 3452 ἐπεδείξατο.
873 3389 983 3441 Kal
1025 3391 1106 3441 δτι
1145 3388 1300 3441 10616
1343 3389 1489 3440 ἐστιν
1524 3389 1747 3458 ἀληθὲς,
1786 3394 2036 3464 ἐννόησον

373 3497 462 3549 μοι
485 3478 562 3530 ἔτι
590 3477 681 3530 καὶ
714 3476 829 3540 νῦν,
861 3477 1008 3539 ὅπως
1037 3475 1092 3528 ἐν
1122 3492 1228 3528 τισι
1264 3477 1361 3545 μὲν
1385 3475 1571 3539 τόποις
1613 3478 1774 3532 τινῶν
1807 3481 2036 3552 ἀπέχον-

367 3583 458 3620 ται
491 3565 618 3617 ἔνιοι
656 3565 730 3627 ὼς
760 3563 1084 3633 ἀκαθάρτων
1115 3562 1209 3616 καὶ
1253 3565 1326 3633 μὴ
1356 3565 1775 3634 νενομισμένων,
1813 3567 1942 3621 ἔνιοι
1979 3572 2036 3624 δὲ

368 3656 570 3708 τούτων
600 3652 758 3705 πάλιν
795 3653 893 3721 τὴν
930 3649 1228 3720 μετάληψιν
1270 3649 1570 3712 ποιοῦνται,
1618 3652 1720 3721 τῆς
1751 3655 2036 3725 συνηθείας

369 3741 436 3794 αὑ
449 3741 564 3802 τοὺς
596 3739 688 3792 ἐπὶ
729 3739 884 3792 τοῦτο
913 3737 1170 3806 ἀγούσης.
1199 3737 1385 3801 Οὕτως
1410 3733 1502 3791 οὖν
1545 3738 1638 3790 καὶ
1669 3740 1787 3792 τότε
1818 3743 1956 3813 αὑτὴ
2001 3748 2034 3816 ἡ

370 3825 764 3895 ἐναποκειμένη
797 3825 997 3893 γνῶσις
1030 3824 1106 3892 τῷ
1144 3824 1338 3893 δικαίῳ
1368 3823 1610 3877 ἐδίδασκε
1637 3863 1650 3882 ,
1684 3826 1804 3879 τίνα
1839 3827 1938 3896 μὲν
1969 3823 2036 3899 ἦν

371 3912 522 3985 [225]
555 3912 692 3982 πρὸς
724 3911 924 3982 βρῶσιν
959 3910 1232 3981 ἐπιτήδεια
1254 3952 1267 3974 ,
1297 3910 1414 3962 τίνα
1465 3909 1521 3962 δὲ
1570 3913 1854 3981 ἀκάθαρτα
1885 3956 1897 3978 ,
1937 3917 2038 3968 οὑκ

370 4005 499 4057 ὄντα
525 4045 539 4066 ,
586 4002 719 4057 ἀλλά
755 4001 1101 4072 νομιζόμενα.
1135 3998 1290 4060 Τίνος
1335 3998 1517 4051 ἕνεκεν
1542 4039 1556 4064 ,
1607 4002 1726 4053 εἰπέ
1759 4019 1882 4071 μοι,
1919 4004 2037 4056 ὄνον

368 4093 676 4162 ἀκάθαρτον
708 4090 990 4162 ἡγούμεθα
1014 4127 1028 4151 ,
1058 4086 1230 4141 καίτοι
1267 4086 1416 4138 οὐδὲν
1447 4085 1632 4157 ἕτερον
1661 4090 1971 4159 σιτούμενον
2004 4093 2036 4162 ἢ

373 4181 664 4250 σπέρματα
685 4218 701 4243 ,
727 4178 888 4246 ἕτερα
927 4177 981 4228 δὲ
1014 4173 1121 4227 τῶν
1148 4173 1494 4244 τετραπόδων
1525 4175 1656 4244 πρὸς
1684 4176 1886 4246 βρῶσιν
1917 4181 2037 4232 ἐπι-

370 4267 557 4335 τήδεια
579 4264 894 4334 νομίζομεν,
919 4260 1094 4314 καίτοι
1115 4260 1424 4332 ἀκαθάρτου
1459 4265 1664 4332 τροφῆς
1695 4265 2038 4336 μεταλαμϐἀ.

369 4369 568 4417 νοντα;
610 4351 795 4412 Οὕτως
835 4353 868 4420 ή
903 4351 1052 4421 παρὰ
1084 4349 1177 4402 τοῦ
1211 4349 1345 4402 Θεοῦ
1378 4351 1744 4421 χορηγηθεῖσα
1779 4356 1844 4423 τῇ
1880 4354 2037 4422 φύσει

371 4441 571 4511 γνῶσις
601 4439 805 4492 τούτων
837 4437 1154 4500 διδάσκαλος
1177 4437 1404 4505 ἐγίνετο.
1453 4439 1684 4511 Ἑτέρως
1707 4440 1764 4492 δὲ
1793 4440 1938 4494 ἐστιν
1961 4445 2039 4496 εἰ·-

416 4532 514 4591 εῖν,
545 4530 627 4582 ὅτι
658 4527 751 4579 καὶ
775 4528 802 4580 6
827 4526 1129 4596 προστάξας
1152 4523 1282 4587 Θεὸς
1304 4527 1403 4596 τὴν
1435 4525 1633 4594 γνῶσιν
1663 4527 1810 4598 αύτῴ
1834 4529 2037 4584 τούτων

368 4618 535 4688 δήλην
566 4602 838 4686 ἐποίησεν.
884 4612 1042 4666 Ἀλλά
1071 4613 1195 4682 περὶ
1233 4611 1331 4681 μὲν
1361 4613 1469 4666 τῶν
1498 4614 1752 4686 καθαρῶν
1783 4617 1874 4670 καὶ
1901 4620 2037 4672 ἀκα-

373 4707 585 4777 θάρτων
617 4702 929 4775 ἀρκούντως
952 4701 1276 4770 εἰρήκαμεν.

443 4793 517 4858 ς’.
542 4794 706 4847 Πάλιν
729 4791 783 4845 δὲ
799 4791 984 4860 ἕτερον
1005 4790 1132 4858 ἡμῖν
1159 4785 1453 4839 ἀνακύπτει
1478 4786 1695 4859 ζήτημα
1717 4806 1727 4817 ·
1758 4792 1820 4843 Τί
1842 4793 2037 4864 δήποτε

369 4880 478 4933 ἀπὸ
513 4880 611 4951 μὲν
639 4879 747 4933 τῶν
780 4875 1104 4947 ἀκαθάρτων
1136 4873 1228 4926 δύο
1261 4873 1353 4924 δύο
1373 4913 1386 4936 ,
1417 4875 1524 4927 ἀπὸ
1555 4875 1610 4926 δὲ
1652 4876 1758 4929 τῶν
1786 4879 2038 4949 καθαρῶν

369 4968 508 5021 ἑπτὰ
537 4966 710 5035 έπτά;
741 4965 835 5017 καὶ
867 4963 1025 5018 πάλιν
1047 4978 1060 4992 ’
1090 4962 1244 5022 Τίνος
1269 4961 1454 5013 ἕνεκεν
1479 4962 1574 5032 οὐχ
1605 4962 1665 5026 ἒξ
1685 5003 1699 5027 ,
1728 4964 1847 5016 οὐδὲ
1873 4966 2036 5030 ὀκτὼ,

367 5055 480 5108 ἀλλ’
502 5053 668 5116 ὲπτά;
697 5053 849 5121 Τάχα
874 5053 951 5114 εἰς
977 5048 1108 5102 πολὺ
1137 5051 1307 5118 μῆκος
1330 5049 1358 5099 6
1381 5048 1534 5116 λόγος
1561 5051 1692 5120 ἡμῖν
1719 5052 2035 5106 ἐκτείνεται·

368 5145 484 5198 ἀλλ’
515 5144 563 5194 εἰ
595 5142 670 5212 μὴ
695 5141 1032 5209 ἀπεκάμετε,
1067 5139 1159 5191 καὶ
1187 5137 1459 5208 βούλεσθε,
1486 5140 1762 5209 συντόμως
1792 5141 1885 5193 καί.
1913 5144 2039 5212 περὶ

367 5231 572 5286 τούτων
620 5228 900 5298 διδάξομεν
938 5228 1035 5297 τὴν
1089 5227 1358 5299 ὑμετέραν
1410 5229 1665 5297 ἀγάπην,
1702 5229 1846 5298 άπερ
1891 5229 1957 5283 ἂν
2005 5233 2037 5302 ή

369 5319 462 5371 106
491 5317 626 5370 Θεοῦ
668 5317 826 5387 χάρις
855 5317 1158 5386 χορηγήσῃ.
1193 5315 1386 5367 Πολλοί
1423 5316 1527 5386 γὰρ
1563 5316 1732 5369 πολλὰ
1763 5318 1888 5388 περὶ
1917 5318 2039 5371 τού-

369 5425 476 5460 των
519 5404 874 5476 μυθολογοῦσι
901 5444 914 5466 ,
952 5403 1045 5456 καὶ
1089 5401 1336 5454 ἐντεῦθεν
1390 5404 1640 5475 ἀφορμὴν
1671 5404 2038 5473 λαμϐάνοντες

369 5495 778 5566 παρατηρήσεις
818 5490 1064 5563 ἀριθμῶν
1099 5489 1512 5543 ἐπιδείκνυνται.
1551 5491 1671 5543 Ὅτι
1703 5491 1758 5542 δὲ
1793 5491 1892 5543 οὐκ
1924 5491 2039 5543 ἐστι

371 5584 779 5655 παρατήρησις,
815 5580 930 5633 ἀλλ’
953 5581 986 5649 ἡ
1023 5579 1248 5648 ἄκαιρος
1291 5577 1770 5648 φιλοπραγμοσύνῃ
1803 5579 1909 5630 τῶν
1950 5579 2038 5631 ἀνα

430 5754 446 5776 ⁸
481 5755 571 5803 Mli
596 5755 697 5817 περὶ
721 5753 892 5811 αὐτῶν,
919 5751 1002 5800 alii
1027 5750 1142 5812 ὑπὲρ
1165 5748 1340 5796 αὐτῶν.

1131 316 1186 372 S.
1224 312 1505 370 JOANNIS
1539 306 2027 368 CIIBYSOSTOMI
2072 304 2392 360 ARCHIEP.
2433 302 2983 360 CONS'I‘AN'I‘INUP.

3677 299 3811 351 (ετ-ι

2113 421 2346 492 θρώπων
2399 419 2570 473 ταῦτα
2623 418 2984 471 ἀναπλάττειν
3041 417 3348 486 ἐπιχειρεῖ,
3411 415 3534 468 ὅθεν
3582 417 3676 466 καὶ
3744 413 3812 466 οι⁸

2114 507 2327 570 πλείους
2351 508 2458 560 τῶν
2481 506 2745 576 αἱρέσεων
2782 505 3110 574 ἐτέχθησαν,
3142 504 3337 557 αὐτίκα
3372 503 3514 572 μάλα
3547 501 3808 554 εἴσεσθε.

2114 597 2221 649 Καὶ
2254 597 2362 666 γάρ
2385 595 2458 658 ὡς
2479 595 2572 646 ἐπὶ
2602 594 2661 646 τὸ
2695 594 2943 646 πλεῖστον
2971 594 3079 662 (ἵνα
3104 591 3344 661 δόξωμεν
3375 592 3452 654 ὡς
3476 592 3540 642 ἐκ
3564 606 3808 660 περιου-

2116 685 2236 746 σίας
2277 682 2648 752 ἐπιστομίζειν
2690 682 2814 744 τοὺς
2855 681 2922 732 τά
2964 680 3070 732 ἀπὸ
3113 680 3218 733 τῶν
3253 680 3466 732 οἰκείων
3506 677 3809 746 λογισμῶν

2115 770 2557 842 ἐπεισφέροντας)
2590 769 2915 839 εὑρίσκομεν
2949 771 3006 820 ὲν
3042 771 3162 830 ταῖς
3192 768 3435 837 Γραφαῖς
3471 766 3670 837 μᾶλλον
3695 767 3810 818 τὸν

2114 860 2214 928 τῆς
2262 859 2522 926 συζυγίας
2552 856 2781 926 ἀριθμὸν
2813 854 3134 924 σωζόμενον.
3169 855 3278 907 Καὶ
3320 855 3428 925 γὰρ
3458 855 3621 922 ἡνίκα
3676 854 3804 906 ἀττ-

2118 946 2329 999 έστελλε
2358 945 2484 1008 τοὺς
2514 944 2794 1015 μαθητάς,
2833 943 2924 996 δύο
2972 942 3064 995 δύο
3094 943 3287 1004 αὐτοὺς
3329 941 3646 1003 ἀπέστελλε,
3693 941 3806 992 καὶ

2119 1033 2270 1086 αὐτοὶ
2303 1033 2357 1085 δὲ
2393 1031 2590 1094 πάντες
2615 1030 2824 1084 δώδεκα
2854 1026 2993 1100 ἦσαν
3020 1069 3033 1091 ,
3080 1031 3172 1082 καὶ
3212 1028 3280 1081 τά
3313 1028 3615 1095 Εύαγγέλια
3662 1027 3806 1078 τέσ-

2121 1138 2260 1190 σαρα
2307 1120 2397 1172 τὸν
2445 1118 2675 1190 ἀριθμόν
2708 1119 2871 1171 ἐστιν.
2925 1117 3082 1169 Ἀλλὰ
3110 1116 3281 1168 ταῦτα
3331 1116 3580 1186 περιττὸν
3614 1117 3816 1167 κινεῖν

2119 1210 2210 1260 ἐπὶ
2259 1211 2359 1278 τῆς
2415 1207 2688 1277 ὑμετέρας
2736 1207 2994 1276 ἀγάπης,
3042 1205 3425 1274 δεδιδαγμένης
3479 1205 3627 1268 ἅπαξ
3673 1207 3806 1267 τοῖς

2119 1295 2376 1356 τοιούτοις
2403 1295 2767 1364 ἀποφράττειν
2793 1293 2892 1356 τὰς
2935 1294 3122 1355 ἀκοάς.
3179 1294 3498 1360 Ἀναγκαῖον
3523 1292 3577 1344 δὲ
3601 1292 3806 1344 λοιπὸν

2122 1386 2315 1444 εἰπεῖν,
2346 1381 2488 1444 τίνος
2519 1381 2704 1433 ἕνεκεν
2734 1379 2874 1433 έπτά
2905 1379 3043 1432 ἑτι·τά
3088 1379 3195 1432 ἀπὸ
3237 1379 3346 1432 τῶν
3381 1378 3635 1450 καθαρῶν
3673 1381 3806 1431 εἰσ-

2122 1470 2351 1539 αχθῆναι
2370 1471 2447 1531 εἰς
2465 1469 2560 1536 τὴν
2576 1468 2806 1521 κιϐωτὸν
2829 1466 3145 1539 προσέταξε.
3168 1467 3240 1519 Τὸ
3261 1468 3358 1536 μέν
3384 1467 3599 1520 πλείονα
3620 1483 3806 1536 προσ-

2122 1557 2278 1619 τάξαι
2302 1554 2409 1606 τῶν
2430 1554 2685 1622 καθαρῶν
2730 1554 3067 1623 εἰσαχθῆναι,
3094 1554 3181 1608 διὰ
3204 1554 3260 1606 16
3288 1554 3640 1623 παραμυθίαν
3669 1555 3806 1606 τινά

2123 1643 2264 1713 ἔχειν
2296 1643 2388 1695 καὶ
2416 1642 2505 1694 τὸν
2532 1641 2756 1705 δίκαιον,
2783 1642 2874 1694 καὶ
2905 1642 3032 1703 τοὺς
3064 1643 3158 1693 σὺν
3184 1641 3333 1710 αύτῷ
3355 1645 3453 1710 τῆς
3483 1640 3539 1706 ἐξ
3566 1641 3802 1693 ἐκείνων

2124 1731 2476 1793 ἀπολαύσεως
2511 1730 2836 1800 μετέχοντας
2910 1729 2970 1780 16
3016 1729 3071 1781 δὲ
3107 1729 3243 1781 ἑπτά
3290 1728 3428 1780 ἑπτὰ
3457 1770 3469 1790 ,
3513 1728 3805 1780 καὶτοῦτο

2125 1819 2306 1882 πάλιν,
2347 1820 2395 1870 εἰ
2419 1819 2514 1890 τὴν
2549 1817 2726 1870 αἰτίαν
2765 1815 3006 1886 μάθοιτε,
3041 1815 3312 1879 ἀπόδειξις
3337 1816 3402 1868 ἂν
3430 1817 3513 1884 είη
3559 1815 3804 1884 μεγίστη

2121 1908 2220 1978 τῆς
2267 1905 2510 1976 φιλοθέου
2556 1904 2779 1974 γνώμης
2825 1903 2916 1956 106
2951 1903 3179 1957 δικαίου.
3225 1904 3440 1974 Ἐπειδὴ
3472 1903 3579 1974 γὰρ
3615 1903 3732 1974 ᾔδει
3770 1906 3804 1955 ὸ

2126 1993 2503 2064 φιλάνθρωπος
2539 1992 2668 2054 Θεὸς
2704 1991 2795 2043 τοῦ
2826 1991 3014 2062 ἀνδρὸς
3049 1993 3149 2060 τὴν
3192 1991 3390 2061 ἀρετὴν
3415 2032 3428 2053 ,
3460 1992 3552 2043 καὶ
3580 1992 3662 2043 δτι
3709 1991 3799 2042 ὀί-

2127 2099 2277 2145 καιος
2304 2081 2396 2143 ὢν,
2434 2081 2527 2132 καὶ
2564 2079 2829 2150 τοσαύτης
2857 2078 3169 2142 ἀπολαύσας
3201 2080 3352 2148 παρὰ
3382 2077 3472 2130 106
3516 2079 3799 2130 Δεσπότου

2127 2168 2565 2238 φιλανθρωπίας,
2599 2169 2693 2220 καὶ
2724 2167 2815 2218 106
2861 2167 3114 2218 τοσούτου
3168 2167 3458 2218 κλυδωνίου
3513 2166 3800 2232 διαφυγὼν

2127 2261 2222 2328 τὴν
2250 2261 2474 2328 πεῖραν,
2512 2257 2708 2327 ἤμελλε
2765 2256 2900 2326 μετά
2944 2257 3040 2326 τὴν
3079 2257 3395 2327 ἀπαλλαγὴν
3433 2257 3540 2310 τῶν
3580 2256 3799 2313 δεινῶν,

2129 2347 2219 2398 καὶ
2248 2346 2308 2397 16
2337 2344 2763 2414 ὲλευθερωθῆναι
2791 2345 2887 2413 τῆς
2915 2345 2970 2395 ὲν
3000 2346 3064 2413 τῇ
3095 2343 3312 2413 κιϐωτῷ
3353 2345 3627 2413 διαγωγῆς
3650 2385 3662 2402 ,
3698 2345 3806 2413 τὴν

2127 2433 2333 2485 οἰκείαν
2369 2431 2783 2500 εὐγνωμοσύνην
2817 2429 3237 2490 ἐπιδείκνυσθαι,
3265 2432 3358 2482 καὶ
3389 2430 3673 2500 βούλεσθαι
3704 2431 3803 2483 θυ-

2130 2522 2250 2579 σίας
2279 2520 2564 2586 ἀνενέγκαι
2603 2518 2742 2588 ύπὲρ
2771 2518 3118 2587 εὐχαριστίας
3149 2517 3258 2570 τῶν
3291 2519 3673 2588 γεγενημένιι›ν
3704 2521 3804 2572 καὶ

2131 2607 2493 2678 ὑπηργμένων
2514 2607 2614 2658 αύτ
2631 2608 2682 2674 ξι,
2703 2607 2787 2658 ἵνα
2813 2607 2886 2675 μὴ
2913 2605 3068 2657 τοῦτο
3095 2605 3262 2658 ποιῶν
3285 2606 3673 2678 ἀκρωτηριάση
3699 2609 3803 2668 τὰς

2133 2695 2387 2763 συζυγίας
2415 2735 2428 2758 ,
2460 2695 2546 2748 διά
2575 2694 2733 2747 10610
2758 2693 3021 2765 προειδὼς
3051 2693 3214 2746 αὑτοῦ
3248 2695 3343 2764 τῆς
3368 2696 3588 2765 γνώμης
3618 2697 3681 2747 16
3709 2697 3806 2748 εύ-

2131 2781 2385 2852 χάριστον
2433 2780 2644 2834 κελεύει
2698 2782 2834 2832 ἑπτά
2886 2779 3025 2831 ἑπτά
3075 2779 3386 2847 εἰσάγεσθαι
3426 2781 3517 2849 ἀφ’
3564 2783 3802 2834 ἑκάστου

2130 2870 2318 2938 γένους
2368 2869 2474 2921 τῶν
2524 2869 2756 2940 ὀρνέων,
2799 2868 2886 2921 ἵνα
2933 2871 3032 2937 τῆς
3087 2867 3456 2939 πανωλεθρίας
3513 2870 3804 2939 παυσαμέ-

2131 2974 2228 3026 νης
2271 2957 2366 3010 καὶ
2417 2957 2506 3009 τὸν
2556 2958 2751 3008 οἰκεῖον
2809 2955 3007 3007 σκοπὸν
3059 2955 3422 3025 ἐπιδείξηται,
3456 2958 3551 3009 καὶ
3579 2959 3645 3026 τῇ
3702 2974 3803 3009 συ-

2134 3043 2295 3113 ζυγία
2342 3044 2449 3095 τῶν
2497 3043 2754 3094 πετεινῶν
2801 3041 2894 3094 καὶ
2945 3042 3052 3095 τῶν
3096 3042 3298 3095 λοιπῶν
3345 3043 3543 3113 όρνέων
3592 3045 3669 3114 μὴ
3708 3045 3803 3096 λυ-

2137 3133 2410 3200 μήνηται,
2464 3129 2492 3181 ὃ
2544 3129 2607 3200 δὴ
2667 3131 2759 3180 καὶ
2810 3129 3104 3200 προϊούσης
3155 3129 3254 3197 τῆς
3305 3129 3650 3192 διδασκαλίας
3694 3149 3803 3200 μαι

2135 3217 2364 3288 θήσεσθε
2403 3257 2416 3277 ,
2471 3217 2687 3268 ἐπειδάν
2744 3219 2822 3278 εἰς
2876 3216 3036 3268 αὐτὸν
3094 3216 3184 3268 τὸν
3255 3217 3416 3269 τόπον
3473 3219 3804 3289 παραγενώ-

2138 3303 2296 3375 μεθα.
2353 3303 2504 3374 [2‘26]
2556 3303 2788 3366 Ὅψεσθε
2840 3304 2948 3374 γάρ
3003 3303 3093 3355 16v
3142 3304 3348 3356 δίκαιον
3405 3303 3594 3358 τοῦτον
3643 3308 3804 3360 τοῦτο

2135 3395 2492 3464 πεποιηκότα.
2533 3393 2793 3462 Ἐμάθετε
2845 3393 2944 3462 τὴν
2995 3392 3206 3457 αἰτίαν,
3242 3393 3311 3444 δι’
3368 3395 3432 3463 ἣν
3462 3394 3604 3448 ἑπτὰ
3658 3397 3803 3450 ἑπτὰ

2136 3484 2446 3549 εἰσαγαγεῖν
2475 3479 2834 3550 προσετάχθη.
2853 3479 3060 3549 Μηκέτι
3082 3479 3262 3532 λοιπὸν
3287 3481 3541 3550 ἀνέχεσθε
3569 3482 3675 3534 τῶν
3703 3501 3802 3552 μυ⁹

2137 3569 2374 3637 θολογεῖν
2421 3567 2859 3638 ἐπιχειρούντων,
2915 3569 3008 3620 καὶ
3055 3569 3652 3637 καταστοιχειουμένων
3701 3571 3800 3639 τῆς

2138 3656 2285 3719 θείας
2313 3655 2552 3726 Γραφῆς,
2585 3655 2677 3707 καὶ
2705 3654 2769 3706 τά
2807 3655 2914 3708 ἀπὸ
2943 3654 3036 3706 106
3067 3655 3267 3706 οἰκείου
3301 3655 3420 3718 νοὸς
3449 3658 3800 3728 ὲπεισφερόν-

2139 3759 2243 3796 των
2295 3745 2406 3804 τοῖς
2438 3742 2599 3803 θείοις
2646 3741 2990 3811 διδάγμασιν.
3035 3742 3253 3813 Ἐπειδὴ
3298 3743 3476 3796 τοίνυν
3524 3744 3803 3808 διετάξατο

2138 3831 2313 3884 πάντα
2339 3832 2544 3899 σαφῶς,
2572 3831 2665 3882 καὶ
2701 3831 2826 3900 περὶ
2848 3829 2954 3882 τῶν
2979 3832 3200 3900 ὀρνέων,
3231 3832 3324 3884 καὶ
3347 3833 3472 3902 περί
3497 3832 3604 3885 τῶν
3633 3833 3801 3886 καθαο

2142 3918 2269 3988 ρῶν,
2312 3920 2402 3972 καὶ
2435 3918 2561 3988 περί
2586 3917 2693 3969 τῶν
2723 3917 3066 3986 ἀκαθάρτων,
3100 3921 3193 3971 καὶ
3239 3922 3336 3989 τῆς
3361 3919 3564 3971 τούτων
3589 3919 3800 3990 διατρο-

2139 4007 2263 4074 φῆς,
2317 4005 2448 4074 φησί
2489 4005 2622 4075 πρὸς
2650 4004 2740 4057 τὸν
2788 4005 3026 4058 δίκαιον·
3071 4007 3194 4058 Ἔτι
3220 4006 3330 4074 γὰρ
3362 4005 3596 4074 ’ἡμερῶν
3629 4009 3798 4074 ἑπτὰ,

2140 4092 2236 4145 καὶ
2286 4093 2412 4146 ἰδοὺ
2441 4091 2555 4161 ἐγὼ
2591 4092 2788 4160 ἐπάγω
2826 4093 3002 4146 ὑετὸν
3047 4093 3145 4145 ἐπὶ
3197 4093 3312 4161 τὴν
3364 4094 3479 4162 γῆν
3511 4096 3803 4164 τεσσαρὰο

2143 4195 2328 4232 κοντα
2375 4179 2599 4247 ἡμέρας
2637 4181 2734 4232 καὶ
2772 4180 3227 4246 τεσσαράκοντα
3271 4184 3515 4248 νύκτας,
3564 4183 3661 4236 καί
3710 4185 3790 4246 ἐξ·

2139 4267 2372 4333 avla/Wo)
2400 4264 2607 4318 πᾶσαν
2633 4267 2746 4333 τὴν
2785 4266 3217 4332 ἐξανάστασιν,
3262 4267 3341 4335 ἣν
3370 4269 3647 4334 ἐποίησα,
3687 4271 3801 4324 ἀπὸ

2139 4352 2461 4420 προσώπου
2521 4351 2628 4420 τῆς
2673 4351 2804 4422 γῆς,
2857 4353 2976 4407 ἀπὸ
3008 4353 3323 4422 ἀνθρώπου
3357 4355 3468 4422 ἕως
3519 4355 3796 4423 κτήνους.

2140 4440 2337 4493 Σκόπει
2396 4458 2484 4509 μοι
2534 4442 2624 4493 καὶ
2674 4443 2737 4493 ἐκ
2776 4441 2882 4493 τῶν
2926 4440 3021 4493 νῦν
3087 4442 3392 4512 εἰρημένων
3457 4443 3556 4510 τῆς
3606 4443 3797 4510 ἀγαθό-

2138 4545 2298 4597 τητος
2343 4527 2508 4579 αὐτοῦ
2567 4529 2665 4598 τὴν
2735 4527 3057 4598 ὑπερϐολὴν,
3093 4528 3211 4590 πῶς
3278 4529 3415 4598 μετὰ
3497 4531 3797 4599 τὴντοσαύ-

2138 4634 2236 4686 την
2279 4616 2661 4687 μακροθυμίαν
2680 4617 2770 4670 καὶ
2813 4618 2906 4670 νῦν
2942 4618 3047 4687 πρὸ
3092 4619 3230 4671 ἑπτὰ
3265 4621 3484 4690 ἡμερῶν
3526 4622 3794 4690 προλέγει,

2141 4703 2459 4773 βουλόμενος
2510 4703 2585 4774 τῷ
2649 4705 2797 4774 φόϐῳ
2849 4706 3319 4776 σωφρονεστέρους
3385 4709 3584 4770 αὐτοὺς
3647 4711 3796 4778 ποιῆ-

2142 4807 2261 4853 σαι,
2318 4792 2413 4843 καὶ
2469 4793 2547 4854 εἰς
2605 4792 2894 4860 μετάνοιαν
2956 4794 3203 4861 ἀγαγεῖν.
3256 4795 3364 4847 Καὶ
3412 4795 3494 4847 ὅτι
3539 4795 3625 4848 διὰ
3653 4797 3797 4849 10610

2141 4879 2414 4948 προλέγει,
2435 4880 2520 4932 ἵνα
2543 4879 2615 4950 μὴ
2633 4881 2884 4950 ἐπαγάγῃ
2908 4880 2974 4932 τά
2994 4883 3123 4951 παρ’
3141 4881 3307 4935 αύτοῦ
3332 4884 3618 4953 εἰρημένα,
3638 4885 3796 4936 ἐννόει

2143 4985 2231 5038 μοι
2260 4969 2385 5030 τοὺς
2421 4969 2727 5032 Νινευῒτας,
2776 4969 2867 5022 καὶ
2902 4968 3063 5037 βλέπε
3093 4969 3233 5039 πόση
3273 4972 3306 5041 ἡ
3342 4970 3574 5042 διαφορὰ
3604 4971 3797 5024 τούτων

2142 5055 2425 5108 κάκείνων.
2465 5056 2621 5108 Μετὰ
2653 5056 2762 5126 γάρ
2795 5057 3030 5109 τοσαῦτα
3078 5057 3171 5129 ἐτη
3219 5057 3554 5120 ἀκούσαντες
3601 5060 3681 5112 ὅτι
3715 5060 3798 5112 ἐπὶ

2141 5146 2331 5216 θύραις
2383 5146 2498 5196 ἐστὶ
2530 5145 2597 5198 τά
2631 5145 2798 5208 δεινά,
2835 5147 2954 5198 οὐδὲ
3005 5147 3146 5199 οὕτω
3175 5147 3274 5217 τῆς
3311 5148 3506 5212 κακίας
3549 5148 3793 5220 ἔστησαν.

2139 5233 2249 5285 Καὶ
2285 5232 2389 5303 μὴν
2418 5232 2687 5302 εἰώθαμέν
2732 5251 2869 5296 πως,
2922 5234 3220 5304 μελλούσης
3267 5237 3364 5304 μὲν
3393 5236 3490 5306 τῆς
3517 5236 3794 5306 τιμωρίας,

2142 5320 2403 5390 ῥᾳθυμεῖν
2435 5320 2526 5372 καὶ
2556 5319 3001 5374 διαναϐάλλεσθαι
3021 5339 3034 5351 ο
3062 5322 3282 5374 ἐπειδάν
3320 5321 3377 5375 δὲ
3409 5322 3637 5393 πλησίον
3658 5318 3798 5393 ὦμεν

2139 5406 2246 5459 τῶν
2268 5406 2454 5458 λυπεῖν
2483 5406 2817 5476 δυναμένων,
2863 5408 2984 5460 τότε
3021 5407 3403 5462 συστέλλεσθαι
3457 5410 3551 5461 καὶ
3607 5409 3797 5479 πολλὴν

2139 5493 2539 5546 ἐπιδείκνυσθαι
2557 5494 2653 5564 τὴν
2674 5495 2974 5567 μεταϐολήν
2991 5514 3004 5526 ο
3031 5496 3135 5566 δδὴ
3167 5499 3257 5549 καὶ
3282 5497 3373 5549 ἐπὶ
3392 5497 3498 5548 τῶν
3514 5497 3798 5552 Νινευῖτῶν

2140 5581 2380 5648 γέγονεν.
2424 5579 2642 5650 Ἐπειδὴ
2694 5583 2801 5652 γὰρ
2825 5583 3086 5652 ἤκουσαν,
3121 5585 3202 5635 ὅτι
3240 5585 3363 5636 Ἔτι
3393 5584 3544 5650 τρεῖς
3576 5584 3792 5652 ἡμέραι,

2141 5667 2237 5719 καί
2262 5666 2464 5719 Νινευῒ
2489 5669 3070 5736 καταστραφήσεται,
3097 5671 3158 5723 οὐ
3193 5671 3353 5741 μόνον
3376 5671 3475 5723 οὐκ
3508 5672 3797 5742 ἀπηγόρευ-

2145 5771 2264 5820 σαν,
2301 5751 2434 5807 ἀλλά
2470 5755 2559 5808 καὶ
2582 5754 2934 5828 διανέστησαν
2963 5759 3094 5830 πρὸς
3139 5759 3197 5814 τὸ
3222 5760 3405 5831 ῥηθὲν,
3431 5758 3522 5813 καὶ
3547 5762 3794 5830 τοσαύτην
