4066 6140
348 389 458 447 915

351 500 691 570 pronuntiat?
722 498 856 565 Quia
892 506 940 551 te
976 496 1074 549 vidi
1109 495 1326 566 justum,
1378 494 1565 563 inquit,
1607 508 1778 546 coram
1823 506 1918 545 me.

356 596 488 648 Vera
538 590 654 646 lucc
696 590 864 643 virtus
900 598 1003 652 est,
1035 585 1249 655 quando
1286 599 1468 639 coram
1500 585 1611 640 Deo
1638 583 1755 652 quis
1784 583 1924 636 illam

350 681 589 741 exhibet,
618 678 831 747 quando
872 676 1058 730 oculus
1094 675 1184 729 ille
1212 675 1301 743 qui
1333 673 1505 742 decipi
1537 673 1737 740 nequit,
1772 686 1924 725 suum

350 772 453 827 l'ert
481 769 765 825 calculum.
796 767 930 821 Exin
958 765 1154 820 docens
1190 780 1285 819 nos
1319 763 1575 833 benignus
1607 762 1743 816 Dens
1770 776 1922 814 men-

348 877 528 916 suram
567 859 796 921 virtutis,
823 868 1016 927 quanta
1045 866 1169 910 tunc
1193 856 1259 909 ab
1282 855 1426 924 justo
1455 853 1760 923 exigebatur
1782 852 1927 917 (non

349 953 493 1008 enim
530 950 776 1007 eamdem
814 949 1021 1003 virtutis
1059 961 1360 1001 mensuram
1389 944 1458 1000 ab
1482 944 1727 999 erunibus
1751 943 1926 997 ali'erri

354 1044 483 1108 vult,
511 1042 604 1096 sed
634 1058 731 1111 pro
775 1040 1041 1097 varietate
1077 1048 1375 1106 temporum
1418 1035 1629 1089 virtutis
1672 1034 1928 1088 dilferen-

352 1135 477 1187 tiam
502 1131 767 1201 requirit),
796 1129 960 1184 dicit:
995 1128 1128 1194 Qui:
1157 1137 1202 1180 te
1221 1125 1321 1180 vidi
1340 1135 1540 1195 justum
1574 1140 1744 1178 coram
1775 1140 1853 1177 me
1875 1123 1929 1176 in

351 1222 674 1294 generatione
701 1221 818 1283 ista,
851 1235 968 1289 qua:
998 1228 1102 1272 tam
1133 1217 1291 1280 mala,
1322 1232 1439 1286 qua:
1469 1216 1521 1269 in
1555 1222 1752 1269 tantam
1780 1213 1931 1267 mali-

353 1316 479 1367 tiam
528 1310 833 1373 declinavit,
867 1324 987 1379 qua:
1028 1316 1132 1361 tam
1175 1306 1439 1375 ingratum
1465 1305 1700 1358 animum
1729 1319 1839 1373 prae
1873 1316 1930 1364 se

354 1404 474 1457 fert.
502 1401 574 1455 Te
601 1402 702 1454 vidi
723 1402 942 1472 justum,
975 1407 1025 1453 te
1051 1399 1222 1452 solum
1264 1397 1439 1451 inveni
1478 1405 1709 1466 gratum,
1747 1402 1798 1448 te
1823 1392 1928 1448 vidi

355 1493 562 1547 virtutis
605 1492 862 1546 rationem
896 1488 1127 1555 habere:
1159 1497 1213 1541 tu
1245 1486 1392 1541 solus
1430 1500 1610 1540 coram
1651 1499 1734 1538 me
1753 1482 1930 1553 justus

352 1584 662 1656 apparuisti,
709 1581 954 1637 omnibus
995 1580 1114 1634 aliis
1159 1577 1533 1648 pereuntibus,
1565 1585 1616 1630 te
1639 1575 1803 1644 jubeo
1846 1573 1930 1627 in-

353 1676 504 1746 gredi
533 1690 651 1730 cum
679 1673 822 1727 omni
860 1672 1017 1727 domo
1056 1680 1140 1725 tua
1182 1670 1232 1723 in
1263 1684 1481 1729 arcam;
1517 1683 1580 1722 ex
1615 1664 1930 1720 anitnalibus

356 1767 499 1835 puris
521 1764 684 1834 jubeo
715 1774 764 1818 te
794 1760 1129 1816 introducere
1172 1768 1410 1828 septena.
1442 1758 1573 1825 Quia
1605 1757 1749 1826 prius
1777 1755 1929 1810 inde-

357 1856 502 1911 tinite
536 1859 859 1925 praeceperat
890 1866 958 1905 ex
1011 1850 1259 1904 omnibus
1291 1864 1385 1919 par
1427 1862 1588 1902 unum
1627 1845 1928 1900 introduci:

359 1957 576 2019 propter
607 1947 708 2002 hoc
736 1959 875 1999 nunc
894 1943 1053 1999 dicit:
1082 1941 1137 1995 2.
1167 1941 1249 1995 Ex
1270 1941 1409 2010 puris
1432 1949 1598 1993 autem
1618 1948 1842 2009 septena,
1870 1955 1932 1993 ea:

355 2039 564 2109 imparis
594 2053 708 2091 vero
745 2036 884 2100 bina,
936 2032 1214 2087 masculum
1255 2041 1301 2085 et
1334 2032 1593 2100 feminam.
1627 2030 1813 2085 Postea
1837 2045 1932 2084 au-

359 2143 465 2186 tem
505 2143 718 2184 causam
761 2126 980 2189 docens,
1012 2123 1219 2178 subdit:
1252 2123 1303 2177 5.
1338 2120 1404 2176 Ut
1433 2124 1625 2175 nutrias
1650 2136 1814 2174 semen
1844 2137 1931 2174 su-

358 2241 445 2292 per
473 2217 666 2277 omnem
696 2230 900 2272 tetram.
950 2215 1138 2286 Opera:
1189 2213 1414 2283 pretium
1458 2221 1636 2267 autem
1676 2210 1778 2266 hoc
1812 2211 1932 2265 loco

359 2317 518 2372 fuerit
560 2313 827 2383 inquirere
868 2320 923 2365 et
965 2310 1145 2363 videre
1177 2306 1317 2361 unde
1345 2305 1550 2362 sciebat
1571 2304 1764 2374 justus,
1788 2319 1933 2373 qum-

362 2424 481 2462 nam
513 2421 664 2476 pura,
699 2418 940 2475 quaenam
969 2402 1195 2471 impura.
1227 2398 1469 2453 Nondum
1512 2396 1655 2451 enim
1696 2405 1815 2451 erat
1842 2394 1928 2449 di-

359 2499 571 2553 stinctio
603 2498 715 2552 haec
744 2495 901 2559 iacta,
931 2508 1088 2563 quam
1120 2499 1303 2561 postea
1332 2488 1505 2544 Moses
1537 2486 1738 2543 Judaeis
1769 2486 1823 2540 in
1849 2485 1929 2541 le-

358 2591 512 2660 gibus
543 2587 653 2642 suis
680 2587 881 2641 statuit.
909 2583 1058 2640 Unde
1083 2596 1210 2650 ergo
1240 2579 1473 2634 sciebat?
1494 2578 1537 2632 A
1559 2577 1759 2647 seipse,
1791 2585 1844 2630 et
1866 2574 1933 2631 ab

361 2680 517 2734 insita
555 2688 756 2732 natura:
803 2691 913 2730 sua:
958 2673 1217 2738 doctrina,
1249 2686 1406 2739 quam
1437 2677 1492 2722 et
1529 2668 1663 2723 ratio
1692 2668 1928 2722 dictavit.

359 2771 497 2827 Nihil
526 2771 665 2825 enim
694 2765 1019 2822 immundum
1039 2780 1104 2820 ex
1136 2763 1199 2817 iis
1229 2777 1346 2831 qua:
1371 2760 1509 2814 Deus
1537 2758 1677 2814 fecit.
1703 2759 1818 2824 Quo
1838 2773 1933 2828 pa-

361 2874 447 2919 cto
479 2862 620 2917 enim
673 2856 996 2913 immundam
1051 2866 1364 2908 vocaremus
1408 2850 1567 2904 ullam
1613 2862 1932 2913 creaturam,

363 2971 481 3026 qua:
506 2952 671 3007 semel
702 2963 931 3019 superne
958 2963 986 3001 a
1013 2944 1299 3001 Conditore
1326 2942 1614 3011 approbata
1637 2938 1768 2994 fuit?
1795 2939 1937 2993 Dixit

362 3046 503 3101 enim
532 3044 709 3097 divina
736 3039 1042 3111 Scriptura:
1085 3035 1217 3087 Vidit
1250 3032 1382 3085 Deus
1416 3031 1587 3085 omnia
1614 3044 1937 3101 quwcumqne

364 3137 515 3208 fecit,
549 3143 593 3187 et
641 3148 750 3186 ecce
792 3131 921 3184 bona
966 3128 1111 3181 valde
1146 3125 1296 3192 (Gen.
1343 3124 1393 3177 l.
1445 3122 1557 3190 51).
1601 3120 1704 3175 Sed
1753 3126 1935 3191 postea

365 3239 550 3284 natura
579 3241 608 3279 a
635 3225 807 3294 Seipsa
846 3222 983 3276 hanc
1020 3218 1369 3273 dill'erentiam
1397 3212 1652 3270 exhibuit.
1688 3211 1751 3265 Et
1781 3218 1836 3263 ut
1858 3209 1935 3262 vi-

367 3319 494 3373 deas
532 3317 632 3371 hoc
684 3330 803 3369 esse
845 3327 1050 3374 verum,
1087 3309 1361 3366 considera
1396 3305 1662 3377 quomodo
1707 3303 1758 3357 in
1799 3318 1935 3356 nunâ€”

367 3412 526 3465 nullis
552 3410 683 3463 locis
703 3407 769 3461 ab
790 3404 1052 3474 aliquibus
1083 3402 1351 3457 abstinent
1378 3397 1538 3468 aliqui
1567 3405 1621 3451 ut
1648 3392 1936 3450 immundis

364 3514 422 3559 et
452 3519 556 3558 non
594 3499 849 3570 probatis,
881 3495 1038 3564 aliqui
1080 3495 1182 3549 illis
1224 3491 1352 3562 ipsis
1380 3497 1682 3552 vescuntur,
1711 3499 1936 3541 consue-

368 3594 550 3650 tudine
582 3593 721 3661 ipsos
753 3588 817 3642 ad
851 3588 949 3641 hoc
981 3585 1281 3640 inducente.
1327 3582 1415 3637 Sic
1461 3590 1517 3636 et
1564 3589 1688 3634 tunc
1728 3589 1938 3647 quoque

368 3687 482 3758 ipsa
511 3684 727 3739 scientia
755 3680 896 3751 justo
921 3679 1096 3743 insita,
1124 3675 1345 3729 docebat
1369 3686 1610 3742 q-iaenam
1647 3667 1714 3722 ad
1755 3665 1937 3721 cibum

366 3774 727 3837 accommoda,
759 3780 812 3825 et
844 3785 961 3840 qum
989 3764 1279 3831 immunda,
1313 3779 1416 3817 non
1447 3761 1588 3832 quod
1629 3761 1703 3812 ita
1730 3762 1936 3820 essent,

372 3868 469 3924 scd
488 3863 630 3934 quod
646 3878 742 3932 pro
761 3861 830 3914 im
840 3861 1056 3917 mundis
1069 3859 1414 3914 haberentur.
1442 3855 1561 3921 Qua
1575 3849 1720 3904 enim
1731 3847 1797 3902 de
1819 3860 1943 3901 cau-

375 3973 455 4020 sa,
486 3956 588 4021 dic,
622 3969 738 4017 oro,
770 3954 975 4006 asinum
1017 3946 1342 4003 immundum
1370 3955 1669 4004 censemus,
1701 3936 1942 4008 quamvis

369 4047 662 4103 seminibus
692 4052 890 4098 tantum
931 4047 1196 4110 pascatur,
1225 4037 1323 4090 alia
1366 4042 1542 4089 autem
1581 4027 1938 4101 quadrupedia

370 4139 492 4195 cibo
536 4132 902 4190 convenientia
954 4139 1218 4199 putamus,
1270 4122 1480 4181 etiamsi
1524 4117 1797 4176 immundo
1842 4116 1942 4170 ali-

373 4234 553 4284 mento
577 4222 895 4294 pascantur?
916 4220 988 4275 Ita
1017 4217 1239 4273 scientia
1268 4230 1296 4269 a
1335 4216 1443 4269 Deo
1470 4220 1672 4267 natura:
1691 4206 1942 4278 suppedi-

373 4327 482 4374 tata
505 4316 620 4371 haec
644 4315 887 4370 docebat.
926 4312 1111 4366 Posset
1149 4317 1323 4362 autem
1365 4314 1419 4360 et
1456 4303 1612 4357 aliter
1640 4300 1742 4354 dici
1769 4318 1781 4354 :
1809 4296 1941 4366 Quia

376 4409 514 4478 Deus
540 4405 625 4476 qui
651 4411 995 4474 przecepcrat,
1011 4400 1149 4453 idem
1172 4396 1329 4451 etiam
1354 4395 1561 4448 illorum
1589 4389 1943 4459 cognitionem

371 4500 420 4554 ei
446 4497 653 4552 indidit.
683 4496 945 4551 Cancrum
975 4491 1042 4546 de
1068 4490 1280 4545 mundis
1307 4502 1369 4541 ac
1396 4483 1682 4539 immundis
1713 4483 1841 4537 satis
1865 4479 1941 4534 dir

374 4599 518 4645 ctum
547 4596 647 4643 est.

444 4682 498 4737 6.
543 4679 713 4745 Quare
730 4693 792 4731 ea:
810 4671 1082 4729 immundis
1101 4668 1236 4734 bina,
1255 4684 1319 4723 ea:
1330 4665 1528 4720 mundis
1542 4672 1704 4718 autem
1720 4671 1943 4732 septena.

376 4775 660 4830 --Verum
688 4771 897 4825 interim
929 4768 1030 4821 alia
1064 4780 1182 4821 sese
1221 4758 1377 4816 oï¬‚'erl
1413 4759 1635 4830 quaestio
1661 4774 1674 4809 :
1696 4770 1860 4826 quare
1880 4769 1946 4809 ex

378 4863 665 4920 immundis
694 4862 837 4926 bina,
886 4875 949 4913 ex
981 4856 1190 4911 mundis
1207 4862 1382 4908 autem
1405 4857 1652 4919 septena;
1677 4846 1789 4901 haec
1817 4859 1947 4915 quo-

377 4970 482 5026 que
510 4971 523 5008 :
557 4965 722 5021 quare
751 4964 854 5003 non
884 4948 967 5002 Î³ÎµÎ¹
995 4962 1117 5009 sex,
1151 4945 1234 4998 vel
1265 4951 1402 5005 octo,
1421 4939 1512 4995 sed
1543 4949 1745 5006 septem
1773 4935 1948 5005 paria?

380 5044 639 5107 Fortassis
665 5040 870 5110 longius
890 5039 1123 5094 excurrit
1141 5035 1310 5091 oratio
1335 5053 1348 5087 :
1370 5032 1463 5087 sed
1491 5032 1534 5085 si
1571 5047 1673 5085 non
1704 5030 1863 5099 piget,
1895 5035 1950 5082 et

376 5142 419 5193 si
448 5137 627 5199 vultis,
662 5130 840 5202 paucis
884 5129 997 5182 tunc
1041 5127 1314 5180 caritatem
1345 5131 1571 5177 vestram
1601 5119 1908 5174 docebimus
1935 5157 1949 5180 ,

381 5246 441 5285 ea
473 5228 678 5283 scilicet
707 5237 826 5292 qua:
855 5218 1008 5274 nobis
1034 5216 1210 5271 divina
1241 5214 1406 5285 gratia
1433 5210 1776 5269 concesserit.
1803 5209 1948 5263 Multi

380 5320 520 5374 enim
550 5316 721 5371 varias
742 5313 809 5368 de
832 5310 896 5364 iis
924 5307 1127 5363 fabulas
1151 5315 1387 5368 narrant,
1411 5312 1466 5357 et
1497 5302 1621 5356 hinc
1671 5299 1953 5355 occasione

380 5419 609 5478 sumpta,
637 5401 1033 5460 observationes
1055 5410 1391 5451 numerorum
1422 5399 1710 5447 ostentant.
1741 5392 1808 5444 At
1847 5402 1950 5443 non

383 5496 706 5562 observatio,
741 5492 834 5547 sed
862 5489 1236 5558 intempestiva
1264 5484 1537 5539 hominum
1563 5480 1845 5536 curiositas
1872 5487 1921 5532 ta

384 5595 450 5649 lia
478 5592 677 5661 lingere
720 5585 955 5650 molitur,
988 5580 1126 5636 unde
1167 5587 1221 5634 et
1268 5578 1447 5632 muita:
1491 5575 1723 5630 haereses
1768 5582 1901 5628 orta:
1932 5611 1948 5638 ,

383 5683 523 5757 quod
550 5680 726 5738 statim
754 5676 950 5733 scietis.
986 5668 1200 5726 Etenim
1228 5669 1531 5739 frequenter
1559 5666 1655 5733 (ut
1680 5664 1953 5720 videamur

382 5770 541 5860 quasi
559 5788 626 5831 ex
641 5766 962 5829 abundantia
986 5779 1100 5834 eos,
1127 5764 1212 5835 qui
1236 5778 1302 5820 ex
1323 5762 1432 5821 suis
1453 5760 1801 5834 opinionibus
1817 5771 1950 5815 nova

1379 380 1441 435 IN
1479 379 1631 435 CAP.
1666 378 1751 432 Vl.
1781 374 2035 497 GENESâ€™.â€˜
2061 375 2288 430 llO.\llL.
2326 378 2510 433 XXIV.
2586 398 2608 407 Î»

3505 396 3608 450 2M

2043 493 2288 560 aï¬‚'erunt,
2307 510 2648 567 compescere
2668 499 2689 572 )
2710 503 3003 560 invenimus
3024 503 3076 558 in
3100 505 3387 577 Scripturis
3407 514 3611 583 copulae

2037 601 2313 687 minuerunt
2342 600 2629 645 servatum.
2654 593 2859 662 Quippe
2882 596 3094 664 quando
3118 600 3259 654 misit
3284 600 3572 671 discipulos
3591 645 3605 667 ,

2038 676 2190 731 binos
2208 693 2300 732 eos
2318 682 2486 747 misit,
2515 684 2611 752 ipsi
2638 696 2811 739 autem
2838 701 3025 743 omnes
3045 689 3323 745 duodecim
3351 703 3528 758 erant,
3552 704 3606 747 et

2036 765 2321 840 Evangelia
2352 783 2578 841 quatuor
2603 790 2842 843 numero.
2881 780 2948 831 At
2976 793 3425 847 supervacaneum
3451 783 3608 837 fuerit

2038 858 2149 913 base
2169 860 2307 930 apud
2328 866 2601 917 caritatem
2626 872 2852 920 vestram
2878 882 3315 936 commemorare,
3336 889 3452 940 qua:
3474 875 3605 928 satis

2033 948 2216 1005 didicit
2245 952 2542 1021 itujttsmmï¬
2570 955 2725 1009 dictis
2751 959 3000 1014 obturare
3020 975 3175 1016 aures
3222 963 3320 1035 (a).
3351 963 3609 1020 Necessa-

2036 1042 2171 1096 rimn
2194 1052 2369 1098 autem
2403 1056 2457 1099 ut
2480 1048 2699 1115 posthac
2722 1048 3025 1114 doceamus,
3071 1068 3235 1122 quare
3286 1065 3503 1124 septena
3538 1073 3602 1110 ex

2036 1133 2185 1201 puris
2213 1134 2476 1190 introduci
2507 1138 2557 1190 in
2589 1153 2763 1193 arcam
2795 1143 3124 1211 praeceperit.
3180 1143 3334 1197 Plura
3386 1145 3600 1214 quidem

2036 1226 2288 1292 prtecepit
2308 1240 2371 1278 ex
2402 1226 2615 1281 mundis
2637 1229 2996 1294 introduci,ut
3039 1232 3211 1301 justus
3257 1233 3365 1298 ille,
3419 1244 3474 1290 et
3515 1236 3603 1304 qui

2033 1328 2155 1368 cum
2187 1315 2276 1369 illo
2294 1324 2466 1381 erant,
2490 1332 2556 1372 ex
2577 1318 2788 1374 illorum
2816 1337 2912 1374 ttsu
2933 1321 3160 1391 aliquam
3187 1324 3603 1380 consolationem

2032 1405 2334 1475 acciperent
2365 1422 2379 1462 :
2407 1409 2547 1479 quod
2591 1419 2767 1466 autem
2796 1421 3012 1481 septena
3050 1424 3104 1468 et
3132 1424 3369 1484 septena,
3409 1427 3464 1471 et
3504 1417 3605 1473 hoc

2033 1514 2243 1569 quoque
2272 1501 2316 1554 si
2358 1516 2569 1556 causam
2604 1503 2910 1569 disceretis,
2940 1521 3203 1562 summum
3236 1506 3484 1562 indicium
3524 1519 3606 1563 est

2035 1593 2134 1659 piae
2171 1594 2363 1647 mentis
2392 1594 2521 1663 justi
2561 1596 2681 1650 viri.
2731 1596 2859 1650 Nam
2899 1598 3021 1667 quia
3064 1600 3304 1668 cognovit
3349 1599 3604 1670 benignus

2037 1682 2175 1737 Deus
2204 1684 2299 1738 viri
2327 1685 2591 1749 virtutem,
2615 1695 2667 1741 et
2691 1687 2831 1756 quod
2849 1697 2907 1742 ut
2928 1689 3124 1758 justus,
3145 1698 3198 1743 ct
3224 1698 3364 1743 tanta
3396 1690 3601 1746 Domini

2035 1774 2199 1830 fretus
2238 1776 2631 1843 misericordia,
2671 1779 2758 1833 ubi
2791 1790 2947 1834 tanta:
2985 1783 3311 1849 tempestatis
3339 1782 3604 1852 eliugisset

2036 1868 2346 1947 periculum,
2374 1870 2732 1953 liberatusque
2760 1870 2944 1926 fuisset
2970 1887 2999 1925 a
3024 1873 3276 1941 periculo,
3300 1883 3352 1928 et
3377 1874 3444 1929 ab
3458 1890 3596 1930 area:

2034 1959 2384 2014 incommodis
2409 1961 2630 2027 solutus,
2657 1971 2861 2030 gratum
2886 1963 3117 2016 animum
3147 1962 3529 2028 declaraturus,
3549 1974 3603 2019 et

2037 2066 2130 2118 pro
2158 2050 2445 2119 gratiarum
2467 2052 2673 2106 actione
2696 2053 2892 2106 hostias
2936 2063 2990 2106 et
3033 2054 3290 2108 sacrificia
3331 2055 3603 2109 oblaturus

2032 2150 2198 2206 esset,
2231 2155 2282 2195 ut
2314 2158 2380 2196 ne
2410 2143 2507 2195 hoc
2540 2143 2781 2198 faciendo
2810 2144 3075 2198 mutilaret
3106 2145 3247 2212 paria
3274 2162 3285 2197 :
3319 2144 3438 2198 ideo
3493 2145 3597 2199 Do-

2036 2232 2208 2286 minus
2250 2236 2502 2302 pnrscius
2547 2234 2699 2301 hujus
2745 2243 2907 2304 gratae
2949 2235 3158 2300 uicinis,
3195 2234 3346 2304 jubet
3385 2243 3601 2301 septena

2036 2334 2091 2378 et
2131 2333 2351 2392 septena
2392 2326 2650 2380 introduci
2698 2340 2762 2380 ex
2811 2326 3030 2395 singulis
3070 2326 3242 2379 avium
3279 2327 3600 2395 generibus,

2038 2426 2130 2480 ut,
2188 2432 2308 2472 cum
2359 2425 2598 2472 cessaret
2650 2417 2961 2471 universalis
3012 2416 3293 2482 interitus,
3350 2425 3404 2470 et
3451 2429 3600 2469 suam

2033 2517 2267 2562 mentem
2299 2510 2619 2573 declararet,
2653 2510 2795 2576 paria
2833 2508 3155 2572 volatilium,
3186 2517 3605 2576 ca-terorumque

2034 2601 2341 2653 animalium
2387 2617 2488 2653 non
2542 2600 2860 2654 [atde-rentur
2900 2617 2913 2653 :
2959 2600 3010 2654 id
3055 2598 3194 2669 quod
3246 2599 3297 2652 in
3344 2598 3605 2653 sermonis

2038 2705 2319 2761 progressu
2369 2691 2615 2757 discetis,
2669 2692 2756 2746 ubi
2805 2693 2856 2745 in
2901 2706 3021 2745 eum
3070 2692 3243 2745 locum
3301 2689 3605 2759 perveneri-

2037 2798 2174 2837 mus.
2204 2783 2455 2838 Videbitis
2480 2784 2620 2838 enim
2639 2783 2835 2853 justum
2864 2782 3010 2836 illum
3036 2781 3151 2835 haac
3178 2781 3380 2835 fecisse.
3408 2780 3603 2834 Didicic

2037 2876 2133 2931 stis
2178 2890 2390 2931 causam
2435 2876 2504 2930 ob
2544 2891 2701 2945 quam
2744 2885 2962 2944 septena
3004 2882 3221 2943 septena
3272 2871 3605 2926 introducere

2038 2978 2359 3039 praeceptum
2391 2968 2506 3023 fuit.
2538 2969 2615 3023 Ne
2641 2967 2860 3037 posthac
2884 2967 3116 3022 toleretis
3132 2982 3225 3021 eos
3240 2966 3327 3036 qui
3355 2964 3596 3024 fabulari,

2037 3062 2398 3131 adversusque
2422 3061 2651 3115 divinam
2678 3060 3002 3129 Scripturam
3052 3059 3339 3128 insurgere,
3385 3067 3439 3111 et
3488 3072 3606 3126 qua:

2039 3170 2101 3209 ex
2122 3168 2219 3208 suo
2233 3154 2402 3222 capite
2425 3152 2706 3216 tinxerunt,
2736 3158 2791 3204 ut
2812 3163 2961 3204 sacra
2985 3148 3249 3218 dogmata,
3274 3144 3605 3201 introducere

2040 3246 2294 3300 nituntur.
2322 3244 2482 3314 igitur
2509 3253 2781 3313 postquam
2814 3241 2990 3296 omnia
3016 3241 3158 3294 clare
3205 3237 3449 3293 mandata
3497 3236 3608 3291 ine-

2040 3348 2183 3405 runt,
2212 3348 2267 3393 et
2289 3338 2354 3393 de
2382 3338 2587 3401 avibus,
2619 3336 2759 3391 etde
2786 3332 3016 3398 mundis,
3041 3341 3095 3386 et
3121 3330 3189 3386 de
3214 3327 3519 3393 immundis,
3549 3336 3604 3381 et

2039 3435 2106 3489 de
2126 3433 2412 3497 alimentis,
2441 3432 2565 3485 dicit
2584 3430 2728 3501 justo
2762 3447 2774 3482 :
2806 3428 2858 3483 4.
2891 3427 3068 3481 Adhuc
3102 3425 3233 3478 enim
3275 3433 3461 3491 septem
3505 3423 3609 3473 dies

2039 3537 2175 3592 sunt,
2203 3537 2251 3581 et
2272 3542 2362 3597 ego
2389 3526 2571 3579 induco
2601 3524 2821 3593 pluviam
2860 3536 3012 3586 super
3050 3527 3232 3570 terram
3276 3513 3611 3584 quadraginta

2042 3620 2211 3672 diebus
2240 3628 2284 3670 et
2309 3615 2645 3686 quadraginta
2683 3611 2908 3665 noctibus
2928 3650 2942 3673 ,
2973 3618 3017 3662 et
3044 3609 3213 3660 delebo
3243 3621 3437 3658 omnem
3488 3603 3607 3656 subâ€”

2042 3708 2279 3763 stantiam
2310 3721 2459 3771 quam
2484 3703 2599 3774 feci,
2628 3718 2658 3753 a
2678 3701 2808 3772 facie
2833 3708 2999 3763 terrar,
3027 3696 3086 3748 ab
3125 3695 3324 3748 [tantine
3365 3708 3520 3759 usque
3544 3694 3611 3745 ad

2028 3801 2340 3869 jumentum.
2397 3792 2645 3857 Attende,
2673 3791 2915 3851 obsecro,
2947 3788 3108 3842 etiam
3137 3801 3200 3840 ex
3233 3785 3298 3838 iis
3323 3797 3439 3853 qua:
3470 3796 3609 3835 nunc

2042 3893 2182 3948 dicta
2215 3898 2337 3946 sunt
2382 3886 2631 3943 bonitatis
2676 3885 2869 3940 divinae
2913 3880 3301 3946 excellentiam,
3346 3876 3611 3947 quomodo

2045 3992 2165 4054 past
2195 3972 2392 4035 tantam
2422 3977 2754 4033 tolerantiam
2777 3975 2936 4029 etiam
2965 3986 3105 4025 nunc
3127 3978 3251 4024 ante
3272 3977 3473 4037 septem
3500 3964 3613 4019 dies

2047 4072 2286 4144 prmdicit
2315 4088 2328 4124 :
2361 4069 2544 4124 volens
2573 4075 2715 4122 metu
2737 4062 3127 4120 emendatiores
3156 4060 3272 4114 illos
3309 4056 3534 4113 reddere
3559 4064 3614 4108 et

2047 4165 2112 4220 ad
2141 4162 2503 4234 pcenitentiam
2531 4158 2800 4214 reducere.
2832 4154 2961 4209 Nam
2992 4150 3129 4221 quod
3161 4150 3280 4203 ideo
3321 4145 3574 4217 pra-dicat
3594 4182 3630 4210 ,-

2046 4272 2113 4311 ne
2133 4270 2192 4310 ea
2218 4268 2337 4324 qua:
2356 4252 2503 4314 dicit,
2525 4262 2687 4317 super
2712 4262 2804 4300 eos
2847 4246 3078 4309 inducat,
3108 4239 3380 4296 considera
3408 4236 3610 4291 Ninivi-

2049 4358 2149 4411 tas,
2177 4354 2230 4400 et
2255 4343 2469 4400 attende
2497 4349 2688 4412 quanta
2718 4337 2908 4393 horum
2951 4346 3004 4390 et
3030 4334 3235 4387 illorum
3265 4330 3334 4385 sit
3360 4327 3610 4384 differen-

2050 4441 2138 4493 tia.
2168 4437 2298 4504 Quia
2326 4450 2444 4489 cum
2470 4442 2547 4487 tot
2571 4430 2723 4484 annis
2746 4428 3038 4491 audissent,
3068 4432 3190 4479 ante
3216 4420 3357 4475 iores
3380 4431 3502 4473 esse
3527 4430 3607 4470 ca-

2050 4528 2331 4590 lamitates,
2360 4539 2530 4595 neque
2549 4521 2625 4575 sic
2644 4535 2672 4572 a
2697 4519 2897 4572 malitia
2923 4531 3017 4570 sua
3055 4520 3349 4569 cessarunt.
3406 4506 3616 4562 Etenim

2049 4618 2422 4675 consuevimus
2440 4612 2848 4684 negligentiorcs
2873 4623 3014 4672 esse,
3041 4604 3253 4675 quando
3299 4600 3538 4654 dillâ€˜ertur
3564 4605 3618 4650 et

2052 4710 2375 4783 protrahitur
2385 4706 2586 4778 punitio
2609 4723 2624 4770 ;
2645 4720 2707 4759 ac
2726 4718 2845 4757 cum
2867 4701 3104 4770 proxime
3126 4697 3321 4752 instant
3340 4704 3591 4747 aerumna:
3605 4727 3623 4753 ,

2052 4813 2177 4857 tunc
2202 4799 2560 4861 humiliamur,
2592 4806 2645 4850 et
2675 4794 2957 4863 plurimam
3009 4798 3338 4845 ostentamus
3387 4798 3614 4838 conver-

2051 4895 2254 4948 sionem
2285 4911 2299 4947 :
2328 4892 2378 4947 id
2406 4889 2545 4962 quod
2574 4898 2629 4943 et
2657 4883 2968 4941 inNinivitis
2995 4879 3234 4948 contigit.
3277 4875 3620 4944 Quandoqui-

2053 4986 2171 5041 dem
2201 4985 2287 5040 ubi
2303 4983 2600 5043 audierunt,
2623 4978 2799 5031 Adhuc
2822 4986 2919 5028 tres
2943 4974 3067 5035 dies,
3095 4980 3140 5023 et
3172 4967 3354 5021 Ninive
3373 4965 3620 5020 subverte-

2055 5090 2135 5132 tnr
2164 5076 2334 5149 (Iona:
2354 5077 2407 5131 5.
2422 5075 2476 5144 4)
2497 5074 2592 5144 (b),
2618 5084 2725 5124 non
2745 5068 2916 5125 solum
2942 5079 3046 5117 non
3067 5062 3498 5149 desperaverunt,
3524 5053 3619 5111 sed

2055 5180 2108 5224 et
2126 5143 2191 5223 ad
2213 5169 2411 5223 dictqu
2452 5143 2550 5218 hoc
2591 5171 2964 5221 exsurrexcre,
3019 5161 3322 5220 tantamque
3376 5143 3620 5201 vitiorum

2118 5428 2190 5500 (Î¹Î¹)
2223 5436 2318 5476 Non
2343 5424 2430 5473 abs
2452 5434 2507 5470 re
2524 5420 2602 5468 hic
2615 5417 2975 5491 ghrysostomus
2992 5413 3040 5460 in
3063 5409 3171 5459 illos
3192 5407 3452 5463 invehitur,
3463 5403 3554 5476 .qui
3577 5400 3627 5451 in

2159 5488 2169 5500 '
2298 5487 2308 5500 '
2378 5484 2518 5500 ""5"
2542 5487 2776 5500 Ï„â€™*Ï‰--Î¹---Î¹-
2811 5485 3030 5500 â€œmn-"mn
3061 5482 3366 5500 numnam-mm
3388 5475 3621 5500 ratsnnpm

2058 5468 2523 5541 exn-licentlardiâ€˜vida
2542 5468 2779 5540 scriptura
2811 5482 3366 5541 niagnam__nmnc_rorum
3388 5468 3621 5541 rationem

2058 5525 2523 5608 á¼¦á½²á¼á½²á¼”Î¹á¿–á¼·Î¹á½¶á¼°á½¶Î¶â€œâ€¹Î¹á¿–á¼±ÎµÎ¾á¿á½·Î¾
2530 5525 2787 5608 animi:
2804 5525 2943 5608 modo
2954 5535 3094 5608 Philo
3109 5537 3160 5580 et
3173 5525 3621 5608 Clemens

2534 5584 2971 5667 Eusebitisgaliquot
2987 5601 3206 5667 intecta;
3231 5593 3325 5667 imo
3361 5598 3415 5637 et
3443 5584 3522 5667 alii
3544 5590 3617 5630 Î™Î½Î´-

2059 5654 2309 5731 EÃ©Sf'dï¬a
2325 5654 2389 5717 de
2411 5679 2469 5715 re
2491 5674 2717 5724 maguum
2740 5654 2914 5709 librum
2938 5654 3088 5706 edidit
3108 5660 3278 5703 Petrus
3298 5657 3500 5710 Bougus.

2123 5757 2195 5820 (á½)
2230 5755 2374 5805 Vetus
2405 5748 2554 5798 lectio
2576 5745 3049 5807 LXXlnterpretum
3075 5747 3175 5791 tres
3194 5744 3381 5790 tantum
3427 5733 3532 5782 dies
3558 5734 3617 5783 ad
