4066 6140
464 373 567 428 215

465 488 705 543 fecerunt
729 481 1134 548 abstinentiam,
1176 489 1231 535 et
1260 488 1366 535 tam
1409 477 1715 550 diligentem
1745 476 2038 533 confessio-

466 593 587 631 nem
626 573 1006 637 esbihuernnt,
1042 579 1097 626 ut
1125 580 1179 625 et
1203 571 1269 625 ad
1301 570 1454 625 bruta
1491 584 1659 639 usque
1691 581 2043 623 extenderent

465 684 525 722 ea
551 682 669 736 qua)
696 664 989 719 attinebant
1005 661 1070 717 ad
1091 662 1513 725 confessionem;
1544 675 1648 716 non
1695 659 1836 730 quod
1890 660 2040 714 hrnta

465 759 754 812 animantia
806 754 1197 809 t-ottfessionem
1240 753 1541 810 ediderint:
1587 751 1854 821 quomodo
1898 751 2041 806 enim

464 856 699 917 possent,
733 861 852 899 cunt
883 859 1130 899 sermone
1150 842 1404 898 careant?
1432 826 1524 897 sed
1556 850 1611 896 ut
1640 857 1734 911 per
1759 842 1860 897 hoc
1883 841 2045 895 mise-

465 937 746 993 ricordiam
778 936 901 990 honi
934 935 1141 991 Domini
1187 934 1289 988 sibi
1332 934 1698 988 conciliarent.
1750 931 2044 988 Przedieato

463 1030 605 1085 enim
630 1029 856 1099 jejunio,
889 1028 1079 1099 inquit,
1128 1042 1218 1081 rex
1269 1028 1383 1096 ipse
1427 1025 1714 1089 mandavit,
1769 1033 1824 1078 ut
1874 1039 2044 1091 neque

470 1137 618 1185 oves,
645 1136 815 1189 neque
859 1121 1041 1187 boves,
1092 1134 1265 1188 neque
1314 1119 1417 1172 alia
1465 1118 1616 1171 bruta
1668 1117 1916 1187 pabulum
1963 1117 2044 1171 vel

466 1227 658 1282 aquam
695 1215 997 1283 acciperent
1049 1210 1294 1283 (Jonaal’).
1326 1210 1420 1280 7);
1451 1208 1542 1265 sed
1572 1224 1731 1265 omne
1772 1208 2043 1263 hominum

469 1320 636 1373 genus
654 1313 776 1359 tunc
797 1305 967 1358 saccis
990 1302 1264 1369 amictum,
1288 1311 1341 1357 et
1361 1303 1473 1371 ipse
1492 1316 1704 1371 quoque
1725 1316 1814 1356 res
1834 1300 2043 1356 sublimi

465 1396 599 1449 solio
622 1395 839 1460 sedens,
870 1410 1113 1466 magnam
1137 1404 1189 1449 et
1220 1410 1399 1464 parem
1449 1410 1570 1449 cum
1599 1393 1718 1448 aliis
1744 1409 1902 1462 cgere
1932 1408 2046 1462 pm-

470 1487 745 1541 nitentiam
776 1504 788 1538 :
820 1484 1167 1556 feceruntque
1196 1486 1330 1548 lucc,
1362 1486 1485 1540 licet
1509 1486 1814 1556 ignorarent
1835 1501 1901 1540 an
1928 1499 2043 1554 ρω-

471 1593 590 1633 nam
613 1578 819 1633 evasuri
850 1586 1051 1633 essent.
1078 1577 1492 1632 Dicebantenim
1516 1597 1528 1633 :
1556 1577 1681 1644 Quis
1707 1579 1819 1644 scit,
1850 1577 1895 1632 si
1917 1581 2047 1648 forte

470 1671 705 1738 poeniteat
733 1670 867 1723 Deus
892 1685 1046 1737 super
1074 1670 1288 1733 malitia,
1312 1687 1464 1740 quam
1492 1682 1544 1723 ut
1572 1671 1713 1725 nobis
1740 1670 1919 1740 faciat,
1967 1671 2045 1727 l0-

466 1768 650 1828 qnutus
673 1770 745 1814 est
767 1758 815 1830 (Ι
824 1759 928 1812 bid.
958 1776 1006 1812 υ.
1026 1761 1084 1823 9)
1101 1761 1127 1814 2’

541 1850 593 1903 7.
640 1848 879 1903 Pra'dicit
911 1848 1065 1916 Deus,
1098 1867 1161 1904 ne
1181 1851 1386 1905 inducat
1417 1852 1571 1905 mala.
1593 1882 1664 1891 —
1684 1851 1876 1908 Vidisti
1922 1852 2044 1907 har-

472 1942 717 1997 barorum
757 1950 963 2011 gratum
1011 1943 1284 1997 animum?
1335 1944 1508 1999 vidisti
1559 1936 1828 2014 quomodo
1877 1961 2047 2015 neque

469 2032 674 2087 diermn
703 2035 941 2101 angustia
971 2033 1243 2102 segniores
1270 2033 1424 2096 fecit,
1457 2050 1630 2104 neque
1679 2035 1745 2089 ad
1791 2035 2045 2106 despera-

472 2123 667 2176 tionem
698 2122 933 2178 induxit?
956 2123 1081 2178 Vide
1109 2133 1162 2178 et
1185 2124 1304 2180 illos
1326 2133 1444 2193 post
1464 2141 1744 2180 numerum
1776 2134 1853 2180 tot
1880 2142 2046 2181 anno-

472 2229 608 2277 rum,
638 2213 725 2268 ubi
740 2214 1055 2269 audiverunt
1082 2232 1095 2267 :
1120 2215 1308 2270 Adhuc
1324 2225 1528 2286 septem
1550 2216 1683 2282 dies,
1715 2226 1768 2273 et
1793 2217 2047 2273 diluvium

471 2303 765 2367 inducetur,
797 2319 968 2374 neque
992 2306 1070 2360 sic
1093 2320 1401 2372 coaversos,
1430 2306 1522 2362 sed
1544 2308 1784 2377 stupidus
1831 2316 1887 2362 et
1929 2310 2046 2364 sine

469 2394 657 2450 dolore
679 2397 969 2451 mansisse:
997 2397 1137 2452 unde
1165 2398 1217 2451 in
1232 2399 1480 2454 confesso
1506 2399 1686 2467 fuerit,
1718 2402 2047 2457 voluntatem

470 2491 704 2538 nostram
730 2485 992 2540 malorum
1021 2487 1258 2541 omnium
1289 2504 1502 2543 causam
1532 2505 1673 2545 esse.
1725 2492 1864 2547 Ecce
1905 2494 2046 2548 enim

471 2584 520 2628 et
549 2575 623 2640 hi,
646 2585 699 2630 et
730 2577 811 2631 isti
832 2576 1044 2632 fuerunt
1069 2578 1331 2646 homines,
1375 2590 1428 2635 et
1478 2582 1715 2651 ejusdem
1758 2585 1909 2655 cujus
1959 2586 2047 2641 alii

472 2676 697 2733 nalnnr,
744 2668 837 2722 sed
876 2684 980 2724 non
1009 2671 1247 2739 ejusdem
1278 2673 1586 2729 voluntatis.
1618 2675 1903 2745 Propterea
1953 2694 2051 2734 nec

471 2755 658 2811 eadem
687 2773 871 2813 eorum
902 2775 1018 2815 sors
1042 2761 1161 2828 fuit,
1216 2763 1310 2818 sed
1356 2763 1603 2820 Ninivita:
1645 2767 2046 2823 subversiont-m

469 2848 923 2920 subterfugerunt,
948 2867 1069 2907 cum
1099 2854 1271 2909 bonus
1300 2855 1438 2909 Deus
1468 2865 1684 2924 propter
1735 2873 1886 2913 suam
1938 2860 2047 2913 cle—

472 2941 723 2994 mentiam
744 2956 929 2997 eorum
953 2952 1232 2999 contentus
1253 2958 1391 3000 esset
1441 2948 1747 3015 pmnitentia
1779 2967 1791 3002 :
1821 2950 1917 3005 sed
1963 2953 2046 3005 isti

467 3029 750 3093 submersi,
769 3031 821 3086 in
844 3035 1111 3089 communi
1138 3037 1353 3090 interitu
1379 3037 1671 3105 perierunt.
1692 3040 1870 3093 Adhuc
1890 3043 2046 3108 enim,

470 3118 657 3190 inquit,
675 3130 862 3191 septum
884 3124 1013 3187 dies,
1043 3135 1091 3177 et
1113 3142 1201 3195 ego
1227 3126 1410 3180 induco
1427 3128 1647 3197 pluviam
1667 3148 1819 3198 super
1839 3142 2045 3186 terram.

474 3208 673 3264 Deinde
702 3221 758 3265 ut
805 3213 973 3282 magis
1014 3224 1204 3284 augeat
1246 3225 1525 3282 terrorem,
1580 3219 1784 3288 inquit:
1817 3220 2051 3286 Quadra-

470 3304 609 3373 ginta
628 3303 802 3360 diebus
828 3314 876 3359 et
906 3306 1247 3378 quadraginta
1275 3311 1523 3364 noctibus.
1552 3311 1687 3378 Quid
1730 3314 1911 3368 enim?
1950 3331 2048 3370 an-

470 3409 574 3449 non
599 3404 823 3464 poterat,
856 3397 899 3452 si
929 3397 1200 3462 voluisset,
1236 3417 1340 3454 uno
1370 3402 1455 3456 die
1478 3413 1639 3457 totam
1684 3405 1911 3474 pluviam
1964 3407 2048 3462 itt-

472 3484 709 3541 duecre?
732 3486 866 3554 Quid
893 3487 1013 3544 dico
1043 3506 1148 3545 uno
1174 3490 1303 3546 die?
1352 3491 1469 3548 Uno
1514 3505 1784 3550 momento
1830 3506 2045 3567 posset:

470 3577 564 3631 sed
595 3576 695 3632 hoc
718 3577 894 3634 dedita
923 3594 1084 3650 Opera
1107 3581 1252 3649 facit,
1281 3583 1465 3639 volens
1507 3586 1665 3640 simul
1709 3595 1760 3641 et
1802 3586 2046 3644 timorem

472 3669 727 3734 incutere,
757 3678 809 3723 et
834 3671 1168 3728 occasionem
1195 3683 1467 3744 prmstare,
1517 3692 1620 3746 qua
1670 3689 1886 3747 possent
1938 3695 2051 3750 pm-

470 3776 615 3827 nam,
636 3777 756 3832 qua:
780 3762 891 3833 jam
920 3763 974 3819 in
1005 3764 1209 3822 foribus
1243 3778 1408 3835 esset,
1440 3767 1694 3839 effugere.
1731 3771 1796 3825 Et
1834 3771 2007 3826 delebo
2030 3815 2047 3838 ,

471 3851 660 3922 inquit,
688 3870 884 3909 onmem
906 3856 1262 3924 substantiam,
1291 3876 1444 3927 quam
1472 3861 1590 3928 feci,
1620 3877 1651 3913 a
1679 3862 1812 3930 {acie
1852 3872 1999 3917 terra:
2029 3904 2044 3929 ,

469 3946 533 3996 ab
555 3944 754 3999 homine
779 3961 933 4016 usque
952 3947 1020 4000 ad
1048 3964 1217 4017 pecus.
1251 3947 1382 4002 Vide
1410 3950 1678 4019 quomodo
1708 3966 1760 4005 et
1789 3955 1953 4008 semel
1996 3963 2050 4008 et

470 4034 663 4090 iterum
694 4036 961 4105 praedicit,
984 4047 1039 4092 et
1065 4053 1237 4107 neque
1257 4038 1334 4093 sic
1357 4039 1477 4092 illos
1505 4042 1685 4110 tangit.
1718 4044 1906 4096 Omnia
1951 4058 2049 4098 au-

472 4135 578 4182 tem
610 4127 724 4181 haec
754 4128 1002 4194 faciebat,
1032 4139 1089 4182 ut
1110 4144 1207 4184 nos
1226 4129 1463 4195 doceret,
1496 4145 1555 4186 se
1574 4133 1718 4201 juste
1745 4135 1822 4188 eis
1848 4145 2047 4190 tantam

473 4218 996 4286 parnaminllixisse;
1026 4229 1163 4275 etut
1202 4222 1376 4275 nullus
1422 4223 1775 4293 insipientiam
1826 4242 2049 4299 arguere

470 4309 728 4364 etdieere
772 4319 990 4379 posset:
1023 4311 1079 4366 Si
1138 4315 1651 4382 procrastinavissct.
1695 4315 1832 4372 forte
1882 4319 2053 4386 pinni-

472 4400 692 4455 tcntiam
720 4402 974 4468 egissent,
1001 4401 1136 4457 forte
1161 4418 1192 4458 a
1218 4403 1358 4459 vitiis
1385 4404 1731 4472 abstitissent,
1773 4418 1827 4463 et
1845 4409 1913 4466 ad
1939 4411 2050 4465 vir-

475 4502 640 4547 tntcm
672 4491 979 4548 rediissem.
1014 4494 1192 4564 anue
1237 4495 1306 4551 de
1356 4511 1516 4552 eausa
1544 4513 1808 4554 annorum
1837 4514 2049 4571 quoque

472 4596 751 4637 numerum
783 4581 1073 4644 declaravit
1094 4585 1266 4651 nobis,
1298 4594 1347 4641 et
1376 4602 1553 4643 arcam
1585 4588 1830 4645 fabricari
1868 4590 2047 4661 jussit.

472 4674 544 4730 Et
572 4682 693 4743 post.
718 4673 832 4730 haec
852 4676 1031 4730 omnia
1061 4677 1220 4732 etiam
1249 4687 1374 4732 ante
1402 4678 1517 4734 dies
1546 4689 1752 4749 septem
1786 4683 2047 4750 praedicit,

472 4777 529 4823 ιιι
576 4767 812 4823 omnium
866 4777 1065 4822 temere
1101 4767 1427 4837 loquentium
1468 4769 1801 4839 impudentes
1846 4772 2051 4843 linguas

468 4868 794 4929 contpescat.
825 4859 878 4913 5.
914 4859 976 4912 Et
1001 4858 1142 4929 fecit,
1170 4858 1360 4927 iuqttit,
1393 4857 1507 4912 Noe
1527 4861 1696 4914 omnia
1730 4878 2051 4933 quazcmnque

474 4951 728 5006 mandavit
748 4952 790 5004 ei
810 4950 1058 5004 Dominus
1085 4948 1243 5003 Deus.
1279 4948 1411 5003 Vide
1438 4950 1704 5019 quomodo
1732 4962 1785 5006 et
1812 4969 1949 5008 nunc
1964 4954 2050 5023 ju-

471 5043 537 5096 sti
557 5051 766 5112 gratum
796 5042 1032 5095 animum
1063 5050 1117 5094 et
1153 5039 1508 5095 obedientiam
1557 5041 1733 5095 divina
1780 5042 2052 5113 Scriptura

471 5133 749 5204 praedicat,
778 5132 978 5188 docens
1004 5146 1104 5187 nos
1130 5148 1251 5188 eum
1282 5132 1409 5186 nihil
1436 5133 1574 5202 quod
1595 5134 1910 5204 imperatum
1938 5146 2052 5191 erat

475 5223 914 5291 prtetermisisse;
946 5223 1040 5279 sed
1071 5224 1317 5278 omnibus
1346 5224 1596 5294 impletis,
1617 5227 1774 5280 etiam
1808 5243 1899 5295 per
1926 5227 2046 5295 hoc,

472 5461 857 5522 resiplseeudum
894 5462 1108 5513 uiuit-itis
1128 5461 1266 5512 datos
1303 5470 1645 5513 commemorat
1677 5477 1688 5512 :
1728 5464 1775 5512 in
1818 5462 2052 5516 Hebraioo

472 5532 615 5577 testu
637 5532 785 5587 atque
823 5524 874 5573 in
898 5523 1097 5587 Vulgata
1139 5526 1453 5586 quadraginta
1474 5525 1581 5575 dies
1618 5525 1865 5586 leguntur.
1892 5529 2053 5575 Libra-

473 5590 655 5649 riorum
698 5587 861 5649 lapsus
897 5598 947 5635 In
986 5592 1097 5649 txa'
1136 5587 1488 5639 Interpretibus
1519 5587 1633 5636 inde
1673 5596 1809 5637 ortus
1839 5596 2051 5649 putatur,

475 5648 601 5711 quod
625 5655 731 5696 tres
747 5648 854 5711 dies
895 5654 1036 5711 Jonas
1057 5648 1105 5695 in
1126 5654 1303 5696 ventre
1336 5648 1432 5711 ceti
1468 5649 1646 5711 cgerit,
1682 5648 1885 5711 quorum
1908 5648 2053 5700 trium

477 5710 668 5761 dierum
686 5709 940 5762 occasione
964 5709 1040 5757 hic
1059 5716 1159 5758 tres
1186 5711 1327 5757 etiam
1347 5708 1452 5757 dies
1474 5710 1611 5771 positi
1640 5708 1837 5764 fuerint.

1163 362 1215 418 S.
1253 359 1530 417 JOANNIS
1566 359 2034 419 CHRYSOSTOMI
2075 359 2394 419 Αιιειιιει).
2433 363 2967 424 CONSTANTINOP.

3627 374 3741 429 9w

2153 500 2362 555 virtutis
2383 516 2494 558 sua:
2515 505 2785 574 specimen
2810 507 3121 576 pnebnisse.

2223 592 2278 647 8.
2321 593 2534 648 Moralis
2554 597 2854 652 exhortatio.
2881 628 2953 638 --
2982 598 3132 653 lllutn
3162 600 3320 669 igitur
3339 611 3390 657 ct
3419 618 3519 659 nos
3552 605 3739 659 imite-

2154 701 2273 740 mur
2297 686 2519 756 jnstum,
2572 699 2627 743 et
2654 689 2900 746 mandata
2927 707 2956 746 a
2988 694 3097 747 Deo
3128 694 3318 748 tradita
3350 696 3574 765 itnplere
3617 711 3742 751 sm-

2152 775 2393 842 deamus,
2423 794 2485 834 ac
2521 780 2664 849 leges
2698 797 2727 835 a
2761 780 2972 838 Christo
2999 784 3151 838 nobis
3178 784 3310 841 latas
3339 802 3442 840 non
3471 787 3739 856 despicia-

2151 883 2303 935 mus;
2328 869 2421 925 sed
2444 886 2626 926 earum
2657 882 2972 942 praesentem
2994 885 3268 931 servantes
3298 879 3630 941 memoriam,
3654 880 3739 934 fe-

2151 961 2410 1018 stiuetnus
2457 964 2522 1017 ad
2559 964 2695 1018 bona
2725 980 2906 1035 Opera,
2963 981 3062 1021 nec
3113 982 3302 1037 segnes
3349 968 3517 1024 simus
3571 970 3622 1022 in
3673 971 3739 1025 iis

2158 1054 2445 1108 tractandis
2471 1072 2588 1125 qua:
2613 1057 2678 1109 ad
2696 1056 2919 1112 salutem
2941 1069 3175 1113 nostram
3196 1061 3483 1128 pertinent,
3501 1076 3734 1131 praeser-

2155 1145 2248 1198 tim
2278 1161 2398 1198 emn
2428 1163 2568 1199 nunc
2597 1149 2751 1218 longe
2797 1150 2968 1218 major
2996 1150 3201 1205 virtutis
3220 1166 3464 1206 mensura
3507 1169 3538 1207 a
3579 1154 3737 1211 nobis

2154 1236 2416 1305 exigatur,
2448 1248 2647 1306 quanto
2672 1247 2727 1292 et
2753 1240 2970 1294 meliora
3004 1240 3140 1295 lJOtta
3168 1243 3338 1297 sortiti
3366 1259 3570 1297 sumus.
3607 1244 3735 1301 Ideo

2153 1337 2206 1384 ct
2228 1329 2472 1385 Christus
2513 1331 2718 1385 dicebat
2751 1349 2763 1384 :
2799 1332 2916 1387 Nisi
2961 1333 3290 1387 abundaverit
3321 1337 3522 1408 justitia
3568 1350 3740 1391 ucstra

2154 1419 2269 1488 plus
2296 1437 2444 1490 quam
2464 1421 2740 1476 scribarum
2764 1434 2810 1477 et
2841 1421 3239 1490 Pharisworum,
3266 1442 3363 1479 non
3384 1427 3630 1481 intrabitis
3684 1430 3736 1483 in

2153 1527 2361 1581 regnum
2387 1513 2624 1566 cartorum
2654 1512 2861 1584 (Matth.
2889 1514 2942 1569 5.
2974 1513 3090 1585 90).
3125 1513 3537 1570 Consideretnus
3578 1519 3735 1587 igitur

2154 1603 2254 1655 hoc
2292 1602 2490 1663 dictum
2517 1644 2531 1667 ,
2574 1612 2628 1658 et
2674 1620 2778 1658 non
2831 1605 3187 1674 perfunctorie
3231 1616 3582 1670 transeamus,
3640 1610 3736 1663 sed

2153 1694 2446 1763 cogitemus
2489 1704 2682 1765 quanta
2707 1711 2860 1766 pmna
2914 1698 3086 1751 futura
3140 1698 3203 1752 sit
3253 1713 3436 1754 eorum
3487 1703 3574 1769 qui
3626 1716 3734 1756 non

2152 1785 2323 1839 solum
2374 1802 2481 1840 non
2524 1801 2739 1856 Operam
2771 1787 2898 1842 dant
2923 1799 2978 1842 ut
2999 1790 3118 1845 illos
3148 1802 3422 1862 superent,
3453 1793 3544 1846 sed
3571 1795 3735 1849 etiam

2153 1877 2326 1930 minus
2341 1892 2498 1947 quam
2526 1878 2598 1932 illi
2628 1889 2879 1949 prtcstant
2904 1897 2918 1945 ;
2948 1897 3118 1951 neque
3137 1891 3328 1936 cavent
3372 1893 3430 1937 ιιι
3475 1884 3604 1937 iram
3655 1903 3733 1941 re-

2153 1970 2364 2023 mittant
2411 1972 2674 2042 pruximo,
2722 1973 2800 2027 vel
2828 1973 3056 2043 linguam
3087 1989 3115 2026 a
3159 1973 3476 2043 juramcntis
3524 1990 3738 2033 svrvcnt

2155 2076 2359 2130 puram,
2391 2062 2469 2116 vel
2492 2063 2703 2117 oculum
2728 2065 2965 2119 muniant
2986 2083 3014 2119 a
3044 2067 3342 2135 pernicioso
3393 2071 3735 2136 spectaculo:

2154 2161 2208 2207 et
2232 2168 2352 2207 eum
2384 2153 2638 2208 Dominus
2662 2157 2957 2227 przeeipiat,
2986 2174 3092 2213 non
3138 2159 3315 2214 solum
3340 2159 3552 2220 fortiter
3596 2160 3740 2218 ferre

2152 2245 2195 2298 si
2241 2260 2344 2315 qua
2392 2244 2582 2315 injuria
2627 2247 2884 2303 fuerimus
2922 2250 3116 2315 affecti.
3154 2252 3248 2306 sed
3270 2252 3597 2309 etbenelicia
3639 2255 3740 2308 ini-

2154 2338 2306 2392 micis
2330 2339 2547 2408 largiter
2568 2340 2837 2408 prarbere;
2869 2342 2940 2395 ait
2961 2343 3121 2406 enim,
3156 2341 3225 2396 Et
3253 2344 3340 2414 qui
3392 2355 3555 2399 tecum
3601 2347 3740 2412 judi.

2154 2432 2232 2484 cio
2263 2431 2562 2485 contendere
2581 2441 2627 2486 et
2656 2433 2876 2486 tunicam
2897 2435 3069 2488 tollere
3086 2437 3209 2501 vult,
3229 2437 3423 2492 dimitte
3438 2448 3482 2491 et
3525 2438 3740 2509 pallium

2154 2524 2364 2595 (Matth.
2388 2525 2441 2580 5.
2459 2526 2571 2595 40).
2597 2525 2704 2580 Nos
2731 2536 2907 2580 autem
2937 2542 3077 2597 Step0
3103 2529 3346 2598 proximo
3373 2530 3618 2601 injuriam
3649 2533 3738 2585 in-

2159 2617 2297 2672 ferre
2344 2618 2579 2684 ttititnur,
2613 2617 3008 2673 antis-dentem
3055 2620 3257 2687 ulcisci,
3305 2621 3544 2690 quamvis
3585 2623 3743 2677 nobis

2159 2708 2479 2777 imperatum
2519 2710 2590 2763 sit
2621 2725 2726 2764 non
2758 2710 2929 2763 solum
2958 2710 3241 2779 diligentes
3293 2712 3515 2781 diligere
3553 2712 3576 2785 [
3603 2713 3741 2767 Nam

2155 2800 2268 2866 hoc,
2300 2799 2490 2868 inquit,
2521 2809 2566 2853 et
2597 2800 2850 2869 publicani
2877 2801 3067 2871 faciunt
3095 2802 3306 2873 (Matth.
3326 2804 3379 2858 5.
3399 2803 3538 2877 46)],
3568 2806 3661 2860 sed
3687 2818 3742 2862 et

2154 2893 2291 2947 bene
2320 2900 2374 2946 et
2398 2891 2810 2948 amicealicetos
2838 2907 2958 2947 esse
2987 2891 3039 2946 in
3068 2908 3162 2947 eos
3191 2895 3277 2963 qui
3328 2910 3426 2950 nos
3472 2896 3742 2953 hostiliter

2155 2986 2405 3039 infestant
2436 3004 2448 3038 :
2484 3001 2580 3039 nos
2612 2995 2788 3040 tamen
2816 3001 2883 3041 ne
2908 2986 3094 3040 amicis
3122 2986 3336 3057 quidem
3368 3004 3546 3058 parem
3594 2994 3741 3045 cari-

2156 3087 2316 3132 tatem
2344 3078 2678 3132 exhibemus.
2708 3078 3002 3149 Eapropter
3022 3078 3179 3133 doleo
3200 3088 3255 3135 et
3284 3081 3456 3151 lugeo,
3487 3083 3611 3152 quia
3644 3084 3730 3137 vi-

2153 3172 2262 3226 deo‘
2288 3173 2339 3228 in
2361 3171 2515 3226 nobis
2533 3179 2732 3226 tantum
2751 3171 2962 3226 virtutis
2995 3175 3305 3238 raritatem;
3335 3174 3589 3228 malitiam
3639 3193 3738 3229 au-

2157 3274 2263 3320 tem
2308 3265 2547 3336 quotidie
2592 3265 2919 3320 invalescere
2949 3283 2963 3319 :
2996 3279 3171 3334 neque
3212 3278 3450 3320 moratur
3475 3267 3741 3336 gehenna:

2157 3357 2316 3411 timor
2343 3364 2583 3411 nostrum
2614 3357 2665 3410 in
2691 3356 2830 3411 mala
2850 3372 3084 3422 cursum,
3114 3373 3285 3427 neque
3331 3358 3474 3428 mgni
3523 3358 3743 3414 deside-

2155 3452 2289 3502 rium
2309 3448 2512 3516 incitat,
2535 3457 2587 3502 ut
2614 3448 2666 3502 in
2682 3447 2762 3501 via
2784 3447 2994 3503 virtutis
3009 3447 3345 3502 ambulemus
3370 3466 3383 3503 :
3414 3448 3506 3503 sed
3525 3465 3738 3514 omnes,

2156 3549 2213 3595 ut
2240 3540 2309 3593 ita
2341 3539 2538 3604 dicam,
2559 3554 2688 3610 quas
2737 3539 2968 3608 pecudes
2993 3538 3307 3593 abducitnur
3334 3558 3347 3592 :
3378 3549 3431 3594 et
3456 3556 3629 3609 nequc
3647 3559 3740 3596 co-

2156 3631 2386 3701 gitamus
2407 3630 2696 3686 terribilem
2725 3630 2867 3684 illam
2897 3628 3101 3695 horam,
3133 3630 3218 3685 vel
3276 3630 3420 3702 leges
3449 3648 3478 3686 a
3511 3632 3739 3689 Domino

2159 3723 2314 3778 nobis
2343 3722 2495 3777 datas
2528 3741 2541 3777 :
2574 3723 2667 3778 sed
2694 3737 2882 3777 omnes
2908 3722 2972 3774 ad
3004 3722 3279 3776 hominum
3306 3724 3589 3792 Opiniones
3610 3740 3737 3793 5pc—

2158 3825 2385 3880 CIamus,
2412 3823 2467 3868 et
2495 3813 2770 3884 gloriolam
2793 3813 2863 3866 ab
2893 3812 2994 3865 illis
3019 3828 3294 3878 venamur,
3327 3829 3499 3883 neque.
3549 3816 3739 3871 audire

2158 3906 2398 3962 volumus
2430 3903 2780 3974 Evangelium
2812 3902 2997 3958 dicens
3037 3922 3050 3958 :
3096 3903 3360 3968 Quomodo
3408 3921 3492 3959 vos
3535 3910 3741 3976 potestis

2160 3999 2361 4054 credere
2386 3998 2597 4069 gloriam
2621 3995 2683 4050 ab
2714 3996 2995 4051 hominibus
3011 3997 3327 4065 accipientes,
3381 4007 3427 4050 et
3478 3998 3694 4067 gloriam
3722 4042 3737 4066 ,

2154 4110 2267 4165 qua:
2288 4110 2318 4147 α
2338 4091 2447 4147 solo
2479 4090 2584 4145 Deo
2598 4100 2694 4155 est,
2715 4107 2814 4144 non
2831 4100 3104 4159 qua'rentes
3118 4087 3296 4155 (Joan.
3315 4090 3368 4144 5.
3388 4090 3481 4160 il)
3500 4091 3523 4142 ἲ
3541 4089 3742 4157 Quem-

2156 4184 2440 4240 admodum
2472 4184 2613 4240 enim
2644 4183 2731 4251 qui
2762 4182 2905 4235 illaut
2950 4181 3233 4234 humanam
3277 4180 3604 4245 desiderant,
3656 4181 3743 4236 dio

2161 4277 2284 4330 vina
2315 4288 2533 4345 prorsus
2556 4273 2804 4327 excidunt
2835 4289 2846 4323 :
2880 4271 2950 4325 ita
2978 4272 3067 4340 qtti
3092 4271 3323 4326 divinam
3346 4272 3601 4326 continuo
3646 4289 3740 4328 sc-

2161 4375 2395 4432 ctantur,
2416 4380 2590 4434 neque
2616 4365 2712 4417 hac
2731 4363 3024 4433 prii-antur.
3048 4361 3102 4415 ld
3129 4362 3269 4432 quod
3294 4362 3406 4432 ipse
3435 4363 3581 4432 prius
3612 4380 3740 4434 pro-

2156 4458 2299 4513 misit
2325 4475 2338 4510 :
2368 4457 2587 4524 anrite
2607 4456 2855 4526 primum‘
2883 4471 3092 4524 regnum
3115 4452 3228 4518 Dei,
3260 4465 3304 4507 et
3335 4455 3442 4509 hwc
3467 4456 3638 4508 omnia
3653 4462 3742 4509 tio-

2154 4551 2229 4604 bis
2248 4550 2548 4621 adjiciantur
2576 4526 2880 4617 (Matt/ali.
2912 4545 3004 4616 55)
3031 4560 3049 4598 :
3077 4547 3273 4599 etenim
3299 4562 3419 4599 eum
3452 4547 3543 4615 qui
3581 4547 3743 4618 hujus

2155 4642 2424 4698 desiderio
2456 4650 2685 4706 tenetur,
2717 4648 3012 4708 sequuntur
3051 4638 3167 4692 inec
3217 4640 3416 4692 omnia.
3475 4639 3605 4693 Nam
3648 4642 3741 4709 qui

2157 4737 2283 4791 illuc
2301 4735 2491 4791 mentis
2514 4748 2625 4788 sua:
2650 4731 2748 4786 alis
2767 4732 3056 4786 instructus
3079 4731 3240 4795 volat,
3262 4747 3475 4785 omnem
3500 4748 3741 4800 prtesen-

2159 4837 2264 4882 tem
2293 4825 2700 4897 prosperitatem
2724 4823 2871 4893 quasi
2898 4839 2999 4875 non
3031 4833 3195 4884 esset,
3225 4824 3537 4877 contemnit.
3583 4823 3738 4879 Oculi

2157 4918 2297 4973 enim
2329 4916 2474 4981 ﬁdei,
2507 4914 2720 4984 quando
2751 4913 2928 4968 vident
2982 4913 3263 4968 ineffabilia
3299 4914 3383 4968 illa
3442 4914 3579 4969 bona
3604 4957 3619 4979 ,
3674 4931 3748 4971 ne

2155 5019 2389 5065 sentiunt
2410 5007 2622 5077 quidem
2654 5005 2769 5059 lucc
2797 5004 3021 5059 visibilia
3048 5021 3062 5058 :
3094 5014 3296 5057 tantum
3342 5005 3483 5061 inter
3530 5007 3646 5062 hac
3687 5017 3743 5061 ι·ι

2158 5098 2246 5154 illa
2268 5099 2508 5154 interest.
2537 5098 2638 5154 Sed
2663 5097 2928 5152 neminem
2955 5094 3110 5151 video
3136 5096 3225 5166 qui
3250 5096 3531 5150 invisibilia
3560 5097 3737 5152 visibi-

2159 5189 2294 5245 libtts
2322 5189 2587 5259 pra-ferat.
2614 5188 2814 5243 Idcirco
2840 5187 2968 5241 mihi
3000 5203 3200 5243 nttBror
3223 5196 3323 5253 est,
3345 5197 3398 5242 et
3426 5189 3739 5245 indesinens

2158 5282 2310 5336 dolor
2339 5281 2486 5337 cordi
2514 5295 2672 5336 tneo:
2703 5280 2827 5351 quia
2874 5295 2978 5333 non
3008 5294 3188 5333 rerum
3226 5279 3557 5347 experientia
3597 5283 3742 5336 docti

2157 5389 2361 5438 sumus,
2413 5388 2587 5444 neque
2634 5372 2726 5428 Dei
2780 5370 3183 5442 promissiones,
3234 5385 3407 5439 neque
3454 5386 3741 5426 munerum

2159 5465 2485 5538 ωηεηίωιιυ,
2515 5465 2665 5537 regni
2696 5463 3018 5520 desiderium
3041 5471 3096 5517 et
3119 5476 3356 5516 amorem
3386 5460 3539 5516 nobis
3587 5457 3739 5524 inge-

2231 5636 2243 5664 '
2277 5633 2400 5692 Vos,
2422 5629 2631 5693 primum
2659 5624 2908 5691 (πρῶτον),
2937 5624 3074 5672 deest
3109 5623 3158 5669 ln
3193 5617 3343 5667 Savil.
3377 5621 3430 5666 et
3458 5617 3509 5663 in
3542 5618 3743 5675 septem

2165 5696 2281 5745 Mss.
