  <div class='ocr_page' id='page_1' title='image "/cluster/home/n/w/nwhite01/storage/ocr_20150623/53/mdp.39015028539479/219.png"; bbox 0 0 4066 6140; ppageno 0'>
   <div class='ocr_carea' id='block_1_1' title="bbox 509 302 614 358">
    <p class='ocr_par' dir='ltr' id='par_1_1' title="bbox 509 302 614 358">
     <span class='ocr_line' id='line_1_1' title="bbox 509 302 614 358; baseline -0.01 0"><span class='ocrx_word' id='word_1_1' title='bbox 509 302 614 358; x_wconf 73' lang='lat' dir='ltr'><strong>9H</strong></span> 
     </span>
    </p>
   </div>
   <div class='ocr_carea' id='block_1_2' title="bbox 512 405 2077 483">
    <p class='ocr_par' dir='ltr' id='par_1_2' title="bbox 512 405 2077 483">
     <span class='ocr_line' id='line_1_2' title="bbox 512 405 2077 483; baseline -0.009 -11"><span class='ocrx_word' id='word_1_2' title='bbox 512 417 692 472; x_wconf 88' lang='lat' dir='ltr'><strong>tiaudo</strong></span> <span class='ocrx_word' id='word_1_3' title='bbox 719 415 795 469; x_wconf 84' lang='lat' dir='ltr'><strong>eis</strong></span> <span class='ocrx_word' id='word_1_4' title='bbox 835 412 1206 483; x_wconf 74' lang='lat' dir='ltr'><strong>indignationis</strong></span> <span class='ocrx_word' id='word_1_5' title='bbox 1254 425 1353 463; x_wconf 81' lang='lat' dir='ltr'><strong>sua</strong></span> <span class='ocrx_word' id='word_1_6' title='bbox 1401 408 1845 479; x_wconf 85' lang='lat' dir='ltr'><strong>magnitudinem;</strong></span> <span class='ocrx_word' id='word_1_7' title='bbox 1874 405 1996 459; x_wconf 87' lang='lat' dir='ltr'><strong>dein</strong></span> <span class='ocrx_word' id='word_1_8' title='bbox 2024 414 2077 458; x_wconf 87' lang='lat' dir='ltr'><strong>ut</strong></span> 
     </span>
    </p>
   </div>
   <div class='ocr_carea' id='block_1_3' title="bbox 514 496 2085 572">
    <p class='ocr_par' dir='ltr' id='par_1_3' title="bbox 514 496 2085 572">
     <span class='ocr_line' id='line_1_3' title="bbox 514 496 2085 572; baseline -0.01 -9"><span class='ocrx_word' id='word_1_9' title='bbox 514 511 665 563; x_wconf 87' lang='lat' dir='ltr'><strong>daret</strong></span> <span class='ocrx_word' id='word_1_10' title='bbox 690 507 766 561; x_wconf 85' lang='lat' dir='ltr'><strong>eis</strong></span> <span class='ocrx_word' id='word_1_11' title='bbox 797 505 1043 560; x_wconf 84' lang='lat' dir='ltr'><strong>idoneum</strong></span> <span class='ocrx_word' id='word_1_12' title='bbox 1075 515 1316 572; x_wconf 71' lang='lat' dir='ltr'><strong>tempus,</strong></span> <span class='ocrx_word' id='word_1_13' title='bbox 1346 501 1485 572; x_wconf 90' lang='lat' dir='ltr'><strong>quod</strong></span> <span class='ocrx_word' id='word_1_14' title='bbox 1514 499 1781 555; x_wconf 87' lang='lat' dir='ltr'><strong>sufficeret</strong></span> <span class='ocrx_word' id='word_1_15' title='bbox 1802 499 1867 552; x_wconf 89' lang='lat' dir='ltr'><strong>ad</strong></span> <span class='ocrx_word' id='word_1_16' title='bbox 1897 496 2085 566; x_wconf 86' lang='lat' dir='ltr'><strong>resipi-</strong></span> 
     </span>
    </p>
   </div>
   <div class='ocr_carea' id='block_1_4' title="bbox 513 587 2080 667">
    <p class='ocr_par' dir='ltr' id='par_1_4' title="bbox 513 587 2080 667">
     <span class='ocr_line' id='line_1_4' title="bbox 513 587 2080 667; baseline -0.01 -12"><span class='ocrx_word' id='word_1_17' title='bbox 513 599 762 655; x_wconf 81' lang='lat' dir='ltr'><strong>scendum</strong></span> <span class='ocrx_word' id='word_1_18' title='bbox 784 638 798 662; x_wconf 92' lang='lat'><strong>,</strong></span> <span class='ocrx_word' id='word_1_19' title='bbox 825 606 884 651; x_wconf 92' lang='lat' dir='ltr'><strong>ut</strong></span> <span class='ocrx_word' id='word_1_20' title='bbox 907 594 1319 667; x_wconf 72' lang='lat' dir='ltr'><strong>indignationem</strong></span> <span class='ocrx_word' id='word_1_21' title='bbox 1348 608 1453 648; x_wconf 88' lang='lat' dir='ltr'><strong>non</strong></span> <span class='ocrx_word' id='word_1_22' title='bbox 1484 592 1883 660; x_wconf 77' lang='lat' dir='ltr'><strong>experirentur,</strong></span> <span class='ocrx_word' id='word_1_23' title='bbox 1911 587 2039 642; x_wconf 81' lang='lat' dir='ltr'><strong>dicit</strong></span> <span class='ocrx_word' id='word_1_24' title='bbox 2066 603 2080 640; x_wconf 91' lang='lat'><strong>:</strong></span> 
     </span>
    </p>
   </div>
   <div class='ocr_carea' id='block_1_5' title="bbox 515 677 2081 754">
    <p class='ocr_par' dir='ltr' id='par_1_5' title="bbox 515 677 2081 754">
     <span class='ocr_line' id='line_1_5' title="bbox 515 677 2081 754; baseline -0.006 -12"><span class='ocrx_word' id='word_1_25' title='bbox 515 688 674 743; x_wconf 77' lang='lat' dir='ltr'><strong>Erunt</strong></span> <span class='ocrx_word' id='word_1_26' title='bbox 693 698 861 740; x_wconf 82' lang='lat' dir='ltr'><strong>autem</strong></span> <span class='ocrx_word' id='word_1_27' title='bbox 876 686 980 740; x_wconf 83' lang='lat' dir='ltr'><strong>dies</strong></span> <span class='ocrx_word' id='word_1_28' title='bbox 995 703 1163 740; x_wconf 87' lang='lat' dir='ltr'><strong>eorum</strong></span> <span class='ocrx_word' id='word_1_29' title='bbox 1177 685 1298 739; x_wconf 87' lang='lat' dir='ltr'><strong>anni</strong></span> <span class='ocrx_word' id='word_1_30' title='bbox 1311 693 1505 738; x_wconf 81' lang='lat' dir='ltr'><strong>centum</strong></span> <span class='ocrx_word' id='word_1_31' title='bbox 1524 693 1570 737; x_wconf 86' lang='lat' dir='ltr'><strong>et</strong></span> <span class='ocrx_word' id='word_1_32' title='bbox 1583 682 1754 754; x_wconf 83' lang='lat' dir='ltr'><strong>viginti</strong></span> <span class='ocrx_word' id='word_1_33' title='bbox 1768 677 1917 753; x_wconf 83' lang='lat' dir='ltr'><strong>(Gen.</strong></span> <span class='ocrx_word' id='word_1_34' title='bbox 1935 678 1988 734; x_wconf 83' lang='lat'><strong>6.</strong></span> <span class='ocrx_word' id='word_1_35' title='bbox 2003 678 2081 750; x_wconf 83' lang='lat'><strong>&#39;5):</strong></span> 
     </span>
    </p>
   </div>
   <div class='ocr_carea' id='block_1_6' title="bbox 510 774 2084 847">
    <p class='ocr_par' dir='ltr' id='par_1_6' title="bbox 510 774 2084 847">
     <span class='ocr_line' id='line_1_6' title="bbox 510 774 2084 847; baseline -0.004 -15"><span class='ocrx_word' id='word_1_36' title='bbox 510 785 609 836; x_wconf 85' lang='lat' dir='ltr'><strong>hoc</strong></span> <span class='ocrx_word' id='word_1_37' title='bbox 633 788 733 839; x_wconf 83' lang='lat' dir='ltr'><strong>est,</strong></span> <span class='ocrx_word' id='word_1_38' title='bbox 764 779 951 833; x_wconf 82' lang='lat' dir='ltr'><strong>Adhuc</strong></span> <span class='ocrx_word' id='word_1_39' title='bbox 996 776 1395 847; x_wconf 84' lang='lat' dir='ltr'><strong>procrastinabo</strong></span> <span class='ocrx_word' id='word_1_40' title='bbox 1419 776 1577 831; x_wconf 89' lang='lat' dir='ltr'><strong>etiam</strong></span> <span class='ocrx_word' id='word_1_41' title='bbox 1608 785 1727 845; x_wconf 91' lang='lat' dir='ltr'><strong>post</strong></span> <span class='ocrx_word' id='word_1_42' title='bbox 1770 774 2084 844; x_wconf 82' lang='lat' dir='ltr'><strong>quingentos</strong></span> 
     </span>
    </p>
   </div>
   <div class='ocr_carea' id='block_1_7' title="bbox 509 862 2084 937">
    <p class='ocr_par' dir='ltr' id='par_1_7' title="bbox 509 862 2084 937">
     <span class='ocr_line' id='line_1_7' title="bbox 509 862 2084 937; baseline -0.004 -15"><span class='ocrx_word' id='word_1_43' title='bbox 509 870 628 923; x_wconf 91' lang='lat' dir='ltr'><strong>illos</strong></span> <span class='ocrx_word' id='word_1_44' title='bbox 674 884 861 935; x_wconf 81' lang='lat' dir='ltr'><strong>annos,</strong></span> <span class='ocrx_word' id='word_1_45' title='bbox 912 869 963 921; x_wconf 89' lang='lat' dir='ltr'><strong>in</strong></span> <span class='ocrx_word' id='word_1_46' title='bbox 1015 868 1204 937; x_wconf 82' lang='lat' dir='ltr'><strong>quibus</strong></span> <span class='ocrx_word' id='word_1_47' title='bbox 1244 867 1416 935; x_wconf 87' lang='lat' dir='ltr'><strong>justus</strong></span> <span class='ocrx_word' id='word_1_48' title='bbox 1441 867 1540 919; x_wconf 89' lang='lat' dir='ltr'><strong>iste</strong></span> <span class='ocrx_word' id='word_1_49' title='bbox 1571 880 1666 919; x_wconf 88' lang='lat' dir='ltr'><strong>suo</strong></span> <span class='ocrx_word' id='word_1_50' title='bbox 1692 863 1908 918; x_wconf 89' lang='lat' dir='ltr'><strong>nomine</strong></span> <span class='ocrx_word' id='word_1_51' title='bbox 1955 862 2084 916; x_wconf 88' lang='lat' dir='ltr'><strong>satis</strong></span> 
     </span>
    </p>
   </div>
   <div class='ocr_carea' id='block_1_8' title="bbox 511 953 2084 1022">
    <p class='ocr_par' dir='ltr' id='par_1_8' title="bbox 511 953 2084 1022">
     <span class='ocr_line' id='line_1_8' title="bbox 511 953 2084 1022; baseline -0.006 -9"><span class='ocrx_word' id='word_1_52' title='bbox 511 974 699 1013; x_wconf 83' lang='lat' dir='ltr'><strong>omnes</strong></span> <span class='ocrx_word' id='word_1_53' title='bbox 727 959 842 1011; x_wconf 87' lang='lat' dir='ltr'><strong>illos</strong></span> <span class='ocrx_word' id='word_1_54' title='bbox 866 956 1184 1011; x_wconf 82' lang='lat' dir='ltr'><strong>admonebat</strong></span> <span class='ocrx_word' id='word_1_55' title='bbox 1203 966 1257 1011; x_wconf 90' lang='lat' dir='ltr'><strong>et</strong></span> <span class='ocrx_word' id='word_1_56' title='bbox 1283 954 1585 1021; x_wconf 83' lang='lat' dir='ltr'><strong>inducebat,</strong></span> <span class='ocrx_word' id='word_1_57' title='bbox 1607 954 1650 1008; x_wconf 89' lang='lat' dir='ltr'><strong>si</strong></span> <span class='ocrx_word' id='word_1_58' title='bbox 1673 953 1884 1022; x_wconf 89' lang='lat' dir='ltr'><strong>quidem</strong></span> <span class='ocrx_word' id='word_1_59' title='bbox 1915 960 2084 1006; x_wconf 89' lang='lat' dir='ltr'><strong>atten-</strong></span> 
     </span>
    </p>
   </div>
   <div class='ocr_carea' id='block_1_9' title="bbox 512 1043 2083 1114">
    <p class='ocr_par' dir='ltr' id='par_1_9' title="bbox 512 1043 2083 1114">
     <span class='ocr_line' id='line_1_9' title="bbox 512 1043 2083 1114; baseline -0.008 -5"><span class='ocrx_word' id='word_1_60' title='bbox 512 1054 642 1109; x_wconf 92' lang='lat' dir='ltr'><strong>dere</strong></span> <span class='ocrx_word' id='word_1_61' title='bbox 672 1053 980 1114; x_wconf 87' lang='lat' dir='ltr'><strong>voluissent,</strong></span> <span class='ocrx_word' id='word_1_62' title='bbox 1011 1059 1066 1103; x_wconf 91' lang='lat' dir='ltr'><strong>ut</strong></span> <span class='ocrx_word' id='word_1_63' title='bbox 1115 1056 1169 1104; x_wconf 89' lang='lat' dir='ltr'><strong>et</strong></span> <span class='ocrx_word' id='word_1_64' title='bbox 1211 1063 1239 1101; x_wconf 91' lang='lat' dir='ltr'><strong>a</strong></span> <span class='ocrx_word' id='word_1_65' title='bbox 1295 1048 1491 1103; x_wconf 87' lang='lat' dir='ltr'><strong>malitia</strong></span> <span class='ocrx_word' id='word_1_66' title='bbox 1552 1045 1889 1112; x_wconf 81' lang='lat' dir='ltr'><strong>desisterent,</strong></span> <span class='ocrx_word' id='word_1_67' title='bbox 1918 1052 1972 1099; x_wconf 91' lang='lat' dir='ltr'><strong>et</strong></span> <span class='ocrx_word' id='word_1_68' title='bbox 2016 1043 2083 1097; x_wconf 91' lang='lat' dir='ltr'><strong>ad</strong></span> 
     </span>
    </p>
   </div>
   <div class='ocr_carea' id='block_1_10' title="bbox 512 1134 2086 1205">
    <p class='ocr_par' dir='ltr' id='par_1_10' title="bbox 512 1134 2086 1205">
     <span class='ocr_line' id='line_1_10' title="bbox 512 1134 2086 1205; baseline -0.007 -7"><span class='ocrx_word' id='word_1_69' title='bbox 512 1145 762 1199; x_wconf 74' lang='lat' dir='ltr'><strong>virtutem</strong></span> <span class='ocrx_word' id='word_1_70' title='bbox 792 1158 849 1197; x_wconf 89' lang='lat' dir='ltr'><strong>se</strong></span> <span class='ocrx_word' id='word_1_71' title='bbox 877 1140 1241 1196; x_wconf 87' lang='lat' dir='ltr'><strong>transferrent.</strong></span> <span class='ocrx_word' id='word_1_72' title='bbox 1273 1140 1646 1194; x_wconf 71' lang='lat' dir='ltr'><strong>Verumtamen</strong></span> <span class='ocrx_word' id='word_1_73' title='bbox 1673 1146 1727 1191; x_wconf 91' lang='lat' dir='ltr'><strong>et</strong></span> <span class='ocrx_word' id='word_1_74' title='bbox 1758 1150 1896 1190; x_wconf 89' lang='lat' dir='ltr'><strong>nunc</strong></span> <span class='ocrx_word' id='word_1_75' title='bbox 1932 1134 2086 1205; x_wconf 84' lang='lat' dir='ltr'><strong>polli-</strong></span> 
     </span>
    </p>
   </div>
   <div class='ocr_carea' id='block_1_11' title="bbox 512 1228 2088 1302">
    <p class='ocr_par' dir='ltr' id='par_1_11' title="bbox 512 1228 2088 1302">
     <span class='ocr_line' id='line_1_11' title="bbox 512 1228 2088 1302; baseline -0.006 -12"><span class='ocrx_word' id='word_1_76' title='bbox 512 1250 639 1290; x_wconf 86' lang='lat' dir='ltr'><strong>ceor</strong></span> <span class='ocrx_word' id='word_1_77' title='bbox 667 1250 753 1289; x_wconf 89' lang='lat' dir='ltr'><strong>me</strong></span> <span class='ocrx_word' id='word_1_78' title='bbox 796 1249 964 1289; x_wconf 89' lang='lat' dir='ltr'><strong>annos</strong></span> <span class='ocrx_word' id='word_1_79' title='bbox 1015 1241 1225 1287; x_wconf 84' lang='lat' dir='ltr'><strong>centum</strong></span> <span class='ocrx_word' id='word_1_80' title='bbox 1278 1232 1459 1301; x_wconf 81' lang='lat' dir='ltr'><strong>viginti</strong></span> <span class='ocrx_word' id='word_1_81' title='bbox 1508 1228 1585 1302; x_wconf 81' lang='grc' dir='ltr'><strong>(η)</strong></span> <span class='ocrx_word' id='word_1_82' title='bbox 1635 1231 2000 1293; x_wconf 84' lang='lat' dir='ltr'><strong>toleraturum,</strong></span> <span class='ocrx_word' id='word_1_83' title='bbox 2029 1236 2088 1281; x_wconf 92' lang='lat' dir='ltr'><strong>ut</strong></span> 
     </span>
    </p>
   </div>
   <div class='ocr_carea' id='block_1_12' title="bbox 517 1321 2088 1397">
    <p class='ocr_par' dir='ltr' id='par_1_12' title="bbox 517 1321 2088 1397">
     <span class='ocr_line' id='line_1_12' title="bbox 517 1321 2088 1397; baseline -0.004 -17"><span class='ocrx_word' id='word_1_84' title='bbox 517 1337 757 1397; x_wconf 88' lang='lat' dir='ltr'><strong>tempore</strong></span> <span class='ocrx_word' id='word_1_85' title='bbox 808 1325 947 1396; x_wconf 91' lang='lat' dir='ltr'><strong>quod</strong></span> <span class='ocrx_word' id='word_1_86' title='bbox 991 1324 1327 1387; x_wconf 90' lang='lat' dir='ltr'><strong>intercedet,</strong></span> <span class='ocrx_word' id='word_1_87' title='bbox 1375 1321 1816 1393; x_wconf 77' lang='lat' dir='ltr'><strong>quemadmodum</strong></span> <span class='ocrx_word' id='word_1_88' title='bbox 1867 1336 1962 1390; x_wconf 85' lang='lat' dir='ltr'><strong>par</strong></span> <span class='ocrx_word' id='word_1_89' title='bbox 2004 1329 2088 1375; x_wconf 88' lang='lat' dir='ltr'><strong>est</strong></span> 
     </span>
    </p>
   </div>
   <div class='ocr_carea' id='block_1_13' title="bbox 515 1412 2089 1486">
    <p class='ocr_par' dir='ltr' id='par_1_13' title="bbox 515 1412 2089 1486">
     <span class='ocr_line' id='line_1_13' title="bbox 515 1412 2089 1486; baseline -0.005 -12"><span class='ocrx_word' id='word_1_90' title='bbox 515 1427 750 1481; x_wconf 85' lang='lat' dir='ltr'><strong>utantur,</strong></span> <span class='ocrx_word' id='word_1_91' title='bbox 781 1418 1139 1486; x_wconf 82' lang='lat' dir='ltr'><strong>malitiamque</strong></span> <span class='ocrx_word' id='word_1_92' title='bbox 1168 1415 1387 1484; x_wconf 83' lang='lat' dir='ltr'><strong>fugiant,</strong></span> <span class='ocrx_word' id='word_1_93' title='bbox 1427 1423 1484 1470; x_wconf 89' lang='lat' dir='ltr'><strong>et</strong></span> <span class='ocrx_word' id='word_1_94' title='bbox 1511 1415 1756 1468; x_wconf 90' lang='lat' dir='ltr'><strong>virttttem</strong></span> <span class='ocrx_word' id='word_1_95' title='bbox 1781 1412 2089 1482; x_wconf 78' lang='lat' dir='ltr'><strong>amplexen-</strong></span> 
     </span>
    </p>
   </div>
   <div class='ocr_carea' id='block_1_14' title="bbox 515 1500 2086 1570">
    <p class='ocr_par' dir='ltr' id='par_1_14' title="bbox 515 1500 2086 1570">
     <span class='ocr_line' id='line_1_14' title="bbox 515 1500 2086 1570; baseline -0.006 -6"><span class='ocrx_word' id='word_1_96' title='bbox 515 1519 621 1564; x_wconf 86' lang='lat' dir='ltr'><strong>tur.</strong></span> <span class='ocrx_word' id='word_1_97' title='bbox 679 1510 745 1564; x_wconf 86' lang='lat' dir='ltr'><strong>Et</strong></span> <span class='ocrx_word' id='word_1_98' title='bbox 771 1523 874 1563; x_wconf 88' lang='lat' dir='ltr'><strong>non</strong></span> <span class='ocrx_word' id='word_1_99' title='bbox 901 1509 1071 1562; x_wconf 88' lang='lat' dir='ltr'><strong>solum</strong></span> <span class='ocrx_word' id='word_1_100' title='bbox 1121 1516 1402 1561; x_wconf 90' lang='lat' dir='ltr'><strong>contentus</strong></span> <span class='ocrx_word' id='word_1_101' title='bbox 1438 1504 1533 1558; x_wconf 90' lang='lat' dir='ltr'><strong>fuit</strong></span> <span class='ocrx_word' id='word_1_102' title='bbox 1573 1513 1783 1559; x_wconf 85' lang='lat' dir='ltr'><strong>centum</strong></span> <span class='ocrx_word' id='word_1_103' title='bbox 1825 1510 1877 1557; x_wconf 90' lang='lat' dir='ltr'><strong>et</strong></span> <span class='ocrx_word' id='word_1_104' title='bbox 1905 1500 2086 1570; x_wconf 82' lang='lat' dir='ltr'><strong>viginti</strong></span> 
     </span>
    </p>
   </div>
   <div class='ocr_carea' id='block_1_15' title="bbox 516 1593 2086 1667">
    <p class='ocr_par' dir='ltr' id='par_1_15' title="bbox 516 1593 2086 1667">
     <span class='ocr_line' id='line_1_15' title="bbox 516 1593 2086 1667; baseline -0.006 -13"><span class='ocrx_word' id='word_1_105' title='bbox 516 1614 773 1655; x_wconf 88' lang='lat' dir='ltr'><strong>annorum</strong></span> <span class='ocrx_word' id='word_1_106' title='bbox 819 1598 1187 1667; x_wconf 85' lang='lat' dir='ltr'><strong>promissione,</strong></span> <span class='ocrx_word' id='word_1_107' title='bbox 1234 1596 1326 1650; x_wconf 91' lang='lat' dir='ltr'><strong>sed</strong></span> <span class='ocrx_word' id='word_1_108' title='bbox 1366 1596 1510 1664; x_wconf 87' lang='lat' dir='ltr'><strong>justo</strong></span> <span class='ocrx_word' id='word_1_109' title='bbox 1551 1593 1796 1662; x_wconf 64' lang='lat' dir='ltr'><strong>praecepit</strong></span> <span class='ocrx_word' id='word_1_110' title='bbox 1824 1599 1882 1645; x_wconf 87' lang='lat' dir='ltr'><strong>ut</strong></span> <span class='ocrx_word' id='word_1_111' title='bbox 1907 1605 2086 1645; x_wconf 86' lang='lat' dir='ltr'><strong>arcam</strong></span> 
     </span>
    </p>
   </div>
   <div class='ocr_carea' id='block_1_16' title="bbox 515 1684 2083 1760">
    <p class='ocr_par' dir='ltr' id='par_1_16' title="bbox 515 1684 2083 1760">
     <span class='ocr_line' id='line_1_16' title="bbox 515 1684 2083 1760; baseline -0.006 -15"><span class='ocrx_word' id='word_1_112' title='bbox 515 1698 863 1754; x_wconf 88' lang='lat' dir='ltr'><strong>construeret,</strong></span> <span class='ocrx_word' id='word_1_113' title='bbox 890 1705 995 1760; x_wconf 90' lang='lat' dir='ltr'><strong>quo</strong></span> <span class='ocrx_word' id='word_1_114' title='bbox 1019 1698 1072 1743; x_wconf 92' lang='lat' dir='ltr'><strong>et</strong></span> <span class='ocrx_word' id='word_1_115' title='bbox 1099 1689 1210 1757; x_wconf 88' lang='lat' dir='ltr'><strong>ipse</strong></span> <span class='ocrx_word' id='word_1_116' title='bbox 1235 1698 1477 1756; x_wconf 87' lang='lat' dir='ltr'><strong>aspectus</strong></span> <span class='ocrx_word' id='word_1_117' title='bbox 1491 1701 1628 1741; x_wconf 78' lang='lat' dir='ltr'><strong>arca:</strong></span> <span class='ocrx_word' id='word_1_118' title='bbox 1655 1686 1719 1739; x_wconf 91' lang='lat' dir='ltr'><strong>iis</strong></span> <span class='ocrx_word' id='word_1_119' title='bbox 1737 1684 2083 1739; x_wconf 89' lang='lat' dir='ltr'><strong>sufficientem</strong></span> 
     </span>
    </p>
   </div>
   <div class='ocr_carea' id='block_1_17' title="bbox 515 1774 2087 1851">
    <p class='ocr_par' dir='ltr' id='par_1_17' title="bbox 515 1774 2087 1851">
     <span class='ocr_line' id='line_1_17' title="bbox 515 1774 2087 1851; baseline -0.006 -14"><span class='ocrx_word' id='word_1_120' title='bbox 515 1783 825 1837; x_wconf 87' lang='lat' dir='ltr'><strong>memoriam</strong></span> <span class='ocrx_word' id='word_1_121' title='bbox 850 1788 1172 1851; x_wconf 76' lang='lat' dir='ltr'><strong>suggereret,</strong></span> <span class='ocrx_word' id='word_1_122' title='bbox 1195 1789 1246 1834; x_wconf 90' lang='lat' dir='ltr'><strong>et</strong></span> <span class='ocrx_word' id='word_1_123' title='bbox 1272 1779 1449 1833; x_wconf 87' lang='lat' dir='ltr'><strong>nullus</strong></span> <span class='ocrx_word' id='word_1_124' title='bbox 1487 1778 1752 1848; x_wconf 74' lang='lat' dir='ltr'><strong>ignoraret</strong></span> <span class='ocrx_word' id='word_1_125' title='bbox 1797 1774 2087 1830; x_wconf 69' lang='lat' dir='ltr'><strong>inferenda:</strong></span> 
     </span>
    </p>
   </div>
   <div class='ocr_carea' id='block_1_18' title="bbox 514 1865 2086 1944">
    <p class='ocr_par' dir='ltr' id='par_1_18' title="bbox 514 1865 2086 1944">
     <span class='ocr_line' id='line_1_18' title="bbox 514 1865 2086 1944; baseline -0.005 -16"><span class='ocrx_word' id='word_1_126' title='bbox 514 1888 687 1944; x_wconf 68' lang='lat' dir='ltr'><strong>postue</strong></span> <span class='ocrx_word' id='word_1_127' title='bbox 712 1873 1143 1942; x_wconf 87' lang='lat' dir='ltr'><strong>magnitudinem.</strong></span> <span class='ocrx_word' id='word_1_128' title='bbox 1173 1871 1302 1924; x_wconf 86' lang='lat' dir='ltr'><strong>Nam</strong></span> <span class='ocrx_word' id='word_1_129' title='bbox 1332 1868 1469 1924; x_wconf 84' lang='lat' dir='ltr'><strong>istud</strong></span> <span class='ocrx_word' id='word_1_130' title='bbox 1509 1869 1711 1937; x_wconf 87' lang='lat' dir='ltr'><strong>ipsum,</strong></span> <span class='ocrx_word' id='word_1_131' title='bbox 1741 1865 1879 1935; x_wconf 87' lang='lat' dir='ltr'><strong>quod</strong></span> <span class='ocrx_word' id='word_1_132' title='bbox 1909 1865 2086 1935; x_wconf 88' lang='lat' dir='ltr'><strong>justus</strong></span> 
     </span>
    </p>
   </div>
   <div class='ocr_carea' id='block_1_19' title="bbox 517 1958 2082 2034">
    <p class='ocr_par' dir='ltr' id='par_1_19' title="bbox 517 1958 2082 2034">
     <span class='ocr_line' id='line_1_19' title="bbox 517 1958 2082 2034; baseline -0.007 -13"><span class='ocrx_word' id='word_1_133' title='bbox 517 1968 627 2029; x_wconf 92' lang='lat' dir='ltr'><strong>ille,</strong></span> <span class='ocrx_word' id='word_1_134' title='bbox 656 1976 709 2021; x_wconf 90' lang='lat' dir='ltr'><strong>et</strong></span> <span class='ocrx_word' id='word_1_135' title='bbox 734 1965 822 2034; x_wconf 89' lang='lat' dir='ltr'><strong>qui</strong></span> <span class='ocrx_word' id='word_1_136' title='bbox 852 1966 903 2019; x_wconf 91' lang='lat' dir='ltr'><strong>in</strong></span> <span class='ocrx_word' id='word_1_137' title='bbox 930 1979 1195 2018; x_wconf 86' lang='lat' dir='ltr'><strong>summum</strong></span> <span class='ocrx_word' id='word_1_138' title='bbox 1223 1964 1432 2017; x_wconf 88' lang='lat' dir='ltr'><strong>virtutis</strong></span> <span class='ocrx_word' id='word_1_139' title='bbox 1460 1968 1771 2032; x_wconf 81' lang='lat' dir='ltr'><strong>pervenerat</strong></span> <span class='ocrx_word' id='word_1_140' title='bbox 1797 1958 2082 2028; x_wconf 78' lang='lat' dir='ltr'><strong>fastigium,</strong></span> 
     </span>
    </p>
   </div>
   <div class='ocr_carea' id='block_1_20' title="bbox 517 2047 2084 2120">
    <p class='ocr_par' dir='ltr' id='par_1_20' title="bbox 517 2047 2084 2120">
     <span class='ocr_line' id='line_1_20' title="bbox 517 2047 2084 2120; baseline -0.007 -8"><span class='ocrx_word' id='word_1_141' title='bbox 517 2068 661 2112; x_wconf 85' lang='lat' dir='ltr'><strong>tanto</strong></span> <span class='ocrx_word' id='word_1_142' title='bbox 687 2058 861 2111; x_wconf 90' lang='lat' dir='ltr'><strong>studio</strong></span> <span class='ocrx_word' id='word_1_143' title='bbox 889 2056 1195 2111; x_wconf 82' lang='lat' dir='ltr'><strong>exstruebat</strong></span> <span class='ocrx_word' id='word_1_144' title='bbox 1219 2069 1396 2109; x_wconf 88' lang='lat' dir='ltr'><strong>aream</strong></span> <span class='ocrx_word' id='word_1_145' title='bbox 1423 2094 1438 2120; x_wconf 97' lang='lat'><strong>,</strong></span> <span class='ocrx_word' id='word_1_146' title='bbox 1469 2054 1598 2107; x_wconf 87' lang='lat' dir='ltr'><strong>satis</strong></span> <span class='ocrx_word' id='word_1_147' title='bbox 1621 2067 1740 2107; x_wconf 88' lang='lat' dir='ltr'><strong>esse</strong></span> <span class='ocrx_word' id='word_1_148' title='bbox 1763 2048 1990 2106; x_wconf 87' lang='lat' dir='ltr'><strong>debebat</strong></span> <span class='ocrx_word' id='word_1_149' title='bbox 2016 2047 2084 2102; x_wconf 89' lang='lat' dir='ltr'><strong>ad</strong></span> 
     </span>
    </p>
   </div>
   <div class='ocr_carea' id='block_1_21' title="bbox 517 2146 2083 2218">
    <p class='ocr_par' dir='ltr' id='par_1_21' title="bbox 517 2146 2083 2218">
     <span class='ocr_line' id='line_1_21' title="bbox 517 2146 2083 2218; baseline -0.006 -15"><span class='ocrx_word' id='word_1_150' title='bbox 517 2149 859 2218; x_wconf 84' lang='lat' dir='ltr'><strong>injiciendum</strong></span> <span class='ocrx_word' id='word_1_151' title='bbox 907 2147 1173 2213; x_wconf 91' lang='lat' dir='ltr'><strong>omnibus,</strong></span> <span class='ocrx_word' id='word_1_152' title='bbox 1217 2146 1408 2216; x_wconf 83' lang='lat' dir='ltr'><strong>quibus</strong></span> <span class='ocrx_word' id='word_1_153' title='bbox 1458 2159 1606 2198; x_wconf 89' lang='lat' dir='ltr'><strong>mens</strong></span> <span class='ocrx_word' id='word_1_154' title='bbox 1650 2151 1805 2208; x_wconf 90' lang='lat' dir='ltr'><strong>erat,</strong></span> <span class='ocrx_word' id='word_1_155' title='bbox 1834 2153 2083 2209; x_wconf 87' lang='lat' dir='ltr'><strong>angorem</strong></span> 
     </span>
    </p>
   </div>
   <div class='ocr_carea' id='block_1_22' title="bbox 516 2232 2083 2305">
    <p class='ocr_par' dir='ltr' id='par_1_22' title="bbox 516 2232 2083 2305">
     <span class='ocr_line' id='line_1_22' title="bbox 516 2232 2083 2305; baseline -0.008 -10"><span class='ocrx_word' id='word_1_156' title='bbox 516 2251 572 2295; x_wconf 91' lang='lat' dir='ltr'><strong>et</strong></span> <span class='ocrx_word' id='word_1_157' title='bbox 616 2240 970 2302; x_wconf 87' lang='lat' dir='ltr'><strong>formidinem,</strong></span> <span class='ocrx_word' id='word_1_158' title='bbox 1015 2248 1069 2293; x_wconf 86' lang='lat' dir='ltr'><strong>et</strong></span> <span class='ocrx_word' id='word_1_159' title='bbox 1113 2236 1528 2305; x_wconf 90' lang='lat' dir='ltr'><strong>persuadendum</strong></span> <span class='ocrx_word' id='word_1_160' title='bbox 1559 2243 1617 2286; x_wconf 91' lang='lat' dir='ltr'><strong>ut</strong></span> <span class='ocrx_word' id='word_1_161' title='bbox 1665 2232 1933 2301; x_wconf 78' lang='lat' dir='ltr'><strong>placarent</strong></span> <span class='ocrx_word' id='word_1_162' title='bbox 1978 2239 2083 2283; x_wconf 89' lang='lat' dir='ltr'><strong>tam</strong></span> 
     </span>
    </p>
   </div>
   <div class='ocr_carea' id='block_1_23' title="bbox 516 2318 2085 2384">
    <p class='ocr_par' dir='ltr' id='par_1_23' title="bbox 516 2318 2085 2384">
     <span class='ocr_line' id='line_1_23' title="bbox 516 2318 2085 2384; baseline -0.008 0"><span class='ocrx_word' id='word_1_163' title='bbox 516 2337 846 2384; x_wconf 89' lang='lat' dir='ltr'><strong>mansuetum</strong></span> <span class='ocrx_word' id='word_1_164' title='bbox 874 2338 926 2382; x_wconf 93' lang='lat' dir='ltr'><strong>et</strong></span> <span class='ocrx_word' id='word_1_165' title='bbox 965 2327 1281 2382; x_wconf 89' lang='lat' dir='ltr'><strong>clementem</strong></span> <span class='ocrx_word' id='word_1_166' title='bbox 1319 2324 1615 2378; x_wconf 87' lang='lat' dir='ltr'><strong>Dominum.</strong></span> <span class='ocrx_word' id='word_1_167' title='bbox 1652 2321 1780 2374; x_wconf 86' lang='lat' dir='ltr'><strong>Nam</strong></span> <span class='ocrx_word' id='word_1_168' title='bbox 1812 2320 1853 2374; x_wconf 90' lang='lat' dir='ltr'><strong>si</strong></span> <span class='ocrx_word' id='word_1_169' title='bbox 1877 2318 2085 2374; x_wconf 87' lang='lat' dir='ltr'><strong>barbari</strong></span> 
     </span>
    </p>
   </div>
   <div class='ocr_carea' id='block_1_24' title="bbox 516 2411 2086 2492">
    <p class='ocr_par' dir='ltr' id='par_1_24' title="bbox 516 2411 2086 2492">
     <span class='ocr_line' id='line_1_24' title="bbox 516 2411 2086 2492; baseline -0.008 -16"><span class='ocrx_word' id='word_1_170' title='bbox 516 2423 590 2476; x_wconf 88' lang='lat' dir='ltr'><strong>illi</strong></span> <span class='ocrx_word' id='word_1_171' title='bbox 615 2420 707 2492; x_wconf 75' lang='grc' dir='ltr'><strong>(ὁ),</strong></span> <span class='ocrx_word' id='word_1_172' title='bbox 749 2419 1003 2473; x_wconf 88' lang='lat' dir='ltr'><strong>Ninivitas</strong></span> <span class='ocrx_word' id='word_1_173' title='bbox 1023 2419 1141 2472; x_wconf 88' lang='lat' dir='ltr'><strong>dico</strong></span> <span class='ocrx_word' id='word_1_174' title='bbox 1164 2459 1179 2484; x_wconf 90' lang='lat'><strong>,</strong></span> <span class='ocrx_word' id='word_1_175' title='bbox 1206 2433 1338 2486; x_wconf 89' lang='lat' dir='ltr'><strong>quos</strong></span> <span class='ocrx_word' id='word_1_176' title='bbox 1362 2416 1549 2469; x_wconf 87' lang='lat' dir='ltr'><strong>iterum</strong></span> <span class='ocrx_word' id='word_1_177' title='bbox 1579 2415 1632 2469; x_wconf 86' lang='lat' dir='ltr'><strong>in</strong></span> <span class='ocrx_word' id='word_1_178' title='bbox 1654 2413 1883 2468; x_wconf 81' lang='lat' dir='ltr'><strong>modunn</strong></span> <span class='ocrx_word' id='word_1_179' title='bbox 1922 2411 2086 2464; x_wconf 87' lang='lat' dir='ltr'><strong>addu-</strong></span> 
     </span>
    </p>
   </div>
   <div class='ocr_carea' id='block_1_25' title="bbox 520 2502 2085 2578">
    <p class='ocr_par' dir='ltr' id='par_1_25' title="bbox 520 2502 2085 2578">
     <span class='ocr_line' id='line_1_25' title="bbox 520 2502 2085 2578; baseline -0.006 -13"><span class='ocrx_word' id='word_1_180' title='bbox 520 2525 647 2565; x_wconf 87' lang='lat' dir='ltr'><strong>cere</strong></span> <span class='ocrx_word' id='word_1_181' title='bbox 676 2524 853 2578; x_wconf 65' lang='lat' dir='ltr'><strong>Opera:</strong></span> <span class='ocrx_word' id='word_1_182' title='bbox 879 2507 1103 2578; x_wconf 89' lang='lat' dir='ltr'><strong>pretium</strong></span> <span class='ocrx_word' id='word_1_183' title='bbox 1133 2515 1234 2572; x_wconf 88' lang='lat' dir='ltr'><strong>est,</strong></span> <span class='ocrx_word' id='word_1_184' title='bbox 1264 2514 1321 2560; x_wconf 89' lang='lat' dir='ltr'><strong>ut</strong></span> <span class='ocrx_word' id='word_1_185' title='bbox 1341 2506 1497 2559; x_wconf 90' lang='lat' dir='ltr'><strong>etiam</strong></span> <span class='ocrx_word' id='word_1_186' title='bbox 1529 2504 1627 2558; x_wconf 93' lang='lat' dir='ltr'><strong>hac</strong></span> <span class='ocrx_word' id='word_1_187' title='bbox 1672 2504 1874 2557; x_wconf 85' lang='lat' dir='ltr'><strong>ratione</strong></span> <span class='ocrx_word' id='word_1_188' title='bbox 1920 2502 2085 2570; x_wconf 72' lang='lat' dir='ltr'><strong>magis</strong></span> 
     </span>
    </p>
   </div>
   <div class='ocr_carea' id='block_1_26' title="bbox 518 2592 2082 2665">
    <p class='ocr_par' dir='ltr' id='par_1_26' title="bbox 518 2592 2082 2665">
     <span class='ocr_line' id='line_1_26' title="bbox 518 2592 2082 2665; baseline -0.006 -11"><span class='ocrx_word' id='word_1_189' title='bbox 518 2600 912 2654; x_wconf 86' lang='lat' dir='ltr'><strong>demonstretur</strong></span> <span class='ocrx_word' id='word_1_190' title='bbox 956 2607 1010 2653; x_wconf 85' lang='lat' dir='ltr'><strong>et</strong></span> <span class='ocrx_word' id='word_1_191' title='bbox 1047 2597 1234 2651; x_wconf 88' lang='lat' dir='ltr'><strong>borum</strong></span> <span class='ocrx_word' id='word_1_192' title='bbox 1283 2597 1466 2665; x_wconf 89' lang='lat' dir='ltr'><strong>ingens</strong></span> <span class='ocrx_word' id='word_1_193' title='bbox 1515 2594 1729 2656; x_wconf 88' lang='lat' dir='ltr'><strong>ntalitia,</strong></span> <span class='ocrx_word' id='word_1_194' title='bbox 1765 2601 1820 2648; x_wconf 89' lang='lat' dir='ltr'><strong>et</strong></span> <span class='ocrx_word' id='word_1_195' title='bbox 1871 2592 2082 2646; x_wconf 89' lang='lat' dir='ltr'><strong>illorum</strong></span> 
     </span>
    </p>
   </div>
   <div class='ocr_carea' id='block_1_27' title="bbox 520 2682 2086 2761">
    <p class='ocr_par' dir='ltr' id='par_1_27' title="bbox 520 2682 2086 2761">
     <span class='ocr_line' id='line_1_27' title="bbox 520 2682 2086 2761; baseline -0.006 -15"><span class='ocrx_word' id='word_1_196' title='bbox 520 2706 710 2761; x_wconf 81' lang='lat' dir='ltr'><strong>magna</strong></span> <span class='ocrx_word' id='word_1_197' title='bbox 739 2689 988 2760; x_wconf 88' lang='lat' dir='ltr'><strong>probitas.</strong></span> <span class='ocrx_word' id='word_1_198' title='bbox 1030 2688 1237 2743; x_wconf 86' lang='lat' dir='ltr'><strong>Etenim</strong></span> <span class='ocrx_word' id='word_1_199' title='bbox 1287 2686 1541 2741; x_wconf 90' lang='lat' dir='ltr'><strong>Dominus</strong></span> <span class='ocrx_word' id='word_1_200' title='bbox 1577 2693 1757 2739; x_wconf 86' lang='lat' dir='ltr'><strong>noster</strong></span> <span class='ocrx_word' id='word_1_201' title='bbox 1791 2684 1842 2737; x_wconf 91' lang='lat' dir='ltr'><strong>in</strong></span> <span class='ocrx_word' id='word_1_202' title='bbox 1879 2682 1966 2737; x_wconf 90' lang='lat' dir='ltr'><strong>die</strong></span> <span class='ocrx_word' id='word_1_203' title='bbox 1996 2683 2086 2737; x_wconf 88' lang='lat' dir='ltr'><strong>illo</strong></span> 
     </span>
    </p>
   </div>
   <div class='ocr_carea' id='block_1_28' title="bbox 519 2774 2085 2852">
    <p class='ocr_par' dir='ltr' id='par_1_28' title="bbox 519 2774 2085 2852">
     <span class='ocr_line' id='line_1_28' title="bbox 519 2774 2085 2852; baseline -0.007 -14"><span class='ocrx_word' id='word_1_204' title='bbox 519 2782 984 2852; x_wconf 81' lang='lat' dir='ltr'><strong>terribili,judicii,</strong></span> <span class='ocrx_word' id='word_1_205' title='bbox 1021 2781 1254 2850; x_wconf 88' lang='lat' dir='ltr'><strong>inquam,</strong></span> <span class='ocrx_word' id='word_1_206' title='bbox 1286 2793 1469 2834; x_wconf 88' lang='lat' dir='ltr'><strong>servos</strong></span> <span class='ocrx_word' id='word_1_207' title='bbox 1494 2786 1547 2832; x_wconf 90' lang='lat' dir='ltr'><strong>et</strong></span> <span class='ocrx_word' id='word_1_208' title='bbox 1566 2791 1749 2832; x_wconf 88' lang='lat' dir='ltr'><strong>servos</strong></span> <span class='ocrx_word' id='word_1_209' title='bbox 1773 2777 1823 2829; x_wconf 89' lang='lat' dir='ltr'><strong>in</strong></span> <span class='ocrx_word' id='word_1_210' title='bbox 1855 2774 2085 2830; x_wconf 85' lang='lat' dir='ltr'><strong>medium</strong></span> 
     </span>
    </p>
   </div>
   <div class='ocr_carea' id='block_1_29' title="bbox 515 2866 2087 2946">
    <p class='ocr_par' dir='ltr' id='par_1_29' title="bbox 515 2866 2087 2946">
     <span class='ocr_line' id='line_1_29' title="bbox 515 2866 2087 2946; baseline -0.005 -19"><span class='ocrx_word' id='word_1_211' title='bbox 515 2877 848 2946; x_wconf 86' lang='lat' dir='ltr'><strong>producens,</strong></span> <span class='ocrx_word' id='word_1_212' title='bbox 898 2875 975 2929; x_wconf 89' lang='lat' dir='ltr'><strong>sic</strong></span> <span class='ocrx_word' id='word_1_213' title='bbox 1022 2873 1512 2928; x_wconf 88' lang='lat' dir='ltr'><strong>condemnationem</strong></span> <span class='ocrx_word' id='word_1_214' title='bbox 1556 2869 1820 2940; x_wconf 89' lang='lat' dir='ltr'><strong>proferet,</strong></span> <span class='ocrx_word' id='word_1_215' title='bbox 1876 2866 2087 2939; x_wconf 85' lang='lat' dir='ltr'><strong>quando</strong></span> 
     </span>
    </p>
   </div>
   <div class='ocr_carea' id='block_1_30' title="bbox 514 2952 2090 3032">
    <p class='ocr_par' dir='ltr' id='par_1_30' title="bbox 514 2952 2090 3032">
     <span class='ocr_line' id='line_1_30' title="bbox 514 2952 2090 3032; baseline -0.006 -12"><span class='ocrx_word' id='word_1_216' title='bbox 514 2952 951 3021; x_wconf 64' lang='lat' dir='ltr'><strong>inonstmbuntur</strong></span> <span class='ocrx_word' id='word_1_217' title='bbox 1000 2965 1032 3018; x_wconf 92' lang='lat' dir='ltr'><strong>ii</strong></span> <span class='ocrx_word' id='word_1_218' title='bbox 1065 2966 1149 3032; x_wconf 76' lang='lat' dir='ltr'><strong>qui</strong></span> <span class='ocrx_word' id='word_1_219' title='bbox 1192 2963 1377 3018; x_wconf 89' lang='lat' dir='ltr'><strong>eadem</strong></span> <span class='ocrx_word' id='word_1_220' title='bbox 1426 2963 1563 3017; x_wconf 87' lang='lat' dir='ltr'><strong>bona</strong></span> <span class='ocrx_word' id='word_1_221' title='bbox 1605 2960 1778 3017; x_wconf 87' lang='lat' dir='ltr'><strong>sortiti</strong></span> <span class='ocrx_word' id='word_1_222' title='bbox 1821 2967 1993 3023; x_wconf 89' lang='lat' dir='ltr'><strong>erant,</strong></span> <span class='ocrx_word' id='word_1_223' title='bbox 2036 2968 2090 3011; x_wconf 89' lang='lat' dir='ltr'><strong>et</strong></span> 
     </span>
    </p>
   </div>
   <div class='ocr_carea' id='block_1_31' title="bbox 515 3051 2085 3123">
    <p class='ocr_par' dir='ltr' id='par_1_31' title="bbox 515 3051 2085 3123">
     <span class='ocr_line' id='line_1_31' title="bbox 515 3051 2085 3123; baseline -0.004 -13"><span class='ocrx_word' id='word_1_224' title='bbox 515 3056 821 3111; x_wconf 78' lang='lat' dir='ltr'><strong>eorumdem</strong></span> <span class='ocrx_word' id='word_1_225' title='bbox 847 3055 1103 3110; x_wconf 90' lang='lat' dir='ltr'><strong>bonorum</strong></span> <span class='ocrx_word' id='word_1_226' title='bbox 1133 3053 1412 3123; x_wconf 81' lang='lat' dir='ltr'><strong>participes</strong></span> <span class='ocrx_word' id='word_1_227' title='bbox 1437 3067 1542 3106; x_wconf 91' lang='lat' dir='ltr'><strong>non</strong></span> <span class='ocrx_word' id='word_1_228' title='bbox 1567 3051 1808 3106; x_wconf 89' lang='lat' dir='ltr'><strong>eamdem</strong></span> <span class='ocrx_word' id='word_1_229' title='bbox 1823 3063 2085 3104; x_wconf 78' lang='lat' dir='ltr'><strong>exercue-</strong></span> 
     </span>
    </p>
   </div>
   <div class='ocr_carea' id='block_1_32' title="bbox 520 3141 2089 3215">
    <p class='ocr_par' dir='ltr' id='par_1_32' title="bbox 520 3141 2089 3215">
     <span class='ocr_line' id='line_1_32' title="bbox 520 3141 2089 3215; baseline -0.004 -13"><span class='ocrx_word' id='word_1_230' title='bbox 520 3158 640 3202; x_wconf 84' lang='lat' dir='ltr'><strong>rant</strong></span> <span class='ocrx_word' id='word_1_231' title='bbox 685 3148 977 3200; x_wconf 78' lang='lat' dir='ltr'><strong>virtutem:</strong></span> <span class='ocrx_word' id='word_1_232' title='bbox 1016 3160 1158 3215; x_wconf 76' lang='lat' dir='ltr'><strong>szrpe</strong></span> <span class='ocrx_word' id='word_1_233' title='bbox 1204 3154 1378 3199; x_wconf 80' lang='lat' dir='ltr'><strong>autem</strong></span> <span class='ocrx_word' id='word_1_234' title='bbox 1430 3146 1588 3199; x_wconf 88' lang='lat' dir='ltr'><strong>etiam</strong></span> <span class='ocrx_word' id='word_1_235' title='bbox 1630 3159 1694 3198; x_wconf 79' lang='lat' dir='ltr'><strong>ex</strong></span> <span class='ocrx_word' id='word_1_236' title='bbox 1743 3141 2089 3212; x_wconf 65' lang='lat' dir='ltr'><strong>inaequalibus</strong></span> 
     </span>
    </p>
   </div>
   <div class='ocr_carea' id='block_1_33' title="bbox 523 3232 2087 3307">
    <p class='ocr_par' dir='ltr' id='par_1_33' title="bbox 523 3232 2087 3307">
     <span class='ocr_line' id='line_1_33' title="bbox 523 3232 2087 3307; baseline -0.004 -16"><span class='ocrx_word' id='word_1_237' title='bbox 523 3234 948 3307; x_wconf 84' lang='lat' dir='ltr'><strong>comparationes</strong></span> <span class='ocrx_word' id='word_1_238' title='bbox 984 3234 1149 3301; x_wconf 90' lang='lat' dir='ltr'><strong>facit,</strong></span> <span class='ocrx_word' id='word_1_239' title='bbox 1189 3243 1249 3290; x_wconf 87' lang='lat' dir='ltr'><strong>ut</strong></span> <span class='ocrx_word' id='word_1_240' title='bbox 1294 3234 1548 3304; x_wconf 86' lang='lat' dir='ltr'><strong>majorem</strong></span> <span class='ocrx_word' id='word_1_241' title='bbox 1593 3232 2087 3287; x_wconf 88' lang='lat' dir='ltr'><strong>condemnationem</strong></span> 
     </span>
    </p>
   </div>
   <div class='ocr_carea' id='block_1_34' title="bbox 524 3325 2084 3400">
    <p class='ocr_par' dir='ltr' id='par_1_34' title="bbox 524 3325 2084 3400">
     <span class='ocr_line' id='line_1_34' title="bbox 524 3325 2084 3400; baseline -0.003 -18"><span class='ocrx_word' id='word_1_242' title='bbox 524 3329 726 3398; x_wconf 83' lang='lat' dir='ltr'><strong>ignavis</strong></span> <span class='ocrx_word' id='word_1_243' title='bbox 752 3328 960 3383; x_wconf 87' lang='lat' dir='ltr'><strong>inferat.</strong></span> <span class='ocrx_word' id='word_1_244' title='bbox 999 3331 1328 3400; x_wconf 74' lang='lat' dir='ltr'><strong>Quapropter</strong></span> <span class='ocrx_word' id='word_1_245' title='bbox 1357 3339 1410 3383; x_wconf 90' lang='lat' dir='ltr'><strong>et</strong></span> <span class='ocrx_word' id='word_1_246' title='bbox 1436 3328 1485 3382; x_wconf 86' lang='lat' dir='ltr'><strong>in</strong></span> <span class='ocrx_word' id='word_1_247' title='bbox 1524 3325 1806 3394; x_wconf 58' lang='lat' dir='ltr'><strong>Evangelio</strong></span> <span class='ocrx_word' id='word_1_248' title='bbox 1835 3326 2042 3381; x_wconf 87' lang='lat' dir='ltr'><strong>dicebat</strong></span> <span class='ocrx_word' id='word_1_249' title='bbox 2069 3341 2084 3378; x_wconf 88' lang='lat'><strong>:</strong></span> 
     </span>
    </p>
   </div>
   <div class='ocr_carea' id='block_1_35' title="bbox 526 3403 2099 3480">
    <p class='ocr_par' dir='ltr' id='par_1_35' title="bbox 526 3403 2099 3480">
     <span class='ocr_line' id='line_1_35' title="bbox 526 3403 2099 3480; baseline 0.006 -20"><span class='ocrx_word' id='word_1_250' title='bbox 526 3406 641 3464; x_wconf 85' lang='lat' dir='ltr'><strong>Viri</strong></span> <span class='ocrx_word' id='word_1_251' title='bbox 662 3403 1203 3472; x_wconf 70' lang='lat' dir='ltr'><strong>Ninivitleexsurgent</strong></span> <span class='ocrx_word' id='word_1_252' title='bbox 1228 3417 1279 3453; x_wconf 84' lang='lat' dir='ltr'><strong>tu</strong></span> <span class='ocrx_word' id='word_1_253' title='bbox 1282 3406 1487 3468; x_wconf 73' lang='lat' dir='ltr'><strong>judicio</strong></span> <span class='ocrx_word' id='word_1_254' title='bbox 1500 3421 1618 3460; x_wconf 84' lang='lat' dir='ltr'><strong>cum</strong></span> <span class='ocrx_word' id='word_1_255' title='bbox 1648 3412 2099 3480; x_wconf 81' lang='lat' dir='ltr'><strong>generationehac,</strong></span> 
     </span>
    </p>
   </div>
   <div class='ocr_carea' id='block_1_36' title="bbox 521 3497 2094 3574">
    <p class='ocr_par' dir='ltr' id='par_1_36' title="bbox 521 3497 2094 3574">
     <span class='ocr_line' id='line_1_36' title="bbox 521 3497 2094 3574; baseline 0.007 -26"><span class='ocrx_word' id='word_1_256' title='bbox 521 3509 568 3549; x_wconf 86' lang='lat' dir='ltr'><strong>et</strong></span> <span class='ocrx_word' id='word_1_257' title='bbox 619 3497 1014 3553; x_wconf 82' lang='lat' dir='ltr'><strong>condemnabunt</strong></span> <span class='ocrx_word' id='word_1_258' title='bbox 1062 3514 1173 3552; x_wconf 86' lang='lat' dir='ltr'><strong>cam</strong></span> <span class='ocrx_word' id='word_1_259' title='bbox 1190 3539 1206 3565; x_wconf 92' lang='lat'><strong>,</strong></span> <span class='ocrx_word' id='word_1_260' title='bbox 1248 3499 1366 3568; x_wconf 83' lang='lat' dir='ltr'><strong>quia</strong></span> <span class='ocrx_word' id='word_1_261' title='bbox 1409 3501 1747 3569; x_wconf 66' lang='lat' dir='ltr'><strong>paenitentiam</strong></span> <span class='ocrx_word' id='word_1_262' title='bbox 1792 3513 1995 3574; x_wconf 78' lang='lat' dir='ltr'><strong>egerunt</strong></span> <span class='ocrx_word' id='word_1_263' title='bbox 2041 3506 2094 3559; x_wconf 86' lang='lat' dir='ltr'><strong>in</strong></span> 
     </span>
    </p>
   </div>
   <div class='ocr_carea' id='block_1_37' title="bbox 523 3586 2090 3665">
    <p class='ocr_par' dir='ltr' id='par_1_37' title="bbox 523 3586 2090 3665">
     <span class='ocr_line' id='line_1_37' title="bbox 523 3586 2090 3665; baseline 0.009 -29"><span class='ocrx_word' id='word_1_264' title='bbox 523 3586 880 3655; x_wconf 62' lang='lat' dir='ltr'><strong>praedicatione</strong></span> <span class='ocrx_word' id='word_1_265' title='bbox 901 3587 1050 3642; x_wconf 73' lang='lat' dir='ltr'><strong>Jona:</strong></span> <span class='ocrx_word' id='word_1_266' title='bbox 1071 3599 1150 3643; x_wconf 85' lang='lat' dir='ltr'><strong>:et</strong></span> <span class='ocrx_word' id='word_1_267' title='bbox 1171 3607 1281 3643; x_wconf 78' lang='lat' dir='ltr'><strong>ecce</strong></span> <span class='ocrx_word' id='word_1_268' title='bbox 1298 3590 1410 3658; x_wconf 80' lang='lat' dir='ltr'><strong>plus</strong></span> <span class='ocrx_word' id='word_1_269' title='bbox 1422 3608 1572 3661; x_wconf 85' lang='lat' dir='ltr'><strong>quam</strong></span> <span class='ocrx_word' id='word_1_270' title='bbox 1591 3591 1752 3647; x_wconf 83' lang='lat' dir='ltr'><strong>Jonas</strong></span> <span class='ocrx_word' id='word_1_271' title='bbox 1781 3595 1860 3649; x_wconf 86' lang='lat' dir='ltr'><strong>hic</strong></span> <span class='ocrx_word' id='word_1_272' title='bbox 1881 3595 2090 3665; x_wconf 78' lang='lat' dir='ltr'><strong>(Matth.</strong></span> 
     </span>
    </p>
   </div>
   <div class='ocr_carea' id='block_1_38' title="bbox 525 3676 2093 3754">
    <p class='ocr_par' dir='ltr' id='par_1_38' title="bbox 525 3676 2093 3754">
     <span class='ocr_line' id='line_1_38' title="bbox 525 3676 2093 3754; baseline 0.005 -22"><span class='ocrx_word' id='word_1_273' title='bbox 525 3676 612 3732; x_wconf 70' lang='grc' dir='ltr'><strong><em>η.</em></strong></span> <span class='ocrx_word' id='word_1_274' title='bbox 640 3676 733 3747; x_wconf 63' lang='lat' dir='ltr'><strong>bl)</strong></span> <span class='ocrx_word' id='word_1_275' title='bbox 760 3695 773 3729; x_wconf 90' lang='lat'>:</span> <span class='ocrx_word' id='word_1_276' title='bbox 799 3679 946 3747; x_wconf 89' lang='lat' dir='ltr'><strong>quasi</strong></span> <span class='ocrx_word' id='word_1_277' title='bbox 995 3679 1473 3736; x_wconf 80' lang='lat' dir='ltr'><strong>diceretzBurbari</strong></span> <span class='ocrx_word' id='word_1_278' title='bbox 1516 3700 1739 3754; x_wconf 91' lang='lat' dir='ltr'><strong>quorum</strong></span> <span class='ocrx_word' id='word_1_279' title='bbox 1785 3687 1922 3739; x_wconf 87' lang='lat' dir='ltr'><strong>nulla</strong></span> <span class='ocrx_word' id='word_1_280' title='bbox 1966 3703 2093 3741; x_wconf 88' lang='lat' dir='ltr'><strong>cura</strong></span> 
     </span>
    </p>
   </div>
   <div class='ocr_carea' id='block_1_39' title="bbox 520 3766 2089 3840">
    <p class='ocr_par' dir='ltr' id='par_1_39' title="bbox 520 3766 2089 3840">
     <span class='ocr_line' id='line_1_39' title="bbox 520 3766 2089 3840; baseline 0.005 -19"><span class='ocrx_word' id='word_1_281' title='bbox 520 3778 602 3822; x_wconf 90' lang='lat' dir='ltr'><strong>est</strong></span> <span class='ocrx_word' id='word_1_282' title='bbox 619 3766 815 3832; x_wconf 83' lang='lat' dir='ltr'><strong>habita,</strong></span> <span class='ocrx_word' id='word_1_283' title='bbox 835 3770 921 3839; x_wconf 91' lang='lat' dir='ltr'><strong>qui</strong></span> <span class='ocrx_word' id='word_1_284' title='bbox 955 3772 1324 3839; x_wconf 81' lang='lat' dir='ltr'><strong>prophetarum</strong></span> <span class='ocrx_word' id='word_1_285' title='bbox 1346 3773 1639 3828; x_wconf 86' lang='lat' dir='ltr'><strong>doctrinam</strong></span> <span class='ocrx_word' id='word_1_286' title='bbox 1663 3791 1765 3829; x_wconf 91' lang='lat' dir='ltr'><strong>non</strong></span> <span class='ocrx_word' id='word_1_287' title='bbox 1791 3777 2089 3840; x_wconf 87' lang='lat' dir='ltr'><strong>audierunt,</strong></span> 
     </span>
    </p>
   </div>
   <div class='ocr_carea' id='block_1_40' title="bbox 522 3857 2155 3945">
    <p class='ocr_par' dir='ltr' id='par_1_40' title="bbox 522 3857 2155 3945">
     <span class='ocr_line' id='line_1_40' title="bbox 522 3857 2155 3945; baseline 0.006 -36"><span class='ocrx_word' id='word_1_288' title='bbox 522 3857 613 3926; x_wconf 89' lang='lat' dir='ltr'><strong>qui</strong></span> <span class='ocrx_word' id='word_1_289' title='bbox 638 3858 785 3928; x_wconf 88' lang='lat' dir='ltr'><strong>signa</strong></span> <span class='ocrx_word' id='word_1_290' title='bbox 811 3874 915 3913; x_wconf 91' lang='lat' dir='ltr'><strong>nou</strong></span> <span class='ocrx_word' id='word_1_291' title='bbox 943 3860 1206 3928; x_wconf 85' lang='lat' dir='ltr'><strong>viderunt,</strong></span> <span class='ocrx_word' id='word_1_292' title='bbox 1234 3863 1318 3931; x_wconf 93' lang='lat' dir='ltr'><strong>qui</strong></span> <span class='ocrx_word' id='word_1_293' title='bbox 1342 3864 1590 3918; x_wconf 90' lang='lat' dir='ltr'><strong>miracula</strong></span> <span class='ocrx_word' id='word_1_294' title='bbox 1619 3880 1723 3919; x_wconf 87' lang='lat' dir='ltr'><strong>non</strong></span> <span class='ocrx_word' id='word_1_295' title='bbox 1748 3877 2046 3933; x_wconf 78' lang='lat' dir='ltr'><strong>Spectarunt</strong></span> <span class='ocrx_word' id='word_1_296' title='bbox 2073 3906 2088 3930; x_wconf 93' lang='lat'><strong>,</strong></span> <span class='ocrx_word' id='word_1_297' title='bbox 2137 3924 2155 3945; x_wconf 49' lang='lat'><em>.</em></span> 
     </span>
    </p>
   </div>
   <div class='ocr_carea' id='block_1_41' title="bbox 522 3947 2092 4026">
    <p class='ocr_par' dir='ltr' id='par_1_41' title="bbox 522 3947 2092 4026">
     <span class='ocr_line' id='line_1_41' title="bbox 522 3947 2092 4026; baseline 0.005 -24"><span class='ocrx_word' id='word_1_298' title='bbox 522 3947 617 4003; x_wconf 82' lang='lat' dir='ltr'><strong>sed</strong></span> <span class='ocrx_word' id='word_1_299' title='bbox 639 3949 832 4003; x_wconf 87' lang='lat' dir='ltr'><strong>auditis</strong></span> <span class='ocrx_word' id='word_1_300' title='bbox 861 3961 1061 4004; x_wconf 83' lang='lat' dir='ltr'><strong>tantum</strong></span> <span class='ocrx_word' id='word_1_301' title='bbox 1094 3953 1246 4006; x_wconf 90' lang='lat' dir='ltr'><strong>unius</strong></span> <span class='ocrx_word' id='word_1_302' title='bbox 1269 3953 1495 4007; x_wconf 90' lang='lat' dir='ltr'><strong>hominis</strong></span> <span class='ocrx_word' id='word_1_303' title='bbox 1517 3954 1567 4006; x_wconf 87' lang='lat' dir='ltr'><strong>in</strong></span> <span class='ocrx_word' id='word_1_304' title='bbox 1598 3955 1871 4026; x_wconf 85' lang='lat' dir='ltr'><strong>naufragio</strong></span> <span class='ocrx_word' id='word_1_305' title='bbox 1897 3956 2092 4011; x_wconf 81' lang='lat' dir='ltr'><strong>servati</strong></span> 
     </span>
    </p>
   </div>
   <div class='ocr_carea' id='block_1_42' title="bbox 520 4039 2090 4113">
    <p class='ocr_par' dir='ltr' id='par_1_42' title="bbox 520 4039 2090 4113">
     <span class='ocr_line' id='line_1_42' title="bbox 520 4039 2090 4113; baseline 0.005 -24"><span class='ocrx_word' id='word_1_306' title='bbox 520 4039 697 4094; x_wconf 82' lang='lat' dir='ltr'><strong>verbis</strong></span> <span class='ocrx_word' id='word_1_307' title='bbox 715 4081 729 4102; x_wconf 90' lang='lat'><strong>,</strong></span> <span class='ocrx_word' id='word_1_308' title='bbox 759 4057 877 4110; x_wconf 72' lang='lat' dir='ltr'><strong>qua:</strong></span> <span class='ocrx_word' id='word_1_309' title='bbox 926 4056 1047 4107; x_wconf 84' lang='lat' dir='ltr'><strong>eos,</strong></span> <span class='ocrx_word' id='word_1_310' title='bbox 1075 4058 1315 4111; x_wconf 81' lang='lat' dir='ltr'><strong>magnam</strong></span> <span class='ocrx_word' id='word_1_311' title='bbox 1342 4043 1760 4112; x_wconf 71' lang='lat' dir='ltr'><strong>desperationem</strong></span> <span class='ocrx_word' id='word_1_312' title='bbox 1802 4046 2090 4113; x_wconf 71' lang='lat' dir='ltr'><strong>afferenda,</strong></span> 
     </span>
    </p>
   </div>
   <div class='ocr_carea' id='block_1_43' title="bbox 520 4130 2091 4200">
    <p class='ocr_par' dir='ltr' id='par_1_43' title="bbox 520 4130 2091 4200">
     <span class='ocr_line' id='line_1_43' title="bbox 520 4130 2091 4200; baseline 0.008 -19"><span class='ocrx_word' id='word_1_313' title='bbox 520 4130 727 4183; x_wconf 86' lang='lat' dir='ltr'><strong>consilii</strong></span> <span class='ocrx_word' id='word_1_314' title='bbox 760 4133 943 4198; x_wconf 91' lang='lat' dir='ltr'><strong>inopes</strong></span> <span class='ocrx_word' id='word_1_315' title='bbox 962 4130 1133 4186; x_wconf 90' lang='lat' dir='ltr'><strong>facere</strong></span> <span class='ocrx_word' id='word_1_316' title='bbox 1161 4141 1420 4200; x_wconf 66' lang='lat' dir='ltr'><strong>peierarit,</strong></span> <span class='ocrx_word' id='word_1_317' title='bbox 1445 4135 1511 4187; x_wconf 86' lang='lat' dir='ltr'><strong>ita</strong></span> <span class='ocrx_word' id='word_1_318' title='bbox 1536 4138 1763 4191; x_wconf 83' lang='lat' dir='ltr'><strong>utetiam</strong></span> <span class='ocrx_word' id='word_1_319' title='bbox 1783 4148 2091 4194; x_wconf 88' lang='lat' dir='ltr'><strong>contemne—</strong></span> 
     </span>
    </p>
   </div>
   <div class='ocr_carea' id='block_1_44' title="bbox 522 4221 2093 4299">
    <p class='ocr_par' dir='ltr' id='par_1_44' title="bbox 522 4221 2093 4299">
     <span class='ocr_line' id='line_1_44' title="bbox 522 4221 2093 4299; baseline 0.008 -27"><span class='ocrx_word' id='word_1_320' title='bbox 522 4230 639 4273; x_wconf 88' lang='lat' dir='ltr'><strong>rent</strong></span> <span class='ocrx_word' id='word_1_321' title='bbox 686 4236 804 4289; x_wconf 78' lang='lat' dir='ltr'><strong>qna:</strong></span> <span class='ocrx_word' id='word_1_322' title='bbox 861 4221 1188 4287; x_wconf 90' lang='lat' dir='ltr'><strong>dicebantur,</strong></span> <span class='ocrx_word' id='word_1_323' title='bbox 1220 4239 1323 4278; x_wconf 91' lang='lat' dir='ltr'><strong>non</strong></span> <span class='ocrx_word' id='word_1_324' title='bbox 1374 4226 1544 4280; x_wconf 84' lang='lat' dir='ltr'><strong>solum</strong></span> <span class='ocrx_word' id='word_1_325' title='bbox 1585 4243 1688 4282; x_wconf 85' lang='lat' dir='ltr'><strong>non</strong></span> <span class='ocrx_word' id='word_1_326' title='bbox 1741 4228 2093 4299; x_wconf 78' lang='lat' dir='ltr'><strong>despexerunt</strong></span> 
     </span>
    </p>
   </div>
   <div class='ocr_carea' id='block_1_45' title="bbox 523 4310 2090 4393">
    <p class='ocr_par' dir='ltr' id='par_1_45' title="bbox 523 4310 2090 4393">
     <span class='ocr_line' id='line_1_45' title="bbox 523 4310 2090 4393; baseline 0.011 -32"><span class='ocrx_word' id='word_1_327' title='bbox 523 4310 795 4379; x_wconf 75' lang='lat' dir='ltr'><strong>pmphetm</strong></span> <span class='ocrx_word' id='word_1_328' title='bbox 822 4311 1002 4375; x_wconf 86' lang='lat' dir='ltr'><strong>verba,</strong></span> <span class='ocrx_word' id='word_1_329' title='bbox 1034 4313 1126 4367; x_wconf 90' lang='lat' dir='ltr'><strong>sed</strong></span> <span class='ocrx_word' id='word_1_330' title='bbox 1177 4323 1231 4369; x_wconf 92' lang='lat' dir='ltr'><strong>et</strong></span> <span class='ocrx_word' id='word_1_331' title='bbox 1284 4316 1334 4370; x_wconf 93' lang='lat' dir='ltr'><strong>in</strong></span> <span class='ocrx_word' id='word_1_332' title='bbox 1388 4318 1543 4372; x_wconf 90' lang='lat' dir='ltr'><strong>trium</strong></span> <span class='ocrx_word' id='word_1_333' title='bbox 1597 4319 1802 4375; x_wconf 90' lang='lat' dir='ltr'><strong>dierum</strong></span> <span class='ocrx_word' id='word_1_334' title='bbox 1853 4325 2090 4393; x_wconf 88' lang='lat' dir='ltr'><strong>angustia</strong></span> 
     </span>
    </p>
   </div>
   <div class='ocr_carea' id='block_1_46' title="bbox 520 4400 2092 4483">
    <p class='ocr_par' dir='ltr' id='par_1_46' title="bbox 520 4400 2092 4483">
     <span class='ocr_line' id='line_1_46' title="bbox 520 4400 2092 4483; baseline 0.011 -29"><span class='ocrx_word' id='word_1_335' title='bbox 520 4400 861 4469; x_wconf 78' lang='lat' dir='ltr'><strong>deprehensi,</strong></span> <span class='ocrx_word' id='word_1_336' title='bbox 894 4414 998 4458; x_wconf 88' lang='lat' dir='ltr'><strong>tam</strong></span> <span class='ocrx_word' id='word_1_337' title='bbox 1044 4403 1349 4476; x_wconf 86' lang='lat' dir='ltr'><strong>diligentem</strong></span> <span class='ocrx_word' id='word_1_338' title='bbox 1377 4419 1432 4463; x_wconf 89' lang='lat' dir='ltr'><strong>et</strong></span> <span class='ocrx_word' id='word_1_339' title='bbox 1467 4409 1756 4465; x_wconf 85' lang='lat' dir='ltr'><strong>studiosam</strong></span> <span class='ocrx_word' id='word_1_340' title='bbox 1781 4410 1953 4468; x_wconf 80' lang='lat' dir='ltr'><strong>fecere</strong></span> <span class='ocrx_word' id='word_1_341' title='bbox 1980 4429 2092 4483; x_wconf 71' lang='lat' dir='ltr'><strong>pm—</strong></span> 
     </span>
    </p>
   </div>
   <div class='ocr_carea' id='block_1_47' title="bbox 521 4491 2089 4560">
    <p class='ocr_par' dir='ltr' id='par_1_47' title="bbox 521 4491 2089 4560">
     <span class='ocr_line' id='line_1_47' title="bbox 521 4491 2089 4560; baseline 0.011 -17"><span class='ocrx_word' id='word_1_342' title='bbox 521 4491 818 4556; x_wconf 81' lang='lat' dir='ltr'><strong>uitentiam,</strong></span> <span class='ocrx_word' id='word_1_343' title='bbox 850 4504 904 4547; x_wconf 88' lang='lat' dir='ltr'><strong>ut</strong></span> <span class='ocrx_word' id='word_1_344' title='bbox 929 4504 983 4550; x_wconf 89' lang='lat' dir='ltr'><strong>et</strong></span> <span class='ocrx_word' id='word_1_345' title='bbox 1032 4498 1345 4553; x_wconf 86' lang='lat' dir='ltr'><strong>sententiam</strong></span> <span class='ocrx_word' id='word_1_346' title='bbox 1393 4500 1600 4555; x_wconf 88' lang='lat' dir='ltr'><strong>Domini</strong></span> <span class='ocrx_word' id='word_1_347' title='bbox 1648 4513 1975 4559; x_wconf 84' lang='lat' dir='ltr'><strong>revocarent.</strong></span> <span class='ocrx_word' id='word_1_348' title='bbox 2027 4504 2089 4560; x_wconf 85' lang='lat' dir='ltr'><strong>Ili</strong></span> 
     </span>
    </p>
   </div>
   <div class='ocr_carea' id='block_1_48' title="bbox 519 4583 2087 4665">
    <p class='ocr_par' dir='ltr' id='par_1_48' title="bbox 519 4583 2087 4665">
     <span class='ocr_line' id='line_1_48' title="bbox 519 4583 2087 4665; baseline 0.01 -28"><span class='ocrx_word' id='word_1_349' title='bbox 519 4583 696 4652; x_wconf 82' lang='lat' dir='ltr'><strong>igitur,</strong></span> <span class='ocrx_word' id='word_1_350' title='bbox 749 4585 950 4654; x_wconf 90' lang='lat' dir='ltr'><strong>inquit,</strong></span> <span class='ocrx_word' id='word_1_351' title='bbox 1001 4588 1426 4645; x_wconf 89' lang='lat' dir='ltr'><strong>condemnabunt</strong></span> <span class='ocrx_word' id='word_1_352' title='bbox 1470 4597 1864 4663; x_wconf 86' lang='lat' dir='ltr'><strong>generationem</strong></span> <span class='ocrx_word' id='word_1_353' title='bbox 1917 4596 2087 4665; x_wconf 90' lang='lat' dir='ltr'><strong>hanc,</strong></span> 
     </span>
    </p>
   </div>
   <div class='ocr_carea' id='block_1_49' title="bbox 515 4674 2090 4758">
    <p class='ocr_par' dir='ltr' id='par_1_49' title="bbox 515 4674 2090 4758">
     <span class='ocr_line' id='line_1_49' title="bbox 515 4674 2090 4758; baseline 0.009 -28"><span class='ocrx_word' id='word_1_354' title='bbox 515 4674 657 4730; x_wconf 85' lang='lat' dir='ltr'><strong>circa</strong></span> <span class='ocrx_word' id='word_1_355' title='bbox 684 4690 842 4745; x_wconf 91' lang='lat' dir='ltr'><strong>quam</strong></span> <span class='ocrx_word' id='word_1_356' title='bbox 874 4686 1016 4731; x_wconf 87' lang='lat' dir='ltr'><strong>tanta</strong></span> <span class='ocrx_word' id='word_1_357' title='bbox 1042 4694 1166 4733; x_wconf 88' lang='lat' dir='ltr'><strong>cura</strong></span> <span class='ocrx_word' id='word_1_358' title='bbox 1198 4680 1297 4734; x_wconf 90' lang='lat' dir='ltr'><strong>fuit</strong></span> <span class='ocrx_word' id='word_1_359' title='bbox 1314 4684 1566 4750; x_wconf 88' lang='lat' dir='ltr'><strong>adhibita,</strong></span> <span class='ocrx_word' id='word_1_360' title='bbox 1584 4701 1701 4754; x_wconf 62' lang='lat' dir='ltr'><strong>quae</strong></span> <span class='ocrx_word' id='word_1_361' title='bbox 1718 4687 2090 4758; x_wconf 89' lang='lat' dir='ltr'><strong>prophetarum</strong></span> 
     </span>
    </p>
   </div>
   <div class='ocr_carea' id='block_1_50' title="bbox 517 4766 2092 4848">
    <p class='ocr_par' dir='ltr' id='par_1_50' title="bbox 517 4766 2092 4848">
     <span class='ocr_line' id='line_1_50' title="bbox 517 4766 2092 4848; baseline 0.01 -29"><span class='ocrx_word' id='word_1_362' title='bbox 517 4766 667 4822; x_wconf 86' lang='lat' dir='ltr'><strong>libris</strong></span> <span class='ocrx_word' id='word_1_363' title='bbox 696 4768 924 4823; x_wconf 89' lang='lat' dir='ltr'><strong>enutrita</strong></span> <span class='ocrx_word' id='word_1_364' title='bbox 963 4778 1063 4833; x_wconf 88' lang='lat' dir='ltr'><strong>est,</strong></span> <span class='ocrx_word' id='word_1_365' title='bbox 1095 4785 1213 4839; x_wconf 64' lang='lat' dir='ltr'><strong>qua!</strong></span> <span class='ocrx_word' id='word_1_366' title='bbox 1259 4772 1407 4841; x_wconf 83' lang='lat' dir='ltr'><strong>signa</strong></span> <span class='ocrx_word' id='word_1_367' title='bbox 1459 4783 1513 4828; x_wconf 89' lang='lat' dir='ltr'><strong>et</strong></span> <span class='ocrx_word' id='word_1_368' title='bbox 1557 4776 1808 4832; x_wconf 90' lang='lat' dir='ltr'><strong>miracula</strong></span> <span class='ocrx_word' id='word_1_369' title='bbox 1857 4779 2092 4848; x_wconf 86' lang='lat' dir='ltr'><strong>quotidie</strong></span> 
     </span>
    </p>
   </div>
   <div class='ocr_carea' id='block_1_51' title="bbox 516 4862 2090 4935">
    <p class='ocr_par' dir='ltr' id='par_1_51' title="bbox 516 4862 2090 4935">
     <span class='ocr_line' id='line_1_51' title="bbox 516 4862 2090 4935; baseline 0.008 -21"><span class='ocrx_word' id='word_1_370' title='bbox 516 4862 796 4930; x_wconf 79' lang='lat' dir='ltr'><strong>spectavit.</strong></span> <span class='ocrx_word' id='word_1_371' title='bbox 840 4862 1039 4917; x_wconf 84' lang='lat' dir='ltr'><strong>Deinde</strong></span> <span class='ocrx_word' id='word_1_372' title='bbox 1060 4872 1116 4916; x_wconf 92' lang='lat' dir='ltr'><strong>ut</strong></span> <span class='ocrx_word' id='word_1_373' title='bbox 1141 4873 1192 4917; x_wconf 91' lang='lat' dir='ltr'><strong>et</strong></span> <span class='ocrx_word' id='word_1_374' title='bbox 1223 4863 1440 4917; x_wconf 89' lang='lat' dir='ltr'><strong>istorum</strong></span> <span class='ocrx_word' id='word_1_375' title='bbox 1464 4881 1705 4935; x_wconf 87' lang='lat' dir='ltr'><strong>magnam</strong></span> <span class='ocrx_word' id='word_1_376' title='bbox 1752 4869 2090 4926; x_wconf 83' lang='lat' dir='ltr'><strong>incredulita-</strong></span> 
     </span>
    </p>
   </div>
   <div class='ocr_carea' id='block_1_52' title="bbox 518 4952 2088 5015">
    <p class='ocr_par' dir='ltr' id='par_1_52' title="bbox 518 4952 2088 5015">
     <span class='ocr_line' id='line_1_52' title="bbox 518 4952 2088 5015; baseline 0.007 -11"><span class='ocrx_word' id='word_1_377' title='bbox 518 4952 585 5004; x_wconf 86' lang='lat' dir='ltr'><strong>tis</strong></span> <span class='ocrx_word' id='word_1_378' title='bbox 611 4952 952 5007; x_wconf 84' lang='lat' dir='ltr'><strong>eminentiam</strong></span> <span class='ocrx_word' id='word_1_379' title='bbox 983 4954 1321 5012; x_wconf 83' lang='lat' dir='ltr'><strong>ostenderet.</strong></span> <span class='ocrx_word' id='word_1_380' title='bbox 1351 4958 1509 5009; x_wconf 89' lang='lat' dir='ltr'><strong>etiam</strong></span> <span class='ocrx_word' id='word_1_381' title='bbox 1539 4957 1746 5012; x_wconf 90' lang='lat' dir='ltr'><strong>illorum</strong></span> <span class='ocrx_word' id='word_1_382' title='bbox 1774 4958 2088 5015; x_wconf 73' lang='lat' dir='ltr'><strong>ineffabilem</strong></span> 
     </span>
    </p>
   </div>
   <div class='ocr_carea' id='block_1_53' title="bbox 521 5042 2091 5118">
    <p class='ocr_par' dir='ltr' id='par_1_53' title="bbox 521 5042 2091 5118">
     <span class='ocr_line' id='line_1_53' title="bbox 521 5042 2091 5118; baseline 0.006 -24"><span class='ocrx_word' id='word_1_383' title='bbox 521 5042 833 5109; x_wconf 88' lang='lat' dir='ltr'><strong>probitatem</strong></span> <span class='ocrx_word' id='word_1_384' title='bbox 862 5043 1040 5096; x_wconf 87' lang='lat' dir='ltr'><strong>subdit</strong></span> <span class='ocrx_word' id='word_1_385' title='bbox 1071 5060 1084 5098; x_wconf 94' lang='lat'>:</span> <span class='ocrx_word' id='word_1_386' title='bbox 1117 5044 1246 5110; x_wconf 78' lang='lat' dir='ltr'><strong>Quia</strong></span> <span class='ocrx_word' id='word_1_387' title='bbox 1275 5046 1614 5116; x_wconf 72' lang='lat' dir='ltr'><strong>pmnitentiam</strong></span> <span class='ocrx_word' id='word_1_388' title='bbox 1643 5058 1845 5118; x_wconf 77' lang='lat' dir='ltr'><strong>egerunt</strong></span> <span class='ocrx_word' id='word_1_389' title='bbox 1867 5051 1937 5103; x_wconf 84' lang='lat' dir='ltr'><strong>ad</strong></span> <span class='ocrx_word' id='word_1_390' title='bbox 1960 5067 2091 5117; x_wconf 80' lang='lat' dir='ltr'><strong>pra:-</strong></span> 
     </span>
    </p>
   </div>
   <div class='ocr_carea' id='block_1_54' title="bbox 519 5132 2089 5207">
    <p class='ocr_par' dir='ltr' id='par_1_54' title="bbox 519 5132 2089 5207">
     <span class='ocr_line' id='line_1_54' title="bbox 519 5132 2089 5207; baseline 0.007 -23"><span class='ocrx_word' id='word_1_391' title='bbox 519 5132 816 5187; x_wconf 74' lang='lat' dir='ltr'><strong>dicationcm</strong></span> <span class='ocrx_word' id='word_1_392' title='bbox 845 5132 992 5188; x_wconf 66' lang='lat' dir='ltr'><strong>Jonas</strong></span> <span class='ocrx_word' id='word_1_393' title='bbox 1018 5178 1033 5201; x_wconf 92' lang='lat'><strong>,</strong></span> <span class='ocrx_word' id='word_1_394' title='bbox 1061 5146 1107 5188; x_wconf 85' lang='lat' dir='ltr'><strong>et</strong></span> <span class='ocrx_word' id='word_1_395' title='bbox 1134 5153 1243 5190; x_wconf 81' lang='lat' dir='ltr'><strong>ecce</strong></span> <span class='ocrx_word' id='word_1_396' title='bbox 1270 5137 1384 5207; x_wconf 76' lang='lat' dir='ltr'><strong>plus</strong></span> <span class='ocrx_word' id='word_1_397' title='bbox 1411 5154 1563 5207; x_wconf 83' lang='lat' dir='ltr'><strong>quam</strong></span> <span class='ocrx_word' id='word_1_398' title='bbox 1588 5136 1749 5193; x_wconf 83' lang='lat' dir='ltr'><strong>Jonas</strong></span> <span class='ocrx_word' id='word_1_399' title='bbox 1781 5140 1853 5194; x_wconf 80' lang='lat' dir='ltr'><strong>ltit</strong></span> <span class='ocrx_word' id='word_1_400' title='bbox 1893 5156 1910 5194; x_wconf 84' lang='lat'><strong>.‘</strong></span> <span class='ocrx_word' id='word_1_401' title='bbox 1934 5140 2089 5197; x_wconf 90' lang='lat' dir='ltr'><strong>Nini-</strong></span> 
     </span>
    </p>
   </div>
   <div class='ocr_carea' id='block_1_55' title="bbox 576 5311 2089 5377">
    <p class='ocr_par' dir='ltr' id='par_1_55' title="bbox 576 5311 2089 5377">
     <span class='ocr_line' id='line_1_55' title="bbox 576 5311 2089 5377; baseline 0.007 -17"><span class='ocrx_word' id='word_1_402' title='bbox 576 5311 648 5372; x_wconf 87' lang='lat' dir='ltr'><strong>(a)</strong></span> <span class='ocrx_word' id='word_1_403' title='bbox 677 5311 795 5377; x_wconf 47' lang='lat' dir='ltr'><strong>vide.</strong></span> <span class='ocrx_word' id='word_1_404' title='bbox 818 5326 927 5375; x_wconf 77' lang='lat' dir='ltr'><strong>quae</strong></span> <span class='ocrx_word' id='word_1_405' title='bbox 949 5316 1173 5377; x_wconf 81' lang='lat' dir='ltr'><strong>superius</strong></span> <span class='ocrx_word' id='word_1_406' title='bbox 1191 5316 1399 5366; x_wconf 75' lang='lat' dir='ltr'><strong>diximus</strong></span> <span class='ocrx_word' id='word_1_407' title='bbox 1427 5315 1519 5366; x_wconf 91' lang='lat' dir='ltr'><strong>col.</strong></span> <span class='ocrx_word' id='word_1_408' title='bbox 1544 5317 1650 5377; x_wconf 80' lang='lat' dir='ltr'><strong>l90,</strong></span> <span class='ocrx_word' id='word_1_409' title='bbox 1675 5320 1813 5375; x_wconf 75' lang='lat' dir='ltr'><strong>circa</strong></span> <span class='ocrx_word' id='word_1_410' title='bbox 1844 5318 1951 5369; x_wconf 90' lang='lat' dir='ltr'><strong>illos</strong></span> <span class='ocrx_word' id='word_1_411' title='bbox 1971 5333 2089 5369; x_wconf 88' lang='lat' dir='ltr'><strong>cen-</strong></span> 
     </span>
    </p>
   </div>
   <div class='ocr_carea' id='block_1_56' title="bbox 515 5373 998 5434">
    <p class='ocr_par' dir='ltr' id='par_1_56' title="bbox 515 5373 998 5434">
     <span class='ocr_line' id='line_1_56' title="bbox 515 5373 998 5434; baseline 0.012 -15"><span class='ocrx_word' id='word_1_412' title='bbox 515 5377 618 5434; x_wconf 85' lang='lat' dir='ltr'><strong>tum</strong></span> <span class='ocrx_word' id='word_1_413' title='bbox 645 5373 809 5434; x_wconf 81' lang='lat' dir='ltr'><strong>viginti</strong></span> <span class='ocrx_word' id='word_1_414' title='bbox 835 5373 998 5425; x_wconf 78' lang='lat' dir='ltr'><strong>annos.</strong></span> 
     </span>
    </p>
   </div>
   <div class='ocr_carea' id='block_1_57' title="bbox 574 5433 2085 5504">
    <p class='ocr_par' dir='ltr' id='par_1_57' title="bbox 574 5433 2085 5504">
     <span class='ocr_line' id='line_1_57' title="bbox 574 5433 2085 5504; baseline 0.007 -23"><span class='ocrx_word' id='word_1_415' title='bbox 574 5433 646 5494; x_wconf 76' lang='grc' dir='ltr'><strong>(ὁ)</strong></span> <span class='ocrx_word' id='word_1_416' title='bbox 677 5433 952 5484; x_wconf 81' lang='lat' dir='ltr'><strong>Orationem</strong></span> <span class='ocrx_word' id='word_1_417' title='bbox 973 5436 1102 5487; x_wconf 84' lang='lat' dir='ltr'><strong>solet</strong></span> <span class='ocrx_word' id='word_1_418' title='bbox 1119 5438 1478 5504; x_wconf 74' lang='lat' dir='ltr'><strong>chrysostomus</strong></span> <span class='ocrx_word' id='word_1_419' title='bbox 1497 5437 1782 5504; x_wconf 82' lang='lat' dir='ltr'><strong>frequenter</strong></span> <span class='ocrx_word' id='word_1_420' title='bbox 1801 5439 2085 5504; x_wconf 84' lang='lat' dir='ltr'><strong>interpella-</strong></span> 
     </span>
    </p>
   </div>
   <div class='ocr_carea' id='block_1_58' title="bbox 511 5498 2089 5563">
    <p class='ocr_par' dir='ltr' id='par_1_58' title="bbox 511 5498 2089 5563">
     <span class='ocr_line' id='line_1_58' title="bbox 511 5498 2089 5563; baseline 0.007 -21"><span class='ocrx_word' id='word_1_421' title='bbox 511 5506 587 5550; x_wconf 66' lang='lat' dir='ltr'><strong>re,</strong></span> <span class='ocrx_word' id='word_1_422' title='bbox 602 5507 1035 5563; x_wconf 62' lang='lat' dir='ltr'><strong>aenounumquam</strong></span> <span class='ocrx_word' id='word_1_423' title='bbox 1058 5505 1152 5563; x_wconf 86' lang='lat' dir='ltr'><strong>tam</strong></span> <span class='ocrx_word' id='word_1_424' title='bbox 1170 5498 1344 5563; x_wconf 73' lang='lat' dir='ltr'><strong>longas</strong></span> <span class='ocrx_word' id='word_1_425' title='bbox 1366 5500 1547 5563; x_wconf 80' lang='lat' dir='ltr'><strong>inducit</strong></span> <span class='ocrx_word' id='word_1_426' title='bbox 1561 5498 1900 5563; x_wconf 74' lang='lat' dir='ltr'><strong>parentheses,</strong></span> <span class='ocrx_word' id='word_1_427' title='bbox 1925 5498 1979 5552; x_wconf 75' lang='lat' dir='ltr'><strong>ut</strong></span> <span class='ocrx_word' id='word_1_428' title='bbox 1999 5517 2089 5553; x_wconf 71' lang='lat' dir='ltr'><strong>sre-</strong></span> 
     </span>
    </p>
   </div>
   <div class='ocr_carea' id='block_1_59' title="bbox 509 5555 2086 5624">
    <p class='ocr_par' dir='ltr' id='par_1_59' title="bbox 509 5555 2086 5624">
     <span class='ocr_line' id='line_1_59' title="bbox 509 5555 2086 5624; baseline 0.008 -23"><span class='ocrx_word' id='word_1_429' title='bbox 509 5569 574 5621; x_wconf 82' lang='lat' dir='ltr'><strong>pe</strong></span> <span class='ocrx_word' id='word_1_430' title='bbox 598 5555 818 5605; x_wconf 85' lang='lat' dir='ltr'><strong>videatur</strong></span> <span class='ocrx_word' id='word_1_431' title='bbox 840 5555 1012 5624; x_wconf 76' lang='lat' dir='ltr'><strong>prioris</strong></span> <span class='ocrx_word' id='word_1_432' title='bbox 1034 5561 1181 5624; x_wconf 74' lang='lat' dir='ltr'><strong>seriei</strong></span> <span class='ocrx_word' id='word_1_433' title='bbox 1206 5555 1383 5624; x_wconf 64' lang='lat' dir='ltr'><strong>(uilitas</strong></span> <span class='ocrx_word' id='word_1_434' title='bbox 1398 5575 1412 5619; x_wconf 86' lang='lat'><strong>;</strong></span> <span class='ocrx_word' id='word_1_435' title='bbox 1429 5561 1516 5610; x_wconf 88' lang='lat' dir='ltr'><strong>sed</strong></span> <span class='ocrx_word' id='word_1_436' title='bbox 1535 5555 1700 5611; x_wconf 65' lang='lat' dir='ltr'><strong>u&#39;escio</strong></span> <span class='ocrx_word' id='word_1_437' title='bbox 1715 5576 1777 5611; x_wconf 90' lang='lat' dir='ltr'><strong>an</strong></span> <span class='ocrx_word' id='word_1_438' title='bbox 1791 5555 1977 5624; x_wconf 76' lang='lat' dir='ltr'><strong>uSpiam</strong></span> <span class='ocrx_word' id='word_1_439' title='bbox 1991 5578 2086 5614; x_wconf 87' lang='lat' dir='ltr'><strong>ma-</strong></span> 
     </span>
    </p>
   </div>
   <div class='ocr_carea' id='block_1_60' title="bbox 506 5620 2088 5684">
    <p class='ocr_par' dir='ltr' id='par_1_60' title="bbox 506 5620 2088 5684">
     <span class='ocr_line' id='line_1_60' title="bbox 506 5620 2088 5684; baseline 0.008 -22"><span class='ocrx_word' id='word_1_440' title='bbox 506 5620 666 5684; x_wconf 71' lang='lat' dir='ltr'><strong>jorem</strong></span> <span class='ocrx_word' id='word_1_441' title='bbox 681 5630 823 5676; x_wconf 85' lang='lat' dir='ltr'><strong>quam</strong></span> <span class='ocrx_word' id='word_1_442' title='bbox 848 5620 924 5667; x_wconf 87' lang='lat' dir='ltr'><strong>hic</strong></span> <span class='ocrx_word' id='word_1_443' title='bbox 941 5620 1255 5681; x_wconf 84' lang='lat' dir='ltr'><strong>parenthesin</strong></span> <span class='ocrx_word' id='word_1_444' title='bbox 1280 5623 1553 5673; x_wconf 81' lang='lat' dir='ltr'><strong>adhibuerit</strong></span> <span class='ocrx_word' id='word_1_445' title='bbox 1577 5636 1588 5670; x_wconf 88' lang='lat'>:</span> <span class='ocrx_word' id='word_1_446' title='bbox 1612 5625 1832 5684; x_wconf 85' lang='lat' dir='ltr'><strong>paginam</strong></span> <span class='ocrx_word' id='word_1_447' title='bbox 1852 5620 1986 5673; x_wconf 77' lang='lat' dir='ltr'><strong>enim</strong></span> <span class='ocrx_word' id='word_1_448' title='bbox 2008 5624 2088 5675; x_wconf 88' lang='lat' dir='ltr'><strong>illa</strong></span> 
     </span>
    </p>
   </div>
   <div class='ocr_carea' id='block_1_61' title="bbox 509 5686 1117 5752">
    <p class='ocr_par' dir='ltr' id='par_1_61' title="bbox 509 5686 1117 5752">
     <span class='ocr_line' id='line_1_61' title="bbox 509 5686 1117 5752; baseline -0.003 -19"><span class='ocrx_word' id='word_1_449' title='bbox 509 5686 614 5734; x_wconf 83' lang='lat' dir='ltr'><strong>fere</strong></span> <span class='ocrx_word' id='word_1_450' title='bbox 636 5687 878 5746; x_wconf 77' lang='lat' dir='ltr'><strong>iutegtam</strong></span> <span class='ocrx_word' id='word_1_451' title='bbox 899 5688 1117 5752; x_wconf 72' lang='lat' dir='ltr'><strong>occupat.</strong></span> 
     </span>
    </p>
   </div>
   <div class='ocr_carea' id='block_1_62' title="bbox 1201 286 3008 351">
    <p class='ocr_par' dir='ltr' id='par_1_62' title="bbox 1201 286 3008 351">
     <span class='ocr_line' id='line_1_62' title="bbox 1201 286 3008 351; baseline -0.002 -1"><span class='ocrx_word' id='word_1_452' title='bbox 1201 295 1256 351; x_wconf 92' lang='lat' dir='ltr'><strong>S.</strong></span> <span class='ocrx_word' id='word_1_453' title='bbox 1297 290 1573 350; x_wconf 71' lang='lat' dir='ltr'><strong>JOANNIS</strong></span> <span class='ocrx_word' id='word_1_454' title='bbox 1608 286 2080 345; x_wconf 76' lang='lat' dir='ltr'><strong>CllRYSOSTOMI</strong></span> <span class='ocrx_word' id='word_1_455' title='bbox 2121 286 2438 346; x_wconf 77' lang='lat' dir='ltr'><strong>ARCIIIEP.</strong></span> <span class='ocrx_word' id='word_1_456' title='bbox 2477 290 3008 350; x_wconf 74' lang='lat' dir='ltr'><strong>CONSTANTINOP.</strong></span> 
     </span>
    </p>
   </div>
   <div class='ocr_carea' id='block_1_63' title="bbox 3658 297 3768 354">
    <p class='ocr_par' dir='ltr' id='par_1_63' title="bbox 3658 297 3768 354">
     <span class='ocr_line' id='line_1_63' title="bbox 3658 297 3768 354; baseline -0.027 0"><span class='ocrx_word' id='word_1_457' title='bbox 3658 297 3768 354; x_wconf 65' lang='lat'><strong>“.220</strong></span> 
     </span>
    </p>
   </div>
   <div class='ocr_carea' id='block_1_64' title="bbox 2193 407 3764 482">
    <p class='ocr_par' dir='ltr' id='par_1_64' title="bbox 2193 407 3764 482">
     <span class='ocr_line' id='line_1_64' title="bbox 2193 407 3764 482; baseline 0.012 -24"><span class='ocrx_word' id='word_1_458' title='bbox 2193 407 2313 460; x_wconf 82' lang='lat' dir='ltr'><strong>vita-</strong></span> <span class='ocrx_word' id='word_1_459' title='bbox 2336 409 2570 477; x_wconf 88' lang='lat' dir='ltr'><strong>quidem,</strong></span> <span class='ocrx_word' id='word_1_460' title='bbox 2621 410 2808 481; x_wconf 90' lang='lat' dir='ltr'><strong>inquit,</strong></span> <span class='ocrx_word' id='word_1_461' title='bbox 2860 412 2975 466; x_wconf 80' lang='lat' dir='ltr'><strong>viso</strong></span> <span class='ocrx_word' id='word_1_462' title='bbox 3014 412 3223 482; x_wconf 85' lang='lat' dir='ltr'><strong>abjeeto</strong></span> <span class='ocrx_word' id='word_1_463' title='bbox 3271 413 3481 472; x_wconf 89' lang='lat' dir='ltr'><strong>homine</strong></span> <span class='ocrx_word' id='word_1_464' title='bbox 3526 416 3681 480; x_wconf 80' lang='lat' dir='ltr'><strong>Joua.</strong></span> <span class='ocrx_word' id='word_1_465' title='bbox 3711 436 3764 477; x_wconf 84' lang='lat' dir='ltr'><strong>et</strong></span> 
     </span>
    </p>
   </div>
   <div class='ocr_carea' id='block_1_65' title="bbox 2188 498 3767 573">
    <p class='ocr_par' dir='ltr' id='par_1_65' title="bbox 2188 498 3767 573">
     <span class='ocr_line' id='line_1_65' title="bbox 2188 498 3767 573; baseline 0.009 -22"><span class='ocrx_word' id='word_1_466' title='bbox 2188 498 2302 566; x_wconf 91' lang='lat' dir='ltr'><strong>ejus</strong></span> <span class='ocrx_word' id='word_1_467' title='bbox 2341 513 2688 570; x_wconf 82' lang='lat' dir='ltr'><strong>susceperunt</strong></span> <span class='ocrx_word' id='word_1_468' title='bbox 2710 505 3163 573; x_wconf 55' lang='lat' dir='ltr'><strong>praedicationem.</strong></span> <span class='ocrx_word' id='word_1_469' title='bbox 3209 517 3267 563; x_wconf 88' lang='lat' dir='ltr'><strong>et</strong></span> <span class='ocrx_word' id='word_1_470' title='bbox 3314 512 3767 567; x_wconf 81' lang='lat' dir='ltr'><strong>accuratissimam</strong></span> 
     </span>
    </p>
   </div>
   <div class='ocr_carea' id='block_1_66' title="bbox 2188 588 3770 660">
    <p class='ocr_par' dir='ltr' id='par_1_66' title="bbox 2188 588 3770 660">
     <span class='ocr_line' id='line_1_66' title="bbox 2188 588 3770 660; baseline 0.009 -18"><span class='ocrx_word' id='word_1_471' title='bbox 2188 588 2424 645; x_wconf 87' lang='lat' dir='ltr'><strong>fecerunt</strong></span> <span class='ocrx_word' id='word_1_472' title='bbox 2470 594 2832 660; x_wconf 74' lang='lat' dir='ltr'><strong>pmnitentiam</strong></span> <span class='ocrx_word' id='word_1_473' title='bbox 2884 611 2897 648; x_wconf 90' lang='lat'><strong>:</strong></span> <span class='ocrx_word' id='word_1_474' title='bbox 2950 595 3037 650; x_wconf 86' lang='lat' dir='ltr'><strong>isti</strong></span> <span class='ocrx_word' id='word_1_475' title='bbox 3082 607 3260 652; x_wconf 88' lang='lat' dir='ltr'><strong>autem</strong></span> <span class='ocrx_word' id='word_1_476' title='bbox 3315 600 3553 656; x_wconf 86' lang='lat' dir='ltr'><strong>videntes</strong></span> <span class='ocrx_word' id='word_1_477' title='bbox 3599 606 3770 659; x_wconf 87' lang='lat' dir='ltr'><strong>multo</strong></span> 
     </span>
    </p>
   </div>
   <div class='ocr_carea' id='block_1_67' title="bbox 2188 680 3765 758">
    <p class='ocr_par' dir='ltr' id='par_1_67' title="bbox 2188 680 3765 758">
     <span class='ocr_line' id='line_1_67' title="bbox 2188 680 3765 758; baseline 0.01 -25"><span class='ocrx_word' id='word_1_478' title='bbox 2188 680 2442 749; x_wconf 87' lang='lat' dir='ltr'><strong>majorem</strong></span> <span class='ocrx_word' id='word_1_479' title='bbox 2463 698 2619 750; x_wconf 89' lang='lat' dir='ltr'><strong>quam</strong></span> <span class='ocrx_word' id='word_1_480' title='bbox 2639 682 2801 739; x_wconf 83' lang='lat' dir='ltr'><strong>Jonas</strong></span> <span class='ocrx_word' id='word_1_481' title='bbox 2826 696 2939 738; x_wconf 88' lang='lat' dir='ltr'><strong>erat</strong></span> <span class='ocrx_word' id='word_1_482' title='bbox 2965 727 2980 751; x_wconf 95' lang='lat'><strong>,</strong></span> <span class='ocrx_word' id='word_1_483' title='bbox 3015 687 3290 758; x_wconf 90' lang='lat' dir='ltr'><strong>ipsumque</strong></span> <span class='ocrx_word' id='word_1_484' title='bbox 3319 691 3547 746; x_wconf 88' lang='lat' dir='ltr'><strong>universi</strong></span> <span class='ocrx_word' id='word_1_485' title='bbox 3590 694 3765 749; x_wconf 78' lang='lat' dir='ltr'><strong>Domi—</strong></span> 
     </span>
    </p>
   </div>
   <div class='ocr_carea' id='block_1_68' title="bbox 2188 775 3768 854">
    <p class='ocr_par' dir='ltr' id='par_1_68' title="bbox 2188 775 3768 854">
     <span class='ocr_line' id='line_1_68' title="bbox 2188 775 3768 854; baseline 0.008 -29"><span class='ocrx_word' id='word_1_486' title='bbox 2188 786 2313 826; x_wconf 88' lang='lat' dir='ltr'><strong>num</strong></span> <span class='ocrx_word' id='word_1_487' title='bbox 2343 786 2524 828; x_wconf 83' lang='lat' dir='ltr'><strong>secum</strong></span> <span class='ocrx_word' id='word_1_488' title='bbox 2554 775 2713 830; x_wconf 89' lang='lat' dir='ltr'><strong>simul</strong></span> <span class='ocrx_word' id='word_1_489' title='bbox 2735 788 3052 845; x_wconf 80' lang='lat' dir='ltr'><strong>versantem,</strong></span> <span class='ocrx_word' id='word_1_490' title='bbox 3082 789 3333 848; x_wconf 88' lang='lat' dir='ltr'><strong>tantaque</strong></span> <span class='ocrx_word' id='word_1_491' title='bbox 3354 796 3417 837; x_wconf 88' lang='lat' dir='ltr'><strong>ac</strong></span> <span class='ocrx_word' id='word_1_492' title='bbox 3442 783 3565 837; x_wconf 87' lang='lat' dir='ltr'><strong>talia</strong></span> <span class='ocrx_word' id='word_1_493' title='bbox 3590 787 3768 854; x_wconf 90' lang='lat' dir='ltr'><strong>quoti-</strong></span> 
     </span>
    </p>
   </div>
   <div class='ocr_carea' id='block_1_69' title="bbox 2187 862 3760 941">
    <p class='ocr_par' dir='ltr' id='par_1_69' title="bbox 2187 862 3760 941">
     <span class='ocr_line' id='line_1_69' title="bbox 2187 862 3760 941; baseline 0.011 -25"><span class='ocrx_word' id='word_1_494' title='bbox 2187 862 2274 918; x_wconf 91' lang='lat' dir='ltr'><strong>die</strong></span> <span class='ocrx_word' id='word_1_495' title='bbox 2298 863 2548 919; x_wconf 81' lang='lat' dir='ltr'><strong>miracula</strong></span> <span class='ocrx_word' id='word_1_496' title='bbox 2579 878 2909 936; x_wconf 89' lang='lat' dir='ltr'><strong>operantem,</strong></span> <span class='ocrx_word' id='word_1_497' title='bbox 2937 870 3176 940; x_wconf 81' lang='lat' dir='ltr'><strong>h-prosos</strong></span> <span class='ocrx_word' id='word_1_498' title='bbox 3205 873 3547 929; x_wconf 81' lang='lat' dir='ltr'><strong>inundantem</strong></span> <span class='ocrx_word' id='word_1_499' title='bbox 3567 918 3585 941; x_wconf 92' lang='lat'><strong>,</strong></span> <span class='ocrx_word' id='word_1_500' title='bbox 3616 892 3760 933; x_wconf 84' lang='lat' dir='ltr'><strong>mor-</strong></span> 
     </span>
    </p>
   </div>
   <div class='ocr_carea' id='block_1_70' title="bbox 2189 955 3769 1033">
    <p class='ocr_par' dir='ltr' id='par_1_70' title="bbox 2189 955 3769 1033">
     <span class='ocr_line' id='line_1_70' title="bbox 2189 955 3769 1033; baseline 0.008 -25"><span class='ocrx_word' id='word_1_501' title='bbox 2189 961 2308 1008; x_wconf 87' lang='lat' dir='ltr'><strong>luos</strong></span> <span class='ocrx_word' id='word_1_502' title='bbox 2347 955 2690 1012; x_wconf 88' lang='lat' dir='ltr'><strong>suscitantem</strong></span> <span class='ocrx_word' id='word_1_503' title='bbox 2716 997 2733 1021; x_wconf 92' lang='lat'><strong>,</strong></span> <span class='ocrx_word' id='word_1_504' title='bbox 2763 959 2887 1013; x_wconf 87' lang='lat' dir='ltr'><strong>vitia</strong></span> <span class='ocrx_word' id='word_1_505' title='bbox 2915 970 3117 1016; x_wconf 68' lang='lat' dir='ltr'><strong>natura:</strong></span> <span class='ocrx_word' id='word_1_506' title='bbox 3143 963 3536 1033; x_wconf 89' lang='lat' dir='ltr'><strong>corrigentem,</strong></span> <span class='ocrx_word' id='word_1_507' title='bbox 3563 967 3769 1021; x_wconf 74' lang='grc' dir='ltr'><strong>όιιιιιιυ-</strong></span> 
     </span>
    </p>
   </div>
   <div class='ocr_carea' id='block_1_71' title="bbox 2188 1045 3765 1123">
    <p class='ocr_par' dir='ltr' id='par_1_71' title="bbox 2188 1045 3765 1123">
     <span class='ocr_line' id='line_1_71' title="bbox 2188 1045 3765 1123; baseline 0.01 -27"><span class='ocrx_word' id='word_1_508' title='bbox 2188 1059 2284 1099; x_wconf 86' lang='lat' dir='ltr'><strong>nes</strong></span> <span class='ocrx_word' id='word_1_509' title='bbox 2312 1045 2686 1114; x_wconf 79' lang='lat' dir='ltr'><strong>expellcntem,</strong></span> <span class='ocrx_word' id='word_1_510' title='bbox 2714 1050 2931 1104; x_wconf 90' lang='lat' dir='ltr'><strong>morbos</strong></span> <span class='ocrx_word' id='word_1_511' title='bbox 2978 1063 3277 1116; x_wconf 86' lang='lat' dir='ltr'><strong>curantem,</strong></span> <span class='ocrx_word' id='word_1_512' title='bbox 3309 1064 3568 1123; x_wconf 89' lang='lat' dir='ltr'><strong>potestate</strong></span> <span class='ocrx_word' id='word_1_513' title='bbox 3598 1057 3765 1111; x_wconf 82' lang='lat' dir='ltr'><strong>multa</strong></span> 
     </span>
    </p>
   </div>
   <div class='ocr_carea' id='block_1_72' title="bbox 2186 1140 3763 1217">
    <p class='ocr_par' dir='ltr' id='par_1_72' title="bbox 2186 1140 3763 1217">
     <span class='ocr_line' id='line_1_72' title="bbox 2186 1140 3763 1217; baseline 0.008 -28"><span class='ocrx_word' id='word_1_514' title='bbox 2186 1147 2521 1204; x_wconf 80' lang='lat' dir='ltr'><strong>peccatorum</strong></span> <span class='ocrx_word' id='word_1_515' title='bbox 2548 1140 2912 1195; x_wconf 82' lang='lat' dir='ltr'><strong>remissionem</strong></span> <span class='ocrx_word' id='word_1_516' title='bbox 2930 1142 3248 1209; x_wconf 67' lang='lat' dir='ltr'><strong>praibentem</strong></span> <span class='ocrx_word' id='word_1_517' title='bbox 3271 1159 3288 1198; x_wconf 86' lang='lat'><strong>:</strong></span> <span class='ocrx_word' id='word_1_518' title='bbox 3317 1162 3419 1200; x_wconf 89' lang='lat' dir='ltr'><strong>non</strong></span> <span class='ocrx_word' id='word_1_519' title='bbox 3443 1147 3585 1201; x_wconf 75' lang='lat' dir='ltr'><strong>illuni</strong></span> <span class='ocrx_word' id='word_1_520' title='bbox 3603 1164 3763 1217; x_wconf 83' lang='lat' dir='ltr'><strong>quam</strong></span> 
     </span>
    </p>
   </div>
   <div class='ocr_carea' id='block_1_73' title="bbox 2189 1227 2979 1286">
    <p class='ocr_par' dir='ltr' id='par_1_73' title="bbox 2189 1227 2979 1286">
     <span class='ocr_line' id='line_1_73' title="bbox 2189 1227 2979 1286; baseline 0.009 -7"><span class='ocrx_word' id='word_1_521' title='bbox 2189 1227 2394 1281; x_wconf 88' lang='lat' dir='ltr'><strong>barbari</strong></span> <span class='ocrx_word' id='word_1_522' title='bbox 2429 1228 2585 1282; x_wconf 86' lang='lat' dir='ltr'><strong>fidem</strong></span> <span class='ocrx_word' id='word_1_523' title='bbox 2609 1231 2979 1286; x_wconf 80' lang='lat' dir='ltr'><strong>cxhibucrttut.</strong></span> 
     </span>
    </p>
   </div>
   <div class='ocr_carea' id='block_1_74' title="bbox 2256 1318 3773 1394">
    <p class='ocr_par' dir='ltr' id='par_1_74' title="bbox 2256 1318 3773 1394">
     <span class='ocr_line' id='line_1_74' title="bbox 2256 1318 3773 1394; baseline 0.006 -23"><span class='ocrx_word' id='word_1_524' title='bbox 2256 1318 2310 1371; x_wconf 76' lang='grc'><strong>2.</strong></span> <span class='ocrx_word' id='word_1_525' title='bbox 2355 1318 2607 1371; x_wconf 81' lang='lat' dir='ltr'><strong>Patientia</strong></span> <span class='ocrx_word' id='word_1_526' title='bbox 2658 1330 2704 1373; x_wconf 87' lang='lat' dir='ltr'><strong>et</strong></span> <span class='ocrx_word' id='word_1_527' title='bbox 2749 1321 3024 1392; x_wconf 80' lang='lat' dir='ltr'><strong>benignitas</strong></span> <span class='ocrx_word' id='word_1_528' title='bbox 3049 1322 3139 1378; x_wconf 83' lang='lat' dir='ltr'><strong>Dei</strong></span> <span class='ocrx_word' id='word_1_529' title='bbox 3192 1324 3245 1376; x_wconf 89' lang='lat' dir='ltr'><strong>in</strong></span> <span class='ocrx_word' id='word_1_530' title='bbox 3290 1325 3402 1394; x_wconf 83' lang='lat' dir='ltr'><strong>ipso</strong></span> <span class='ocrx_word' id='word_1_531' title='bbox 3430 1325 3657 1389; x_wconf 79' lang='lat' dir='ltr'><strong>diluvio;</strong></span> <span class='ocrx_word' id='word_1_532' title='bbox 3705 1343 3773 1380; x_wconf 76' lang='lat' dir='ltr'><strong>ea:</strong></span> 
     </span>
    </p>
   </div>
   <div class='ocr_carea' id='block_1_75' title="bbox 2189 1410 3756 1479">
    <p class='ocr_par' dir='ltr' id='par_1_75' title="bbox 2189 1410 3756 1479">
     <span class='ocr_line' id='line_1_75' title="bbox 2189 1410 3756 1479; baseline 0.006 -18"><span class='ocrx_word' id='word_1_533' title='bbox 2189 1410 2417 1475; x_wconf 74' lang='lat' dir='ltr'><strong>prwscmi</strong></span> <span class='ocrx_word' id='word_1_534' title='bbox 2455 1426 2601 1479; x_wconf 71' lang='lat' dir='ltr'><strong>paena</strong></span> <span class='ocrx_word' id='word_1_535' title='bbox 2638 1413 2955 1479; x_wconf 83' lang='lat' dir='ltr'><strong>peccantibus</strong></span> <span class='ocrx_word' id='word_1_536' title='bbox 2990 1414 3131 1467; x_wconf 83' lang='lat' dir='ltr'><strong>illata</strong></span> <span class='ocrx_word' id='word_1_537' title='bbox 3182 1414 3421 1467; x_wconf 81' lang='lat' dir='ltr'><strong>minuitur</strong></span> <span class='ocrx_word' id='word_1_538' title='bbox 3449 1427 3654 1469; x_wconf 70' lang='lat' dir='ltr'><strong>(eterna.</strong></span> <span class='ocrx_word' id='word_1_539' title='bbox 3684 1446 3756 1457; x_wconf 87' lang='lat'><strong>—-</strong></span> 
     </span>
    </p>
   </div>
   <div class='ocr_carea' id='block_1_76' title="bbox 2190 1495 3763 1568">
    <p class='ocr_par' dir='ltr' id='par_1_76' title="bbox 2190 1495 3763 1568">
     <span class='ocr_line' id='line_1_76' title="bbox 2190 1495 3763 1568; baseline 0.007 -19"><span class='ocrx_word' id='word_1_540' title='bbox 2190 1495 2384 1551; x_wconf 82' lang='lat' dir='ltr'><strong>Verum</strong></span> <span class='ocrx_word' id='word_1_541' title='bbox 2416 1498 2478 1550; x_wconf 89' lang='lat' dir='ltr'><strong>ad</strong></span> <span class='ocrx_word' id='word_1_542' title='bbox 2510 1498 2772 1554; x_wconf 78' lang='lat' dir='ltr'><strong>sermonis</strong></span> <span class='ocrx_word' id='word_1_543' title='bbox 2802 1502 2968 1556; x_wconf 90' lang='lat' dir='ltr'><strong>nostri</strong></span> <span class='ocrx_word' id='word_1_544' title='bbox 3017 1503 3209 1557; x_wconf 89' lang='lat' dir='ltr'><strong>seriem</strong></span> <span class='ocrx_word' id='word_1_545' title='bbox 3254 1504 3546 1568; x_wconf 85' lang='lat' dir='ltr'><strong>redeamus,</strong></span> <span class='ocrx_word' id='word_1_546' title='bbox 3574 1517 3631 1560; x_wconf 91' lang='lat' dir='ltr'><strong>ut</strong></span> <span class='ocrx_word' id='word_1_547' title='bbox 3679 1508 3763 1560; x_wconf 81' lang='lat' dir='ltr'><strong>vi-</strong></span> 
     </span>
    </p>
   </div>
   <div class='ocr_carea' id='block_1_77' title="bbox 2188 1587 3761 1663">
    <p class='ocr_par' dir='ltr' id='par_1_77' title="bbox 2188 1587 3761 1663">
     <span class='ocr_line' id='line_1_77' title="bbox 2188 1587 3761 1663; baseline 0.006 -23"><span class='ocrx_word' id='word_1_548' title='bbox 2188 1587 2315 1641; x_wconf 85' lang='lat' dir='ltr'><strong>deas</strong></span> <span class='ocrx_word' id='word_1_549' title='bbox 2356 1603 2513 1657; x_wconf 87' lang='lat' dir='ltr'><strong>quam</strong></span> <span class='ocrx_word' id='word_1_550' title='bbox 2559 1589 2837 1644; x_wconf 80' lang='lat' dir='ltr'><strong>immodica</strong></span> <span class='ocrx_word' id='word_1_551' title='bbox 2883 1590 3102 1645; x_wconf 88' lang='lat' dir='ltr'><strong>istorum</strong></span> <span class='ocrx_word' id='word_1_552' title='bbox 3144 1592 3297 1646; x_wconf 82' lang='lat' dir='ltr'><strong>fuerit</strong></span> <span class='ocrx_word' id='word_1_553' title='bbox 3323 1594 3659 1663; x_wconf 86' lang='lat' dir='ltr'><strong>improbitas,</strong></span> <span class='ocrx_word' id='word_1_554' title='bbox 3709 1609 3761 1650; x_wconf 91' lang='lat' dir='ltr'><strong>et</strong></span> 
     </span>
    </p>
   </div>
   <div class='ocr_carea' id='block_1_78' title="bbox 2191 1675 3761 1757">
    <p class='ocr_par' dir='ltr' id='par_1_78' title="bbox 2191 1675 3761 1757">
     <span class='ocr_line' id='line_1_78' title="bbox 2191 1675 3761 1757; baseline 0.009 -30"><span class='ocrx_word' id='word_1_555' title='bbox 2191 1692 2345 1745; x_wconf 91' lang='lat' dir='ltr'><strong>quam</strong></span> <span class='ocrx_word' id='word_1_556' title='bbox 2384 1678 2642 1731; x_wconf 78' lang='lat' dir='ltr'><strong>laboriosa</strong></span> <span class='ocrx_word' id='word_1_557' title='bbox 2689 1679 2895 1734; x_wconf 89' lang='lat' dir='ltr'><strong>illorum</strong></span> <span class='ocrx_word' id='word_1_558' title='bbox 2942 1675 3605 1751; x_wconf 75' lang='lat' dir='ltr'><strong>resrpiscentiazNinivitzc</strong></span> <span class='ocrx_word' id='word_1_559' title='bbox 3639 1688 3761 1757; x_wconf 90' lang='lat' dir='ltr'><strong>qui-</strong></span> 
     </span>
    </p>
   </div>
   <div class='ocr_carea' id='block_1_79' title="bbox 2189 1767 3761 1843">
    <p class='ocr_par' dir='ltr' id='par_1_79' title="bbox 2189 1767 3761 1843">
     <span class='ocr_line' id='line_1_79' title="bbox 2189 1767 3761 1843; baseline 0.007 -23"><span class='ocrx_word' id='word_1_560' title='bbox 2189 1767 2309 1821; x_wconf 90' lang='lat' dir='ltr'><strong>dem</strong></span> <span class='ocrx_word' id='word_1_561' title='bbox 2337 1769 2387 1820; x_wconf 90' lang='lat' dir='ltr'><strong>in</strong></span> <span class='ocrx_word' id='word_1_562' title='bbox 2430 1769 2659 1823; x_wconf 88' lang='lat' dir='ltr'><strong>triduum</strong></span> <span class='ocrx_word' id='word_1_563' title='bbox 2700 1772 2972 1838; x_wconf 86' lang='lat' dir='ltr'><strong>eoarctati,</strong></span> <span class='ocrx_word' id='word_1_564' title='bbox 2998 1788 3171 1843; x_wconf 83' lang='lat' dir='ltr'><strong>neque</strong></span> <span class='ocrx_word' id='word_1_565' title='bbox 3220 1776 3298 1829; x_wconf 89' lang='lat' dir='ltr'><strong>sic</strong></span> <span class='ocrx_word' id='word_1_566' title='bbox 3346 1775 3413 1830; x_wconf 92' lang='lat' dir='ltr'><strong>de</strong></span> <span class='ocrx_word' id='word_1_567' title='bbox 3457 1778 3627 1832; x_wconf 89' lang='lat' dir='ltr'><strong>salute</strong></span> <span class='ocrx_word' id='word_1_568' title='bbox 3668 1792 3761 1831; x_wconf 88' lang='lat' dir='ltr'><strong>sua</strong></span> 
     </span>
    </p>
   </div>
   <div class='ocr_carea' id='block_1_80' title="bbox 2186 1859 3761 1937">
    <p class='ocr_par' dir='ltr' id='par_1_80' title="bbox 2186 1859 3761 1937">
     <span class='ocr_line' id='line_1_80' title="bbox 2186 1859 3761 1937; baseline 0.006 -24"><span class='ocrx_word' id='word_1_569' title='bbox 2186 1859 2553 1930; x_wconf 78' lang='lat' dir='ltr'><strong>desperat-unt,</strong></span> <span class='ocrx_word' id='word_1_570' title='bbox 2577 1862 2669 1915; x_wconf 87' lang='lat' dir='ltr'><strong>sed</strong></span> <span class='ocrx_word' id='word_1_571' title='bbox 2684 1862 2747 1915; x_wconf 87' lang='lat' dir='ltr'><strong>ad</strong></span> <span class='ocrx_word' id='word_1_572' title='bbox 2772 1864 3132 1932; x_wconf 73' lang='lat' dir='ltr'><strong>paenitentiam</strong></span> <span class='ocrx_word' id='word_1_573' title='bbox 3156 1876 3514 1934; x_wconf 87' lang='lat' dir='ltr'><strong>properantes,</strong></span> <span class='ocrx_word' id='word_1_574' title='bbox 3548 1879 3761 1937; x_wconf 86' lang='lat' dir='ltr'><strong>peccata</strong></span> 
     </span>
    </p>
   </div>
   <div class='ocr_carea' id='block_1_81' title="bbox 2188 1953 3762 2030">
    <p class='ocr_par' dir='ltr' id='par_1_81' title="bbox 2188 1953 3762 2030">
     <span class='ocr_line' id='line_1_81' title="bbox 2188 1953 3762 2030; baseline 0.006 -25"><span class='ocrx_word' id='word_1_575' title='bbox 2188 1953 2485 2018; x_wconf 87' lang='lat' dir='ltr'><strong>abluernut,</strong></span> <span class='ocrx_word' id='word_1_576' title='bbox 2514 1955 2978 2025; x_wconf 79' lang='lat' dir='ltr'><strong>misericordiaque</strong></span> <span class='ocrx_word' id='word_1_577' title='bbox 3008 1957 3213 2011; x_wconf 90' lang='lat' dir='ltr'><strong>Domini</strong></span> <span class='ocrx_word' id='word_1_578' title='bbox 3238 1973 3359 2014; x_wconf 90' lang='lat' dir='ltr'><strong>sese</strong></span> <span class='ocrx_word' id='word_1_579' title='bbox 3396 1959 3586 2030; x_wconf 86' lang='lat' dir='ltr'><strong>dignos</strong></span> <span class='ocrx_word' id='word_1_580' title='bbox 3610 1961 3762 2014; x_wconf 79' lang='lat' dir='ltr'><strong>exhi-</strong></span> 
     </span>
    </p>
   </div>
   <div class='ocr_carea' id='block_1_82' title="bbox 2190 2045 3762 2121">
    <p class='ocr_par' dir='ltr' id='par_1_82' title="bbox 2190 2045 3762 2121">
     <span class='ocr_line' id='line_1_82' title="bbox 2190 2045 3762 2121; baseline 0.006 -23"><span class='ocrx_word' id='word_1_581' title='bbox 2190 2045 2418 2099; x_wconf 90' lang='lat' dir='ltr'><strong>buerunt</strong></span> <span class='ocrx_word' id='word_1_582' title='bbox 2446 2063 2459 2100; x_wconf 90' lang='lat'><strong>:</strong></span> <span class='ocrx_word' id='word_1_583' title='bbox 2493 2046 2576 2100; x_wconf 91' lang='lat' dir='ltr'><strong>isti</strong></span> <span class='ocrx_word' id='word_1_584' title='bbox 2604 2056 2783 2102; x_wconf 91' lang='lat' dir='ltr'><strong>autem</strong></span> <span class='ocrx_word' id='word_1_585' title='bbox 2809 2089 2822 2112; x_wconf 97' lang='lat'><strong>,</strong></span> <span class='ocrx_word' id='word_1_586' title='bbox 2847 2048 2913 2104; x_wconf 90' lang='lat' dir='ltr'><strong>de</strong></span> <span class='ocrx_word' id='word_1_587' title='bbox 2940 2049 3130 2119; x_wconf 87' lang='lat' dir='ltr'><strong>quibus</strong></span> <span class='ocrx_word' id='word_1_588' title='bbox 3157 2066 3295 2105; x_wconf 87' lang='lat' dir='ltr'><strong>nunc</strong></span> <span class='ocrx_word' id='word_1_589' title='bbox 3322 2066 3526 2118; x_wconf 90' lang='lat' dir='ltr'><strong>sermo,</strong></span> <span class='ocrx_word' id='word_1_590' title='bbox 3553 2062 3762 2121; x_wconf 81' lang='lat' dir='ltr'><strong>tempus</strong></span> 
     </span>
    </p>
   </div>
   <div class='ocr_carea' id='block_1_83' title="bbox 2188 2139 3764 2213">
    <p class='ocr_par' dir='ltr' id='par_1_83' title="bbox 2188 2139 3764 2213">
     <span class='ocr_line' id='line_1_83' title="bbox 2188 2139 3764 2213; baseline 0.005 -21"><span class='ocrx_word' id='word_1_591' title='bbox 2188 2147 2400 2193; x_wconf 88' lang='lat' dir='ltr'><strong>centum</strong></span> <span class='ocrx_word' id='word_1_592' title='bbox 2430 2148 2485 2194; x_wconf 90' lang='lat' dir='ltr'><strong>et</strong></span> <span class='ocrx_word' id='word_1_593' title='bbox 2510 2139 2693 2209; x_wconf 84' lang='lat' dir='ltr'><strong>viginti</strong></span> <span class='ocrx_word' id='word_1_594' title='bbox 2731 2155 2989 2195; x_wconf 89' lang='lat' dir='ltr'><strong>annorum</strong></span> <span class='ocrx_word' id='word_1_595' title='bbox 3038 2141 3103 2195; x_wconf 89' lang='lat' dir='ltr'><strong>ad</strong></span> <span class='ocrx_word' id='word_1_596' title='bbox 3135 2142 3494 2213; x_wconf 74' lang='lat' dir='ltr'><strong>ptenitentiam</strong></span> <span class='ocrx_word' id='word_1_597' title='bbox 3538 2159 3764 2213; x_wconf 75' lang='lat' dir='ltr'><strong>accepe-</strong></span> 
     </span>
    </p>
   </div>
   <div class='ocr_carea' id='block_1_84' title="bbox 2189 2231 3762 2302">
    <p class='ocr_par' dir='ltr' id='par_1_84' title="bbox 2189 2231 3762 2302">
     <span class='ocr_line' id='line_1_84' title="bbox 2189 2231 3762 2302; baseline 0.001 -18"><span class='ocrx_word' id='word_1_598' title='bbox 2189 2238 2331 2294; x_wconf 89' lang='lat' dir='ltr'><strong>rant,</strong></span> <span class='ocrx_word' id='word_1_599' title='bbox 2353 2246 2523 2302; x_wconf 69' lang='lat' dir='ltr'><strong>neque</strong></span> <span class='ocrx_word' id='word_1_600' title='bbox 2550 2232 2745 2300; x_wconf 90' lang='lat' dir='ltr'><strong>aliquid</strong></span> <span class='ocrx_word' id='word_1_601' title='bbox 2776 2231 2898 2287; x_wconf 87' lang='lat' dir='ltr'><strong>inde</strong></span> <span class='ocrx_word' id='word_1_602' title='bbox 2924 2231 3313 2287; x_wconf 86' lang='lat' dir='ltr'><strong>lucrifecerunt.</strong></span> <span class='ocrx_word' id='word_1_603' title='bbox 3344 2233 3569 2290; x_wconf 78' lang='lat' dir='ltr'><strong>Proinde</strong></span> <span class='ocrx_word' id='word_1_604' title='bbox 3588 2234 3762 2289; x_wconf 81' lang='lat' dir='ltr'><strong>Domi.</strong></span> 
     </span>
    </p>
   </div>
   <div class='ocr_carea' id='block_1_85' title="bbox 2189 2319 3762 2392">
    <p class='ocr_par' dir='ltr' id='par_1_85' title="bbox 2189 2319 3762 2392">
     <span class='ocr_line' id='line_1_85' title="bbox 2189 2319 3762 2392; baseline 0.003 -18"><span class='ocrx_word' id='word_1_605' title='bbox 2189 2334 2290 2375; x_wconf 90' lang='lat' dir='ltr'><strong>nus</strong></span> <span class='ocrx_word' id='word_1_606' title='bbox 2314 2319 2497 2375; x_wconf 91' lang='lat' dir='ltr'><strong>videns</strong></span> <span class='ocrx_word' id='word_1_607' title='bbox 2520 2322 2570 2374; x_wconf 93' lang='lat' dir='ltr'><strong>in</strong></span> <span class='ocrx_word' id='word_1_608' title='bbox 2601 2321 2816 2375; x_wconf 89' lang='lat' dir='ltr'><strong>multam</strong></span> <span class='ocrx_word' id='word_1_609' title='bbox 2846 2320 2962 2375; x_wconf 92' lang='lat' dir='ltr'><strong>illos</strong></span> <span class='ocrx_word' id='word_1_610' title='bbox 2981 2322 3240 2377; x_wconf 61' lang='lat' dir='ltr'><strong>excidisse</strong></span> <span class='ocrx_word' id='word_1_611' title='bbox 3277 2324 3590 2392; x_wconf 89' lang='lat' dir='ltr'><strong>nequitiam,</strong></span> <span class='ocrx_word' id='word_1_612' title='bbox 3618 2324 3762 2379; x_wconf 86' lang='lat' dir='ltr'><strong>cele-</strong></span> 
     </span>
    </p>
   </div>
   <div class='ocr_carea' id='block_1_86' title="bbox 2191 2411 3763 2481">
    <p class='ocr_par' dir='ltr' id='par_1_86' title="bbox 2191 2411 3763 2481">
     <span class='ocr_line' id='line_1_86' title="bbox 2191 2411 3763 2481; baseline -0.001 -15"><span class='ocrx_word' id='word_1_613' title='bbox 2191 2427 2302 2467; x_wconf 91' lang='lat' dir='ltr'><strong>rem</strong></span> <span class='ocrx_word' id='word_1_614' title='bbox 2327 2412 2454 2481; x_wconf 84' lang='lat' dir='ltr'><strong>ipsis</strong></span> <span class='ocrx_word' id='word_1_615' title='bbox 2479 2411 2677 2466; x_wconf 89' lang='lat' dir='ltr'><strong>inducit</strong></span> <span class='ocrx_word' id='word_1_616' title='bbox 2711 2413 3091 2466; x_wconf 84' lang='lat' dir='ltr'><strong>correctionem</strong></span> <span class='ocrx_word' id='word_1_617' title='bbox 3115 2454 3129 2476; x_wconf 97' lang='lat'><strong>,</strong></span> <span class='ocrx_word' id='word_1_618' title='bbox 3155 2413 3432 2481; x_wconf 86' lang='lat' dir='ltr'><strong>aboletque</strong></span> <span class='ocrx_word' id='word_1_619' title='bbox 3452 2425 3504 2468; x_wconf 89' lang='lat' dir='ltr'><strong>et</strong></span> <span class='ocrx_word' id='word_1_620' title='bbox 3533 2429 3563 2467; x_wconf 88' lang='lat' dir='ltr'><strong>e</strong></span> <span class='ocrx_word' id='word_1_621' title='bbox 3584 2414 3763 2467; x_wconf 87' lang='lat' dir='ltr'><strong>medio</strong></span> 
     </span>
    </p>
   </div>
   <div class='ocr_carea' id='block_1_87' title="bbox 2191 2501 3765 2558">
    <p class='ocr_par' dir='ltr' id='par_1_87' title="bbox 2191 2501 3765 2558">
     <span class='ocr_line' id='line_1_87' title="bbox 2191 2501 3765 2558; baseline 0 -3"><span class='ocrx_word' id='word_1_622' title='bbox 2191 2501 2334 2555; x_wconf 90' lang='lat' dir='ltr'><strong>tollit</strong></span> <span class='ocrx_word' id='word_1_623' title='bbox 2361 2502 2484 2555; x_wconf 86' lang='lat' dir='ltr'><strong>mali</strong></span> <span class='ocrx_word' id='word_1_624' title='bbox 2531 2517 2716 2557; x_wconf 89' lang='lat' dir='ltr'><strong>eorum</strong></span> <span class='ocrx_word' id='word_1_625' title='bbox 2766 2501 3010 2557; x_wconf 88' lang='lat' dir='ltr'><strong>fermenti</strong></span> <span class='ocrx_word' id='word_1_626' title='bbox 3065 2502 3270 2557; x_wconf 90' lang='lat' dir='ltr'><strong>vitium.</strong></span> <span class='ocrx_word' id='word_1_627' title='bbox 3300 2502 3421 2558; x_wconf 89' lang='lat' dir='ltr'><strong>Ideo</strong></span> <span class='ocrx_word' id='word_1_628' title='bbox 3448 2503 3615 2558; x_wconf 89' lang='lat' dir='ltr'><strong>dicit:</strong></span> <span class='ocrx_word' id='word_1_629' title='bbox 3649 2504 3765 2558; x_wconf 80' lang='lat' dir='ltr'><strong>Noe</strong></span> 
     </span>
    </p>
   </div>
   <div class='ocr_carea' id='block_1_88' title="bbox 2190 2595 3764 2667">
    <p class='ocr_par' dir='ltr' id='par_1_88' title="bbox 2190 2595 3764 2667">
     <span class='ocr_line' id='line_1_88' title="bbox 2190 2595 3764 2667; baseline 0.003 -24"><span class='ocrx_word' id='word_1_630' title='bbox 2190 2601 2357 2644; x_wconf 88' lang='lat' dir='ltr'><strong>autem</strong></span> <span class='ocrx_word' id='word_1_631' title='bbox 2404 2601 2509 2645; x_wconf 87' lang='lat' dir='ltr'><strong>erat</strong></span> <span class='ocrx_word' id='word_1_632' title='bbox 2553 2609 2801 2645; x_wconf 84' lang='lat' dir='ltr'><strong>annorum</strong></span> <span class='ocrx_word' id='word_1_633' title='bbox 2844 2603 3219 2658; x_wconf 72' lang='lat' dir='ltr'><strong>sexcentarum,</strong></span> <span class='ocrx_word' id='word_1_634' title='bbox 3247 2604 3292 2647; x_wconf 82' lang='lat' dir='ltr'><strong>et</strong></span> <span class='ocrx_word' id='word_1_635' title='bbox 3331 2595 3571 2648; x_wconf 77' lang='lat' dir='ltr'><strong>diluvium</strong></span> <span class='ocrx_word' id='word_1_636' title='bbox 3616 2612 3764 2667; x_wconf 69' lang='lat' dir='ltr'><strong>aqua</strong></span> 
     </span>
    </p>
   </div>
   <div class='ocr_carea' id='block_1_89' title="bbox 2190 2682 3765 2754">
    <p class='ocr_par' dir='ltr' id='par_1_89' title="bbox 2190 2682 3765 2754">
     <span class='ocr_line' id='line_1_89' title="bbox 2190 2682 3765 2754; baseline 0.001 -18"><span class='ocrx_word' id='word_1_637' title='bbox 2190 2685 2375 2754; x_wconf 76' lang='lat' dir='ltr'><strong>factum</strong></span> <span class='ocrx_word' id='word_1_638' title='bbox 2396 2694 2466 2736; x_wconf 81' lang='lat' dir='ltr'><strong>est</strong></span> <span class='ocrx_word' id='word_1_639' title='bbox 2495 2700 2646 2753; x_wconf 80' lang='lat' dir='ltr'><strong>super</strong></span> <span class='ocrx_word' id='word_1_640' title='bbox 2665 2694 2870 2737; x_wconf 86' lang='lat' dir='ltr'><strong>terram.</strong></span> <span class='ocrx_word' id='word_1_641' title='bbox 2900 2682 3016 2738; x_wconf 82' lang='lat' dir='ltr'><strong>Jatn</strong></span> <span class='ocrx_word' id='word_1_642' title='bbox 3042 2683 3322 2739; x_wconf 89' lang='lat' dir='ltr'><strong>didicimus</strong></span> <span class='ocrx_word' id='word_1_643' title='bbox 3345 2726 3359 2748; x_wconf 92' lang='lat'><strong>,</strong></span> <span class='ocrx_word' id='word_1_644' title='bbox 3385 2686 3595 2754; x_wconf 86' lang='lat' dir='ltr'><strong>quando</strong></span> <span class='ocrx_word' id='word_1_645' title='bbox 3620 2686 3765 2740; x_wconf 86' lang='lat' dir='ltr'><strong>indi-</strong></span> 
     </span>
    </p>
   </div>
   <div class='ocr_carea' id='block_1_90' title="bbox 2188 2774 3765 2843">
    <p class='ocr_par' dir='ltr' id='par_1_90' title="bbox 2188 2774 3765 2843">
     <span class='ocr_line' id='line_1_90' title="bbox 2188 2774 3765 2843; baseline 0.002 -16"><span class='ocrx_word' id='word_1_646' title='bbox 2188 2775 2367 2843; x_wconf 90' lang='lat' dir='ltr'><strong>gnatio</strong></span> <span class='ocrx_word' id='word_1_647' title='bbox 2419 2783 2474 2828; x_wconf 89' lang='lat' dir='ltr'><strong>et</strong></span> <span class='ocrx_word' id='word_1_648' title='bbox 2523 2774 2791 2840; x_wconf 71' lang='lat' dir='ltr'><strong>[.rmdictio</strong></span> <span class='ocrx_word' id='word_1_649' title='bbox 2838 2775 3046 2830; x_wconf 90' lang='lat' dir='ltr'><strong>Domini</strong></span> <span class='ocrx_word' id='word_1_650' title='bbox 3104 2776 3235 2830; x_wconf 85' lang='lat' dir='ltr'><strong>facta</strong></span> <span class='ocrx_word' id='word_1_651' title='bbox 3287 2786 3388 2840; x_wconf 90' lang='lat' dir='ltr'><strong>est,</strong></span> <span class='ocrx_word' id='word_1_652' title='bbox 3439 2776 3550 2830; x_wconf 82' lang='lat' dir='ltr'><strong>Noe</strong></span> <span class='ocrx_word' id='word_1_653' title='bbox 3602 2778 3765 2830; x_wconf 71' lang='lat' dir='ltr'><strong>fuisse</strong></span> 
     </span>
    </p>
   </div>
   <div class='ocr_carea' id='block_1_91' title="bbox 2188 2865 3764 2936">
    <p class='ocr_par' dir='ltr' id='par_1_91' title="bbox 2188 2865 3764 2936">
     <span class='ocr_line' id='line_1_91' title="bbox 2188 2865 3764 2936; baseline 0.001 -18"><span class='ocrx_word' id='word_1_654' title='bbox 2188 2880 2445 2918; x_wconf 89' lang='lat' dir='ltr'><strong>annorum</strong></span> <span class='ocrx_word' id='word_1_655' title='bbox 2477 2865 2884 2934; x_wconf 73' lang='lat' dir='ltr'><strong>quingentorum</strong></span> <span class='ocrx_word' id='word_1_656' title='bbox 2910 2883 2923 2919; x_wconf 89' lang='lat'><strong>:</strong></span> <span class='ocrx_word' id='word_1_657' title='bbox 2955 2865 3166 2936; x_wconf 88' lang='lat' dir='ltr'><strong>quando</strong></span> <span class='ocrx_word' id='word_1_658' title='bbox 3190 2877 3365 2920; x_wconf 86' lang='lat' dir='ltr'><strong>autem</strong></span> <span class='ocrx_word' id='word_1_659' title='bbox 3395 2866 3661 2921; x_wconf 88' lang='lat' dir='ltr'><strong>imlnctnm</strong></span> <span class='ocrx_word' id='word_1_660' title='bbox 3681 2879 3764 2921; x_wconf 66' lang='lat' dir='ltr'><strong>est</strong></span> 
     </span>
    </p>
   </div>
   <div class='ocr_carea' id='block_1_92' title="bbox 2190 2955 3765 3014">
    <p class='ocr_par' dir='ltr' id='par_1_92' title="bbox 2190 2955 3765 3014">
     <span class='ocr_line' id='line_1_92' title="bbox 2190 2955 3765 3014; baseline 0.002 -7"><span class='ocrx_word' id='word_1_661' title='bbox 2190 2955 2460 3014; x_wconf 84' lang='lat' dir='ltr'><strong>diluvium,</strong></span> <span class='ocrx_word' id='word_1_662' title='bbox 2485 2967 2851 3010; x_wconf 63' lang='lat' dir='ltr'><strong>sem-eumrum</strong></span> <span class='ocrx_word' id='word_1_663' title='bbox 2925 2955 2995 3008; x_wconf 90' lang='lat' dir='ltr'><strong>ita</strong></span> <span class='ocrx_word' id='word_1_664' title='bbox 3027 2955 3252 3009; x_wconf 84' lang='lat' dir='ltr'><strong>iuterces</strong></span> <span class='ocrx_word' id='word_1_665' title='bbox 3283 2964 3435 3009; x_wconf 87' lang='lat' dir='ltr'><strong>erunt</strong></span> <span class='ocrx_word' id='word_1_666' title='bbox 3476 2956 3597 3010; x_wconf 89' lang='lat' dir='ltr'><strong>anni</strong></span> <span class='ocrx_word' id='word_1_667' title='bbox 3627 2957 3765 3010; x_wconf 86' lang='lat' dir='ltr'><strong>inter</strong></span> 
     </span>
    </p>
   </div>
   <div class='ocr_carea' id='block_1_93' title="bbox 2195 3047 3760 3115">
    <p class='ocr_par' dir='ltr' id='par_1_93' title="bbox 2195 3047 3760 3115">
     <span class='ocr_line' id='line_1_93' title="bbox 2195 3047 3760 3115; baseline 0.003 -19"><span class='ocrx_word' id='word_1_668' title='bbox 2195 3047 2624 3115; x_wconf 66' lang='lat' dir='ltr'><strong>praedicationem</strong></span> <span class='ocrx_word' id='word_1_669' title='bbox 2656 3047 2982 3103; x_wconf 90' lang='lat' dir='ltr'><strong>etdiluvium</strong></span> <span class='ocrx_word' id='word_1_670' title='bbox 3015 3060 3224 3102; x_wconf 81' lang='lat' dir='ltr'><strong>centum</strong></span> <span class='ocrx_word' id='word_1_671' title='bbox 3259 3058 3353 3102; x_wconf 88' lang='lat' dir='ltr'><strong>:et</strong></span> <span class='ocrx_word' id='word_1_672' title='bbox 3405 3050 3456 3103; x_wconf 93' lang='lat' dir='ltr'><strong>in</strong></span> <span class='ocrx_word' id='word_1_673' title='bbox 3505 3048 3567 3102; x_wconf 92' lang='lat' dir='ltr'><strong>iis</strong></span> <span class='ocrx_word' id='word_1_674' title='bbox 3607 3049 3760 3102; x_wconf 83' lang='lat' dir='ltr'><strong>annis</strong></span> 
     </span>
    </p>
   </div>
   <div class='ocr_carea' id='block_1_94' title="bbox 2192 3139 3763 3211">
    <p class='ocr_par' dir='ltr' id='par_1_94' title="bbox 2192 3139 3763 3211">
     <span class='ocr_line' id='line_1_94' title="bbox 2192 3139 3763 3211; baseline 0.001 -18"><span class='ocrx_word' id='word_1_675' title='bbox 2192 3155 2257 3194; x_wconf 90' lang='lat' dir='ltr'><strong>ne</strong></span> <span class='ocrx_word' id='word_1_676' title='bbox 2284 3139 2545 3194; x_wconf 89' lang='lat' dir='ltr'><strong>tantillum</strong></span> <span class='ocrx_word' id='word_1_677' title='bbox 2574 3139 2785 3208; x_wconf 90' lang='lat' dir='ltr'><strong>quidem</strong></span> <span class='ocrx_word' id='word_1_678' title='bbox 2819 3140 3175 3210; x_wconf 85' lang='lat' dir='ltr'><strong>profecerunt,</strong></span> <span class='ocrx_word' id='word_1_679' title='bbox 3210 3141 3329 3193; x_wconf 76' lang='lat' dir='ltr'><strong>licet</strong></span> <span class='ocrx_word' id='word_1_680' title='bbox 3358 3149 3629 3211; x_wconf 88' lang='lat' dir='ltr'><strong>tantopere</strong></span> <span class='ocrx_word' id='word_1_681' title='bbox 3665 3141 3763 3194; x_wconf 84' lang='lat' dir='ltr'><strong>do-</strong></span> 
     </span>
    </p>
   </div>
   <div class='ocr_carea' id='block_1_95' title="bbox 2191 3228 3760 3301">
    <p class='ocr_par' dir='ltr' id='par_1_95' title="bbox 2191 3228 3760 3301">
     <span class='ocr_line' id='line_1_95' title="bbox 2191 3228 3760 3301; baseline 0.004 -20"><span class='ocrx_word' id='word_1_682' title='bbox 2191 3237 2434 3283; x_wconf 88' lang='lat' dir='ltr'><strong>cerentur</strong></span> <span class='ocrx_word' id='word_1_683' title='bbox 2463 3243 2492 3282; x_wconf 89' lang='lat' dir='ltr'><strong>a</strong></span> <span class='ocrx_word' id='word_1_684' title='bbox 2522 3228 2630 3282; x_wconf 88' lang='lat' dir='ltr'><strong>Noe</strong></span> <span class='ocrx_word' id='word_1_685' title='bbox 2655 3245 2832 3282; x_wconf 84' lang='lat' dir='ltr'><strong>arcam</strong></span> <span class='ocrx_word' id='word_1_686' title='bbox 2863 3228 3173 3283; x_wconf 73' lang='lat' dir='ltr'><strong>lubricante.</strong></span> <span class='ocrx_word' id='word_1_687' title='bbox 3213 3229 3314 3284; x_wconf 83' lang='lat' dir='ltr'><strong>Sed</strong></span> <span class='ocrx_word' id='word_1_688' title='bbox 3361 3229 3584 3285; x_wconf 65' lang='lat' dir='ltr'><strong>fortasse</strong></span> <span class='ocrx_word' id='word_1_689' title='bbox 3612 3249 3760 3301; x_wconf 73' lang='lat' dir='ltr'><strong>qum-</strong></span> 
     </span>
    </p>
   </div>
   <div class='ocr_carea' id='block_1_96' title="bbox 2192 3317 3773 3388">
    <p class='ocr_par' dir='ltr' id='par_1_96' title="bbox 2192 3317 3773 3388">
     <span class='ocr_line' id='line_1_96' title="bbox 2192 3317 3773 3388; baseline 0 -17"><span class='ocrx_word' id='word_1_690' title='bbox 2192 3329 2271 3371; x_wconf 90' lang='lat' dir='ltr'><strong>ret</strong></span> <span class='ocrx_word' id='word_1_691' title='bbox 2319 3317 2506 3388; x_wconf 82' lang='lat' dir='ltr'><strong>aliquis</strong></span> <span class='ocrx_word' id='word_1_692' title='bbox 2536 3334 2549 3369; x_wconf 90' lang='lat'><strong>:</strong></span> <span class='ocrx_word' id='word_1_693' title='bbox 2575 3319 2743 3386; x_wconf 81' lang='lat' dir='ltr'><strong>Quare</strong></span> <span class='ocrx_word' id='word_1_694' title='bbox 2785 3335 2903 3371; x_wconf 78' lang='lat' dir='ltr'><strong>cum</strong></span> <span class='ocrx_word' id='word_1_695' title='bbox 2959 3317 3155 3372; x_wconf 81' lang='lat' dir='ltr'><strong>dixerit</strong></span> <span class='ocrx_word' id='word_1_696' title='bbox 3210 3318 3504 3387; x_wconf 69' lang='lat' dir='ltr'><strong>Do:niutts,</strong></span> <span class='ocrx_word' id='word_1_697' title='bbox 3550 3320 3773 3376; x_wconf 71' lang='lat' dir='ltr'><strong>Canium</strong></span> 
     </span>
    </p>
   </div>
   <div class='ocr_carea' id='block_1_97' title="bbox 2200 3404 3765 3486">
    <p class='ocr_par' dir='ltr' id='par_1_97' title="bbox 2200 3404 3765 3486">
     <span class='ocr_line' id='line_1_97' title="bbox 2200 3404 3765 3486; baseline 0.007 -33"><span class='ocrx_word' id='word_1_698' title='bbox 2200 3404 2682 3475; x_wconf 77' lang='lat' dir='ltr'><strong>vigintiannierunt</strong></span> <span class='ocrx_word' id='word_1_699' title='bbox 2710 3407 3049 3471; x_wconf 69' lang='lat' dir='ltr'><strong>dieseorum;</strong></span> <span class='ocrx_word' id='word_1_700' title='bbox 3068 3412 3481 3486; x_wconf 81' lang='lat' dir='ltr'><strong>promiscritqne</strong></span> <span class='ocrx_word' id='word_1_701' title='bbox 3509 3430 3567 3470; x_wconf 87' lang='lat' dir='ltr'><strong>se</strong></span> <span class='ocrx_word' id='word_1_702' title='bbox 3616 3425 3765 3469; x_wconf 85' lang='lat' dir='ltr'><strong>tanto</strong></span> 
     </span>
    </p>
   </div>
   <div class='ocr_carea' id='block_1_98' title="bbox 2199 3500 3758 3576">
    <p class='ocr_par' dir='ltr' id='par_1_98' title="bbox 2199 3500 3758 3576">
     <span class='ocr_line' id='line_1_98' title="bbox 2199 3500 3758 3576; baseline 0.006 -24"><span class='ocrx_word' id='word_1_703' title='bbox 2199 3505 2435 3567; x_wconf 86' lang='lat' dir='ltr'><strong>tempore</strong></span> <span class='ocrx_word' id='word_1_704' title='bbox 2472 3500 2748 3554; x_wconf 89' lang='lat' dir='ltr'><strong>tolerantia</strong></span> <span class='ocrx_word' id='word_1_705' title='bbox 2790 3515 3027 3565; x_wconf 90' lang='lat' dir='ltr'><strong>usurum,</strong></span> <span class='ocrx_word' id='word_1_706' title='bbox 3069 3511 3354 3570; x_wconf 90' lang='lat' dir='ltr'><strong>antequam</strong></span> <span class='ocrx_word' id='word_1_707' title='bbox 3412 3506 3758 3576; x_wconf 86' lang='lat' dir='ltr'><strong>implereutur</strong></span> 
     </span>
    </p>
   </div>
   <div class='ocr_carea' id='block_1_99' title="bbox 2195 3580 3762 3658">
    <p class='ocr_par' dir='ltr' id='par_1_99' title="bbox 2195 3580 3762 3658">
     <span class='ocr_line' id='line_1_99' title="bbox 2195 3580 3762 3658; baseline 0.006 -16"><span class='ocrx_word' id='word_1_708' title='bbox 2195 3589 2320 3642; x_wconf 85' lang='lat' dir='ltr'><strong>anni</strong></span> <span class='ocrx_word' id='word_1_709' title='bbox 2351 3589 2622 3658; x_wconf 82' lang='lat' dir='ltr'><strong>promissi,</strong></span> <span class='ocrx_word' id='word_1_710' title='bbox 2653 3591 2953 3646; x_wconf 90' lang='lat' dir='ltr'><strong>universale</strong></span> <span class='ocrx_word' id='word_1_711' title='bbox 2976 3580 3571 3651; x_wconf 81' lang='lat' dir='ltr'><strong>inlroducitexcidium?</strong></span> <span class='ocrx_word' id='word_1_712' title='bbox 3591 3598 3762 3652; x_wconf 83' lang='lat' dir='ltr'><strong>Etiam</strong></span> 
     </span>
    </p>
   </div>
   <div class='ocr_carea' id='block_1_100' title="bbox 2197 3676 3763 3754">
    <p class='ocr_par' dir='ltr' id='par_1_100' title="bbox 2197 3676 3763 3754">
     <span class='ocr_line' id='line_1_100' title="bbox 2197 3676 3763 3754; baseline 0.006 -22"><span class='ocrx_word' id='word_1_713' title='bbox 2197 3676 2299 3732; x_wconf 88' lang='lat' dir='ltr'><strong>hoc</strong></span> <span class='ocrx_word' id='word_1_714' title='bbox 2345 3680 2505 3748; x_wconf 80' lang='lat' dir='ltr'><strong>ipsius</strong></span> <span class='ocrx_word' id='word_1_715' title='bbox 2534 3678 2828 3733; x_wconf 77' lang='lat' dir='ltr'><strong>clementia:</strong></span> <span class='ocrx_word' id='word_1_716' title='bbox 2879 3680 3162 3733; x_wconf 78' lang='lat' dir='ltr'><strong>inaximum</strong></span> <span class='ocrx_word' id='word_1_717' title='bbox 3196 3692 3280 3736; x_wconf 87' lang='lat' dir='ltr'><strong>est</strong></span> <span class='ocrx_word' id='word_1_718' title='bbox 3315 3696 3681 3754; x_wconf 84' lang='lat' dir='ltr'><strong>argumentum</strong></span> <span class='ocrx_word' id='word_1_719' title='bbox 3711 3702 3763 3742; x_wconf 88' lang='lat' dir='ltr'><strong>et</strong></span> 
     </span>
    </p>
   </div>
   <div class='ocr_carea' id='block_1_101' title="bbox 2199 3769 3765 3842">
    <p class='ocr_par' dir='ltr' id='par_1_101' title="bbox 2199 3769 3765 3842">
     <span class='ocr_line' id='line_1_101' title="bbox 2199 3769 3765 3842; baseline 0.006 -20"><span class='ocrx_word' id='word_1_720' title='bbox 2199 3769 2468 3824; x_wconf 90' lang='lat' dir='ltr'><strong>iudicium.</strong></span> <span class='ocrx_word' id='word_1_721' title='bbox 2503 3769 2632 3824; x_wconf 88' lang='lat' dir='ltr'><strong>Nam</strong></span> <span class='ocrx_word' id='word_1_722' title='bbox 2660 3771 2906 3839; x_wconf 88' lang='lat' dir='ltr'><strong>quoniam</strong></span> <span class='ocrx_word' id='word_1_723' title='bbox 2948 3771 3077 3825; x_wconf 84' lang='lat' dir='ltr'><strong>vidit</strong></span> <span class='ocrx_word' id='word_1_724' title='bbox 3124 3773 3356 3842; x_wconf 89' lang='lat' dir='ltr'><strong>quotidie</strong></span> <span class='ocrx_word' id='word_1_725' title='bbox 3408 3777 3765 3832; x_wconf 70' lang='lat' dir='ltr'><strong>incurabiiiter</strong></span> 
     </span>
    </p>
   </div>
   <div class='ocr_carea' id='block_1_102' title="bbox 2198 3860 3761 3930">
    <p class='ocr_par' dir='ltr' id='par_1_102' title="bbox 2198 3860 3761 3930">
     <span class='ocr_line' id='line_1_102' title="bbox 2198 3860 3761 3930; baseline 0.006 -16"><span class='ocrx_word' id='word_1_726' title='bbox 2198 3860 2316 3915; x_wconf 89' lang='lat' dir='ltr'><strong>illos</strong></span> <span class='ocrx_word' id='word_1_727' title='bbox 2345 3876 2581 3930; x_wconf 89' lang='lat' dir='ltr'><strong>peccare,</strong></span> <span class='ocrx_word' id='word_1_728' title='bbox 2608 3868 2662 3916; x_wconf 90' lang='lat' dir='ltr'><strong>et</strong></span> <span class='ocrx_word' id='word_1_729' title='bbox 2694 3876 2798 3916; x_wconf 90' lang='lat' dir='ltr'><strong>non</strong></span> <span class='ocrx_word' id='word_1_730' title='bbox 2849 3862 3018 3916; x_wconf 89' lang='lat' dir='ltr'><strong>solum</strong></span> <span class='ocrx_word' id='word_1_731' title='bbox 3064 3864 3189 3917; x_wconf 84' lang='lat' dir='ltr'><strong>nihil</strong></span> <span class='ocrx_word' id='word_1_732' title='bbox 3220 3881 3285 3919; x_wconf 82' lang='lat' dir='ltr'><strong>ex</strong></span> <span class='ocrx_word' id='word_1_733' title='bbox 3335 3866 3586 3923; x_wconf 78' lang='lat' dir='ltr'><strong>ineffabili</strong></span> <span class='ocrx_word' id='word_1_734' title='bbox 3626 3870 3761 3923; x_wconf 84' lang='lat' dir='ltr'><strong>tole—</strong></span> 
     </span>
    </p>
   </div>
   <div class='ocr_carea' id='block_1_103' title="bbox 2197 3951 3762 4022">
    <p class='ocr_par' dir='ltr' id='par_1_103' title="bbox 2197 3951 3762 4022">
     <span class='ocr_line' id='line_1_103' title="bbox 2197 3951 3762 4022; baseline 0.006 -18"><span class='ocrx_word' id='word_1_735' title='bbox 2197 3952 2363 4005; x_wconf 90' lang='lat' dir='ltr'><strong>rantia</strong></span> <span class='ocrx_word' id='word_1_736' title='bbox 2416 3965 2510 4008; x_wconf 89' lang='lat' dir='ltr'><strong>sua</strong></span> <span class='ocrx_word' id='word_1_737' title='bbox 2564 3951 2840 4020; x_wconf 80' lang='lat' dir='ltr'><strong>proiicere,</strong></span> <span class='ocrx_word' id='word_1_738' title='bbox 2891 3951 2985 4007; x_wconf 91' lang='lat' dir='ltr'><strong>sed</strong></span> <span class='ocrx_word' id='word_1_739' title='bbox 3038 3961 3093 4007; x_wconf 92' lang='lat' dir='ltr'><strong>et</strong></span> <span class='ocrx_word' id='word_1_740' title='bbox 3143 3953 3512 4011; x_wconf 86' lang='lat' dir='ltr'><strong>incrudescere</strong></span> <span class='ocrx_word' id='word_1_741' title='bbox 3561 3959 3762 4022; x_wconf 86' lang='lat' dir='ltr'><strong>ulcera,</strong></span> 
     </span>
    </p>
   </div>
   <div class='ocr_carea' id='block_1_104' title="bbox 2198 4041 3767 4115">
    <p class='ocr_par' dir='ltr' id='par_1_104' title="bbox 2198 4041 3767 4115">
     <span class='ocr_line' id='line_1_104' title="bbox 2198 4041 3767 4115; baseline 0.004 -20"><span class='ocrx_word' id='word_1_742' title='bbox 2198 4052 2474 4111; x_wconf 88' lang='lat' dir='ltr'><strong>propterea</strong></span> <span class='ocrx_word' id='word_1_743' title='bbox 2502 4041 2725 4097; x_wconf 85' lang='lat' dir='ltr'><strong>succidit</strong></span> <span class='ocrx_word' id='word_1_744' title='bbox 2744 4050 2975 4112; x_wconf 89' lang='lat' dir='ltr'><strong>tempus,</strong></span> <span class='ocrx_word' id='word_1_745' title='bbox 2994 4050 3052 4096; x_wconf 92' lang='lat' dir='ltr'><strong>ut</strong></span> <span class='ocrx_word' id='word_1_746' title='bbox 3074 4058 3139 4096; x_wconf 90' lang='lat' dir='ltr'><strong>ne</strong></span> <span class='ocrx_word' id='word_1_747' title='bbox 3166 4043 3350 4113; x_wconf 88' lang='lat' dir='ltr'><strong>majori</strong></span> <span class='ocrx_word' id='word_1_748' title='bbox 3376 4044 3572 4101; x_wconf 88' lang='lat' dir='ltr'><strong>scilicet</strong></span> <span class='ocrx_word' id='word_1_749' title='bbox 3594 4061 3767 4115; x_wconf 67' lang='lat' dir='ltr'><strong>paena:</strong></span> 
     </span>
    </p>
   </div>
   <div class='ocr_carea' id='block_1_105' title="bbox 2195 4131 3768 4203">
    <p class='ocr_par' dir='ltr' id='par_1_105' title="bbox 2195 4131 3768 4203">
     <span class='ocr_line' id='line_1_105' title="bbox 2195 4131 3768 4203; baseline 0.003 -18"><span class='ocrx_word' id='word_1_750' title='bbox 2195 4146 2254 4187; x_wconf 91' lang='lat' dir='ltr'><strong>se</strong></span> <span class='ocrx_word' id='word_1_751' title='bbox 2281 4131 2539 4187; x_wconf 82' lang='lat' dir='ltr'><strong>obnoxios</strong></span> <span class='ocrx_word' id='word_1_752' title='bbox 2565 4131 2818 4189; x_wconf 90' lang='lat' dir='ltr'><strong>facerent.</strong></span> <span class='ocrx_word' id='word_1_753' title='bbox 2852 4133 2920 4187; x_wconf 83' lang='lat' dir='ltr'><strong>Et</strong></span> <span class='ocrx_word' id='word_1_754' title='bbox 2944 4150 3061 4203; x_wconf 64' lang='lat' dir='ltr'><strong>quae</strong></span> <span class='ocrx_word' id='word_1_755' title='bbox 3080 4175 3095 4200; x_wconf 94' lang='lat'><strong>,</strong></span> <span class='ocrx_word' id='word_1_756' title='bbox 3117 4134 3256 4189; x_wconf 89' lang='lat' dir='ltr'><strong>dicet</strong></span> <span class='ocrx_word' id='word_1_757' title='bbox 3284 4134 3495 4203; x_wconf 74' lang='lat' dir='ltr'><strong>aliquis,</strong></span> <span class='ocrx_word' id='word_1_758' title='bbox 3523 4136 3623 4191; x_wconf 88' lang='lat' dir='ltr'><strong>hac</strong></span> <span class='ocrx_word' id='word_1_759' title='bbox 3647 4154 3768 4190; x_wconf 89' lang='lat' dir='ltr'><strong>ma-</strong></span> 
     </span>
    </p>
   </div>
   <div class='ocr_carea' id='block_1_106' title="bbox 2191 4221 3764 4295">
    <p class='ocr_par' dir='ltr' id='par_1_106' title="bbox 2191 4221 3764 4295">
     <span class='ocr_line' id='line_1_106' title="bbox 2191 4221 3764 4295; baseline 0.003 -20"><span class='ocrx_word' id='word_1_760' title='bbox 2191 4222 2278 4290; x_wconf 91' lang='lat' dir='ltr'><strong>jor</strong></span> <span class='ocrx_word' id='word_1_761' title='bbox 2296 4231 2439 4276; x_wconf 85' lang='lat' dir='ltr'><strong>esset</strong></span> <span class='ocrx_word' id='word_1_762' title='bbox 2460 4223 2651 4291; x_wconf 64' lang='lat' dir='ltr'><strong>paena?</strong></span> <span class='ocrx_word' id='word_1_763' title='bbox 2674 4223 2765 4277; x_wconf 84' lang='lat' dir='ltr'><strong>Est</strong></span> <span class='ocrx_word' id='word_1_764' title='bbox 2794 4222 2967 4292; x_wconf 88' lang='lat' dir='ltr'><strong>plane,</strong></span> <span class='ocrx_word' id='word_1_765' title='bbox 2996 4232 3078 4277; x_wconf 89' lang='lat' dir='ltr'><strong>est</strong></span> <span class='ocrx_word' id='word_1_766' title='bbox 3097 4265 3112 4290; x_wconf 91' lang='lat'><strong>,</strong></span> <span class='ocrx_word' id='word_1_767' title='bbox 3134 4221 3327 4279; x_wconf 88' lang='lat' dir='ltr'><strong>dilecte</strong></span> <span class='ocrx_word' id='word_1_768' title='bbox 3344 4265 3358 4287; x_wconf 89' lang='lat'><strong>,</strong></span> <span class='ocrx_word' id='word_1_769' title='bbox 3388 4239 3544 4295; x_wconf 75' lang='lat' dir='ltr'><strong>poena</strong></span> <span class='ocrx_word' id='word_1_770' title='bbox 3574 4236 3627 4279; x_wconf 89' lang='lat' dir='ltr'><strong>et</strong></span> <span class='ocrx_word' id='word_1_771' title='bbox 3649 4244 3764 4279; x_wconf 86' lang='lat' dir='ltr'><strong>ma-</strong></span> 
     </span>
    </p>
   </div>
   <div class='ocr_carea' id='block_1_107' title="bbox 2189 4312 3771 4384">
    <p class='ocr_par' dir='ltr' id='par_1_107' title="bbox 2189 4312 3771 4384">
     <span class='ocr_line' id='line_1_107' title="bbox 2189 4312 3771 4384; baseline -0.001 -17"><span class='ocrx_word' id='word_1_772' title='bbox 2189 4312 2296 4383; x_wconf 87' lang='lat' dir='ltr'><strong>jor,</strong></span> <span class='ocrx_word' id='word_1_773' title='bbox 2324 4325 2378 4368; x_wconf 86' lang='lat' dir='ltr'><strong>et</strong></span> <span class='ocrx_word' id='word_1_774' title='bbox 2404 4313 2705 4376; x_wconf 89' lang='lat' dir='ltr'><strong>terribilior,</strong></span> <span class='ocrx_word' id='word_1_775' title='bbox 2733 4322 2787 4368; x_wconf 90' lang='lat' dir='ltr'><strong>et</strong></span> <span class='ocrx_word' id='word_1_776' title='bbox 2813 4322 3085 4383; x_wconf 86' lang='lat' dir='ltr'><strong>perpetua,</strong></span> <span class='ocrx_word' id='word_1_777' title='bbox 3117 4329 3308 4384; x_wconf 91' lang='lat' dir='ltr'><strong>nempe</strong></span> <span class='ocrx_word' id='word_1_778' title='bbox 3341 4330 3458 4384; x_wconf 66' lang='lat' dir='ltr'><strong>quae</strong></span> <span class='ocrx_word' id='word_1_779' title='bbox 3498 4317 3550 4369; x_wconf 91' lang='lat' dir='ltr'><strong>in</strong></span> <span class='ocrx_word' id='word_1_780' title='bbox 3588 4314 3771 4369; x_wconf 77' lang='lat' dir='ltr'><strong>futuro</strong></span> 
     </span>
    </p>
   </div>
   <div class='ocr_carea' id='block_1_108' title="bbox 2195 4405 3767 4476">
    <p class='ocr_par' dir='ltr' id='par_1_108' title="bbox 2195 4405 3767 4476">
     <span class='ocr_line' id='line_1_108' title="bbox 2195 4405 3767 4476; baseline 0.001 -17"><span class='ocrx_word' id='word_1_781' title='bbox 2195 4405 2413 4460; x_wconf 63' lang='lat' dir='ltr'><strong>sacculo.</strong></span> <span class='ocrx_word' id='word_1_782' title='bbox 2444 4405 2667 4471; x_wconf 85' lang='lat' dir='ltr'><strong>Quidam</strong></span> <span class='ocrx_word' id='word_1_783' title='bbox 2722 4407 2862 4460; x_wconf 90' lang='lat' dir='ltr'><strong>enim</strong></span> <span class='ocrx_word' id='word_1_784' title='bbox 2891 4405 3095 4459; x_wconf 88' lang='lat' dir='ltr'><strong>etiamsi</strong></span> <span class='ocrx_word' id='word_1_785' title='bbox 3140 4405 3224 4460; x_wconf 91' lang='lat' dir='ltr'><strong>hic</strong></span> <span class='ocrx_word' id='word_1_786' title='bbox 3267 4419 3473 4476; x_wconf 64' lang='lat' dir='ltr'><strong>pinnam</strong></span> <span class='ocrx_word' id='word_1_787' title='bbox 3519 4406 3767 4473; x_wconf 85' lang='lat' dir='ltr'><strong>subeant,</strong></span> 
     </span>
    </p>
   </div>
   <div class='ocr_carea' id='block_1_109' title="bbox 2195 4496 3767 4566">
    <p class='ocr_par' dir='ltr' id='par_1_109' title="bbox 2195 4496 3767 4566">
     <span class='ocr_line' id='line_1_109' title="bbox 2195 4496 3767 4566; baseline 0.001 -15"><span class='ocrx_word' id='word_1_788' title='bbox 2195 4496 2304 4552; x_wconf 92' lang='lat' dir='ltr'><strong>illic</strong></span> <span class='ocrx_word' id='word_1_789' title='bbox 2326 4506 2504 4553; x_wconf 89' lang='lat' dir='ltr'><strong>tamen</strong></span> <span class='ocrx_word' id='word_1_790' title='bbox 2564 4513 2669 4552; x_wconf 91' lang='lat' dir='ltr'><strong>non</strong></span> <span class='ocrx_word' id='word_1_791' title='bbox 2695 4496 2950 4566; x_wconf 73' lang='lat' dir='ltr'><strong>elfngiunt</strong></span> <span class='ocrx_word' id='word_1_792' title='bbox 2978 4538 2994 4562; x_wconf 94' lang='lat'><strong>,</strong></span> <span class='ocrx_word' id='word_1_793' title='bbox 3026 4496 3121 4551; x_wconf 87' lang='lat' dir='ltr'><strong>sed</strong></span> <span class='ocrx_word' id='word_1_794' title='bbox 3167 4497 3415 4553; x_wconf 85' lang='lat' dir='ltr'><strong>leviorem</strong></span> <span class='ocrx_word' id='word_1_795' title='bbox 3457 4498 3767 4563; x_wconf 61' lang='lat' dir='ltr'><strong>satientur,</strong></span> 
     </span>
    </p>
   </div>
   <div class='ocr_carea' id='block_1_110' title="bbox 2194 4587 3765 4658">
    <p class='ocr_par' dir='ltr' id='par_1_110' title="bbox 2194 4587 3765 4658">
     <span class='ocr_line' id='line_1_110' title="bbox 2194 4587 3765 4658; baseline 0.001 -17"><span class='ocrx_word' id='word_1_796' title='bbox 2194 4588 2264 4641; x_wconf 93' lang='lat' dir='ltr'><strong>ob</strong></span> <span class='ocrx_word' id='word_1_797' title='bbox 2281 4603 2397 4642; x_wconf 87' lang='lat' dir='ltr'><strong>eam</strong></span> <span class='ocrx_word' id='word_1_798' title='bbox 2427 4603 2583 4658; x_wconf 85' lang='lat' dir='ltr'><strong>quam</strong></span> <span class='ocrx_word' id='word_1_799' title='bbox 2606 4587 2691 4642; x_wconf 89' lang='lat' dir='ltr'><strong>hic</strong></span> <span class='ocrx_word' id='word_1_800' title='bbox 2707 4588 2938 4641; x_wconf 89' lang='lat' dir='ltr'><strong>tulerunt</strong></span> <span class='ocrx_word' id='word_1_801' title='bbox 2953 4588 3365 4657; x_wconf 85' lang='lat' dir='ltr'><strong>magnitudinem</strong></span> <span class='ocrx_word' id='word_1_802' title='bbox 3384 4589 3765 4657; x_wconf 86' lang='lat' dir='ltr'><strong>suppliciorqu</strong></span> 
     </span>
    </p>
   </div>
   <div class='ocr_carea' id='block_1_111' title="bbox 2194 4679 3766 4746">
    <p class='ocr_par' dir='ltr' id='par_1_111' title="bbox 2194 4679 3766 4746">
     <span class='ocr_line' id='line_1_111' title="bbox 2194 4679 3766 4746; baseline 0.001 -11"><span class='ocrx_word' id='word_1_803' title='bbox 2194 4679 2319 4735; x_wconf 86' lang='lat' dir='ltr'><strong>hinc</strong></span> <span class='ocrx_word' id='word_1_804' title='bbox 2345 4682 2657 4736; x_wconf 89' lang='lat' dir='ltr'><strong>minuentes.</strong></span> <span class='ocrx_word' id='word_1_805' title='bbox 2686 4681 2822 4735; x_wconf 87' lang='lat' dir='ltr'><strong>Audi</strong></span> <span class='ocrx_word' id='word_1_806' title='bbox 2850 4680 3117 4735; x_wconf 83' lang='lat' dir='ltr'><strong>Christum</strong></span> <span class='ocrx_word' id='word_1_807' title='bbox 3137 4681 3423 4746; x_wconf 89' lang='lat' dir='ltr'><strong>dicentem,</strong></span> <span class='ocrx_word' id='word_1_808' title='bbox 3444 4692 3499 4736; x_wconf 87' lang='lat' dir='ltr'><strong>et</strong></span> <span class='ocrx_word' id='word_1_809' title='bbox 3517 4684 3766 4737; x_wconf 88' lang='lat' dir='ltr'><strong>miseram</strong></span> 
     </span>
    </p>
   </div>
   <div class='ocr_carea' id='block_1_112' title="bbox 2195 4769 3775 4842">
    <p class='ocr_par' dir='ltr' id='par_1_112' title="bbox 2195 4769 3775 4842">
     <span class='ocr_line' id='line_1_112' title="bbox 2195 4769 3775 4842; baseline 0.003 -19"><span class='ocrx_word' id='word_1_810' title='bbox 2195 4779 2471 4825; x_wconf 88' lang='lat' dir='ltr'><strong>vocantem</strong></span> <span class='ocrx_word' id='word_1_811' title='bbox 2521 4769 2796 4825; x_wconf 85' lang='lat' dir='ltr'><strong>Bethsaida</strong></span> <span class='ocrx_word' id='word_1_812' title='bbox 2827 4787 2842 4824; x_wconf 89' lang='lat'><strong>:</strong></span> <span class='ocrx_word' id='word_1_813' title='bbox 2879 4769 2966 4825; x_wconf 74' lang='grc' dir='ltr'><strong>γω</strong></span> <span class='ocrx_word' id='word_1_814' title='bbox 2995 4770 3116 4838; x_wconf 85' lang='lat' dir='ltr'><strong>tibi,</strong></span> <span class='ocrx_word' id='word_1_815' title='bbox 3140 4770 3426 4839; x_wconf 74' lang='lat' dir='ltr'><strong>Chorazim,</strong></span> <span class='ocrx_word' id='word_1_816' title='bbox 3462 4773 3649 4842; x_wconf 87' lang='lat' dir='ltr'><strong>inquit,</strong></span> <span class='ocrx_word' id='word_1_817' title='bbox 3696 4789 3775 4828; x_wconf 70' lang='lat' dir='ltr'><strong>ea:</strong></span> 
     </span>
    </p>
   </div>
   <div class='ocr_carea' id='block_1_113' title="bbox 2195 4859 3773 4932">
    <p class='ocr_par' dir='ltr' id='par_1_113' title="bbox 2195 4859 3773 4932">
     <span class='ocr_line' id='line_1_113' title="bbox 2195 4859 3773 4932; baseline 0.001 -19"><span class='ocrx_word' id='word_1_818' title='bbox 2195 4860 2301 4926; x_wconf 81' lang='lat' dir='ltr'><strong>tibi,</strong></span> <span class='ocrx_word' id='word_1_819' title='bbox 2330 4859 2603 4915; x_wconf 81' lang='lat' dir='ltr'><strong>Betltsaida</strong></span> <span class='ocrx_word' id='word_1_820' title='bbox 2623 4876 2642 4915; x_wconf 90' lang='lat'><strong><em>:</em></strong></span> <span class='ocrx_word' id='word_1_821' title='bbox 2665 4860 2782 4931; x_wconf 87' lang='lat' dir='ltr'><strong>quia</strong></span> <span class='ocrx_word' id='word_1_822' title='bbox 2801 4861 2845 4914; x_wconf 86' lang='lat' dir='ltr'><strong>si</strong></span> <span class='ocrx_word' id='word_1_823' title='bbox 2871 4860 2924 4914; x_wconf 89' lang='lat' dir='ltr'><strong>in</strong></span> <span class='ocrx_word' id='word_1_824' title='bbox 2951 4860 3190 4916; x_wconf 81' lang='lat' dir='ltr'><strong>Sodomis</strong></span> <span class='ocrx_word' id='word_1_825' title='bbox 3210 4863 3360 4932; x_wconf 75' lang='lat' dir='ltr'><strong>facta!</strong></span> <span class='ocrx_word' id='word_1_826' title='bbox 3382 4870 3543 4916; x_wconf 82' lang='lat' dir='ltr'><strong>essent</strong></span> <span class='ocrx_word' id='word_1_827' title='bbox 3564 4864 3773 4916; x_wconf 69' lang='lat' dir='ltr'><strong>virtutes</strong></span> 
     </span>
    </p>
   </div>
   <div class='ocr_carea' id='block_1_114' title="bbox 2193 4948 3775 5019">
    <p class='ocr_par' dir='ltr' id='par_1_114' title="bbox 2193 4948 3775 5019">
     <span class='ocr_line' id='line_1_114' title="bbox 2193 4948 3775 5019; baseline 0.003 -18"><span class='ocrx_word' id='word_1_828' title='bbox 2193 4948 2299 5002; x_wconf 67' lang='lat' dir='ltr'><strong>illae</strong></span> <span class='ocrx_word' id='word_1_829' title='bbox 2324 4964 2435 5019; x_wconf 64' lang='lat' dir='ltr'><strong>quae</strong></span> <span class='ocrx_word' id='word_1_830' title='bbox 2467 4952 2617 5018; x_wconf 68' lang='lat' dir='ltr'><strong>facta!</strong></span> <span class='ocrx_word' id='word_1_831' title='bbox 2654 4958 2769 5003; x_wconf 88' lang='lat' dir='ltr'><strong>sunt</strong></span> <span class='ocrx_word' id='word_1_832' title='bbox 2788 4951 2843 5003; x_wconf 87' lang='lat' dir='ltr'><strong>in</strong></span> <span class='ocrx_word' id='word_1_833' title='bbox 2891 4951 3045 5014; x_wconf 74' lang='lat' dir='ltr'><strong>vobis,</strong></span> <span class='ocrx_word' id='word_1_834' title='bbox 3074 4950 3194 5003; x_wconf 86' lang='lat' dir='ltr'><strong>olim</strong></span> <span class='ocrx_word' id='word_1_835' title='bbox 3241 4951 3294 5003; x_wconf 77' lang='lat' dir='ltr'><strong>in</strong></span> <span class='ocrx_word' id='word_1_836' title='bbox 3323 4966 3468 5005; x_wconf 76' lang='lat' dir='ltr'><strong>sacco</strong></span> <span class='ocrx_word' id='word_1_837' title='bbox 3508 4962 3557 5005; x_wconf 82' lang='lat' dir='ltr'><strong>et</strong></span> <span class='ocrx_word' id='word_1_838' title='bbox 3604 4953 3775 5006; x_wconf 75' lang='lat' dir='ltr'><strong>cinere</strong></span> 
     </span>
    </p>
   </div>
   <div class='ocr_carea' id='block_1_115' title="bbox 2196 5038 3783 5111">
    <p class='ocr_par' dir='ltr' id='par_1_115' title="bbox 2196 5038 3783 5111">
     <span class='ocr_line' id='line_1_115' title="bbox 2196 5038 3783 5111; baseline 0 -20"><span class='ocrx_word' id='word_1_839' title='bbox 2196 5039 2534 5106; x_wconf 68' lang='lat' dir='ltr'><strong>paenitentiam</strong></span> <span class='ocrx_word' id='word_1_840' title='bbox 2557 5039 2787 5109; x_wconf 82' lang='lat' dir='ltr'><strong>egissent.</strong></span> <span class='ocrx_word' id='word_1_841' title='bbox 2830 5038 2958 5093; x_wconf 80' lang='lat' dir='ltr'><strong>Ideo</strong></span> <span class='ocrx_word' id='word_1_842' title='bbox 2987 5041 3101 5093; x_wconf 86' lang='lat' dir='ltr'><strong>dico</strong></span> <span class='ocrx_word' id='word_1_843' title='bbox 3142 5040 3279 5094; x_wconf 77' lang='lat' dir='ltr'><strong>vobis</strong></span> <span class='ocrx_word' id='word_1_844' title='bbox 3307 5043 3426 5111; x_wconf 83' lang='lat' dir='ltr'><strong>quia</strong></span> <span class='ocrx_word' id='word_1_845' title='bbox 3463 5042 3783 5096; x_wconf 73' lang='lat' dir='ltr'><strong>tolerabilius</strong></span> 
     </span>
    </p>
   </div>
   <div class='ocr_carea' id='block_1_116' title="bbox 2194 5130 3767 5204">
    <p class='ocr_par' dir='ltr' id='par_1_116' title="bbox 2194 5130 3767 5204">
     <span class='ocr_line' id='line_1_116' title="bbox 2194 5130 3767 5204; baseline 0.001 -20"><span class='ocrx_word' id='word_1_846' title='bbox 2194 5132 2288 5184; x_wconf 87' lang='lat' dir='ltr'><strong>erit</strong></span> <span class='ocrx_word' id='word_1_847' title='bbox 2331 5140 2474 5185; x_wconf 66' lang='lat' dir='ltr'><strong>terra</strong></span> <span class='ocrx_word' id='word_1_848' title='bbox 2520 5130 2859 5185; x_wconf 80' lang='lat' dir='ltr'><strong>Sodomorum</strong></span> <span class='ocrx_word' id='word_1_849' title='bbox 2905 5141 2949 5185; x_wconf 83' lang='lat' dir='ltr'><strong>et</strong></span> <span class='ocrx_word' id='word_1_850' title='bbox 3003 5130 3299 5186; x_wconf 71' lang='lat' dir='ltr'><strong>Gomorrluz</strong></span> <span class='ocrx_word' id='word_1_851' title='bbox 3345 5133 3397 5186; x_wconf 80' lang='lat' dir='ltr'><strong>in</strong></span> <span class='ocrx_word' id='word_1_852' title='bbox 3439 5134 3523 5186; x_wconf 82' lang='lat' dir='ltr'><strong>die</strong></span> <span class='ocrx_word' id='word_1_853' title='bbox 3562 5134 3767 5204; x_wconf 83' lang='lat' dir='ltr'><strong>judicii,</strong></span> 
     </span>
    </p>
   </div>
   <div class='ocr_carea' id='block_1_117' title="bbox 2194 5220 3768 5291">
    <p class='ocr_par' dir='ltr' id='par_1_117' title="bbox 2194 5220 3768 5291">
     <span class='ocr_line' id='line_1_117' title="bbox 2194 5220 3768 5291; baseline 0.004 -18"><span class='ocrx_word' id='word_1_854' title='bbox 2194 5237 2345 5286; x_wconf 83' lang='lat' dir='ltr'><strong>quam</strong></span> <span class='ocrx_word' id='word_1_855' title='bbox 2386 5220 2522 5274; x_wconf 71' lang='lat' dir='ltr'><strong>vobis</strong></span> <span class='ocrx_word' id='word_1_856' title='bbox 2570 5220 2784 5290; x_wconf 70' lang='lat' dir='ltr'><strong>(Matth.</strong></span> <span class='ocrx_word' id='word_1_857' title='bbox 2835 5222 2917 5277; x_wconf 80' lang='lat' dir='ltr'><strong>tt.</strong></span> <span class='ocrx_word' id='word_1_858' title='bbox 2971 5222 3060 5276; x_wconf 66' lang='grc' dir='ltr'><strong>ει.</strong></span> <span class='ocrx_word' id='word_1_859' title='bbox 3108 5220 3218 5288; x_wconf 75' lang='lat'><strong>22;</strong></span> <span class='ocrx_word' id='word_1_860' title='bbox 3260 5220 3625 5278; x_wconf 73' lang='lat' dir='ltr'><strong>Luc.10.13.</strong></span> <span class='ocrx_word' id='word_1_861' title='bbox 3656 5225 3768 5291; x_wconf 74' lang='lat' dir='ltr'><strong>is).</strong></span> 
     </span>
    </p>
   </div>
   <div class='ocr_carea' id='block_1_118' title="bbox 2196 5312 3768 5383">
    <p class='ocr_par' dir='ltr' id='par_1_118' title="bbox 2196 5312 3768 5383">
     <span class='ocr_line' id='line_1_118' title="bbox 2196 5312 3768 5383; baseline 0.003 -18"><span class='ocrx_word' id='word_1_862' title='bbox 2196 5312 2377 5377; x_wconf 80' lang='lat' dir='ltr'><strong>Vides,</strong></span> <span class='ocrx_word' id='word_1_863' title='bbox 2406 5312 2618 5377; x_wconf 81' lang='lat' dir='ltr'><strong>dilecte,</strong></span> <span class='ocrx_word' id='word_1_864' title='bbox 2647 5314 2914 5383; x_wconf 90' lang='lat' dir='ltr'><strong>quomodo</strong></span> <span class='ocrx_word' id='word_1_865' title='bbox 2937 5329 3058 5370; x_wconf 89' lang='lat' dir='ltr'><strong>cum</strong></span> <span class='ocrx_word' id='word_1_866' title='bbox 3084 5315 3213 5370; x_wconf 91' lang='lat' dir='ltr'><strong>dicit</strong></span> <span class='ocrx_word' id='word_1_867' title='bbox 3235 5354 3251 5381; x_wconf 89' lang='lat'><strong>,</strong></span> <span class='ocrx_word' id='word_1_868' title='bbox 3274 5313 3609 5371; x_wconf 75' lang='lat' dir='ltr'><strong>Tolerabilius</strong></span> <span class='ocrx_word' id='word_1_869' title='bbox 3635 5320 3768 5382; x_wconf 78' lang='lat' dir='ltr'><strong>crit,</strong></span> 
     </span>
    </p>
   </div>
   <div class='ocr_carea' id='block_1_119' title="bbox 2194 5403 3772 5477">
    <p class='ocr_par' dir='ltr' id='par_1_119' title="bbox 2194 5403 3772 5477">
     <span class='ocr_line' id='line_1_119' title="bbox 2194 5403 3772 5477; baseline 0.003 -20"><span class='ocrx_word' id='word_1_870' title='bbox 2194 5403 2429 5458; x_wconf 82' lang='lat' dir='ltr'><strong>ostendit</strong></span> <span class='ocrx_word' id='word_1_871' title='bbox 2454 5404 2685 5460; x_wconf 88' lang='lat' dir='ltr'><strong>eoslicet</strong></span> <span class='ocrx_word' id='word_1_872' title='bbox 2710 5414 2911 5460; x_wconf 83' lang='lat' dir='ltr'><strong>tantam</strong></span> <span class='ocrx_word' id='word_1_873' title='bbox 2940 5406 3025 5461; x_wconf 89' lang='lat' dir='ltr'><strong>hic</strong></span> <span class='ocrx_word' id='word_1_874' title='bbox 3066 5420 3276 5477; x_wconf 68' lang='lat' dir='ltr'><strong>pinnam</strong></span> <span class='ocrx_word' id='word_1_875' title='bbox 3309 5407 3574 5473; x_wconf 85' lang='lat' dir='ltr'><strong>dederint,</strong></span> <span class='ocrx_word' id='word_1_876' title='bbox 3603 5419 3659 5463; x_wconf 89' lang='lat' dir='ltr'><strong>et</strong></span> <span class='ocrx_word' id='word_1_877' title='bbox 3687 5410 3772 5462; x_wconf 83' lang='grc' dir='ltr'><strong>ἰιι-</strong></span> 
     </span>
    </p>
   </div>
   <div class='ocr_carea' id='block_1_120' title="bbox 2192 5494 3775 5570">
    <p class='ocr_par' dir='ltr' id='par_1_120' title="bbox 2192 5494 3775 5570">
     <span class='ocr_line' id='line_1_120' title="bbox 2192 5494 3775 5570; baseline 0.004 -20"><span class='ocrx_word' id='word_1_878' title='bbox 2192 5494 2439 5550; x_wconf 90' lang='lat' dir='ltr'><strong>cendium</strong></span> <span class='ocrx_word' id='word_1_879' title='bbox 2479 5495 2606 5550; x_wconf 88' lang='lat' dir='ltr'><strong>illttd</strong></span> <span class='ocrx_word' id='word_1_880' title='bbox 2631 5511 2825 5552; x_wconf 89' lang='lat' dir='ltr'><strong>novum</strong></span> <span class='ocrx_word' id='word_1_881' title='bbox 2853 5506 2909 5551; x_wconf 91' lang='lat' dir='ltr'><strong>et</strong></span> <span class='ocrx_word' id='word_1_882' title='bbox 2940 5511 3117 5551; x_wconf 88' lang='lat' dir='ltr'><strong>rarum</strong></span> <span class='ocrx_word' id='word_1_883' title='bbox 3146 5497 3395 5564; x_wconf 78' lang='lat' dir='ltr'><strong>tulerint,</strong></span> <span class='ocrx_word' id='word_1_884' title='bbox 3429 5498 3536 5553; x_wconf 87' lang='lat' dir='ltr'><strong>illic</strong></span> <span class='ocrx_word' id='word_1_885' title='bbox 3559 5514 3775 5570; x_wconf 80' lang='lat' dir='ltr'><strong>quoque</strong></span> 
     </span>
    </p>
   </div>
   <div class='ocr_carea' id='block_1_121' title="bbox 2194 5588 3774 5662">
    <p class='ocr_par' dir='ltr' id='par_1_121' title="bbox 2194 5588 3774 5662">
     <span class='ocr_line' id='line_1_121' title="bbox 2194 5588 3774 5662; baseline 0.003 -19"><span class='ocrx_word' id='word_1_886' title='bbox 2194 5603 2403 5657; x_wconf 75' lang='lat' dir='ltr'><strong>ptcnam</strong></span> <span class='ocrx_word' id='word_1_887' title='bbox 2424 5588 2625 5644; x_wconf 84' lang='lat' dir='ltr'><strong>laturos</strong></span> <span class='ocrx_word' id='word_1_888' title='bbox 2655 5602 2794 5653; x_wconf 90' lang='lat' dir='ltr'><strong>csse,</strong></span> <span class='ocrx_word' id='word_1_889' title='bbox 2829 5596 3195 5645; x_wconf 89' lang='lat' dir='ltr'><strong>verumtamen</strong></span> <span class='ocrx_word' id='word_1_890' title='bbox 3214 5589 3464 5645; x_wconf 86' lang='lat' dir='ltr'><strong>leviorem</strong></span> <span class='ocrx_word' id='word_1_891' title='bbox 3488 5633 3502 5654; x_wconf 92' lang='lat'><strong>,</strong></span> <span class='ocrx_word' id='word_1_892' title='bbox 3536 5605 3603 5646; x_wconf 91' lang='lat' dir='ltr'><strong>eo</strong></span> <span class='ocrx_word' id='word_1_893' title='bbox 3630 5593 3774 5662; x_wconf 80' lang='lat' dir='ltr'><strong>quod</strong></span> 
     </span>
    </p>
   </div>
   <div class='ocr_carea' id='block_1_122' title="bbox 2193 5675 3765 5753">
    <p class='ocr_par' dir='ltr' id='par_1_122' title="bbox 2193 5675 3765 5753">
     <span class='ocr_line' id='line_1_122' title="bbox 2193 5675 3765 5753; baseline 0.004 -24"><span class='ocrx_word' id='word_1_894' title='bbox 2193 5676 2345 5747; x_wconf 87' lang='lat' dir='ltr'><strong>prius</strong></span> <span class='ocrx_word' id='word_1_895' title='bbox 2363 5675 2451 5732; x_wconf 88' lang='lat' dir='ltr'><strong>hic</strong></span> <span class='ocrx_word' id='word_1_896' title='bbox 2472 5688 2667 5734; x_wconf 86' lang='lat' dir='ltr'><strong>tantam</strong></span> <span class='ocrx_word' id='word_1_897' title='bbox 2704 5679 2907 5750; x_wconf 79' lang='lat' dir='ltr'><strong>experti</strong></span> <span class='ocrx_word' id='word_1_898' title='bbox 2933 5679 3034 5736; x_wconf 74' lang='lat' dir='ltr'><strong>sint</strong></span> <span class='ocrx_word' id='word_1_899' title='bbox 3063 5679 3516 5751; x_wconf 76' lang='lat' dir='ltr'><strong>indignationem?</strong></span> <span class='ocrx_word' id='word_1_900' title='bbox 3556 5680 3636 5739; x_wconf 84' lang='lat' dir='ltr'><strong>Ne</strong></span> <span class='ocrx_word' id='word_1_901' title='bbox 3681 5683 3765 5753; x_wconf 83' lang='lat' dir='ltr'><strong>igi-</strong></span> 
     </span>
    </p>
   </div>
  </div>
