4066 6140
352 460 452 513 διὰ
495 458 560 511 τὸ
600 453 752 511 εἶναι
791 456 1010 523 αὐτοὺς
1047 460 1296 527 σάρκας,
1334 461 1664 531 προμηνύων
1704 462 1886 527 αὐτοῖς
1909 466 2009 533 τῆς

350 544 777 613 ἀγανακτήσεως
805 542 968 597 αὐτοῦ
986 543 1082 614 τὴν
1102 544 1408 616 ὑπερϐολήν
1432 563 1445 579 ·
1468 542 1585 600 εἷτα
1613 548 1699 601 ἵνα
1728 547 1804 619 δῷ
1828 550 1996 619 αὐτοῖς

348 630 544 700 καιρὸν
568 628 841 701 ἀρκοῦντα
871 629 1009 700 πρὸς
1043 630 1103 683 τὸ
1134 631 1551 699 μεταϐαλέσθαι,
1573 634 1670 687 καὶ
1701 634 1799 706 τὴν
1820 636 2014 705 πεῖραν

351 715 633 784 διαφυγεῖν
682 716 781 784 τῆς
836 715 1284 786 ἀγανακτήσεως,
1335 719 1531 789 φησίν·
1562 720 1814 774 Ἔσονται
1860 720 1916 773 δὲ
1956 722 2013 775 αί

352 802 557 873 ἡμέραι
587 801 766 855 αὐτῶν
805 801 899 873 ἐτη
947 804 1139 856 ἑκατὸν
1170 803 1379 857 είκοσιο
1419 806 1539 859 ἀντὶ
1583 806 1698 871 τοῦ,
1730 809 2010 879 μακροθυ-

357 891 516 958 μήσω
542 888 622 942 ἐτι
656 890 794 959 μετά
826 889 894 943 τά
924 889 1255 944 πεντακόσια
1281 891 1397 962 ἐτη.
1429 892 1563 946 Οὐδέ
1593 898 1700 965 γὰρ
1723 895 2010 951 ,ἐπαύσατο

351 977 382 1029 ό
409 976 615 1039 δίκαιος
628 969 782 1039 οὗτος
798 978 855 1029 ἐν
879 978 992 1040 τοῖς
1018 976 1391 1042 πεντακοσίοις
1406 978 1551 1032 ἔτεσι
1570 980 1658 1033 διά
1685 981 1782 1051 τῆς
1803 983 2011 1047 οἰκείας

352 1064 723 1134 προσηγορίας
739 1064 946 1126 πάντας
971 1063 1169 1127 αὐτοὺς
1189 1064 1645 1136 ὑπομιμνήσκων,
1659 1068 1755 1120 καὶ
1776 1068 2009 1137 ἐνάγων,

350 1148 513 1220 αἵπερ
555 1148 836 1203 ἐϐούλοντο
869 1148 1183 1220 προσέχειν,
1215 1149 1357 1204 ὥστε
1384 1152 1604 1222 καὶτῆς
1649 1152 1847 1217 κακίας
1871 1154 2011 1209 ἀπο-

354 1236 546 1306 στῆναι
572 1236 669 1290 καὶ
697 1236 833 1307 πρὸς
851 1235 952 1307 τὴν
978 1236 1180 1307 ἀρετὴν
1212 1238 1637 1307 μετατάξασθαι.
1677 1238 1816 1293 Ἀλλ’
1837 1241 2008 1312 ὅμως,

351 1321 505 1393 φησὶ,
538 1322 633 1375 καὶ
657 1320 754 1375 νῦν
786 1320 867 1376 ἔτι
895 1321 1088 1376 ἑκατὸν
1123 1323 1294 1376 εἴκοσι
1320 1324 1456 1378 ἐτῶν
1476 1326 1706 1398 ἀριθμὸν
1729 1326 2013 1398 ὑπισχνοῦ-

354 1426 455 1481 μαι
481 1410 953 1483 μακροθυμήσειν,
978 1410 1067 1464 ἵνα
1087 1410 1166 1481 τῷ
1193 1410 1396 1482 μεταξὺ
1427 1409 1603 1485 χρόνῳ
1628 1415 1851 1488 είςδέον
1872 1432 2010 1487 χρη-

353 1497 598 1567 σάμενοι,
630 1494 726 1550 καλ⁵
752 1493 851 1567 τὴν
881 1493 1080 1550 κακίαν
1104 1490 1338 1565 φύγωσι,
1376 1499 1470 1551 καὶ
1496 1502 1596 1571 τῆς
1628 1500 1829 1573 ἀρετῆς
1860 1502 2011 1556 ἀντι-

348 1581 639 1638 λάϐωνται.
680 1581 787 1637 Καὶ
812 1583 872 1635 οὐ
907 1577 1067 1653 μόνον
1088 1584 1153 1654 τῇ
1181 1584 1474 1654 ὑποσχέσει
1504 1584 1613 1640 τῶν
1641 1587 1779 1641 ἐτῶν
1809 1586 2008 1644 ἑκατὸν

351 1668 800 1739 εἴκοσιήρκέσθη,
825 1667 961 1722 άλλά
986 1668 1082 1722 καὶ
1102 1668 1181 1738 τῷ
1195 1668 1390 1740 δικαίῳ
1425 1672 1750 1741 προστάττει
1777 1674 2010 1730 κιϐωτὸν

348 1756 733 1827 τεκτήνασθαι,
785 1754 873 1809 ἵνα
912 1753 1007 1808 καὶ
1036 1752 1178 1827 αὐτὴ
1212 1757 1246 1827 ἡ
1278 1756 1399 1827 ὄψις
1427 1756 1526 1828 τῆς
1582 1759 1814 1815 κιϐωτοῦ
1847 1762 2010 1817 πάλιν

348 1841 625 1914 ἀρκοῦσαν
638 1842 821 1906 αὐτοῖς
838 1839 1144 1912 ὑπόμνησιν
1158 1841 1436 1916 παράσχῃ,
1456 1844 1552 1898 καὶ
1570 1846 1759 1917 μηδεὶς
1768 1848 2010 1923 άγνοήσῃ

312 1920 315 1923 Α
350 1938 452 2009 τῆς
498 1935 800 2010 μελλούσης
846 1935 1115 2007 τιμωρίας
1159 1937 1459 2006 ἐπάγεσθαι
1489 1939 1549 1993 τὸ
1580 1940 1828 2010 μέγεθος.
1865 1920 2009 1996 Αὐτδ

350 2035 462 2107 7&9
490 2032 649 2087 τοῦτο
700 2032 792 2085 τὸν
842 2030 1046 2085 δίκαιον
1087 2032 1294 2087 ἐκεῖνον
1325 2034 1418 2088 καὶ
1448 2035 1528 2099 εἰς
1568 2035 1667 2106 τὴν
1694 2035 1873 2108 ἄκραν
1906 2037 2009 2107 τῆς

351 2129 592 2202 κορυφῆς
645 2125 927 2197 φθάσαντα
977 2127 1247 2199 τοσαύτην
1291 2129 1560 2183 ποιεῖσθαι
1600 2130 1833 2203 σπουδὴν
1880 2131 2009 2202 περὶ

349 2226 447 2297 τὴν
471 2225 568 2293 τῆς
604 2221 836 2275 κιϐωτοῦ
868 2222 1233 2295 κατασκευὴν,
1269 2224 1453 2279 ἱκανὸν
1489 2227 1700 2290 πάντας
1718 2226 1845 2291 τοὺς
1883 2225 2007 2281 νοῦν

350 2321 565 2392 ἔχοντας
624 2319 702 2379 είς
750 2317 988 2386 ἀγωνίαν
1028 2317 1124 2371 καὶ
1162 2319 1327 2389 φόϐον
1368 2321 1653 2391 ἐμϐαλεῖν,
1695 2323 1789 2376 καὶ
1824 2324 2007 2376 πεῖσαι

348 2413 794 2486 ἐξευμενίσασθαι
822 2411 909 2465 τὸν
938 2410 1112 2476 οὑτως
1140 2413 1345 2486 ἥμερον
1383 2415 1479 2469 καὶ⁵
1508 2415 1885 2487 φιλάνθρωπον
1912 2418 2009 2469 Δε-

351 2513 571 2580 σπότην.
609 2508 671 2561 El
697 2507 805 2577 7&9
835 2507 886 2558 οἱ
908 2506 1172 2579 βάρϐαροι
1206 2508 1427 2574 ἐκεῖνοι,
1457 2511 1503 2563 οί
1532 2510 2004 2579 Νινευῖταιλέγω·

351 2605 511 2660 πάλιν
541 2603 649 2673 7&9
705 2601 904 2665 αὐτοὺς
949 2601 1243 2670 ἀναγκαῖον
1294 2604 1373 2666 είς
1411 2602 1574 2674 μέσον
1618 2604 1866 2673 ἀγαγεῖν,
1921 2603 2007 2657 ῑνα

346 2699 520 2770 ταύτῃ
571 2698 665 2752 καὶ
715 2696 914 2766 μᾶλλον
948 2695 1130 2767 δειχθῇ
1178 2697 1272 2749 καὶ
1296 2696 1501 2752 τούτων
1527 2699 1562 2769 ή
1594 2698 2008 2758 ὑπερϐάλλουσα

347 2796 535 2857 κακία,
566 2792 834 2846 κάκείνων
860 2792 894 2862 ἡ
936 2790 1106 2862 πολλὴ
1136 2790 1541 2864 εὐγνωμοσύνη.
1574 2792 1685 2847 Καὶ
1713 2793 1822 2864 γάρ
1849 2794 1878 2846 ὁ
1905 2794 2005 2845 Δε-

351 2890 552 2958 σπότης
576 2887 732 2959 ἡμῶν
760 2887 879 2940 τότε
926 2887 983 2939 ἐν
1028 2887 1094 2957 τῇ
1135 2884 1319 2956 ἡμέρα
1365 2887 1547 2958 ἐκείνῃ
1589 2890 1655 2959 τῇ
1687 2887 1912 2959 φοϐερᾷ,
1939 2890 2002 2960 τῇ

351 2983 447 3052 τῆς
473 2982 704 3052 κρίσεως
736 2978 899 3047 λέγω,
924 2978 1144 3042 δούλους
1179 2979 1274 3033 καὶ
1296 2977 1515 3042 δούλους
1540 2979 1621 3042 είς
1653 2979 1815 3050 μέσον
1835 2981 2004 3050 ἄγων,

349 3074 491 3129 οὑτω
513 3074 611 3146 τὴν
638 3072 961 3143 κατάκρισιν
1011 3072 1321 3143 ἐργάζεται,
1360 3072 1488 3125 ὅταν
1519 3072 1803 3143 δειχθῶσιν
1822 3076 1870 3128 οἱ
1898 3074 2006 3129 τῶν

349 3169 526 3225 αὐτῶν
544 3168 948 3232 ἀπολαύσαντες
974 3167 1069 3221 καὶ
1096 3167 1204 3221 τῶν
1232 3166 1410 3220 αὐτῶν
1435 3169 1789 3240 μετασχόντες
1808 3169 1884 3241 μὴ
1906 3169 2005 3242 τὴν

350 3266 516 3338 αὐτὴν
542 3265 742 3338 ἀρετὴν
779 3264 1124 3336 μετελθόντες
1147 3278 1161 3293 '
1195 3262 1453 3327 πολλάκις
1481 3263 1538 3316 δὲ
1573 3266 1668 3318 καὶ
1697 3265 1754 3332 ἐξ
1805 3266 2005 3320 ἀνίσων

351 3365 581 3417 ποιεῖται
623 3362 723 3425 τὰς
759 3360 1090 3431 συγκρίσεις,
1147 3360 1234 3413 ἵνα
1275 3359 1492 3414 πλείονα
1534 3361 1631 3431 τὴν
1680 3363 2005 3435 κατάκρισιν

349 3461 461 3522 τοῖς
507 3454 947 3529 ἐρῤᾳθυμηκόσιν
990 3454 1265 3528 ἐπαγάγῃ.
1313 3454 1410 3508 Διὰ
1447 3454 1603 3509 τοῦτο
1652 3457 1746 3510 καὶ
1798 3459 1855 3511 ἐν
1894 3460 2005 3523 τοῖς

354 3550 700 3621 Εὐαγγελίοις
716 3549 928 3619 ἔλεγεν·
965 3546 1208 3619 Ἄνδρες
1240 3548 1536 3604 Νινευῒται
1558 3550 2005 3618 ἀναστήσονται

344 3652 419 3705 ἐν
452 3648 528 3719 τῇ
552 3648 745 3718 κρίσει
766 3644 915 3717 μετά
947 3646 1058 3715 τῆς
1086 3644 1292 3717 γενεᾶς
1330 3648 1569 3714 ταύτης,
1601 3648 1698 3701 καὶ
1733 3664 2001 3715 κατακρι-

350 3745 566 3800 νοῦσιν
584 3742 798 3811 αὐτὴν,
824 3741 914 3796 ὅτι
944 3742 1319 3812 μετενόησαν
1336 3743 1422 3809 είς
1450 3742 1514 3795 τὸ
1539 3742 1811 3812 κήρυγμα
1826 3741 2003 3809 Ἰωνᾶ,

349 3841 450 3897 καί
490 3838 619 3896 ίδοὺ
665 3839 880 3894 πλεῖον
921 3837 1091 3895 Ἰωνᾶ
1125 3833 1270 3893 ὧδε*
1303 3838 1582 3910 μονονουχὶ
1604 3838 1798 3907 λέγων,
1837 3840 1919 3894 ὅτι
1954 3843 2003 3895 οί

350 3940 616 4014 βάρϐαροι
638 3939 688 3994 οί
718 3938 985 4010 μηδεμιᾶς
1034 3936 1350 4007 ἐπιμελείας
1384 3937 1808 4002 ἀπολαύσαντες,
1845 3940 1895 3991 οί
1928 3941 2002 4011 μὴ

351 4031 704 4106 προφητικῶν
721 4031 1065 4103 διδαγμάτων
1104 4029 1453 4097 ἀκούσαντες,
1478 4034 1527 4085 οί
1552 4035 1751 4102 σημεῖα
1778 4033 1852 4104 μὴ
1880 4034 2007 4087 θεα-

352 4128 598 4201 σάμενοι,
652 4127 703 4180 οί
751 4124 1008 4197 θαύματα
1043 4124 1119 4196 μὴ
1152 4123 1370 4191 ίδόντες,
1403 4125 1518 4180 ἀλλ’
1556 4126 1675 4188 ἐνὸς
1717 4126 2004 4199 ἀνθρώπου

350 4223 416 4277 ἐκ
447 4220 705 4289 ναυαγίου
748 4218 1104 4282 διασωθέντος
1157 4220 1377 4292 ῥήματα
1427 4221 1756 4286 ἀκούσαντες
1804 4223 2005 4295 πολλὴν

351 4316 533 4379 αὐτοῖς
565 4313 667 4379 τὴν
698 4311 1008 4382 ἀπόγνωσιν
1030 4316 1331 4385 παρασχεῖν
1356 4314 1650 4387 δυνάμενα,
1667 4317 1853 4382 καὶείς
1869 4318 2007 4391 ἀμη-

351 4412 542 4482 χανίαν
573 4407 851 4481 ἐμϐαλεῖν,
878 4408 955 4473 ὡς
970 4409 1064 4462 καὶ
1084 4409 1356 4481 ὑπεριδεῖν
1381 4409 1489 4464 τῶν
1510 4412 1639 4482 παρ’
1660 4411 1825 4467 αὐτοῦ
1855 4414 1996 4482 λεγο-

355 4504 552 4577 μένων,
609 4504 671 4557 οὐ
725 4503 886 4576 μόνον
916 4504 979 4558 οὐ
1012 4503 1424 4577 κατεφρόνησαν
1449 4505 1558 4560 τῶν
1601 4507 1695 4561 τοῦ
1729 4511 2006 4581 προφήτου

353 4600 633 4672 ῥημάτων,
661 4599 798 4653 ἀλλά
816 4599 910 4653 καὶ
927 4601 1008 4663 είς
1027 4598 1194 4672 τριῶν
1213 4601 1436 4673 ἡμερῶν
1467 4604 1824 4675 στενοχωρίαν
1851 4604 2004 4679 [252]

350 4692 783 4769 ἀποληφθέντες,
832 4691 1005 4757 οὕτως
1052 4693 1255 4765 ἀκριϐῆ
1314 4694 1408 4748 καὶ
1458 4697 1856 4769 συντεταμένην
1910 4699 2007 4771 τὴν

356 4782 644 4851 μετάνοιαν
674 4782 1038 4848 ἐπεδείξαντο,
1064 4781 1207 4837 ὥστε
1235 4784 1336 4855 τὴν
1365 4785 1640 4853 ἀπόφασιν
1673 4789 2007 4845 ἀνακαλέσα-

355 4870 479 4924 σθαι
515 4869 609 4923 τοῦ
637 4871 926 4925 Δεσπότου,
953 4864 1112 4926 Οὗτοι
1144 4868 1257 4938 οὖν,
1284 4874 1437 4944 φησὶ,
1471 4879 1858 4946 κατακρινοῦσι
1886 4881 2010 4935 ταύ-

351 4980 454 5034 την
478 4962 579 5033 τὴν
602 4954 818 5031 γενεὰν,
844 4964 943 5036 τὴν
971 4967 1239 5037 τοσαύτης
1255 4967 1639 5023 ἀπολαύσασαν
1668 4972 2005 5043 ἐπιμελείας,

352 5057 454 5127 τήν
483 5059 846 5128 προφητικαῖς
889 5059 1245 5130 ἐντραφεῖσαν
1281 5061 1503 5132 βίϐλοις,
1552 5063 1649 5135 τὴν
1687 5072 1886 5137 σημεῖα
1917 5072 2010 5126 καὶ

350 5153 556 5223 τέρατα
605 5152 726 5205 καθ’
757 5153 993 5223 ἑκάστην
1047 5155 1258 5227 ἡμέραν
1286 5156 1585 5229 θεωμένην.
1637 5158 1769 5216 Εἶτα
1804 5164 1891 5219 ἵνα
1918 5168 2010 5223 καὶ

350 5247 556 5301 τούτων
591 5246 693 5316 τῆς
738 5246 994 5311 ἀπιστίας
1034 5248 1181 5322 δείξῃ
1235 5249 1333 5321 τὴν
1377 5252 1702 5325 ὑπερϐολὴν,
1738 5233 2010 5316 ⁴κάκείνων

353 5342 451 5412 τὴν
468 5344 671 5416 ἀφατον
686 5344 1125 5416 εὐγνωμοσύνην,
1154 5346 1453 5418 ἐπήγαγεν,
1483 5348 1610 5402 Ὀτι
1635 5357 2012 5422 μετενόησαν

352 5439 439 5503 είς
492 5436 559 5490 τὸ
601 5437 875 5507 κήρυγμα
910 5436 1102 5503 Ἰωνᾶ,
1132 5441 1229 5495 καί
1255 5440 1383 5495 ἰδοὺ
1413 5443 1625 5497 πλεῖον
1665 5445 1832 5502 Ἰωνᾶ
1858 5444 2008 5506 ὧδεο

355 5532 550 5586 ἐκεῖνοι
612 5531 730 5603 μὲν,
776 5533 961 5603 φησὶν,
1008 5534 1199 5607 εὐτελῆ
1244 5535 1528 5609 ἄνθρωπον
1557 5539 1879 5615 θεασάμενοι
1924 5551 2024 5607 τὺκ

366 5625 569 5691 Ἰωνᾶν,
603 5627 696 5680 καὶ
724 5625 970 5693 ἐδέξαντο
993 5630 1055 5683 τὸ
1082 5633 1211 5703 παρ’
1239 5632 1404 5688 αὐτοῦ
1428 5637 1709 5709 κήρυγμα,
1733 5641 1826 5694 καὶ
1852 5643 2011 5715 ἀκρι-

355 5718 622 5791 ϐεστάτην
651 5721 989 5789 ἐπεδείξαντο
1029 5724 1128 5795 τὴν
1154 5727 1442 5796 μετάνοιαν
1461 5747 1476 5763 ’
1506 5724 1650 5786 οὗτοι
1669 5732 1723 5787 δὲ
1751 5737 1799 5787 οί
1830 5736 2009 5809 πολλῷ

594 5814 861 5875 ΡΑτιιοι..
901 5814 1019 5876 Gn.
1063 5817 1213 5883 LIII.

1491 341 1560 401 IN
1592 345 1743 404 CAP.
1787 346 2142 407 VllCENES.
2185 354 2419 415 liOMIL.
2463 359 2627 417 XXV.

3673 372 3776 427 220

2118 468 2288 524 πλείω
2334 473 2427 527 τοῦ
2476 475 2646 543 Ἰωνᾶ,
2700 477 2793 531 καὶ
2838 479 2999 534 αὐτὸν
3027 479 3118 534 τὸν
3141 479 3248 535 τῶν
3270 482 3404 534 ὅλων
3450 482 3777 557 δημιουργὸν

2115 563 2349 633 ὁρῶντες
2392 570 2489 622 σὺν
2524 572 2706 636 αὐτοῖς
2750 575 3350 646 συναναστρεφόμενον,
3408 578 3500 631 καὶ
3544 580 3778 634 τοσαῦτα

2116 659 2211 713 καὶ
2221 662 2445 717 τοιαῦτα
2467 664 2747 736 θαυμάσια
2766 670 2849 736 ἐφ’
2876 669 3113 742 ἑκάστης
3133 671 3518 742 ἐργαζόμενον,
3546 672 3777 746 λεπροὺς

2116 754 2462 825 καθαίροντα,
2514 763 2739 832 νεκροὺς
2775 763 3078 836 ἐγείροντα,
3106 764 3174 818 τά
3209 764 3519 837 πηρὼματα
3546 766 3643 839 τῆς
3675 766 3778 838 φύσι

2118 862 2254 912 σεως
2286 847 2685 924 διορθούμενον,
2722 857 2982 929 δαίμονας
3035 859 3344 927 ἐλαύνοντα,
3389 861 3577 925 νόσους
3612 860 3776 932 ἰώμε-

2116 956 2224 1008 νον,
2255 947 2370 1013 μετ⁹
2397 946 2644 1013 ἐξουσίας
2672 949 2872 1022 πολλῆς
2902 953 3311 1024 ἁμαρτημάτων
3337 954 3528 1023 ἄφεσιν
3553 955 3776 1027 χαριζό-

2116 1052 2299 1191 ξενον,
2323 1039 2444 1094 οὐδὲ
2501 1043 2601 1116 τὴν
2639 1046 2807 1119 αὐτὴν
2857 1048 2964 1110 τοῖς
3017 1045 3308 1118 βαρϐάροις
3346 1047 3526 1101 πίστιν
3565 1048 3777 1102 ἐπεδεί-

2149 1145 2293 1183 αντο.

2149 1145 2293 1183 αντο.

2185 1263 2247 1329 μ’.
2290 1263 2429 1317 Ἀλλ’
2465 1267 2557 1321 ἐπὶ
2592 1269 2691 1342 τήν
2719 1270 3037 1326 ἀκολουθίαν
3072 1271 3451 1342 ἐπανέλθωμεν
3479 1272 3569 1327 τοῦ
3590 1255 3772 1341 λόγου,

2115 1354 2200 1409 ἵνα
2225 1358 2371 1429 εἰδῇς
2396 1362 2490 1416 καὶ
2518 1363 2721 1417 τούτων
2741 1369 2839 1436 τὴς
2866 1368 3255 1439 ἀγνωμοσύνης
3272 1368 3370 1440 τὴν
3392 1369 3660 1431 ἐπίτασιν,
3679 1370 3775 1423 καὶ

2113 1451 2335 1507 ἐκείνων
2358 1456 2458 1527 τῆς
2474 1458 2886 1532 εὐγνωμοσύνης
2910 1463 2971 1516 τὸ
2991 1463 3245 1516 ἐπίπονον
3263 1480 3277 1493 ·
3302 1463 3398 1516 καὶ
3424 1463 3507 1515 ὅτι
3533 1463 3774 1515 κάκεῖνοι

2116 1547 2214 1617 μὲν
2231 1548 2287 1602 ἐν
2305 1567 2333 1603 τ
2342 1552 2482 1618 ρισὶν
2499 1553 2734 1626 ἡμέραις
2760 1558 3273 1629 στενοχωρηθέντες,
3295 1557 3416 1612 οὐδέ
3452 1556 3626 1621 οὕτως
3668 1557 3774 1610 ἀπ-

2110 1642 2416 1713 ηγόρευσαν
2445 1646 2624 1702 αὐτῶν
2653 1649 2751 1721 τὴν
2786 1653 3077 1723 σωτηρίαν,
3108 1654 3221 1706 ἀλλ’
3246 1654 3338 1706 ἐπὶ
3363 1653 3461 1725 τὴν
3485 1650 3773 1725 μετάνοιαν

2113 1737 2445 1805 σπεύσαντες
2501 1742 2593 1796 καὶ
2636 1743 2706 1797 τὰ
2744 1746 3105 1818 ἡμαρτημένα
3153 1749 3506 1818 ἀπενίψαντο,
3546 1746 3771 1817 καὶτῆς

2113 1836 2520 1910 φιλανθρωπίας
2541 1840 2636 1895 τοῦ
2652 1842 2919 1896 Δεσπότου
2946 1843 3127 1907 ἀξίους
3151 1844 3374 1907 ἑαυτοὺς
3394 1842 3734 1913 κατέστησαν
3747 1857 3765 1873 ⁸

2110 1924 2255 1987 οὗτοι
2284 1934 2341 1987 δέ
2369 1935 2522 1989 αὐτοὶ
2560 1937 2750 1991 ἑκατὸν
2773 1939 2945 1992 εἴκοσι
2978 1939 3113 1992 ἐτῶν
3150 1938 3485 2010 προθεσμίαν
3515 1938 3770 2004 λαϐόντες

2111 2026 2247 2098 πρὸς
2274 2029 2580 2099 μετάνοιαν,
2602 2031 2723 2085 οὐδέ
2744 2031 2915 2097 οὕτως
2949 2033 3233 2088 ἀπώναντό
3265 2051 3318 2087 τι
3344 2034 3525 2087 πλέον.
3554 2032 3643 2085 Διὸ
3673 2033 3770 2086 καὶ

2108 2121 2138 2173 ό
2156 2122 2430 2193 Δεσπότης
2454 2125 2597 2196 ὁρῶν
2636 2127 2817 2180 αὐτῶν
2853 2131 2951 2200 τῆς
2981 2128 3179 2192 κακίας
3201 2128 3298 2199 τὴν
3323 2128 3647 2200 ὑπερϐολὴν,
3674 2130 3768 2182 καὶ

2109 2208 2296 2281 ἐπειδὴ
2347 2207 2484 2266 εἶδεν
2531 2216 2612 2278 είς
2650 2216 2847 2287 πολλὴν
2905 2218 3102 2271 κακίαν
3127 2218 3517 2283 ἐξοκείλαντας,
3546 2221 3768 2287 ταχεῖαν

2108 2306 2292 2370 αὐτοῖς
2350 2308 2543 2377 ἐπάγει
2567 2309 2665 2381 τὴν
2697 2311 2996 2382 διόρθωσιν,
3028 2313 3127 2380 τῆς
3161 2313 3337 2381 κακῆς
3380 2311 3560 2367 αὐτῶν
3588 2311 3768 2382 ζύμης

2107 2399 2204 2469 τὴν
2226 2401 2488 2471 πονηρίαν
2517 2404 2803 2472 ἀφανίσας,
2831 2406 2924 2459 καὶ
2940 2406 3183 2459 ἐκποδὼν
3211 2406 3460 2477 ποιήσας.
3492 2405 3590 2458 Διά
3609 2404 3765 2457 τοῦτό

2109 2513 2240 2566 φησι
2262 2514 2276 2527 °
2307 2497 2435 2552 Νῶε
2460 2499 2529 2553 δὲ
2551 2496 2791 2572 ἧνέτῶν
2803 2500 3157 2569 ἑξακοσίων,
3178 2500 3279 2557 καὶ
3293 2504 3326 2555 ό
3344 2500 3767 2569 κατακλυσμές

2107 2592 2214 2647 τοῦ
2245 2593 2460 2661 ὕδατος
2504 2596 2740 2667 ἐγένετο
2758 2598 2856 2652 ἐπί
2886 2598 2996 2668 τῆς
3028 2598 3159 2667 γῆς.
3187 2598 3336 2662 Τέως
3373 2597 3648 2668 ἐμάθομεν
3684 2595 3765 2648 ὅτι

2107 2686 2270 2757 ἡνίκα
2304 2688 2402 2759 μὲν
2435 2690 2469 2761 ἡ
2512 2690 2880 2762 ἀγανάκτησις
2910 2692 3100 2761 γέγονε
3145 2690 3240 2745 τοῦ
3279 2692 3570 2756 Δεσπότου,
3601 2692 3696 2745 καὶ⁵
3731 2693 3767 2763 ἡ

2109 2786 2435 2859 πρόρρησις,
2484 2791 2853 2844 πεντακοσίων
2891 2786 2959 2861 ἦν
3001 2790 3181 2845 ’ἐτῶν.
3213 2789 3345 2844 Ὅτε
3386 2791 3443 2843 δὲ
3479 2789 3689 2861 ἐπήχθη
3738 2791 3766 2844 ὁ

2109 2881 2511 2951 κατακλυσμὸς,
2563 2882 2879 2949 ἑξακοσίων,
2918 2884 2994 2948 ὡς
3046 2884 3238 2939 ἐκατδν
3272 2886 3368 2957 ἐτη
3422 2888 3479 2940 ἐν
3515 2887 3591 2957 τῷ
3621 2886 3769 2957 μέσῳ

2108 2974 2383 3043 γενέσθαι,
2409 2977 2502 3029 καὶ
2524 2977 2659 3048 μηδὲ
2687 2979 2745 3033 ἐν
2771 2982 2883 3041 τοῖς
2903 2978 3095 3033 ἑκατὸν
3124 2979 3267 3033 ἐτεσι
3289 2980 3544 3050 κερδᾶναι
3568 2980 3767 3043 αὐτούς

2107 3086 2160 3124 τι
2216 3070 2395 3137 πλέον,
2459 3072 2728 3143 τοσαύτης
2783 3073 3155 3137 ἀπολαύοντας
3192 3074 3538 3138 διδασκαλίας
3579 3077 3643 3129 ἐκ
3667 3075 3763 3146 τῆς

2107 3163 2654 3238 κατασκευαζομένης
2681 3166 2785 3220 ὑπὸ
2815 3167 2909 3221 τοῦ
2937 3167 3059 3221 Νῶε
3084 3167 3337 3223 κιϐωτοῦ.
3384 3169 3526 3223 Ἀλλ’
3551 3172 3681 3234 ῐσως
3699 3172 3765 3226 ἄν

2104 3276 2189 3324 τις
2212 3261 2400 3332 μαθεῖν
2428 3260 2797 3334 ἐπιζητήσειε,
2826 3263 2971 3327 τίνος
2999 3263 3183 3317 ἕνεκεν
3199 3261 3389 3329 εἰπὼν,
3414 3262 3665 3318 Ἑκατὸν
3687 3262 3773 3316 ει-

2105 3371 2242 3410 κοσι
2267 3356 2371 3426 ἐτη
2392 3357 2630 3413 ἔσονται
2652 3361 2711 3413 αἱ
2724 3359 2933 3428 ἡμέραι
2955 3356 3173 3425 αὐτῶν,
3193 3358 3289 3411 καὶ
3302 3358 3763 3429 ἐπαγγειλάμενος

2106 3452 2342 3506 τοσαῦτα
2398 3455 2860 3526 μακροθυμήσειν,
2894 3453 3000 3524 πρὸ
3046 3453 3148 3523 τῆς
3193 3453 3399 3508 τούτων
3431 3454 3762 3525 συμπληριῦ-

2108 3568 2244 3614 σεως
2298 3550 2395 3622 τὴν
2443 3553 2816 3624 πανωλεθρίαν
2851 3554 3118 3624 ἐπήγαγε.
3150 3554 3261 3606 Καὶ
3288 3552 3445 3606 τοῦτο
3470 3554 3569 3625 τῆς
3601 3551 3763 3607 αὐτοῦ

2107 3647 2514 3720 φιλανθρωπίας
2546 3650 2801 3719 μέγιστον
2819 3649 2885 3703 ἂν
2913 3651 2996 3720 εἴη
3019 3649 3234 3720 δεῖγμα.
3280 3649 3495 3721 Ἐπειδὴ
3518 3652 3628 3721 7&9
3656 3647 3765 3704 εἶδε

2110 3739 2230 3795 καθ’
2256 3742 2491 3812 ἑκάστην
2512 3743 2723 3812 ἡμέραν
2746 3742 2939 3797 ἀνίατα
2955 3742 3385 3814 ἁμαρτάνοντας,
3410 3744 3503 3796 καὶ
3518 3744 3580 3796 οὐ
3606 3746 3765 3814 μόνον

2106 3834 2258 3888 οὐδὲν
2301 3835 2678 3906 κερδαίνοντας
2706 3838 2770 3890 ἐκ
2809 3839 2908 3907 τῆς
2953 3837 3158 3906 ἀφάτου
3192 3837 3592 3909 μακροθυμίας,
3628 3838 3764 3893 ἀλλά

2108 3931 2201 3983 καὶ
2228 3930 2589 3995 ἐπιτείνοντας
2611 3930 2680 3984 τά
2700 3930 2855 4002 ἕλκη,
2876 3931 2964 3986 διά
2984 3931 3141 3985 τοῦτο
3155 3931 3410 4002 συνέτεμε
3436 3932 3525 3986 τὸν
3552 3933 3763 4004 χρόνον,

2106 4020 2245 4076 ὥστε
2274 4022 2347 4094 μὴ
2378 4023 2584 4093 μείζονι
2615 4026 2857 4097 τιμωρίᾳ
2887 4025 3223 4091 ὑπευθύνους
3266 4026 3462 4089 αὐτοὺς
3493 4028 3766 4097 καταστῆα

2107 4129 2215 4167 ναι.
2237 4116 2346 4169 Καὶ
2369 4117 2517 4183 ποία,
2550 4119 2704 4189 φησὶ,
2726 4120 2925 4190 μείζων
2946 4116 3014 4191 ἦν
3029 4119 3233 4190 ταύτης
3259 4119 3529 4192 τιμωρία;
3556 4119 3764 4188 Ἔστιν,

2108 4211 2377 4283 ἀγαπητὲ,
2413 4215 2508 4267 καὶ
2541 4215 2759 4285 μείζων,
2795 4217 2888 4271 καὶ
2918 4216 3286 4289 φοϐερωτέρα,
3325 4215 3421 4269 καὶ
3447 4213 3693 4286 διαρκὴς,
3727 4214 3763 4285 ἡ

2109 4308 2250 4362 κατά
2289 4310 2380 4366 τὸν
2419 4311 2680 4381 μέλλοντα
2707 4312 2899 4369 αίῶνα.
2933 4314 3056 4367 Ὂτι
3093 4313 3202 4383 γάρ
3226 4313 3326 4367 κᾶν
3347 4311 3580 4366 ἐνταῦθα
3609 4312 3768 4383 δίκην

2107 4403 2250 4467 τινὲς
2280 4405 2611 4475 ὑποσχῶσιν,
2642 4407 2763 4461 οὐδὲ
2786 4409 2885 4479 τὴν
2918 4408 3067 4481 [255]
3100 4410 3216 4462 ἐκεῖ
3246 4407 3514 4479 τιμωρίαν
3539 4406 3764 4476 διαφεύ-

2109 4498 2311 4565 ξονται,
2341 4502 2474 4557 ἀλλὰ
2503 4504 2837 4576 κουφοτέραν
2864 4505 3257 4577 ὑποστήσονται
3280 4504 3368 4558 διὰ
3396 4504 3501 4558 τῶν
3533 4491 3767 4557 ἐνταῦθα

2111 4596 2450 4666 συμϐάντων,
2471 4597 2533 4650 τὸ
2557 4598 2785 4669 μέγεθος
2807 4599 2912 4653 τῶν
2934 4601 3050 4655 ἐκεῖ
3074 4599 3444 4672 κολαστηρίων
3469 4598 3767 4669 ὑποτεμνό-

2113 4706 2282 4760 μενοι,
2316 4690 2478 4745 ἄκουε
2507 4692 2601 4746 τοῦ
2627 4693 2863 4764 Χριστοῦ
2897 4695 3142 4765 λέγοντος
3165 4696 3257 4749 καλ⁵
3282 4693 3656 4758 ταλανίζοντος
3667 4690 3767 4759 τὴν

2109 4782 2401 4854 Βηθσαῖδᾶ’
2437 4788 2586 4841 Οὐαί
2619 4805 2736 4854 σοι,
2760 4787 3068 4859 Χωραζείμ,
3088 4823 3092 4828 -
3114 4790 3309 4859 φησὶν,
3342 4788 3480 4842 οὐαί
3511 4800 3630 4852 σοι,
3662 4787 3770 4851 Βη-

2110 4878 2347 4945 θσαϊδᾶ,
2389 4880 2479 4936 ότι
2521 4886 2574 4937 εί
2597 4885 2667 4939 ἐν
2684 4887 2968 4955 Σοδόμοις
2993 4886 3271 4956 ἐγένοντο
3308 4887 3366 4938 al
3394 4882 3676 4952 δυνάμεις
3705 4884 3765 4937 al

2109 4976 2419 5044 γενόμεναι
2474 4978 2545 5033 ἐν
2581 4979 2741 5048 ὑμῖν,
2772 4980 2958 5035 πάλαι
3003 4981 3081 5034 ἂν
3099 4981 3169 5033 ἐν
3201 4980 3407 5045 σάκκῳ
3430 4980 3527 5035 καί
3557 4980 3766 5047 σποδῷ

2110 5073 2500 5141 μετενόησαν.
2545 5073 2642 5126 Διὸ
2687 5073 2842 5142 λέγω
2877 5074 3037 5144 ὑμῖν,
3082 5074 3470 5143 ἀνεκτότερον
3500 5075 3670 5129 ἔσται
3691 5072 3768 5143 τῇ

2117 5164 2387 5234 Σοδόμων
2437 5166 2536 5219 καί
2580 5169 2889 5237 Γομόρῤας
2936 5169 3006 5222 ἐν
3037 5168 3226 5238 ἡμέρᾳ
3258 5168 3510 5237 κρίσεως
3541 5168 3584 5236 ἢ
3606 5170 3765 5237 ὑμῖν.

2123 5258 2304 5331 Ὁρᾷς,
2328 5260 2601 5331 ἀγαπητέ,
2632 5261 2750 5326 πῶς
2785 5263 2864 5334 τῷ
2887 5266 3078 5329 εἰπεῖν,
3119 5265 3540 5334 Ἆνεκτότερον,
3568 5262 3769 5330 ἔδειξεν

2111 5354 2192 5408 ὅτι
2214 5356 2309 5409 καὶ
2334 5357 2383 5410 οί
2414 5357 2683 5428 τοσαύτην
2717 5358 2949 5413 ἐνταῦθα
2991 5359 3145 5431 δίκην
3182 5360 3384 5424 δόντες,
3426 5360 3519 5414 καὶ
3549 5359 3642 5413 τὸν
3665 5360 3768 5426 ἐμ-

2111 5449 2365 5520 πρησμὸν
2418 5451 2623 5504 ἐκεῖνον
2674 5452 2765 5505 τὸν
2794 5453 2980 5507 καινὸν
3034 5456 3127 5507 καὶ
3161 5454 3307 5520 ξένον
3355 5453 3766 5523 ὑπομείναντες,

2109 5543 2275 5596 κάκεῖ
2297 5560 2419 5598 τινα
2446 5546 2717 5614 τιμωρίαν
2744 5548 3158 5619 ὑποστήσονται,
3180 5548 3515 5618 κουφοτέραν
3534 5545 3590 5596 δέ
3617 5544 3765 5614 ὅμως

2109 5638 2198 5692 διὰ
2239 5639 2302 5692 τὸ
2360 5641 2729 5712 προλαϐόντας
2756 5645 2988 5700 ἐνταῦθα
3030 5646 3293 5717 τοσαύτης
3319 5641 3644 5712 πειραθῆναι
3667 5639 3766 5709 τῆς

2114 5740 2572 5813 ἀγανακτήσεως;
2615 5741 2827 5801 ’Νοῦν
2857 5747 2932 5821 μὴ
2978 5749 3072 5801 καὶ
3117 5742 3259 5801 οὗτοι
3315 5740 3669 5802 ἐπιτείνοντες
3694 5737 3764 5791 τά

3327 5832 3392 5885 Η
