4066 6140
455 279 551 334 iiii

462 421 546 465 tur
578 419 632 465 et
670 409 708 464 ii
743 415 955 479 peccata
1004 415 1401 470 coaccrvantcs,
1434 406 1723 475 majoribus
1760 420 1817 459 se
1867 406 2039 475 pccuis

455 498 716 554 obnoxios
741 497 1023 553 redderent
1045 537 1060 562 ,
1093 496 1347 551 Dominus
1373 496 1543 552 bonus
1572 506 1625 550 et
1649 496 1907 566 benignus
1935 497 2038 550 du-

456 592 629 646 ritiam
653 591 865 646 illorum
888 588 1151 659 paenitere
1178 588 1414 642 nesciam
1448 585 1665 654 videns,
1701 595 1910 656 tempus
1934 601 2040 656 quo

453 695 512 736 se
539 682 828 752 patientem
857 679 1088 733 futurum
1119 677 1401 747 promisit,
1434 676 1716 731 imminuit.
1740 675 1871 730 Nam
1902 676 2041 731 sicut

454 785 641 826 eorum
670 784 830 825 causa
860 768 948 837 qui
986 766 1438 822 admonitionibus
1490 766 1601 820 suis
1651 774 1894 834 prompte
1940 780 2038 835 pa-

455 868 593 927 rent,
626 860 695 915 ob
728 858 1019 914 bonitatem
1062 857 1163 912 sibi
1207 855 1525 926 peculiarem
1570 857 1865 911 sententias
1914 870 2039 911 suas

452 960 668 1007 revocat
685 992 701 1019 ,
728 960 782 1006 et
807 950 874 1004 ad
899 964 957 1004 se
979 962 1272 1005 conversos
1300 946 1553 1013 admittit,
1580 956 1740 1017 atque
1766 947 1832 1002 ab
1863 946 2041 1001 immi~

455 1052 617 1098 nente
636 1040 895 1112 supplicio
922 1040 1110 1094 liberat
1136 1054 1151 1091 :
1185 1039 1255 1092 ita
1283 1051 1493 1108 quoque
1526 1050 1645 1092 cum
1668 1032 1926 1107 promittit
1952 1038 2036 1092 vel

454 1133 592 1189 bona
629 1133 802 1203 aliqua
831 1145 889 1187 se
937 1129 1302 1201 praebiturum,
1329 1129 1412 1183 vel
1441 1128 1764 1199 ptenitentiae
1788 1138 1996 1200 tempus
2018 1171 2033 1198 ,

453 1225 596 1280 videt
622 1234 800 1279 autem
843 1223 964 1276 illos
1005 1220 1263 1292 indignos,
1294 1220 1455 1275 etiam
1497 1228 1621 1274 tunc
1664 1234 1872 1289 quoque
1915 1234 2037 1275 suas

457 1316 840 1387 promissiones
865 1322 1098 1374 revocat.
1129 1312 1387 1379 Quccirca
1424 1320 1475 1365 ct
1500 1325 1596 1380 per
1624 1309 1932 1380 prophetam
1956 1309 2036 1363 di-

451 1407 603 1461 cebat
631 1422 644 1458 :
676 1405 756 1458 Ad
783 1420 1028 1459 summam
1065 1402 1242 1472 loquar
1265 1418 1417 1470 super
1450 1409 1639 1473 gentes,
1685 1410 1734 1454 et
1774 1416 1926 1470 super
1952 1417 2037 1454 re-

454 1511 574 1566 gna,
609 1503 664 1547 ut
691 1493 900 1564 perdam
927 1503 972 1546 et
1001 1502 1215 1546 evertam
1253 1505 1272 1544 :
1299 1499 1346 1545 et
1371 1490 1414 1545 si
1448 1490 1789 1560 paenitentiam
1817 1490 2032 1562 egerint,

457 1600 604 1655 ngam
633 1593 680 1637 et
717 1599 808 1654 ego
837 1582 1174 1651 paenitentiam
1211 1597 1364 1651 super
1404 1581 1464 1636 iis
1497 1597 1611 1649 qua:
1655 1580 1888 1650 loquutus
1923 1597 2036 1635 sum

456 1686 508 1730 ut
534 1679 748 1748 facerem
767 1677 838 1729 eis
863 1674 996 1746 (Jer.
1021 1674 1108 1729 18.
1139 1675 1191 1728 7.
1223 1674 1281 1745 8)
1315 1688 1331 1727 :
1357 1682 1411 1728 et
1432 1673 1619 1728 iterum
1644 1689 1657 1726 :
1683 1673 1762 1725 Ad
1788 1688 2037 1726 summam

457 1768 632 1838 loquar
655 1782 808 1837 super
831 1777 999 1839 gentes
1023 1775 1070 1820 et
1098 1780 1250 1836 super
1273 1780 1445 1836 regna,
1477 1774 1533 1818 ut
1562 1764 1858 1831 recedi/iaetu
1884 1780 1902 1819 :
1930 1765 2038 1819 etsi

457 1861 764 1931 peccaverint
788 1900 803 1926 ,
840 1858 1179 1930 paenitentiam
1200 1866 1247 1910 et
1267 1873 1355 1927 ego
1382 1872 1529 1927 agam
1557 1872 1707 1925 super
1730 1856 1790 1909 iis
1816 1871 1928 1926 quae
1954 1858 2033 1909 lo-

462 1960 645 2022 quutus
685 1967 796 2004 sum
837 1959 891 2003 ut
937 1949 1150 2018 {acerem
1202 1948 1274 2002 eis
1305 1946 1461 2018 (Ibid.
1515 1961 1564 2002 υ.
1605 1946 1657 2001 9.
1704 1946 1816 2016 i0).
1845 1945 2034 2002 Vidisti

452 2040 719 2111 quomodo
737 2055 767 2094 a
797 2039 949 2094 nobis
974 2038 1282 2093 occasiones
1301 2035 1489 2106 accipit
1506 2046 1610 2090 tam
1632 2035 2032 2103 misericordiae,

455 2149 609 2204 quam
632 2148 756 2202 erga
785 2146 882 2186 nos
902 2129 1168 2187 declarat.
1200 2144 1359 2200 quam
1390 2127 1805 2198 indignationis?
1833 2124 2034 2182 Idcirco

452 2226 610 2279 etiam
641 2238 780 2278 nunc
812 2233 1018 2292 tempus
1037 2229 1264 2285 resecat,
1282 2219 1433 2289 cujus
1452 2219 1523 2272 illi
1552 2217 1878 2287 longitudine
1905 2219 2037 2272 abu-

454 2318 719 2372 tebantur.
760 2316 953 2371 Beatus
978 2328 1190 2384 quoque
1220 2312 1412 2367 Paulus
1437 2311 1503 2366 ad
1519 2309 1763 2380 stupidos
1785 2309 1922 2376 illos,
1943 2308 2033 2380 qui

449 2408 673 2462 salutem
700 2420 795 2476 per
820 2404 1181 2475 penitentiam
1207 2402 1359 2458 nobis
1384 2400 1561 2455 datam
1590 2414 1693 2455 non
1723 2399 2028 2466 admittunt,

448 2500 658 2556 dicebat
688 2513 704 2553 :
734 2497 811 2551 An
842 2497 1041 2550 divitias
1064 2495 1301 2549 bonitatis
1336 2495 1446 2565 ejus
1486 2501 1532 2546 et
1560 2492 1815 2561 patientia:
1849 2498 1895 2544 et
1916 2491 2027 2543 lon-

451 2588 755 2661 gunintitatis
781 2586 1078 2651 contemnis,
1102 2584 1340 2655 ignorans
1367 2584 1503 2652 quod
1525 2580 1807 2650 benignitas
1834 2578 1929 2633 Dei
1960 2579 2032 2632 ad

449 2680 787 2750 paenitentiam
828 2687 874 2732 te
921 2674 1204 2747 provocat?
1250 2671 1540 2728 Secundum
1583 2679 1750 2724 autem
1794 2669 2032 2723 duritiam

449 2782 588 2826 luant
606 2813 620 2836 ,
645 2780 692 2825 et
717 2769 1027 2841 impaznitens
1043 2783 1148 2833 cor,
1182 2764 1490 2819 thesaurizos
1521 2761 1808 2831 tibimetipsi
1826 2761 1955 2813 iram
1980 2760 2032 2813 in

448 2864 530 2917 die
554 2863 643 2916 ira:
667 2869 714 2916 et
742 2858 1056 2915 reuelationis
1074 2856 1204 2928 justi
1233 2855 1412 2919 iudicii
1440 2853 1534 2907 Dei
1570 2853 1742 2923 (Rom.
1768 2849 1822 2904 2.
1852 2851 1905 2906 4.
1932 2848 2032 2923 5)?

449 2950 642 3009 Vidisti
664 2949 933 3022 quomodo
982 2956 1039 3004 et
1062 2947 1290 3004 eximius
1328 2945 1417 3001 ille
1459 2944 1651 3000 doctor
1697 2942 1844 2998 orbis
1887 2941 2034 2997 clare

448 3052 546 3099 nos
574 3042 772 3110 docuit,
800 3055 894 3098 eos
917 3040 1007 3111 qui
1031 3037 1285 3110 patientia
1313 3036 1405 3091 Dei
1435 3034 1502 3091 ad
1529 3034 1898 3106 paenitentiam
1930 3047 2028 3088 no-

449 3134 530 3191 bis
581 3144 835 3189 concessa
877 3131 1187 3193 abutuntur,
1217 3127 1406 3196 majori
1453 3139 1627 3197 poema
1673 3133 1727 3179 et
1772 3121 2032 3194 supplicio

450 3226 765 3296 semetipsos
785 3222 1051 3278 obnoxios
1079 3218 1342 3277 reddere?
1366 3218 1437 3274 Et
1460 3218 1557 3274 hac
1579 3216 1647 3273 de
1673 3230 1830 3272 causa
1870 3215 2032 3271 etiam

451 3334 590 3374 nunc
620 3317 882 3388 benignus
910 3315 1069 3379 Deus,
1100 3312 1251 3384 quasi
1279 3324 1398 3367 sese
1432 3324 1702 3381 purgans,
1734 3309 2030 3364 rationem-

429 3407 554 3479 'que
596 3406 861 3473 reddens,
910 3419 1076 3476 quare
1117 3413 1403 3473 antequam
1450 3400 1769 3471 promissum
1823 3409 2032 3470 tempus

451 3498 781 3570 impleretur,
810 3497 1067 3552 diluvium
1096 3494 1384 3561 induxerit,
1409 3507 1668 3548 annorum
1686 3491 1815 3563 justi
1845 3506 2034 3547 nume—

449 3604 566 3645 rum
614 3587 868 3656 declarat,
909 3594 965 3641 et
1009 3585 1189 3641 dicit:
1241 3580 1358 3639 Noe
1401 3593 1571 3638 autem
1622 3590 1728 3636 erat
1781 3596 2032 3636 annorum

450 3688 814 3734 sexcentarum.
858 3678 990 3733 Nam
1013 3677 1101 3749 qui
1150 3677 1203 3732 in
1233 3684 1447 3732 centum
1476 3673 1631 3730 annis
1657 3674 1897 3729 converti
1928 3687 2029 3726 no-

451 3774 665 3839 luerint,
697 3772 821 3845 quid
864 3772 1090 3843 amplius
1141 3770 1462 3841 proﬁcerent
1501 3783 1569 3823 ex
1617 3766 1771 3821 annis
1823 3765 2028 3836 viginti,

450 3881 605 3936 quam
652 3864 794 3936 quod
849 3864 998 3934 plura
1058 3861 1352 3932 adjicerent
1404 3855 1654 3929 peccata?
1707 3855 1859 3910 Enim
1901 3869 2032 3910 vero

452 3964 754 4009 monstrans
783 3951 1100 4008 ineli‘abilem
1131 3964 1281 4005 suam
1303 3945 1725 4002 misericordiam
1755 3953 1809 3999 et
1845 3943 2029 3999 excel-

453 4045 645 4099 lentem
672 4044 981 4106 bonitatem,
1013 4055 1120 4095 non
1163 4036 1432 4094 recusavit
1486 4035 1645 4091 etiam
1683 4042 1806 4089 ante
1826 4041 2029 4102 septem

451 4134 565 4190 dies
592 4135 879 4206 praedicere
903 4132 982 4188 eis
1003 4129 1259 4186 diluvium
1293 4141 1421 4182 mox
1455 4123 1837 4191 inducendum,
1861 4130 1918 4176 ut
1943 4122 2028 4176 vel

453 4228 691 4300 angustia
753 4225 1009 4299 temporis
1063 4222 1298 4294 correpti
1341 4219 1749 4278 conversionem
1797 4217 2030 4288 aliquam

453 4319 814 4376 ostenderent.

522 4412 576 4466 5.
611 4409 748 4465 Deus
778 4407 1004 4479 pradicit
1027 4420 1225 4479 pmnas,
1248 4419 1311 4458 ne
1334 4401 1541 4472 inferat.
1569 4429 1640 4440 —
1660 4398 1728 4454 Et
1751 4396 1872 4453 vide
1921 4395 2034 4451 cle-

456 4503 706 4558 mentiam
735 4498 963 4562 Domini,
995 4494 1261 4567 quomodo
1299 4491 1448 4564 quasi
1489 4491 1660 4546 bonus
1700 4488 1889 4560 aliquis
1913 4501 2030 4541 me-

453 4594 623 4657 dicus,
647 4591 807 4644 variis
835 4589 935 4642 viis
964 4586 1205 4643 morbum
1234 4598 1420 4640 eorum
1450 4595 1640 4637 curare
1679 4587 1868 4634 tentat.
1898 4576 2033 4633 Nam

455 4681 702 4750 quoniam
734 4677 1041 4734 incurabilia
1069 4689 1254 4731 eorum
1281 4679 1435 4729 erant
1465 4672 1707 4737 vulnera,
1735 4677 1841 4723 tam
1868 4666 2034 4738 proli-

460 4786 581 4826 xum
609 4771 685 4825 eis
716 4779 923 4837 tempus
950 4764 1291 4837 prazscripsit,
1321 4760 1703 4826 volens,etiam
1729 4758 1775 4811 si
1805 4758 1856 4811 in
1888 4763 2036 4811 tanto

460 4869 695 4927 tempore
716 4859 1104 4928 resipiscerent,
1118 4848 1757 4922 revocareindignationis
1782 4862 1891 4904 suae
1915 4861 2036 4902 sen-

462 4949 693 5003 tentiam.
725 4948 946 5017 Semper
972 4949 1112 5002 enim
1141 4960 1260 4999 mos
1286 4945 1402 5014 ejus
1427 4949 1534 5009 est,
1560 4939 1810 5011 quoniam
1839 4947 2036 4994 nostra:

459 5038 645 5092 salutis
659 5050 841 5090 curam
871 5037 998 5105 agit,
1013 5034 1304 5104 praedicere
1323 5047 1454 5102 quas
1475 5043 1659 5101 prunas
1679 5030 1746 5084 sit
1771 5029 2035 5094 illaturus,

460 5130 528 5185 ob
561 5130 696 5184 lianc
736 5135 940 5181 tantum
979 5139 1215 5191 causam,
1240 5138 1309 5177 ne
1359 5122 1575 5186 inierat;
1603 5133 1736 5190 quas
1768 5120 1814 5175 si
1837 5118 2037 5173 interro

462 5221 650 5288 vellet,
676 5218 982 5286 neutiquam
1029 5214 1228 5270 diceret
1255 5229 1269 5266 :
1300 5212 1394 5268 sed
1430 5211 1667 5267 studiose
1702 5206 1963 5282 praedicit,
1985 5214 2043 5263 ut

463 5327 583 5369 cum
643 5325 742 5365 nos
793 5306 1159 5371 didicerimus,
1193 5306 1384 5359 timore
1439 5301 1832 5358 emendatiores
1879 5298 2040 5365 facti,

463 5410 765 5458 avertamus
814 5397 980 5468 ipsius
1020 5395 1453 5466 indignationem,
1481 5400 1537 5448 et
1559 5391 1848 5447 sententias
1869 5385 2047 5443 irritas

465 5492 741 5550 iaciamus.
767 5489 908 5546 Nihil
937 5488 1078 5543 enim
1109 5493 1212 5552 est,
1243 5483 1384 5556 quod
1411 5484 1483 5539 ita
1512 5482 1661 5536 illum
1690 5479 1968 5539 exbilaret,
1993 5486 2049 5530 ut
2068 5500 2112 5527 φ

467 5585 745 5643 conversio
776 5589 976 5647 nostra,
994 5588 1048 5634 et
1073 5594 1101 5633 a
1130 5585 1349 5649 peccato
1377 5575 1444 5632 ad
1470 5575 1721 5633 virtutem
1748 5584 2046 5642 regressus.

468 5665 848 5737 Animadverte
876 5671 1034 5743 igitur
1056 5668 1325 5755 quomodo
1351 5677 1406 5726 et
1425 5666 1649 5725 istorum
1678 5663 2045 5739 aegritudinem

1447 268 1512 324 ,Ν
1550 269 1700 324 CAP.
1728 269 1835 323 Vll.
1877 268 2116 324 GENES.
2162 267 2386 324 ιῐοξιεη..
2432 267 2594 322 XXV.

3624 274 3724 311 θῦε-1

3628 312 3726 331 ειη-ιι,

2147 383 2399 437 industria
2432 382 2652 452 quadam
2680 397 2867 439 curare
2899 384 3080 440 nititur
3110 405 3125 444 :
3160 387 3330 457 primo
3365 396 3564 445 tantum
3590 402 3725 446 teni-

2144 472 2288 542 poris
2307 472 2371 526 ad
2397 473 2763 557 ptenitcntiam
2807 473 2983 539 dedit;
3019 475 3139 530 dein
3190 477 3277 531 ubi
3303 478 3432 534 vidit
3457 494 3550 535 eos
3575 485 3724 552 quasi

2145 561 2395 616 insensati
2445 574 2645 629 essent,
2692 565 2761 618 ita
2803 581 2861 619 sc
2904 582 3130 636 gerere,
3177 569 3414 640 nihilque
3466 574 3724 641 prolicere

2147 653 2397 721 temporis
2427 653 2774 723 longitudine,
2798 655 2906 725 jam
2933 673 3050 710 cum
3099 661 3483 727 propemodum
3513 662 3565 717 in
3595 664 3724 720 fori-

2141 741 2240 797 bus
2285 743 2411 810 ipsis
2460 754 2601 799 esset
2644 744 2920 813 diluvium,
2968 749 3157 803 iterum
3205 739 3562 821 prmnuntiat,
3617 772 3724 810 non

2141 845 2266 889 ante
2293 844 2397 890 tres
2437 837 2570 903 dies,
2618 839 2753 892 sicut
2794 839 3054 904 Ninivitis,
3095 841 3187 896 sed
3233 853 3355 899 ante
3400 856 3625 915 septem.
3662 850 3721 902 Et

2142 923 2368 981 ﬁdenter
2410 927 2655 995 dixerim,
2704 932 3116 1000 magnitudinem
3158 935 3461 992 clementia:
3512 940 3722 996 Domini

2140 1029 2219 1067 no;
2242 1015 2305 1069 tri
2335 1017 2526 1080 sciens,
2558 1019 2601 1072 si
2631 1020 2714 1073 vel
2740 1020 2791 1074 in
2812 1032 3012 1089 septem
3035 1022 3220 1078 dit-bus
3248 1040 3426 1080 veram
3458 1032 3722 1098 pmniten-

2143 1103 2266 1156 tiam
2298 1120 2454 1174 agerc
2497 1108 2806 1172 voluissent,
2834 1110 3141 1180 effugissent
3170 1115 3347 1183 utique
3375 1115 3552 1171 diluvii
3584 1123 3723 1188 peri-

2139 1194 2337 1247 culum.
2370 1196 2550 1266 Itaque
2596 1200 2845 1267 quoniam
2877 1215 3048 1271 neque
3090 1203 3369 1271 productio
3414 1210 3542 1262 tanti
3590 1219 3694 1264 tcm

2140 1282 2303 1350 poris,
2333 1299 2504 1353 neque
2526 1288 2810 1341 coarctatio
2836 1303 2864 1342 a
2898 1290 3047 1345 mulis
3090 1305 3183 1346 eos
3228 1294 3490 1352 abducere
3530 1301 3719 1368 potuit,

2140 1375 2348 1430 induxit
2389 1377 2642 1432 diluvium
2671 1380 2722 1432 in
2752 1384 3139 1437 sexcentesimo
3183 1400 3324 1440 anno
3352 1387 3480 1443 Noe.
3513 1390 3567 1445 6.
3604 1390 3719 1446 Noe

2138 1478 2323 1531 autent,
2355 1467 2541 1537 inquit,
2584 1480 2927 1525 sexcentarum
2968 1490 3216 1530 annorum
3250 1488 3377 1542 erat,
3407 1489 3454 1533 et
3478 1480 3721 1536 diluvium

2138 1570 2284 1625 aqua
2310 1559 2499 1629 factum
2515 1567 2585 1613 est
2607 1575 2760 1629 super
2788 1569 2992 1617 terram.
3022 1563 3257 1632 Vidistis,
3286 1568 3484 1636 dilecti,
3509 1580 3722 1640 quanta:

2118 1645 2292 1700 nobis
2321 1647 2561 1703 utilitatis
2590 1651 2808 1706 materia
2840 1651 2976 1707 facta
3020 1654 3109 1720 sit,
3153 1670 3479 1725 cognoscere
3528 1677 3718 1717 nume-

2137 1751 2256 1791 rum
2300 1752 2559 1794 annorum
2600 1740 2752 1809 justi,
2780 1750 2831 1796 et
2870 1753 3001 1813 quot
3042 1759 3299 1801 annorum
3345 1757 3482 1816 erat,
3509 1754 3720 1822 quando

2137 1827 2390 1883 diluvium
2419 1832 2600 1885 venit?
2624 1833 2734 1902 Age
2761 1834 3160 1903 progrediamur
3187 1837 3253 1892 ad
3276 1853 3342 1893 ea
3385 1855 3505 1910 quas
3524 1857 3717 1899 conse-

2137 1929 2363 1990 quenter
2408 1922 2673 1977 dicuntur.
2703 1923 2834 1979 Nam
2866 1934 2923 1979 ut
2948 1928 3112 1995 cmpit
3138 1927 3410 1995 diluvium,
3442 1932 3633 2003 inquit,
3660 1936 3714 1989 7.

2136 2010 2405 2082 Ingressus
2441 2023 2513 2067 est
2543 2026 2712 2069 autem
2744 2014 2877 2083 Noe,
2912 2027 2958 2071 et
2984 2018 3082 2087 ﬁlii
3105 2020 3234 2091 ejus,
3259 2030 3305 2075 et
3329 2037 3457 2076 uxor
3490 2025 3646 2092 illius,
3670 2037 3716 2080 et

2136 2119 2315 2158 uxores
2340 2105 2560 2173 ﬁliorum
2600 2108 2736 2161 illius
2759 2110 2810 2162 in
2833 2125 3023 2178 arcam,
3052 2122 3257 2182 propter
3298 2131 3480 2182 aquam
3518 2117 3713 2172 dilurii.

2135 2193 2188 2248 8.
2214 2193 2280 2248 Et
2310 2211 2373 2249 ea:
2399 2196 2683 2251 volatilibus
2723 2200 2924 2253 mundis
2953 2208 2999 2254 et
3024 2217 3089 2255 ea:
3112 2203 3394 2257 volatilibus
3420 2207 3711 2275 immundis,

2133 2293 2181 2337 et
2207 2300 2271 2339 ea:
2307 2287 2570 2357 jnntentis,
2622 2298 2671 2341 et
2707 2305 2770 2343 ea:
2811 2290 3076 2358 reptilibus
3117 2292 3254 2347 bina.
3282 2294 3336 2350 9.
3360 2293 3444 2349 Ea:
3486 2299 3714 2353 omnibus

2133 2376 2442 2432 intraverunt
2470 2380 2539 2432 ad
2561 2379 2688 2446 Noe,
2714 2381 2767 2434 in
2795 2397 2986 2445 arcam,
3014 2384 3263 2438 masculus
3291 2362 3587 2458 et’foemina,
3617 2392 3713 2446 sic-

2132 2476 2187 2519 ut
2210 2478 2513 2539 prteceperat
2540 2469 2785 2524 Dominus
2812 2471 2944 2525 Noe.
2975 2472 3090 2527 Non
3116 2475 3317 2546 absque
3362 2491 3522 2533 causa
3559 2479 3713 2535 addi-

2132 2558 2227 2625 dit,
2252 2559 2397 2614 Sicut
2416 2572 2719 2631 prceceperat
2748 2561 2994 2617 Dominus
3023 2564 3135 2619 Noe
3156 2580 3175 2618 :
3202 2565 3294 2621 sed
3321 2575 3380 2621 ut
3406 2567 3595 2623 iterum
3616 2586 3710 2626 au-

2132 2658 2280 2719 geret
2302 2651 2510 2705 laudem
2533 2652 2839 2722 justi,quod
2866 2655 3041 2708 omnia
3071 2656 3385 2726 impleverit,
3405 2659 3540 2714 sicut
3570 2675 3706 2729 prte-

2133 2752 2345 2808 ceperat
2376 2741 2649 2808 Dominus,
2680 2752 2733 2797 et
2753 2743 2892 2813 quod
2923 2743 3051 2798 nihil
3080 2759 3148 2799 ex
3177 2746 3330 2801 dictis
3357 2750 3711 2817 prmtermise-

2132 2832 2222 2885 rit.
2250 2831 2335 2887 l0.
2368 2831 2434 2885 Et
2461 2835 2649 2903 factum
2674 2841 2746 2886 est
2773 2841 2882 2901 post
2918 2833 3023 2887 dies
3048 2844 3254 2904 septem,
3285 2837 3424 2891 sicut
3448 2838 3710 2906 promise-

2133 2930 2234 2987 rat,
2267 2922 2455 2992 inquit,
2490 2923 2772 2985 Dominus,
2811 2932 2857 2976 et
2877 2938 3009 2990 aqua
3050 2924 3225 2977 diluvii
3270 2928 3408 2996 facta
3442 2937 3516 2982 est
3560 2944 3711 2998 super

2134 3023 2339 3076 terram,
2370 3016 2457 3069 il.
2490 3014 2541 3068 in
2570 3015 2928 3068 sexcentesimo
2952 3030 3087 3069 anno
3132 3015 3185 3069 in
3224 3016 3324 3070 uita
3365 3016 3498 3084 Noe,
3545 3035 3713 3075 mense

2133 3106 2372 3173 secundo,
2414 3105 2646 3159 uicesimo
2674 3113 2719 3157 et
2743 3105 2954 3175 septimo
3001 3106 3203 3160 mensis.
3253 3105 3387 3162 Vide
3423 3107 3709 3179 Scriptura:

2135 3197 2504 3268 diligentiam,
2558 3196 2825 3266 quomodo
2872 3210 2979 3251 non
3025 3197 3197 3251 solum
3238 3211 3336 3252 nos
3384 3197 3565 3254 docuit
3607 3214 3711 3269 quo

2132 3301 2273 3340 anno
2317 3285 2512 3341 factum
2540 3287 2611 3340 sit
2645 3285 2923 3354 diluvium,
2952 3285 3045 3342 sed
3072 3296 3123 3342 et
3151 3301 3257 3357 quo
3300 3302 3485 3344 mense
3513 3297 3568 3344 et
3604 3290 3709 3345 die.

2137 3377 2334 3433 Deinde
2376 3387 2432 3432 ut
2473 3393 2539 3434 ex
2584 3377 2888 3434 narratione
2911 3377 3302 3434 emendatiores
3327 3378 3516 3435 reddat
3536 3390 3713 3450 poste-

2132 3486 2244 3533 ros,
2276 3478 2641 3540 terroremque
2669 3470 2746 3525 rei
2785 3479 2949 3539 gestae
2982 3476 3188 3540 augeat,
3218 3470 3343 3524 dicit
3372 3487 3386 3524 :
3412 3469 3479 3525 In
3507 3471 3591 3526 die
3622 3471 3713 3525 illo

2133 3562 2268 3630 rupti
2296 3569 2411 3615 sunt
2435 3574 2607 3614 omnes
2635 3563 2798 3630 fontes
2825 3559 3011 3629 abyssi,
3030 3567 3360 3614 etcataractte
3381 3560 3494 3614 ccli
3521 3570 3712 3629 aperta:

2131 3659 2281 3716 sunt,
2326 3651 2412 3704 12.
2459 3659 2506 3703 et
2553 3651 2691 3719 facta
2735 3658 2810 3702 est
2854 3649 3023 3713 pluvia
3075 3665 3228 3716 super
3267 3658 3450 3702 terram
3487 3651 3710 3719 quadra-

2110 3743 2272 3812 ginta
2300 3741 2471 3794 diebus
2495 3748 2541 3793 et
2565 3740 2898 3811 quadraginta
2926 3740 3169 3795 noctibus.
3217 3739 3351 3795 Vide
3387 3749 3579 3810 quanta
3627 3741 3712 3797 di-

2133 3831 2285 3887 cendi
2314 3830 2751 3900 attemperatione
2792 3844 2932 3884 nunc
2960 3829 3119 3884 etiam
3165 3830 3330 3885 utitur
3372 3836 3527 3901 sacra
3563 3832 3710 3886 Seri-

2134 3932 2286 3993 ptura
2311 3941 2325 3976 :
2349 3922 2525 3976 omnia
2572 3922 2712 3976 enim
2745 3921 3032 3977 secundum
3061 3921 3344 3976 humanam
3372 3912 3713 3979 conﬁtetudi-

2133 4030 2255 4070 nem
2294 4013 2541 4083 loquitur.
2586 4011 2701 4066 Non
2744 4012 2885 4081 quad
2919 4019 3198 4066 cataracta:
3217 4012 3325 4067 sint
3352 4013 3403 4067 in
3428 4014 3583 4078 caelo,
3617 4013 3711 4069 sed

2133 4105 2307 4161 omnia
2335 4118 2430 4175 per
2449 4103 2726 4158 familiaria
2747 4103 2901 4157 nobis
2929 4103 3088 4157 verba
3110 4103 3363 4172 loquitur,
3392 4104 3539 4173 quasi
3562 4104 3709 4160 dice-

2134 4204 2216 4252 ret
2248 4213 2263 4250 :
2296 4195 2557 4264 Praecepit
2597 4200 2797 4248 tantum
2839 4192 3112 4256 Dominus,
3156 4201 3209 4247 et
3233 4192 3414 4247 statim
3456 4208 3711 4262 aquarum

2135 4295 2321 4343 natura
2352 4285 2603 4340 mandato
2626 4282 2931 4339 Conditoris
2965 4281 3221 4351 obedivit,
3247 4289 3301 4338 et
3324 4290 3384 4338 ut
3417 4281 3674 4339 conﬂuxit
3694 4326 3711 4351 ,

2136 4389 2303 4435 totum
2327 4377 2511 4433 orbem
2537 4373 2826 4429 inundavit.
2844 4372 2962 4428 iam
2991 4372 3133 4443 quod
3150 4371 3497 4443 quadraginta
3524 4371 3714 4429 diebus

2141 4471 2196 4520 et
2207 4464 2560 4534 quadraginta
2575 4458 3112 4516 noctibusinductum
3129 4459 3709 4525 estdiluvium,etistud

2142 4548 2320 4620 ipsum
2340 4545 2603 4601 bonitatis
2621 4543 2916 4598 maximum
2935 4542 3208 4612 specimen
3222 4540 3712 4599 est.Volebatenim

2144 4645 2365 4710 propter
2383 4650 2633 4707 magnam
2649 4631 3304 4700 misericordiam,saltem
3329 4633 3541 4705 aliquos
3558 4648 3622 4688 ex
3635 4632 3716 4688 eis

2146 4727 2443 4797 castigatos
2475 4724 2786 4795 generalem
2828 4725 2967 4779 hanc
2992 4723 3418 4779 internecionem
3455 4722 3710 4792 effugere,

2144 4833 2268 4874 cum
2282 4826 2407 4872 ante
2422 4816 2614 4872 oculos
2635 4815 2882 4871 viderent
2894 4823 3289 4885 etcongeneres
3306 4829 3437 4871 suos
3454 4814 3713 4882 perire,et

2144 4909 2538 4979 immineresibi
2568 4923 2910 4965 communem
2926 4904 3543 4961 interiturn.Verisirnile
3567 4905 3709 4959 enim

2143 5012 2228 5060 est
2240 5003 2417 5074 primo
2434 5002 2523 5058 die
2540 5002 2734 5056 bonam
2752 4999 2987 5068 aliquam
3012 5005 3220 5067 partem
3235 4996 3440 5050 diluvio
3462 4995 3710 5065 periisse,

2144 5101 2197 5148 et
2218 5091 2463 5147 secundo
2482 5092 2570 5145 die
2588 5088 2897 5144 accrevisse
2920 5086 3124 5157 aliquid
3142 5086 3331 5141 diluvii
3350 5103 3368 5142 :
3387 5094 3443 5141 et
3462 5087 3715 5142 similiter

2144 5182 2234 5238 die
2260 5182 2446 5247 tertio,
2465 5189 2520 5236 et
2541 5176 2970 5248 reliquis.Atque
2996 5175 3116 5232 ideo
3137 5177 3191 5230 in
3215 5168 3575 5246 quadraginta
3596 5176 3715 5230 dies

2144 5282 2199 5327 et
2228 5272 2592 5343 quadraginta
2614 5276 2805 5324 noctes
2827 5265 3105 5337 produxit,
3125 5272 3186 5319 ut
3210 5281 3426 5321 omnem
3449 5264 3715 5321 defensio-

2146 5364 2233 5418 nis
2247 5364 2530 5418 obtentum
2556 5360 2835 5415 adimeret.
2859 5358 2992 5412 Nam
3022 5357 3069 5412 si
3088 5358 3351 5412 voluisset
3367 5367 3529 5427 atque
3555 5357 3718 5425 impe-

2146 5463 2340 5518 rasset,
2365 5453 2634 5523 potuisset
2659 5450 2842 5506 omnia
2866 5451 2921 5504 in
2959 5464 3067 5504 uno
3091 5458 3368 5504 momento
3405 5448 3668 5502 inundare
3699 5462 3714 5497 :

2148 5548 2242 5603 sed
2258 5558 2357 5616 pro
2375 5558 2472 5599 sua
2499 5543 2788 5598 clementia
2812 5549 2960 5596 tanta
2976 5540 3189 5596 dierum
3202 5539 3560 5595 diuturnitate
3585 5547 3717 5588 usus

2147 5646 2252 5696 est.
2285 5637 2489 5694 Deinde
2517 5636 2650 5692 dicit
2682 5653 2695 5689 :
2732 5635 2815 5690 13.
2846 5632 2909 5689 In
2943 5634 3029 5688 die
3052 5631 3151 5687 illa
3176 5630 3396 5685 intrauit
3413 5629 3525 5683 Noe
3547 5626 3604 5683 in
3629 5639 3719 5677 ar-
