4066 6140
327 228 447 283 9'23

334 374 464 420 cant,
497 365 541 409 et
569 354 772 420 Sent,et
797 351 976 418 Cltam,
1007 361 1049 405 ct
1070 350 1314 420 Japltetlt,
1350 360 1395 403 et
1417 365 1543 402 ua'or
1580 347 1708 412 Noe,
1741 356 1788 400 et
1823 357 1918 403 tres

337 463 518 500 uxores
559 445 781 514 ﬁliorum
824 442 1101 509 iilins,M.
1149 450 1194 494 et
1238 455 1409 494 omnes
1443 438 1610 492 bestia:
1651 437 1908 492 secundun

339 554 515 606 genus,
546 538 632 591 16.
667 536 796 589 sicut
825 544 1130 604 praeceperat
1161 531 1406 585 Dominus
1433 530 1572 584 Deus
1594 529 1726 583 Noe.
1746 529 1924 596 Quan-

336 631 446 696 do,
493 628 694 697 inquit,
745 625 909 694 erepit
956 625 1210 678 diluvium
1255 621 1546 677 secundum
1598 629 1919 691 praeceptum

339 720 565 786 Domini,
599 719 811 773 intravit
834 717 1012 772 Noein
1037 730 1212 771 arcam
1242 730 1361 768 eum
1393 713 1514 767 ﬁliis
1540 721 1594 767 et
1617 726 1781 768 uxore
1804 726 1918 776 sua,

335 821 388 866 et
415 811 665 865 uxoribus
695 808 920 862 ﬁliorum
959 821 1196 868 suorum,
1231 813 1285 859 et
1310 818 1495 858 omnes
1529 802 1710 857 bestiae
1735 815 1924 856 secun-

335 903 461 956 dum
487 916 677 972 genus.
708 897 782 953 Et
808 899 1008 963 clausit,
1036 897 1226 965 inquit,
1255 895 1506 948 Dominus
1551 892 1689 947 Deus
1734 890 1920 962 deforis

335 994 444 1061 ejus
467 1007 660 1044 arcam.

407 1082 460 1136 4.
493 1079 869 1134 Animadverte
915 1079 1074 1132 etiam
1105 1077 1191 1132 hic
1231 1077 1378 1131 verbi
1405 1075 1470 1130 ad
1503 1083 1739 1130 nostram
1770 1073 1921 1128 inﬁr-

340 1173 576 1226 mitatem
604 1169 1169 1225 accommodationem.
1201 1167 1403 1222 Clausit
1443 1167 1582 1220 Deus
1630 1165 1922 1218 forinsecus

341 1264 480 1317 illius
500 1277 700 1326 arcam,
734 1269 791 1316 ut
830 1259 1018 1314 doceat
1062 1274 1120 1313 se
1161 1260 1212 1312 in
1260 1272 1447 1327 magna
1492 1255 1774 1311 securitate
1826 1268 1922 1323 po-

340 1355 511 1409 suisse
554 1353 773 1423 justum.
807 1351 930 1406 Ideo
956 1352 1048 1415 ait,
1081 1349 1293 1416 Clausit,
1325 1357 1378 1404 et
1402 1347 1568 1416 addit,
1599 1346 1820 1416 Deforis,
1852 1345 1924 1399 ita

342 1455 399 1501 ut
424 1461 526 1500 non
557 1453 737 1516 posset
760 1445 940 1498 videre
963 1443 1139 1512 justus
1168 1440 1468 1512 generalem
1498 1438 1734 1493 omnium
1784 1437 1922 1491 inte-

343 1539 523 1603 ritum,
555 1536 696 1590 unde
732 1534 919 1604 majori
965 1533 1152 1587 dolore
1183 1533 1294 1600 ipse
1319 1528 1688 1584 conﬁceretur.
1715 1525 1849 1581 Nam
1878 1524 1924 1579 si

341 1645 520 1685 secum
547 1629 723 1681 animo
736 1635 1042 1695 reputasset
1061 1623 1446 1677 atrocissimam
1471 1621 1612 1674 illam
1637 1627 1923 1688 tempesta-

344 1728 468 1783 tem,
489 1717 962 1785 descripsissetque
1007 1715 1058 1766 in
1088 1720 1267 1767 mente
1306 1711 1519 1766 humani
1550 1710 1760 1780 generis
1800 1723 1923 1778 per-

341 1810 616 1874 ditionem,
646 1820 981 1861 communem
1005 1803 1278 1858 brutorum
1308 1801 1544 1856 omnium
1574 1801 1844 1855 interitum
1871 1812 1925 1855 et

342 1900 618 1954 hominum
660 1905 712 1950 et
751 1895 1134 1965 jumentorum,
1179 1903 1233 1948 et
1256 1893 1421 1962 ipsius
1448 1901 1624 1958 terrae,
1657 1899 1714 1944 ut
1744 1891 1814 1944 ita
1846 1890 1928 1945 di-

342 2005 482 2056 cam,
513 1987 879 2053 abolitionem,
912 1984 1164 2040 mmstitia
1206 1992 1502 2056 correptus,
1534 1991 1586 2037 et
1615 1981 1770 2036 valde
1814 1990 1926 2035 tur-

343 2081 496 2135 batus
537 2079 746 2134 fuisset.
794 2077 1122 2146 Quamquam
1169 2073 1309 2129 enim
1360 2081 1512 2128 erant
1554 2071 1808 2142 improbi,
1837 2070 1926 2140 qui

343 2172 606 2243 peribant,
643 2178 878 2224 attamen
927 2168 1188 2222 bonorum
1223 2166 1457 2221 virorum
1505 2163 1695 2218 anima:
1737 2177 1923 2233 magna

343 2261 809 2333 commiseratione
849 2258 986 2313 afﬁci
1014 2257 1207 2324 solent,
1237 2256 1280 2310 si
1304 2253 1516 2325 quando
1546 2253 1728 2308 vident
1753 2253 1927 2322 puniri

345 2355 618 2419 homines;
646 2362 698 2406 et
722 2351 960 2406 invenies
986 2364 1173 2404 omnes
1205 2349 1486 2417 prOphetas
1514 2355 1568 2401 et
1587 2345 1761 2415 justos
1807 2345 1924 2414 plu-

347 2446 539 2499 rimum
565 2459 660 2513 pro
687 2443 793 2496 illis
822 2442 932 2496 Deo
960 2440 1282 2509 supplicare,
1327 2438 1464 2492 sicut
1504 2435 1800 2507 patriarcha
1832 2450 1928 2506 pro

344 2533 635 2591 Sodomitis
679 2531 906 2586 faciebat
932 2529 1083 2604 (Gen.
1133 2529 1220 2584 18.
1266 2528 1379 2596 25),
1422 2526 1559 2581 sicut
1601 2526 1760 2581 etiam
1807 2541 1929 2596 pro-

345 2625 520 2695 phetae
543 2623 794 2678 continuo
821 2620 994 2675 facere
1021 2619 1277 2675 solebant.
1309 2617 1520 2672 Etenim
1548 2631 1686 2671 unus
1714 2615 1927 2686 quidem

346 2716 558 2772 dicebat
587 2733 600 2768 :
636 2713 753 2768 Heu
779 2713 921 2777 mihi,
949 2710 1182 2776 Domine,
1213 2709 1398 2763 delebis
1422 2718 1474 2762 tu
1498 2709 1733 2778 reliquias
1761 2706 1931 2762 Israel

348 2805 556 2878 (Ezech.
584 2803 635 2858 9.
661 2803 752 2874 8)?
781 2802 917 2856 alius
938 2809 1115 2855 autem
1163 2800 1236 2854 ait
1267 2817 1278 2852 :
1310 2798 1491 2852 Facies
1535 2799 1758 2853 homines
1799 2799 1929 2853 sicut

349 2898 507 2966 pisces
533 2895 708 2961 maris,
732 2909 833 2946 non
862 2892 1096 2945 habentes
1123 2890 1296 2944 ducem
1325 2888 1504 2961 (Abac.
1532 2890 1582 2944 1.
1613 2890 1703 2960 14)
1724 2888 1746 2942 ?
1769 2888 1930 2959 Igitur

347 2986 471 3055 quia
517 2984 746 3054 alioquin
787 2983 962 3052 justus
1002 2981 1423 3036 confundebatur
1443 2989 1640 3044 mente,
1669 2989 1721 3034 et
1750 2979 1940 3043 turba-l

347 3078 521 3142 batur,
555 3092 622 3132 ne
649 3093 712 3132 ex
739 3077 855 3130 visu
875 3083 930 3129 et.
948 3074 1253 3144 spectaculo
1281 3073 1467 3142 majori
1497 3074 1705 3127 tristitia
1753 3072 1931 3126 afﬁce-

348 3180 515 3234 retur,
564 3169 618 3224 in
660 3182 780 3222 arca
824 3167 970 3221 illum
1009 3166 1160 3236 quasi
1205 3166 1258 3219 in
1306 3179 1519 3219 carcere
1565 3164 1822 3227 includit,
1875 3176 1932 3217 ut

351 3275 418 3314 ne
441 3259 610 3313 oculis
634 3257 1044 3328 prOSpicientem
1089 3264 1262 3310 metus
1309 3255 1602 3309 invaderet.
1637 3253 1931 3310 Verisimile

359 3349 501 3405 enim
533 3355 635 3408 est,
663 3347 709 3400 si
739 3346 958 3401 vidisset
997 3345 1392 3400 inundationem
1435 3353 1510 3398 tot
1535 3359 1809 3414 aquarum,
1837 3359 1933 3399 an-

353 3441 496 3496 xium
526 3439 657 3502 fore,
687 3453 754 3493 ne
780 3447 833 3492 et
861 3438 973 3506 ipse
992 3437 1142 3506 aquis
1171 3436 1389 3506 periret.
1422 3436 1549 3506 Ejus
1574 3437 1732 3506 igitur
1751 3451 1931 3492 curam

351 3546 543 3601 gerens
572 3529 830 3599 benignus
862 3528 1026 3594 Deus,
1061 3543 1166 3581 nou
1194 3527 1434 3596 permisit
1461 3527 1632 3597 ipsum
1663 3527 1745 3582 vel
1772 3542 1934 3598 aqua-

353 3637 470 3675 rum
486 3629 726 3690 spectare
746 3619 1023 3684 smvitiem,
1044 3618 1128 3673 vel
1146 3617 1616 3673 viderehominum
1644 3617 1930 3684 excidium,

353 3721 407 3766 et
423 3725 754 3767 communem
776 3710 917 3765 orbis
935 3709 1370 3764 internecionem.
1392 3709 1502 3780 Ego
1523 3718 1697 3764 autem
1721 3708 1933 3779 quando

356 3811 541 3872 reputo
567 3817 774 3858 mecum
812 3801 938 3871 justi
967 3800 1124 3869 hujus
1154 3801 1311 3854 vitam
1344 3801 1394 3854 in
1423 3815 1545 3855 arca
1567 3841 1582 3865 ,
1615 3800 1934 3869 obstupesco

354 3904 408 3948 et
437 3895 620 3959 miror,
651 3895 947 3964 iterumque
973 3893 1067 3948 Dei
1110 3891 1409 3947 clementiae
1454 3901 1622 3946 totum
1662 3892 1929 3947 adscribo.

353 3986 484 4041 Nam
515 3986 614 4041 nisi
644 3987 731 4040 illa
757 3987 1125 4040 conﬁrmasset
1154 3985 1292 4038 illius
1336 3992 1589 4050 mentem,
1621 3993 1670 4039 et
1698 3985 1932 4039 difﬁcilia

355 4075 488 4130 levia
530 4073 765 4142 fecisset,
817 4072 1104 4143 quomodo,
1155 4072 1259 4136 dic,
1313 4085 1428 4138 oro,
1478 4071 1613 4126 ferre
1656 4074 1930 4142 potuisset,

356 4166 428 4220 ibi
457 4165 689 4220 inclusus
715 4164 863 4233 quasi
895 4163 945 4216 in
978 4161 1214 4216 custodia
1241 4159 1465 4230 quadam
1494 4169 1546 4215 et
1575 4161 1626 4214 in
1660 4171 1792 4216 tetro
1817 4178 1933 4218 car-

355 4257 519 4311 cere?
567 4253 862 4324 quomodo,
913 4266 1114 4322 quaeso,
1159 4251 1416 4320 potuisset
1458 4251 1711 4306 adversus
1759 4261 1934 4309 tantos

356 4344 608 4400 ﬂuctuum
659 4345 885 4413 impetus
925 4341 1216 4395 obsistere?
1262 4341 1512 4395 llomines
1559 4341 1698 4396 enim
1746 4343 1834 4412 qui
1880 4344 1930 4398 in

357 4436 475 4490 navi
506 4443 648 4501 sunt,
677 4445 730 4488 et
765 4433 885 4488 velo
934 4442 1169 4498 utuntur,
1219 4439 1273 4486 et
1300 4431 1702 4501 gubernatorem
1734 4432 1935 4487 adcla-

358 4540 483 4578 vum
532 4522 802 4577 sedentem
849 4522 1068 4587 vident,
1119 4529 1173 4575 et
1221 4535 1314 4576 sua
1352 4533 1466 4576 arte
1511 4530 1788 4577 ventorum
1818 4525 1832 4554 ¹
1864 4524 1912 4577 vi

355 4615 700 4670 obsistentem
727 4653 741 4676 ,
783 4613 1037 4682 siquando
1093 4611 1344 4665 ﬂuctuum
1392 4613 1569 4666 vident
1628 4613 1884 4667 insaniam
1915 4655 1928 4679 ,

356 4715 648 4762 caecantur
675 4714 840 4771 metu,
869 4712 923 4758 et
950 4703 1016 4758 de
1062 4704 1232 4757 salute
1280 4719 1372 4756 sua
1413 4706 1791 4772 propemodum
1837 4706 1933 4762 de-

355 4804 618 4865 Sperant:
661 4793 787 4864 quid
835 4793 992 4863 igitur
1039 4793 1231 4846 dixerit
1269 4793 1459 4862 aliquis
1485 4793 1557 4848 de
1594 4795 1740 4863 justo
1785 4795 1934 4851 hoc?

354 4888 484 4944 Nam
525 4887 675 4957 quasi
717 4887 768 4941 in
808 4899 1044 4948 carcere,
1078 4893 1136 4937 ut
1162 4882 1292 4948 dixi,
1334 4883 1546 4949 sedens,
1593 4885 1715 4940 hinc
1733 4894 1786 4941 et
1813 4887 1935 4943 inde

357 4978 850 5044 eireumferebatur,
867 4990 1052 5045 neque
1077 4975 1263 5030 caelum
1303 4975 1484 5031 videre
1505 5015 1520 5042 ,
1544 4991 1715 5046 neque
1758 4978 1935 5047 aliquo

355 5070 539 5124 oculos
586 5076 794 5124 vertere
823 5066 1028 5131 valens,
1059 5065 1154 5121 sed
1187 5065 1326 5120 intus
1365 5067 1661 5135 tenebatur,
1703 5067 1937 5138 nihilque

356 5174 576 5229 prorsus
593 5158 782 5213 videre
811 5165 1038 5226 poterat,
1069 5156 1209 5226 quod
1246 5159 1659 5215 consolationem
1701 5159 1932 5214 afferret.

361 5249 426 5302 Et
454 5248 486 5303 ii
513 5247 724 5317 quidem
754 5247 843 5316 qui
877 5247 930 5301 in
968 5247 1101 5301 mari
1143 5245 1427 5318 navigant,
1453 5250 1660 5304 etiamsi
1693 5251 1743 5305 in
1768 5250 1933 5304 altum

348 5346 642 5410 exsurgant
680 5338 868 5393 ﬂuetus
889 5378 905 5405 ,
943 5348 1164 5407 possunt
1198 5338 1422 5394 subinde
1453 5339 1502 5394 in
1533 5341 1723 5395 etelum
1765 5342 1937 5413 suspi-

355 5447 496 5496 cere,
523 5441 576 5486 et
605 5431 878 5485 cacumina
897 5432 1156 5486 montium
1175 5431 1376 5499 videre,
1392 5439 1445 5487 et
1459 5433 1699 5488 civitates
1719 5449 1936 5504 magnas

357 5532 596 5594 spectare
618 5561 633 5586 ,
681 5521 863 5591 sicque
901 5521 1220 5590 aliquantam
1258 5523 1672 5580 consolationem
1703 5539 1932 5596 capere;

421 5639 438 5667 ι
466 5643 609 5696 Unus,
633 5634 905 5695 undarum;
929 5633 1072 5689 alius,
1093 5632 1338 5694 ﬂuctuum.

1058 233 1114 288 S.
1155 230 1430 289 JOANNIS
1465 217 1942 286 CHRYSOSTOMI
1987 226 2297 284 ARCIHEP.
2341 228 2874 286 CONSTANTINOP.

3508 231 3614 289 εει

2029 346 2168 416 quod
2191 347 2232 400 si
2257 347 2467 417 gravior
2491 357 2542 401 et
2566 346 2945 401 intolerabilior
2970 344 3127 401 fuerit
3154 353 3459 417 tempestas,
3488 360 3614 420 post

2027 437 2209 493 decem
2236 438 2318 493 vel
2347 439 2502 508 paulo
2529 439 2707 508 plures
2728 438 2860 504 dies,
2885 448 2938 493 et
2963 447 3082 508 post
3106 440 3300 495 multas
3328 440 3444 496 illas
3474 451 3612 497 tem-

2029 537 2258 596 pestates
2294 537 2347 583 et
2383 529 2614 598 pericula
2642 570 2655 594 ,
2689 529 2743 583 in
2787 538 2984 583 terram
3023 529 3176 598 ejecti
3202 571 3217 598 ,
3254 538 3308 586 et
3338 531 3608 600 paululum

2027 619 2250 687 refecti,
2293 620 2531 674 omnium
2565 620 2771 674 illarum
2811 619 3169 675 molestiarum
3203 620 3606 677 obliviscuntur.

2028 709 2124 765 Hic
2149 719 2324 765 autem
2355 710 2488 765 nihil
2517 712 2640 773 tale,
2667 709 2759 765 sed
2787 725 2926 764 anno
2954 718 3064 765 toto
3092 726 3283 766 novum
3311 721 3365 767 et
3393 722 3611 783 stupen-

2028 802 2151 857 dum
2179 803 2326 856 illum
2356 817 2624 858 carcerem
2657 801 3008 869 inhabitabat,
3033 817 3204 872 neque
3228 818 3406 859 aerem
3433 806 3609 874 reSpi-

2027 909 2148 949 rare
2177 895 2381 949 valens.
2422 893 2700 960 Quomodo
2725 893 2866 947 enim
2897 893 3196 963 potuisset,
3226 908 3347 949 cum
3374 894 3611 964 undique

2027 1001 2146 1041 arca
2165 987 2342 1041 clausa
2363 986 2541 1041 esset?
2563 984 2857 1053 Quomodo,
2877 998 3078 1054 quaeso,
3095 985 3327 1040 restitit?
3341 986 3611 1056 quomodo

2027 1077 2277 1132 duravit?
2317 1076 2448 1131 Nam
2486 1077 2532 1132 si
2572 1075 2746 1131 ferrea
2787 1085 2840 1130 et
2872 1075 3208 1131 adamantina
3248 1075 3354 1131 illis
3384 1077 3614 1131 fuissent

2029 1184 2251 1238 corpora
2277 1211 2290 1236 ,
2320 1169 2587 1239 quomodo
2623 1168 2955 1238 potuissent,
2987 1168 3078 1237 qui
3109 1183 3283 1237 neque
3311 1182 3436 1222 aere
3465 1167 3608 1223 frue-

2028 1260 2218 1315 bantur
2243 1274 2413 1329 neque
2441 1268 2600 1313 vento
2623 1299 2638 1325 ,
2668 1258 2756 1328 qui
2785 1273 2895 1312 nrn
2925 1259 3098 1313 minus
3120 1273 3276 1328 quam
3305 1273 3398 1312 aer
3425 1259 3490 1312 ad
3523 1275 3608 1314 rc-

2028 1351 2307 1406 focillanda
2351 1366 2573 1421 corpora
2621 1361 2800 1406 nOStra
2840 1349 3010 1405 factus
3051 1359 3174 1416 est,
3221 1365 3395 1420 neque
3423 1351 3609 1405 oculos

2027 1457 2248 1512 pascere
2277 1451 2560 1510 poterant,
2591 1449 2682 1498 aut
2711 1441 2826 1496 caeli
2849 1481 2863 1508 ,
2895 1449 2988 1496 aut
3017 1449 3176 1496 terra:
3205 1440 3423 1496 ﬁoribus
3453 1441 3608 1511 picta:

2027 1533 2371 1604 spectaculo?
2396 1533 2672 1601 Quanti/do
2694 1549 2798 1588 non
2823 1535 3072 1588 excmcati
3103 1532 3243 1588 oculi
3265 1548 3446 1588 eorum
3472 1574 3488 1598 ,
3516 1533 3607 1603 qui

2031 1624 2229 1679 tamdiu
2252 1625 2319 1679 ibi
2343 1625 2602 1694 egerunt?
2627 1623 2696 1678 Et
2716 1623 2760 1678 si
2786 1622 3030 1678 humanis
3056 1621 3354 1677 rationibus
3381 1622 3494 1676 haec
3514 1621 3608 1677 de-

2029 1715 2362 1784 prehendere
2391 1716 2634 1769 volumus
2659 1755 2673 1780 ,
2704 1724 2757 1769 et
2784 1713 2909 1768 illud
2937 1712 3269 1783 cogitandum
3295 1753 3311 1777 ,
3341 1710 3482 1766 unde
3508 1710 3608 1765 ﬁu-

2029 1806 2179 1860 vialis
2206 1816 2259 1861 et
2287 1805 2532 1875 potabilis
2560 1819 2709 1874 aquae
2741 1803 2947 1873 copiam
2984 1802 3252 1857 habebant
3289 1803 3341 1855 in
3372 1817 3494 1856 arca
3533 1802 3610 1854 vi-

2028 1906 2231 1954 ventes.
2264 1899 2331 1952 Et
2360 1907 2414 1952 ut
2444 1897 2558 1952 [nec
2584 1903 2916 1966 prmteream,
2946 1893 3213 1965 quomodo
3242 1894 3410 1963 potuit
3433 1893 3610 1962 justus

2029 1991 2118 2046 ille
2141 2005 2261 2045 cum
2288 1990 2407 2044 ﬁliis
2427 1997 2482 2044 et
2504 1990 2755 2044 uxoribus
2778 1987 3235 2043 conversationem
3257 2000 3379 2041 cum
3407 1984 3531 2040 feris
3555 1995 3610 2040 et

2029 2081 2147 2135 aliis
2174 2080 2487 2135 animalibus
2519 2080 2698 2133 terre?
2727 2078 2994 2148 quomodo
3021 2077 3138 2132 tulit
3164 2077 3408 2132 ftetorem
3428 2075 3451 2127 ‘t
3472 2089 3609 2145 quo-

2029 2170 2188 2225 modo
2210 2169 2326 2223 tulit
2346 2168 2447 2224 coli
2469 2169 2789 2224 bitationem
2807 2167 2829 2220 ?
2850 2167 2916 2222 Et
2935 2182 3030 2223 cur
3047 2166 3146 2222 ista
3164 2165 3317 2221 dico?
3332 2166 3612 2233 Quomodo

2030 2260 2182 2314 bruta
2213 2260 2323 2328 ipsa
2358 2267 2642 2328 potuerunt
2671 2259 2894 2326 durare,
2928 2265 2982 2313 et
3020 2272 3123 2311 non
3164 2256 3338 2327 perire
3371 2256 3424 2310 in
3466 2264 3609 2310 tanta

2033 2349 2283 2419 temporis
2313 2347 2661 2418 longitudine,
2684 2362 2803 2418 quae
2825 2362 2996 2418 neque
3023 2361 3202 2402 aerem
3228 2345 3494 2401 attrahere
3518 2360 3613 2416 vas

2030 2440 2228 2504 lebant,
2259 2455 2431 2511 neque
2456 2440 2678 2505 moveri,
2709 2423 2803 2493 sed
2833 2439 2886 2493 in
2910 2453 3017 2493 uno
3045 2437 3162 2493 loco
3190 2437 3611 2492 coercebantur?

2031 2531 2192 2587 Scitis
2221 2531 2361 2586 enim
2384 2572 2400 2598 ,
2434 2539 2488 2586 et
2518 2529 2682 2600 probe
2711 2529 2859 2584 scitis
2888 2528 3048 2583 talem
3073 2542 3191 2584 esse
3217 2535 3453 2582 nostram
3481 2527 3612 2582 bru-

2031 2630 2311 2691 torumque
2337 2630 2598 2687 naturam,
2631 2629 2686 2675 ut
2712 2621 2918 2675 etiamsi
2947 2633 3072 2675 aere
3096 2617 3355 2686 fruamur,
3385 2618 3612 2688 aliisque

2030 2714 2276 2769 omnibus
2299 2755 2314 2781 ,
2337 2713 2589 2768 continuo
2621 2721 2797 2767 autem
2835 2711 2890 2767 in
2911 2725 3019 2767 uno
3051 2712 3169 2766 loco
3195 2710 3361 2765 simus
3384 2708 3609 2772 inclusi,

2030 2803 2163 2859 nihil
2195 2803 2471 2873 prohibeat
2506 2801 2788 2871 quominus
2816 2815 3112 2872 pereamus.
3149 2799 3300 2856 Unde
3329 2799 3486 2871 igitur
3512 2814 3611 2869 po-

2033 2894 2130 2949 tuit
2150 2892 2322 2963 justus
2341 2907 2463 2947 cum
2489 2891 2734 2947 omnibus
2763 2891 2852 2962 qui
2890 2891 2946 2946 in
2981 2904 3103 2946 arca
3132 2899 3285 2946 erant
3307 2929 3323 2956 ,
3347 2899 3492 2945 tanto
3516 2889 3615 2944 du-

2033 2999 2151 3039 rare
2177 2983 2457 3053 tempore?
2481 2982 2596 3037 Non
2625 2983 2838 3038 aliunde
2863 2997 3021 3052 quam
3047 2997 3113 3038 ex
3147 2997 3374 3052 superna
3405 2981 3569 3053 gratia
3594 3023 3612 3048 ,

2033 3074 2117 3129 cui
2149 3074 2325 3129 omnia
2354 3081 2479 3128 sunt
2507 3073 2800 3143 possibilia.
2831 3075 3020 3128 Annon
3054 3087 3230 3128 arcam
3259 3072 3383 3128 hinc
3409 3085 3461 3129 et
3489 3073 3615 3129 inde

2033 3167 2256 3232 moveri,
2280 3173 2333 3221 et
2357 3181 2460 3220 non
2488 3165 2754 3236 submergi
2776 3179 2805 3220 a
2828 3173 2971 3220 tanta
2991 3146 3243 3236 aquarum
3266 3165 3337 3232 vi,
3360 3181 3481 3220 cum
3499 3165 3618 3220 nul-

2034 3261 2116 3315 lus
2140 3268 2286 3316 esset
2325 3259 2669 3330 gubernator,
2701 3274 2946 3330 superna:
2985 3268 3097 3314 erat
3127 3259 3285 3328 Opis?
3321 3258 3437 3314 Non
3473 3259 3615 3314 enim

2033 3352 2211 3408 dicere
2251 3362 2401 3422 potes
2447 3352 2608 3407 fuisse
2641 3365 2818 3406 arcam
2850 3350 2916 3405 ad
2956 3351 3174 3406 modum
3204 3352 3354 3406 navis
3377 3392 3392 3418 ,
3423 3360 3480 3405 ut
3501 3358 3618 3405 arte

2033 3442 2260 3512 quadam
2300 3442 2440 3497 illius
2484 3441 2586 3496 iter
2613 3441 2766 3511 dirigi
2796 3441 3045 3511 potuerit.
3077 3442 3216 3496 Area
3243 3451 3360 3496 erat
3385 3440 3617 3510 undique

2035 3534 2234 3588 munita
2261 3542 2349 3588 :et
2375 3540 2589 3604 pr0pter
2618 3539 2938 3602 przeceptum
2955 3529 3278 3596 Conditoris,
3307 3545 3411 3584 non
3441 3530 3616 3584 solum

2035 3641 2151 3681 eam
2174 3625 2370 3680 lmdere
2395 3639 2500 3679 non
2527 3623 2697 3693 potuit
2721 3637 2976 3692 aquarum
3003 3623 3254 3692 impetus,
3281 3621 3375 3678 sed
3405 3630 3459 3676 et
3486 3620 3616 3674 sub-

2036 3719 2213 3773 limior
2283 3717 2387 3772 illis
2449 3714 2589 3772 facta
2635 3713 2990 3770 inhabitantes
3037 3712 3322 3768 admodum
3398 3724 3620 3768 securos

2035 3807 2285 3865 reddidit.

2106 3898 2356 3954 Creatoris
2386 3897 2606 3967 potentia
2624 3893 3451 3965 incomprehensibilis.—-Quando
3478 3893 3620 3948 Deus

2038 3999 2290 4060 operatur
2312 3989 2509 4059 aliquid
2534 4029 2549 4054 ,
2581 3986 2796 4054 dilecte,
2820 3986 2929 4041 noli
2957 3985 3189 4040 humana
3219 3985 3619 4040 ratiocinatione

2036 4081 2150 4149 ejus
2189 4093 2356 4149 opera
2403 4077 2681 4146 exquirere
2723 4094 2737 4131 :
2771 4075 3152 4130 transcendunt
3196 4075 3338 4131 enim
3382 4081 3616 4130 mentem

2037 4181 2307 4236 nostram,
2339 4179 2393 4225 et
2417 4183 2703 4238 numquam
2732 4175 2905 4238 potest
2931 4154 3157 4220 humana
3187 4166 3436 4236 cogitatio
3463 4165 3622 4218 attin-

2035 4278 2162 4334 gere
2202 4271 2257 4318 et
2282 4261 2739 4332 comprehendere
2775 4274 2958 4314 eorum
2984 4298 3000 4326 ,
3045 4273 3163 4328 quae
3200 4271 3229 4311 a
3261 4257 3369 4312 Deo
3407 4255 3618 4312 condita

2035 4362 2177 4421 sunt,
2206 4354 2485 4408 rationem.

2106 4448 2160 4502 εἰ.
2201 4445 2429 4500 Proinde
2455 4459 2548 4515 par
2566 4453 2670 4511 est,
2701 4457 2798 4499 nos
2823 4441 3099 4499 audientes
3125 4439 3263 4512 (juod
3291 4441 3428 4495 Deus
3454 4439 3621 4508 impe-

2041 4540 2269 4604 raverit,
2303 4537 2519 4593 obedire
2559 4545 2614 4592 et
2639 4536 2861 4590 credere
2893 4535 2956 4590 iis
2984 4549 3101 4604 quin
3143 4533 3210 4587 ab
3235 4533 3327 4588 illo
3354 4531 3620 4590 dicuntur.

2037 4630 2166 4684 Nam
2189 4644 2315 4684 cum
2344 4627 2597 4682 Conditor
2625 4626 2692 4679 sit
2734 4634 2934 4678 natura:
2960 4665 2973 4688 ,
3006 4623 3180 4677 omnia
3217 4630 3530 4676 transmutat
3569 4628 3620 4674 et

2039 4719 2378 4775 transformat
2405 4725 2562 4788 prout
2610 4715 2709 4771 sibi
2753 4714 2978 4768 videtur.
3038 4713 3104 4767 Et
3147 4714 3329 4766 clausit
3375 4713 3622 4767 Dominus

2039 4811 2177 4866 Deus
2221 4810 2408 4878 deforis
2458 4808 2595 4861 illius
2635 4822 2824 4860 arcam.
2858 4805 3042 4875 Magna
3089 4804 3244 4874 hujus
3282 4804 3411 4874 justi
3455 4805 3623 4858 virtus

2039 4902 2171 4968 fuit,
2199 4911 2252 4956 et
2278 4901 2398 4956 ﬁdei
2429 4900 2759 4955 excellentia.
2797 4897 2884 4952 Illa
2917 4899 3028 4966 ipsa
3054 4897 3195 4951 enim
3218 4935 3233 4960 ,
3263 4905 3320 4950 ut
3346 4911 3465 4950 arra
3489 4911 3620 4950 con-

2038 5002 2332 5048 strueretur
2350 5031 2365 5058 ,
2395 4990 2587 5056 effecit,
2613 4999 2670 5044 ut
2690 4989 2844 5044 talem
2871 4987 3247 5042 habitationem
3273 5002 3425 5056 atquo
3444 4988 3622 5040 animo

2040 5085 2239 5140 ferrent
2263 5082 2800 5150 coarctationemque,
2823 5089 2879 5134 et
2903 5078 3062 5132 vitam
3086 5077 3356 5132 cumferis
3380 5077 3622 5147 reliquis-

2039 5191 2141 5245 que
2166 5175 2334 5230 brutis
2360 5173 2677 5226 animalibus
2701 5171 3043 5224 sustinerent.
3074 5168 3207 5222 l-linc
3226 5177 3309 5223 est
3332 5167 3472 5236 quod
3499 5167 3623 5222 bea-

2042 5277 2125 5320 tus
2155 5264 2346 5319 Paulus
2375 5263 2491 5330 ejus
2528 5262 2796 5316 mentione
2821 5259 2952 5314 facta
2983 5258 3276 5326 praadicans
3303 5258 3450 5312 illum
3475 5299 3488 5321 ,
3510 5259 3621 5312 cla-

2041 5355 2218 5410 mabat
2243 5355 2426 5409 dicens
2455 5371 2468 5408 :
2503 5351 2634 5406 Fide
2658 5351 2863 5406 oraculo
2888 5350 3175 5404 admonitus
3203 5348 3314 5402 Noe
3346 5349 3408 5402 de
3430 5348 3490 5402 iis
3511 5365 3623 5416 qua:

2040 5446 2267 5502 nondum
2294 5443 2606 5510 videbantur,
2637 5452 2859 5496 metuens
2884 5441 3075 5510 aptavit
3108 5456 3276 5499 arcam
3300 5437 3376 5492 .ad
3407 5439 3623 5492 salutem

2041 5536 2220 5592 domus
2243 5551 2349 5590 sua:
2371 5553 2389 5601 ,'
2413 5551 2506 5606 per
2534 5549 2686 5604 quam
2735 5530 3082 5586 condemnavit
3117 5528 3356 5582 mundum
3379 5569 3393 5594 ,
3440 5540 3486 5582 et
3515 5531 3622 5598 cjns

2043 5645 2155 5701 qna:
2210 5627 2480 5683 secundum
2546 5624 2698 5694 [idem
2745 5631 2819 5679 est
2848 5620 3075 5690 justitim
3135 5623 3298 5692 [actus
3358 5633 3430 5677 est
3483 5628 3619 5676 lter-es
