4066 6140
349 323 457 380 2‘23

351 440 459 493 τοῦ
493 436 641 506 Νῶε,
669 439 767 493 καὶ
789 441 848 495 aI
878 440 1032 511 τρεῖς
1058 440 1338 512 γυναῖκες
1363 439 1483 496 τῶν
1504 438 1653 496 υἱῶν
1679 441 1887 508 αὐτοῦ,
1915 439 2015 494 καί

352 526 550 581 πάντα
590 524 663 581 τὰ
718 528 892 596 θηρία
928 529 1077 583 κατὰ
1134 529 1327 601 γένος,
1371 527 1637 598 καθάπερ
1680 528 2019 584 ἐνετείλατο

356 613 569 679 Κύριος
601 616 634 667 ό
664 614 809 679 Θεὸς
836 614 917 680 τῷ
952 614 1100 669 Νῶε.
1118 616 1271 679 Ὅτε,
1307 616 1494 686 φησὶν,
1543 613 1716 686 ἀρχὴν
1746 612 1907 667 ἔλαϐε
1950 612 2019 666 τὰ

353 698 448 752 τοῦ
477 700 864 770 κατακλυσμοῦ
917 701 1060 755 κατά
1097 702 1160 756 τὸ
1200 703 1529 774 πρόσταγμα
1585 699 1680 754 τοῦ
1721 699 2016 760 Δεσπότου,

356 784 571 856 εἰσῆλθε
604 786 727 840 Νῶε
763 789 843 851 είς
880 788 980 859 τὴν
1026 787 1259 843 κιϐωτὸν
1304 789 1441 860 μετά
1472 788 1581 842 τῶν
1614 785 1747 841 υἱῶν
1781 786 1877 840 καὶ
1917 783 2019 853 τῆς

356 872 615 936 γυναικὸς
671 874 860 938 αὐτου,
902 875 996 928 καὶ
1042 875 1151 930 τῶν
1195 875 1471 944 γυναικῶν
1506 875 1614 928 τῶν
1659 873 1790 928 υἱῶν
1830 870 2016 939 αὐτοῦ,

357 959 451 1012 καὶ
478 958 655 1012 πάντα
700 959 771 1013 τὰ
820 960 985 1031 θηρία
1012 961 1154 1015 κατὰ
1202 961 1378 1030 γένος.
1421 962 1531 1016 Καὶ
1562 961 1824 1025 ἔκλεισε,
1863 958 2016 1030 φησὶ,

353 1048 569 1117 Κύριος
600 1052 635 1104 ό
667 1049 810 1114 Θεὸς
834 1049 1056 1113 ἔξωθεν
1082 1051 1269 1106 αὑτοῦ
1300 1050 1416 1118 τὴν
1450 1051 1717 1105 κιϐωτόν.

424 1136 469 1189 δ’
474 1137 690 1193 ,Σκόπει
705 1138 797 1191 καὶ⁵
812 1137 1043 1192 ἐνταῦθα
1053 1139 1249 1205 λέξεως
1267 1139 1693 1209 συγκατάϐασιν.
1705 1140 2021 1193 Ἕκλεισεν

352 1227 388 1278 ό
418 1223 562 1290 Θεὸς
599 1224 821 1288 ἔξωθεν
849 1225 1037 1279 αὐτοῦ
1069 1226 1184 1295 τὴν
1219 1227 1488 1291 κιϐωτόν,
1523 1226 1610 1280 ἵνα
1644 1224 1831 1296 διδάξῃ
1869 1225 2017 1295 ἡμᾶς

350 1313 436 1366 ὅτι
484 1315 542 1366 ἐν
582 1313 851 1385 ἀσφαλείᾳ
894 1313 1062 1386 πολλῇ
1102 1314 1405 1385 κατέστησε
1449 1313 1539 1368 τὸν
1566 1313 1793 1367 δίκαιον.
1827 1310 1900 1365 T6
1936 1311 2015 1376 δὲ,

357 1401 654 1464 Ἔκλεισε,
683 1400 772 1455 διά
800 1400 956 1454 τοῦτο
996 1401 1324 1473 προσέθηκε,
1351 1401 1444 1455 καὶ
1461 1401 1742 1466 Ἔξωθεν,
1768 1399 1908 1453 ὥστε
1939 1398 2015 1470 μὴ

350 1485 554 1551 ἐξεῖναι
573 1486 650 1557 τῷ
677 1487 869 1557 δικαίῳ
896 1488 1027 1557 ὁρᾷν
1051 1487 1149 1559 τὴν
1179 1488 1554 1559 πανωλεθρίαν
1578 1487 1892 1558 γινομένην,
1921 1486 2016 1541 καὶ

351 1573 574 1627 πλείονα
621 1575 715 1627 καὶ
766 1573 928 1627 αὐτὸν
967 1574 1066 1645 τήν
1106 1575 1393 1647 συντριϐὴν
1442 1575 1753 1646 ὑπομένειν.
1790 1575 1853 1627 El
1904 1573 2014 1645 γάρ

351 1658 449 1712 καὶ
480 1658 931 1728 ἀναλογιζόμενος
963 1660 1020 1713 ἐν
1061 1660 1271 1730 διανοίᾳ
1300 1661 1359 1713 τὸ
1391 1659 1624 1731 χαλεπὸν
1662 1661 1839 1713 ἐκεῖνο
1883 1659 2016 1712 κλυ-

348 1744 560 1808 δώνιον,
612 1744 706 1798 καὶ
760 1744 1094 1816 ὑπογράφων
1144 1745 1222 1815 τῷ
1267 1746 1513 1817 λογισμῷ
1571 1745 1670 1816 τὴν
1741 1744 2015 1799 ἀπώλειαν

348 1829 444 1883 τοῦ
483 1829 592 1883 τῶν
619 1829 922 1900 ἀνθρώπων
968 1831 1179 1899 γένους,
1208 1832 1318 1884 τῶν
1364 1832 1575 1901 ἀλόγων
1620 1831 1874 1889 ἁπάντων
1916 1830 2015 1902 τὴν

351 1916 536 1986 κοινὴν
560 1916 837 1987 τελευτὴν,
878 1916 971 1969 καὶ
1012 1915 1335 1987 ἀνθρώπων,
1372 1919 1468 1970 καὶ
1496 1917 1734 1989 κτηνῶν,
1780 1917 1874 1970 καὶ
1915 1918 2013 1970 αὐ-

348 2003 451 2075 τῆς
471 2006 569 2074 τῆς
601 2004 724 2074 γῆς,
758 2004 834 2067 ὡς
875 2007 1067 2071 εἰπεῖν,
1102 2006 1193 2058 τὸν
1228 2005 1558 2077 ἀφανισμὸν,
1598 2008 1874 2076 συνεχεῖτο
1919 2005 2014 2059 καὶ

344 2089 749 2161 διεταράττετο.
782 2090 845 2143 Εἰ
867 2090 978 2160 γὰρ
1008 2091 1102 2144 καὶ
1137 2093 1361 2162 πονηροὶ
1385 2088 1528 2162 ἦσαν
1553 2094 1601 2146 οἱ
1629 2091 2010 2163 ἀπολλύμενοι,

348 2176 464 2229 ἀλλ’
484 2177 542 2228 αί
571 2174 680 2228 τῶν
708 2175 932 2229 δικαίων
970 2176 1140 2246 ψυχαὶ
1170 2177 1371 2249 πολλὴν
1396 2176 1621 2232 εἰώθασι
1660 2177 1757 2249 τὴν
1797 2176 2014 2247 συμπά-

347 2261 498 2315 θειαν
527 2261 950 2329 ἐπιδείκνυσθαι,
982 2263 1201 2317 ἐπειδὰν
1241 2263 1390 2318 ἴδωσι
1422 2265 1865 2336 τιμωρουμένους
1886 2264 2013 2327 τοὺς

345 2348 693 2418 ἀνθρώπους·
762 2349 857 2403 καὶ
910 2350 1161 2420 εὑρήσεις
1212 2349 1440 2404 ἕκαστον
1480 2351 1588 2404 τῶν
1634 2351 1857 2405 δικαίων
1917 2350 2012 2403 καὶ

346 2435 456 2489 τῶν
492 2435 785 2507 προφητῶν
817 2435 1018 2508 πολλὴν
1057 2437 1196 2507 ὑπὲρ
1229 2437 1408 2491 αὐτῶν
1437 2436 1535 2508 τὴν
1563 2437 1842 2508 ἱκετηρίαν
1869 2437 2010 2491 τιθε-

350 2519 565 2589 μένους,
591 2521 743 2593 [236]
765 2521 1011 2594 καθάπερ
1038 2525 1066 2576 6
1090 2524 1433 2595 πατριάρχης
1460 2523 1759 2592 πεποίηκεν
1786 2523 1877 2575 ἐπὶ
1902 2523 2009 2577 τῶν

345 2606 618 2676 Σοδόμων,
648 2607 897 2680 καθάπερ
924 2609 973 2661 οἱ
1002 2609 1277 2679 προφῆται
1306 2609 1508 2672 πάντες
1539 2607 1817 2671 ποιοῦντες
1842 2608 2011 2662 διετέ-

342 2690 528 2747 λεσαν.
556 2693 665 2746 Καὶ
690 2692 799 2765 γὰρ
829 2695 858 2747 6
889 2695 987 2765 μὲν
1010 2695 1227 2765 ἐλεγενο
1270 2695 1340 2749 Οἵ
1382 2712 1507 2764 μοι,
1545 2695 1739 2762 Κύριε,
1775 2693 2009 2757 ἐξαλεί-

342 2797 479 2849 φεις
509 2779 590 2834 σὺ
617 2780 685 2833 τό
714 2782 1083 2837 κατάλοιπον
1110 2782 1216 2837 τοῦ
1246 2782 1513 2851 Ἰσραήλ;
1552 2782 1736 2853 ἕτερος
1765 2782 1823 2836 δέ
1854 2800 2006 2854 φησι·

346 2865 628 2934 Ποιήσεις
664 2869 805 2934 τοὺς
849 2869 1199 2937 ἀνθρώπους
1239 2870 1319 2938 ὡς
1359 2868 1500 2934 τοὺς
1529 2870 1742 2938 ὶχθύας
1768 2868 1881 2937 τῆς
1909 2873 2010 2923 0a-

345 2953 589 3022 λάσσης
617 2955 728 3007 οὐκ
758 2955 1013 3023 ἔχοντας
1040 2956 1409 3025 ἡγούμενοις
1450 2955 1601 3009 Ἐπεὶ
1637 2952 1730 3009 οὖν
1761 2956 1854 3010 καὶ
1880 2956 2008 3010 ἄνευ

345 3038 537 3095 τούτου
565 3041 593 3093 6
621 3039 828 3102 δίκαιος
871 3032 1022 3103 οὗτος
1050 3040 1428 3111 διεταράττετο
1474 3040 1566 3094 τὸν
1600 3040 1881 3111 λογισμὸν,
1915 3041 2010 3095 καὶ

346 3127 624 3194 συνεχεῖτο
649 3124 747 3196 τὴν
771 3125 1032 3192 διάνοιαν,
1063 3126 1149 3178 ἵνα
1176 3126 1251 3198 μή
1280 3127 1375 3180 καὶ
1402 3128 1435 3198 ή
1458 3125 1582 3196 ὄψις
1613 3129 1760 3198 καὶή
1799 3126 1894 3181 θέα
1930 3129 2010 3191 είς

347 3209 570 3266 πλείονα
617 3210 780 3265 αὐτὸν
816 3211 1028 3282 ἐμϐάλῃ
1065 3211 1377 3282 συντριϐήν,
1409 3211 1661 3283 καθάπερ
1707 3213 1764 3265 ἐν
1798 3213 2010 3283 δεσμω-

346 3296 522 3367 τηρίῳ
562 3295 872 3351 κατακλείει
916 3297 1080 3351 αὐτὸν
1123 3298 1180 3351 ἐν
1208 3300 1274 3368 τῇ
1323 3296 1562 3368 κιϐωτῷ,
1592 3297 1733 3352 ῶστε
1778 3299 1852 3372 μὴ
1896 3300 2009 3364 τοῖς

345 3381 645 3451 ὀφθαλμοῖς
683 3383 816 3452 ὁρᾷν
858 3381 928 3435 τὰ
984 3382 1264 3452 γινόμενα,
1307 3384 1443 3453 μηδὲ
1477 3386 1558 3447 εἰς
1607 3384 1807 3438 δειλίαν
1840 3402 2009 3440 κατα-

298 3512 299 3515 η
345 3467 563 3538 στῆναι.
600 3467 761 3530 Εἰκὸς
813 3468 920 3538 γάρ
961 3464 1031 3539 ἦν
1071 3468 1233 3523 αὐτὸν
1274 3470 1486 3541 ὁρῶντα
1526 3469 1635 3524 τῶν
1675 3472 1882 3527 ὑδάτων
1908 3472 2008 3544 τὴν

346 3553 687 3625 πλημμύραν
731 3554 1035 3622 ἀγωνιᾶσαι
1069 3556 1145 3626 μὴ
1198 3555 1296 3609 καὶ
1339 3556 1501 3620 αὐτὸς
1539 3557 1868 3629 ὑποϐρύχιος
1911 3560 2007 3628 γέ-

345 3658 528 3713 νηται.
570 3640 883 3712 Κηδόμενος
930 3642 1108 3695 τοίνυν
1152 3641 1317 3695 αὐτοῦ
1369 3644 1400 3695 6
1441 3643 1818 3714 φιλάνθρωπος
1855 3645 2006 3709 Θεὸς,

346 3730 408 3782 οὐ
446 3731 720 3798 συγχωρεῖ
764 3727 885 3781 οὐδὲ
927 3727 1226 3782 θεάσασθαι
1271 3728 1380 3781 τῶν
1420 3729 1628 3782 ὑδάτων
1674 3731 1773 3800 τὴν
1813 3729 2007 3802 φορὰν,

347 3814 473 3870 οὐτε
509 3816 636 3869 ίδεῖν
669 3813 767 3886 τὴν
793 3815 1085 3885 γινομένην
1110 3815 1404 3882 ἀπώλειαν,
1437 3816 1533 3870 καὶ
1572 3816 1671 3885 τὴν
1698 3817 1797 3886 τῆς
1835 3820 2011 3871 οἰκου-

354 3903 521 3973 μένης
552 3900 945 3972 πανωλεθρίαν.
980 3900 1122 3969 Ἐγὼ
1157 3900 1213 3954 δὲ
1240 3901 1367 3954 ὅταν
1404 3901 1706 3972 λογίσωμαι
1731 3903 1829 3975 τὴν
1859 3904 1916 3956 ἐν
1941 3905 2008 3975 τῇ

351 3988 568 4059 κιϐωτῷ
592 3987 684 4041 τοῦ
722 3986 930 4041 δικαίου
961 3988 1150 4040 τούτου
1183 3987 1476 4060 διαγωγήν,
1517 3989 1887 4060 ἐκπλήττομαι
1917 3992 2012 4045 καὶ

351 4074 637 4147 θαυμάζω,
678 4076 770 4130 καὶ
802 4074 961 4130 πάλιν
994 4077 1059 4146 τῇ
1093 4074 1186 4127 τοῦ
1217 4075 1352 4128 Θεοῦ
1400 4075 1775 4147 φιλανθρωπίᾳ
1804 4077 1864 4129 τὸ
1904 4079 2010 4131 πᾶν

352 4162 657 4232 λογίζομαι.
689 4163 753 4214 Εἰ
797 4161 875 4232 μὴ
919 4160 1027 4232 γάρ
1054 4161 1234 4231 ἐκείνη
1264 4156 1332 4232 ῆν
1370 4163 1404 4234 ή
1431 4160 1699 4232 νευροῦσα
1727 4162 1888 4216 αὐτοῦ
1919 4164 2012 4218 τὸν

350 4248 627 4318 λογισμὸν,
661 4248 756 4301 καὶ
784 4246 853 4300 τὰ
891 4246 1125 4301 δύσκολα
1159 4246 1354 4302 εὔκολα
1385 4249 1746 4320 ἐργαζομένη,
1776 4249 1892 4312 πῶς
1923 4249 2010 4314 ἂν,

352 4335 473 4392 εἰπέ
503 4351 614 4405 μοι,
652 4336 896 4404 ἐνεγκεῖν
922 4334 1157 4406 ήδυνήθη
1189 4334 1439 4406 καθάπερ
1483 4336 1541 4389 ἐν
1566 4337 1753 4407 εἱρκτῇ
1780 4353 1885 4389 τινι
1919 4337 2011 4391 καὶ

352 4420 710 4492 δεσμωτηρίῳ
768 4419 992 4492 χαλεπῷ
1041 4419 1215 4484 οὑτως
1279 4421 1464 4475 αὐτόθι
1527 4422 2007 4492 ἐγκεκλεισμένος;

354 4506 471 4570 πῶς
497 4506 555 4561 δέ
599 4508 837 4577 ἴσχυσεν,
879 4506 1000 4559 είπέ
1030 4524 1141 4577 μοι,
1176 4508 1450 4578 ἀντισχεῖν
1479 4508 1615 4580 πρὸς
1640 4509 1730 4563 τὸν
1758 4508 2012 4562 τοσοῦτον

351 4593 595 4662 πάταγον
622 4593 731 4647 τῶν
768 4594 1060 4665 κυμάτων;
1097 4595 1160 4647 Εἰ
1201 4592 1311 4664 γὰρ
1355 4598 1413 4648 ἐν
1446 4596 1614 4667 πλοίῳ
1655 4596 2011 4666 τυγχάνοντες

350 4679 403 4732 οἱ
428 4678 727 4750 ἄνθρωποι,
768 4680 863 4733 καὶ
911 4679 1062 4749 ἱστίῳ
1090 4681 1440 4750 κεχρημένοι,
1472 4682 1567 4735 καὶ
1612 4680 1704 4737 τὸν
1739 4672 2010 4754 κυϐερνή-

349 4781 451 4834 την
473 4764 708 4834 ὁρῶντες
743 4766 837 4820 ἐπὶ
866 4765 974 4819 τῶν
1007 4766 1207 4819 οἰάκων
1238 4766 1571 4837 καθήμενον,
1602 4768 1698 4823 καὶ
1738 4770 1803 4840 τῇ
1837 4767 2014 4839 οἰκεία

351 4849 517 4919 τέχνῃ
554 4850 690 4917 πρὸς
730 4851 830 4921 τὴν
863 4851 972 4905 τῶν
1006 4853 1222 4922 ἀνέμων
1250 4863 1270 4884 ⁸
1306 4853 1486 4923 ῥύμην
1519 4852 1824 4923 ἱστάμενον,
1861 4856 2013 4908 ἐπει-

352 4933 450 4991 δὰν
484 4933 635 4987 ίδωσι
672 4936 928 5003 κυμάτων
959 4938 1314 5009 σφοδρότητα,
1342 4938 1741 5009 ἀποθνήσκουσι
1772 4940 1851 5011 τῷ
1879 4940 2011 5008 δέει,

354 5019 603 5090 καὶπερὶ
627 5020 818 5090 αὐτῆς,
853 5021 928 5083 ὡς
949 5023 1140 5088 εἰπεῖν,
1194 5025 1466 5094 σωτηρίας
1508 5025 1813 5080 δεδοίκασι·
1856 5027 1907 5079 τί
1947 5027 2015 5082 ἂν

352 5105 499 5161 εἴποι
547 5121 633 5169 τις
666 5107 797 5177 περὶ
856 5106 952 5159 τοῦ
997 5107 1206 5162 δικαίου
1254 5111 1479 5176 τούτους
1524 5111 1785 5184 Καθάπερ
1817 5114 1925 5184 γὰρ
1956 5116 2014 5169 ἐν

351 5192 823 5264 δεσμωτηρίῳ,ὡς
846 5192 1016 5264 ἔφθην
1051 5194 1239 5260 εἰπὼν,
1274 5198 1557 5267 τυγχάνων
1587 5202 1647 5252 ἐν
1671 5201 1739 5270 τῇ
1774 5199 2011 5271 κιϐωτῷ,

352 5275 457 5336 ὧδε
489 5280 714 5332 κάκεῖσε
748 5280 1127 5350 περιεφέρετο,
1171 5282 1232 5337 οὐ
1258 5282 1348 5336 τὸν
1369 5284 1596 5355 οὐρανὸν
1628 5286 1754 5340 ἰδεῖν
1776 5286 2014 5356 δυνάμε-

351 5378 462 5426 νος,
502 5362 599 5431 οὐχ
631 5358 859 5432 ἑτέρωθί
893 5378 994 5413 που
1032 5363 1157 5426 τοῦς
1196 5363 1507 5435 ὀφθαλμοὺς
1551 5367 1847 5433 ἀνατεῖναι,
1899 5369 2014 5423 ἀλλ’

350 5444 497 5498 ἔνδον
528 5444 884 5515 συνεχόμενος
913 5445 1008 5498 καὶ
1039 5445 1196 5500 οὐδὲν
1211 5447 1349 5510 ὅλως
1382 5447 1506 5501 ἰδεῖν
1527 5448 1665 5519 ἔχων
1699 5448 1727 5502 6
1762 5467 2043 5522 παραμυο,

353 5526 474 5581 θίαν
496 5525 645 5596 αὐτῷ
675 5542 798 5581 τινα
831 5525 1023 5596 φέρειν
1059 5527 1313 5596 ἠδύνατο.
1354 5529 1476 5582 Ἐπὶ
1511 5530 1608 5599 μὲν
1639 5530 1746 5600 γὰρ
1790 5531 1896 5584 τῶν
1918 5531 2015 5601 τὴν

354 5608 618 5662 θάλατταν
645 5609 936 5673 πλεόντων,
973 5606 1077 5660 κᾶν
1108 5610 1177 5663 τά
1217 5610 1438 5679 κύματα
1475 5612 1790 5683 κορυφωθῇ,
1839 5611 2015 5677 ἔξεστι

355 5690 450 5743 καὶ
475 5691 554 5753 είς
577 5689 667 5743 τὸν
691 5689 915 5761 οὐρανὸν
937 5689 1311 5745 ἀναϐλέποντα
1346 5692 1624 5759 πολλάκις,
1655 5695 1746 5747 καὶ
1771 5695 2013 5765 κορυφὴν

353 5771 513 5842 ὅρους
565 5770 918 5843 θεασάμενον,
980 5773 1075 5827 καὶ
1116 5774 1271 5828 πόλιν
1316 5775 1533 5845 μακρὰν
1573 5777 2015 5832 κατοπτεύσαντα

431 5885 455 5919 ⁸
474 5892 608 5944 Unus
634 5894 727 5942 τῶν
748 5893 944 5946 ὑδάτων.
974 5895 1109 5949 Mitis
1127 5899 1220 5945 τῶν
1244 5898 1481 5959 κυμάτων.

1548 325 1618 383 ΙΝ
1649 326 1801 386 CAP.
1834 324 1927 383 VII
1954 322 2193 382 GENES.
2238 324 2466 385 HOMIL.
2503 328 2667 387 XXV;

3671 346 3776 401 ΞΝ

2124 441 2328 512 μικράν
2368 460 2490 498 τινα
2526 443 2856 520 παραψυχὴν
2890 446 3106 503 λαϐεῖν’
3148 449 3287 505 είδέ
3318 450 3482 516 πολὺς
3521 451 3613 506 καὶ
3645 453 3781 521 ἀφό-

2121 549 2280 605 ρητος
2307 536 2336 587 6
2370 533 2577 606 χειμὼν
2606 537 2835 606 γένοιτο,
2865 540 2923 593 ἐν
2955 539 3087 593 δέκα
3127 540 3160 612 ἢ
3186 540 3350 612 ὀλίγῳ
3378 541 3617 595 πλείοσιν
3646 543 3782 613 ήμέι

2120 636 2262 687 ραις,
2302 621 2397 674 καὶ
2444 624 2580 691 μετά
2626 626 2752 689 τοὺς
2804 626 3030 690 πολλοὺς
3077 628 3350 699 χειμῶνας
3399 631 3638 692 ἐκείνους
3688 631 3782 683 καὶ

2116 707 2242 771 τοὺς
2293 707 2590 775 κινδύνους,
2644 714 2723 777 είς
2765 714 2864 784 τὴν
2912 715 3016 784 γῆν
3059 716 3393 788 ἐκριφέντες.
3442 719 3532 772 καὶ
3589 719 3780 788 μικρὸν

2118 792 2355 858 ἀνέντες,
2394 795 2611 850 πάντων
2641 799 2865 853 ἐκείνων
2910 800 3018 854 τῶν
3059 802 3316 874 λυπηρῶν
3349 803 3519 874 λήθην
3571 788 3781 874 λαμϐάο

2119 894 2320 933 νουσιν.
2359 881 2618 937 Ἐνταῦθα
2665 884 2723 938 δέ
2767 886 2917 940 οὐδὲν
2953 887 3181 955 τοιοῦτο,
3235 889 3347 943 ἀλλ’
3403 891 3496 943 ἐπὶ
3538 891 3782 945 ἐνιαυτὸν

2117 963 2409 1049 ὁλόκληρον
2444 969 2505 1021 τὸ
2544 971 2729 1023 καινὸν
2761 973 2855 1025 καὶ
2895 973 3043 1039 ξένον
3072 973 3203 1044 ᾤκει
3241 976 3631 1049 δεσμωτήριον,
3660 979 3781 1032 οὐδέ

2117 1048 2208 1136 τὸν
2236 1051 2373 1122 ἀέρα
2400 1054 2739 1110 ἀναπνεῦσαι
2781 1057 3099 1129 δυνάμενος.
3139 1061 3263 1125 Πῶς
3286 1064 3414 1134 γὰρ,
3446 1048 3782 1136 πανταχόθεν

2115 1135 2525 1210 ήσφαλισμένης
2572 1142 2670 1211 τῆς
2708 1144 2971 1211 κιϐωτοῦ;
3013 1147 3139 1210 Πῶς
3177 1150 3457 1219 ἀντέσχεν,
3488 1152 3607 1204 εἰπέ
3652 1135 3779 1222 μοις

2119 1222 2235 1286 πῶς
2261 1223 2581 1295 διήρκεσεν;
2610 1230 2672 1282 El
2710 1231 2820 1301 γὰρ
2857 1232 2964 1284 ἀπὸ
2990 1232 3208 1303 σιδήρου
3234 1236 3329 1288 καὶ
3354 1236 3656 1307 ἀδάμαντος
3684 1240 3783 1290 αὐ-

2116 1311 2229 1375 τοῖς
2261 1315 2598 1383 συνειστήκει
2630 1316 2700 1370 τὰ
2746 1317 2992 1388 σώματα,
3028 1320 3143 1383 πῶς
3179 1320 3246 1373 ἂν
3273 1321 3613 1394 ἠδυνήθησαν
3645 1327 3781 1394 μήτε

2117 1397 2279 1469 ἀέρος
2302 1398 2666 1465 ἀπολαύοντες
2695 1404 2829 1474 μήτε
2855 1406 3080 1475 ἀνέμου.
3107 1407 3156 1460 οἳ
3182 1406 3273 1459 τοῦ
3308 1407 3466 1478 ἀέρος
3493 1409 3592 1461 οὐκ
3630 1408 3783 1462 ἔλατ-

2115 1499 2207 1536 τον
2245 1486 2314 1539 τά
2346 1486 2574 1557 σώματα
2612 1488 2857 1560 ἡμέτερα
2887 1493 3292 1562 ἀνακτήσασθαι
3317 1494 3609 1562 πεφύκασι,
3646 1498 3780 1567 μήτε

2115 1570 2241 1632 τοὺς
2271 1570 2582 1643 ὀφθαλμοὺς
2610 1576 2858 1630 ἑστιᾶσαι
2901 1577 3111 1647 ἔχοντες
3139 1578 3274 1648 πρὸς
3302 1579 3398 1650 τὴν
3426 1580 3519 1632 τοῦ
3548 1582 3778 1652 οὐρανοῦ

2115 1652 2267 1718 θέαν,
2302 1656 2335 1726 ἢ
2380 1658 2516 1728 πρὸς
2545 1659 2641 1730 τὴν
2679 1660 2789 1714 τῶν
2814 1661 2993 1715 ἀνθῶν
3033 1662 3143 1717 τῶν
3177 1665 3288 1717 ἀπὸ
3325 1665 3423 1735 τῆς
3472 1664 3622 1737 [257]
3676 1667 3780 1737 γῆς

2117 1741 2421 1809 ποικιλίαν;
2474 1744 2599 1810 Πῶς
2621 1746 2678 1799 δέ
2704 1748 2824 1817 οὐχὶ
2853 1749 2947 1802 καὶ
2992 1749 3457 1821 άπετυφλιὶιθησαν
3491 1752 3590 1816 τάς
3626 1753 3780 1822 ὄψεις

2115 1829 2210 1881 ἐπὶ
2235 1829 2488 1884 τοσοῦτον
2533 1830 2675 1885 οὕτω
2717 1833 3029 1903 διάγοντες;
3071 1836 3183 1889 Καὶ
3214 1838 3263 1888 εἰ
3302 1837 3658 1908 ἀνθρωπίνοις
3687 1839 3778 1893 λοι

2113 1918 2332 1985 γισμοῖς
2362 1915 2534 1970 ταῦτα
2559 1917 2944 1992 βουληθείημεν
2975 1922 3308 1992 καταμαθεῖν
3351 1925 3399 1990 1³,
3436 1926 3657 1979 κάκεῖνο
3698 1927 3780 1981 δεῖ

2116 1997 2386 2067 ἐννοῆσαι,
2419 1997 2583 2053 πόθεν
2616 1998 2806 2064 ὓδατος
2848 2002 3080 2071 ποτίμου
3120 2003 3382 2073 χορηγίαν
3420 2005 3577 2076 ἔσχον
3618 2009 3677 2059 ἐν
3708 2011 3775 2078 τῇ

2114 2082 2330 2154 κιϐωτῷ
2369 2084 2663 2154 διάγοντες.
2709 2088 2817 2140 Καὶ
2846 2088 2931 2140 ἵνα
2966 2087 3135 2141 ταῦτα
3165 2091 3344 2160 παρῶ,
3377 2091 3497 2156 πῶς
3537 2093 3772 2165 ἠδυνήθη

2112 2169 2140 2221 6
2171 2168 2379 2235 δίκαιος
2403 2164 2556 2236 οὗτος
2599 2173 2735 2244 μετὰ
2770 2174 2877 2227 τῶν
2918 2175 3049 2229 υίῶν
3084 2178 3180 2230 καὶ
3210 2176 3320 2230 τῶν
3358 2178 3635 2246 γυναικῶν
3676 2164 3777 2251 τὴν

2116 2260 2256 2324 μετά
2285 2257 2392 2311 τῶν
2416 2258 2629 2327 ἀλόγων
2658 2260 2750 2313 καὶ
2778 2259 2887 2314 τῶν
2916 2260 3121 2332 θηρίων
3147 2263 3240 2317 καὶ
3269 2263 3379 2317 τῶν
3408 2264 3611 2320 λοιπῶν
3640 2284 3777 2338 πτη-

2112 2339 2890 2418 νῶνάνασχέσθαιδιαγωγήν;
2947 2347 3065 2412 πῶς
3112 2348 3314 2419 ήνεγκε
3354 2350 3449 2422 τὴν
3475 2352 3772 2413 δυσωδίαν;

2114 2425 2231 2489 πῶς
2259 2427 2516 2499 ἠνέσχετο
2544 2431 2643 2502 τὴν
2692 2434 2789 2486 σὺν
2827 2434 3009 2497 αὐτοῖς
3060 2434 3304 2506 οἴκησιν;
3356 2439 3466 2491 Καὶ
3509 2440 3561 2491 τί
3601 2440 3777 2494 ταῦτα

2111 2509 2286 2580 λέγω;
2318 2513 2442 2577 Πῶς
2478 2515 2618 2569 αὐτά
2651 2517 2717 2569 τὰ
2747 2517 2920 2587 ἄλογα
2958 2519 3193 2592 ἠδυνήθη
3253 2521 3542 2593 ἀντισχεῖν,
3574 2525 3666 2579 καὶ
3700 2525 3776 2596 μὴ

2108 2597 2471 2671 διαφθαρῆναι
2536 2603 2593 2655 ἐν
2645 2603 2882 2675 τοσούτῳ
2931 2607 3094 2677 μήκει
3142 2608 3370 2679 χρόνου’,
3428 2611 3567 2681 μήτε
3614 2610 3776 2682 ἀέρος

2114 2685 2315 2738 σπάσαι
2370 2686 2663 2756 δυνάμενα,
2711 2692 2846 2760 μήτε
2909 2693 3225 2762 κινούμενα,
3262 2694 3376 2749 ἀλλ’
3413 2697 3470 2749 ἐν
3504 2697 3585 2750 ἐνὶ
3625 2698 3776 2768 τόπῳ

2111 2772 2512 2843 καθειργμένα;
2542 2774 2683 2828 Ἴστε
2712 2777 2844 2845 γὰρ,
2874 2778 3007 2843 ἴστε,
3038 2781 3119 2834 ὅτι
3140 2782 3234 2835 καὶ
3259 2783 3351 2835 ἐπί
3376 2784 3473 2854 τῆς
3499 2785 3775 2856 ήμετέρας

2111 2857 2327 2926 φύσεως
2369 2860 2461 2912 καὶ
2507 2860 2600 2913 ἐπὶ
2628 2862 2728 2931 τῆς
2768 2863 2878 2915 τῶν
2906 2864 3137 2933 ἀλόγων,
3166 2866 3271 2921 κᾶν
3303 2868 3464 2939 ἀέρος
3491 2869 3776 2923 ἀπολαύω-

2115 2960 2235 3026 μεν,
2264 2943 2367 2997 κᾶν
2396 2944 2504 2998 τῶν
2546 2945 2720 3000 ἄλλων
2763 2949 3038 3014 ἀπάντων,
3092 2951 3355 3023 διηνεκῶς
3398 2954 3456 3007 δέ
3498 2954 3580 3007 ιένλ⁵
3626 2955 3775 3026 τόπῳ

2109 3024 2260 3099 ὦμεν
2286 3031 2787 3102 συγκεκλεισμένοι,
2829 3036 2982 3089 οὐδὲν
3015 3037 3074 3089 τὸ
3115 3037 3323 3092 κωλύον
3349 3039 3644 3095 ἀπολέσθαι
3681 3024 3774 3096 καὶ

2108 3110 2491 3185 διαφθαρῆναι.
2545 3115 2715 3169 Πόθεν
2747 3110 2839 3170 οὖν
2878 3119 3114 3190 ἠδυνήθη
3145 3120 3174 3171 6
3204 3120 3411 3184 δίκαιος
3438 3115 3593 3186 οὗτος
3634 3125 3773 3193 μετὰ

2112 3198 2330 3253 πάντων
2365 3199 2473 3253 τῶν
2511 3201 2570 3253 ἐν
2609 3203 2675 3272 τῇ
2705 3202 2924 3273 κιϐωτῷ
2947 3204 3200 3259 τοσοῦτον
3223 3205 3510 3277 διαρκέσαι
3550 3210 3773 3280 χρόνον;

2111 3284 2419 3355 Οὑδαμόθεν
2448 3286 2712 3357 ἑτέρωθεν
2733 3289 2766 3359 ἢ
2791 3290 2900 3343 ἀπὸ
2928 3290 3028 3360 τῆς
3049 3291 3253 3347 ἀνωθεν
3278 3296 3449 3364 ῥοπῆς
3477 3296 3576 3365 τῆς
3600 3295 3777 3350 πάντα

2109 3371 2431 3443 δυναμένης.
2463 3373 2605 3427 Αὐτὸ
2631 3374 2740 3446 γάρ
2759 3376 2822 3429 τὸ
2851 3377 2951 3447 τὴν
2977 3378 3208 3432 κιϐωτὸν
3236 3373 3338 3433 ὦδε
3365 3380 3588 3434 κάκεῖσε
3619 3399 3775 3453 περι-

2111 3459 2418 3530 φερομένην
2451 3460 2524 3530 μὴ
2564 3463 3060 3533 καταποντισθῆναι
3097 3464 3201 3517 ὑπὸ
3239 3466 3338 3536 τῆς
3370 3467 3637 3538 τοσαύτης
3667 3468 3775 3522 τῶν

2112 3545 2317 3599 ὑδάτων
2349 3547 2541 3616 φορᾶς,
2568 3548 2783 3611 οὐδενὸς
2819 3548 2971 3610 δντος
3020 3547 3114 3601 τοῦ
3152 3549 3541 3620 κυϐερνῶντος,
3574 3552 3636 3604 οὐ
3675 3553 3775 3622 τῆς
3852 3554 3868 3566 Ἀ

2110 3629 2315 3684 ἀνωθεν
2359 3632 2549 3698 γέγονε
2605 3633 2813 3702 ῥοπῆς;
2859 3633 2995 3685 Οὐδὲ
3027 3635 3133 3703 γάρ
3175 3633 3319 3703 ἔχεις
3367 3638 3559 3701 εἰπεῖν,
3594 3638 3678 3690 ὅτι
3716 3640 3774 3692 ἐν

2112 3716 2301 3769 πλοίου
2345 3718 2583 3787 σχήματι
2627 3713 2716 3789 ἦν,
2761 3719 2838 3780 ὡς
2877 3717 3135 3772 δύνασθαι
3189 3719 3352 3791 τέχνῃ
3384 3721 3491 3774 τινὶ
3543 3724 3781 3793 ἡνιοχεῖν,

2111 3804 2282 3870 αὐτῆς
2309 3803 2408 3875 τὴν
2439 3804 2683 3875 πορείαν.
2719 3805 2968 3869 Κιϐωτὸς
3006 3800 3073 3876 ἦν
3100 3805 3364 3861 πάντοθεν
3390 3811 3769 3881 πεφραγμένη·

2114 3891 2206 3946 καὶ
2248 3889 2335 3944 διὰ
2373 3889 2433 3943 τὸ
2463 3890 2794 3962 πρόσταγμα
2833 3890 2927 3945 τοῦ
2956 3891 3310 3964 δημιουργοῦ,
3352 3894 3414 3947 οὐ
3437 3897 3597 3965 μόνον
3621 3898 3774 3951 οὐδὲν

2111 3977 2279 4048 αὐτὴν
2308 3976 2612 4047 ἐλυμήνατο
2661 3979 2694 4049 ή
2738 3977 2845 4030 τῶν
2871 3978 3077 4032 ὑδάτων
3120 3977 3284 4048 φορὰ,
3320 3979 3454 4034 ἀλλά
3497 3982 3590 4036 καὶ
3638 3984 3774 4055 ὑψη-

2111 4063 2307 4135 λοτέρα
2334 4063 2599 4135 γενομένη
2628 4066 2683 4118 ἐν
2711 4064 2880 4136 πολλῇ
2913 4063 3185 4135 ἀσφαλείᾳ
3223 4063 3454 4137 καθίστη
3488 4068 3616 4133 τοὺς
3639 4069 3774 4124 ἐνοι-

2113 4166 2360 4215 κουντας.

2185 4234 2352 4289 Ὅταν
2394 4228 2487 4288 οὖν
2513 4236 2542 4288 6
2568 4234 2700 4299 Θεὸς
2739 4234 3040 4308 ἐργάσηταί
3063 4254 3140 4303 τι,
3165 4237 3436 4311 ἀγαπητὲ,
3475 4237 3550 4309 μὴ
3582 4238 3771 4309 βούλου

2111 4321 2392 4393 λογισμοῖς
2420 4322 2780 4394 ἀνθρωπίνοις
2819 4324 3092 4389 ἐξετάζειν
3138 4326 3207 4381 τά
3237 4329 3365 4397 παρ’
3408 4326 3574 4381 αὐτοῦ
3625 4328 3773 4394 γινό-

2115 4425 2285 4480 μενα·
2329 4408 2646 4479 ὑπερϐαίνει
2697 4410 2804 4481 γάρ
2832 4410 2929 4481 τὴν
2954 4412 3161 4465 ἔννοιαν
3202 4413 3300 4485 τὴν
3347 4414 3644 4485 ἡμετέραν,
3680 4414 3774 4467 καὶ

2112 4492 2211 4544 οὐκ
2236 4492 2299 4545 ἀν
2326 4507 2457 4543 ποτε
2491 4490 2745 4561 δυνηθείη
2786 4493 3100 4564 ἀνθρωπίνη
3128 4494 3334 4548 διάνοια
3362 4495 3645 4565 ἐφικέσθαι
3677 4495 3773 4548 καὶ

2114 4572 2439 4626 καταλαϐεῖν
2478 4571 2569 4625 τὸν
2592 4571 2749 4640 λόγον
2774 4573 2881 4627 τῶν
2911 4576 3001 4628 ὑπ’
3047 4577 3211 4630 αὐτοῦ
3240 4578 3771 4649 δημιουργηθέντων.

2181 4664 2242 4712 ε’.
2274 4659 2365 4711 Διὸ
2395 4659 2658 4728 προσήκει
2700 4658 2995 4723 ἀκούοντας
3029 4662 3174 4731 ήμᾶς
3222 4664 3304 4716 δτι
3348 4664 3377 4716 6
3408 4662 3540 4726 Θεὸς
3576 4662 3773 4732 προσέ-

2112 4739 2262 4805 ταξε,
2300 4739 2576 4793 πείθεσθαι
2603 4741 2696 4793 καὶ
2741 4741 2909 4795 εἴκειν
2941 4745 3053 4805 τοῖς
3083 4744 3211 4812 παρ’
3246 4741 3409 4796 αὑτοῦ
3443 4742 3769 4811 λεγομένοις.

2113 4823 2451 4893 Δημιουργὸς
2478 4821 2587 4893 γάρ
2623 4823 2698 4875 ὢν
2721 4824 2819 4894 τῆς
2848 4823 3059 4892 φύσεως
3109 4824 3251 4878 κατά
3296 4824 3357 4877 τὸ
3397 4822 3545 4893 αὐτῷ
3585 4824 3774 4876 δοκοῦν

2114 4902 2327 4957 ἅπαντα
2383 4904 2812 4976 μεταῤῥυθμίζει
2859 4908 2953 4958 καὶ
2984 4905 3364 4975 μεταπλάττει.
3415 4903 3518 4958 Καὶ
3564 4904 3774 4960 ἔκλεισε

2113 4985 2318 5055 Κύριος
2346 4987 2374 5039 6
2402 4985 2532 5050 Θεὸς
2561 4986 2760 5052 ἔξωθεν
2791 4986 2953 5039 αὐτοῦ
2979 4987 3078 5055 τὴν
3101 4985 3348 5039 κιϐωτόν.
3377 4985 3551 5057 Πολλὴ
3577 4987 3670 5041 τοῦ
3703 4989 3776 5041 δι-

2114 5066 2269 5120 καίου
2296 5065 2486 5121 τούτου
2534 5068 2568 5136 ὴ
2607 5067 2800 5137 ἀρετὴ,
2838 5066 2933 5120 καὶ
2980 5066 3080 5137 τῆς
3128 5066 3428 5138 πίστεωςή
3477 5068 3769 5142 ὑπερϐολή.

2112 5147 2260 5219 Αῢτη
2290 5148 2420 5219 γὰρ,
2469 5148 2608 5218 αῦτη
2647 5159 2668 5186 ο
2698 5149 2792 5200 καὶ⁵
2831 5148 3194 5217 τεκτήνασθαι
3222 5150 3320 5220 τὴν
3366 5151 3595 5209 κιϐωτὸν
3635 5169 3773 5222 παρ-

2114 5230 2399 5294 εσκεύασε,
2432 5230 2526 5283 καὶ
2546 5230 2644 5300 τὴν
2675 5229 2887 5299 οἴκησιν
2916 5230 3105 5301 πράως
3130 5232 3510 5303 ἐνεγκεῖνλκαὶ
3530 5234 3631 5302 τῆς
3654 5251 3775 5286 στε-

2113 5312 2379 5385 νοχωρίας
2420 5312 2747 5381 ἀνασχέσθαι
2789 5313 2883 5365 καὶ
2928 5314 3027 5383 τῆς
3057 5312 3193 5384 μετά
3219 5312 3327 5366 τῶν
3353 5313 3555 5387 θηρίων
3581 5315 3774 5381 διαγω-

2114 5394 2221 5465 γῆς
2240 5394 2343 5465 καὶ
2367 5394 2474 5465 τῶν
2504 5394 2711 5465 ἀλόγων
2733 5394 3013 5465 ἀπάντων-ν
3032 5395 3137 5455 Διά
3160 5394 3318 5448 τοῦτο
3343 5398 3435 5450 καὶ
3453 5398 3481 5449 6
3500 5397 3774 5465 μακάριος

2115 5463 2329 5526 Παῦλος
2356 5464 2437 5525 εἰς
2466 5463 2686 5534 μνήμην
2716 5464 2878 5517 αὐτοῦ
2902 5464 3091 5531 ἐλθὼν,
3131 5465 3225 5518 καὶ
3263 5463 3775 5535 ἀνακηρύττωναύ-

2113 5543 2226 5608 τὸν,
2264 5544 2393 5598 ἐϐόα
2435 5543 2634 5612 λέγων·
2683 5544 2869 5599 Πίστει
2910 5545 3302 5616 χρηματισθεὶς
3331 5544 3466 5601 Νῶε
3497 5544 3625 5613 περὶ
3667 5544 3774 5595 τῶν

2120 5624 2348 5695 μηδέπω
2377 5623 2741 5696 βλεπομένων,
2775 5626 3093 5696 εὐλαϐηθεὶς
3114 5625 3495 5683 κατεσκεύασε
3545 5624 3774 5677 κιϐωτὸν

2123 5707 2204 5771 εἰς
2232 5707 2504 5778 σωτηρίαν
2550 5707 2642 5762 τοῦ
2690 5708 2845 5771 οἴκου
2897 5708 3084 5775 αὐτοῦ,
3138 5708 3204 5762 δι’
3240 5703 3309 5776 ἦς
3352 5704 3642 5774 κατέκρινε
3683 5704 3774 5758 τὸν

2185 5837 2214 5904 If
2238 5835 2404 5904 S_avil_._
2423 5842 2475 5887 et
2497 5842 2715 5904 quinque
2736 5855 2850 5904 ωδε.
2875 5841 3206 5904 βουληθείημεν
3225 5836 3525 5904 τιςπιταλιειϐςίνἶ

2192 5902 2213 5930 °
2246 5898 2326 5947 Sic
2364 5896 2531 5949 Morel:
2564 5911 2613 5950 cl
2636 5896 2782 5951 Ravil.
2817 5896 3056 5949 ln'Monlf.
3080 5896 3196 5953 αὕτη
3217 5899 3324 5958 γὰρ,
3346 5896 3482 5953 αὐτή.
3512 5896 3639 5945 Eutr.
