4066 6140
292 327 399 381 2‘25

295 441 521 509 κόσμον,
551 436 645 490 καὶ
673 435 770 504 τῆς
796 431 938 487 κατά
978 432 1159 486 πίστιν
1189 429 1530 499 δικαιοσύνης
1570 426 1786 495 ἐγένετο
1819 426 1947 497 κλη-

297 526 542 596 ρονόμος.
586 518 733 583 Εἶδες
774 519 889 582 πῶς
936 519 969 588 ή
1005 518 1185 581 πίστις
1226 519 1259 588 ὴ
1299 519 1377 580 εἰς
1416 516 1507 568 τὸν
1540 514 1671 567 Θεὸν
1704 513 1947 584 καθάπερ

295 613 512 681 ἄγκυρά
548 626 631 671 τις
661 604 909 675 ἀσφαλὴς
948 604 1355 676 παρεσκεύασεν
1389 602 1570 665 αὐτὸν,
1604 601 1697 655 καὶ
1739 601 1839 670 τῆς
1865 616 1941 653 κι-

294 697 468 753 ϐωτοῦ
516 696 615 766 τὴν
655 691 996 764 κατασκευὴν
1036 691 1383 763 ποιήσασθαι,
1418 691 1511 743 καὶ
1553 689 1653 758 τῆς
1692 689 1949 759 οἰκήσεως

294 783 653 856 ἀνασχέσθαι;
693 780 841 853 Αὕτη
862 782 972 852 γὰρ
995 780 1141 851 αύτῷ
1166 780 1261 833 καὶ
1280 780 1376 850 τῆς
1402 777 1675 848 σωτηρίας
1702 776 1948 838 ὑπόθεσις

294 874 508 944 γέγονε,
543 889 561 921 ι
600 871 676 922 Δι’
698 863 786 939 ἦς,
833 867 988 937 φησὶ,
1026 865 1316 937 κατέκρινε
1348 864 1437 917 τὸν
1484 863 1709 933 κόσμον,
1735 861 1949 931 καὶτῆς

294 960 435 1016 κατὰ
507 958 690 1012 πίστιν
733 953 1077 1024 δικαιοσύνης
1130 953 1342 1021 ἐγένετο
1391 949 1750 1021 κληρονόμος’
1788 966 1807 999 ι
1854 948 1948 1001 οὐκ

294 1047 481 1120 ἐπειδὴ
527 1046 689 1108 αὐτὸς
741 1041 913 1115 [2'58]
956 1042 1188 1114 ἔκρινεν,
1229 1038 1344 1093 ἀλλ’
1376 1035 1565 1106 ἐπειδὴ
1613 1037 1643 1089 ό
1679 1034 1949 1120 Δεσπότης

295 1119 632 1205 συγκρίσεως
682 1129 782 1201 τὴν
829 1127 1157 1199 κατάκρισιν
1202 1125 1429 1194 ἐπάγει’
1489 1122 1595 1175 τῶν
1625 1121 1734 1191 γὰρ
1776 1119 1949 1172 αὐτῶν

293 1221 700 1281 ἀπολαύσαντες
731 1216 808 1287 τῷ
838 1216 1051 1286 δικαίῳ,
1079 1214 1140 1268 οὺ
1170 1212 1268 1281 τὴν
1297 1209 1465 1281 αὐτὴν
1498 1208 1646 1279 αὐτῷ
1692 1205 1951 1279 μετῆλθον

294 1309 394 1379 τῆς
427 1307 628 1378 ἀρετῆς
660 1305 779 1359 ὁδόν
803 1321 816 1335 ο
849 1302 938 1357 διὰ
963 1302 1061 1374 τῆς
1085 1300 1319 1361 πίστεως
1353 1298 1447 1369 μὲν
1471 1308 1494 1331 ι
1526 1292 1639 1359 οὖν,
1662 1297 1727 1365 ἣν
1750 1293 1955 1346 ἐπεδεί-

297 1399 446 1466 ξατο,
497 1396 816 1466 κατέκρινεν
857 1392 1095 1453 ἐκείνους
1141 1390 1266 1451 τοὺς
1316 1385 1513 1456 πολλὴν
1558 1384 1658 1456 τὴν
1702 1381 1955 1436 ἀπιστίαν

211 1526 215 1531 ι
298 1483 763 1554 ἐπιδειξαμένους,
823 1478 919 1534 καὶ
959 1477 1034 1549 μὴ
1076 1474 1471 1535 πιστεύσαντας
1516 1474 1582 1542 τῇ
1631 1470 1951 1541 προρρήσει.

308 1570 452 1641 Ἐγὼ
488 1570 545 1623 δέ
599 1569 737 1639 μετὰ
781 1566 995 1621 πάντων
1037 1564 1132 1617 καὶ
1184 1562 1276 1616 τοῦ
1331 1559 1538 1614 δικαίου
1585 1556 1955 1641 ἐκπλήττομαι

296 1640 395 1729 τὴν
433 1657 653 1728 ἀρετὴν,
689 1657 784 1710 καὶ
813 1653 905 1707 τοῦ
937 1651 1206 1705 Δεσπότου
1246 1647 1343 1718 τὴν
1381 1645 1689 1714 ἀγαθότητα
1726 1643 1821 1695 καὶ
1856 1640 1955 1729 τὴν

296 1726 500 1815 ἄφατον
518 1726 708 1812 φιλανθ
717 1741 944 1812 ρωπίαν,
957 1740 1082 1791 ὃταν
1106 1738 1341 1805 ἐννοήσω
1362 1733 1477 1795 πῶς
1497 1729 1733 1801 ἠδυνήθη
1754 1726 1953 1799 μεταξὺ

295 1814 405 1886 τῶν
437 1831 637 1903 θηρίων
686 1829 914 1896 διάγειν,
951 1825 1061 1878 τῶν
1092 1823 1320 1877 λεόντων
1348 1820 1511 1889 λέγω,
1545 1817 1641 1872 καὶ
1672 1814 1782 1871 τῶν
1815 1831 1956 1903 παρ-

296 1900 523 1983 δάλεων,
548 1918 640 1972 καὶ
685 1915 795 1969 τῶν
825 1913 1064 1988 ἄρκτων,
1110 1910 1208 1965 καὶ
1245 1907 1355 1962 τῶν
1383 1905 1586 1960 λοιπῶν
1610 1905 1718 1958 τῶν
1749 1900 1954 1974 ἀγρίων

299 2010 394 2064 καὶ
427 2005 750 2061 ἀτιθάσσων.

385 2089 784 2164 Ἀναμνήσθητί
828 2103 919 2160 μοι
957 2083 1213 2149 ἐνταῦθα,
1241 2079 1510 2152 ἀγαπητὲ›
1552 2077 1654 2148 τῆς
1687 2074 1844 2142 ἀξίας
1887 2069 1955 2146 ἧς

298 2184 577 2254 ἀπήλαυεν
603 2183 631 2234 6
670 2176 1093 2249 πρωτόπλαστος
1124 2172 1231 2243 πρὸ
1260 2172 1357 2239 τῆς
1396 2167 1701 2254 παρακοῆς,
1744 2167 1839 2220 καὶ
1870 2165 1951 2254 λο-

299 2252 452 2338 γίζου
496 2266 591 2320 τοῦ
630 2263 765 2318 Θεοῦ
800 2264 900 2333 τὴν
944 2260 1271 2329 ἀγαθότητα.
1309 2255 1526 2324 Ἐπειδὴ
1555 2253 1663 2338 γάρ
1706 2253 1739 2323 ἡ
1779 2252 1955 2338 παρά-

300 2333 459 2417 ϐασις
480 2353 688 2406 ἐκείνου
707 2347 1090 2420 ήκρωτηρίασε
1107 2344 1204 2415 τὴν
1220 2342 1509 2412 δεδομένην
1529 2336 1795 2403 ἐξουσίαν,
1832 2333 1956 2408 εὗρε

299 2441 359 2497 δέ
390 2443 421 2493 6
449 2438 653 2507 ἀγαθὸς
676 2435 953 2504 Δεσπότης
978 2433 1162 2501 ἕτερον
1184 2429 1352 2498 ἄνδρα
1379 2427 1674 2496 δυνάμενον
1702 2423 1959 2478 ἀνακαλέ-

303 2523 497 2580 σασθαι
508 2522 604 2594 τὴν
618 2519 849 2592 ἀρχαίαν
864 2517 1163 2580 είκόνα,καὶ
1172 2510 1500 2576 διασώζοντα
1513 2511 1614 2581 τῆς
1625 2510 1824 2582 ἀρετῆς
1832 2511 1957 2573 τοὺς

302 2610 673 2683 χαρακτῆρας,
704 2607 798 2661 καὶ
822 2602 1020 2676 πολλὴν
1062 2603 1189 2672 περὶ
1218 2600 1316 2663 τὰς
1337 2597 1553 2661 ἐντολὰς
1588 2598 1685 2666 τὴν
1714 2595 1958 2667 ὑπακοὴν

303 2696 759 2766 ἐπιδεικνύμενον,
777 2692 935 2746 πάλιν
953 2692 1032 2754 είς
1045 2689 1143 2759 τὴν
1159 2685 1388 2759 ἀρχαίαν
1400 2685 1561 2756 τιμὴν
1577 2684 1735 2738 αὑτὸν
1746 2684 1956 2750 ἀνάγει,

306 2783 586 2857 μονονουχὶ
616 2782 879 2835 διδάσκων
898 2779 1047 2849 ημᾶς
1067 2776 1135 2830 δι’
1161 2772 1341 2857 αὐτῶν
1372 2772 1480 2825 τῶν
1501 2771 1838 2843 πραγμάτων
1860 2769 1960 2857 τῆς

301 2854 549 2936 ἐξουσίας
562 2868 656 2922 τοῦ
672 2866 841 2937 ’Δδάμ
854 2865 914 2918 τὸ
939 2861 1186 2935 μέγεθος,
1202 2860 1269 2931 ἢν
1289 2854 1404 2929 εἶχε
1421 2859 1527 2930 πρὸ
1539 2858 1640 2927 τῆς
1656 2856 1973 2928 παρακοῆς.⁸

313 2957 379 3010 Ἦ
391 2956 558 3028 ἀρετὴ
570 2955 747 3009 τοίνυν
755 2951 848 3006 τοῦ
865 2950 1074 3006 δικαίου
1090 2946 1453 3017 ἐπιλαϐομένη
1474 2944 1575 3015 τῆς
1593 2943 1685 2997 τοῦ
1702 2942 1837 2996 Θεοῦ
1849 2941 1963 3012 φιλ-

302 3042 631 3115 ανθρωπίας,
665 3037 1028 3094 ἀνεκαλέσατο
1044 3035 1143 3106 τὴν
1183 3032 1449 3105 προτέραν
1469 3031 1663 3101 ἀρχὴν,
1687 3029 1780 3082 καὶ
1801 3028 1960 3115 πάλιν

302 3130 373 3184 τά
397 3114 560 3200 θηρία
585 3126 684 3198 τὴν
725 3123 1003 3193 ὑποταγὴν
1033 3121 1415 3189 ἐπεγίνωσκον.
1452 3116 1620 3169 Ἔνθα
1647 3114 1756 3186 γὰρ
1781 3114 1846 3168 ἀν
1876 3114 1958 3185 ῖδῃ

304 3216 468 3289 θηρία
485 3215 709 3279 δίκαιον,
725 3208 1133 3264 ἐπιλανθάνεται
1154 3207 1254 3276 τῆς
1275 3203 1481 3289 οἰκείας
1505 3203 1738 3289 φύσεως,
1765 3200 1962 3289 μᾶλλον

301 3285 449 3357 δέ-ὀύ
476 3299 576 3369 τῆς
615 3296 850 3365 φύσεως,
877 3293 1010 3346 ἀλλὰ
1044 3292 1143 3362 τῆς
1168 3288 1479 3360 θηριωδίας,
1522 3288 1614 3340 καὶ
1649 3285 1877 3357 μένοντα
1903 3288 1961 3340 ἐν

303 3390 373 3457 τῇ
397 3365 557 3455 φύσει
580 3383 679 3451 τὴν
709 3378 1000 3451 θηριωδίαν
1040 3378 1119 3439 εἰς
1148 3375 1246 3446 τὴν
1276 3375 1586 3445 ἡμερότητα
1617 3365 1978 3443 μεταϐάλλει,ἷ

304 3473 415 3526 Καὶ⁵
443 3471 546 3540 δρα
574 3466 732 3521 τοῦτο
757 3464 846 3518 ἐπὶ
874 3462 967 3516 τοῦ
995 3460 1190 3533 Δανιὴλ
1225 3460 1523 3531 γινόμενον.
1555 3458 1689 3511 Ὑπὸ
1717 3457 1824 3531 γὰρ
1853 3457 1963 3514 τῶν

194 3546 205 3557 ’
304 3539 530 3611 λεόντων
561 3551 943 3622 κυκλούμενος,
974 3549 1162 3618 ὥσπερ
1201 3547 1303 3601 ὑπὸ
1330 3545 1613 3619 προϐάτων
1639 3539 1976 3617 δορυιιιιορούε-¹

309 3661 486 3715 μενος,
511 3640 682 3703 οὕτως
708 3637 876 3701 ἀδεῶς
901 3636 1083 3706 διῆγεν
1101 3651 1117 3666 ·
1146 3637 1179 3705 ή
1207 3633 1313 3705 γὰρ
1334 3632 1429 3685 τοῦ
1450 3631 1657 3686 δικαίου
1683 3631 1962 3703 παρρησία

304 3729 549 3801 ἐχαλίνου
597 3726 704 3780 τῶν
743 3724 946 3795 θηρίων
982 3722 1080 3792 τὴν
1115 3719 1304 3790 φύσιν,
1346 3718 1442 3774 καὶ
1482 3719 1584 3773 οὐκ
1627 3719 1714 3772 εἴα
1751 3718 1820 3772 τά
1853 3719 1962 3774 τῶν

306 3816 510 3887 θηρίων
559 3813 752 3875 αὐτοὺς
808 3807 1231 3863 ἐπιδείκνυσθαι.
1284 3807 1387 3860 Τὸν
1429 3806 1591 3860 αὐτὸν
1651 3804 1716 3877 δὴ
1763 3805 1961 3876 τρόπον

301 3903 335 3957 6
365 3901 663 3974 θαυμάσιος
687 3890 843 3961 οὗτος
867 3895 965 3966 τὴν
1001 3895 1138 3966 μετά
1174 3894 1280 3948 τῶν
1311 3893 1514 3964 θηρίων
1540 3891 1812 3963 διαγωγὴν
1844 3896 1962 3964 μετ’

303 3989 552 4053 εθκολίας
575 3988 758 4058 ἔφερε,
793 3985 886 4039 καὶ
917 3982 1040 4036 οὔτε
1064 3983 1099 4052 ή
1134 3980 1481 4050 στενοχωρία,
1509 3978 1632 4032 οὔτε
1653 3980 1687 4049 ή
1717 3979 1810 4033 τοῦ
1834 3980 1962 4051 χρό-

302 4092 405 4131 νου,
427 4075 752 4146 παράτασις,
783 4070 906 4125 οὔτε
945 4069 1007 4121 τὸ
1045 4066 1216 4129 οὕτως
1251 4064 1656 4133 ἐγκεκλεῖσθαι,
1691 4066 1784 4119 καὶ
1825 4069 1962 4138 μήτε

302 4161 394 4217 τὸν
421 4163 561 4230 ἀέρα
578 4160 835 4214 ἀναπνεῖν
864 4153 1143 4225 ναρκῆσαι
1182 4151 1343 4205 αὐτὸν
1372 4150 1800 4220 παρεσκεύασεν.
1829 4152 1963 4208 ἀλλά

302 4246 370 4316 τῇ
404 4242 585 4295 πίστει
607 4242 673 4311 τῇ
699 4241 777 4301 είς
798 4237 892 4290 τὸν
917 4236 1049 4288 Θεὸν
1078 4234 1292 4287 ἅπαντα
1317 4232 1491 4303 κοῦφα
1520 4234 1668 4304 αὑτῷ
1694 4234 1960 4304 ἐφαίνετο,

303 4332 400 4387 καὶ
446 4328 586 4382 οὕτω
617 4326 801 4396 διῆγεν
845 4324 905 4376 ἐν
940 4321 1019 4392 τῷ
1066 4320 1285 4391 χαλεπῷ
1333 4320 1524 4392 ἐκείνῳ
1571 4321 1961 4394 δεσμωτηρίῳ,

303 4417 504 4473 ὡσανεὶ
529 4416 692 4485 ἡμεῖς
725 4413 784 4465 ἐν
809 4409 1037 4481 λειμῶσι
1076 4409 1170 4463 καὶ
1196 4408 1490 4479 δενδρικοῖς
1512 4409 1713 4473 τόποις.
1750 4410 1825 4463 Τὸ
1856 4412 1964 4482 γὰρ

304 4504 583 4572 ἐπίταγμα
612 4498 706 4552 τοῦ
740 4497 1008 4550 Δεσπότου
1038 4494 1108 4549 τά
1143 4494 1376 4567 δυσχερῆ
1410 4497 1567 4567 ῥᾴδια
1597 4495 1744 4567 αὐτῷ
1776 4497 1963 4567 φαίνε-

305 4585 431 4639 σθαι
461 4579 861 4654 παρεσκεύασε.
886 4577 1137 4632 Τοιοῦτον
1169 4577 1277 4649 γὰρ
1312 4577 1420 4631 τῶν
1453 4577 1675 4632 δικαίων
1710 4578 1773 4632 τὸ
1809 4578 1960 4643 ἔθος·

303 4674 432 4726 ὅταν
462 4687 515 4723 τι
539 4669 607 4722 δι’
633 4667 794 4723 αὐτὸν
817 4666 1196 4735 ὑπομένουσιν,
1229 4665 1289 4716 ού
1310 4667 1376 4734 τῇ
1395 4663 1513 4733 ὄψει
1535 4664 1642 4719 τῶν
1666 4666 1965 4737 γινομένων

305 4757 684 4829 προσέχουσιν,
717 4751 854 4807 ἀλλά
887 4751 985 4823 τὴν
1013 4750 1268 4804 ὑπόθεσιν
1297 4749 1631 4821 λογιζόμενοι
1657 4755 1774 4816 μετ’
1806 4754 1963 4807 εὐκο-

303 4842 425 4906 λίας
453 4842 665 4896 ἅπαντα
690 4839 966 4910 φέρουσιν.
1015 4837 1168 4889 Ἐπεὶ
1194 4836 1288 4888 καὶ
1324 4834 1553 4899 Παῦλος,
1590 4838 1620 4890 6
1659 4837 1767 4891 τῶν
1794 4839 1965 4893 ἐθνῶν

301 4928 636 4992 διδάσκαλος,
666 4925 735 4979 τὰ
780 4923 1148 4994 δεσμωτήρια,
1179 4920 1280 4985 τάς
1311 4921 1632 4990 ἀπαγωγὰς,
1664 4924 1790 4988 τοὺς
1817 4926 1967 4978 καθ..

302 5014 595 5085 ημερινοὺς
622 5009 920 5073 κινδύνους,
950 5009 1050 5072 τάς
1077 5007 1276 5071 πολλὰς
1308 5008 1521 5072 ἐκείνας
1543 5010 1637 5062 καὶ
1660 5011 1965 5081 ἀφορήτους

302 5098 512 5168 θλίψεις
547 5098 788 5167 ἐλαφρὰς
820 5094 1021 5159 ἐκάλει,
1049 5096 1149 5148 οὐκ
1190 5095 1377 5166 ἐπειδὴ
1418 5097 1483 5167 τῇ
1515 5094 1675 5164 φύσει
1720 5098 1965 5154 τοιαῦται

300 5180 462 5256 ἦσαν,
496 5183 608 5237 ἀλλ’
641 5181 826 5254 ἐπειδὴ
864 5184 898 5253 ή
935 5181 1188 5245 ὑπόθεσις
1221 5180 1329 5234 τῶν
1366 5168 1662 5253 γινομένων
1697 5183 1964 5255 τοσαύτην

300 5270 451 5341 αὐτῷ
480 5270 579 5340 τὴν
612 5267 834 5341 γνώμην
866 5266 1264 5333 κατεσκεύαζεν
1288 5269 1444 5333 κῶς
1473 5270 1608 5342 μηδὲ
1643 5271 1963 5343 ἐπιστρέφε-

303 5359 425 5413 σθαι
451 5356 587 5429 πρὸς
612 5355 682 5409 τά
706 5356 927 5412 ἐπιόντα
947 5356 1114 5410 δεινά.
1135 5356 1335 5408 ¹Ἄκουε
1361 5354 1465 5427 γὰρ
1491 5356 1653 5410 αὑτοῦ
1682 5357 1926 5424 λέγοντος
1943 5375 1959 5390 ι

306 5446 376 5501 T6
402 5443 512 5516 γὰρ
544 5442 879 5513 παραυτίκα
909 5442 1172 5512 ἐλαφρὸν
1197 5440 1306 5510 τῆς
1340 5443 1599 5512 θλίψεως
1634 5444 1803 5514 ἡμῶν
1833 5448 1962 5501 καθ’

299 5530 644 5600 ὑπερϐολὴν
673 5528 913 5585 αἰώνιον
928 5529 1117 5598 βάρος
1143 5529 1329 5596 δόξης
1357 5529 1502 5597 ἡμῖν
1535 5530 1961 5601 κατεργάζὲται.

310 5620 371 5673 Ἥ
399 5617 714 5690 προσδοκία,
739 5618 892 5686 φησι,
919 5617 1018 5686 τῆς
1042 5614 1340 5686 μελλούσης
1358 5616 1758 5688 καταλήψεσθαι
1783 5618 1961 5690 δόξης,

299 5703 449 5777 [259]
484 5704 581 5759 καὶ
610 5706 710 5775 τῆς
740 5701 1019 5774 διηνεκοῦς
1050 5701 1265 5773 ἐκείνης
1302 5701 1535 5770 ἀνέσεως
1566 5703 1782 5773 κούφως
1815 5706 1964 5776 ἡμᾶς

360 5842 386 5869 ⁸
411 5840 628 5891 Αστθειὶι
653 5838 735 5891 οὖν
758 5854 788 5891 e
810 5839 1009 5891 Savilio.
1040 5839 1175 5891 Eon.
1283 5864 1292 5872 -

361 5900 395 5943 ι
419 5901 587 5951 Morel.
614 5901 972 5966 παρεσκεύαζεν.

1069 318 1126 373 S.
1161 315 1447 373 JOANNIS
1482 309 1968 369 CHRYSOSTOMI
2004 312 2324 371 ARCIIIEP.
2365 311 2907 370 CONSTANTINOP.

1994 439 2007 445 "
2061 431 2202 480 ποιεῖ
2222 428 2406 497 φέρειν
2424 427 2522 492 τὰς
2541 428 2872 499 ἐπαλλήλους
2895 428 3094 492 ταύτας
3123 427 3347 499 θλίψεις,
3365 429 3458 482 καὶ
3479 430 3724 499 ἐλαφρὰς

3609 315 3721 372 226

2059 511 2227 574 αὑτὰς
2256 510 2522 581 ἡγεῖσθαι.
2543 506 2695 575 Εἶδες
2714 512 2861 574 ὅπως
2882 512 3235 582 ὑποτέμνεται
3262 512 3292 563 ό
3316 511 3452 581 πρὸς
3473 510 3564 564 τὸν
3584 511 3725 564 Θεὸν

2060 593 2221 656 πόθος
2252 594 2349 663 τὴν
2382 594 2487 646 τῶν
2513 593 2700 646 δεινῶν
2731 595 3001 661 ἐπίτασιν,
3024 595 3117 648 καὶ
3154 593 3276 646 οὐδὲ
3296 593 3548 663 αῖσθησιν
3583 610 3723 661 συγο

2062 677 2226 747 χωρεί
2254 674 2437 727 λαϐεῖν
2473 674 2581 727 τῶν
2612 674 2873 728 ἐπιόντων
2897 692 2911 740 ;
2947 675 3045 729 Διά
3080 676 3160 728 τοι
3182 674 3340 741 τοῦτο
3365 675 3457 728 καὶ
3486 677 3515 727 ὁ
3542 676 3725 744 μακά-

2062 773 2175 829 ριος
2212 748 2368 820 οὗτος
2407 757 2583 810 πάντα
2625 757 2815 828 πράως
2844 757 3042 828 ἔφερε,
3086 759 3151 827 τῇ
3186 756 3364 809 πίστει
3412 759 3477 827 τῇ
3516 757 3596 820 είς
3629 756 3728 809 τὸν

2064 837 2189 891 Θεὸν
2215 838 2307 892 καὶ
2326 841 2392 910 τῇ
2428 837 2603 891 ἐλπίδι
2626 839 2974 909 τρεφόμενος.
2993 838 3099 893 Καὶ
3128 838 3387 902 ἔκλεισε,
3416 839 3568 910 φησὶ,
3605 840 3729 892 K6-

2066 938 2185 991 ριος
2205 923 2238 973 ό
2267 921 2410 987 Θεὸς
2437 920 2658 985 ἔξωθεν
2687 921 2870 975 αὑτοῦ
2898 920 3011 989 τὴν
3047 922 3312 975 κιϐωτόν.
3351 921 3458 975 Καὶ
3484 921 3731 991 ἐγένετο

2068 1006 2094 1058 ὁ
2124 1003 2548 1074 κατακλυσμὸς
2576 1003 3027 1072 τεσσαράκοντα
3053 1002 3276 1072 ἡμέρας
3303 1002 3401 1056 καὶ
3427 1003 3729 1071 τεσσαρά-

2068 1105 2244 1143 κοντα
2269 1090 2491 1156 νύκτας
2512 1090 2609 1143 ἐπὶ
2636 1089 2745 1158 τῆς
2768 1089 2899 1159 γῆς,
2926 1088 3023 1143 καί
3055 1089 3371 1158 ἐπεφέρετο
3392 1089 3430 1155 ἡ
3454 1089 3725 1154 κιϐωτός.

2064 1172 2257 1225 Σκόπει
2286 1172 2444 1225 πάλιν
2466 1173 2583 1235 πῶς
2616 1174 2680 1243 τῇ
2712 1173 2960 1242 διηγήσει
2987 1170 3140 1237 αὔξει
3167 1172 3260 1226 τὸν
3301 1172 3484 1241 φόϐον,
3513 1173 3608 1224 καὶ
3638 1170 3728 1236 ἐξ-

2059 1256 2210 1322 ογκοῖ
2253 1254 2315 1307 τὸ
2361 1254 2742 1324 γεγενημένον.
2796 1255 3053 1323 Ἐγένετο
3085 1253 3212 1323 γὰρ,
3254 1254 3436 1323 φησὶν,
3471 1257 3505 1307 ὀ
3541 1268 3727 1306 κατα-

2060 1334 2334 1404 κλυσμὸς
2370 1333 2821 1404 τεσσαράκοντα
2866 1334 3089 1403 ἡμέρας
3127 1334 3225 1388 καί
3270 1333 3727 1402 τεσσαράκοντα

2059 1418 2303 1484 νύκτας,
2339 1416 2438 1469 καὶ
2463 1416 2811 1483 ἐπληθύνθη
2837 1415 2906 1468 τὸ
2934 1416 3113 1483 ὕδωρ,
3146 1414 3243 1469 καὶ
3273 1414 3460 1484 ἐπῆρε
3496 1414 3612 1483 τὴν
3636 1432 3723 1468 κι-

2036 1499 2268 1565 ϐωτὸν,
2312 1499 2412 1553 καὶ
2450 1498 2659 1567 ὑψώθη
2691 1498 2812 1553 ἀπὸ
2838 1497 2949 1567 τῆς
2974 1497 3110 1569 γῆς.
3158 1498 3269 1554 Καὶ
3309 1490 3633 1566 ἐπεκράτει⁸
3655 1498 3725 1551 τὸ

2060 1579 2236 1649 ὕδωρ,
2268 1578 2366 1633 καί
2385 1579 2752 1645 ἐπληθύνετο
2788 1578 3023 1648 σφόδρα
3052 1578 3152 1632 ἐπὶ
3187 1578 3297 1649 τῆς
3324 1577 3456 1648 γῆς,
3483 1578 3579 1633 καὶ
3618 1579 3728 1631 ἐπ·-

2060 1660 2298 1732 εφέρετο
2336 1663 2374 1730 ή
2406 1660 2647 1726 κιϐωτὸς
2689 1660 2889 1714 ἐπάνω
2919 1661 3024 1715 τοῦ
3064 1660 3282 1727 ὕδατος
3303 1677 3319 1693 σ
3366 1661 3434 1715 τὸ
3474 1659 3543 1715 δὲ
3566 1659 3727 1728 ὕδωρ

2059 1743 2366 1812 ἐπεκράτει
2393 1742 2629 1813 σφόδρα
2654 1740 2928 1811 σφοδρῶς
2954 1742 3051 1796 ἐπὶ
3075 1741 3186 1811 τῆς
3205 1741 3336 1814 γῆς.

2132 1830 2207 1890 ς’.
2241 1825 2384 1895 Ὅρα
2415 1824 2532 1888 πῶς
2555 1824 2794 1895 ἀκριϐῶς
2820 1825 2951 1894 ἡμῖν
2979 1824 3244 1895 διηγεῖται
3268 1824 3367 1894 τὴν
3388 1822 3586 1894 πολλὴν
3614 1824 3729 1879 τῶν

2062 1904 2272 1961 ὑδάτων
2299 1906 2490 1977 φορὰν,
2507 1906 2601 1959 καὶ
2626 1905 2708 1959 ὅτι
2738 1907 2823 1973 ἐφ’
2847 1905 3084 1975 ἑκάστης
3107 1904 3334 1975 αὔξησιν
3359 1904 3660 1974 ἐλάμϐανεν
3692 1908 3731 1975 ή

2061 1986 2368 2058 πλημμύρα
2389 1986 2497 2040 τῶν
2531 1987 2756 2055 ὑδάτων.
2786 1985 3123 2053 Ἐπεκράτει
3141 1987 3251 2056 γὰρ
3275 1987 3341 2039 τὸ
3366 1986 3542 2053 ὕδωρ,
3568 1988 3727 2056 φησι,

2062 2068 2295 2138 σφόδρα
2321 2066 2617 2135 σφοδρῶς,
2662 2068 2760 2122 καί
2798 2067 3145 2137 ἐπεκάλυψε
3178 2066 3373 2122 πάντα
3404 2067 3480 2121 τὰ
3515 2068 3622 2136 ὅρη
3657 2069 3734 2122 τὰ

2062 2151 2293 2219 ὑψηλὰ,
2324 2149 2364 2203 d
2386 2147 2467 2221 ἦν
2498 2148 2776 2205 ὑποκάτω
2803 2149 2910 2204 τοῦ
2943 2149 3224 2217 οὐρανοῦ.
3260 2148 3589 2205 Δεκαπέντε
3614 2148 3730 2215 πή·

2062 2250 2191 2304 χεις
2217 2233 2416 2287 ἐπάνω
2438 2232 2646 2301 ὑψώθη
2671 2231 2739 2286 τὸ
2764 2232 2940 2301 ὕδωρ,
2967 2233 3066 2287 καί
3087 2230 3413 2294 ἐπέκλυζεν
3444 2232 3683 2287 ἅπαντα
3700 2245 3726 2274 ε

2062 2316 2135 2370 τὰ
2162 2314 2291 2383 ὅρη.
2321 2315 2562 2377 Εἰκότως
2603 2313 2951 2385 ᾠκονόμησεν
2996 2316 3024 2367 6
3052 2313 3427 2387 φιλάνθρωπος
3455 2315 3733 2386 Δεσπότης

2064 2395 2379 2468 κλεισθῆναι
2414 2395 2514 2466 τὴν
2547 2394 2800 2461 κιϐωτὸν,
2833 2395 2973 2449 ὥστε
3015 2395 3090 2465 μὴ
3124 2396 3257 2467 ὁρᾷν
3298 2394 3389 2448 τὸν
3425 2394 3632 2448 δίκαιον
3661 2396 3733 2447 τὰ

2054 2474 2344 2547 γινόμενα.
2390 2477 2454 2530 El
2489 2475 2599 2547 γὰρ
2650 2477 2809 2547 ἡμεῖς
2844 2476 2983 2547 μετά
3014 2477 3267 2529 τοσοῦτον
3304 2476 3438 2530 ἐτῶν
3477 2476 3726 2547 ἀριθμὸν,

2065 2560 2159 2613 καὶ
2192 2558 2330 2631 μετὰ
2355 2559 2621 2623 τοσαύτας
2644 2560 2838 2628 γενεάς
2863 2557 3151 2621 ἀκούοντες
3187 2558 3347 2629 μόνον
3380 2557 3476 2627 τῆς
3505 2559 3733 2629 Γραφῆς

2064 2641 2163 2713 τὴν
2185 2642 2435 2712 διήγησιν
2466 2639 2885 2711 συστελλόμεθα,
2917 2641 3012 2694 καὶ
3044 2641 3102 2693 ἐν
3137 2640 3415 2711 ἀμηχανία
3442 2639 3726 2710 γινόμεθα,

2067 2723 2118 2776 τί
2162 2724 2308 2787 είκὸς
2366 2720 2434 2794 ἦν
2469 2723 2561 2776 τὸν
2616 2723 2822 2776 δίκαιον
2877 2724 3082 2776 ἐκεῖνον
3144 2723 3375 2787 παθεῖν,
3415 2722 3471 2775 εῐ
3510 2739 3575 2793 γε
3616 2724 3733 2786 τοῖς

2066 2805 2363 2877 ὀφθαλμοῖς
2379 2803 2526 2876 ἐώρα
2540 2804 2637 2876 τὴν
2657 2803 2891 2858 ἄϐυσσον
2918 2805 3130 2876 ἐκείνην
3152 2806 3252 2876 τὴν
3273 2805 3543 2877 ἀφόρητον
3566 2821 3582 2870 ;
3604 2804 3733 2865 Πῶς

2066 2887 2176 2959 γάρ
2212 2886 2278 2941 ἂν
2304 2886 2541 2959 ἠδυνήθη
2570 2885 2672 2941 κᾶν
2706 2885 2843 2956 πρὸς
2870 2884 3042 2957 βραχὺ
3074 2888 3379 2957 ἀντισχεῖν;
3410 2887 3530 2957 οὐχὶ
3551 2885 3607 2939 δέ
3642 2885 3734 2938 εὐ-

2067 2968 2205 3031 θέως
2225 2969 2290 3021 ἐκ
2312 2966 2535 3039 πρώτης
2561 2967 2738 3037 ὅψεως
2767 2968 2834 3021 ἂν
2854 2967 3044 3038 ἐξέστη
3063 2968 3162 3038 τῆς
3189 2967 3368 3038 ψυχῆς
3392 2967 3730 3035 ἀποστάσης,

2068 3051 2163 3104 κα)⁸
2204 3049 2400 3120 μηκέτι
2442 3048 2763 3118 δυνηθείσης
2799 3050 3044 3117 ἐνεγκεῖν
3091 3047 3201 3102 τῶν
3239 3046 3508 3101 τοσούτων
3541 3046 3733 3100 δεινῶν

2066 3130 2167 3200 τὴν
2207 3128 2370 3195 θέαν;
2413 3128 2613 3183 Ἐννόει
2646 3127 2756 3199 γάρ
2790 3145 2901 3200 μοι,
2935 3128 3206 3200 ἀγαπητέ,
3240 3127 3359 3191 πῶς
3391 3127 3488 3183 νῦν
3528 3129 3731 3198 μικρᾶς

2067 3210 2373 3283 ἐπομϐρίας
2398 3212 2692 3283 γενομένης
2716 3209 2996 3279 ἐναγώνιοι
3015 3210 3299 3282 γινόμεθα,
3326 3212 3452 3281 περὶ
3471 3209 3564 3264 τοῦ
3594 3228 3735 3265 παν·-

2066 3294 2159 3358 τὸς
2192 3293 2530 3364 δεδοίκαμεν,
2564 3294 2692 3364 περὶ
2732 3293 2927 3363 αὐτῆς,
2960 3292 3034 3357 ὡς
3063 3294 3257 3358 εἰπεῖν,
3278 3292 3379 3363 τῆς
3407 3292 3553 3362 ζωῆς
3585 3294 3733 3347 ἀπα-

2067 3375 2388 3447 γορεύομεν.
2423 3377 2489 3428 Τί
2523 3376 2703 3429 τοίνυν
2735 3374 2880 3439 είκὸς
2924 3371 2992 3446 ὴν
3017 3375 3106 3430 τὸν
3140 3374 3344 3428 δίκαιον
3373 3372 3580 3431 ἐκεῖνον
3609 3376 3732 3429 τότε

2069 3459 2261 3513 παθεῖν
2284 3459 2420 3529 πρὸς
2454 3456 2706 3511 τοσοῦτον
2736 3456 2868 3526 ’ύψος
2900 3456 3112 3527 ὁρῶντα
3156 3456 3225 3508 τά
3262 3455 3431 3509 ὕδατα
3463 3457 3735 3528 κορυφού-

2072 3557 2242 3610 μενα;
2285 3538 2511 3594 Ἐπάνω
2542 3538 2674 3608 γὰρ,
2715 3538 2868 3609 φησὶ,
2899 3537 3221 3607 τῶνόρέων
3249 3536 3576 3593 δεκαπέντε
3615 3538 3736 3608 πή-

2070 3640 2196 3690 χεις
2218 3619 2426 3689 ὑψώθη
2459 3619 2522 3673 τὸ
2549 3619 2724 3689 ὕδωρ.
2767 3618 3168 3689 Ἀναμνήσθητί
3203 3634 3292 3689 μοι
3318 3618 3570 3685 ἐνταῦθα,
3597 3621 3734 3687 ἀγα-

2071 3704 2228 3774 πητέ,
2256 3703 2366 3757 τῶν
2392 3701 2542 3772 παρᾶ
2566 3702 2659 3755 τοῦ
2685 3701 2955 3754 Δεσπότου
2979 3700 3271 3772 ῥηθέντων,
3293 3702 3381 3754 ὅτε
3406 3701 3591 3769 ἔλεγεν
3608 3718 3622 3732 ·
3649 3702 3733 3757 οὑ

1977 3803 1981 3819 ι
2063 3785 2150 3856 μὴ
2205 3786 2530 3855 καταμείνῃ
2580 3784 2647 3838 τὸ
2692 3783 2933 3853 Πνεῦμά
2962 3800 3084 3852 μου
3123 3784 3194 3839 ἐν
3241 3783 3363 3851 τοῖς
3400 3780 3739 3852 ἀνθρώποις

2069 3869 2324 3934 τούτοις,
2371 3866 2470 3921 διὰ
2514 3866 2583 3921 τὸ
2624 3861 2778 3921 εῖναι
2830 3865 3050 3931 αὐτοὺς
3093 3864 3350 3935 σάρκας·
3396 3866 3491 3920 καὶ
3530 3865 3695 3919 πάλιν
3716 3881 3732 3896 ·

2066 3950 2333 4018 Ἑφθάρη
2354 3950 2393 4019 τι
2430 3948 2530 4020 γῆ,
2560 3949 2659 4004 καὶ
2687 3947 2962 4016 ἐπλήσθη
2999 3949 3039 4018 η
3076 3946 3153 4017 γῆ
3186 3948 3299 4017 τῆς
3321 3948 3575 4013 ἀδικίαςξ
3615 3946 3737 4013 καὶ,

2069 4030 2211 4089 Εῖδε
2226 4033 2446 4101 Κύριος
2467 4031 2582 4100 τὴν
2601 4030 2738 4101 γῆν,
2755 4030 2854 4084 καί
2877 4026 2958 4102 ἦν
2986 4029 3462 4100 κατεφθαρμένῃ,
3484 4029 3573 4083 ὅτι
3595 4046 3738 4084 κατ-

2068 4117 2302 4186 ἐφθειρε
2339 4113 2507 4171 πᾶσα
2547 4113 2703 4183 σὰρξ
2755 4112 2873 4182 τὴν
2908 4112 3050 4167 ὁδὸν
3092 4112 3301 4182 αὐτῆς.
3360 4113 3511 4167 Ἐπεὶ
3553 4114 3737 4167 τοίνυν

2069 4199 2362 4270 ὁλοκλήρου
2389 4196 2684 4267 καθαρσίου
2715 4196 2883 4250 ἐδεῖτο
2908 4198 2943 4267 ή
2976 4197 3289 4268 οίκουμένη,
3324 4198 3419 4250 καὶ
3448 4196 3614 4267 ἐχρῆν
3641 4196 3741 4250 αύ-

2069 4281 2167 4351 τὴν
2200 4279 2414 4333 ἅπαντα
2440 4277 2532 4330 τὸν
2569 4276 2739 4345 ῥύπον
2768 4277 3242 4349 ἀποκαθάρασθαι,
3283 4278 3377 4330 καὶ
3413 4275 3513 4348 τὴν
3549 4276 3736 4348 ζύμην

2071 4360 2288 4416 ἃπασαν
2329 4361 2430 4430 τῆς
2477 4358 2852 4431 προλαϐούσης
2900 4359 3163 4430 πονηρίας
3211 4359 3598 4429 ἀναιρεθῆναι,
3640 4363 3738 4414 καὶ

2074 4442 2209 4515 μηδέ
2241 4442 2385 4512 ἴχνος
2430 4442 2530 4510 τῆς
2575 4443 2771 4505 κακίας
2812 4441 3223 4512 ἀπολειφθῆναι,
3263 4439 3735 4512 ἀλλ’ὥσσιτεράνα-⁸

2072 4525 2406 4597 στοιχείωσιν
2446 4541 2567 4579 τινα
2604 4524 2875 4593 γενέσθαι,
2916 4524 3164 4596 καθάπερ
3201 4525 3453 4595 τεχνίτης
3490 4525 3731 4594 ἀριστος,

2071 4609 2287 4664 ἐπειδὰν
2311 4609 2453 4679 λάϐῃ
2474 4606 2664 4672 σκεῦος
2695 4608 2800 4661 ὑπὸ
2827 4606 2920 4660 τοῦ
2957 4607 3149 4677 χρόνου
3175 4607 3484 4661 παλαιωθέν
3514 4607 3608 4660 καὶ
3637 4623 3736 4659 κα⁶

2068 4689 2440 4759 ταδαπανηθέν
2464 4730 2478 4753 ,
2506 4688 2582 4752 ὡς
2634 4690 2834 4752 εἰπεῖν,
2865 4688 2970 4740 ὑπὸ
3001 4689 3094 4741 τοῦ
3129 4689 3230 4753 ίοῦ,
3274 4689 3370 4742 καὶ
3394 4692 3475 4752 είς
3511 4689 3574 4742 τὸ
3621 4689 3734 4759 πῦρ

2070 4773 2224 4846 [240]
2255 4773 2526 4843 ἐμϐαλὼν,
2547 4771 2643 4825 καὶ
2666 4771 3089 4842 παρασκευάσας
3115 4772 3291 4826 πάντα
3314 4773 3405 4825 τὸν
3433 4773 3510 4826 ίὸν
3534 4772 3734 4826 ἀποθὲ·

2071 4857 2214 4915 σθαι.
2240 4854 2601 4926 μεταπλάττει
2623 4853 2715 4907 καὶ
2733 4855 3145 4922 μετασκευάζει,
3167 4857 3260 4908 καὶ
3278 4856 3358 4918 είς
3381 4857 3480 4925 τὴν
3500 4855 3739 4925 ἀρχαίαν

2070 4938 2369 5010 εὐμορφίαν
2399 4936 2693 5004 ἐπανάγει⁹
2733 4934 2876 4989 οὕτω
2915 4938 3007 4990 καὶ
3038 4937 3067 4989 6
3111 4938 3387 5008 Δεσπότης
3407 4941 3436 4991 6
3465 4939 3736 5009 ἡμέτερος

2071 5023 2288 5077 ἃπασαν
2327 5021 2426 5092 τὴν
2453 5019 2776 5092 οἰκουμένην
2812 5018 2902 5072 διὰ
2936 5018 3030 5073 τοῦ
3056 5020 3177 5074 τότε
3216 5020 3603 5091 κατακλυσμοῦ
3635 5036 3739 5074 κα-

2072 5104 2263 5176 θάρας,
2293 5104 2388 5159 καὶ
2413 5105 2489 5168 ὡς
2519 5105 2714 5170 εἰπεῖν,
2750 5102 3122 5174 ἐλευθερώσας
3152 5103 3251 5173 τῆς
3280 5103 3481 5166 κακίας
3503 5103 3614 5156 τῶν
3642 5103 3739 5156 ἀνσ-

2072 5188 2324 5259 θρώπων,
2354 5185 2562 5242 καὶτοῦ
2595 5184 2895 5257 μολυσμοῦ,
2914 5184 3009 5238 καὶ
3034 5184 3137 5254 τῆς
3164 5184 3371 5256 φθορᾶς
3388 5184 3491 5254 τῆς
3510 5184 3738 5253 πολλῆς,

2069 5270 2457 5343 λαμπροτέραν
2496 5267 2665 5339 αὐτὴν
2702 5266 3075 5337 ἀπειργάσατο
3094 5305 3109 5330 ,
3153 5265 3357 5320 ἀνωθεν
3396 5267 3528 5336 ἡμῖν
3557 5264 3740 5331 δείξας

2070 5353 2238 5422 αὐτῆς
2263 5350 2483 5422 φαιδρὸν
2525 5348 2588 5403 τὸ
2626 5348 2936 5420 πρόσωπον,
2986 5348 3079 5402 καὶ
3121 5349 3181 5401 οὐ
3212 5349 3576 5419 συγχωρήσας
3612 5347 3738 5400 οὐδὲ

2073 5435 2217 5504 ἴχνος
2254 5432 2355 5502 τῆς
2392 5431 2663 5503 προτέρας
2692 5429 2972 5501 ἀμορφίας
3005 5430 3447 5501 καταλειφθῆναι.
3483 5428 3736 5497 Ὑψώθη,

2070 5516 2254 5587 φησὶν,
2276 5513 2477 5569 ἐπάνω
2505 5511 2624 5567 τῶν
2651 5511 2836 5581 ὀρέων
2858 5511 3183 5566 δεκαπέντε
3210 5511 3427 5581 πήχεις
3460 5510 3527 5565 τὸ
3554 5508 3736 5577 ὕδωρ.

2071 5599 2181 5665 Οὐχ
2208 5595 2392 5659 ἁπλῶς
2416 5597 2548 5665 ήμῖν
2569 5594 2741 5649 ταῦτα
2771 5595 3035 5664 διηγεῖται
3066 5596 3100 5665 ή
3132 5595 3344 5665 Γραφὴ,
3366 5593 3480 5648 ἀλλ’
3510 5592 3599 5645 ἵνα
3625 5592 3736 5661 μά-

2072 5680 2275 5747 θωμεν,
2314 5679 2395 5732 ὅτι
2423 5679 2482 5730 οὐ
2529 5678 2688 5748 μόνον
2719 5677 3016 5748 ἄνθρωποι,
3045 5676 3142 5730 καὶ
3185 5676 3379 5746 κτήνη,
3409 5676 3503 5729 καὶ
3538 5673 3737 5744 τετρά-

2071 5759 2224 5827 ποδα,
2247 5759 2339 5813 καὶ
2381 5759 2585 5829 ἑρπετά
2610 5757 2916 5829 ὑποϐρύχια
2947 5757 3187 5826 γέγονεν,
3236 5756 3374 5812 ἀλλά
3414 5756 3507 5811 καὶ
3533 5755 3601 5810 τά
3640 5770 3739 5810 πε-

2133 5894 2157 5923 °
2182 5898 2287 5950 Alii
2322 5912 2431 5949 cum
2455 5899 2586 5952 Bibl.
2615 5901 2696 5950 καὶ
2729 5898 3019 5963 ἐπεκάλυψεν
3043 5898 3245 5949 ἅπαντα.
