4066 6140
474 232 579 288 iis

474 348 679 418 (Hebr.
705 347 793 405 ii.
825 345 858 399 'l
883 343 923 415 ).
958 336 1141 396 Vidisti
1171 329 1438 407 quomodo
1464 329 1595 385 ﬁdes
1620 328 1672 384 in
1701 328 1867 383 Deum
1896 332 2046 394 quast

474 455 660 498 secura
687 435 930 509 quaedam
957 430 1208 495 anchora,
1237 425 1379 490 fecit,
1411 429 1473 479 ut
1494 435 1671 476 arcam
1696 415 1929 473 construi
1954 428 2052 469 cu-

474 541 619 589 raret
640 571 658 597 ,
687 502 742 584 et
765 527 882 595 ejus
911 520 1290 579 habitationem
1317 512 1642 571 sustineret?
1667 509 1798 565 Nam
1831 507 1945 560 hinc
1980 502 2052 559 illi

476 636 529 680 et
556 595 743 680 salutis
769 619 867 673 fuit
892 613 1125 676 occasio,
1157 610 1261 666 Per
1281 624 1433 680 quam
1451 646 1468 673 ,
1499 602 1690 673 inquit,
1712 595 2055 653 condemnavit

476 716 741 780 mundum,
766 721 815 766 et
832 710 944 781 ejus
968 720 1079 778 quae
1097 700 1372 759 secundum
1393 696 1547 768 ﬁdem
1566 702 1639 748 est
1652 690 1868 763 justitiw
1891 689 2056 758 factus

476 815 549 864 est
587 778 733 860 heres-
756 818 775 858 :
801 778 910 856 non
947 796 1089 868 quod
1111 794 1227 864 ipse
1264 789 1423 846 fuerit
1459 785 1620 857 judex
1644 824 1660 850 ,
1706 780 1803 837 sed
1826 778 1946 868 quia
1991 790 2058 831 ex

478 892 878 966 comparatione
935 867 1435 945 condemnationem
1495 875 1749 931 Dominus
1809 867 2054 925 inducit:

479 1005 600 1047 cum
643 988 787 1044 enim
813 982 1000 1041 eadem
1040 975 1321 1037 habuerint
1347 986 1464 1042 quae
1505 968 1682 1040 justus
1706 1005 1720 1028 ,
1747 977 1854 1018 non
1882 970 2058 1014 tamen

482 1081 729 1138 eamdem
774 1074 986 1131 virtutis
1032 1071 1171 1126 viam
1198 1063 1423 1135 ingressi
1452 1068 1576 1116 sunt
1606 1075 1620 1113 :
1655 1070 1748 1127 per
1777 1053 1933 1107 ﬁdem
1955 1062 2057 1119 qua

482 1173 734 1247 praeditus
759 1167 875 1235 fuit,
900 1159 1275 1220 condemnavit
1305 1169 1400 1212 eos
1426 1152 1514 1223 qui
1535 1156 1695 1204 tanta:
1731 1144 1944 1199 fuerunt
1975 1139 2059 1193 in-

478 1234 805 1320 credulitatis
820 1296 839 1323 ,
862 1234 926 1310 ut
951 1248 1273 1323 praedictioni
1299 1259 1404 1300 non
1429 1241 1723 1298 crederent.
1747 1234 1859 1303 Ego
1884 1240 2059 1284 autem

480 1368 603 1408 cum
623 1349 742 1405 aliis
765 1320 1012 1402 omnibus
1039 1343 1288 1396 virtutem
1313 1336 1472 1389 etiam
1498 1329 1627 1400 justi
1653 1325 1890 1381 admiror
1908 1361 1923 1385 ,
1954 1320 2058 1373 Do-

481 1443 718 1511 niiuique
781 1436 1070 1494 bonitatem
1123 1440 1178 1485 et
1224 1424 1541 1483 ineﬁ‘abilem
1602 1411 2058 1474 misericordiam,

481 1498 692 1605 quando
716 1524 996 1584 considero
1022 1512 1538 1592 quomodo-potuerit
1580 1505 1779 1563 versari
1805 1503 1860 1558 in
1885 1498 2064 1557 medio

487 1596 772 1679 eestiarum
796 1656 812 1681 ,
856 1615 1071 1670 leonum
1116 1609 1235 1665 dico
1257 1647 1272 1672 ,
1307 1603 1591 1677 pardorum
1617 1638 1635 1665 ,
1669 1607 1919 1662 ursorum
1941 1629 1961 1658 ,
2007 1596 2064 1644 et

483 1713 703 1767 aliarum
727 1706 1005 1762 humilium
1033 1701 1284 1756 ferarum.

555 1800 609 1857 Ν
615 1810 673 1857 oe
710 1797 923 1855 restituit
970 1791 1104 1863 quod
1144 1789 1310 1844 Adam
1350 1783 1640 1839 abstulerat.
1665 1806 1737 1818 -—
1761 1771 2063 1831 Recordare

486 1894 592 1958 die,
621 1891 838 1954 dilecte,
865 1862 1113 1946 obsecro,
1140 1884 1353 1949 quanta:
1377 1869 1647 1943 dignitatis
1677 1865 1832 1920 fuerit
1861 1862 2064 1932 primus

486 1952 648 2041 homo
689 1952 829 2036 ante
856 1971 1268 2033 inobedientiam
1295 1985 1310 2022 :
1342 1975 1395 2021 et
1435 1963 1531 2019 Dei
1559 1959 1851 2018 bonitatem
1886 1952 2064 2006 animo

484 2079 737 2136 observa.
767 2073 1118 2138 Posteaquam
1161 2061 1305 2118 enim
1349 2057 1491 2112 illius
1518 2046 1882 2124 praivaricatio
1927 2043 2065 2097 hanc

487 2175 805 2241 potestatem
833 2137 985 2216 nobis
1024 2156 1205 2212 datam
1246 2149 1615 2206 imminuerat,
1663 2137 1863 2195 invenit
1887 2142 2062 2190 autem

488 2226 661 2317 bonus
686 2255 941 2310 Dominus
964 2249 1127 2303 alium
1149 2244 1341 2303 virum,
1364 2238 1454 2308 qui
1475 2233 1640 2305 potuit
1659 2241 1910 2300 reparare
1937 2226 2065 2278 ima-

488 2351 667 2422 ginem
693 2343 990 2416 pristinam,
1012 2344 1067 2393 et
1093 2347 1308 2391 servare
1335 2325 1543 2383 virtutis
1567 2322 1922 2383 characteres,
1955 2328 2064 2368 ma-

490 2405 755 2512 gnamque
786 2434 839 2488 in
869 2405 1134 2488 mandatis
1160 2423 1253 2480 Dei
1283 2416 1637 2476 obedientiam
1675 2426 1787 2483 pra:
1824 2405 2064 2512 se‘tulit;

488 2531 683 2585 iterum
705 2525 771 2580 ad
795 2524 1020 2594 primum
1042 2519 1299 2572 honorem
1313 2525 1436 2567 eum
1460 2505 1686 2571 reducit,
1705 2499 1853 2572 quasi
1868 2496 2069 2552 docens

493 2633 593 2677 nos
617 2585 884 2688 operibus,
911 2615 1160 2680 quantam
1190 2607 1502 2673 potestatem
1531 2594 1700 2649 Adam
1728 2598 1851 2645 ante
1877 2585 2066 2640 inobe-

493 2678 745 2764 diendam
774 2678 1038 2757 habuerit.
1065 2695 1245 2752 Virtus
1271 2691 1450 2758 itaque
1469 2684 1599 2755 justi
1627 2682 1805 2738 divina
1829 2678 2068 2734 clemen-

495 2803 567 2858 tia
612 2797 791 2867 adjuta
836 2791 1061 2863 primum
1103 2780 1367 2854 reparavit
1408 2774 1699 2833 dominium
1722 2811 1739 2837 ,
1786 2767 2071 2836 bestiaeque

497 2854 698 2950 iteruni
715 2854 1101 2955 subiectionem
1139 2876 1487 2947 agnoverunt.
1517 2864 1648 2922 Cum
1680 2862 1821 2919 enim
1862 2859 1966 2913 illa:
1993 2854 2070 2909 vi-

495 2983 672 3040 derint
704 2951 903 3050 justum
928 3012 946 3039 ,
974 2968 1356 3025 obliviscuntur
1394 2968 1598 3015 natura:
1627 2969 1737 3011 sua:
1765 2969 1779 3006 :
1809 2951 1917 3005 imo
1964 2961 2070 3001 non

497 3038 736 3138 naturan
762 3068 858 3125 sed
879 3038 1088 3121 ferociae
1109 3077 1124 3127 ;
1147 3067 1203 3114 et
1237 3064 1440 3111 naturai
1467 3049 1674 3105 insitam
1718 3042 1977 3099 feritatem
2021 3038 2071 3092 in

499 3128 955 3223 mansuetudinem
1002 3155 1338 3210 convertunt.
1384 3143 1452 3198 Et
1496 3138 1615 3194 vide
1662 3130 1927 3205 quomodo
1976 3128 2075 3181 hoc

500 3221 670 3329 ipsum
713 3247 917 3306 Danieli
942 3241 1180 3301 evenerit
1206 3236 1379 3312 (Dan.
1410 3232 1464 3288 6.
1505 3224 1760 3329 22)..llic
1785 3221 1925 3279 enim
1954 3231 2075 3273 cum

499 3314 536 3402 ί
560 3343 803 3402 leonibus
825 3333 1263 3395 circumdaretur,
1293 3323 1447 3395 quasi
1463 3320 1534 3377 ab
1557 3316 1749 3373 ovibus
1767 3314 2074 3380 stiparetur,

500 3398 869 3501 sic‘intrepide
897 3424 1088 3496 agebat
1118 3438 1134 3474 :
1163 3411 1590 3489 quandoquidem
1627 3405 1754 3476 justi
1785 3401 1972 3458 ﬁducia
2002 3398 2079 3454 fe-

502 3539 681 3582 rarum
722 3500 964 3577 naturam
1005 3510 1285 3573 frenabat,
1316 3519 1415 3561 nec
1438 3500 1645 3556 sinebat
1671 3504 1728 3551 ut
1754 3500 1975 3565 agerent
2015 3504 2076 3544 ea

501 3630 623 3689 quae
648 3614 773 3670 fera:
799 3610 991 3666 solent.
1017 3602 1187 3660 Simili
1215 3597 1373 3653 modo
1394 3594 1554 3649 etiam
1581 3587 1824 3659 egregius
1849 3584 1936 3640 ille
1963 3595 2078 3635 ma-

501 3682 605 3780 gna
647 3702 897 3760 facilitate
932 3697 1164 3753 ferarum
1206 3687 1411 3747 ferebat
1448 3682 1747 3740 convictum
1771 3717 1787 3742 ,
1819 3685 1872 3731 et
1911 3683 2084 3740 neque

505 3760 603 3855 loci
630 3794 885 3864 angustia,
910 3800 1085 3858 neque
1103 3778 1358 3851 temporis
1372 3773 1732 3835 diuturnitate,
1751 3779 1922 3836 neque
1943 3760 2085 3832 quod

505 3892 586 3947 sic
615 3886 846 3943 inclusus
870 3888 1013 3936 esset
1034 3887 1107 3931 ‘ut
1135 3884 1314 3928 aerem
1346 3866 1612 3936 respirare
1647 3876 1752 3916 non
1780 3864 1954 3927 posset
1982 3891 1999 3919 ,
2030 3851 2085 3906 in

506 3945 775 4050 torporem
802 3983 856 4032 et
876 3983 1126 4027 nauseam
1150 3966 1264 4035 ipse
1287 3956 1698 4028 coujiciebatur:
1720 3951 1814 4006 sed
1832 3948 1903 4004 ob
1929 3945 2088 4001 ﬁdem

507 4073 563 4129 in
593 4038 757 4125 Deum
782 4063 960 4120 omnia
985 4058 1085 4130 ipsi
1114 4054 1290 4110 facilia
1319 4047 1638 4105 videbantur
1656 4084 1674 4109 ,
1705 4049 1762 4096 et
1800 4038 1880 4094 sic
1902 4047 2083 4091 versa-

508 4164 663 4218 batur
684 4160 737 4213 in
767 4166 907 4212 tetro
935 4126 1027 4207 illo
1049 4159 1286 4209 carcere,
1309 4142 1445 4196 sicut
1467 4153 1566 4193 nos
1586 4139 1640 4190 in
1662 4132 1826 4204 pratis
1849 4137 1905 4184 et
1932 4126 2086 4182 lucis.

509 4212 840 4320 ﬁdem...
876 4244 1020 4300 enim
1049 4222 1259 4295 Domini
1289 4229 1587 4295 efﬁciebat,
1629 4235 1685 4280 ut
1711 4219 1947 4279 difﬁcilia
1987 4212 2086 4287 ipsi

509 4313 1050 4402 facilia-viderentur.
1078 4329 1224 4386 Talis
1255 4326 1396 4381 enim
1424 4322 1689 4393 justorum
1731 4325 1848 4367 mos
1872 4317 1956 4365 est
1979 4348 1995 4367 .
2036 4313 2094 4362 ut

510 4436 726 4511 quando
746 4428 945 4501 aliquid
969 4432 1180 4497 propter
1203 4421 1366 4475 Deum
1395 4415 1685 4485 patiuntur,
1714 4421 1819 4462 non
1841 4416 1928 4458 res
1952 4402 2092 4469 ipsas

510 4494 631 4601 qua:
656 4528 788 4582 ﬁunt
812 4494 1052 4593 spectent
1070 4494 1090 4581 ί,
1122 4512 1216 4569 sed
1241 4521 1455 4565 causam
1485 4517 1663 4559 secum
1690 4494 2053 4567 expendentes
2072 4530 2088 4556 ,

515 4583 669 4677 facile
694 4583 870 4671 omnia
899 4611 1087 4666 ferant.
1109 4597 1539 4674 Quandoquidem
1561 4601 1614 4648 et
1632 4589 1840 4654 Paulus,
1857 4583 2092 4655 gentium

519 4709 724 4770 doctor,
741 4701 972 4766 vincula,
995 4696 1061 4752 ad
1080 4673 1362 4751 tribunalia
1389 4683 1755 4743 abductiones,
1786 4673 2094 4746 quotidiana

520 4765 751 4866 pericula
779 4833 793 4855 ,
840 4765 1035 4845 multas
1075 4785 1194 4840 illas
1233 4788 1289 4835 et
1332 4772 1699 4834 intolerabiles
1743 4765 2092 4825 alﬁictiones,

522 4853 665 4943 leves
688 4853 909 4938 vocabat
935 4896 951 4946 ;
977 4893 1081 4933 non
1102 4872 1242 4945 quod
1271 4880 1458 4925 natura
1485 4865 1618 4923 tales
1636 4869 1834 4927 essent,
1857 4856 1950 4914 sed
1973 4853 2099 4925 quia

520 4991 701 5039 causa,
731 4981 943 5042 propter
967 4983 1124 5039 quam
1154 4962 1466 5021 accidebant
1485 4999 1500 5023 ,
1530 4957 1684 5012 talem
1710 4953 1758 5009 ei
1783 4948 2097 5008 sententiam

523 5039 866 5135 ingenerabat
884 5102 898 5126 ,
929 5071 988 5115 ut
1012 5071 1184 5125 neque
1210 5053 1544 5117 adverteret,
1574 5048 1617 5102 si
1643 5060 1747 5116 qua
1767 5041 1945 5114 gravia
1978 5039 2099 5095 talia

523 5153 858 5211 obveuirent.
886 5147 1023 5204 Audi
1050 5146 1191 5200 enim
1221 5143 1367 5197 illum
1387 5139 1650 5195 dicentem
1675 5153 1688 5189 :
1714 5134 1852 5186 Nam
1875 5125 2114 5184 momen?

526 5257 672 5300 tanea
688 5242 859 5297 levitas
879 5235 1158 5309 ajjlictionis
1189 5240 1395 5297 nostris,
1414 5230 1538 5283 mire
1557 5242 1714 5295 supra
1730 5221 1934 5277 modum
1954 5226 2101 5273 teter-

526 5354 645 5392 nun:
673 5333 872 5406 pondus
899 5308 1076 5403 gloria
1107 5333 1341 5397 operatur
1370 5323 1425 5377 in
1450 5321 1591 5376 nobis
1624 5316 1716 5388 (2.
1743 5314 1860 5371 Cor.
1890 5313 1942 5367 4.
1974 5308 2101 5380 17).

525 5425 889 5498 Exspectatio,
918 5419 1103 5490 inquit,
1133 5415 1315 5487 gloria:
1337 5428 1493 5483 quam
1515 5419 1877 5476 assequemur,
1907 5409 1961 5455 et
1985 5415 2105 5470 per-

534 5489 700 5590 pean
729 5516 871 5570 illius
889 5489 1152 5569 felicitatis
1177 5506 1231 5563 id
1257 5506 1366 5574 agit
1390 5511 1446 5557 ut
1472 5499 1654 5556 leviter
1679 5501 1909 5550 feramus
1935 5489 2107 5545 conti—

530 5579 666 5663 nuas
687 5607 803 5676 illas
827 5602 1159 5670 afﬁictioncs,
1184 5597 1431 5665 levesque
1450 5592 1569 5648 illas
1588 5587 1896 5645 habeamus.
1922 5579 2108 5637 Vidisti

1628 213 1783 269 CAP.
1827 211 1937 269 VII.
1979 208 2221 268 GENES.
2264 208 2492 265 NOMIL.
2538 207 2708 263 XXV.

3635 204 3735 261 226

2160 319 2424 390 quomodo
2460 334 2610 376 amor
2639 318 2692 375 in
2721 318 2885 374 Deum
2908 325 3221 390 gravitatem
3247 315 3608 371 molestiarum
3634 317 3734 373 im-

2158 411 2375 477 minuit,
2405 426 2576 481 neque
2613 411 2740 466 sinit
2770 420 2828 465 ut
2853 410 2961 465 ullo
2989 424 3173 465 earum
3212 422 3370 463 sensu
3397 409 3738 464 aﬂiciamur?

2168 502 2310 558 Sane
2338 503 2410 557 ob
2438 503 2541 559 hoc
2580 513 2634 557 et
2669 503 2854 557 beatus
2897 503 2987 558 ille
3021 502 3200 557 omnia
3240 502 3473 556 suaviter
3499 500 3737 563 ferebat.

2161 601 2343 662 utpote
2368 593 2457 662 qui
2482 593 2585 648 ﬁde
2606 602 2660 648 et
2680 607 2774 662 spe
2800 594 2852 647 in
2882 592 3049 647 Deum
3083 591 3413 662 pascebatur.
3446 589 3514 644 Et
3536 591 3740 657 clausit,

2160 684 2348 757 inquit,
2373 683 2618 738 Dominus
2634 682 2773 738 Deus
2788 683 2977 753 deforis
2997 682 3134 737 illius
3153 698 3343 736 arcam.
3363 682 3448 736 i7.
3464 678 3534 733 Et
3555 682 3742 751 factum

2162 784 2235 831 est
2259 775 2507 830 diluvium
2529 775 2867 846 quadraginta
2890 773 3063 829 diebus
3082 782 3130 827 et
3147 773 3485 845 quadraginta
3512 771 3737 826 noctibus

2162 879 2313 935 super
2349 872 2539 919 terram
2561 880 2579 917 :
2605 872 2651 918 et
2674 863 3082 934 superferebatur
3107 878 3248 916 arca.
3282 860 3511 916 Attende
3556 861 3744 916 iterum

2163 954 2429 1023 quomodo
2456 957 2759 1010 narratione
2807 961 2996 1023 augeat
3043 962 3301 1008 terrorem
3326 992 3342 1018 ,
3392 960 3449 1008 et
3489 961 3740 1021 aggravet

2164 1043 2380 1098 factum.
2409 1043 2623 1096 Factum
2643 1053 2713 1098 est
2734 1044 2895 1107 enim,
2929 1043 3117 1113 inquit,
3142 1042 3384 1095 diluvium
3412 1041 3746 1112 quadraginta

2162 1133 2336 1186 diebus
2362 1146 2411 1187 et
2440 1133 2777 1203 quadraginta
2802 1131 3026 1187 noctibus
3045 1172 3060 1198 ,
3083 1132 3399 1200 muliplicala
3426 1140 3498 1184 est
3521 1147 3672 1201 aqua,
3697 1141 3743 1183 et

2164 1221 2366 1275 elevavit
2405 1236 2607 1286 arcam,
2634 1230 2680 1274 et
2708 1222 2929 1275 exultata
2961 1231 3034 1275 est
3066 1238 3099 1274 a
3127 1231 3281 1274 terra.
3324 1220 3411 1277 18.
3440 1219 3506 1273 Ει
3535 1221 3744 1275 invaluit

2163 1326 2312 1381 aqua,
2344 1322 2389 1364 et
2416 1311 2751 1381 multiplicata
2779 1321 2849 1365 est
2870 1311 3014 1365 valde
3035 1327 3184 1380 super
3215 1320 3422 1376 terram,
3453 1319 3499 1363 et
3524 1310 3741 1380 superfe-

2163 1401 2364 1455 rebatur
2390 1417 2511 1454 arca
2535 1417 2685 1469 super
2708 1415 2918 1470 aquam;
2962 1400 3048 1455 i9.
3073 1417 3206 1471 aqua
3231 1410 3399 1455 autent
3418 1398 3653 1454 invalesct
3663 1399 3746 1453 bat

2163 1488 2311 1544 valde
2348 1490 2658 1544 vehementer
2682 1504 2833 1559 super
2859 1498 3064 1543 terram.

2243 1580 2296 1635 6.
2340 1580 2473 1635 Vide
2502 1579 2770 1651 quomodo
2789 1579 3071 1649 diligenter
3098 1586 3280 1633 narrat
3308 1592 3551 1648 magnam
3581 1592 3717 1646 aqua

2165 1685 2284 1725 rum
2311 1671 2439 1736 vim,
2466 1678 2521 1724 et
2544 1669 2907 1740 quotidianum
2934 1668 3318 1723 exundantium
3345 1668 3553 1720 illarum
3578 1667 3752 1720 incre-

2166 1768 2426 1814 mentum.
2454 1757 2798 1813 Invalescebat
2823 1759 2966 1813 enim
3007 1774 3140 1827 aqua
3161 1799 3178 1826 ,
3201 1758 3402 1828 inquit,
3433 1756 3579 1811 valde
3611 1757 3755 1811 velte-

2168 1860 2357 1905 menter
2383 1865 2402 1904 :
2428 1859 2475 1903 et
2499 1849 2760 1919 occupavit
2785 1865 2957 1903 omnes
2981 1857 3171 1902 montes
3200 1848 3423 1902 excelsos
3439 1887 3456 1916 ,
3501 1847 3590 1917 qui
3612 1855 3755 1900 erant

2170 1940 2262 1995 sub
2287 1939 2433 1995 caelo.
2467 1940 2558 1996 20.
2586 1938 2883 2006 Quindecim
2907 1937 3086 1992 cubitis
3112 1939 3165 1991 in
3191 1937 3402 1992 sublime
3427 1938 3653 1991 exaltata
3680 1945 3755 1992 est

2167 2048 2316 2102 aqua,
2347 2041 2395 2086 et
2431 2031 2627 2100 operuit
2658 2045 2830 2084 omnes
2857 2039 3068 2083 montes.
3096 2028 3286 2083 Merito
3315 2026 3581 2082 ordinavit
3604 2027 3754 2082 beni-

2166 2137 2305 2194 gnus
2329 2122 2583 2177 Dominus
2602 2120 2775 2176 claudi
2806 2134 3006 2186 arcam,
3037 2128 3091 2174 ut
3115 2134 3185 2175 ne
3213 2117 3415 2174 videret
3434 2118 3610 2187 justus
3637 2134 3757 2188 qua:

2169 2213 2385 2269 ﬁebant.
2431 2211 2566 2268 Nam
2606 2212 2651 2267 si
2680 2226 2781 2266 nos
2808 2219 2928 2281 post
2961 2219 3037 2266 tot
3059 2224 3320 2265 annorum
3349 2224 3627 2264 numerum
3649 2249 3664 2273 ,
3707 2219 3760 2263 et

2175 2313 2296 2374 post
2323 2312 2400 2358 tot
2425 2302 2620 2358 smcula
2651 2301 2934 2356 audientes
2962 2299 3239 2355 dumtaxat
3263 2297 3553 2368 Scriptura:
3578 2311 3761 2352 narra-

2172 2393 2371 2448 tionem
2401 2403 2548 2447 metu
2587 2400 2641 2446 et
2666 2400 2883 2461 stupore
2926 2389 3293 2459 corripimur‘:
3324 2386 3449 2458 quid
3474 2387 3763 2443 verisimile

2170 2493 2253 2541 est
2273 2484 2476 2554 justum
2516 2482 2661 2537 illum
2707 2480 2874 2535 fuisse
2911 2494 3233 2550 passurum,
3261 2478 3307 2532 si
3349 2475 3564 2548 quidem
3594 2473 3763 2531 oculis

2171 2576 2390 2632 vidisset
2414 2572 2804 2629 intolerabilem
2831 2572 2974 2626 illam
2998 2568 3292 2642 abyssum?
3316 2567 3596 2639 Quomodo
3620 2568 3762 2622 enim

2173 2666 2431 2738 potuisset
2457 2664 2541 2718 vel
2563 2663 2631 2718 ad
2654 2663 2816 2717 breve
2842 2670 3049 2731 tempus
3069 2658 3357 2715 resistere?
3383 2671 3560 2712 annon
3585 2656 3764 2711 statim

2175 2759 2348 2829 primo
2386 2764 2604 2826 aspectu
2644 2753 2926 2809 defecisset
2971 2750 3148 2805 anima
3199 2750 3337 2806 illius
3384 2755 3490 2804 tota
3515 2787 3534 2817 ,
3578 2755 3633 2803 et
3659 2755 3765 2802 tant

2174 2862 2338 2918 grave
2381 2861 2445 2902 ac
2484 2845 2769 2900 molestum
2811 2841 3173 2912 spectaculum
3203 2838 3342 2894 ferre
3370 2838 3505 2893 ultra
3530 2850 3637 2891 non
3675 2849 3769 2904 po-

2178 2940 2364 2993 tuisset
2381 2937 2403 2990 ?
2422 2935 2609 3005 Cogita
2638 2946 2869 3003 namque
2894 2931 2980 2985 hic
3000 2971 3016 2997 ,
3061 2929 3252 2984 dilecte
3274 2968 3292 2996 ,
3338 2925 3605 2998 quomodo
3628 2938 3768 2979 nunc

2177 3044 2297 3083 cum
2327 3041 2519 3097 parvus
2566 3024 2738 3080 imber
2767 3022 3001 3092 ingruit,
3032 3021 3084 3074 in
3112 3033 3313 3089 angore
3340 3032 3524 3072 sumus
3553 3056 3569 3083 ,
3598 3026 3648 3071 et
3694 3014 3763 3070 de

2181 3120 2464 3184 universo,
2494 3115 2665 3185 deque
2692 3115 2805 3184 ipsa
2843 3109 3236 3183 quodammodo
3258 3109 3360 3163 vita
3395 3107 3760 3177 despcramus.

2179 3210 2316 3279 Quid
2354 3210 2512 3280 igitur
2538 3206 2827 3264 verisimile
2866 3211 2983 3260 erat
3016 3204 3219 3273 justum
3250 3201 3396 3255 illum
3438 3208 3562 3254 tunc
3607 3198 3771 3253 fuisse

2182 3314 2480 3371 passurum,
2505 3298 2549 3352 si
2571 3296 2637 3352 ad
2659 3304 2856 3350 tantam
2877 3293 3257 3349 sublimitatem
3278 3289 3499 3346 vidisset
3517 3287 3782 3343 exaltatas'

2183 3404 2348 3460 aquas
2373 3388 2396 3441 ?
2420 3386 2590 3456 Super
2615 3393 2807 3440 montes
2833 3384 2974 3437 enim
2994 3423 3010 3449 ,
3043 3380 3243 3450 inquit,
3271 3377 3557 3449 quindecim
3594 3375 3771 3429 cubitis

2183 3480 2403 3534 exaltata
2428 3486 2498 3531 est
2522 3492 2674 3545 aqua.
2706 3473 3007 3527 Recordare
3029 3471 3187 3541 igitur
3217 3469 3302 3524 hic
3324 3510 3339 3534 ,
3368 3468 3564 3522 dilecte
3586 3507 3602 3531 ,
3650 3480 3769 3520 ver-

2185 3570 2371 3624 borum
2400 3565 2629 3632 Domini,
2657 3563 2870 3633 quando
2897 3561 3107 3616 diccbat
3131 3576 3143 3613 :
3180 3558 3301 3612 Non
3318 3556 3625 3634 permanebit
3649 3554 3774 3624 Spio

2185 3661 2312 3715 ritus
2333 3675 2473 3713 meus
2500 3658 2552 3710 in
2579 3653 2860 3708 hominibus
2890 3652 2998 3705 istis
3019 3692 3034 3716 ,
3063 3665 3121 3704 eo
3160 3648 3294 3719 quod
3326 3649 3424 3718 ipsi
3447 3656 3561 3699 sunt
3599 3660 3775 3699 carnes

2193 3751 2363 3825 (Gen.
2395 3751 2446 3806 6.
2471 3749 2505 3803 ‘5
2529 3747 2548 3817 )
2574 3764 2589 3812 ;
2611 3753 2665 3800 et
2691 3746 2883 3798 iterum
2907 3762 2922 3796 :
2951 3742 3201 3810 Corrupto
3231 3749 3301 3793 est
3324 3748 3475 3804 terra,
3498 3745 3544 3790 et
3570 3736 3776 3804 impleta

2189 3852 2261 3898 est
2308 3853 2441 3896 terra
2476 3836 2723 3909 injuetItia
2756 3835 2775 3906 (
2797 3833 2933 3889 Ibid.
2978 3848 3024 3887 v.
3065 3833 3187 3903 ii);
3219 3838 3271 3885 et
3295 3871 3311 3896 ,
3348 3829 3485 3884 Vidit
3526 3827 3774 3881 Dominus

2191 3943 2376 3989 terram
2395 3970 2412 3998 ,
2439 3940 2485 3986 et
2510 3940 2619 3984 erat
2658 3934 2897 3996 corrupta
2929 3941 2950 3979 :
2986 3924 3105 3994 quia
3133 3930 3426 3992 corruperat
3454 3920 3617 3974 omnis
3658 3935 3776 3972 caro

2191 4026 2323 4082 viam
2351 4040 2497 4079 suam
2534 4020 2721 4093 (Ibid.
2764 4035 2812 4072 v.
2859 4015 2998 4088 12).
3049 4016 3233 4084 itaque
3266 4015 3387 4084 quia
3417 4011 3682 4066 communi
3724 4018 3778 4064 et

2193 4117 2396 4185 integra
2422 4111 2789 4183 puriﬁcatione
2814 4108 2961 4163 orbis
2989 4104 3288 4175 indigebat,
3321 4110 3374 4157 et
3402 4112 3536 4172 opus
3557 4108 3673 4156 erat
3711 4098 3780 4152 ab

2193 4224 2258 4266 eo
2277 4220 2489 4265 omnem
2510 4202 2771 4260 maculam
2796 4199 2961 4267 ablui,
2985 4205 3040 4254 et
3059 4210 3219 4251 omne
3243 4194 3558 4249 fermentum
3587 4189 3779 4260 prioris

2195 4300 2410 4357 malitiae
2437 4295 2665 4361 sustolli,
2695 4303 2749 4349 et
2787 4305 2959 4363 neque
2982 4288 3258 4358 vestigium
3289 4283 3501 4339 malitia:
3525 4279 3777 4350 relinqui,

2195 4392 2292 4448 sed
2316 4390 2468 4461 quasi
2492 4388 2878 4444 elementorum
2908 4380 3302 4437 renovationem
3322 4373 3604 4446 quamdam
3624 4370 3738 4425 ﬁcri
3760 4388 3774 4422 :

2196 4483 2334 4539 sicut
2357 4481 2529 4535 bonus
2551 4475 2762 4542 artifex,
2793 4474 2839 4530 si
2866 4470 3079 4542 quando
3103 4468 3243 4523 videt
3274 4480 3367 4520 vas
3395 4461 3606 4533 aliquod
3633 4464 3782 4515 inve-

2200 4578 2429 4628 teratum
2449 4583 2480 4622 a
2496 4564 2738 4637 rubigine
2755 4560 2905 4632 quasi
2926 4557 3186 4624 consumi,
3209 4556 3405 4624 injecto
3425 4568 3489 4608 eo
3511 4552 3563 4606 in
3583 4552 3776 4621 ignem,

2201 4664 2253 4720 id
2276 4673 2417 4718 curat
2444 4669 2499 4715 ut
2516 4657 2767 4730 quidquid
2796 4655 2956 4709 habet
2983 4650 3239 4720 rubiginis
3261 4648 3512 4718 deponat,
3531 4651 3587 4697 et
3607 4652 3777 4697 trans-

2202 4755 2487 4811 formatum
2516 4752 2569 4806 in
2600 4748 2875 4819 pristinum
2906 4745 3151 4800 decorem
3184 4739 3404 4795 reducat
3442 4753 3455 4789 :
3495 4735 3566 4788 ita
3595 4740 3650 4787 et
3682 4733 3780 4785 Do-

2201 4846 2378 4903 minus
2400 4851 2584 4897 noster
2609 4849 2778 4894 totum
2803 4839 2985 4891 orbem
3010 4833 3112 4886 hoc
3136 4829 3335 4885 diluvio
3363 4824 3636 4895 purgavit,
3664 4832 3717 4876 et
3746 4836 3775 4874 a

2203 4936 2399 4994 malitia
2422 4931 2718 4992 hominum,
2749 4935 2807 4981 ut
2833 4926 2904 4979 ita
2930 4924 3122 4983 dicam,
3152 4928 3207 4974 et
3234 4933 3263 4971 a
3284 4911 3712 4983 coinquinationc
3733 4919 3787 4965 ct

2202 5024 2542 5094 corruptione
2564 5019 2724 5075 multa
2745 5012 3010 5078 liberavit,
3034 5020 3089 5066 et
3106 5009 3280 5064 denuo
3300 5005 3415 5076 ejus
3438 5002 3678 5058 restituta
3694 5000 3785 5054 fa-

2203 5119 2306 5186 cie,
2327 5092 2681 5186 pulchriorem
2712 5105 2854 5170 fecit,
2879 5103 2951 5156 ita
2978 5109 3035 5154 ut
3062 5114 3166 5154 non
3189 5094 3490 5167 permiserit
3508 5092 3593 5147 vel
3624 5092 3785 5145 vesti-

2204 5184 2346 5282 gium
2378 5202 2568 5275 prioris
2586 5193 2934 5253 deformitatis
2953 5190 3198 5260 relinqui.
3223 5187 3463 5242 Exaltata
3482 5193 3570 5252 est,
3602 5184 3787 5253 inquit,

2206 5315 2356 5369 super
2379 5301 2566 5349 montes
2585 5287 2866 5361 quindecim
2892 5282 3070 5339 cubitis
3097 5296 3247 5351 aqua.
3270 5278 3386 5333 Non
3411 5276 3507 5332 abs
3526 5290 3584 5330 re
3614 5282 3791 5328 narrat

2213 5393 2325 5446 haec
2354 5385 2624 5453 Scriptura
2646 5422 2662 5448 ,
2689 5378 2784 5435 sed
2811 5385 2866 5431 ut
2888 5375 3152 5430 discamus
3186 5388 3291 5426 non
3330 5370 3500 5425 solum
3528 5365 3791 5424 homines,

2206 5485 2477 5552 jumenta,
2505 5469 2898 5546 quadrupedes,
2927 5466 3135 5536 rrptilia
3161 5464 3434 5518 submersa
3465 5458 3626 5513 fuisse
3650 5494 3665 5520 ,
3696 5453 3791 5507 sed

2216 5584 2267 5630 et
2288 5574 2529 5628 volucres
2547 5566 2687 5635 cirli,
2710 5572 2763 5621 et
2783 5572 3128 5632 quaecumque
3148 5557 3200 5612 in
3227 5552 3493 5612 montibus
3507 5539 3793 5612 degebant.
