4066 6140
340 186 436 241 £27

333 301 473 355 feras
498 300 638 367 dico,
669 309 722 356 et
742 301 842 356 alia
864 303 1012 355 bruta
1038 305 1304 358 animalia.
1330 304 1531 360 Idcirco
1559 304 1685 360 dicit
1709 322 1725 361 :
1750 303 1881 359 Exul
1897 335 1911 348 ρ

1078 190 1131 247 s.
1172 190 1447 249 JOANNIS
1472 189 1944 248 cunrsosrosn
1994 190 2307 250 ARCIIIEP.
2340 170 2871 256 CONS'I‘ANTINOP.

3481 211 3591 272 228

2021 304 2182 370 tiam,
2220 305 2439 374 iustitiae
2483 310 2748 381 vigorem,
2792 312 2914 369 ﬁdei
2954 314 3359 387 excellentiam;
3387 317 3583 381 deinde

337 403 442 447 tuta
466 399 540 444 est
562 407 712 461 super
732 401 919 444 montes
943 394 1221 461 quindecim
1249 397 1423 449 cubitis
1451 412 1580 464 aqua
1609 411 1627 450 :
1656 406 1712 450 ut
1736 395 1913 451 disras
2016 409 2204 464 magna
2234 412 2353 452 cum
2384 399 2621 455 ubertate
2646 413 2961 472 assequutus
2981 414 3062 460 est
3088 421 3150 461 ea
3175 422 3290 477 qua:
3314 425 3345 464 a
3365 410 3590 468 Domino

330 482 648 536 sententiam
686 481 898 534 Domini
933 498 1097 551 opere
1132 486 1439 554 impletam;
1480 487 1687 541 dixerat
1725 488 1908 543 enim:

331 568 509 624 Adhuc
535 579 719 638 septem
744 570 850 623 dies
873 615 887 640 ,
921 584 966 627 et
993 575 1225 627 inducam
1246 576 1487 629 diluvium
1513 592 1662 647 super
1690 586 1872 629 terram
1893 617 1907 640 ,

330 679 376 721 et
409 652 580 721 delebo
600 685 797 722 omnem
822 666 1169 731 substantiam,
1200 682 1348 735 quam
1376 667 1499 734 feci,
1529 683 1559 718 a
1583 667 1709 732 facie
1730 675 1906 733 terrm,

327 758 390 809 ab
416 757 615 813 homine
636 775 791 828 usque
818 759 885 810 ad
909 773 1077 828 pecus,
1104 766 1156 809 et
1175 772 1206 807 a
1226 756 1485 824 reptilibus
1505 772 1660 826 usque
1677 757 1744 809 ad
1767 758 1907 811 vola-

328 850 436 902 tilia
458 850 567 903 ccch'
588 851 606 920 (
630 850 757 905 Gen.
790 852 842 906 7.
870 852 906 905 4
925 850 967 918 ).
1000 850 1125 903 Ηωο
1157 849 1306 903 nobis
1332 862 1360 901 a
1386 848 1657 917 Scriptura
1686 862 1907 903 narran-

329 950 412 992 tur
434 979 449 1004 ,
482 955 586 995 non
616 950 819 995 tantum
850 948 908 994 ut
946 941 1174 994 sciamus
1205 940 1258 993 in
1285 948 1534 1009 quantam
1577 940 1906 995 altitudinem

322 1045 475 1099 aquae
502 1032 837 1100 pervenerint
862 1050 875 1086 :
902 1031 993 1086 sed
1017 1040 1073 1084 ut
1098 1030 1254 1083 simul
1277 1030 1546 1085 videamus
1567 1031 1766 1084 nullum
1789 1045 1906 1085 om-

325 1122 453 1175 nino
481 1122 696 1189 animal,
732 1122 813 1177 vel
841 1122 1026 1186 feram,
1053 1122 1134 1175 vel
1163 1120 1459 1190 jumentum
1488 1121 1728 1175 relictum
1751 1136 1868 1177 esse
1887 1163 1901 1187 ,

323 1211 416 1265 sed
444 1212 619 1266 omnia
644 1227 764 1267 cum
788 1212 1021 1266 humano
1050 1226 1245 1280 genere
1270 1211 1465 1266 deleta.
1496 1211 1752 1279 Quoniam
1779 1228 1907 1283 pro-

324 1312 442 1371 pter
461 1305 631 1372 ipsum
653 1306 831 1359 omnia
856 1303 1109 1374 producta
1140 1312 1310 1368 erant,
1334 1303 1455 1359 inde
1474 1305 1735 1359 abolendo
1758 1321 1901 1374 eum,

326 1394 518 1449 merito
545 1405 595 1449 et
632 1395 745 1450 haec
775 1394 1036 1449 abolenda
1066 1403 1235 1448 erant.
1267 1380 1453 1448 Postea
1486 1394 1570 1448 ubi
1602 1394 1779 1449 docuit
1806 1410 1904 1453 nos

324 1483 377 1536 in
406 1494 656 1552 quantam
701 1484 1031 1538 altitudinem
1062 1484 1357 1538 accreverit
1389 1498 1645 1553 aquarum
1682 1495 1899 1557 natura,

323 1587 512 1641 nempe
535 1574 672 1642 quod
695 1574 795 1626 alta
820 1575 1079 1627 montium
1100 1573 1371 1628 cacumina
1395 1572 1693 1641 quindecim
1715 1576 1902 1631 cubitis

324 1657 735 1722 transcenderit,
751 1657 964 1713 solitam
978 1660 1474 1732 suamdiligenliam
1495 1676 1711 1719 servans
1734 1664 1862 1719 dicit
1884 1683 1898 1720 :

319 1748 406 1802 2i.
453 1749 519 1803 Et
556 1760 752 1804 mortua
792 1762 864 1806 est
886 1752 1046 1805 omnis
1083 1766 1202 1803 caro
1226 1792 1240 1815 ,
1266 1767 1376 1817 qua:
1422 1752 1709 1806 movebatur
1754 1770 1903 1825 super

320 1851 526 1907 terram,
557 1842 835 1895 volatilium
857 1882 871 1907 ,
896 1851 942 1893 et
959 1842 1327 1909 jumentorum,
1355 1849 1404 1894 et
1444 1844 1664 1911 ferarum
1690 1852 1736 1897 et
1756 1860 1903 1899 omne

318 1934 495 2001 reptile
530 1932 665 2002 quod
701 1932 985 1985 movebatur
1010 1947 1161 2000 super
1182 1940 1365 1984 terram
1389 1971 1402 1995 ,
1437 1941 1483 1983 et
1507 1932 1669 1985 omnis
1710 1932 1859 1986 homo
1881 1974 1897 2001 ,

316 2022 405 2075 22.
429 2031 473 2076 et
493 2024 660 2076 omnia
680 2038 792 2091 qua:
810 2022 990 2074 habent
1010 2022 1244 2089 spiritum
1264 2021 1394 2087 vitm,
1415 2031 1459 2074 et
1481 2023 1778 2091 quicumque
1796 2033 1903 2077 erat

324 2128 476 2182 super
510 2114 708 2166 aridam
727 2155 741 2180 ,
784 2123 1009 2165 mortuus
1037 2121 1129 2164 est.
1163 2110 1345 2180 Neque
1372 2110 1471 2165 hoc
1499 2112 1812 2181 simpliciter
1847 2122 1902 2168 et

316 2203 513 2273 absque
538 2218 696 2258 causa
726 2203 857 2257 dixit
887 2221 900 2257 :
932 2201 1000 2255 Et
1030 2202 1192 2255 omnis
1220 2202 1304 2271 qui
1344 2211 1450 2255 erat
1477 2219 1629 2270 super
1657 2204 1853 2257 aridam
1881 2220 1900 2258 :

316 2293 411 2347 sed
434 2303 492 2348 ut
517 2302 567 2348 te
592 2293 781 2348 doceat
801 2307 984 2348 omnes
1004 2293 1215 2362 quidem
1239 2293 1479 2361 periisse,
1495 2293 1694 2362 justum
1725 2304 1901 2350 autem

314 2385 485 2438 solum
524 2400 644 2439 cum
683 2385 929 2439 omnibus
969 2386 1033 2438 iis
1063 2387 1151 2454 qui
1194 2385 1248 2438 in
1275 2400 1396 2438 arca
1439 2394 1592 2440 erant
1634 2398 1899 2442 servatum

321 2490 460 2529 esse.
505 2474 636 2528 Nam
668 2475 753 2528 isti
783 2474 1070 2529 secundum
1111 2474 1414 2528 mandatum
1448 2475 1688 2543 Domini,
1719 2478 1903 2532 relicta

315 2567 487 2633 arida,
516 2582 695 2620 arcam
723 2564 1165 2621 conscenderant.
1188 2566 1275 2619 25.
1312 2565 1378 2619 Et
1414 2566 1587 2620 delevit
1619 2584 1762 2621 omne
1786 2584 1899 2621 sur-

315 2674 437 2727 gens
473 2657 606 2726 quod
629 2666 736 2709 erat
774 2673 924 2726 super
948 2656 1127 2726 faciem
1177 2655 1339 2709 ontnis
1380 2665 1525 2710 terra:
1547 2696 1563 2722 ,
1607 2656 1668 2709 ab
1703 2657 1903 2712 homine

314 2762 467 2815 usque
484 2746 555 2798 ad
572 2761 740 2816 pecus,
763 2755 808 2799 et
829 2746 1048 2814 reptilia,
1068 2754 1113 2799 et
1135 2744 1359 2799 volatilia
1379 2744 1511 2811 cwh‘,
1533 2754 1581 2799 et
1602 2746 1763 2801 deleta
1782 2756 1901 2801 sunt

319 2839 381 2892 de
408 2849 564 2893 terra.
595 2836 725 2893 Vide
752 2837 1018 2907 quomodo
1040 2837 1091 2891 et
1118 2837 1283 2891 semel
1310 2844 1365 2891 et
1394 2836 1586 2891 iterum
1612 2846 1771 2907 atque
1791 2854 1893 2894 Ste-

316 2930 431 2998 pius
472 2943 810 2984 communem
852 2928 1087 2982 omnium
1131 2927 1402 2982 interitum
1444 2926 1631 2983 doceat
1672 2927 1898 2995 factum,

313 3027 369 3071 et
393 3017 533 3086 quod
564 3017 693 3071 nihil
721 3017 1008 3071 viventium
1035 3015 1314 3085 effugerit,
1345 3015 1437 3072 sed
1468 3016 1566 3070 sub
1594 3017 1748 3086 aquis
1792 3016 1900 3071 suf-

316 3109 540 3161 focatum
558 3108 626 3161 sit
641 3123 797 3161 omne
817 3116 923 3160 tam
940 3106 1235 3171 hominum,
1250 3120 1406 3176 quam
1426 3105 1697 3160 brutorum
1714 3122 1896 3176 genus.

318 3199 382 3252 Et
401 3201 602 3252 relictus
621 3208 712 3264 est,
738 3199 927 3266 inquit,
954 3197 1089 3250 solus
1115 3196 1250 3261 Noe,
1276 3207 1322 3248 et
1346 3196 1430 3264 qui
1450 3212 1561 3249 cum
1583 3196 1671 3249 illo
1687 3198 1738 3250 in
1759 3215 1895 3251 arca.

293 3282 403 3345 '24.
436 3290 502 3343 Et
533 3289 754 3343 exaltata
787 3299 858 3342 est
888 3304 1019 3356 aqua
1045 3303 1197 3355 super
1218 3296 1403 3339 terram
1428 3295 1624 3339 centum
1652 3289 1901 3355 quinqua-

314 3382 455 3449 ginta
482 3377 677 3431 diebus.
704 3377 806 3431 Tot
832 3376 1021 3431 diebus
1044 3416 1057 3439 ,
1089 3376 1289 3443 inquit,
1319 3374 1524 3428 mansit
1552 3377 1790 3431 sublimis
1817 3378 1900 3432 illa

315 3483 571 3538 aquarum
598 3466 839 3521 altitudo.
873 3465 1067 3520 Iterum
1116 3465 1273 3519 etiam
1306 3464 1392 3519 hic
1430 3468 1597 3535 cogita
1621 3466 1747 3535 justi
1784 3482 1900 3521 ma-

311 3560 721 3633 gnanimitatem
752 3567 806 3613 et
838 3557 1187 3612 excellentem
1218 3555 1602 3610 fortitudinem.
1628 3557 1763 3623 Quid
1794 3573 1901 3613 non

317 3636 508 3720 passus
534 3659 616 3704 est
641 3650 817 3703 animo
842 3648 1148 3717 concipiens
1171 3688 1184 3711 ,
1218 3661 1280 3701 ac
1306 3648 1691 3716 propemodum
1724 3658 1900 3704 mente

314 3726 499 3796 videns
523 3756 748 3810 corpora
780 3741 1051 3794 hominum
1081 3748 1134 3793 et
1153 3738 1540 3808 jumentorum,
1579 3740 1898 3795 mundorum

314 3841 368 3886 et
396 3831 786 3886 immundorum
809 3873 822 3898 ,
845 3844 1179 3885 communem
1205 3838 1432 3885 mortem
1459 3830 1771 3885 sustinentia
1793 3872 1807 3898 ,
1837 3841 1893 3887 et

316 3922 475 3975 simul
500 3921 787 3975 commixta
811 3960 826 3987 ,
860 3920 1171 3988 nullumque
1216 3920 1267 3972 in
1295 3918 1544 3972 omnibus
1570 3919 1899 3975 discrimen?

318 4013 602 4078 Prin-terea,
627 4012 753 4082 quid
777 4026 964 4082 passus
983 4020 1085 4075 est,
1108 4009 1320 4079 quando
1344 4008 1483 4079 apud
1504 4023 1561 4065 se
1580 4010 1900 4079 recogitabat

244 4157 255 4167 ,
315 4102 675 4168 solitudinem,
698 4102 1017 4168 vastitatem,
1032 4101 1194 4153 vitam
1211 4097 1356 4151 illam
1376 4096 1646 4152 doloribus
1666 4099 1896 4169 plenam,

314 4193 659 4249 omnisolatio
672 4190 900 4258 undique
911 4190 1211 4244 deStitutam
1221 4230 1234 4250 ,
1249 4201 1419 4255 neque
1431 4185 1717 4255 colloquio,
1728 4203 1900 4260 neque

314 4280 840 4354 aspectu-jucundam
866 4294 1017 4334 :cum
1048 4293 1154 4333 non
1184 4279 1339 4347 plane
1366 4277 1526 4331 sciret
1543 4287 1740 4347 quanto
1763 4288 1897 4334 tem-

318 4389 444 4444 pore
463 4371 680 4427 ferenda
701 4378 841 4425 esset
873 4370 961 4423 illa
992 4370 1042 4422 in
1077 4382 1290 4423 carcere
1312 4368 1451 4421 vita?
1478 4367 1737 4433 Quamdiu
1758 4371 1897 4424 enim

316 4464 567 4532 strepitus
590 4476 864 4531 aquarum,
881 4470 934 4516 et
950 4469 1109 4515 aestus
1133 4467 1307 4526 erant,
1330 4460 1571 4520 timorem
1588 4459 1640 4513 in
1658 4460 1749 4514 illo
1764 4474 1897 4529 quo-

315 4556 443 4611 tidie
468 4561 796 4609 crescentem
834 4551 1173 4622 generabant.
1226 4549 1362 4617 Quid
1388 4549 1529 4604 enim
1559 4550 1776 4619 jucundi
1802 4565 1895 4605 su-

314 4646 509 4719 spicari
538 4646 651 4715 ipse
676 4653 901 4714 poterat,
926 4644 1014 4713 qui
1043 4642 1256 4696 videbat
1281 4652 1492 4695 centum
1523 4642 1895 4711 quinquaginta

315 4740 431 4795 dies
457 4752 620 4808 aquas
641 4741 695 4790 in
715 4735 900 4790 eadem
927 4733 1077 4802 copia
1102 4741 1399 4795 manentes,
1427 4740 1482 4785 et
1501 4732 1553 4784 in
1583 4732 1745 4786 altum
1771 4733 1896 4787 sub-

317 4831 447 4884 latas
487 4844 554 4884 ne
595 4826 870 4881 minimum
908 4822 1123 4893 quidem
1154 4820 1474 4875 subsidere?
1516 4818 1894 4876 Verumtamen

317 4920 521 4975 ferebat
566 4918 775 4973 fortiter
800 4958 814 4982 ,
860 4916 1035 4969 sciens
1063 4911 1273 4967 Domini
1317 4912 1753 4980 omnipotentiam
1778 4953 1792 4976 ,
1835 4923 1891 4969 et

318 5012 489 5079 ipsum
540 5018 725 5077 utpote
766 5004 1106 5061 Conditorem
1155 5010 1356 5056 natura:
1402 5001 1576 5056 omnia
1606 5016 1703 5070 pro
1745 5002 1893 5057 Iibito

317 5102 511 5165 facere,
534 5109 588 5153 et
615 5098 1011 5161 transformare,
1035 5109 1205 5163 neque
1224 5107 1365 5163 mgre
1393 5090 1596 5146 ferebat
1625 5093 1763 5160 quod
1787 5093 1893 5148 illic

316 5202 456 5247 esset
501 5189 839 5245 versandum.
887 5186 1018 5241 Nam
1070 5184 1162 5239 Dei
1204 5183 1369 5253 gratia
1419 5181 1702 5237 roborabat
1750 5181 1893 5237 illius

314 5279 660 5341 alacritatem,
686 5286 739 5331 et
763 5275 1114 5333 sufficientem
1140 5272 1410 5343 prmbebat
1436 5270 1851 5327 consolationem
1872 5313 1889 5340 ,

318 5386 491 5441 neque
514 5369 721 5425 sinebat
762 5370 1123 5425 labimentem
1150 5406 1165 5431 ,
1208 5373 1262 5419 et
1291 5364 1526 5432 cogitare
1563 5362 1761 5433 aliquid
1801 5372 1892 5417 aut

316 5478 498 5534 parum
528 5461 700 5528 virile,
746 5470 834 5516 aut
860 5461 1033 5515 minus
1056 5470 1392 5529 generosum.
1425 5454 1556 5523 Quia
1579 5454 1719 5508 enim
1747 5454 1889 5522 prius

317 5556 457 5633 quod
494 5569 647 5611 suum
675 5561 786 5609 erat
827 5550 1139 5607 adhibuerat
1164 5592 1177 5616 ,
1205 5564 1399 5619 nempe
1428 5548 1635 5604 virtutis
1666 5547 1885 5616 diligen-

2014 487 2482 553 suppeditabantur
2505 506 2519 556 ;
2543 491 2789 547 nimirum
2820 494 3123 561 patientiam
3145 536 3159 561 ,
3187 497 3546 556 fortitudinem
3568 545 3585 571 ,

2013 570 2316 630 facultatem
2360 581 2535 633 omnia
2586 594 2864 639 mansuete
2914 584 3157 653 ferendi,
3191 591 3590 663 sustinendique

2013 676 2150 717 arcte
2172 664 2603 724 inhabitationem
2630 672 2758 726 citra
2784 673 2962 728 damni
2982 678 3441 750 corruptionisque
3463 698 3585 737 sen-

2012 766 2148 821 sum,
2175 770 2347 825 neque
2371 758 2654 815 bestiarum
2677 764 2978 821 convictum
3008 767 3332 825 fastidiendi.

2092 843 2143 896 7.
2185 845 2400 903 Moralis
2421 851 2742 920 exhortatio;
2757 856 2864 909 sine
2887 874 3105 926 superna
3135 861 3300 929 gratia
3323 863 3450 916 nihil
3471 865 3585 917 boni

2012 946 2159 1000 agere
2185 950 2468 1003 possumus.
2487 970 2557 979 —
2578 941 2728 997 Illum
2749 944 2906 1014 igitur
2925 947 3126 1015 justum
3145 989 3162 1016 ,
3188 950 3433 1016 obsecro,
3459 953 3581 1007 imi-

2013 1028 2189 1077 temur
2224 1034 2278 1080 et
2319 1042 2449 1095 nos,
2472 1044 2795 1103 Operamque
2818 1034 3022 1104 demus,
3050 1046 3106 1091 ut
3146 1038 3427 1096 alieramus
3465 1058 3584 1112 quae

2012 1124 2189 1169 nostra
2216 1127 2372 1185 sunt,
2402 1130 2458 1176 ut
2497 1122 2683 1193 dignos
2722 1141 2831 1181 nos.
2849 1127 2994 1196 ipsos
3041 1145 3287 1199 paremus
3319 1132 3392 1189 iis
3408 1150 3528 1204 quae
3553 1152 3585 1190 :t

2009 1203 2120 1261 Deo
2145 1204 2356 1262 dantur.
2383 1209 2513 1265 Nam
2552 1213 2749 1271 idcirco
2773 1226 3045 1287 exspectat
3065 1222 3371 1278 occasiones
3397 1203 3463 1280 ex
3487 1242 3585 1280 no-

2012 1293 2128 1364 bis,
2165 1306 2225 1353 ttt
2285 1301 2505 1357 multam
2551 1305 2801 1362 exhibeat
2842 1308 3235 1367 liberalitatem.
3288 1314 3469 1386 Itaque
3512 1334 3583 1373 ne

2008 1398 2229 1459 propter
2255 1391 2512 1449 desidiam
2538 1398 2810 1465 privemus
2831 1416 2927 1455 nos
2952 1402 3095 1457 illius
3114 1404 3287 1471 donis,
3311 1407 3403 1461 sed
3432 1407 3581 1463 festi-

2008 1494 2197 1536 nemus
2221 1491 2276 1538 et
2298 1499 2579 1553 urgeamus
2601 1528 2616 1555 ,
2651 1497 2708 1543 ut
2735 1491 3050 1561 principium
3085 1496 3545 1566 apprehendamus
3563 1540 3581 1564 ,

2007 1580 2062 1627 et
2087 1573 2224 1628 viam
2251 1590 2370 1645 quze
2394 1577 2461 1632 ad
2487 1580 2733 1635 virtutem
2778 1583 2980 1639 inducit
3010 1601 3024 1637 :
3057 1595 3116 1640 ut
3146 1601 3380 1656 superno
3417 1590 3583 1659 adiuti

2005 1662 2263 1731 subsidio,
2288 1665 2450 1720 etiam
2472 1667 2537 1721 ad
2564 1669 2725 1725 ﬁnem
2762 1675 3041 1741 pervenire
3068 1677 3360 1733 valeamus.
3396 1680 3582 1750 Neque

2005 1755 2145 1809 enim
2162 1758 2415 1826 possibile
2440 1769 2522 1815 est
2542 1761 2738 1817 bonum
2765 1765 2977 1836 aliquod
2996 1783 3092 1825 nos
3124 1780 3269 1826 recte
3294 1787 3451 1841 agere
3473 1791 3579 1831 non

2004 1842 2215 1913 adjutos
2242 1860 2470 1917 superna
2496 1852 2687 1919 gratia.
2712 1853 2873 1923 Igitur
2903 1857 3035 1912 tales
3060 1859 3245 1926 simus,
3267 1863 3356 1930 qui
3383 1876 3582 1933 appen-

2003 1934 2192 1991 damus
2216 1952 2314 1992 nos
2340 1938 2393 1993 in
2419 1954 2568 2009 spem
2588 1957 2705 2012 quae.
2734 1945 2787 1998 in
2813 1945 2978 2001 Deum
3007 1958 3109 2015 est,
3128 1951 3275 2019 quasi
3304 1953 3355 2005 in
3384 1953 3581 2008 ancho-

2005 2039 2121 2079 ram
2144 2027 2372 2097 aliquam
2404 2037 2567 2085 tutam
2593 2042 2646 2087 et
2670 2033 2946 2104 stabilem,
2977 2046 3031 2091 et
3067 2052 3139 2093 ne
3185 2040 3251 2093 ad
3296 2041 3528 2097 laborem
3562 2046 3579 2075 ί

2003 2115 2214 2170 virtutis
2230 2118 2576 2186 respiciamus
2592 2160 2608 2187 ,
2637 2120 2731 2175 sed
2756 2124 3152 2181 considerantes
3178 2128 3579 2187 retributionem

2004 2217 2123 2273 qute
2154 2204 2387 2261 laborem
2415 2210 2673 2277 sequitur,
2703 2210 2892 2267 leviter
2915 2215 3091 2269 omnia
3113 2214 3365 2273 feramus.
3398 2220 3579 2291 Siqui-

2005 2293 2125 2348 dem
2154 2296 2470 2367 negotiator,
2498 2299 2543 2353 si
2566 2300 2780 2369 quando
2807 2316 2875 2357 ex
2912 2313 3069 2373 portu
3103 2320 3348 2376 egressus
3384 2309 3437 2364 in
3468 2326 3581 2367 me-

2005 2384 2151 2439 dium
2171 2387 2332 2442 maris
2358 2390 2566 2444 venerit
2587 2431 2603 2458 ,
2636 2405 2740 2446 non
2758 2392 2866 2462 jam
2892 2394 3091 2465 piratas
3111 2437 3127 2464 ,
3160 2412 3265 2452 non
3290 2399 3577 2471 naufragia,

2005 2489 2110 2532 non
2132 2478 2363 2533 marinas
2381 2479 2606 2550 belluas,
2637 2497 2744 2537 non
2767 2494 3046 2541 ventorum
3073 2488 3342 2556 incursus,
3366 2500 3418 2546 et
3444 2506 3546 2547 cun
3561 2526 3576 2533 -

2006 2567 2183 2622 tinuas
2202 2578 2562 2640 tempestates,
2584 2582 2637 2628 et
2658 2575 2822 2629 multa
2838 2576 3123 2631 infortunia
3148 2580 3345 2649 cogitat
3371 2581 3539 2636 solum
3560 2624 3579 2649 ,

2006 2657 2098 2713 sed
2125 2658 2284 2713 etiam
2330 2661 2477 2716 lucra
2520 2664 2621 2719 sibi
2666 2665 2958 2721 obventura
2977 2709 2992 2732 ,
3021 2682 3139 2723 cum
3168 2669 3256 2725 illa
3292 2670 3534 2743 eﬂ‘ugerit
3563 2692 3577 2726 :

2006 2761 2208 2818 speque
2235 2747 2421 2819 fultus,
2447 2766 2632 2808 omnes
2659 2755 2937 2823 praedictas
2963 2771 3228 2813 aerumnas
3256 2760 3403 2814 facile
3431 2763 3579 2824 exci.

2006 2837 2103 2905 pit,
2135 2846 2191 2893 ut
2213 2842 2382 2895 auctis
2407 2842 2599 2910 opibus
2633 2843 2743 2898 suis
2777 2844 2990 2899 domum
3020 2846 3223 2902 redeat.
3252 2849 3317 2903 Et
3350 2850 3578 2919 agricola

2006 2941 2113 2981 non
2144 2930 2477 2998 agriculturae
2496 2939 2700 2986 tantum
2724 2933 2934 2988 labores
2961 2936 3177 3004 cogitat,
3202 2946 3256 2991 et
3281 2938 3496 3002 imbres,
3527 2950 3579 2994 et

2007 3024 2165 3072 terra:
2203 3019 2537 3076 sterilitatem
2564 3061 2581 3089 ,
2610 3037 2674 3078 ac
2717 3023 2977 3094 rubiginis
3016 3026 3322 3093 incursum,
3352 3029 3579 3084 locusta-

2007 3120 2230 3176 rumque
2272 3108 2499 3179 ‘damna,
2526 3112 2621 3167 sed
2665 3122 2719 3169 et
2768 3128 2946 3170 aream
2973 3124 3028 3171 et
3061 3118 3361 3189 manipulos
3400 3121 3581 3177 animo

2006 3210 2186 3250 secum
2225 3196 2536 3256 describens
2554 3243 2570 3269 ,
2597 3201 2805 3259 fortiter
2827 3204 2929 3261 fert
2952 3207 3130 3262 omnia
3150 3248 3166 3274 ,
3197 3218 3253 3263 et
3277 3224 3388 3279 pra:
3418 3211 3579 3266 bono.

2006 3301 2124 3340 rum
2172 3293 2570 3358 exspectatione
2616 3307 2788 3364 neque
2835 3294 3047 3351 labores
3087 3297 3252 3353 sentit
3289 3316 3302 3351 :
3338 3303 3581 3369 quamvis

2007 3378 2222 3435 incerte
2247 3397 2373 3450 spes
2408 3385 2535 3452 sint,
2560 3396 2921 3443 verumtamen
2950 3402 3047 3459 spe
3073 3390 3281 3445 meliori
3321 3394 3578 3461 pascitur,

2006 3484 2106 3524 nec
2130 3473 2399 3528 renuntiat
2433 3474 2703 3532 laboribus
2721 3516 2737 3543 ,
2763 3478 2858 3533 sed
2884 3480 3062 3534 omnia
3095 3496 3215 3550 quae
3242 3481 3309 3536 ad
3332 3498 3392 3539 se
3418 3486 3579 3553 perti-

2005 3571 2134 3615 nent
2158 3560 2385 3618 aﬂerens
2408 3604 2425 3632 ,
2453 3576 2731 3637 exspectat
2768 3577 2826 3623 ut
2851 3570 3133 3641 aliquando
3161 3571 3401 3629 laborum
3429 3578 3575 3631 acci-

2005 3651 2115 3719 piat
2140 3654 2437 3709 mercedes.
2469 3656 2532 3709 Et
2556 3657 2713 3713 miles
2729 3673 2940 3729 quoque
2964 3664 3055 3733 qui
3076 3665 3299 3720 assumit
3322 3680 3468 3721 arma
3485 3707 3503 3734 ,
3524 3680 3579 3726 et

2004 3740 2058 3794 in
2090 3742 2332 3810 praelium
2359 3745 2628 3814 egreditur
2651 3788 2667 3816 ,
2698 3762 2804 3803 non
2844 3751 3040 3821 cogitat
3083 3755 3305 3811 vulnera
3334 3765 3535 3814 tantum
3559 3800 3577 3825 ,

2002 3831 2198 3898 ctedes,
2229 3843 2285 3889 et
2307 3833 2541 3891 hostium
2580 3837 2824 3895 incursus
2842 3882 2858 3906 ,
2890 3842 3128 3913 aliasque
3155 3860 3421 3902 aerumnas
3440 3888 3453 3914 ,
3480 3851 3575 3905 sed

2003 3922 2166 3979 etiam
2192 3924 2442 3981 victorias
2462 3966 2477 3993 ,
2508 3935 2563 3982 et
2593 3927 2889 3999 triumphos
2930 3930 3033 3987 sibi
3057 3933 3408 4007 praztingens,
3430 3941 3575 3995 omni

2002 4023 2275 4070 armatura
2291 4029 2351 4071 se
2374 4017 2575 4083 munit,
2608 4027 2663 4073 et
2689 4033 2810 4074 cum
2840 4021 3074 4078 incertus
3098 4025 3251 4081 valde
3274 4028 3345 4082 sit
3365 4030 3538 4086 exitus
3558 4073 3573 4097 ,

2004 4115 2059 4158 et
2086 4103 2279 4159 damna
2307 4106 2653 4172 immineant,
2676 4111 2904 4180 repulsis
2924 4111 2992 4168 iis
3016 4114 3260 4171 omnibus
3280 4131 3347 4171 ex
3373 4120 3574 4185 animo,

2003 4210 2067 4250 ac
2107 4195 2249 4251 bona
2288 4211 2383 4267 spe
2418 4201 2717 4269 proposita,
2738 4202 2890 4273 ponit
2927 4217 3141 4260 omnem
3189 4215 3452 4276 torporem
3474 4251 3491 4277 ,
3522 4222 3575 4267 et

2002 4288 2237 4356 acceptis
2260 4289 2423 4344 armis
2442 4298 2625 4345 contra
2648 4292 2877 4352 hostium
2898 4294 3066 4350 aciem
3089 4309 3360 4367 properat.
3393 4299 3573 4370 Igitur,

2002 4379 2211 4445 dilecti,
2237 4380 2282 4434 si
2308 4381 2626 4451 negotiator,
2653 4392 2706 4439 et
2728 4384 2879 4440 miles
2897 4426 2913 4451 ,
2938 4394 2993 4440 et
3019 4388 3271 4456 agricola,
3301 4389 3389 4444 ubi
3408 4400 3462 4445 et
3488 4391 3573 4447 in-

2002 4481 2146 4526 certa
2192 4487 2337 4543 spes,
2377 4482 2431 4529 et
2478 4474 2660 4543 plures
2702 4474 3091 4544 frustrationes,
3136 4488 3295 4549 atque
3344 4481 3574 4551 impedi-

2003 4573 2181 4617 menta
2203 4603 2217 4630 ,
2247 4565 2382 4619 sicut
2411 4564 2633 4621 audistis
2654 4607 2668 4630 ,
2698 4567 2862 4621 multa
2892 4577 2947 4622 et
2968 4567 3145 4635 varia,
3168 4584 3273 4623 non
3304 4571 3374 4625 ita
3405 4572 3573 4627 refor~

2001 4653 2168 4709 midat
2192 4654 2420 4718 labores,
2446 4664 2506 4710 ut
2549 4671 2579 4710 a
2618 4657 2824 4711 meliori
2866 4668 3145 4726 propterea
3174 4673 3271 4728 spe
3303 4661 3526 4717 desistat
3554 4681 3569 4718 :

2000 4744 2143 4814 quali
2162 4760 2259 4799 nos
2279 4746 2431 4800 venia
2449 4746 2590 4816 digni
2610 4747 2810 4802 erimus
2834 4748 2909 4801 ita
2930 4749 3259 4818 negligentes
3290 4752 3357 4806 ad
3382 4767 3571 4823 capes-

1999 4836 2218 4891 sendam
2244 4836 2514 4904 virtutem,
2538 4847 2717 4893 etnon
2737 4854 2951 4895 omnem
2978 4840 3214 4898 laborem
3235 4852 3425 4911 sponte
3446 4844 3569 4898 sub-

1999 4937 2221 4995 euntes,
2261 4943 2382 4983 cum
2413 4939 2521 4984 tam
2560 4945 2747 4986 secura
2778 4939 2956 4986 nostra
3002 4946 3127 5001 spes
3165 4934 3268 4999 sit,
3321 4944 3572 5005 tantaque

1998 5021 2136 5077 bona
2164 5021 2317 5076 nobis
2347 5022 2607 5090 reposita,
2635 5036 2697 5075 ac
2736 5022 2951 5091 praemia
2989 5030 3044 5077 et
3085 5023 3360 5079 mercedes
3391 5026 3569 5080 omnia

1998 5129 2115 5183 quae
2141 5129 2171 5167 a
2197 5114 2348 5168 nobis
2370 5122 2514 5169 recte
2538 5122 2793 5184 geruntur
2814 5114 2993 5169 multis
3014 5116 3253 5184 partibus
3272 5127 3522 5185 superent
3547 5116 3573 5169 ?

1999 5203 2134 5257 Audi
2160 5204 2318 5273 igitur
2334 5204 2546 5258 beatum
2582 5204 2825 5270 Paulum,
2845 5213 2965 5274 post
2992 5213 3166 5260 tantas
3190 5214 3245 5261 et
3274 5208 3410 5261 tales
3434 5206 3570 5261 afﬂi-

1959 5357 1968 5364 _
1995 5297 2228 5361 ctiones,
2258 5304 2313 5350 et
2334 5295 2405 5350 ad
2432 5294 2710 5350 tribunalia
2737 5295 3114 5362 abductiones,
3138 5306 3193 5353 et
3214 5312 3490 5365 carceres,
3514 5308 3568 5355 et

2062 5433 2075 5460 ¹
2113 5429 2253 5498 savii.
2273 5439 2324 5481 et
2342 5436 2557 5498 quatuor
2576 5436 2680 5498 Mss.
2718 5430 2787 5478 sic
2809 5428 2992 5479 habent
3015 5441 3038 5498 :_
3060 5429 3209 5491 Igitur
3230 5429 3281 5498 in
3302 5441 3435 5490 spem
3455 5431 3559 5488 Dei,

2000 5499 2137 5553 quast
2171 5490 2219 5540 in
2242 5490 2503 5540 anchoram
2542 5497 2708 5553 tutam,
2733 5502 2817 5541 nos
2847 5490 3187 5553 appendetttes,
3211 5490 3282 5541 sic
3302 5504 3462 5543 amata
3477 5505 3559 5553 ag-

2000 5552 2297 5613 grediamur,
2321 5560 2365 5601 et
2388 5565 2446 5601 ne
2468 5553 2531 5600 ad
2555 5550 2778 5605 laborem.
