  <div class='ocr_page' id='page_1' title='image "/cluster/home/n/w/nwhite01/storage/ocr_20150623/53/mdp.39015028539479/228.png"; bbox 0 0 4066 6140; ppageno 0'>
   <div class='ocr_carea' id='block_1_1' title="bbox 225 279 339 338">
    <p class='ocr_par' dir='ltr' id='par_1_1' title="bbox 225 279 339 338">
     <span class='ocr_line' id='line_1_1' title="bbox 225 279 339 338; baseline 0 -3"><span class='ocrx_word' id='word_1_1' title='bbox 225 279 339 338; x_wconf 74' lang='lat'>2‘27</span> 
     </span>
    </p>
   </div>
   <div class='ocr_carea' id='block_1_2' title="bbox 222 391 1908 469">
    <p class='ocr_par' dir='ltr' id='par_1_2' title="bbox 222 391 1908 469">
     <span class='ocr_line' id='line_1_2' title="bbox 222 391 1908 469; baseline 0.002 -21"><span class='ocrx_word' id='word_1_2' title='bbox 222 394 386 448; x_wconf 75' lang='grc' dir='ltr'>τεινά</span> <span class='ocrx_word' id='word_1_3' title='bbox 413 391 510 446; x_wconf 86' lang='grc' dir='ltr'>τοῦ</span> <span class='ocrx_word' id='word_1_4' title='bbox 539 392 792 465; x_wconf 88' lang='grc' dir='ltr'>οὐρανοῦ,</span> <span class='ocrx_word' id='word_1_5' title='bbox 817 393 912 445; x_wconf 76' lang='grc' dir='ltr'>καὶ</span> <span class='ocrx_word' id='word_1_6' title='bbox 937 391 1038 446; x_wconf 81' lang='grc' dir='ltr'>ὅσα</span> <span class='ocrx_word' id='word_1_7' title='bbox 1075 391 1132 446; x_wconf 92' lang='grc' dir='ltr'>ἐν</span> <span class='ocrx_word' id='word_1_8' title='bbox 1163 391 1274 469; x_wconf 73' lang='grc' dir='ltr'>τοῖς</span> <span class='ocrx_word' id='word_1_9' title='bbox 1298 391 1450 464; x_wconf 84' lang='grc' dir='ltr'>δρεσι</span> <span class='ocrx_word' id='word_1_10' title='bbox 1477 395 1718 468; x_wconf 77' lang='grc' dir='ltr'>διῃτᾶτο,</span> <span class='ocrx_word' id='word_1_11' title='bbox 1744 396 1908 468; x_wconf 98' lang='grc' dir='ltr'>θηρία</span> 
     </span>
    </p>
   </div>
   <div class='ocr_carea' id='block_1_3' title="bbox 224 479 1908 552">
    <p class='ocr_par' dir='ltr' id='par_1_3' title="bbox 224 479 1908 552">
     <span class='ocr_line' id='line_1_3' title="bbox 224 479 1908 552; baseline 0.002 -18"><span class='ocrx_word' id='word_1_12' title='bbox 224 480 381 551; x_wconf 71' lang='grc' dir='ltr'>λέγω</span> <span class='ocrx_word' id='word_1_13' title='bbox 412 481 506 534; x_wconf 77' lang='grc' dir='ltr'>καὶ</span> <span class='ocrx_word' id='word_1_14' title='bbox 528 479 691 544; x_wconf 82' lang='grc' dir='ltr'>ἔτερα</span> <span class='ocrx_word' id='word_1_15' title='bbox 713 479 882 547; x_wconf 82' lang='grc' dir='ltr'>άλογα</span> <span class='ocrx_word' id='word_1_16' title='bbox 914 479 1048 542; x_wconf 79' lang='grc' dir='ltr'>ζῶα.</span> <span class='ocrx_word' id='word_1_17' title='bbox 1076 479 1174 532; x_wconf 90' lang='grc' dir='ltr'>Διά</span> <span class='ocrx_word' id='word_1_18' title='bbox 1194 479 1352 533; x_wconf 85' lang='grc' dir='ltr'>τοῦτό</span> <span class='ocrx_word' id='word_1_19' title='bbox 1377 499 1530 552; x_wconf 79' lang='grc' dir='ltr'>φησι,</span> <span class='ocrx_word' id='word_1_20' title='bbox 1555 483 1667 535; x_wconf 85' lang='lat' dir='ltr'><strong><em>Kal</em></strong></span> <span class='ocrx_word' id='word_1_21' title='bbox 1698 485 1908 552; x_wconf 75' lang='grc' dir='ltr'>ὑψώθη</span> 
     </span>
    </p>
   </div>
   <div class='ocr_carea' id='block_1_4' title="bbox 226 566 1908 641">
    <p class='ocr_par' dir='ltr' id='par_1_4' title="bbox 226 566 1908 641">
     <span class='ocr_line' id='line_1_4' title="bbox 226 566 1908 641; baseline 0.001 -18"><span class='ocrx_word' id='word_1_22' title='bbox 226 569 436 624; x_wconf 72' lang='grc' dir='ltr'>ἐπάνω</span> <span class='ocrx_word' id='word_1_23' title='bbox 480 567 600 622; x_wconf 80' lang='grc' dir='ltr'>τῶν</span> <span class='ocrx_word' id='word_1_24' title='bbox 625 567 810 636; x_wconf 80' lang='grc' dir='ltr'>ὀρέων</span> <span class='ocrx_word' id='word_1_25' title='bbox 842 566 1175 622; x_wconf 80' lang='grc' dir='ltr'>δεκαπέντε</span> <span class='ocrx_word' id='word_1_26' title='bbox 1216 566 1452 637; x_wconf 78' lang='grc' dir='ltr'>πήχεις,</span> <span class='ocrx_word' id='word_1_27' title='bbox 1484 570 1571 623; x_wconf 80' lang='grc' dir='ltr'>ἵνα</span> <span class='ocrx_word' id='word_1_28' title='bbox 1624 569 1796 641; x_wconf 83' lang='grc' dir='ltr'>μάθῃς</span> <span class='ocrx_word' id='word_1_29' title='bbox 1827 573 1908 625; x_wconf 82' lang='grc' dir='ltr'>ὄτι</span> 
     </span>
    </p>
   </div>
   <div class='ocr_carea' id='block_1_5' title="bbox 224 652 1906 725">
    <p class='ocr_par' dir='ltr' id='par_1_5' title="bbox 224 652 1906 725">
     <span class='ocr_line' id='line_1_5' title="bbox 224 652 1906 725; baseline 0 -17"><span class='ocrx_word' id='word_1_30' title='bbox 224 655 302 709; x_wconf 83' lang='lat'>16</span> <span class='ocrx_word' id='word_1_31' title='bbox 318 655 416 725; x_wconf 82' lang='grc' dir='ltr'>τῆς</span> <span class='ocrx_word' id='word_1_32' title='bbox 439 653 768 722; x_wconf 77' lang='grc' dir='ltr'>ἀποφάσεως</span> <span class='ocrx_word' id='word_1_33' title='bbox 784 652 880 705; x_wconf 88' lang='grc' dir='ltr'>τοῦ</span> <span class='ocrx_word' id='word_1_34' title='bbox 903 654 1177 706; x_wconf 90' lang='grc' dir='ltr'>Δεσπότου</span> <span class='ocrx_word' id='word_1_35' title='bbox 1200 655 1278 718; x_wconf 83' lang='grc' dir='ltr'>είς</span> <span class='ocrx_word' id='word_1_36' title='bbox 1299 655 1458 724; x_wconf 80' lang='grc' dir='ltr'>ἔργον</span> <span class='ocrx_word' id='word_1_37' title='bbox 1479 654 1700 725; x_wconf 79' lang='grc' dir='ltr'>ἐξῆλθεν</span> <span class='ocrx_word' id='word_1_38' title='bbox 1715 668 1728 682; x_wconf 79' lang='grc'><strong>⁸</strong></span> <span class='ocrx_word' id='word_1_39' title='bbox 1754 655 1906 724; x_wconf 84' lang='grc' dir='ltr'>ἔλεγε</span> 
     </span>
    </p>
   </div>
   <div class='ocr_carea' id='block_1_6' title="bbox 225 739 1908 813">
    <p class='ocr_par' dir='ltr' id='par_1_6' title="bbox 225 739 1908 813">
     <span class='ocr_line' id='line_1_6' title="bbox 225 739 1908 813; baseline -0.001 -18"><span class='ocrx_word' id='word_1_40' title='bbox 225 741 363 813; x_wconf 82' lang='grc' dir='ltr'>γάρ,</span> <span class='ocrx_word' id='word_1_41' title='bbox 393 743 476 794; x_wconf 80' lang='grc' dir='ltr'>ὅτι</span> <span class='ocrx_word' id='word_1_42' title='bbox 512 743 631 794; x_wconf 85' lang='grc' dir='ltr'>Ἔτι</span> <span class='ocrx_word' id='word_1_43' title='bbox 660 739 810 793; x_wconf 86' lang='grc' dir='ltr'>ἐπτά</span> <span class='ocrx_word' id='word_1_44' title='bbox 841 739 1073 809; x_wconf 76' lang='grc' dir='ltr'>ἡμέραι,</span> <span class='ocrx_word' id='word_1_45' title='bbox 1101 740 1201 794; x_wconf 76' lang='grc' dir='ltr'>καὶ</span> <span class='ocrx_word' id='word_1_46' title='bbox 1238 740 1438 810; x_wconf 75' lang='grc' dir='ltr'>ἐπάγω</span> <span class='ocrx_word' id='word_1_47' title='bbox 1475 741 1908 810; x_wconf 71' lang='grc' dir='ltr'>κατακλυσμὸν</span> 
     </span>
    </p>
   </div>
   <div class='ocr_carea' id='block_1_7' title="bbox 223 827 1903 896">
    <p class='ocr_par' dir='ltr' id='par_1_7' title="bbox 223 827 1903 896">
     <span class='ocr_line' id='line_1_7' title="bbox 223 827 1903 896; baseline 0 -14"><span class='ocrx_word' id='word_1_48' title='bbox 223 829 329 882; x_wconf 71' lang='grc' dir='ltr'>ἐπὶ</span> <span class='ocrx_word' id='word_1_49' title='bbox 359 827 474 896; x_wconf 78' lang='grc' dir='ltr'>τὴν</span> <span class='ocrx_word' id='word_1_50' title='bbox 502 827 642 896; x_wconf 73' lang='grc' dir='ltr'>γῆν,</span> <span class='ocrx_word' id='word_1_51' title='bbox 685 827 784 881; x_wconf 78' lang='grc' dir='ltr'>καί</span> <span class='ocrx_word' id='word_1_52' title='bbox 811 827 1114 895; x_wconf 73' lang='grc' dir='ltr'>ἐξαλείψω</span> <span class='ocrx_word' id='word_1_53' title='bbox 1148 827 1394 881; x_wconf 85' lang='grc' dir='ltr'>ἅπασαν</span> <span class='ocrx_word' id='word_1_54' title='bbox 1421 827 1537 894; x_wconf 81' lang='grc' dir='ltr'>τὴν</span> <span class='ocrx_word' id='word_1_55' title='bbox 1569 827 1903 892; x_wconf 76' lang='grc' dir='ltr'>ἐξανάστα-</span> 
     </span>
    </p>
   </div>
   <div class='ocr_carea' id='block_1_8' title="bbox 225 911 1906 983">
    <p class='ocr_par' dir='ltr' id='par_1_8' title="bbox 225 911 1906 983">
     <span class='ocr_line' id='line_1_8' title="bbox 225 911 1906 983; baseline -0.001 -13"><span class='ocrx_word' id='word_1_56' title='bbox 225 932 358 982; x_wconf 88' lang='grc' dir='ltr'>σιν,</span> <span class='ocrx_word' id='word_1_57' title='bbox 399 914 481 982; x_wconf 75' lang='grc' dir='ltr'>ἢν</span> <span class='ocrx_word' id='word_1_58' title='bbox 510 915 791 982; x_wconf 82' lang='grc' dir='ltr'>ἐποίησα,</span> <span class='ocrx_word' id='word_1_59' title='bbox 826 912 944 968; x_wconf 83' lang='grc' dir='ltr'>ἀπὸ</span> <span class='ocrx_word' id='word_1_60' title='bbox 972 913 1296 982; x_wconf 81' lang='grc' dir='ltr'>προσώπου</span> <span class='ocrx_word' id='word_1_61' title='bbox 1332 911 1441 981; x_wconf 83' lang='grc' dir='ltr'>τῆς</span> <span class='ocrx_word' id='word_1_62' title='bbox 1469 913 1605 983; x_wconf 79' lang='grc' dir='ltr'>γῆς,</span> <span class='ocrx_word' id='word_1_63' title='bbox 1637 915 1756 969; x_wconf 86' lang='grc' dir='ltr'>ἀπὸ</span> <span class='ocrx_word' id='word_1_64' title='bbox 1801 917 1906 970; x_wconf 82' lang='grc' dir='ltr'>ἁν-</span> 
     </span>
    </p>
   </div>
   <div class='ocr_carea' id='block_1_9' title="bbox 225 998 1905 1070">
    <p class='ocr_par' dir='ltr' id='par_1_9' title="bbox 225 998 1905 1070">
     <span class='ocr_line' id='line_1_9' title="bbox 225 998 1905 1070; baseline -0.001 -12"><span class='ocrx_word' id='word_1_65' title='bbox 225 1000 466 1070; x_wconf 81' lang='grc' dir='ltr'>θρώπου</span> <span class='ocrx_word' id='word_1_66' title='bbox 491 1001 602 1067; x_wconf 80' lang='grc' dir='ltr'>ἕως</span> <span class='ocrx_word' id='word_1_67' title='bbox 629 1000 911 1068; x_wconf 79' lang='grc' dir='ltr'>κτήνους,</span> <span class='ocrx_word' id='word_1_68' title='bbox 939 999 1036 1053; x_wconf 79' lang='grc' dir='ltr'>καὶ</span> <span class='ocrx_word' id='word_1_69' title='bbox 1063 999 1178 1054; x_wconf 82' lang='grc' dir='ltr'>ἀπὸ</span> <span class='ocrx_word' id='word_1_70' title='bbox 1205 998 1468 1067; x_wconf 80' lang='grc' dir='ltr'>ἑρπετῶν</span> <span class='ocrx_word' id='word_1_71' title='bbox 1483 1000 1594 1067; x_wconf 78' lang='grc' dir='ltr'>ἕως</span> <span class='ocrx_word' id='word_1_72' title='bbox 1619 999 1905 1056; x_wconf 85' lang='grc' dir='ltr'>πετεινῶν</span> 
     </span>
    </p>
   </div>
   <div class='ocr_carea' id='block_1_10' title="bbox 223 1085 1903 1157">
    <p class='ocr_par' dir='ltr' id='par_1_10' title="bbox 223 1085 1903 1157">
     <span class='ocr_line' id='line_1_10' title="bbox 223 1085 1903 1157; baseline 0.001 -15"><span class='ocrx_word' id='word_1_73' title='bbox 223 1088 338 1142; x_wconf 80' lang='grc' dir='ltr'>τοῦ</span> <span class='ocrx_word' id='word_1_74' title='bbox 366 1087 648 1157; x_wconf 83' lang='grc' dir='ltr'>οὐρανοῦ.</span> <span class='ocrx_word' id='word_1_75' title='bbox 679 1087 789 1156; x_wconf 90' lang='grc' dir='ltr'>Οὐχ</span> <span class='ocrx_word' id='word_1_76' title='bbox 819 1087 905 1138; x_wconf 80' lang='grc' dir='ltr'>ἵνα</span> <span class='ocrx_word' id='word_1_77' title='bbox 937 1086 1116 1139; x_wconf 82' lang='grc' dir='ltr'>τοίνυν</span> <span class='ocrx_word' id='word_1_78' title='bbox 1160 1086 1344 1150; x_wconf 87' lang='grc' dir='ltr'>άπλῶς</span> <span class='ocrx_word' id='word_1_79' title='bbox 1370 1085 1468 1157; x_wconf 83' lang='grc' dir='ltr'>τὴν</span> <span class='ocrx_word' id='word_1_80' title='bbox 1514 1088 1594 1151; x_wconf 83' lang='grc' dir='ltr'>είς</span> <span class='ocrx_word' id='word_1_81' title='bbox 1632 1087 1764 1157; x_wconf 78' lang='grc' dir='ltr'>ὕψος</span> <span class='ocrx_word' id='word_1_82' title='bbox 1795 1090 1903 1143; x_wconf 88' lang='grc' dir='ltr'>τῶν</span> 
     </span>
    </p>
   </div>
   <div class='ocr_carea' id='block_1_11' title="bbox 224 1164 1902 1246">
    <p class='ocr_par' dir='ltr' id='par_1_11' title="bbox 224 1164 1902 1246">
     <span class='ocr_line' id='line_1_11' title="bbox 224 1164 1902 1246; baseline -0.001 -16"><span class='ocrx_word' id='word_1_83' title='bbox 224 1173 437 1230; x_wconf 78' lang='grc' dir='ltr'>ὑδάτων</span> <span class='ocrx_word' id='word_1_84' title='bbox 465 1164 712 1244; x_wconf 80' lang='grc' dir='ltr'>κορυφὴν</span> <span class='ocrx_word' id='word_1_85' title='bbox 741 1173 890 1244; x_wconf 77' lang='grc' dir='ltr'>ἡμᾶς</span> <span class='ocrx_word' id='word_1_86' title='bbox 921 1171 1108 1245; x_wconf 79' lang='grc' dir='ltr'>διδάξῃ</span> <span class='ocrx_word' id='word_1_87' title='bbox 1127 1212 1142 1237; x_wconf 93' lang='grc'>,</span> <span class='ocrx_word' id='word_1_88' title='bbox 1175 1173 1208 1242; x_wconf 90' lang='grc' dir='ltr'>ή</span> <span class='ocrx_word' id='word_1_89' title='bbox 1241 1172 1362 1228; x_wconf 89' lang='grc' dir='ltr'>θεία</span> <span class='ocrx_word' id='word_1_90' title='bbox 1396 1173 1586 1246; x_wconf 85' lang='grc' dir='ltr'>Γραφή</span> <span class='ocrx_word' id='word_1_91' title='bbox 1624 1174 1798 1228; x_wconf 90' lang='grc' dir='ltr'>ταῦτα</span> <span class='ocrx_word' id='word_1_92' title='bbox 1828 1175 1902 1229; x_wconf 84' lang='grc' dir='ltr'>δι-</span> 
     </span>
    </p>
   </div>
   <div class='ocr_carea' id='block_1_12' title="bbox 223 1257 1902 1330">
    <p class='ocr_par' dir='ltr' id='par_1_12' title="bbox 223 1257 1902 1330">
     <span class='ocr_line' id='line_1_12' title="bbox 223 1257 1902 1330; baseline 0.002 -18"><span class='ocrx_word' id='word_1_93' title='bbox 223 1262 467 1330; x_wconf 88' lang='grc' dir='ltr'>ηγεῖται,</span> <span class='ocrx_word' id='word_1_94' title='bbox 504 1260 618 1313; x_wconf 81' lang='grc' dir='ltr'>ἀλλ’</span> <span class='ocrx_word' id='word_1_95' title='bbox 646 1259 734 1312; x_wconf 86' lang='grc' dir='ltr'>ῖνα</span> <span class='ocrx_word' id='word_1_96' title='bbox 772 1258 910 1328; x_wconf 88' lang='grc' dir='ltr'>μετά</span> <span class='ocrx_word' id='word_1_97' title='bbox 937 1257 1126 1310; x_wconf 91' lang='grc' dir='ltr'>τούτου</span> <span class='ocrx_word' id='word_1_98' title='bbox 1177 1259 1408 1312; x_wconf 81' lang='grc' dir='ltr'>συνιδεῖν</span> <span class='ocrx_word' id='word_1_99' title='bbox 1449 1259 1785 1330; x_wconf 81' lang='grc' dir='ltr'>δυνηθῶμεν,</span> <span class='ocrx_word' id='word_1_100' title='bbox 1819 1261 1902 1315; x_wconf 82' lang='grc' dir='ltr'>ὅτι</span> 
     </span>
    </p>
   </div>
   <div class='ocr_carea' id='block_1_13' title="bbox 221 1343 1900 1417">
    <p class='ocr_par' dir='ltr' id='par_1_13' title="bbox 221 1343 1900 1417">
     <span class='ocr_line' id='line_1_13' title="bbox 221 1343 1900 1417; baseline 0.001 -19"><span class='ocrx_word' id='word_1_101' title='bbox 221 1346 381 1400; x_wconf 84' lang='grc' dir='ltr'>οὐδὲν</span> <span class='ocrx_word' id='word_1_102' title='bbox 404 1346 559 1409; x_wconf 84' lang='grc' dir='ltr'>ὅλως,</span> <span class='ocrx_word' id='word_1_103' title='bbox 581 1345 642 1398; x_wconf 93' lang='grc' dir='ltr'>οὐ</span> <span class='ocrx_word' id='word_1_104' title='bbox 674 1344 782 1398; x_wconf 89' lang='grc' dir='ltr'>τῶν</span> <span class='ocrx_word' id='word_1_105' title='bbox 808 1345 1043 1413; x_wconf 82' lang='grc' dir='ltr'>ἀλόγων,</span> <span class='ocrx_word' id='word_1_106' title='bbox 1073 1344 1134 1397; x_wconf 92' lang='grc' dir='ltr'>οὐ</span> <span class='ocrx_word' id='word_1_107' title='bbox 1163 1343 1272 1398; x_wconf 88' lang='grc' dir='ltr'>τῶν</span> <span class='ocrx_word' id='word_1_108' title='bbox 1298 1345 1524 1416; x_wconf 87' lang='grc' dir='ltr'>θηρίων,</span> <span class='ocrx_word' id='word_1_109' title='bbox 1545 1346 1606 1400; x_wconf 90' lang='grc' dir='ltr'>οὐ</span> <span class='ocrx_word' id='word_1_110' title='bbox 1635 1348 1743 1400; x_wconf 85' lang='grc' dir='ltr'>τῶν</span> <span class='ocrx_word' id='word_1_111' title='bbox 1765 1364 1900 1417; x_wconf 89' lang='grc' dir='ltr'>κτη-</span> 
     </span>
    </p>
   </div>
   <div class='ocr_carea' id='block_1_14' title="bbox 225 1431 1901 1507">
    <p class='ocr_par' dir='ltr' id='par_1_14' title="bbox 225 1431 1901 1507">
     <span class='ocr_line' id='line_1_14' title="bbox 225 1431 1901 1507; baseline 0.002 -21"><span class='ocrx_word' id='word_1_112' title='bbox 225 1432 337 1486; x_wconf 71' lang='grc' dir='ltr'>νιῖιν</span> <span class='ocrx_word' id='word_1_113' title='bbox 373 1431 704 1502; x_wconf 81' lang='grc' dir='ltr'>ὑπελείφθη,</span> <span class='ocrx_word' id='word_1_114' title='bbox 749 1431 884 1486; x_wconf 90' lang='grc' dir='ltr'>ἀλλά</span> <span class='ocrx_word' id='word_1_115' title='bbox 937 1431 1112 1485; x_wconf 90' lang='grc' dir='ltr'>πάντα</span> <span class='ocrx_word' id='word_1_116' title='bbox 1157 1431 1447 1507; x_wconf 78' lang='grc' dir='ltr'>ἐξηλείφθη</span> <span class='ocrx_word' id='word_1_117' title='bbox 1482 1431 1619 1503; x_wconf 89' lang='grc' dir='ltr'>μετά</span> <span class='ocrx_word' id='word_1_118' title='bbox 1665 1435 1758 1488; x_wconf 87' lang='grc' dir='ltr'>τοῦ</span> <span class='ocrx_word' id='word_1_119' title='bbox 1792 1435 1901 1489; x_wconf 88' lang='grc' dir='ltr'>τῶν</span> 
     </span>
    </p>
   </div>
   <div class='ocr_carea' id='block_1_15' title="bbox 221 1517 1898 1593">
    <p class='ocr_par' dir='ltr' id='par_1_15' title="bbox 221 1517 1898 1593">
     <span class='ocr_line' id='line_1_15' title="bbox 221 1517 1898 1593; baseline 0.001 -20"><span class='ocrx_word' id='word_1_120' title='bbox 221 1518 530 1590; x_wconf 75' lang='grc' dir='ltr'>ἀνθρώπων</span> <span class='ocrx_word' id='word_1_121' title='bbox 552 1517 763 1586; x_wconf 83' lang='grc' dir='ltr'>γένους.</span> <span class='ocrx_word' id='word_1_122' title='bbox 781 1517 998 1588; x_wconf 81' lang='grc' dir='ltr'>Ἐπειδὴ</span> <span class='ocrx_word' id='word_1_123' title='bbox 1033 1517 1102 1570; x_wconf 78' lang='grc' dir='ltr'>δι’</span> <span class='ocrx_word' id='word_1_124' title='bbox 1130 1517 1292 1571; x_wconf 84' lang='grc' dir='ltr'>αὐτὸν</span> <span class='ocrx_word' id='word_1_125' title='bbox 1314 1519 1531 1574; x_wconf 73' lang='grc' dir='ltr'>ἅπαντα</span> <span class='ocrx_word' id='word_1_126' title='bbox 1557 1520 1728 1574; x_wconf 88' lang='grc' dir='ltr'>ταῦτα</span> <span class='ocrx_word' id='word_1_127' title='bbox 1757 1538 1898 1593; x_wconf 79' lang='grc' dir='ltr'>παρ-</span> 
     </span>
    </p>
   </div>
   <div class='ocr_carea' id='block_1_16' title="bbox 221 1603 1901 1677">
    <p class='ocr_par' dir='ltr' id='par_1_16' title="bbox 221 1603 1901 1677">
     <span class='ocr_line' id='line_1_16' title="bbox 221 1603 1901 1677; baseline 0.002 -18"><span class='ocrx_word' id='word_1_128' title='bbox 221 1606 390 1677; x_wconf 77' lang='grc' dir='ltr'>ήχθη,</span> <span class='ocrx_word' id='word_1_129' title='bbox 408 1603 597 1660; x_wconf 89' lang='grc' dir='ltr'>τούτου</span> <span class='ocrx_word' id='word_1_130' title='bbox 627 1604 914 1676; x_wconf 90' lang='grc' dir='ltr'>μέλλοντος</span> <span class='ocrx_word' id='word_1_131' title='bbox 937 1603 1317 1674; x_wconf 81' lang='grc' dir='ltr'>ἀφανίζεσθαι,</span> <span class='ocrx_word' id='word_1_132' title='bbox 1341 1607 1566 1670; x_wconf 75' lang='grc' dir='ltr'>εἰκότως</span> <span class='ocrx_word' id='word_1_133' title='bbox 1600 1609 1695 1662; x_wconf 76' lang='grc' dir='ltr'>καὶ</span> <span class='ocrx_word' id='word_1_134' title='bbox 1726 1607 1901 1664; x_wconf 89' lang='grc' dir='ltr'>ταῦτα</span> 
     </span>
    </p>
   </div>
   <div class='ocr_carea' id='block_1_17' title="bbox 222 1687 1902 1768">
    <p class='ocr_par' dir='ltr' id='par_1_17' title="bbox 222 1687 1902 1768">
     <span class='ocr_line' id='line_1_17' title="bbox 222 1687 1902 1768; baseline 0.002 -23"><span class='ocrx_word' id='word_1_135' title='bbox 222 1691 588 1746; x_wconf 78' lang='grc' dir='ltr'>συναπολαύει</span> <span class='ocrx_word' id='word_1_136' title='bbox 629 1691 729 1761; x_wconf 86' lang='grc' dir='ltr'>τῆς</span> <span class='ocrx_word' id='word_1_137' title='bbox 765 1691 1062 1754; x_wconf 85' lang='grc' dir='ltr'>ἀπωλείας.</span> <span class='ocrx_word' id='word_1_138' title='bbox 1091 1687 1225 1746; x_wconf 82' lang='grc' dir='ltr'>Εἶτα</span> <span class='ocrx_word' id='word_1_139' title='bbox 1262 1693 1452 1766; x_wconf 84' lang='grc' dir='ltr'>ἐπειδὴ</span> <span class='ocrx_word' id='word_1_140' title='bbox 1485 1693 1726 1760; x_wconf 81' lang='grc' dir='ltr'>ἐδίδαξεν</span> <span class='ocrx_word' id='word_1_141' title='bbox 1753 1697 1902 1768; x_wconf 78' lang='grc' dir='ltr'>ημᾶς</span> 
     </span>
    </p>
   </div>
   <div class='ocr_carea' id='block_1_18' title="bbox 222 1777 1898 1852">
    <p class='ocr_par' dir='ltr' id='par_1_18' title="bbox 222 1777 1898 1852">
     <span class='ocr_line' id='line_1_18' title="bbox 222 1777 1898 1852; baseline 0.003 -19"><span class='ocrx_word' id='word_1_142' title='bbox 222 1780 311 1844; x_wconf 79' lang='grc' dir='ltr'>είς</span> <span class='ocrx_word' id='word_1_143' title='bbox 348 1780 472 1833; x_wconf 84' lang='grc' dir='ltr'>ὅσον</span> <span class='ocrx_word' id='word_1_144' title='bbox 503 1778 638 1850; x_wconf 82' lang='grc' dir='ltr'>ῦψος</span> <span class='ocrx_word' id='word_1_145' title='bbox 673 1777 996 1850; x_wconf 88' lang='grc' dir='ltr'>ἐκορυφώθη</span> <span class='ocrx_word' id='word_1_146' title='bbox 1032 1779 1141 1834; x_wconf 89' lang='grc' dir='ltr'>τῶν</span> <span class='ocrx_word' id='word_1_147' title='bbox 1170 1779 1375 1834; x_wconf 82' lang='grc' dir='ltr'>ὑδάτων</span> <span class='ocrx_word' id='word_1_148' title='bbox 1399 1783 1433 1852; x_wconf 78' lang='grc' dir='ltr'>ἡ</span> <span class='ocrx_word' id='word_1_149' title='bbox 1469 1780 1648 1850; x_wconf 88' lang='grc' dir='ltr'>φύσις,</span> <span class='ocrx_word' id='word_1_150' title='bbox 1677 1784 1772 1837; x_wconf 78' lang='grc' dir='ltr'>καὶ</span> <span class='ocrx_word' id='word_1_151' title='bbox 1816 1785 1898 1838; x_wconf 87' lang='lat'>611</span> 
     </span>
    </p>
   </div>
   <div class='ocr_carea' id='block_1_19' title="bbox 221 1863 1900 1938">
    <p class='ocr_par' dir='ltr' id='par_1_19' title="bbox 221 1863 1900 1938">
     <span class='ocr_line' id='line_1_19' title="bbox 221 1863 1900 1938; baseline 0.004 -19"><span class='ocrx_word' id='word_1_152' title='bbox 221 1865 536 1937; x_wconf 78' lang='grc' dir='ltr'>ὕπερανέϐη</span> <span class='ocrx_word' id='word_1_153' title='bbox 571 1865 669 1929; x_wconf 85' lang='grc' dir='ltr'>τὰς</span> <span class='ocrx_word' id='word_1_154' title='bbox 701 1865 945 1936; x_wconf 79' lang='grc' dir='ltr'>κορυφάς</span> <span class='ocrx_word' id='word_1_155' title='bbox 976 1863 1085 1920; x_wconf 88' lang='grc' dir='ltr'>τῶν</span> <span class='ocrx_word' id='word_1_156' title='bbox 1117 1866 1289 1937; x_wconf 84' lang='grc' dir='ltr'>ὀρέων</span> <span class='ocrx_word' id='word_1_157' title='bbox 1328 1868 1546 1938; x_wconf 88' lang='grc' dir='ltr'>ἐτέρους</span> <span class='ocrx_word' id='word_1_158' title='bbox 1577 1868 1709 1922; x_wconf 82' lang='grc' dir='ltr'>δέκα</span> <span class='ocrx_word' id='word_1_159' title='bbox 1740 1871 1900 1925; x_wconf 84' lang='grc' dir='ltr'>πέντε</span> 
     </span>
    </p>
   </div>
   <div class='ocr_carea' id='block_1_20' title="bbox 221 1951 1896 2028">
    <p class='ocr_par' dir='ltr' id='par_1_20' title="bbox 221 1951 1896 2028">
     <span class='ocr_line' id='line_1_20' title="bbox 221 1951 1896 2028; baseline 0.002 -22"><span class='ocrx_word' id='word_1_160' title='bbox 221 1953 444 2025; x_wconf 82' lang='grc' dir='ltr'>πήχεις,</span> <span class='ocrx_word' id='word_1_161' title='bbox 487 1951 586 2025; x_wconf 86' lang='grc' dir='ltr'>τὴν</span> <span class='ocrx_word' id='word_1_162' title='bbox 629 1953 830 2023; x_wconf 82' lang='grc' dir='ltr'>ἑαυτῆς</span> <span class='ocrx_word' id='word_1_163' title='bbox 861 1951 1148 2023; x_wconf 90' lang='grc' dir='ltr'>ἀκρίϐειαν</span> <span class='ocrx_word' id='word_1_164' title='bbox 1184 1953 1501 2025; x_wconf 82' lang='grc' dir='ltr'>μιμουμένη</span> <span class='ocrx_word' id='word_1_165' title='bbox 1536 1955 1696 2009; x_wconf 87' lang='grc' dir='ltr'>πάλιν</span> <span class='ocrx_word' id='word_1_166' title='bbox 1729 1958 1896 2028; x_wconf 87' lang='grc' dir='ltr'>φησί·</span> 
     </span>
    </p>
   </div>
   <div class='ocr_carea' id='block_1_21' title="bbox 220 2037 1900 2111">
    <p class='ocr_par' dir='ltr' id='par_1_21' title="bbox 220 2037 1900 2111">
     <span class='ocr_line' id='line_1_21' title="bbox 220 2037 1900 2111; baseline 0.002 -17"><span class='ocrx_word' id='word_1_167' title='bbox 220 2040 336 2094; x_wconf 83' lang='lat' dir='ltr'><strong><em>Kal</em></strong></span> <span class='ocrx_word' id='word_1_168' title='bbox 367 2037 629 2094; x_wconf 83' lang='grc' dir='ltr'>ἀπέθανε</span> <span class='ocrx_word' id='word_1_169' title='bbox 646 2037 817 2094; x_wconf 84' lang='grc' dir='ltr'>πᾶσα</span> <span class='ocrx_word' id='word_1_170' title='bbox 836 2037 996 2107; x_wconf 79' lang='grc' dir='ltr'>σὰρξ</span> <span class='ocrx_word' id='word_1_171' title='bbox 1024 2039 1348 2108; x_wconf 79' lang='grc' dir='ltr'>κινουμένη</span> <span class='ocrx_word' id='word_1_172' title='bbox 1374 2039 1472 2093; x_wconf 79' lang='grc' dir='ltr'>ἐπὶ</span> <span class='ocrx_word' id='word_1_173' title='bbox 1502 2040 1612 2109; x_wconf 83' lang='grc' dir='ltr'>τῆς</span> <span class='ocrx_word' id='word_1_174' title='bbox 1635 2041 1771 2111; x_wconf 79' lang='grc' dir='ltr'>τῆς,</span> <span class='ocrx_word' id='word_1_175' title='bbox 1798 2043 1900 2098; x_wconf 80' lang='grc' dir='ltr'>καὶ</span> 
     </span>
    </p>
   </div>
   <div class='ocr_carea' id='block_1_22' title="bbox 219 2121 1897 2191">
    <p class='ocr_par' dir='ltr' id='par_1_22' title="bbox 219 2121 1897 2191">
     <span class='ocr_line' id='line_1_22' title="bbox 219 2121 1897 2191; baseline 0.003 -14"><span class='ocrx_word' id='word_1_176' title='bbox 219 2123 530 2188; x_wconf 75' lang='grc' dir='ltr'>πετεινῶν,</span> <span class='ocrx_word' id='word_1_177' title='bbox 559 2123 659 2176; x_wconf 77' lang='lat' dir='ltr'><strong><em>xal</em></strong></span> <span class='ocrx_word' id='word_1_178' title='bbox 700 2121 820 2176; x_wconf 85' lang='grc' dir='ltr'>τῶν</span> <span class='ocrx_word' id='word_1_179' title='bbox 849 2122 1090 2190; x_wconf 80' lang='grc' dir='ltr'>θηρίων,</span> <span class='ocrx_word' id='word_1_180' title='bbox 1127 2121 1226 2175; x_wconf 77' lang='grc' dir='ltr'>καὶ</span> <span class='ocrx_word' id='word_1_181' title='bbox 1258 2121 1384 2178; x_wconf 85' lang='grc' dir='ltr'>πᾶν</span> <span class='ocrx_word' id='word_1_182' title='bbox 1413 2123 1664 2191; x_wconf 83' lang='grc' dir='ltr'>ἑρπετὸν</span> <span class='ocrx_word' id='word_1_183' title='bbox 1696 2129 1897 2182; x_wconf 87' lang='grc' dir='ltr'>κινού-</span> 
     </span>
    </p>
   </div>
   <div class='ocr_carea' id='block_1_23' title="bbox 215 2207 1898 2279">
    <p class='ocr_par' dir='ltr' id='par_1_23' title="bbox 215 2207 1898 2279">
     <span class='ocr_line' id='line_1_23' title="bbox 215 2207 1898 2279; baseline 0.004 -15"><span class='ocrx_word' id='word_1_184' title='bbox 215 2226 408 2278; x_wconf 81' lang='grc' dir='ltr'>μενον</span> <span class='ocrx_word' id='word_1_185' title='bbox 438 2209 536 2263; x_wconf 81' lang='grc' dir='ltr'>ἐπὶ</span> <span class='ocrx_word' id='word_1_186' title='bbox 570 2207 682 2278; x_wconf 84' lang='grc' dir='ltr'>τῆς</span> <span class='ocrx_word' id='word_1_187' title='bbox 709 2207 857 2279; x_wconf 78' lang='grc' dir='ltr'>γῆς,</span> <span class='ocrx_word' id='word_1_188' title='bbox 893 2207 991 2262; x_wconf 79' lang='grc' dir='ltr'>καὶ</span> <span class='ocrx_word' id='word_1_189' title='bbox 1025 2207 1144 2275; x_wconf 85' lang='grc' dir='ltr'>πᾶς</span> <span class='ocrx_word' id='word_1_190' title='bbox 1191 2209 1530 2279; x_wconf 81' lang='grc' dir='ltr'>ἅνθρωπος,</span> <span class='ocrx_word' id='word_1_191' title='bbox 1565 2213 1664 2268; x_wconf 77' lang='grc' dir='ltr'>καί</span> <span class='ocrx_word' id='word_1_192' title='bbox 1701 2213 1898 2271; x_wconf 80' lang='grc' dir='ltr'>πάντα</span> 
     </span>
    </p>
   </div>
   <div class='ocr_carea' id='block_1_24' title="bbox 219 2293 1898 2369">
    <p class='ocr_par' dir='ltr' id='par_1_24' title="bbox 219 2293 1898 2369">
     <span class='ocr_line' id='line_1_24' title="bbox 219 2293 1898 2369; baseline 0.011 -20"><span class='ocrx_word' id='word_1_193' title='bbox 219 2295 343 2350; x_wconf 84' lang='grc' dir='ltr'>ὅσα</span> <span class='ocrx_word' id='word_1_194' title='bbox 381 2296 506 2364; x_wconf 75' lang='grc' dir='ltr'>ἔχει</span> <span class='ocrx_word' id='word_1_195' title='bbox 536 2294 735 2365; x_wconf 83' lang='grc' dir='ltr'>πνοὴν</span> <span class='ocrx_word' id='word_1_196' title='bbox 759 2293 931 2365; x_wconf 78' lang='grc' dir='ltr'>ζωῆς,</span> <span class='ocrx_word' id='word_1_197' title='bbox 957 2294 1054 2349; x_wconf 81' lang='grc' dir='ltr'>καὶ</span> <span class='ocrx_word' id='word_1_198' title='bbox 1085 2294 1206 2362; x_wconf 82' lang='grc' dir='ltr'>πᾶς</span> <span class='ocrx_word' id='word_1_199' title='bbox 1237 2295 1306 2363; x_wconf 83' lang='grc' dir='ltr'>ὃς</span> <span class='ocrx_word' id='word_1_200' title='bbox 1338 2293 1418 2368; x_wconf 80' lang='grc' dir='ltr'>ἦν</span> <span class='ocrx_word' id='word_1_201' title='bbox 1439 2299 1537 2354; x_wconf 74' lang='grc' dir='ltr'>ἐπὶ</span> <span class='ocrx_word' id='word_1_202' title='bbox 1574 2300 1680 2369; x_wconf 83' lang='grc' dir='ltr'>τῆς</span> <span class='ocrx_word' id='word_1_203' title='bbox 1711 2300 1898 2369; x_wconf 78' lang='grc' dir='ltr'>ξηρᾶς</span> 
     </span>
    </p>
   </div>
   <div class='ocr_carea' id='block_1_25' title="bbox 216 2381 1898 2460">
    <p class='ocr_par' dir='ltr' id='par_1_25' title="bbox 216 2381 1898 2460">
     <span class='ocr_line' id='line_1_25' title="bbox 216 2381 1898 2460; baseline 0 -22"><span class='ocrx_word' id='word_1_204' title='bbox 216 2383 542 2438; x_wconf 79' lang='grc' dir='ltr'>ἀπέθανεν.</span> <span class='ocrx_word' id='word_1_205' title='bbox 569 2383 682 2452; x_wconf 82' lang='grc' dir='ltr'>Οὐχ</span> <span class='ocrx_word' id='word_1_206' title='bbox 710 2381 896 2445; x_wconf 87' lang='grc' dir='ltr'>ἀπλῶς</span> <span class='ocrx_word' id='word_1_207' title='bbox 929 2381 1148 2454; x_wconf 71' lang='grc' dir='ltr'>ᾐνίξατο</span> <span class='ocrx_word' id='word_1_208' title='bbox 1175 2383 1427 2453; x_wconf 82' lang='grc' dir='ltr'>λέγουσα,</span> <span class='ocrx_word' id='word_1_209' title='bbox 1453 2387 1562 2440; x_wconf 87' lang='lat' dir='ltr'><strong><em>Kal</em></strong></span> <span class='ocrx_word' id='word_1_210' title='bbox 1589 2388 1708 2456; x_wconf 85' lang='grc' dir='ltr'><em>πᾶς</em></span> <span class='ocrx_word' id='word_1_211' title='bbox 1729 2389 1798 2455; x_wconf 84' lang='grc' dir='ltr'>ὃς</span> <span class='ocrx_word' id='word_1_212' title='bbox 1819 2386 1898 2460; x_wconf 76' lang='grc' dir='ltr'>ἦν</span> 
     </span>
    </p>
   </div>
   <div class='ocr_carea' id='block_1_26' title="bbox 214 2467 1894 2546">
    <p class='ocr_par' dir='ltr' id='par_1_26' title="bbox 214 2467 1894 2546">
     <span class='ocr_line' id='line_1_26' title="bbox 214 2467 1894 2546; baseline -0.003 -23"><span class='ocrx_word' id='word_1_213' title='bbox 214 2469 323 2524; x_wconf 77' lang='grc' dir='ltr'>ἐπὶ</span> <span class='ocrx_word' id='word_1_214' title='bbox 357 2467 468 2538; x_wconf 83' lang='grc' dir='ltr'>τῆς</span> <span class='ocrx_word' id='word_1_215' title='bbox 493 2467 703 2538; x_wconf 78' lang='grc' dir='ltr'>ξηρᾶς,</span> <span class='ocrx_word' id='word_1_216' title='bbox 734 2468 847 2522; x_wconf 83' lang='grc' dir='ltr'>ἀλλ’</span> <span class='ocrx_word' id='word_1_217' title='bbox 873 2469 959 2522; x_wconf 81' lang='grc' dir='ltr'>ἵνα</span> <span class='ocrx_word' id='word_1_218' title='bbox 991 2485 1048 2522; x_wconf 89' lang='grc' dir='ltr'>σε</span> <span class='ocrx_word' id='word_1_219' title='bbox 1081 2469 1286 2542; x_wconf 82' lang='grc' dir='ltr'>διδάξῃ,</span> <span class='ocrx_word' id='word_1_220' title='bbox 1309 2471 1389 2525; x_wconf 82' lang='grc' dir='ltr'>ὅτι</span> <span class='ocrx_word' id='word_1_221' title='bbox 1420 2473 1621 2538; x_wconf 84' lang='grc' dir='ltr'>πάντες</span> <span class='ocrx_word' id='word_1_222' title='bbox 1657 2476 1756 2546; x_wconf 80' lang='grc' dir='ltr'>μὲν</span> <span class='ocrx_word' id='word_1_223' title='bbox 1787 2477 1894 2531; x_wconf 82' lang='grc' dir='ltr'>ἀπ.</span> 
     </span>
    </p>
   </div>
   <div class='ocr_carea' id='block_1_27' title="bbox 217 2556 1896 2634">
    <p class='ocr_par' dir='ltr' id='par_1_27' title="bbox 217 2556 1896 2634">
     <span class='ocr_line' id='line_1_27' title="bbox 217 2556 1896 2634; baseline -0.003 -23"><span class='ocrx_word' id='word_1_224' title='bbox 217 2556 503 2620; x_wconf 86' lang='grc' dir='ltr'>ολώλασιν,</span> <span class='ocrx_word' id='word_1_225' title='bbox 527 2559 556 2611; x_wconf 97' lang='lat'>6</span> <span class='ocrx_word' id='word_1_226' title='bbox 577 2557 632 2610; x_wconf 83' lang='grc' dir='ltr'>δὲ</span> <span class='ocrx_word' id='word_1_227' title='bbox 651 2556 859 2620; x_wconf 90' lang='grc' dir='ltr'>δίκαιος</span> <span class='ocrx_word' id='word_1_228' title='bbox 887 2556 1044 2627; x_wconf 88' lang='grc' dir='ltr'>μόνος</span> <span class='ocrx_word' id='word_1_229' title='bbox 1069 2556 1206 2628; x_wconf 82' lang='grc' dir='ltr'>μετὰ</span> <span class='ocrx_word' id='word_1_230' title='bbox 1223 2557 1332 2615; x_wconf 75' lang='grc' dir='ltr'>τιῖιν</span> <span class='ocrx_word' id='word_1_231' title='bbox 1351 2559 1408 2613; x_wconf 84' lang='grc' dir='ltr'>ἐν</span> <span class='ocrx_word' id='word_1_232' title='bbox 1432 2562 1499 2631; x_wconf 78' lang='grc' dir='ltr'>τῇ</span> <span class='ocrx_word' id='word_1_233' title='bbox 1524 2561 1742 2634; x_wconf 81' lang='grc' dir='ltr'>κιϐωτῷ</span> <span class='ocrx_word' id='word_1_234' title='bbox 1762 2565 1896 2619; x_wconf 88' lang='grc' dir='ltr'>πάν-</span> 
     </span>
    </p>
   </div>
   <div class='ocr_carea' id='block_1_28' title="bbox 217 2643 1894 2720">
    <p class='ocr_par' dir='ltr' id='par_1_28' title="bbox 217 2643 1894 2720">
     <span class='ocr_line' id='line_1_28' title="bbox 217 2643 1894 2720; baseline 0.004 -22"><span class='ocrx_word' id='word_1_235' title='bbox 217 2663 330 2700; x_wconf 88' lang='grc' dir='ltr'>των</span> <span class='ocrx_word' id='word_1_236' title='bbox 347 2644 601 2716; x_wconf 81' lang='grc' dir='ltr'>διεσώθη.</span> <span class='ocrx_word' id='word_1_237' title='bbox 621 2645 847 2698; x_wconf 87' lang='grc' dir='ltr'>Ἐκεῖνοι</span> <span class='ocrx_word' id='word_1_238' title='bbox 863 2643 969 2715; x_wconf 83' lang='grc' dir='ltr'>γὰρ</span> <span class='ocrx_word' id='word_1_239' title='bbox 987 2644 1368 2715; x_wconf 78' lang='grc' dir='ltr'>προλαϐόντες,</span> <span class='ocrx_word' id='word_1_240' title='bbox 1385 2648 1527 2701; x_wconf 88' lang='grc' dir='ltr'>κατά</span> <span class='ocrx_word' id='word_1_241' title='bbox 1539 2648 1636 2720; x_wconf 82' lang='grc' dir='ltr'>τὴν</span> <span class='ocrx_word' id='word_1_242' title='bbox 1651 2649 1743 2703; x_wconf 86' lang='grc' dir='ltr'>τοῦ</span> <span class='ocrx_word' id='word_1_243' title='bbox 1762 2650 1894 2706; x_wconf 92' lang='grc' dir='ltr'>Θεοῦ</span> 
     </span>
    </p>
   </div>
   <div class='ocr_carea' id='block_1_29' title="bbox 217 2731 1894 2805">
    <p class='ocr_par' dir='ltr' id='par_1_29' title="bbox 217 2731 1894 2805">
     <span class='ocr_line' id='line_1_29' title="bbox 217 2731 1894 2805; baseline 0.004 -20"><span class='ocrx_word' id='word_1_244' title='bbox 217 2733 484 2805; x_wconf 81' lang='grc' dir='ltr'>διαταγὴν</span> <span class='ocrx_word' id='word_1_245' title='bbox 516 2731 910 2795; x_wconf 82' lang='grc' dir='ltr'>καταλιπόντες</span> <span class='ocrx_word' id='word_1_246' title='bbox 935 2731 1034 2802; x_wconf 80' lang='grc' dir='ltr'>τὴν</span> <span class='ocrx_word' id='word_1_247' title='bbox 1066 2731 1256 2803; x_wconf 71' lang='grc' dir='ltr'>ξηράν,</span> <span class='ocrx_word' id='word_1_248' title='bbox 1282 2734 1383 2805; x_wconf 71' lang='grc' dir='ltr'>τὴν</span> <span class='ocrx_word' id='word_1_249' title='bbox 1412 2735 1642 2790; x_wconf 81' lang='grc' dir='ltr'>κιϐωτὸν</span> <span class='ocrx_word' id='word_1_250' title='bbox 1676 2739 1894 2794; x_wconf 81' lang='grc' dir='ltr'>κατέλα-</span> 
     </span>
    </p>
   </div>
   <div class='ocr_carea' id='block_1_30' title="bbox 218 2818 1901 2893">
    <p class='ocr_par' dir='ltr' id='par_1_30' title="bbox 218 2818 1901 2893">
     <span class='ocr_line' id='line_1_30' title="bbox 218 2818 1901 2893; baseline -0.003 -18"><span class='ocrx_word' id='word_1_251' title='bbox 218 2821 336 2875; x_wconf 86' lang='grc' dir='ltr'>ϐον.</span> <span class='ocrx_word' id='word_1_252' title='bbox 366 2820 478 2876; x_wconf 84' lang='lat' dir='ltr'>Kal</span> <span class='ocrx_word' id='word_1_253' title='bbox 505 2819 792 2888; x_wconf 73' lang='grc' dir='ltr'>ἐξήλειψε</span> <span class='ocrx_word' id='word_1_254' title='bbox 824 2818 949 2875; x_wconf 82' lang='grc' dir='ltr'>πᾶν</span> <span class='ocrx_word' id='word_1_255' title='bbox 975 2819 1041 2872; x_wconf 88' lang='grc' dir='ltr'>τὸ</span> <span class='ocrx_word' id='word_1_256' title='bbox 1063 2819 1403 2889; x_wconf 77' lang='grc' dir='ltr'>ἀνάστημα,</span> <span class='ocrx_word' id='word_1_257' title='bbox 1427 2821 1462 2877; x_wconf 84' lang='lat'>6</span> <span class='ocrx_word' id='word_1_258' title='bbox 1483 2819 1562 2892; x_wconf 81' lang='grc' dir='ltr'>ἦν</span> <span class='ocrx_word' id='word_1_259' title='bbox 1586 2823 1684 2878; x_wconf 74' lang='grc' dir='ltr'>ἐπὶ</span> <span class='ocrx_word' id='word_1_260' title='bbox 1710 2841 1901 2893; x_wconf 83' lang='grc' dir='ltr'><em>προσ.</em></span> 
     </span>
    </p>
   </div>
   <div class='ocr_carea' id='block_1_31' title="bbox 219 2904 1892 2977">
    <p class='ocr_par' dir='ltr' id='par_1_31' title="bbox 219 2904 1892 2977">
     <span class='ocr_line' id='line_1_31' title="bbox 219 2904 1892 2977; baseline -0.001 -16"><span class='ocrx_word' id='word_1_261' title='bbox 219 2907 385 2961; x_wconf 83' lang='grc' dir='ltr'>ὠπου</span> <span class='ocrx_word' id='word_1_262' title='bbox 419 2905 624 2974; x_wconf 85' lang='grc' dir='ltr'>πάσης</span> <span class='ocrx_word' id='word_1_263' title='bbox 654 2905 767 2974; x_wconf 83' lang='grc' dir='ltr'>τῆς</span> <span class='ocrx_word' id='word_1_264' title='bbox 799 2904 936 2976; x_wconf 67' lang='grc' dir='ltr'>τῆς,</span> <span class='ocrx_word' id='word_1_265' title='bbox 977 2905 1096 2959; x_wconf 77' lang='grc' dir='ltr'>ἀπὸ</span> <span class='ocrx_word' id='word_1_266' title='bbox 1129 2905 1445 2974; x_wconf 79' lang='grc' dir='ltr'>ἀνθρώπου</span> <span class='ocrx_word' id='word_1_267' title='bbox 1472 2905 1584 2973; x_wconf 65' lang='grc' dir='ltr'>ἕως</span> <span class='ocrx_word' id='word_1_268' title='bbox 1613 2909 1850 2976; x_wconf 76' lang='grc' dir='ltr'>κτήνων</span> <span class='ocrx_word' id='word_1_269' title='bbox 1875 2950 1892 2977; x_wconf 87' lang='grc'>,</span> 
     </span>
    </p>
   </div>
   <div class='ocr_carea' id='block_1_32' title="bbox 221 2990 1898 3063">
    <p class='ocr_par' dir='ltr' id='par_1_32' title="bbox 221 2990 1898 3063">
     <span class='ocr_line' id='line_1_32' title="bbox 221 2990 1898 3063; baseline 0.002 -16"><span class='ocrx_word' id='word_1_270' title='bbox 221 2993 322 3047; x_wconf 78' lang='grc' dir='ltr'>καί</span> <span class='ocrx_word' id='word_1_271' title='bbox 347 2992 628 3062; x_wconf 78' lang='grc' dir='ltr'>ἑρπετῶν,</span> <span class='ocrx_word' id='word_1_272' title='bbox 662 2990 762 3046; x_wconf 75' lang='grc' dir='ltr'>καί</span> <span class='ocrx_word' id='word_1_273' title='bbox 786 2990 1072 3045; x_wconf 84' lang='grc' dir='ltr'>πετεινῶν</span> <span class='ocrx_word' id='word_1_274' title='bbox 1097 2991 1204 3045; x_wconf 88' lang='grc' dir='ltr'>τοῦ</span> <span class='ocrx_word' id='word_1_275' title='bbox 1231 2993 1510 3061; x_wconf 81' lang='grc' dir='ltr'>οὐρανοῦ,</span> <span class='ocrx_word' id='word_1_276' title='bbox 1539 2994 1637 3048; x_wconf 81' lang='grc' dir='ltr'>καὶ</span> <span class='ocrx_word' id='word_1_277' title='bbox 1669 2995 1898 3063; x_wconf 74' lang='grc' dir='ltr'>ἐξηλεί-</span> 
     </span>
    </p>
   </div>
   <div class='ocr_carea' id='block_1_33' title="bbox 219 3077 1898 3156">
    <p class='ocr_par' dir='ltr' id='par_1_33' title="bbox 219 3077 1898 3156">
     <span class='ocr_line' id='line_1_33' title="bbox 219 3077 1898 3156; baseline 0.002 -22"><span class='ocrx_word' id='word_1_278' title='bbox 219 3085 466 3152; x_wconf 76' lang='grc' dir='ltr'>φθησαν</span> <span class='ocrx_word' id='word_1_279' title='bbox 485 3080 601 3136; x_wconf 80' lang='grc' dir='ltr'>ἀπὸ</span> <span class='ocrx_word' id='word_1_280' title='bbox 627 3078 737 3147; x_wconf 79' lang='grc' dir='ltr'>τῆς</span> <span class='ocrx_word' id='word_1_281' title='bbox 761 3077 894 3148; x_wconf 79' lang='grc' dir='ltr'>γῆς.</span> <span class='ocrx_word' id='word_1_282' title='bbox 919 3078 1061 3148; x_wconf 85' lang='grc' dir='ltr'>Ὅρα</span> <span class='ocrx_word' id='word_1_283' title='bbox 1087 3077 1205 3140; x_wconf 87' lang='grc' dir='ltr'>πῶς</span> <span class='ocrx_word' id='word_1_284' title='bbox 1227 3080 1322 3131; x_wconf 73' lang='grc' dir='ltr'>καὶ</span> <span class='ocrx_word' id='word_1_285' title='bbox 1351 3078 1497 3147; x_wconf 80' lang='grc' dir='ltr'>ἀπαξ</span> <span class='ocrx_word' id='word_1_286' title='bbox 1527 3082 1620 3134; x_wconf 72' lang='grc' dir='ltr'>καὶ</span> <span class='ocrx_word' id='word_1_287' title='bbox 1647 3081 1898 3156; x_wconf 86' lang='grc' dir='ltr'>δεύτερον</span> 
     </span>
    </p>
   </div>
   <div class='ocr_carea' id='block_1_34' title="bbox 219 3163 1894 3240">
    <p class='ocr_par' dir='ltr' id='par_1_34' title="bbox 219 3163 1894 3240">
     <span class='ocr_line' id='line_1_34' title="bbox 219 3163 1894 3240; baseline 0.001 -18"><span class='ocrx_word' id='word_1_288' title='bbox 219 3170 318 3224; x_wconf 63' lang='grc' dir='ltr'>καὶ¹</span> <span class='ocrx_word' id='word_1_289' title='bbox 345 3167 602 3231; x_wconf 78' lang='grc' dir='ltr'>πολλάκις</span> <span class='ocrx_word' id='word_1_290' title='bbox 621 3166 718 3238; x_wconf 80' lang='grc' dir='ltr'>τὴν</span> <span class='ocrx_word' id='word_1_291' title='bbox 739 3163 985 3220; x_wconf 89' lang='grc' dir='ltr'>πανωλεθ</span> <span class='ocrx_word' id='word_1_292' title='bbox 995 3164 1114 3236; x_wconf 91' lang='grc' dir='ltr'>ρίαν</span> <span class='ocrx_word' id='word_1_293' title='bbox 1129 3164 1366 3220; x_wconf 84' lang='grc' dir='ltr'>διδάσκει</span> <span class='ocrx_word' id='word_1_294' title='bbox 1384 3166 1482 3238; x_wconf 80' lang='grc' dir='ltr'>τὴν</span> <span class='ocrx_word' id='word_1_295' title='bbox 1502 3169 1894 3240; x_wconf 84' lang='grc' dir='ltr'>γεγενημένην,</span> 
     </span>
    </p>
   </div>
   <div class='ocr_carea' id='block_1_35' title="bbox 221 3252 1898 3322">
    <p class='ocr_par' dir='ltr' id='par_1_35' title="bbox 221 3252 1898 3322">
     <span class='ocr_line' id='line_1_35' title="bbox 221 3252 1898 3322; baseline 0.002 -12"><span class='ocrx_word' id='word_1_296' title='bbox 221 3257 321 3310; x_wconf 68' lang='grc' dir='ltr'>καὶ</span> <span class='ocrx_word' id='word_1_297' title='bbox 337 3258 418 3310; x_wconf 79' lang='grc' dir='ltr'>ὅτι</span> <span class='ocrx_word' id='word_1_298' title='bbox 444 3255 594 3309; x_wconf 81' lang='grc' dir='ltr'>οὐδὲν</span> <span class='ocrx_word' id='word_1_299' title='bbox 618 3254 728 3308; x_wconf 88' lang='grc' dir='ltr'>τῶν</span> <span class='ocrx_word' id='word_1_300' title='bbox 750 3253 918 3309; x_wconf 75' lang='grc' dir='ltr'>ὄντων</span> <span class='ocrx_word' id='word_1_301' title='bbox 949 3254 1224 3322; x_wconf 81' lang='grc' dir='ltr'>διέφυγεν,</span> <span class='ocrx_word' id='word_1_302' title='bbox 1255 3252 1391 3307; x_wconf 87' lang='grc' dir='ltr'>ἀλλὰ</span> <span class='ocrx_word' id='word_1_303' title='bbox 1427 3254 1628 3319; x_wconf 88' lang='grc' dir='ltr'>πάντες</span> <span class='ocrx_word' id='word_1_304' title='bbox 1656 3257 1761 3310; x_wconf 83' lang='grc' dir='ltr'>ὑπὸ</span> <span class='ocrx_word' id='word_1_305' title='bbox 1787 3259 1898 3314; x_wconf 90' lang='grc' dir='ltr'>τῶν</span> 
     </span>
    </p>
   </div>
   <div class='ocr_carea' id='block_1_36' title="bbox 222 3339 1899 3413">
    <p class='ocr_par' dir='ltr' id='par_1_36' title="bbox 222 3339 1899 3413">
     <span class='ocr_line' id='line_1_36' title="bbox 222 3339 1899 3413; baseline 0.001 -15"><span class='ocrx_word' id='word_1_306' title='bbox 222 3342 432 3400; x_wconf 75' lang='grc' dir='ltr'>ὑδάτων</span> <span class='ocrx_word' id='word_1_307' title='bbox 457 3341 861 3413; x_wconf 84' lang='grc' dir='ltr'>ἀπεπνίγησαν,</span> <span class='ocrx_word' id='word_1_308' title='bbox 895 3341 992 3394; x_wconf 75' lang='grc' dir='ltr'>καὶ</span> <span class='ocrx_word' id='word_1_309' title='bbox 1021 3341 1085 3393; x_wconf 82' lang='grc' dir='ltr'>τὸ</span> <span class='ocrx_word' id='word_1_310' title='bbox 1122 3340 1232 3394; x_wconf 88' lang='grc' dir='ltr'>τῶν</span> <span class='ocrx_word' id='word_1_311' title='bbox 1271 3339 1572 3411; x_wconf 87' lang='grc' dir='ltr'>ἀνθρώπων</span> <span class='ocrx_word' id='word_1_312' title='bbox 1601 3344 1775 3412; x_wconf 87' lang='grc' dir='ltr'>γένος,</span> <span class='ocrx_word' id='word_1_313' title='bbox 1807 3346 1899 3400; x_wconf 75' lang='grc' dir='ltr'>καὶ</span> 
     </span>
    </p>
   </div>
   <div class='ocr_carea' id='block_1_37' title="bbox 220 3429 1894 3500">
    <p class='ocr_par' dir='ltr' id='par_1_37' title="bbox 220 3429 1894 3500">
     <span class='ocr_line' id='line_1_37' title="bbox 220 3429 1894 3500; baseline 0.002 -15"><span class='ocrx_word' id='word_1_314' title='bbox 220 3430 284 3486; x_wconf 80' lang='lat'>16</span> <span class='ocrx_word' id='word_1_315' title='bbox 318 3431 428 3484; x_wconf 87' lang='grc' dir='ltr'>τῶν</span> <span class='ocrx_word' id='word_1_316' title='bbox 455 3429 684 3499; x_wconf 82' lang='grc' dir='ltr'>ἀλόγων.</span> <span class='ocrx_word' id='word_1_317' title='bbox 714 3429 822 3484; x_wconf 81' lang='grc' dir='ltr'>Καὶ</span> <span class='ocrx_word' id='word_1_318' title='bbox 861 3429 1252 3498; x_wconf 72' lang='grc' dir='ltr'>κατελείφθη.</span> <span class='ocrx_word' id='word_1_319' title='bbox 1287 3429 1446 3498; x_wconf 75' lang='grc' dir='ltr'>φησὶ,</span> <span class='ocrx_word' id='word_1_320' title='bbox 1497 3431 1686 3499; x_wconf 85' lang='grc' dir='ltr'>μόνος</span> <span class='ocrx_word' id='word_1_321' title='bbox 1735 3432 1894 3500; x_wconf 87' lang='grc' dir='ltr'>Νῶε,</span> 
     </span>
    </p>
   </div>
   <div class='ocr_carea' id='block_1_38' title="bbox 221 3513 1898 3590">
    <p class='ocr_par' dir='ltr' id='par_1_38' title="bbox 221 3513 1898 3590">
     <span class='ocr_line' id='line_1_38' title="bbox 221 3513 1898 3590; baseline 0.002 -20"><span class='ocrx_word' id='word_1_322' title='bbox 221 3516 323 3573; x_wconf 72' lang='grc' dir='ltr'>καὶ</span> <span class='ocrx_word' id='word_1_323' title='bbox 353 3518 408 3569; x_wconf 80' lang='grc' dir='ltr'>οὶ</span> <span class='ocrx_word' id='word_1_324' title='bbox 431 3515 560 3585; x_wconf 82' lang='grc' dir='ltr'>μετ’</span> <span class='ocrx_word' id='word_1_325' title='bbox 589 3515 777 3570; x_wconf 84' lang='grc' dir='ltr'>αὑτοῦ</span> <span class='ocrx_word' id='word_1_326' title='bbox 805 3515 876 3569; x_wconf 84' lang='grc' dir='ltr'>ἐν</span> <span class='ocrx_word' id='word_1_327' title='bbox 900 3513 977 3583; x_wconf 77' lang='grc' dir='ltr'>τῇ</span> <span class='ocrx_word' id='word_1_328' title='bbox 1003 3514 1246 3580; x_wconf 79' lang='grc' dir='ltr'>κιϐωτῷ.</span> <span class='ocrx_word' id='word_1_329' title='bbox 1274 3515 1385 3569; x_wconf 88' lang='lat' dir='ltr'>Kal</span> <span class='ocrx_word' id='word_1_330' title='bbox 1415 3515 1625 3585; x_wconf 71' lang='grc' dir='ltr'>ὑψώθη</span> <span class='ocrx_word' id='word_1_331' title='bbox 1647 3518 1716 3571; x_wconf 87' lang='grc' dir='ltr'>τὸ</span> <span class='ocrx_word' id='word_1_332' title='bbox 1741 3519 1898 3590; x_wconf 80' lang='grc' dir='ltr'>ὓδωρ</span> 
     </span>
    </p>
   </div>
   <div class='ocr_carea' id='block_1_39' title="bbox 220 3600 1899 3674">
    <p class='ocr_par' dir='ltr' id='par_1_39' title="bbox 220 3600 1899 3674">
     <span class='ocr_line' id='line_1_39' title="bbox 220 3600 1899 3674; baseline 0.003 -19"><span class='ocrx_word' id='word_1_333' title='bbox 220 3601 324 3660; x_wconf 76' lang='grc' dir='ltr'>ἐπὶ</span> <span class='ocrx_word' id='word_1_334' title='bbox 373 3602 486 3671; x_wconf 81' lang='grc' dir='ltr'>τῆς</span> <span class='ocrx_word' id='word_1_335' title='bbox 525 3601 641 3673; x_wconf 78' lang='grc' dir='ltr'>τῆς</span> <span class='ocrx_word' id='word_1_336' title='bbox 664 3600 905 3674; x_wconf 58' lang='grc' dir='ltr'>,ἑκατὸν</span> <span class='ocrx_word' id='word_1_337' title='bbox 945 3601 1326 3669; x_wconf 83' lang='grc' dir='ltr'>πεντήκοντα</span> <span class='ocrx_word' id='word_1_338' title='bbox 1367 3603 1611 3672; x_wconf 79' lang='grc' dir='ltr'>ἡμέρας.</span> <span class='ocrx_word' id='word_1_339' title='bbox 1651 3606 1774 3659; x_wconf 79' lang='grc' dir='ltr'>Ἐπὶ</span> <span class='ocrx_word' id='word_1_340' title='bbox 1810 3623 1899 3661; x_wconf 73' lang='grc' dir='ltr'>τοο</span> 
     </span>
    </p>
   </div>
   <div class='ocr_carea' id='block_1_40' title="bbox 223 3689 1893 3765">
    <p class='ocr_par' dir='ltr' id='par_1_40' title="bbox 223 3689 1893 3765">
     <span class='ocr_line' id='line_1_40' title="bbox 223 3689 1893 3765; baseline 0.004 -23"><span class='ocrx_word' id='word_1_341' title='bbox 223 3689 451 3754; x_wconf 79' lang='grc' dir='ltr'>σαύτας,</span> <span class='ocrx_word' id='word_1_342' title='bbox 480 3691 664 3762; x_wconf 81' lang='grc' dir='ltr'>φησὶν,</span> <span class='ocrx_word' id='word_1_343' title='bbox 698 3690 912 3763; x_wconf 78' lang='grc' dir='ltr'>ἡμέρας</span> <span class='ocrx_word' id='word_1_344' title='bbox 936 3702 962 3732; x_wconf 75' lang='grc' dir='ltr'>ι</span> <span class='ocrx_word' id='word_1_345' title='bbox 992 3690 1173 3760; x_wconf 84' lang='grc' dir='ltr'>ἔμεινε</span> <span class='ocrx_word' id='word_1_346' title='bbox 1206 3689 1610 3761; x_wconf 86' lang='grc' dir='ltr'>κορυφούμενον</span> <span class='ocrx_word' id='word_1_347' title='bbox 1639 3690 1701 3743; x_wconf 90' lang='lat'>16</span> <span class='ocrx_word' id='word_1_348' title='bbox 1731 3691 1893 3765; x_wconf 77' lang='grc' dir='ltr'>ὕδωρ.</span> 
     </span>
    </p>
   </div>
   <div class='ocr_carea' id='block_1_41' title="bbox 235 3775 1899 3848">
    <p class='ocr_par' dir='ltr' id='par_1_41' title="bbox 235 3775 1899 3848">
     <span class='ocr_line' id='line_1_41' title="bbox 235 3775 1899 3848; baseline 0.002 -18"><span class='ocrx_word' id='word_1_349' title='bbox 235 3777 438 3831; x_wconf 88' lang='grc' dir='ltr'>Ἐννόει</span> <span class='ocrx_word' id='word_1_350' title='bbox 466 3793 558 3847; x_wconf 87' lang='grc' dir='ltr'>μοι</span> <span class='ocrx_word' id='word_1_351' title='bbox 584 3776 747 3832; x_wconf 84' lang='grc' dir='ltr'>πάλιν</span> <span class='ocrx_word' id='word_1_352' title='bbox 765 3776 1000 3834; x_wconf 84' lang='grc' dir='ltr'>ἐνταῦθα</span> <span class='ocrx_word' id='word_1_353' title='bbox 1021 3776 1115 3831; x_wconf 87' lang='grc' dir='ltr'>τοῦ</span> <span class='ocrx_word' id='word_1_354' title='bbox 1139 3776 1346 3831; x_wconf 87' lang='grc' dir='ltr'>δικαίου</span> <span class='ocrx_word' id='word_1_355' title='bbox 1375 3775 1474 3847; x_wconf 81' lang='grc' dir='ltr'>τὴν</span> <span class='ocrx_word' id='word_1_356' title='bbox 1495 3777 1899 3848; x_wconf 75' lang='grc' dir='ltr'>μεγαλοψυχίαν</span> 
     </span>
    </p>
   </div>
   <div class='ocr_carea' id='block_1_42' title="bbox 223 3862 1901 3935">
    <p class='ocr_par' dir='ltr' id='par_1_42' title="bbox 223 3862 1901 3935">
     <span class='ocr_line' id='line_1_42' title="bbox 223 3862 1901 3935; baseline 0.002 -19"><span class='ocrx_word' id='word_1_357' title='bbox 223 3865 318 3922; x_wconf 75' lang='grc' dir='ltr'>καὶ</span> <span class='ocrx_word' id='word_1_358' title='bbox 339 3864 439 3934; x_wconf 85' lang='grc' dir='ltr'>τῆς</span> <span class='ocrx_word' id='word_1_359' title='bbox 464 3862 715 3934; x_wconf 81' lang='grc' dir='ltr'>ἀνδρείας</span> <span class='ocrx_word' id='word_1_360' title='bbox 745 3864 844 3935; x_wconf 83' lang='grc' dir='ltr'>τήν</span> <span class='ocrx_word' id='word_1_361' title='bbox 878 3863 1205 3935; x_wconf 78' lang='grc' dir='ltr'>ὑπερϐολήν.</span> <span class='ocrx_word' id='word_1_362' title='bbox 1231 3862 1298 3915; x_wconf 91' lang='grc' dir='ltr'>Τί</span> <span class='ocrx_word' id='word_1_363' title='bbox 1325 3863 1426 3916; x_wconf 88' lang='grc' dir='ltr'>οὐκ</span> <span class='ocrx_word' id='word_1_364' title='bbox 1451 3863 1517 3918; x_wconf 85' lang='grc' dir='ltr'>ἂν</span> <span class='ocrx_word' id='word_1_365' title='bbox 1545 3863 1745 3920; x_wconf 86' lang='grc' dir='ltr'>ἔπαθεν</span> <span class='ocrx_word' id='word_1_366' title='bbox 1769 3866 1901 3920; x_wconf 83' lang='grc' dir='ltr'>ὐπο-</span> 
     </span>
    </p>
   </div>
   <div class='ocr_carea' id='block_1_43' title="bbox 221 3944 1899 4022">
    <p class='ocr_par' dir='ltr' id='par_1_43' title="bbox 221 3944 1899 4022">
     <span class='ocr_line' id='line_1_43' title="bbox 221 3944 1899 4022; baseline 0.001 -21"><span class='ocrx_word' id='word_1_367' title='bbox 221 3945 454 4019; x_wconf 88' lang='grc' dir='ltr'>γράφων</span> <span class='ocrx_word' id='word_1_368' title='bbox 482 3949 554 4022; x_wconf 71' lang='grc' dir='ltr'>τῇ</span> <span class='ocrx_word' id='word_1_369' title='bbox 580 3946 789 4017; x_wconf 76' lang='grc' dir='ltr'>διανοίᾳ</span> <span class='ocrx_word' id='word_1_370' title='bbox 822 3945 918 4000; x_wconf 77' lang='grc' dir='ltr'>καὶ</span> <span class='ocrx_word' id='word_1_371' title='bbox 943 3945 1106 4017; x_wconf 81' lang='grc' dir='ltr'>ὁρῶν,</span> <span class='ocrx_word' id='word_1_372' title='bbox 1127 3945 1203 4012; x_wconf 82' lang='grc' dir='ltr'>ὡς</span> <span class='ocrx_word' id='word_1_373' title='bbox 1235 3946 1429 4012; x_wconf 75' lang='grc' dir='ltr'>εἰπεῖν,</span> <span class='ocrx_word' id='word_1_374' title='bbox 1452 3944 1532 4017; x_wconf 80' lang='grc' dir='ltr'>τῷ</span> <span class='ocrx_word' id='word_1_375' title='bbox 1562 3946 1806 4018; x_wconf 84' lang='grc' dir='ltr'>λογισμῷ</span> <span class='ocrx_word' id='word_1_376' title='bbox 1831 3949 1899 4002; x_wconf 88' lang='lat'>16</span> 
     </span>
    </p>
   </div>
   <div class='ocr_carea' id='block_1_44' title="bbox 224 4031 1901 4105">
    <p class='ocr_par' dir='ltr' id='par_1_44' title="bbox 224 4031 1901 4105">
     <span class='ocr_line' id='line_1_44' title="bbox 224 4031 1901 4105; baseline 0.001 -17"><span class='ocrx_word' id='word_1_377' title='bbox 224 4033 457 4104; x_wconf 86' lang='grc' dir='ltr'>σώματα</span> <span class='ocrx_word' id='word_1_378' title='bbox 479 4033 548 4088; x_wconf 88' lang='grc' dir='ltr'>τά</span> <span class='ocrx_word' id='word_1_379' title='bbox 587 4032 925 4105; x_wconf 86' lang='grc' dir='ltr'>ἀνθρώπινα,</span> <span class='ocrx_word' id='word_1_380' title='bbox 958 4035 1053 4090; x_wconf 80' lang='grc' dir='ltr'>καὶ</span> <span class='ocrx_word' id='word_1_381' title='bbox 1081 4031 1233 4104; x_wconf 71' lang='grc'>[241]</span> <span class='ocrx_word' id='word_1_382' title='bbox 1263 4033 1333 4089; x_wconf 87' lang='lat'>16</span> <span class='ocrx_word' id='word_1_383' title='bbox 1377 4031 1486 4086; x_wconf 88' lang='grc' dir='ltr'>τῶν</span> <span class='ocrx_word' id='word_1_384' title='bbox 1525 4033 1758 4104; x_wconf 87' lang='grc' dir='ltr'>κτηνῶν,</span> <span class='ocrx_word' id='word_1_385' title='bbox 1791 4035 1901 4089; x_wconf 88' lang='grc' dir='ltr'>τῶν</span> 
     </span>
    </p>
   </div>
   <div class='ocr_carea' id='block_1_45' title="bbox 225 4118 1902 4192">
    <p class='ocr_par' dir='ltr' id='par_1_45' title="bbox 225 4118 1902 4192">
     <span class='ocr_line' id='line_1_45' title="bbox 225 4118 1902 4192; baseline 0.002 -18"><span class='ocrx_word' id='word_1_386' title='bbox 225 4120 486 4190; x_wconf 82' lang='grc' dir='ltr'>καθαρῶν</span> <span class='ocrx_word' id='word_1_387' title='bbox 517 4122 611 4174; x_wconf 83' lang='grc' dir='ltr'>καὶ</span> <span class='ocrx_word' id='word_1_388' title='bbox 649 4119 760 4174; x_wconf 85' lang='grc' dir='ltr'>τῶν</span> <span class='ocrx_word' id='word_1_389' title='bbox 793 4120 1154 4192; x_wconf 81' lang='grc' dir='ltr'>ἀκαθάρτων,</span> <span class='ocrx_word' id='word_1_390' title='bbox 1183 4119 1276 4174; x_wconf 82' lang='grc' dir='ltr'>τὸν</span> <span class='ocrx_word' id='word_1_391' title='bbox 1307 4118 1482 4173; x_wconf 80' lang='grc' dir='ltr'>κοινὸν</span> <span class='ocrx_word' id='word_1_392' title='bbox 1512 4119 1740 4175; x_wconf 85' lang='grc' dir='ltr'>θάνατον</span> <span class='ocrx_word' id='word_1_393' title='bbox 1770 4123 1902 4177; x_wconf 82' lang='grc' dir='ltr'>ὐπο-</span> 
     </span>
    </p>
   </div>
   <div class='ocr_carea' id='block_1_46' title="bbox 230 4206 1900 4283">
    <p class='ocr_par' dir='ltr' id='par_1_46' title="bbox 230 4206 1900 4283">
     <span class='ocr_line' id='line_1_46' title="bbox 230 4206 1900 4283; baseline 0.003 -23"><span class='ocrx_word' id='word_1_394' title='bbox 230 4206 510 4278; x_wconf 87' lang='grc' dir='ltr'>μείναντα,</span> <span class='ocrx_word' id='word_1_395' title='bbox 541 4207 638 4260; x_wconf 74' lang='grc' dir='ltr'>καὶ</span> <span class='ocrx_word' id='word_1_396' title='bbox 675 4206 812 4277; x_wconf 75' lang='grc' dir='ltr'>ὁμοῦ</span> <span class='ocrx_word' id='word_1_397' title='bbox 859 4206 1208 4278; x_wconf 83' lang='grc' dir='ltr'>πεφυρμένα,</span> <span class='ocrx_word' id='word_1_398' title='bbox 1233 4207 1330 4262; x_wconf 78' lang='grc' dir='ltr'>καὶ</span> <span class='ocrx_word' id='word_1_399' title='bbox 1355 4206 1612 4278; x_wconf 81' lang='grc' dir='ltr'>οὐδεμίαν</span> <span class='ocrx_word' id='word_1_400' title='bbox 1639 4207 1900 4283; x_wconf 78' lang='grc' dir='ltr'>διαφοράν</span> 
     </span>
    </p>
   </div>
   <div class='ocr_carea' id='block_1_47' title="bbox 224 4293 1899 4365">
    <p class='ocr_par' dir='ltr' id='par_1_47' title="bbox 224 4293 1899 4365">
     <span class='ocr_line' id='line_1_47' title="bbox 224 4293 1899 4365; baseline 0.004 -19"><span class='ocrx_word' id='word_1_401' title='bbox 224 4293 567 4365; x_wconf 82' lang='grc' dir='ltr'>γενομένην;</span> <span class='ocrx_word' id='word_1_402' title='bbox 609 4293 719 4347; x_wconf 78' lang='grc' dir='ltr'>Καὶ</span> <span class='ocrx_word' id='word_1_403' title='bbox 760 4293 900 4364; x_wconf 90' lang='grc' dir='ltr'>μετά</span> <span class='ocrx_word' id='word_1_404' title='bbox 938 4293 1131 4347; x_wconf 86' lang='grc' dir='ltr'>τούτου</span> <span class='ocrx_word' id='word_1_405' title='bbox 1177 4294 1360 4360; x_wconf 88' lang='grc' dir='ltr'>πάλιν,</span> <span class='ocrx_word' id='word_1_406' title='bbox 1392 4294 1609 4348; x_wconf 83' lang='grc' dir='ltr'>ἐπειδάν</span> <span class='ocrx_word' id='word_1_407' title='bbox 1632 4296 1661 4336; x_wconf 71' lang='grc' dir='ltr'>δ</span> <span class='ocrx_word' id='word_1_408' title='bbox 1687 4296 1749 4350; x_wconf 92' lang='lat'>16</span> <span class='ocrx_word' id='word_1_409' title='bbox 1781 4298 1899 4352; x_wconf 89' lang='grc' dir='ltr'>καθ’</span> 
     </span>
    </p>
   </div>
   <div class='ocr_carea' id='block_1_48' title="bbox 224 4379 1900 4457">
    <p class='ocr_par' dir='ltr' id='par_1_48' title="bbox 224 4379 1900 4457">
     <span class='ocr_line' id='line_1_48' title="bbox 224 4379 1900 4457; baseline 0.002 -22"><span class='ocrx_word' id='word_1_410' title='bbox 224 4380 419 4435; x_wconf 77' lang='grc' dir='ltr'>ιαυτὸν</span> <span class='ocrx_word' id='word_1_411' title='bbox 448 4379 922 4450; x_wconf 78' lang='grc' dir='ltr'>ἀναλογιζόμενος,</span> <span class='ocrx_word' id='word_1_412' title='bbox 956 4379 1055 4452; x_wconf 79' lang='grc' dir='ltr'>τὴν</span> <span class='ocrx_word' id='word_1_413' title='bbox 1097 4380 1353 4452; x_wconf 87' lang='grc' dir='ltr'>μόνωσιν,</span> <span class='ocrx_word' id='word_1_414' title='bbox 1381 4380 1478 4452; x_wconf 80' lang='grc' dir='ltr'>τὴν</span> <span class='ocrx_word' id='word_1_415' title='bbox 1516 4382 1772 4454; x_wconf 90' lang='grc' dir='ltr'>ἐρημίαν,</span> <span class='ocrx_word' id='word_1_416' title='bbox 1801 4384 1900 4457; x_wconf 80' lang='grc' dir='ltr'>τὴν</span> 
     </span>
    </p>
   </div>
   <div class='ocr_carea' id='block_1_49' title="bbox 221 4468 1901 4546">
    <p class='ocr_par' dir='ltr' id='par_1_49' title="bbox 221 4468 1901 4546">
     <span class='ocr_line' id='line_1_49' title="bbox 221 4468 1901 4546; baseline 0.003 -23"><span class='ocrx_word' id='word_1_417' title='bbox 221 4468 502 4539; x_wconf 75' lang='grc' dir='ltr'>διαγωγὴν</span> <span class='ocrx_word' id='word_1_418' title='bbox 525 4468 742 4539; x_wconf 86' lang='grc' dir='ltr'>ἐκείνην</span> <span class='ocrx_word' id='word_1_419' title='bbox 770 4469 870 4541; x_wconf 82' lang='grc' dir='ltr'>τὴν</span> <span class='ocrx_word' id='word_1_420' title='bbox 895 4469 1180 4541; x_wconf 70' lang='grc' dir='ltr'>ὀδυνηρὰν,</span> <span class='ocrx_word' id='word_1_421' title='bbox 1205 4471 1301 4525; x_wconf 75' lang='grc' dir='ltr'>καὶ</span> <span class='ocrx_word' id='word_1_422' title='bbox 1321 4471 1577 4542; x_wconf 83' lang='grc' dir='ltr'>οὐδεμίαν</span> <span class='ocrx_word' id='word_1_423' title='bbox 1602 4473 1901 4546; x_wconf 82' lang='grc' dir='ltr'>οὐδαμόθεν</span> 
     </span>
    </p>
   </div>
   <div class='ocr_carea' id='block_1_50' title="bbox 227 4554 1901 4626">
    <p class='ocr_par' dir='ltr' id='par_1_50' title="bbox 227 4554 1901 4626">
     <span class='ocr_line' id='line_1_50' title="bbox 227 4554 1901 4626; baseline 0.005 -18"><span class='ocrx_word' id='word_1_424' title='bbox 227 4554 606 4625; x_wconf 87' lang='grc' dir='ltr'>παραμυθίαν,</span> <span class='ocrx_word' id='word_1_425' title='bbox 653 4555 755 4609; x_wconf 90' lang='grc' dir='ltr'>οὐκ</span> <span class='ocrx_word' id='word_1_426' title='bbox 783 4556 893 4609; x_wconf 84' lang='lat'><strong>6116</strong></span> <span class='ocrx_word' id='word_1_427' title='bbox 936 4555 1248 4626; x_wconf 83' lang='grc' dir='ltr'>συντυχίας,</span> <span class='ocrx_word' id='word_1_428' title='bbox 1283 4558 1384 4612; x_wconf 91' lang='grc' dir='ltr'>οὐκ</span> <span class='ocrx_word' id='word_1_429' title='bbox 1432 4557 1540 4612; x_wconf 85' lang='lat'><strong>6116</strong></span> <span class='ocrx_word' id='word_1_430' title='bbox 1578 4559 1741 4626; x_wconf 88' lang='grc' dir='ltr'>θέας,</span> <span class='ocrx_word' id='word_1_431' title='bbox 1786 4561 1901 4616; x_wconf 87' lang='grc' dir='ltr'>ἀλλ’</span> 
     </span>
    </p>
   </div>
   <div class='ocr_carea' id='block_1_51' title="bbox 227 4641 1902 4720">
    <p class='ocr_par' dir='ltr' id='par_1_51' title="bbox 227 4641 1902 4720">
     <span class='ocr_line' id='line_1_51' title="bbox 227 4641 1902 4720; baseline 0.007 -26"><span class='ocrx_word' id='word_1_432' title='bbox 227 4641 352 4695; x_wconf 85' lang='grc' dir='ltr'>οὐδέ</span> <span class='ocrx_word' id='word_1_433' title='bbox 376 4643 468 4694; x_wconf 87' lang='lat' dir='ltr'><strong>16v</strong></span> <span class='ocrx_word' id='word_1_434' title='bbox 487 4643 680 4714; x_wconf 90' lang='grc' dir='ltr'>χρόνον</span> <span class='ocrx_word' id='word_1_435' title='bbox 699 4643 857 4707; x_wconf 85' lang='grc' dir='ltr'>είδὼς</span> <span class='ocrx_word' id='word_1_436' title='bbox 883 4643 1146 4715; x_wconf 88' lang='grc' dir='ltr'>ἀκριϐῶς,</span> <span class='ocrx_word' id='word_1_437' title='bbox 1170 4645 1333 4698; x_wconf 88' lang='grc' dir='ltr'>πόσον</span> <span class='ocrx_word' id='word_1_438' title='bbox 1352 4647 1582 4718; x_wconf 79' lang='grc' dir='ltr'>ήμελλεν</span> <span class='ocrx_word' id='word_1_439' title='bbox 1611 4648 1902 4720; x_wconf 87' lang='grc' dir='ltr'>ἀνέχεσθαι</span> 
     </span>
    </p>
   </div>
   <div class='ocr_carea' id='block_1_52' title="bbox 224 4727 1903 4808">
    <p class='ocr_par' dir='ltr' id='par_1_52' title="bbox 224 4727 1903 4808">
     <span class='ocr_line' id='line_1_52' title="bbox 224 4727 1903 4808; baseline 0.007 -28"><span class='ocrx_word' id='word_1_440' title='bbox 224 4727 329 4798; x_wconf 87' lang='grc' dir='ltr'>τῆς</span> <span class='ocrx_word' id='word_1_441' title='bbox 373 4729 432 4781; x_wconf 87' lang='grc' dir='ltr'>ἐν</span> <span class='ocrx_word' id='word_1_442' title='bbox 465 4729 544 4798; x_wconf 85' lang='grc' dir='ltr'>τῷ</span> <span class='ocrx_word' id='word_1_443' title='bbox 582 4731 940 4800; x_wconf 85' lang='grc' dir='ltr'>δεσμωτηρίῳ</span> <span class='ocrx_word' id='word_1_444' title='bbox 985 4731 1178 4801; x_wconf 85' lang='grc' dir='ltr'>ἐκείνῳ</span> <span class='ocrx_word' id='word_1_445' title='bbox 1202 4731 1512 4803; x_wconf 85' lang='grc' dir='ltr'>διαγωγῆς;</span> <span class='ocrx_word' id='word_1_446' title='bbox 1563 4735 1706 4799; x_wconf 86' lang='grc' dir='ltr'>Ἕως</span> <span class='ocrx_word' id='word_1_447' title='bbox 1735 4737 1842 4808; x_wconf 90' lang='grc' dir='ltr'>γάρ</span> <span class='ocrx_word' id='word_1_448' title='bbox 1875 4739 1903 4792; x_wconf 93' lang='lat'>6</span> 
     </span>
    </p>
   </div>
   <div class='ocr_carea' id='block_1_53' title="bbox 227 4813 1904 4894">
    <p class='ocr_par' dir='ltr' id='par_1_53' title="bbox 227 4813 1904 4894">
     <span class='ocr_line' id='line_1_53' title="bbox 227 4813 1904 4894; baseline 0.005 -27"><span class='ocrx_word' id='word_1_449' title='bbox 227 4814 436 4876; x_wconf 81' lang='grc' dir='ltr'>κτύπος</span> <span class='ocrx_word' id='word_1_450' title='bbox 457 4813 566 4867; x_wconf 87' lang='grc' dir='ltr'>τῶν</span> <span class='ocrx_word' id='word_1_451' title='bbox 593 4815 796 4868; x_wconf 83' lang='grc' dir='ltr'>ὑδάτων</span> <span class='ocrx_word' id='word_1_452' title='bbox 817 4817 910 4870; x_wconf 71' lang='grc' dir='ltr'>καὶ</span> <span class='ocrx_word' id='word_1_453' title='bbox 935 4819 964 4870; x_wconf 92' lang='lat'>6</span> <span class='ocrx_word' id='word_1_454' title='bbox 987 4817 1229 4887; x_wconf 80' lang='grc' dir='ltr'>πάταγος</span> <span class='ocrx_word' id='word_1_455' title='bbox 1248 4815 1337 4889; x_wconf 78' lang='grc' dir='ltr'>ἦν,</span> <span class='ocrx_word' id='word_1_456' title='bbox 1358 4820 1479 4874; x_wconf 82' lang='grc' dir='ltr'>καθ’</span> <span class='ocrx_word' id='word_1_457' title='bbox 1505 4821 1745 4892; x_wconf 81' lang='grc' dir='ltr'>ἑκάστην</span> <span class='ocrx_word' id='word_1_458' title='bbox 1769 4825 1904 4894; x_wconf 81' lang='grc' dir='ltr'>ἠμέ-</span> 
     </span>
    </p>
   </div>
   <div class='ocr_carea' id='block_1_54' title="bbox 229 4899 1904 4984">
    <p class='ocr_par' dir='ltr' id='par_1_54' title="bbox 229 4899 1904 4984">
     <span class='ocr_line' id='line_1_54' title="bbox 229 4899 1904 4984; baseline 0.007 -31"><span class='ocrx_word' id='word_1_459' title='bbox 229 4917 331 4972; x_wconf 86' lang='grc' dir='ltr'>ραν</span> <span class='ocrx_word' id='word_1_460' title='bbox 362 4899 680 4969; x_wconf 82' lang='grc' dir='ltr'>ἀκμάζοντα</span> <span class='ocrx_word' id='word_1_461' title='bbox 708 4902 858 4972; x_wconf 89' lang='grc' dir='ltr'>αὐτῷ</span> <span class='ocrx_word' id='word_1_462' title='bbox 883 4903 944 4956; x_wconf 94' lang='lat'>16</span> <span class='ocrx_word' id='word_1_463' title='bbox 985 4905 1149 4972; x_wconf 89' lang='grc' dir='ltr'>φόϐον</span> <span class='ocrx_word' id='word_1_464' title='bbox 1193 4907 1558 4976; x_wconf 78' lang='grc' dir='ltr'>ἐνειργάζετο.</span> <span class='ocrx_word' id='word_1_465' title='bbox 1603 4910 1668 4962; x_wconf 92' lang='grc' dir='ltr'>Τί</span> <span class='ocrx_word' id='word_1_466' title='bbox 1697 4911 1804 4983; x_wconf 90' lang='grc' dir='ltr'>γάρ</span> <span class='ocrx_word' id='word_1_467' title='bbox 1836 4908 1904 4984; x_wconf 81' lang='grc' dir='ltr'>ἦν</span> 
     </span>
    </p>
   </div>
   <div class='ocr_carea' id='block_1_55' title="bbox 225 4987 1904 5065">
    <p class='ocr_par' dir='ltr' id='par_1_55' title="bbox 225 4987 1904 5065">
     <span class='ocr_line' id='line_1_55' title="bbox 225 4987 1904 5065; baseline 0.007 -23"><span class='ocrx_word' id='word_1_468' title='bbox 225 4989 375 5051; x_wconf 75' lang='grc' dir='ltr'>εἰκὸς</span> <span class='ocrx_word' id='word_1_469' title='bbox 409 4987 574 5042; x_wconf 86' lang='grc' dir='ltr'>αὐτὸν</span> <span class='ocrx_word' id='word_1_470' title='bbox 620 4989 859 5059; x_wconf 81' lang='grc' dir='ltr'>χρηστὸν</span> <span class='ocrx_word' id='word_1_471' title='bbox 893 4989 1230 5047; x_wconf 81' lang='grc' dir='ltr'>ὑποπτεῦσαι</span> <span class='ocrx_word' id='word_1_472' title='bbox 1254 5032 1269 5059; x_wconf 93' lang='grc'>,</span> <span class='ocrx_word' id='word_1_473' title='bbox 1315 4994 1531 5065; x_wconf 84' lang='grc' dir='ltr'>ὁρῶντα</span> <span class='ocrx_word' id='word_1_474' title='bbox 1570 4998 1662 5051; x_wconf 80' lang='grc' dir='ltr'>ἐπὶ</span> <span class='ocrx_word' id='word_1_475' title='bbox 1710 5000 1904 5054; x_wconf 80' lang='grc' dir='ltr'>ἑκατὸν</span> 
     </span>
    </p>
   </div>
   <div class='ocr_carea' id='block_1_56' title="bbox 227 5075 1906 5158">
    <p class='ocr_par' dir='ltr' id='par_1_56' title="bbox 227 5075 1906 5158">
     <span class='ocr_line' id='line_1_56' title="bbox 227 5075 1906 5158; baseline 0.008 -30"><span class='ocrx_word' id='word_1_476' title='bbox 227 5077 579 5147; x_wconf 77' lang='grc' dir='ltr'>πεντήκοντα</span> <span class='ocrx_word' id='word_1_477' title='bbox 607 5075 827 5148; x_wconf 74' lang='grc' dir='ltr'>ἡμέρας</span> <span class='ocrx_word' id='word_1_478' title='bbox 880 5079 973 5130; x_wconf 78' lang='grc' dir='ltr'>ἐπὶ</span> <span class='ocrx_word' id='word_1_479' title='bbox 1004 5079 1103 5149; x_wconf 87' lang='grc' dir='ltr'>τῆς</span> <span class='ocrx_word' id='word_1_480' title='bbox 1135 5080 1460 5153; x_wconf 89' lang='grc' dir='ltr'>ταυτότητος</span> <span class='ocrx_word' id='word_1_481' title='bbox 1488 5084 1556 5137; x_wconf 88' lang='grc' dir='ltr'>τὰ</span> <span class='ocrx_word' id='word_1_482' title='bbox 1595 5084 1763 5140; x_wconf 80' lang='grc' dir='ltr'>ὐδατα</span> <span class='ocrx_word' id='word_1_483' title='bbox 1810 5087 1906 5158; x_wconf 86' lang='grc' dir='ltr'>μέ-</span> 
     </span>
    </p>
   </div>
   <div class='ocr_carea' id='block_1_57' title="bbox 227 5162 1907 5244">
    <p class='ocr_par' dir='ltr' id='par_1_57' title="bbox 227 5162 1907 5244">
     <span class='ocr_line' id='line_1_57' title="bbox 227 5162 1907 5244; baseline 0.008 -29"><span class='ocrx_word' id='word_1_484' title='bbox 227 5179 414 5228; x_wconf 88' lang='grc' dir='ltr'>νοντα,</span> <span class='ocrx_word' id='word_1_485' title='bbox 437 5163 532 5218; x_wconf 79' lang='grc' dir='ltr'>καὶ</span> <span class='ocrx_word' id='word_1_486' title='bbox 555 5163 636 5227; x_wconf 84' lang='grc' dir='ltr'>είς</span> <span class='ocrx_word' id='word_1_487' title='bbox 659 5162 794 5233; x_wconf 81' lang='grc' dir='ltr'>ὐψος</span> <span class='ocrx_word' id='word_1_488' title='bbox 809 5163 1152 5235; x_wconf 89' lang='grc' dir='ltr'>ἐγειρόμενα,</span> <span class='ocrx_word' id='word_1_489' title='bbox 1181 5168 1275 5220; x_wconf 78' lang='grc' dir='ltr'>καὶ</span> <span class='ocrx_word' id='word_1_490' title='bbox 1295 5168 1414 5222; x_wconf 86' lang='grc' dir='ltr'>οὐδὲ</span> <span class='ocrx_word' id='word_1_491' title='bbox 1438 5171 1504 5223; x_wconf 86' lang='lat'>16</span> <span class='ocrx_word' id='word_1_492' title='bbox 1521 5172 1683 5242; x_wconf 86' lang='grc' dir='ltr'>τυχὸν</span> <span class='ocrx_word' id='word_1_493' title='bbox 1714 5172 1907 5244; x_wconf 86' lang='grc' dir='ltr'>λήγον-</span> 
     </span>
    </p>
   </div>
   <div class='ocr_carea' id='block_1_58' title="bbox 115 5245 1907 5334">
    <p class='ocr_par' dir='ltr' id='par_1_58' title="bbox 115 5245 1907 5334">
     <span class='ocr_line' id='line_1_58' title="bbox 115 5245 1907 5334; baseline 0.008 -33"><span class='ocrx_word' id='word_1_494' title='bbox 115 5321 123 5334; x_wconf 41' lang='lat'><strong><em>&#39;</em></strong></span> <span class='ocrx_word' id='word_1_495' title='bbox 228 5266 330 5314; x_wconf 73' lang='grc' dir='ltr'>τας</span> <span class='ocrx_word' id='word_1_496' title='bbox 373 5245 514 5304; x_wconf 85' lang='grc' dir='ltr'>Ἀλλ’</span> <span class='ocrx_word' id='word_1_497' title='bbox 549 5251 702 5322; x_wconf 78' lang='grc' dir='ltr'>ὅμως</span> <span class='ocrx_word' id='word_1_498' title='bbox 729 5249 892 5322; x_wconf 78' lang='grc' dir='ltr'>ἔφερε</span> <span class='ocrx_word' id='word_1_499' title='bbox 921 5251 1204 5319; x_wconf 87' lang='grc' dir='ltr'>γενναίως,</span> <span class='ocrx_word' id='word_1_500' title='bbox 1233 5254 1386 5319; x_wconf 76' lang='grc' dir='ltr'>εἰδὼς</span> <span class='ocrx_word' id='word_1_501' title='bbox 1414 5257 1509 5310; x_wconf 90' lang='grc' dir='ltr'>τοῦ</span> <span class='ocrx_word' id='word_1_502' title='bbox 1545 5259 1816 5314; x_wconf 84' lang='grc' dir='ltr'>Δεσπότου</span> <span class='ocrx_word' id='word_1_503' title='bbox 1845 5263 1907 5316; x_wconf 90' lang='lat'>16</span> 
     </span>
    </p>
   </div>
   <div class='ocr_carea' id='block_1_59' title="bbox 229 5337 1906 5414">
    <p class='ocr_par' dir='ltr' id='par_1_59' title="bbox 229 5337 1906 5414">
     <span class='ocr_line' id='line_1_59' title="bbox 229 5337 1906 5414; baseline 0.007 -23"><span class='ocrx_word' id='word_1_504' title='bbox 229 5337 563 5408; x_wconf 69' lang='grc' dir='ltr'>εὐμήχανον,</span> <span class='ocrx_word' id='word_1_505' title='bbox 604 5339 700 5392; x_wconf 77' lang='grc' dir='ltr'>καὶ</span> <span class='ocrx_word' id='word_1_506' title='bbox 745 5339 827 5392; x_wconf 84' lang='grc' dir='ltr'>ὅτι</span> <span class='ocrx_word' id='word_1_507' title='bbox 858 5339 1188 5409; x_wconf 82' lang='grc' dir='ltr'>δημιουργὸς</span> <span class='ocrx_word' id='word_1_508' title='bbox 1212 5341 1288 5395; x_wconf 81' lang='grc' dir='ltr'>ὢν</span> <span class='ocrx_word' id='word_1_509' title='bbox 1319 5343 1418 5414; x_wconf 90' lang='grc' dir='ltr'>τῆς</span> <span class='ocrx_word' id='word_1_510' title='bbox 1445 5344 1658 5413; x_wconf 88' lang='grc' dir='ltr'>φύσεως</span> <span class='ocrx_word' id='word_1_511' title='bbox 1690 5347 1906 5404; x_wconf 79' lang='grc' dir='ltr'>ἃπαντα</span> 
     </span>
    </p>
   </div>
   <div class='ocr_carea' id='block_1_60' title="bbox 234 5424 1906 5504">
    <p class='ocr_par' dir='ltr' id='par_1_60' title="bbox 234 5424 1906 5504">
     <span class='ocr_line' id='line_1_60' title="bbox 234 5424 1906 5504; baseline 0.007 -27"><span class='ocrx_word' id='word_1_512' title='bbox 234 5425 377 5477; x_wconf 80' lang='grc' dir='ltr'>ποιεῖ</span> <span class='ocrx_word' id='word_1_513' title='bbox 400 5425 497 5478; x_wconf 79' lang='grc' dir='ltr'>καὶ</span> <span class='ocrx_word' id='word_1_514' title='bbox 522 5425 916 5495; x_wconf 82' lang='grc' dir='ltr'>μετασκευάζει</span> <span class='ocrx_word' id='word_1_515' title='bbox 948 5424 1085 5497; x_wconf 83' lang='grc' dir='ltr'>πρὸς</span> <span class='ocrx_word' id='word_1_516' title='bbox 1102 5425 1130 5478; x_wconf 84' lang='lat'>6</span> <span class='ocrx_word' id='word_1_517' title='bbox 1160 5427 1429 5496; x_wconf 89' lang='grc' dir='ltr'>βούλεται,</span> <span class='ocrx_word' id='word_1_518' title='bbox 1457 5431 1553 5484; x_wconf 77' lang='grc' dir='ltr'>καὶ</span> <span class='ocrx_word' id='word_1_519' title='bbox 1575 5433 1674 5486; x_wconf 89' lang='grc' dir='ltr'>οὐκ</span> <span class='ocrx_word' id='word_1_520' title='bbox 1695 5433 1906 5504; x_wconf 78' lang='grc' dir='ltr'>ἐδυσχέο</span> 
     </span>
    </p>
   </div>
   <div class='ocr_carea' id='block_1_61' title="bbox 235 5509 1905 5592">
    <p class='ocr_par' dir='ltr' id='par_1_61' title="bbox 235 5509 1905 5592">
     <span class='ocr_line' id='line_1_61' title="bbox 235 5509 1905 5592; baseline 0.006 -30"><span class='ocrx_word' id='word_1_521' title='bbox 235 5526 386 5581; x_wconf 84' lang='grc' dir='ltr'>ραινε</span> <span class='ocrx_word' id='word_1_522' title='bbox 413 5509 550 5581; x_wconf 82' lang='grc' dir='ltr'>πρὸς</span> <span class='ocrx_word' id='word_1_523' title='bbox 570 5511 670 5581; x_wconf 80' lang='grc' dir='ltr'>τὴν</span> <span class='ocrx_word' id='word_1_524' title='bbox 691 5513 870 5565; x_wconf 88' lang='grc' dir='ltr'>ἐκεῖσε</span> <span class='ocrx_word' id='word_1_525' title='bbox 899 5511 1198 5584; x_wconf 87' lang='grc' dir='ltr'>διαγωγήν.</span> <span class='ocrx_word' id='word_1_526' title='bbox 1237 5516 1301 5568; x_wconf 85' lang='grc' dir='ltr'><strong>Ἡ</strong></span> <span class='ocrx_word' id='word_1_527' title='bbox 1331 5515 1442 5588; x_wconf 83' lang='grc' dir='ltr'>γὰρ.</span> <span class='ocrx_word' id='word_1_528' title='bbox 1469 5517 1562 5570; x_wconf 87' lang='grc' dir='ltr'>τοῦ</span> <span class='ocrx_word' id='word_1_529' title='bbox 1587 5517 1724 5570; x_wconf 87' lang='grc' dir='ltr'>Θεοῦ</span> <span class='ocrx_word' id='word_1_530' title='bbox 1765 5520 1905 5592; x_wconf 79' lang='grc' dir='ltr'>ῥοπὴ</span> 
     </span>
    </p>
   </div>
   <div class='ocr_carea' id='block_1_62' title="bbox 299 5695 1756 5768">
    <p class='ocr_par' dir='ltr' id='par_1_62' title="bbox 299 5695 1756 5768">
     <span class='ocr_line' id='line_1_62' title="bbox 299 5695 1756 5768; baseline 0.004 -21"><span class='ocrx_word' id='word_1_531' title='bbox 299 5695 327 5768; x_wconf 58' lang='grc' dir='ltr'>ξ</span> <span class='ocrx_word' id='word_1_532' title='bbox 353 5695 505 5768; x_wconf 18' lang='grc' dir='ltr'>ξεῖὶιῄ.</span> <span class='ocrx_word' id='word_1_533' title='bbox 523 5702 584 5768; x_wconf 59' lang='grc' dir='ltr'>ει</span> <span class='ocrx_word' id='word_1_534' title='bbox 605 5701 954 5768; x_wconf 47' lang='grc' dir='ltr'>(ιξξὶηαιιειωεᾳ.</span> <span class='ocrx_word' id='word_1_535' title='bbox 980 5699 1346 5768; x_wconf 35' lang='grc' dir='ltr'>ἐπὶιτοσαύταις,</span> <span class='ocrx_word' id='word_1_536' title='bbox 1373 5704 1528 5768; x_wconf 69' lang='grc' dir='ltr'>φησὶν,</span> <span class='ocrx_word' id='word_1_537' title='bbox 1546 5706 1756 5768; x_wconf 79' lang='grc' dir='ltr'>ἡμέραις.</span> 
     </span>
    </p>
   </div>
   <div class='ocr_carea' id='block_1_63' title="bbox 297 5751 1899 5827">
    <p class='ocr_par' dir='ltr' id='par_1_63' title="bbox 297 5751 1899 5827">
     <span class='ocr_line' id='line_1_63' title="bbox 297 5751 1899 5827; baseline 0.008 -22"><span class='ocrx_word' id='word_1_538' title='bbox 297 5751 337 5827; x_wconf 59' lang='grc' dir='ltr'>ιζ</span> <span class='ocrx_word' id='word_1_539' title='bbox 357 5756 502 5807; x_wconf 69' lang='lat' dir='ltr'>Putat</span> <span class='ocrx_word' id='word_1_540' title='bbox 523 5751 1017 5827; x_wconf 47' lang='lat' dir='ltr'>Sagiiius&#39;dcleiiQum</span> <span class='ocrx_word' id='word_1_541' title='bbox 1053 5751 1270 5827; x_wconf 66' lang='grc' dir='ltr'>ἐπειδάν,</span> <span class='ocrx_word' id='word_1_542' title='bbox 1294 5751 1390 5813; x_wconf 55' lang='grc' dir='ltr'>αὖ(</span> <span class='ocrx_word' id='word_1_543' title='bbox 1413 5751 1590 5813; x_wconf 69' lang='grc' dir='ltr'>ἐειιέιίἰ</span> <span class='ocrx_word' id='word_1_544' title='bbox 1608 5751 1899 5818; x_wconf 14' lang='grc' dir='ltr'>νιῖιιιιξιηόυηι</span> 
     </span>
    </p>
   </div>
   <div class='ocr_carea' id='block_1_64' title="bbox 239 5817 1902 5889">
    <p class='ocr_par' dir='ltr' id='par_1_64' title="bbox 239 5817 1902 5889">
     <span class='ocr_line' id='line_1_64' title="bbox 239 5817 1902 5889; baseline 0.008 -23"><span class='ocrx_word' id='word_1_545' title='bbox 239 5817 288 5867; x_wconf 84' lang='lat' dir='ltr'>in</span> <span class='ocrx_word' id='word_1_546' title='bbox 315 5819 504 5889; x_wconf 50' lang='grc' dir='ltr'>ἔπειτα,</span> <span class='ocrx_word' id='word_1_547' title='bbox 540 5819 1087 5889; x_wconf 35' lang='lat' dir='ltr'>mihiscc-ugvidelur;</span> <span class='ocrx_word' id='word_1_548' title='bbox 1111 5817 1256 5889; x_wconf 60' lang='lat' dir='ltr'>pihil&#39;</span> <span class='ocrx_word' id='word_1_549' title='bbox 1283 5828 1414 5878; x_wconf 83' lang='lat' dir='ltr'><strong>enim</strong></span> <span class='ocrx_word' id='word_1_550' title='bbox 1457 5834 1635 5889; x_wconf 71' lang='lat' dir='ltr'>practer.</span> <span class='ocrx_word' id='word_1_551' title='bbox 1677 5844 1814 5882; x_wconf 85' lang='lat' dir='ltr'>usum</span> <span class='ocrx_word' id='word_1_552' title='bbox 1851 5838 1902 5881; x_wconf 76' lang='lat' dir='ltr'>et</span> 
     </span>
    </p>
   </div>
   <div class='ocr_carea' id='block_1_65' title="bbox 240 5879 1175 5947">
    <p class='ocr_par' dir='ltr' id='par_1_65' title="bbox 240 5879 1175 5947">
     <span class='ocr_line' id='line_1_65' title="bbox 240 5879 1175 5947; baseline 0.006 -20"><span class='ocrx_word' id='word_1_553' title='bbox 240 5891 425 5930; x_wconf 76' lang='lat' dir='ltr'>morem</span> <span class='ocrx_word' id='word_1_554' title='bbox 447 5879 771 5942; x_wconf 54' lang='lat' dir='ltr'>Chryseiomi</span> <span class='ocrx_word' id='word_1_555' title='bbox 804 5881 880 5934; x_wconf 88' lang='lat' dir='ltr'>hic</span> <span class='ocrx_word' id='word_1_556' title='bbox 908 5885 1175 5947; x_wconf 76' lang='lat' dir='ltr'>conspicio.</span> 
     </span>
    </p>
   </div>
   <div class='ocr_carea' id='block_1_66' title="bbox 1410 277 2568 345">
    <p class='ocr_par' dir='ltr' id='par_1_66' title="bbox 1410 277 2568 345">
     <span class='ocr_line' id='line_1_66' title="bbox 1410 277 2568 345; baseline 0.009 -11"><span class='ocrx_word' id='word_1_557' title='bbox 1410 277 1477 336; x_wconf 82' lang='lat' dir='ltr'>IN</span> <span class='ocrx_word' id='word_1_558' title='bbox 1514 278 1668 339; x_wconf 83' lang='lat' dir='ltr'>CAP.</span> <span class='ocrx_word' id='word_1_559' title='bbox 1711 281 1806 339; x_wconf 80' lang='lat' dir='ltr'>VII</span> <span class='ocrx_word' id='word_1_560' title='bbox 1841 280 2090 342; x_wconf 83' lang='lat' dir='ltr'>GENES.</span> <span class='ocrx_word' id='word_1_561' title='bbox 2132 284 2365 344; x_wconf 78' lang='lat' dir='ltr'>HOMIL.</span> <span class='ocrx_word' id='word_1_562' title='bbox 2407 288 2568 345; x_wconf 74' lang='lat' dir='ltr'><strong>XXV.</strong></span> 
     </span>
    </p>
   </div>
   <div class='ocr_carea' id='block_1_67' title="bbox 3575 301 3678 358">
    <p class='ocr_par' dir='ltr' id='par_1_67' title="bbox 3575 301 3678 358">
     <span class='ocr_line' id='line_1_67' title="bbox 3575 301 3678 358; baseline 0.039 -3"><span class='ocrx_word' id='word_1_563' title='bbox 3575 301 3678 358; x_wconf 72' lang='lat'>228</span> 
     </span>
    </p>
   </div>
   <div class='ocr_carea' id='block_1_68' title="bbox 2017 403 3680 485">
    <p class='ocr_par' dir='ltr' id='par_1_68' title="bbox 2017 403 3680 485">
     <span class='ocr_line' id='line_1_68' title="bbox 2017 403 3680 485; baseline 0.007 -30"><span class='ocrx_word' id='word_1_564' title='bbox 2017 406 2466 485; x_wconf 70' lang='grc' dir='ltr'>συνεφαπτομένη</span> <span class='ocrx_word' id='word_1_565' title='bbox 2512 403 2734 475; x_wconf 86' lang='grc' dir='ltr'>ἐνεύρου</span> <span class='ocrx_word' id='word_1_566' title='bbox 2761 405 2939 485; x_wconf 78' lang='grc' dir='ltr'>αὐτοῦ</span> <span class='ocrx_word' id='word_1_567' title='bbox 2971 404 3068 479; x_wconf 79' lang='grc' dir='ltr'>τὴν</span> <span class='ocrx_word' id='word_1_568' title='bbox 3104 406 3433 480; x_wconf 85' lang='grc' dir='ltr'>προθυμίαν,</span> <span class='ocrx_word' id='word_1_569' title='bbox 3469 415 3559 465; x_wconf 74' lang='grc' dir='ltr'>καὶ</span> <span class='ocrx_word' id='word_1_570' title='bbox 3589 417 3680 485; x_wconf 85' lang='grc' dir='ltr'>ἀρ-</span> 
     </span>
    </p>
   </div>
   <div class='ocr_carea' id='block_1_69' title="bbox 2011 481 3682 557">
    <p class='ocr_par' dir='ltr' id='par_1_69' title="bbox 2011 481 3682 557">
     <span class='ocr_line' id='line_1_69' title="bbox 2011 481 3682 557; baseline 0.008 -24"><span class='ocrx_word' id='word_1_571' title='bbox 2011 481 2214 536; x_wconf 81' lang='grc' dir='ltr'>κοῦσαν</span> <span class='ocrx_word' id='word_1_572' title='bbox 2258 487 2486 556; x_wconf 87' lang='grc' dir='ltr'>παρεῖχε</span> <span class='ocrx_word' id='word_1_573' title='bbox 2517 483 2874 554; x_wconf 83' lang='grc' dir='ltr'>παραμυθίαν</span> <span class='ocrx_word' id='word_1_574' title='bbox 2894 527 2908 550; x_wconf 94' lang='grc'>,</span> <span class='ocrx_word' id='word_1_575' title='bbox 2939 485 3040 539; x_wconf 88' lang='grc' dir='ltr'>οὐκ</span> <span class='ocrx_word' id='word_1_576' title='bbox 3097 487 3316 557; x_wconf 85' lang='grc' dir='ltr'>ἀφιεῖσα</span> <span class='ocrx_word' id='word_1_577' title='bbox 3350 481 3682 547; x_wconf 86' lang='grc' dir='ltr'>καταπεσεῖν</span> 
     </span>
    </p>
   </div>
   <div class='ocr_carea' id='block_1_70' title="bbox 2007 559 3680 638">
    <p class='ocr_par' dir='ltr' id='par_1_70' title="bbox 2007 559 3680 638">
     <span class='ocr_line' id='line_1_70' title="bbox 2007 559 3680 638; baseline 0.009 -29"><span class='ocrx_word' id='word_1_578' title='bbox 2007 559 2133 638; x_wconf 78' lang='grc' dir='ltr'>τοὺς</span> <span class='ocrx_word' id='word_1_579' title='bbox 2165 561 2479 632; x_wconf 76' lang='grc' dir='ltr'>λογισμοὺς,</span> <span class='ocrx_word' id='word_1_580' title='bbox 2503 564 2597 615; x_wconf 76' lang='grc' dir='ltr'>καὶ</span> <span class='ocrx_word' id='word_1_581' title='bbox 2625 562 2741 614; x_wconf 83' lang='grc' dir='ltr'>οὐδὲ</span> <span class='ocrx_word' id='word_1_582' title='bbox 2769 564 2992 630; x_wconf 89' lang='grc' dir='ltr'>ἀγεννές</span> <span class='ocrx_word' id='word_1_583' title='bbox 3019 581 3070 617; x_wconf 90' lang='grc' dir='ltr'>τι</span> <span class='ocrx_word' id='word_1_584' title='bbox 3100 576 3122 603; x_wconf 67' lang='grc' dir='ltr'>(ε</span> <span class='ocrx_word' id='word_1_585' title='bbox 3147 569 3240 618; x_wconf 80' lang='grc' dir='ltr'>καὶ</span> <span class='ocrx_word' id='word_1_586' title='bbox 3262 568 3519 638; x_wconf 81' lang='grc' dir='ltr'>ἄνανδρον</span> <span class='ocrx_word' id='word_1_587' title='bbox 3543 570 3680 638; x_wconf 86' lang='grc' dir='ltr'>λογί-</span> 
     </span>
    </p>
   </div>
   <div class='ocr_carea' id='block_1_71' title="bbox 2014 637 3676 719">
    <p class='ocr_par' dir='ltr' id='par_1_71' title="bbox 2014 637 3676 719">
     <span class='ocr_line' id='line_1_71' title="bbox 2014 637 3676 719; baseline 0.009 -32"><span class='ocrx_word' id='word_1_588' title='bbox 2014 637 2226 719; x_wconf 73' lang='grc' dir='ltr'>τασθαι.</span> <span class='ocrx_word' id='word_1_589' title='bbox 2254 640 2473 719; x_wconf 70' lang='grc' dir='ltr'>Ἐπειδὴ</span> <span class='ocrx_word' id='word_1_590' title='bbox 2501 639 2922 719; x_wconf 58' lang='lat' dir='ltr'><strong>y6011p0166¢bv</strong></span> <span class='ocrx_word' id='word_1_591' title='bbox 2949 642 3018 695; x_wconf 90' lang='lat'>16</span> <span class='ocrx_word' id='word_1_592' title='bbox 3041 645 3172 713; x_wconf 88' lang='grc' dir='ltr'>παρ’</span> <span class='ocrx_word' id='word_1_593' title='bbox 3193 645 3388 697; x_wconf 77' lang='grc' dir='ltr'>ἑαυτοῦ</span> <span class='ocrx_word' id='word_1_594' title='bbox 3415 637 3676 719; x_wconf 85' lang='grc' dir='ltr'>παρέσχε,</span> 
     </span>
    </p>
   </div>
   <div class='ocr_carea' id='block_1_72' title="bbox 2005 716 3676 793">
    <p class='ocr_par' dir='ltr' id='par_1_72' title="bbox 2005 716 3676 793">
     <span class='ocr_line' id='line_1_72' title="bbox 2005 716 3676 793; baseline 0.01 -29"><span class='ocrx_word' id='word_1_595' title='bbox 2005 716 2103 793; x_wconf 79' lang='grc' dir='ltr'>τῆς</span> <span class='ocrx_word' id='word_1_596' title='bbox 2127 716 2326 787; x_wconf 83' lang='grc' dir='ltr'>ἀρετῆς</span> <span class='ocrx_word' id='word_1_597' title='bbox 2349 717 2448 788; x_wconf 80' lang='grc' dir='ltr'>τὴν</span> <span class='ocrx_word' id='word_1_598' title='bbox 2475 717 2780 786; x_wconf 82' lang='grc' dir='ltr'>ἀκρίϐειαν,</span> <span class='ocrx_word' id='word_1_599' title='bbox 2800 720 2899 789; x_wconf 88' lang='grc' dir='ltr'>τῆς</span> <span class='ocrx_word' id='word_1_600' title='bbox 2925 720 3266 792; x_wconf 82' lang='grc' dir='ltr'>δικαιοσύνης</span> <span class='ocrx_word' id='word_1_601' title='bbox 3288 723 3384 793; x_wconf 85' lang='grc' dir='ltr'>τὴν</span> <span class='ocrx_word' id='word_1_602' title='bbox 3407 716 3676 791; x_wconf 76' lang='grc' dir='ltr'>ἐπίτασιν,</span> 
     </span>
    </p>
   </div>
   <div class='ocr_carea' id='block_1_73' title="bbox 2005 792 3676 869">
    <p class='ocr_par' dir='ltr' id='par_1_73' title="bbox 2005 792 3676 869">
     <span class='ocr_line' id='line_1_73' title="bbox 2005 792 3676 869; baseline 0.009 -25"><span class='ocrx_word' id='word_1_603' title='bbox 2005 792 2104 869; x_wconf 73' lang='grc' dir='ltr'>τῆς</span> <span class='ocrx_word' id='word_1_604' title='bbox 2137 795 2372 858; x_wconf 89' lang='grc' dir='ltr'>πίστεως</span> <span class='ocrx_word' id='word_1_605' title='bbox 2405 795 2501 866; x_wconf 84' lang='grc' dir='ltr'>τὴν</span> <span class='ocrx_word' id='word_1_606' title='bbox 2526 796 2848 866; x_wconf 79' lang='grc' dir='ltr'>ὑπερϐολὴν,</span> <span class='ocrx_word' id='word_1_607' title='bbox 2885 798 2978 850; x_wconf 74' lang='grc' dir='ltr'>καὶ</span> <span class='ocrx_word' id='word_1_608' title='bbox 3017 800 3084 852; x_wconf 87' lang='lat'>16</span> <span class='ocrx_word' id='word_1_609' title='bbox 3111 800 3259 869; x_wconf 88' lang='grc' dir='ltr'>παρά</span> <span class='ocrx_word' id='word_1_610' title='bbox 3286 792 3379 854; x_wconf 89' lang='lat'>106</span> <span class='ocrx_word' id='word_1_611' title='bbox 3409 805 3676 858; x_wconf 82' lang='grc' dir='ltr'>Δεσπότου</span> 
     </span>
    </p>
   </div>
   <div class='ocr_carea' id='block_1_74' title="bbox 2005 867 3676 954">
    <p class='ocr_par' dir='ltr' id='par_1_74' title="bbox 2005 867 3676 954">
     <span class='ocr_line' id='line_1_74' title="bbox 2005 867 3676 954; baseline 0.016 -43"><span class='ocrx_word' id='word_1_612' title='bbox 2005 867 2189 954; x_wconf 47' lang='grc' dir='ltr'>λοεπὸφ</span> <span class='ocrx_word' id='word_1_613' title='bbox 2217 871 2365 954; x_wconf 44' lang='grc' dir='ltr'>αὐτῷ</span> <span class='ocrx_word' id='word_1_614' title='bbox 2417 873 2556 954; x_wconf 74' lang='grc' dir='ltr'>μετά</span> <span class='ocrx_word' id='word_1_615' title='bbox 2592 873 2867 954; x_wconf 74' lang='grc' dir='ltr'>δαψιλείας</span> <span class='ocrx_word' id='word_1_616' title='bbox 2909 867 3246 948; x_wconf 82' lang='grc' dir='ltr'>ἐχορηγεῖτο,</span> <span class='ocrx_word' id='word_1_617' title='bbox 3278 879 3312 947; x_wconf 87' lang='grc' dir='ltr'><strong>ἡ</strong></span> <span class='ocrx_word' id='word_1_618' title='bbox 3342 881 3607 953; x_wconf 81' lang='grc' dir='ltr'>ὑπομονὴ,</span> <span class='ocrx_word' id='word_1_619' title='bbox 3643 885 3676 954; x_wconf 82' lang='grc' dir='ltr'>ὴ</span> 
     </span>
    </p>
   </div>
   <div class='ocr_carea' id='block_1_75' title="bbox 2005 947 3678 1030">
    <p class='ocr_par' dir='ltr' id='par_1_75' title="bbox 2005 947 3678 1030">
     <span class='ocr_line' id='line_1_75' title="bbox 2005 947 3678 1030; baseline 0.008 -30"><span class='ocrx_word' id='word_1_620' title='bbox 2005 947 2245 1030; x_wconf 78' lang='grc' dir='ltr'>ἀνδρεία,</span> <span class='ocrx_word' id='word_1_621' title='bbox 2275 950 2337 1030; x_wconf 91' lang='lat'>16</span> <span class='ocrx_word' id='word_1_622' title='bbox 2369 950 2558 1021; x_wconf 88' lang='grc' dir='ltr'>πράως</span> <span class='ocrx_word' id='word_1_623' title='bbox 2587 950 2804 1005; x_wconf 75' lang='grc' dir='ltr'>ἅπαντα</span> <span class='ocrx_word' id='word_1_624' title='bbox 2832 954 3051 1024; x_wconf 84' lang='grc' dir='ltr'>φέρειν,</span> <span class='ocrx_word' id='word_1_625' title='bbox 3096 955 3156 1007; x_wconf 90' lang='lat'>16</span> <span class='ocrx_word' id='word_1_626' title='bbox 3203 947 3530 1026; x_wconf 79' lang='grc' dir='ltr'>ἀνασχέσθαι</span> 
     </span>
    </p>
   </div>
   <div class='ocr_carea' id='block_1_76' title="bbox 2004 1027 3677 1106">
    <p class='ocr_par' dir='ltr' id='par_1_76' title="bbox 2004 1027 3677 1106">
     <span class='ocr_line' id='line_1_76' title="bbox 2004 1027 3677 1106; baseline 0.008 -28"><span class='ocrx_word' id='word_1_627' title='bbox 2004 1027 2270 1106; x_wconf 80' lang='grc' dir='ltr'>οἰκήσεως</span> <span class='ocrx_word' id='word_1_628' title='bbox 2290 1029 2391 1098; x_wconf 85' lang='grc' dir='ltr'>τῆς</span> <span class='ocrx_word' id='word_1_629' title='bbox 2424 1031 2481 1082; x_wconf 88' lang='grc' dir='ltr'>ἐν</span> <span class='ocrx_word' id='word_1_630' title='bbox 2517 1033 2584 1100; x_wconf 80' lang='grc' dir='ltr'>τῇ</span> <span class='ocrx_word' id='word_1_631' title='bbox 2614 1031 2853 1100; x_wconf 83' lang='grc' dir='ltr'>κιϐωτῷ,</span> <span class='ocrx_word' id='word_1_632' title='bbox 2885 1031 2946 1084; x_wconf 91' lang='lat'>16</span> <span class='ocrx_word' id='word_1_633' title='bbox 2980 1031 3242 1101; x_wconf 85' lang='grc' dir='ltr'>μηδεμίαν</span> <span class='ocrx_word' id='word_1_634' title='bbox 3265 1034 3442 1106; x_wconf 87' lang='grc' dir='ltr'>λύμην</span> <span class='ocrx_word' id='word_1_635' title='bbox 3471 1027 3677 1091; x_wconf 84' lang='grc' dir='ltr'>ἐκεῖθεν</span> 
     </span>
    </p>
   </div>
   <div class='ocr_carea' id='block_1_77' title="bbox 2002 1105 3674 1186">
    <p class='ocr_par' dir='ltr' id='par_1_77' title="bbox 2002 1105 3674 1186">
     <span class='ocr_line' id='line_1_77' title="bbox 2002 1105 3674 1186; baseline 0.007 -29"><span class='ocrx_word' id='word_1_636' title='bbox 2002 1105 2276 1186; x_wconf 64' lang='grc' dir='ltr'>δέξασθαι,</span> <span class='ocrx_word' id='word_1_637' title='bbox 2309 1109 2368 1161; x_wconf 88' lang='lat'>16</span> <span class='ocrx_word' id='word_1_638' title='bbox 2393 1108 2468 1186; x_wconf 83' lang='grc' dir='ltr'>μὴ</span> <span class='ocrx_word' id='word_1_639' title='bbox 2498 1107 2880 1180; x_wconf 78' lang='grc' dir='ltr'>διαφθαρῆναι,</span> <span class='ocrx_word' id='word_1_640' title='bbox 2909 1110 3042 1180; x_wconf 82' lang='grc' dir='ltr'>μηδὲ</span> <span class='ocrx_word' id='word_1_641' title='bbox 3065 1105 3506 1184; x_wconf 78' lang='grc' dir='ltr'>δυσχερᾶναιτὴν</span> <span class='ocrx_word' id='word_1_642' title='bbox 3538 1115 3674 1186; x_wconf 89' lang='grc' dir='ltr'>μετά</span> 
     </span>
    </p>
   </div>
   <div class='ocr_carea' id='block_1_78' title="bbox 2002 1182 2682 1256">
    <p class='ocr_par' dir='ltr' id='par_1_78' title="bbox 2002 1182 2682 1256">
     <span class='ocr_line' id='line_1_78' title="bbox 2002 1182 2682 1256; baseline 0.007 -22"><span class='ocrx_word' id='word_1_643' title='bbox 2002 1182 2113 1235; x_wconf 90' lang='grc' dir='ltr'>τῶν</span> <span class='ocrx_word' id='word_1_644' title='bbox 2149 1183 2359 1252; x_wconf 88' lang='grc' dir='ltr'>ἀλόγων</span> <span class='ocrx_word' id='word_1_645' title='bbox 2387 1185 2682 1256; x_wconf 81' lang='grc' dir='ltr'>διαγωγήν.</span> 
     </span>
    </p>
   </div>
   <div class='ocr_carea' id='block_1_79' title="bbox 2074 1259 3674 1340">
    <p class='ocr_par' dir='ltr' id='par_1_79' title="bbox 2074 1259 3674 1340">
     <span class='ocr_line' id='line_1_79' title="bbox 2074 1259 3674 1340; baseline 0.006 -28"><span class='ocrx_word' id='word_1_646' title='bbox 2074 1260 2138 1340; x_wconf 77' lang='grc' dir='ltr'>ζ’.</span> <span class='ocrx_word' id='word_1_647' title='bbox 2166 1261 2366 1314; x_wconf 90' lang='grc' dir='ltr'>Τοῦτον</span> <span class='ocrx_word' id='word_1_648' title='bbox 2389 1259 2504 1328; x_wconf 74' lang='grc' dir='ltr'>οὖν,</span> <span class='ocrx_word' id='word_1_649' title='bbox 2527 1262 2846 1334; x_wconf 87' lang='grc' dir='ltr'>παρακαλῶ,</span> <span class='ocrx_word' id='word_1_650' title='bbox 2865 1262 2955 1316; x_wconf 82' lang='grc' dir='ltr'>τὸν</span> <span class='ocrx_word' id='word_1_651' title='bbox 2979 1264 3187 1320; x_wconf 85' lang='grc' dir='ltr'>δίκαιον</span> <span class='ocrx_word' id='word_1_652' title='bbox 3203 1267 3296 1320; x_wconf 71' lang='grc' dir='ltr'>καὶ</span> <span class='ocrx_word' id='word_1_653' title='bbox 3313 1269 3476 1338; x_wconf 75' lang='grc' dir='ltr'>ἡμεῖς</span> <span class='ocrx_word' id='word_1_654' title='bbox 3494 1269 3674 1340; x_wconf 89' lang='grc' dir='ltr'>μιμώ-</span> 
     </span>
    </p>
   </div>
   <div class='ocr_carea' id='block_1_80' title="bbox 2007 1338 3678 1416">
    <p class='ocr_par' dir='ltr' id='par_1_80' title="bbox 2007 1338 3678 1416">
     <span class='ocr_line' id='line_1_80' title="bbox 2007 1338 3678 1416; baseline 0.007 -26"><span class='ocrx_word' id='word_1_655' title='bbox 2007 1338 2166 1416; x_wconf 83' lang='grc' dir='ltr'>μεθα,</span> <span class='ocrx_word' id='word_1_656' title='bbox 2206 1340 2298 1392; x_wconf 70' lang='grc' dir='ltr'>καὶ</span> <span class='ocrx_word' id='word_1_657' title='bbox 2328 1341 2398 1392; x_wconf 90' lang='lat'>16</span> <span class='ocrx_word' id='word_1_658' title='bbox 2437 1342 2567 1410; x_wconf 81' lang='grc' dir='ltr'>παρ’</span> <span class='ocrx_word' id='word_1_659' title='bbox 2608 1341 2815 1395; x_wconf 78' lang='grc' dir='ltr'>ἑαυτῶν</span> <span class='ocrx_word' id='word_1_660' title='bbox 2849 1342 3240 1415; x_wconf 81' lang='grc' dir='ltr'>σπουδάζωμεν</span> <span class='ocrx_word' id='word_1_661' title='bbox 3269 1338 3678 1416; x_wconf 65' lang='grc' dir='ltr'>είσφέρείν,ῖνα</span> 
     </span>
    </p>
   </div>
   <div class='ocr_carea' id='block_1_81' title="bbox 2002 1412 3678 1492">
    <p class='ocr_par' dir='ltr' id='par_1_81' title="bbox 2002 1412 3678 1492">
     <span class='ocr_line' id='line_1_81' title="bbox 2002 1412 3678 1492; baseline 0.006 -24"><span class='ocrx_word' id='word_1_662' title='bbox 2002 1412 2188 1479; x_wconf 81' lang='grc' dir='ltr'>ἀξίους</span> <span class='ocrx_word' id='word_1_663' title='bbox 2213 1417 2440 1480; x_wconf 80' lang='grc' dir='ltr'>ἑαυτοὺς</span> <span class='ocrx_word' id='word_1_664' title='bbox 2466 1417 2965 1488; x_wconf 84' lang='grc' dir='ltr'>κατασκευάσωμεν</span> <span class='ocrx_word' id='word_1_665' title='bbox 2984 1421 3092 1475; x_wconf 89' lang='grc' dir='ltr'>τῶν</span> <span class='ocrx_word' id='word_1_666' title='bbox 3120 1412 3272 1492; x_wconf 86' lang='grc' dir='ltr'>παρά</span> <span class='ocrx_word' id='word_1_667' title='bbox 3299 1412 3392 1476; x_wconf 86' lang='grc' dir='ltr'>τοῦ</span> <span class='ocrx_word' id='word_1_668' title='bbox 3422 1412 3556 1477; x_wconf 88' lang='grc' dir='ltr'>Θεοῦ</span> <span class='ocrx_word' id='word_1_669' title='bbox 3576 1425 3678 1479; x_wconf 83' lang='grc' dir='ltr'>δω-</span> 
     </span>
    </p>
   </div>
   <div class='ocr_carea' id='block_1_82' title="bbox 2004 1492 3674 1572">
    <p class='ocr_par' dir='ltr' id='par_1_82' title="bbox 2004 1492 3674 1572">
     <span class='ocr_line' id='line_1_82' title="bbox 2004 1492 3674 1572; baseline 0.007 -28"><span class='ocrx_word' id='word_1_670' title='bbox 2004 1492 2165 1562; x_wconf 87' lang='grc' dir='ltr'>ρεῶν.</span> <span class='ocrx_word' id='word_1_671' title='bbox 2189 1493 2290 1547; x_wconf 88' lang='grc' dir='ltr'>Διά</span> <span class='ocrx_word' id='word_1_672' title='bbox 2319 1494 2477 1548; x_wconf 89' lang='grc' dir='ltr'>τοῦτο</span> <span class='ocrx_word' id='word_1_673' title='bbox 2501 1495 2611 1567; x_wconf 89' lang='grc' dir='ltr'>γάρ</span> <span class='ocrx_word' id='word_1_674' title='bbox 2637 1496 2896 1567; x_wconf 88' lang='grc' dir='ltr'>ἀναμένει</span> <span class='ocrx_word' id='word_1_675' title='bbox 2920 1497 3018 1562; x_wconf 79' lang='grc' dir='ltr'>τάς</span> <span class='ocrx_word' id='word_1_676' title='bbox 3051 1502 3177 1571; x_wconf 82' lang='grc' dir='ltr'>παρ’</span> <span class='ocrx_word' id='word_1_677' title='bbox 3210 1501 3367 1572; x_wconf 85' lang='grc' dir='ltr'>ἡμῶν</span> <span class='ocrx_word' id='word_1_678' title='bbox 3399 1501 3674 1572; x_wconf 83' lang='grc' dir='ltr'>ἀφορμὰς,</span> 
     </span>
    </p>
   </div>
   <div class='ocr_carea' id='block_1_83' title="bbox 2005 1572 3674 1652">
    <p class='ocr_par' dir='ltr' id='par_1_83' title="bbox 2005 1572 3674 1652">
     <span class='ocr_line' id='line_1_83' title="bbox 2005 1572 3674 1652; baseline 0.006 -27"><span class='ocrx_word' id='word_1_679' title='bbox 2005 1572 2093 1652; x_wconf 77' lang='grc' dir='ltr'>ἵνα</span> <span class='ocrx_word' id='word_1_680' title='bbox 2124 1573 2326 1652; x_wconf 79' lang='grc' dir='ltr'>πολλὴν</span> <span class='ocrx_word' id='word_1_681' title='bbox 2366 1575 2700 1648; x_wconf 83' lang='grc' dir='ltr'>ἐπιδείξηται</span> <span class='ocrx_word' id='word_1_682' title='bbox 2743 1577 2842 1647; x_wconf 83' lang='grc' dir='ltr'>τὴν</span> <span class='ocrx_word' id='word_1_683' title='bbox 2879 1577 3206 1648; x_wconf 86' lang='grc' dir='ltr'>φιλοτιμίαν.</span> <span class='ocrx_word' id='word_1_684' title='bbox 3242 1581 3335 1652; x_wconf 80' lang='grc' dir='ltr'>Μὴ</span> <span class='ocrx_word' id='word_1_685' title='bbox 3374 1581 3552 1634; x_wconf 92' lang='grc' dir='ltr'>τοίνυν</span> <span class='ocrx_word' id='word_1_686' title='bbox 3588 1582 3674 1635; x_wconf 81' lang='grc' dir='ltr'>διὰ</span> 
     </span>
    </p>
   </div>
   <div class='ocr_carea' id='block_1_84' title="bbox 2004 1651 3673 1731">
    <p class='ocr_par' dir='ltr' id='par_1_84' title="bbox 2004 1651 3673 1731">
     <span class='ocr_line' id='line_1_84' title="bbox 2004 1651 3673 1731; baseline 0.005 -27"><span class='ocrx_word' id='word_1_687' title='bbox 2004 1651 2272 1731; x_wconf 66' lang='grc' dir='ltr'>ῥαθυμίαν</span> <span class='ocrx_word' id='word_1_688' title='bbox 2293 1655 2687 1731; x_wconf 86' lang='grc' dir='ltr'>ἀποστερῶμεν</span> <span class='ocrx_word' id='word_1_689' title='bbox 2713 1657 2941 1718; x_wconf 77' lang='grc' dir='ltr'>ἑαυτοὺς</span> <span class='ocrx_word' id='word_1_690' title='bbox 2963 1657 3072 1709; x_wconf 88' lang='grc' dir='ltr'>τῶν</span> <span class='ocrx_word' id='word_1_691' title='bbox 3095 1659 3224 1728; x_wconf 87' lang='grc' dir='ltr'>παρ’</span> <span class='ocrx_word' id='word_1_692' title='bbox 3245 1651 3410 1712; x_wconf 85' lang='grc' dir='ltr'>αὐτοῦ</span> <span class='ocrx_word' id='word_1_693' title='bbox 3436 1659 3673 1731; x_wconf 84' lang='grc' dir='ltr'>δωρεῶν.</span> 
     </span>
    </p>
   </div>
   <div class='ocr_carea' id='block_1_85' title="bbox 2001 1729 3676 1807">
    <p class='ocr_par' dir='ltr' id='par_1_85' title="bbox 2001 1729 3676 1807">
     <span class='ocr_line' id='line_1_85' title="bbox 2001 1729 3676 1807; baseline 0.005 -25"><span class='ocrx_word' id='word_1_694' title='bbox 2001 1729 2136 1807; x_wconf 83' lang='grc' dir='ltr'>ἀλλά</span> <span class='ocrx_word' id='word_1_695' title='bbox 2169 1730 2486 1802; x_wconf 86' lang='grc' dir='ltr'>σπεύδωμεν</span> <span class='ocrx_word' id='word_1_696' title='bbox 2506 1773 2521 1797; x_wconf 95' lang='grc'>,</span> <span class='ocrx_word' id='word_1_697' title='bbox 2568 1735 2659 1788; x_wconf 66' lang='grc' dir='ltr'>καλ¹</span> <span class='ocrx_word' id='word_1_698' title='bbox 2693 1731 3042 1803; x_wconf 82' lang='grc' dir='ltr'>ἐπειγώμεθα</span> <span class='ocrx_word' id='word_1_699' title='bbox 3074 1736 3173 1805; x_wconf 88' lang='grc' dir='ltr'>τῆς</span> <span class='ocrx_word' id='word_1_700' title='bbox 3217 1737 3392 1807; x_wconf 83' lang='grc' dir='ltr'>ἀρχῆς</span> <span class='ocrx_word' id='word_1_701' title='bbox 3423 1729 3676 1790; x_wconf 75' lang='grc' dir='ltr'>ἐπιλαϐέ-</span> 
     </span>
    </p>
   </div>
   <div class='ocr_carea' id='block_1_86' title="bbox 2005 1806 3675 1884">
    <p class='ocr_par' dir='ltr' id='par_1_86' title="bbox 2005 1806 3675 1884">
     <span class='ocr_line' id='line_1_86' title="bbox 2005 1806 3675 1884; baseline 0.005 -26"><span class='ocrx_word' id='word_1_702' title='bbox 2005 1806 2150 1884; x_wconf 84' lang='grc' dir='ltr'>σθαι,</span> <span class='ocrx_word' id='word_1_703' title='bbox 2179 1807 2272 1860; x_wconf 74' lang='grc' dir='ltr'>καὶ</span> <span class='ocrx_word' id='word_1_704' title='bbox 2301 1811 2400 1880; x_wconf 86' lang='grc' dir='ltr'>τῆς</span> <span class='ocrx_word' id='word_1_705' title='bbox 2429 1810 2549 1863; x_wconf 87' lang='lat'><strong>6606</strong></span> <span class='ocrx_word' id='word_1_706' title='bbox 2577 1811 2676 1880; x_wconf 86' lang='grc' dir='ltr'>τῆς</span> <span class='ocrx_word' id='word_1_707' title='bbox 2702 1811 2795 1862; x_wconf 75' lang='grc' dir='ltr'>ἐπὶ</span> <span class='ocrx_word' id='word_1_708' title='bbox 2819 1811 2916 1880; x_wconf 81' lang='grc' dir='ltr'>τὴν</span> <span class='ocrx_word' id='word_1_709' title='bbox 2944 1811 3143 1884; x_wconf 81' lang='grc' dir='ltr'>ἀρετὴν</span> <span class='ocrx_word' id='word_1_710' title='bbox 3171 1806 3428 1883; x_wconf 70' lang='grc' dir='ltr'>ἅψασθαι.</span> <span class='ocrx_word' id='word_1_711' title='bbox 3467 1816 3550 1867; x_wconf 81' lang='grc' dir='ltr'>ἵνα</span> <span class='ocrx_word' id='word_1_712' title='bbox 3577 1815 3675 1884; x_wconf 86' lang='grc' dir='ltr'>τῆς</span> 
     </span>
    </p>
   </div>
   <div class='ocr_carea' id='block_1_87' title="bbox 2001 1884 3675 1962">
    <p class='ocr_par' dir='ltr' id='par_1_87' title="bbox 2001 1884 3675 1962">
     <span class='ocr_line' id='line_1_87' title="bbox 2001 1884 3675 1962; baseline 0.004 -24"><span class='ocrx_word' id='word_1_713' title='bbox 2001 1884 2206 1940; x_wconf 79' lang='grc' dir='ltr'>ἀνωθεν</span> <span class='ocrx_word' id='word_1_714' title='bbox 2230 1888 2544 1958; x_wconf 83' lang='grc' dir='ltr'>συμμαχίας</span> <span class='ocrx_word' id='word_1_715' title='bbox 2566 1887 2951 1962; x_wconf 80' lang='grc' dir='ltr'>ἀπολαύοντες,</span> <span class='ocrx_word' id='word_1_716' title='bbox 2982 1889 3076 1942; x_wconf 68' lang='grc' dir='ltr'>καὶ</span> <span class='ocrx_word' id='word_1_717' title='bbox 3109 1892 3244 1962; x_wconf 79' lang='grc' dir='ltr'>πρὸς</span> <span class='ocrx_word' id='word_1_718' title='bbox 3274 1892 3334 1944; x_wconf 90' lang='lat'>16</span> <span class='ocrx_word' id='word_1_719' title='bbox 3360 1891 3507 1954; x_wconf 85' lang='grc' dir='ltr'>τέλος</span> <span class='ocrx_word' id='word_1_720' title='bbox 3539 1891 3675 1960; x_wconf 83' lang='grc' dir='ltr'>φθά-</span> 
     </span>
    </p>
   </div>
   <div class='ocr_carea' id='block_1_88' title="bbox 2003 1961 3674 2040">
    <p class='ocr_par' dir='ltr' id='par_1_88' title="bbox 2003 1961 3674 2040">
     <span class='ocr_line' id='line_1_88' title="bbox 2003 1961 3674 2040; baseline 0.004 -24"><span class='ocrx_word' id='word_1_721' title='bbox 2003 1981 2092 2017; x_wconf 89' lang='grc' dir='ltr'>σαι</span> <span class='ocrx_word' id='word_1_722' title='bbox 2124 1964 2458 2036; x_wconf 81' lang='grc' dir='ltr'>δυνηθῶμεν.</span> <span class='ocrx_word' id='word_1_723' title='bbox 2497 1967 2632 2020; x_wconf 85' lang='grc' dir='ltr'>Οὐδὲ</span> <span class='ocrx_word' id='word_1_724' title='bbox 2661 1967 2770 2036; x_wconf 90' lang='grc' dir='ltr'>γάρ</span> <span class='ocrx_word' id='word_1_725' title='bbox 2802 1961 2911 2019; x_wconf 78' lang='grc' dir='ltr'>οἷόν</span> <span class='ocrx_word' id='word_1_726' title='bbox 2939 1967 2998 2020; x_wconf 85' lang='grc' dir='ltr'>τέ</span> <span class='ocrx_word' id='word_1_727' title='bbox 3027 1985 3082 2020; x_wconf 90' lang='grc' dir='ltr'>τι</span> <span class='ocrx_word' id='word_1_728' title='bbox 3111 1961 3342 2039; x_wconf 83' lang='grc' dir='ltr'>χρηστὸν</span> <span class='ocrx_word' id='word_1_729' title='bbox 3371 1972 3518 2040; x_wconf 80' lang='grc' dir='ltr'>ἡμᾶς</span> <span class='ocrx_word' id='word_1_730' title='bbox 3541 1987 3674 2024; x_wconf 86' lang='grc' dir='ltr'>ποτε</span> 
     </span>
    </p>
   </div>
   <div class='ocr_carea' id='block_1_89' title="bbox 2001 2042 3676 2116">
    <p class='ocr_par' dir='ltr' id='par_1_89' title="bbox 2001 2042 3676 2116">
     <span class='ocr_line' id='line_1_89' title="bbox 2001 2042 3676 2116; baseline 0.004 -21"><span class='ocrx_word' id='word_1_731' title='bbox 2001 2042 2344 2114; x_wconf 86' lang='grc' dir='ltr'>κατορθῶσαι</span> <span class='ocrx_word' id='word_1_732' title='bbox 2372 2044 2446 2116; x_wconf 85' lang='grc' dir='ltr'>μὴ</span> <span class='ocrx_word' id='word_1_733' title='bbox 2467 2047 2564 2116; x_wconf 86' lang='grc' dir='ltr'>τῆς</span> <span class='ocrx_word' id='word_1_734' title='bbox 2596 2044 2803 2098; x_wconf 78' lang='grc' dir='ltr'>ἀνωθεν</span> <span class='ocrx_word' id='word_1_735' title='bbox 2836 2045 3010 2115; x_wconf 75' lang='grc' dir='ltr'>ῥοπῆς</span> <span class='ocrx_word' id='word_1_736' title='bbox 3039 2047 3471 2111; x_wconf 86' lang='grc' dir='ltr'>ἀπολαύσαντας.</span> <span class='ocrx_word' id='word_1_737' title='bbox 3490 2049 3676 2102; x_wconf 83' lang='grc' dir='ltr'>Καθά-</span> 
     </span>
    </p>
   </div>
   <div class='ocr_carea' id='block_1_90' title="bbox 2000 2117 3675 2197">
    <p class='ocr_par' dir='ltr' id='par_1_90' title="bbox 2000 2117 3675 2197">
     <span class='ocr_line' id='line_1_90' title="bbox 2000 2117 3675 2197; baseline 0.001 -23"><span class='ocrx_word' id='word_1_738' title='bbox 2000 2138 2108 2192; x_wconf 91' lang='grc' dir='ltr'>περ</span> <span class='ocrx_word' id='word_1_739' title='bbox 2135 2117 2228 2175; x_wconf 80' lang='lat' dir='ltr'><strong>06v</strong></span> <span class='ocrx_word' id='word_1_740' title='bbox 2256 2125 2336 2187; x_wconf 83' lang='grc' dir='ltr'>είς</span> <span class='ocrx_word' id='word_1_741' title='bbox 2365 2125 2614 2194; x_wconf 79' lang='grc' dir='ltr'>ἄγκυραν</span> <span class='ocrx_word' id='word_1_742' title='bbox 2640 2123 2854 2193; x_wconf 83' lang='grc' dir='ltr'>ἀσφαλῆ</span> <span class='ocrx_word' id='word_1_743' title='bbox 2894 2125 2988 2176; x_wconf 75' lang='grc' dir='ltr'>καὶ</span> <span class='ocrx_word' id='word_1_744' title='bbox 3022 2123 3252 2197; x_wconf 79' lang='grc' dir='ltr'>βεϐαίαν</span> <span class='ocrx_word' id='word_1_745' title='bbox 3280 2125 3675 2197; x_wconf 80' lang='grc' dir='ltr'>ἐξαρτήσαντες</span> 
     </span>
    </p>
   </div>
   <div class='ocr_carea' id='block_1_91' title="bbox 1933 2195 3672 2274">
    <p class='ocr_par' dir='ltr' id='par_1_91' title="bbox 1933 2195 3672 2274">
     <span class='ocr_line' id='line_1_91' title="bbox 1933 2195 3672 2274; baseline 0.003 -23"><span class='ocrx_word' id='word_1_746' title='bbox 1933 2203 1936 2206; x_wconf 77' lang='grc'><strong>’</strong></span> <span class='ocrx_word' id='word_1_747' title='bbox 1999 2200 2225 2265; x_wconf 81' lang='grc' dir='ltr'>ἑαυτοὺς</span> <span class='ocrx_word' id='word_1_748' title='bbox 2250 2201 2349 2272; x_wconf 88' lang='grc' dir='ltr'>τῆς</span> <span class='ocrx_word' id='word_1_749' title='bbox 2386 2203 2466 2265; x_wconf 81' lang='grc' dir='ltr'>εἰς</span> <span class='ocrx_word' id='word_1_750' title='bbox 2489 2203 2580 2255; x_wconf 85' lang='grc' dir='ltr'>τὸν</span> <span class='ocrx_word' id='word_1_751' title='bbox 2604 2201 2735 2255; x_wconf 83' lang='grc' dir='ltr'>Θεὸν</span> <span class='ocrx_word' id='word_1_752' title='bbox 2767 2201 2998 2266; x_wconf 82' lang='grc' dir='ltr'>ἐλπίδος,</span> <span class='ocrx_word' id='word_1_753' title='bbox 3031 2201 3204 2266; x_wconf 74' lang='grc' dir='ltr'>οὕτως</span> <span class='ocrx_word' id='word_1_754' title='bbox 3232 2195 3450 2273; x_wconf 14' lang='grc' dir='ltr'>ὧμενήά,</span> <span class='ocrx_word' id='word_1_755' title='bbox 3469 2195 3565 2258; x_wconf 76' lang='grc' dir='ltr'>καὶ</span> <span class='ocrx_word' id='word_1_756' title='bbox 3596 2205 3672 2274; x_wconf 81' lang='grc' dir='ltr'>μὴ</span> 
     </span>
    </p>
   </div>
   <div class='ocr_carea' id='block_1_92' title="bbox 2001 2277 3676 2352">
    <p class='ocr_par' dir='ltr' id='par_1_92' title="bbox 2001 2277 3676 2352">
     <span class='ocr_line' id='line_1_92' title="bbox 2001 2277 3676 2352; baseline 0.001 -21"><span class='ocrx_word' id='word_1_757' title='bbox 2001 2277 2137 2349; x_wconf 82' lang='grc' dir='ltr'>πρὸς</span> <span class='ocrx_word' id='word_1_758' title='bbox 2168 2283 2260 2333; x_wconf 88' lang='grc' dir='ltr'>τὸν</span> <span class='ocrx_word' id='word_1_759' title='bbox 2300 2280 2462 2333; x_wconf 89' lang='grc' dir='ltr'>πόνον</span> <span class='ocrx_word' id='word_1_760' title='bbox 2498 2279 2784 2350; x_wconf 88' lang='grc' dir='ltr'>βλέπωμεν</span> <span class='ocrx_word' id='word_1_761' title='bbox 2825 2280 2926 2350; x_wconf 86' lang='grc' dir='ltr'>τῆς</span> <span class='ocrx_word' id='word_1_762' title='bbox 2959 2279 3178 2350; x_wconf 86' lang='grc' dir='ltr'>ἀρετῆς,</span> <span class='ocrx_word' id='word_1_763' title='bbox 3223 2280 3360 2335; x_wconf 86' lang='grc' dir='ltr'>ἀλλά</span> <span class='ocrx_word' id='word_1_764' title='bbox 3405 2281 3504 2351; x_wconf 82' lang='grc' dir='ltr'>τὴν</span> <span class='ocrx_word' id='word_1_765' title='bbox 3537 2281 3676 2352; x_wconf 88' lang='grc' dir='ltr'>μετά</span> 
     </span>
    </p>
   </div>
   <div class='ocr_carea' id='block_1_93' title="bbox 1997 2358 3670 2432">
    <p class='ocr_par' dir='ltr' id='par_1_93' title="bbox 1997 2358 3670 2432">
     <span class='ocr_line' id='line_1_93' title="bbox 1997 2358 3670 2432; baseline 0.001 -22"><span class='ocrx_word' id='word_1_766' title='bbox 1997 2359 2088 2410; x_wconf 83' lang='grc' dir='ltr'>τὸν</span> <span class='ocrx_word' id='word_1_767' title='bbox 2121 2358 2280 2412; x_wconf 87' lang='grc' dir='ltr'>πόνον</span> <span class='ocrx_word' id='word_1_768' title='bbox 2304 2359 2534 2432; x_wconf 82' lang='grc' dir='ltr'>ἀμοιϐὴν</span> <span class='ocrx_word' id='word_1_769' title='bbox 2558 2358 2892 2428; x_wconf 81' lang='grc' dir='ltr'>λογιζόμενοι</span> <span class='ocrx_word' id='word_1_770' title='bbox 2919 2359 3134 2428; x_wconf 80' lang='grc' dir='ltr'>κούφως</span> <span class='ocrx_word' id='word_1_771' title='bbox 3163 2360 3375 2414; x_wconf 76' lang='grc' dir='ltr'>ἅπαντα</span> <span class='ocrx_word' id='word_1_772' title='bbox 3397 2361 3670 2430; x_wconf 85' lang='grc' dir='ltr'>φέρωμεν.</span> 
     </span>
    </p>
   </div>
   <div class='ocr_carea' id='block_1_94' title="bbox 2011 2437 3674 2508">
    <p class='ocr_par' dir='ltr' id='par_1_94' title="bbox 2011 2437 3674 2508">
     <span class='ocr_line' id='line_1_94' title="bbox 2011 2437 3674 2508; baseline 0 -19"><span class='ocrx_word' id='word_1_773' title='bbox 2011 2437 2163 2489; x_wconf 73' lang='grc' dir='ltr'>Ἐπεὶ</span> <span class='ocrx_word' id='word_1_774' title='bbox 2193 2437 2285 2489; x_wconf 71' lang='grc' dir='ltr'>καὶ</span> <span class='ocrx_word' id='word_1_775' title='bbox 2311 2437 2569 2508; x_wconf 81' lang='grc' dir='ltr'>ἔμπορος,</span> <span class='ocrx_word' id='word_1_776' title='bbox 2595 2437 2813 2490; x_wconf 79' lang='grc' dir='ltr'>ἐπειδὰν</span> <span class='ocrx_word' id='word_1_777' title='bbox 2839 2437 2932 2490; x_wconf 80' lang='grc' dir='ltr'>τὸν</span> <span class='ocrx_word' id='word_1_778' title='bbox 2961 2437 3154 2507; x_wconf 84' lang='grc' dir='ltr'>λιμένα</span> <span class='ocrx_word' id='word_1_779' title='bbox 3185 2437 3434 2508; x_wconf 80' lang='grc' dir='ltr'>ἐκϐαίνῃ,</span> <span class='ocrx_word' id='word_1_780' title='bbox 3462 2438 3556 2498; x_wconf 60' lang='grc' dir='ltr'>καὶ</span> <span class='ocrx_word' id='word_1_781' title='bbox 3579 2437 3674 2490; x_wconf 86' lang='grc' dir='ltr'>τοῦ</span> 
     </span>
    </p>
   </div>
   <div class='ocr_carea' id='block_1_95' title="bbox 1997 2514 3676 2585">
    <p class='ocr_par' dir='ltr' id='par_1_95' title="bbox 1997 2514 3676 2585">
     <span class='ocr_line' id='line_1_95' title="bbox 1997 2514 3676 2585; baseline 0.001 -19"><span class='ocrx_word' id='word_1_782' title='bbox 1997 2515 2271 2582; x_wconf 84' lang='grc' dir='ltr'>πελάγους</span> <span class='ocrx_word' id='word_1_783' title='bbox 2299 2518 2356 2568; x_wconf 88' lang='grc' dir='ltr'>ἐν</span> <span class='ocrx_word' id='word_1_784' title='bbox 2387 2517 2537 2585; x_wconf 81' lang='grc' dir='ltr'>μέσῳ</span> <span class='ocrx_word' id='word_1_785' title='bbox 2577 2514 2834 2584; x_wconf 87' lang='grc' dir='ltr'>γένηται,</span> <span class='ocrx_word' id='word_1_786' title='bbox 2867 2515 2928 2567; x_wconf 90' lang='grc' dir='ltr'>οὐ</span> <span class='ocrx_word' id='word_1_787' title='bbox 2971 2515 3096 2576; x_wconf 81' lang='grc' dir='ltr'>τοὺς</span> <span class='ocrx_word' id='word_1_788' title='bbox 3128 2514 3394 2585; x_wconf 83' lang='grc' dir='ltr'>πειρατὰς</span> <span class='ocrx_word' id='word_1_789' title='bbox 3422 2555 3435 2578; x_wconf 93' lang='grc'>,</span> <span class='ocrx_word' id='word_1_790' title='bbox 3467 2515 3562 2567; x_wconf 74' lang='grc' dir='ltr'>καὶ</span> <span class='ocrx_word' id='word_1_791' title='bbox 3607 2515 3676 2567; x_wconf 85' lang='grc' dir='ltr'>τὰ</span> 
     </span>
    </p>
   </div>
   <div class='ocr_carea' id='block_1_96' title="bbox 1996 2592 3675 2665">
    <p class='ocr_par' dir='ltr' id='par_1_96' title="bbox 1996 2592 3675 2665">
     <span class='ocr_line' id='line_1_96' title="bbox 1996 2592 3675 2665; baseline -0.002 -18"><span class='ocrx_word' id='word_1_792' title='bbox 1996 2595 2250 2664; x_wconf 88' lang='grc' dir='ltr'>ναυάγια,</span> <span class='ocrx_word' id='word_1_793' title='bbox 2279 2595 2372 2649; x_wconf 81' lang='grc' dir='ltr'>καὶ</span> <span class='ocrx_word' id='word_1_794' title='bbox 2403 2595 2472 2649; x_wconf 85' lang='grc' dir='ltr'>τὰ</span> <span class='ocrx_word' id='word_1_795' title='bbox 2513 2593 2678 2665; x_wconf 84' lang='grc' dir='ltr'>θηρία</span> <span class='ocrx_word' id='word_1_796' title='bbox 2707 2594 2776 2647; x_wconf 86' lang='lat'>16</span> <span class='ocrx_word' id='word_1_797' title='bbox 2809 2594 2950 2647; x_wconf 80' lang='grc' dir='ltr'>κατὰ</span> <span class='ocrx_word' id='word_1_798' title='bbox 2980 2592 3276 2656; x_wconf 89' lang='grc' dir='ltr'>θάλασσαν,</span> <span class='ocrx_word' id='word_1_799' title='bbox 3305 2592 3398 2646; x_wconf 75' lang='grc' dir='ltr'>καὶ</span> <span class='ocrx_word' id='word_1_800' title='bbox 3431 2593 3530 2656; x_wconf 83' lang='lat'>16;</span> <span class='ocrx_word' id='word_1_801' title='bbox 3567 2592 3675 2644; x_wconf 87' lang='grc' dir='ltr'>τῶν</span> 
     </span>
    </p>
   </div>
   <div class='ocr_carea' id='block_1_97' title="bbox 1997 2671 3676 2744">
    <p class='ocr_par' dir='ltr' id='par_1_97' title="bbox 1997 2671 3676 2744">
     <span class='ocr_line' id='line_1_97' title="bbox 1997 2671 3676 2744; baseline -0.002 -18"><span class='ocrx_word' id='word_1_802' title='bbox 1997 2673 2216 2744; x_wconf 82' lang='grc' dir='ltr'>ἀνέμων</span> <span class='ocrx_word' id='word_1_803' title='bbox 2261 2672 2515 2742; x_wconf 79' lang='grc' dir='ltr'>ἐμϐολὰς,</span> <span class='ocrx_word' id='word_1_804' title='bbox 2557 2673 2650 2726; x_wconf 64' lang='grc' dir='ltr'>καλ⁵</span> <span class='ocrx_word' id='word_1_805' title='bbox 2698 2674 2825 2734; x_wconf 81' lang='grc' dir='ltr'>τοὺς</span> <span class='ocrx_word' id='word_1_806' title='bbox 2866 2671 3198 2742; x_wconf 84' lang='grc' dir='ltr'>ἐπαλλήλους</span> <span class='ocrx_word' id='word_1_807' title='bbox 3239 2672 3547 2742; x_wconf 89' lang='grc' dir='ltr'>χειμῶνας,</span> <span class='ocrx_word' id='word_1_808' title='bbox 3581 2673 3676 2723; x_wconf 76' lang='grc' dir='ltr'>καὶ</span> 
     </span>
    </p>
   </div>
   <div class='ocr_carea' id='block_1_98' title="bbox 1997 2750 3676 2822">
    <p class='ocr_par' dir='ltr' id='par_1_98' title="bbox 1997 2750 3676 2822">
     <span class='ocr_line' id='line_1_98' title="bbox 1997 2750 3676 2822; baseline -0.001 -17"><span class='ocrx_word' id='word_1_809' title='bbox 1997 2751 2296 2822; x_wconf 89' lang='grc' dir='ltr'>ἀποτυχίας</span> <span class='ocrx_word' id='word_1_810' title='bbox 2311 2752 2580 2819; x_wconf 76' lang='grc' dir='ltr'>λογίζεται</span> <span class='ocrx_word' id='word_1_811' title='bbox 2599 2751 2778 2820; x_wconf 91' lang='grc' dir='ltr'>μόνον,</span> <span class='ocrx_word' id='word_1_812' title='bbox 2797 2751 2928 2803; x_wconf 76' lang='grc' dir='ltr'>ἀλλὰ</span> <span class='ocrx_word' id='word_1_813' title='bbox 2957 2750 3052 2804; x_wconf 72' lang='grc' dir='ltr'>καὶ</span> <span class='ocrx_word' id='word_1_814' title='bbox 3075 2751 3142 2803; x_wconf 87' lang='lat'>16</span> <span class='ocrx_word' id='word_1_815' title='bbox 3166 2751 3304 2820; x_wconf 89' lang='grc' dir='ltr'>μετά</span> <span class='ocrx_word' id='word_1_816' title='bbox 3324 2750 3383 2802; x_wconf 89' lang='lat'>16</span> <span class='ocrx_word' id='word_1_817' title='bbox 3397 2751 3676 2818; x_wconf 81' lang='grc' dir='ltr'>διαφυγεῖν</span> 
     </span>
    </p>
   </div>
   <div class='ocr_carea' id='block_1_99' title="bbox 1996 2825 3674 2900">
    <p class='ocr_par' dir='ltr' id='par_1_99' title="bbox 1996 2825 3674 2900">
     <span class='ocr_line' id='line_1_99' title="bbox 1996 2825 3674 2900; baseline -0.002 -18"><span class='ocrx_word' id='word_1_818' title='bbox 1996 2829 2170 2883; x_wconf 87' lang='grc' dir='ltr'>ταῦτα</span> <span class='ocrx_word' id='word_1_819' title='bbox 2201 2830 2602 2900; x_wconf 89' lang='grc' dir='ltr'>προσγινόμενα</span> <span class='ocrx_word' id='word_1_820' title='bbox 2633 2828 2794 2898; x_wconf 88' lang='grc' dir='ltr'>κέρδη</span> <span class='ocrx_word' id='word_1_821' title='bbox 2817 2869 2831 2888; x_wconf 91' lang='grc'>,</span> <span class='ocrx_word' id='word_1_822' title='bbox 2863 2829 2954 2879; x_wconf 75' lang='grc' dir='ltr'>καὶ</span> <span class='ocrx_word' id='word_1_823' title='bbox 2985 2825 3137 2898; x_wconf 69' lang='grc'>[242]</span> <span class='ocrx_word' id='word_1_824' title='bbox 3160 2829 3226 2897; x_wconf 80' lang='grc' dir='ltr'>τῇ</span> <span class='ocrx_word' id='word_1_825' title='bbox 3268 2827 3441 2879; x_wconf 86' lang='grc' dir='ltr'>ἐλπίδι</span> <span class='ocrx_word' id='word_1_826' title='bbox 3477 2829 3674 2895; x_wconf 85' lang='grc' dir='ltr'>τρεφό-</span> 
     </span>
    </p>
   </div>
   <div class='ocr_carea' id='block_1_100' title="bbox 2003 2904 3676 2978">
    <p class='ocr_par' dir='ltr' id='par_1_100' title="bbox 2003 2904 3676 2978">
     <span class='ocr_line' id='line_1_100' title="bbox 2003 2904 3676 2978; baseline -0.002 -19"><span class='ocrx_word' id='word_1_827' title='bbox 2003 2924 2163 2978; x_wconf 90' lang='grc' dir='ltr'>μενος</span> <span class='ocrx_word' id='word_1_828' title='bbox 2187 2906 2401 2960; x_wconf 81' lang='grc' dir='ltr'>ἆπαντα</span> <span class='ocrx_word' id='word_1_829' title='bbox 2431 2907 2549 2976; x_wconf 89' lang='grc' dir='ltr'>μετ’</span> <span class='ocrx_word' id='word_1_830' title='bbox 2579 2906 2832 2968; x_wconf 85' lang='grc' dir='ltr'>εὐκολίας</span> <span class='ocrx_word' id='word_1_831' title='bbox 2861 2905 3216 2975; x_wconf 81' lang='grc' dir='ltr'>καταδέχεται</span> <span class='ocrx_word' id='word_1_832' title='bbox 3236 2904 3303 2956; x_wconf 90' lang='lat'>16</span> <span class='ocrx_word' id='word_1_833' title='bbox 3335 2904 3676 2974; x_wconf 89' lang='grc' dir='ltr'>προλαϐόντα</span> 
     </span>
    </p>
   </div>
   <div class='ocr_carea' id='block_1_101' title="bbox 2003 2981 3676 3060">
    <p class='ocr_par' dir='ltr' id='par_1_101' title="bbox 2003 2981 3676 3060">
     <span class='ocr_line' id='line_1_101' title="bbox 2003 2981 3676 3060; baseline -0.004 -21"><span class='ocrx_word' id='word_1_834' title='bbox 2003 2986 2272 3060; x_wconf 80' lang='grc' dir='ltr'>μοχθηρὰ,</span> <span class='ocrx_word' id='word_1_835' title='bbox 2300 2985 2387 3038; x_wconf 85' lang='grc' dir='ltr'>ἵνα</span> <span class='ocrx_word' id='word_1_836' title='bbox 2424 2985 2644 3038; x_wconf 88' lang='grc' dir='ltr'>πλείονα</span> <span class='ocrx_word' id='word_1_837' title='bbox 2677 2985 3038 3056; x_wconf 71' lang='grc' dir='ltr'>περιϐάληται</span> <span class='ocrx_word' id='word_1_838' title='bbox 3074 2985 3175 3053; x_wconf 82' lang='grc' dir='ltr'>χρὴ</span> <span class='ocrx_word' id='word_1_839' title='bbox 3187 3001 3352 3053; x_wconf 86' lang='grc' dir='ltr'>ματα,</span> <span class='ocrx_word' id='word_1_840' title='bbox 3383 2982 3475 3036; x_wconf 73' lang='grc' dir='ltr'>καὶ</span> <span class='ocrx_word' id='word_1_841' title='bbox 3503 2981 3676 3044; x_wconf 78' lang='grc' dir='ltr'>οὕτως</span> 
     </span>
    </p>
   </div>
   <div class='ocr_carea' id='block_1_102' title="bbox 1998 3063 3675 3135">
    <p class='ocr_par' dir='ltr' id='par_1_102' title="bbox 1998 3063 3675 3135">
     <span class='ocr_line' id='line_1_102' title="bbox 1998 3063 3675 3135; baseline -0.004 -17"><span class='ocrx_word' id='word_1_842' title='bbox 1998 3065 2180 3120; x_wconf 72' lang='grc' dir='ltr'>οἴκαδε</span> <span class='ocrx_word' id='word_1_843' title='bbox 2209 3065 2500 3135; x_wconf 85' lang='grc' dir='ltr'>ἐπανέλθῃ.</span> <span class='ocrx_word' id='word_1_844' title='bbox 2525 3065 2634 3117; x_wconf 77' lang='grc' dir='ltr'>Καὶ</span> <span class='ocrx_word' id='word_1_845' title='bbox 2674 3066 2702 3116; x_wconf 94' lang='lat'>6</span> <span class='ocrx_word' id='word_1_846' title='bbox 2748 3064 2984 3134; x_wconf 89' lang='grc' dir='ltr'>γηπόνος</span> <span class='ocrx_word' id='word_1_847' title='bbox 3023 3063 3078 3115; x_wconf 85' lang='grc' dir='ltr'>δέ</span> <span class='ocrx_word' id='word_1_848' title='bbox 3125 3064 3183 3114; x_wconf 88' lang='grc' dir='ltr'>οὐ</span> <span class='ocrx_word' id='word_1_849' title='bbox 3219 3063 3344 3125; x_wconf 74' lang='grc' dir='ltr'>τοὺς</span> <span class='ocrx_word' id='word_1_850' title='bbox 3390 3063 3530 3114; x_wconf 86' lang='grc' dir='ltr'>κατά</span> <span class='ocrx_word' id='word_1_851' title='bbox 3575 3063 3675 3130; x_wconf 75' lang='grc' dir='ltr'>τὴν</span> 
     </span>
    </p>
   </div>
   <div class='ocr_carea' id='block_1_103' title="bbox 2000 3139 3677 3216">
    <p class='ocr_par' dir='ltr' id='par_1_103' title="bbox 2000 3139 3677 3216">
     <span class='ocr_line' id='line_1_103' title="bbox 2000 3139 3677 3216; baseline -0.006 -16"><span class='ocrx_word' id='word_1_852' title='bbox 2000 3145 2275 3216; x_wconf 89' lang='grc' dir='ltr'>γεωργίαν</span> <span class='ocrx_word' id='word_1_853' title='bbox 2311 3145 2540 3214; x_wconf 89' lang='grc' dir='ltr'>μόχθους</span> <span class='ocrx_word' id='word_1_854' title='bbox 2571 3145 2742 3196; x_wconf 86' lang='grc' dir='ltr'>ἐννοεῖ</span> <span class='ocrx_word' id='word_1_855' title='bbox 2773 3143 2954 3213; x_wconf 88' lang='grc' dir='ltr'>μόνον,</span> <span class='ocrx_word' id='word_1_856' title='bbox 2978 3143 3072 3194; x_wconf 76' lang='grc' dir='ltr'>καὶ</span> <span class='ocrx_word' id='word_1_857' title='bbox 3100 3140 3200 3204; x_wconf 82' lang='grc' dir='ltr'>τάς</span> <span class='ocrx_word' id='word_1_858' title='bbox 3226 3140 3550 3211; x_wconf 85' lang='grc' dir='ltr'>ἐπομϐρίας,</span> <span class='ocrx_word' id='word_1_859' title='bbox 3583 3139 3677 3190; x_wconf 77' lang='grc' dir='ltr'>καὶ</span> 
     </span>
    </p>
   </div>
   <div class='ocr_carea' id='block_1_104' title="bbox 1999 3217 3674 3294">
    <p class='ocr_par' dir='ltr' id='par_1_104' title="bbox 1999 3217 3674 3294">
     <span class='ocr_line' id='line_1_104' title="bbox 1999 3217 3674 3294; baseline -0.005 -17"><span class='ocrx_word' id='word_1_860' title='bbox 1999 3223 2100 3293; x_wconf 83' lang='grc' dir='ltr'>τῆς</span> <span class='ocrx_word' id='word_1_861' title='bbox 2141 3223 2243 3292; x_wconf 86' lang='grc' dir='ltr'>γῆς</span> <span class='ocrx_word' id='word_1_862' title='bbox 2277 3223 2373 3294; x_wconf 84' lang='grc' dir='ltr'>τὴν</span> <span class='ocrx_word' id='word_1_863' title='bbox 2405 3221 2726 3291; x_wconf 87' lang='grc' dir='ltr'>ἀποτυχίαν,</span> <span class='ocrx_word' id='word_1_864' title='bbox 2759 3220 2854 3273; x_wconf 70' lang='grc' dir='ltr'>καὶ</span> <span class='ocrx_word' id='word_1_865' title='bbox 2891 3221 2990 3291; x_wconf 88' lang='grc' dir='ltr'>τῆς</span> <span class='ocrx_word' id='word_1_866' title='bbox 3039 3220 3298 3290; x_wconf 82' lang='grc' dir='ltr'>ἐρυσίϐης</span> <span class='ocrx_word' id='word_1_867' title='bbox 3337 3219 3435 3288; x_wconf 90' lang='grc' dir='ltr'>τὴν</span> <span class='ocrx_word' id='word_1_868' title='bbox 3466 3217 3674 3287; x_wconf 89' lang='grc' dir='ltr'>ἔφοδον,</span> 
     </span>
    </p>
   </div>
   <div class='ocr_carea' id='block_1_105' title="bbox 2000 3295 3676 3372">
    <p class='ocr_par' dir='ltr' id='par_1_105' title="bbox 2000 3295 3676 3372">
     <span class='ocr_line' id='line_1_105' title="bbox 2000 3295 3676 3372; baseline -0.005 -16"><span class='ocrx_word' id='word_1_869' title='bbox 2000 3301 2096 3356; x_wconf 74' lang='grc' dir='ltr'>καὶ</span> <span class='ocrx_word' id='word_1_870' title='bbox 2125 3301 2232 3355; x_wconf 88' lang='grc' dir='ltr'>τῶν</span> <span class='ocrx_word' id='word_1_871' title='bbox 2264 3302 2503 3372; x_wconf 85' lang='grc' dir='ltr'>ἀκρίδων</span> <span class='ocrx_word' id='word_1_872' title='bbox 2544 3301 2642 3370; x_wconf 79' lang='grc' dir='ltr'>τὴν</span> <span class='ocrx_word' id='word_1_873' title='bbox 2681 3299 2891 3370; x_wconf 86' lang='grc' dir='ltr'>λύμην,</span> <span class='ocrx_word' id='word_1_874' title='bbox 2927 3299 3060 3352; x_wconf 90' lang='grc' dir='ltr'>ἀλλά</span> <span class='ocrx_word' id='word_1_875' title='bbox 3101 3301 3194 3351; x_wconf 74' lang='grc' dir='ltr'>καὶ</span> <span class='ocrx_word' id='word_1_876' title='bbox 3216 3298 3314 3368; x_wconf 78' lang='grc' dir='ltr'>τὴν</span> <span class='ocrx_word' id='word_1_877' title='bbox 3347 3297 3459 3350; x_wconf 77' lang='grc' dir='ltr'>άλω</span> <span class='ocrx_word' id='word_1_878' title='bbox 3487 3297 3578 3350; x_wconf 75' lang='grc' dir='ltr'>καὶ</span> <span class='ocrx_word' id='word_1_879' title='bbox 3608 3295 3676 3348; x_wconf 89' lang='grc' dir='ltr'>τά</span> 
     </span>
    </p>
   </div>
   <div class='ocr_carea' id='block_1_106' title="bbox 1998 3375 3678 3453">
    <p class='ocr_par' dir='ltr' id='par_1_106' title="bbox 1998 3375 3678 3453">
     <span class='ocr_line' id='line_1_106' title="bbox 1998 3375 3678 3453; baseline -0.005 -18"><span class='ocrx_word' id='word_1_880' title='bbox 1998 3381 2292 3453; x_wconf 87' lang='grc' dir='ltr'>δράγματα</span> <span class='ocrx_word' id='word_1_881' title='bbox 2319 3381 2652 3452; x_wconf 82' lang='grc' dir='ltr'>ὑπογράφων</span> <span class='ocrx_word' id='word_1_882' title='bbox 2677 3382 2790 3443; x_wconf 87' lang='grc' dir='ltr'>τοῖς</span> <span class='ocrx_word' id='word_1_883' title='bbox 2814 3379 3115 3448; x_wconf 88' lang='grc' dir='ltr'>λογισμοῖς,</span> <span class='ocrx_word' id='word_1_884' title='bbox 3137 3377 3353 3430; x_wconf 80' lang='grc' dir='ltr'>ᾶπαντα</span> <span class='ocrx_word' id='word_1_885' title='bbox 3382 3375 3539 3453; x_wconf 76' lang='grc' dir='ltr'>φέρει</span> <span class='ocrx_word' id='word_1_886' title='bbox 3561 3391 3678 3443; x_wconf 84' lang='grc' dir='ltr'>γεν-</span> 
     </span>
    </p>
   </div>
   <div class='ocr_carea' id='block_1_107' title="bbox 1999 3452 3676 3530">
    <p class='ocr_par' dir='ltr' id='par_1_107' title="bbox 1999 3452 3676 3530">
     <span class='ocr_line' id='line_1_107' title="bbox 1999 3452 3676 3530; baseline -0.004 -17"><span class='ocrx_word' id='word_1_887' title='bbox 1999 3452 2186 3524; x_wconf 85' lang='grc' dir='ltr'>ναίως,</span> <span class='ocrx_word' id='word_1_888' title='bbox 2219 3460 2474 3530; x_wconf 86' lang='grc' dir='ltr'>οὐδεμίαν</span> <span class='ocrx_word' id='word_1_889' title='bbox 2510 3459 2618 3512; x_wconf 90' lang='grc' dir='ltr'>τῶν</span> <span class='ocrx_word' id='word_1_890' title='bbox 2653 3458 2831 3511; x_wconf 87' lang='grc' dir='ltr'>πόνων</span> <span class='ocrx_word' id='word_1_891' title='bbox 2856 3458 3110 3526; x_wconf 82' lang='grc' dir='ltr'>αἴσθησιν</span> <span class='ocrx_word' id='word_1_892' title='bbox 3139 3455 3433 3525; x_wconf 88' lang='grc' dir='ltr'>λαμϐάνων</span> <span class='ocrx_word' id='word_1_893' title='bbox 3468 3452 3553 3506; x_wconf 85' lang='grc' dir='ltr'>διὰ</span> <span class='ocrx_word' id='word_1_894' title='bbox 3577 3453 3676 3522; x_wconf 80' lang='grc' dir='ltr'>τὴν</span> 
     </span>
    </p>
   </div>
   <div class='ocr_carea' id='block_1_108' title="bbox 1999 3531 3676 3608">
    <p class='ocr_par' dir='ltr' id='par_1_108' title="bbox 1999 3531 3676 3608">
     <span class='ocr_line' id='line_1_108' title="bbox 1999 3531 3676 3608; baseline -0.004 -19"><span class='ocrx_word' id='word_1_895' title='bbox 1999 3537 2108 3589; x_wconf 88' lang='grc' dir='ltr'>τῶν</span> <span class='ocrx_word' id='word_1_896' title='bbox 2149 3537 2403 3608; x_wconf 85' lang='grc' dir='ltr'>χρηστῶν</span> <span class='ocrx_word' id='word_1_897' title='bbox 2436 3535 2798 3608; x_wconf 87' lang='grc' dir='ltr'>προσδοκίαν,</span> <span class='ocrx_word' id='word_1_898' title='bbox 2850 3534 3030 3588; x_wconf 88' lang='grc' dir='ltr'>καίτοι</span> <span class='ocrx_word' id='word_1_899' title='bbox 3082 3533 3280 3603; x_wconf 82' lang='grc' dir='ltr'>ἀδήλου</span> <span class='ocrx_word' id='word_1_900' title='bbox 3325 3533 3423 3602; x_wconf 87' lang='grc' dir='ltr'>τῆς</span> <span class='ocrx_word' id='word_1_901' title='bbox 3464 3531 3676 3593; x_wconf 84' lang='grc' dir='ltr'>ἐλπίδος</span> 
     </span>
    </p>
   </div>
   <div class='ocr_carea' id='block_1_109' title="bbox 1999 3611 3672 3686">
    <p class='ocr_par' dir='ltr' id='par_1_109' title="bbox 1999 3611 3672 3686">
     <span class='ocr_line' id='line_1_109' title="bbox 1999 3611 3672 3686; baseline -0.004 -18"><span class='ocrx_word' id='word_1_902' title='bbox 1999 3614 2188 3686; x_wconf 76' lang='grc' dir='ltr'>οὔσης,</span> <span class='ocrx_word' id='word_1_903' title='bbox 2220 3615 2338 3668; x_wconf 82' lang='grc' dir='ltr'>ἀλλ’</span> <span class='ocrx_word' id='word_1_904' title='bbox 2363 3617 2514 3685; x_wconf 82' lang='grc' dir='ltr'>ὅμως</span> <span class='ocrx_word' id='word_1_905' title='bbox 2543 3617 2662 3676; x_wconf 89' lang='grc' dir='ltr'>ταῖς</span> <span class='ocrx_word' id='word_1_906' title='bbox 2696 3613 3091 3683; x_wconf 82' lang='grc' dir='ltr'>χρηστοτέραις</span> <span class='ocrx_word' id='word_1_907' title='bbox 3118 3611 3298 3663; x_wconf 88' lang='grc' dir='ltr'>ἐλπίσι</span> <span class='ocrx_word' id='word_1_908' title='bbox 3323 3611 3672 3680; x_wconf 88' lang='grc' dir='ltr'>τρεφόμενος,</span> 
     </span>
    </p>
   </div>
   <div class='ocr_carea' id='block_1_110' title="bbox 2000 3687 3675 3764">
    <p class='ocr_par' dir='ltr' id='par_1_110' title="bbox 2000 3687 3675 3764">
     <span class='ocr_line' id='line_1_110' title="bbox 2000 3687 3675 3764; baseline -0.005 -17"><span class='ocrx_word' id='word_1_909' title='bbox 2000 3695 2102 3748; x_wconf 86' lang='grc' dir='ltr'>οὐκ</span> <span class='ocrx_word' id='word_1_910' title='bbox 2130 3692 2467 3764; x_wconf 88' lang='grc' dir='ltr'>ἀπαγορεύει</span> <span class='ocrx_word' id='word_1_911' title='bbox 2495 3691 2632 3762; x_wconf 84' lang='grc' dir='ltr'>πρὸς</span> <span class='ocrx_word' id='word_1_912' title='bbox 2658 3694 2784 3753; x_wconf 81' lang='grc' dir='ltr'>τοὺς</span> <span class='ocrx_word' id='word_1_913' title='bbox 2812 3691 3028 3752; x_wconf 86' lang='grc' dir='ltr'>πόνους,</span> <span class='ocrx_word' id='word_1_914' title='bbox 3057 3689 3194 3741; x_wconf 90' lang='grc' dir='ltr'>ἀλλά</span> <span class='ocrx_word' id='word_1_915' title='bbox 3226 3689 3403 3741; x_wconf 88' lang='grc' dir='ltr'>πάντα</span> <span class='ocrx_word' id='word_1_916' title='bbox 3439 3687 3507 3740; x_wconf 86' lang='grc' dir='ltr'>τά</span> <span class='ocrx_word' id='word_1_917' title='bbox 3545 3688 3675 3758; x_wconf 75' lang='grc' dir='ltr'>παρ’</span> 
     </span>
    </p>
   </div>
   <div class='ocr_carea' id='block_1_111' title="bbox 2001 3765 3678 3840">
    <p class='ocr_par' dir='ltr' id='par_1_111' title="bbox 2001 3765 3678 3840">
     <span class='ocr_line' id='line_1_111' title="bbox 2001 3765 3678 3840; baseline -0.003 -16"><span class='ocrx_word' id='word_1_918' title='bbox 2001 3771 2196 3825; x_wconf 86' lang='grc' dir='ltr'>ἐαυτοῦ</span> <span class='ocrx_word' id='word_1_919' title='bbox 2232 3770 2495 3840; x_wconf 74' lang='grc' dir='ltr'>εἰσφέρει,</span> <span class='ocrx_word' id='word_1_920' title='bbox 2523 3768 2808 3839; x_wconf 83' lang='grc' dir='ltr'>ἀναμένων</span> <span class='ocrx_word' id='word_1_921' title='bbox 2837 3768 2945 3821; x_wconf 88' lang='grc' dir='ltr'>τῶν</span> <span class='ocrx_word' id='word_1_922' title='bbox 2983 3767 3160 3821; x_wconf 86' lang='grc' dir='ltr'>πόνων</span> <span class='ocrx_word' id='word_1_923' title='bbox 3185 3765 3369 3819; x_wconf 90' lang='grc' dir='ltr'>λαϐεῖν</span> <span class='ocrx_word' id='word_1_924' title='bbox 3393 3765 3490 3828; x_wconf 84' lang='lat'>16;</span> <span class='ocrx_word' id='word_1_925' title='bbox 3519 3765 3678 3836; x_wconf 84' lang='grc' dir='ltr'>ἀμοι-</span> 
     </span>
    </p>
   </div>
   <div class='ocr_carea' id='block_1_112' title="bbox 2002 3843 3676 3918">
    <p class='ocr_par' dir='ltr' id='par_1_112' title="bbox 2002 3843 3676 3918">
     <span class='ocr_line' id='line_1_112' title="bbox 2002 3843 3676 3918; baseline -0.004 -14"><span class='ocrx_word' id='word_1_926' title='bbox 2002 3851 2122 3914; x_wconf 87' lang='grc' dir='ltr'>ϐάς.</span> <span class='ocrx_word' id='word_1_927' title='bbox 2141 3848 2254 3903; x_wconf 75' lang='grc' dir='ltr'>Καὶ</span> <span class='ocrx_word' id='word_1_928' title='bbox 2286 3851 2316 3901; x_wconf 91' lang='lat'>6</span> <span class='ocrx_word' id='word_1_929' title='bbox 2357 3846 2694 3918; x_wconf 84' lang='grc' dir='ltr'>στρατιώτης</span> <span class='ocrx_word' id='word_1_930' title='bbox 2736 3846 2792 3900; x_wconf 85' lang='grc' dir='ltr'>δέ</span> <span class='ocrx_word' id='word_1_931' title='bbox 2825 3844 2986 3898; x_wconf 89' lang='grc' dir='ltr'>πάλιν</span> <span class='ocrx_word' id='word_1_932' title='bbox 3013 3845 3154 3898; x_wconf 85' lang='grc' dir='ltr'>ὅπλα</span> <span class='ocrx_word' id='word_1_933' title='bbox 3185 3843 3542 3916; x_wconf 89' lang='grc' dir='ltr'>περιτίθεται,</span> <span class='ocrx_word' id='word_1_934' title='bbox 3582 3847 3676 3899; x_wconf 82' lang='grc' dir='ltr'>καὶ</span> 
     </span>
    </p>
   </div>
   <div class='ocr_carea' id='block_1_113' title="bbox 2002 3923 3678 3996">
    <p class='ocr_par' dir='ltr' id='par_1_113' title="bbox 2002 3923 3678 3996">
     <span class='ocr_line' id='line_1_113' title="bbox 2002 3923 3678 3996; baseline -0.004 -14"><span class='ocrx_word' id='word_1_935' title='bbox 2002 3930 2084 3994; x_wconf 80' lang='grc' dir='ltr'>εἰς</span> <span class='ocrx_word' id='word_1_936' title='bbox 2115 3928 2206 3980; x_wconf 85' lang='grc' dir='ltr'>τὸν</span> <span class='ocrx_word' id='word_1_937' title='bbox 2239 3927 2476 3996; x_wconf 87' lang='grc' dir='ltr'>πόλεμον</span> <span class='ocrx_word' id='word_1_938' title='bbox 2524 3924 2728 3992; x_wconf 81' lang='grc' dir='ltr'>ἔξεισι,</span> <span class='ocrx_word' id='word_1_939' title='bbox 2757 3925 2851 3978; x_wconf 74' lang='grc' dir='ltr'>καὶ</span> <span class='ocrx_word' id='word_1_940' title='bbox 2889 3924 2988 3978; x_wconf 91' lang='grc' dir='ltr'>οὐκ</span> <span class='ocrx_word' id='word_1_941' title='bbox 3021 3925 3191 3978; x_wconf 87' lang='grc' dir='ltr'>ἐννοεῖ</span> <span class='ocrx_word' id='word_1_942' title='bbox 3224 3923 3383 3993; x_wconf 91' lang='grc' dir='ltr'>μόνον</span> <span class='ocrx_word' id='word_1_943' title='bbox 3410 3924 3478 3975; x_wconf 85' lang='lat'>16</span> <span class='ocrx_word' id='word_1_944' title='bbox 3508 3923 3678 3994; x_wconf 79' lang='grc' dir='ltr'>τραύο</span> 
     </span>
    </p>
   </div>
   <div class='ocr_carea' id='block_1_114' title="bbox 2005 3999 3674 4077">
    <p class='ocr_par' dir='ltr' id='par_1_114' title="bbox 2005 3999 3674 4077">
     <span class='ocr_line' id='line_1_114' title="bbox 2005 3999 3674 4077; baseline -0.004 -18"><span class='ocrx_word' id='word_1_945' title='bbox 2005 4023 2155 4077; x_wconf 90' lang='grc' dir='ltr'>ματα</span> <span class='ocrx_word' id='word_1_946' title='bbox 2194 4005 2289 4058; x_wconf 75' lang='grc' dir='ltr'>καὶ</span> <span class='ocrx_word' id='word_1_947' title='bbox 2320 4004 2420 4066; x_wconf 84' lang='grc' dir='ltr'>τὰς</span> <span class='ocrx_word' id='word_1_948' title='bbox 2461 4001 2698 4072; x_wconf 83' lang='grc' dir='ltr'>σφαγὰς,</span> <span class='ocrx_word' id='word_1_949' title='bbox 2727 4002 2823 4055; x_wconf 76' lang='grc' dir='ltr'>καὶ</span> <span class='ocrx_word' id='word_1_950' title='bbox 2848 4001 2944 4064; x_wconf 85' lang='grc' dir='ltr'>τάς</span> <span class='ocrx_word' id='word_1_951' title='bbox 2990 3999 3098 4054; x_wconf 85' lang='grc' dir='ltr'>τῶν</span> <span class='ocrx_word' id='word_1_952' title='bbox 3127 4000 3402 4070; x_wconf 85' lang='grc' dir='ltr'>πολεμίων</span> <span class='ocrx_word' id='word_1_953' title='bbox 3432 4000 3674 4068; x_wconf 82' lang='grc' dir='ltr'>ἐφόδους,</span> 
     </span>
    </p>
   </div>
   <div class='ocr_carea' id='block_1_115' title="bbox 2003 4078 3679 4151">
    <p class='ocr_par' dir='ltr' id='par_1_115' title="bbox 2003 4078 3679 4151">
     <span class='ocr_line' id='line_1_115' title="bbox 2003 4078 3679 4151; baseline -0.004 -15"><span class='ocrx_word' id='word_1_954' title='bbox 2003 4083 2098 4136; x_wconf 77' lang='grc' dir='ltr'>καὶ</span> <span class='ocrx_word' id='word_1_955' title='bbox 2124 4083 2224 4146; x_wconf 90' lang='grc' dir='ltr'>τάς</span> <span class='ocrx_word' id='word_1_956' title='bbox 2255 4081 2419 4144; x_wconf 82' lang='grc' dir='ltr'>ἄλλας</span> <span class='ocrx_word' id='word_1_957' title='bbox 2448 4079 2848 4151; x_wconf 87' lang='grc' dir='ltr'>ταλαιπωρίας,</span> <span class='ocrx_word' id='word_1_958' title='bbox 2877 4079 3013 4132; x_wconf 87' lang='grc' dir='ltr'>ἀλλά</span> <span class='ocrx_word' id='word_1_959' title='bbox 3041 4079 3138 4149; x_wconf 79' lang='grc' dir='ltr'>τὴν</span> <span class='ocrx_word' id='word_1_960' title='bbox 3164 4079 3320 4148; x_wconf 80' lang='grc' dir='ltr'>νίκην</span> <span class='ocrx_word' id='word_1_961' title='bbox 3343 4079 3436 4130; x_wconf 76' lang='grc' dir='ltr'>καὶ</span> <span class='ocrx_word' id='word_1_962' title='bbox 3459 4078 3526 4131; x_wconf 91' lang='grc' dir='ltr'>τά</span> <span class='ocrx_word' id='word_1_963' title='bbox 3554 4079 3679 4148; x_wconf 73' lang='grc' dir='ltr'>τρόιο</span> 
     </span>
    </p>
   </div>
   <div class='ocr_carea' id='block_1_116' title="bbox 2004 4154 3675 4230">
    <p class='ocr_par' dir='ltr' id='par_1_116' title="bbox 2004 4154 3675 4230">
     <span class='ocr_line' id='line_1_116' title="bbox 2004 4154 3675 4230; baseline -0.005 -14"><span class='ocrx_word' id='word_1_964' title='bbox 2004 4154 2152 4216; x_wconf 85' lang='grc' dir='ltr'>παια’</span> <span class='ocrx_word' id='word_1_965' title='bbox 2171 4158 2348 4230; x_wconf 82' lang='grc' dir='ltr'>ἑαυτῷ</span> <span class='ocrx_word' id='word_1_966' title='bbox 2377 4158 2735 4229; x_wconf 82' lang='grc' dir='ltr'>ὑπογράφων,</span> <span class='ocrx_word' id='word_1_967' title='bbox 2768 4157 2912 4211; x_wconf 75' lang='grc' dir='ltr'>οὕτω</span> <span class='ocrx_word' id='word_1_968' title='bbox 2941 4158 3040 4227; x_wconf 81' lang='grc' dir='ltr'>τὴν</span> <span class='ocrx_word' id='word_1_969' title='bbox 3067 4155 3176 4209; x_wconf 86' lang='grc' dir='ltr'>τῶν</span> <span class='ocrx_word' id='word_1_970' title='bbox 3217 4155 3395 4210; x_wconf 84' lang='grc' dir='ltr'>ὅπλων</span> <span class='ocrx_word' id='word_1_971' title='bbox 3438 4174 3675 4210; x_wconf 85' lang='grc' dir='ltr'>παντευ-</span> 
     </span>
    </p>
   </div>
   <div class='ocr_carea' id='block_1_117' title="bbox 2002 4233 3678 4312">
    <p class='ocr_par' dir='ltr' id='par_1_117' title="bbox 2002 4233 3678 4312">
     <span class='ocr_line' id='line_1_117' title="bbox 2002 4233 3678 4312; baseline -0.009 -19"><span class='ocrx_word' id='word_1_972' title='bbox 2002 4240 2126 4312; x_wconf 85' lang='grc' dir='ltr'>χίαν</span> <span class='ocrx_word' id='word_1_973' title='bbox 2151 4237 2555 4309; x_wconf 85' lang='grc' dir='ltr'>περιϐάλλεται,</span> <span class='ocrx_word' id='word_1_974' title='bbox 2578 4236 2670 4288; x_wconf 77' lang='grc' dir='ltr'>καὶ</span> <span class='ocrx_word' id='word_1_975' title='bbox 2693 4235 2914 4306; x_wconf 90' lang='grc' dir='ltr'>ἀδηλίας</span> <span class='ocrx_word' id='word_1_976' title='bbox 2943 4246 2966 4274; x_wconf 75' lang='grc' dir='ltr'>θ</span> <span class='ocrx_word' id='word_1_977' title='bbox 2997 4233 3195 4303; x_wconf 89' lang='grc' dir='ltr'>πολλῆς</span> <span class='ocrx_word' id='word_1_978' title='bbox 3229 4233 3392 4312; x_wconf 82' lang='grc' dir='ltr'>ούσης</span> <span class='ocrx_word' id='word_1_979' title='bbox 3420 4234 3511 4300; x_wconf 64' lang='grc' dir='ltr'>καὶ</span> <span class='ocrx_word' id='word_1_980' title='bbox 3543 4235 3678 4288; x_wconf 80' lang='grc' dir='ltr'>ἀπο.</span> 
     </span>
    </p>
   </div>
   <div class='ocr_carea' id='block_1_118' title="bbox 2002 4311 3676 4386">
    <p class='ocr_par' dir='ltr' id='par_1_118' title="bbox 2002 4311 3676 4386">
     <span class='ocr_line' id='line_1_118' title="bbox 2002 4311 3676 4386; baseline -0.005 -16"><span class='ocrx_word' id='word_1_981' title='bbox 2002 4317 2408 4386; x_wconf 83' lang='grc' dir='ltr'>τυχίας,πάντα</span> <span class='ocrx_word' id='word_1_982' title='bbox 2436 4314 2676 4368; x_wconf 88' lang='grc' dir='ltr'>τοιοῦτον</span> <span class='ocrx_word' id='word_1_983' title='bbox 2700 4313 3062 4382; x_wconf 88' lang='grc' dir='ltr'>ἀπωσάμενος</span> <span class='ocrx_word' id='word_1_984' title='bbox 3090 4311 3371 4381; x_wconf 79' lang='grc' dir='ltr'>λογισμὸν,</span> <span class='ocrx_word' id='word_1_985' title='bbox 3412 4313 3506 4364; x_wconf 77' lang='grc' dir='ltr'>καὶ</span> <span class='ocrx_word' id='word_1_986' title='bbox 3539 4329 3676 4383; x_wconf 83' lang='grc' dir='ltr'>χρη-</span> 
     </span>
    </p>
   </div>
   <div class='ocr_carea' id='block_1_119' title="bbox 2005 4389 3677 4462">
    <p class='ocr_par' dir='ltr' id='par_1_119' title="bbox 2005 4389 3677 4462">
     <span class='ocr_line' id='line_1_119' title="bbox 2005 4389 3677 4462; baseline -0.005 -13"><span class='ocrx_word' id='word_1_987' title='bbox 2005 4396 2135 4459; x_wconf 84' lang='grc' dir='ltr'>στάς</span> <span class='ocrx_word' id='word_1_988' title='bbox 2164 4395 2381 4455; x_wconf 80' lang='grc' dir='ltr'>ἐλπίδας</span> <span class='ocrx_word' id='word_1_989' title='bbox 2424 4391 2603 4458; x_wconf 85' lang='grc' dir='ltr'>ἐαυτῷ</span> <span class='ocrx_word' id='word_1_990' title='bbox 2637 4391 2991 4462; x_wconf 86' lang='grc' dir='ltr'>ὑπογράφων,</span> <span class='ocrx_word' id='word_1_991' title='bbox 3024 4390 3203 4444; x_wconf 87' lang='grc' dir='ltr'>πάντα</span> <span class='ocrx_word' id='word_1_992' title='bbox 3236 4391 3392 4443; x_wconf 77' lang='grc' dir='ltr'>ὀκνον</span> <span class='ocrx_word' id='word_1_993' title='bbox 3425 4389 3677 4442; x_wconf 83' lang='grc' dir='ltr'>ἀποτίθε-</span> 
     </span>
    </p>
   </div>
   <div class='ocr_carea' id='block_1_120' title="bbox 2001 4467 3675 4540">
    <p class='ocr_par' dir='ltr' id='par_1_120' title="bbox 2001 4467 3675 4540">
     <span class='ocr_line' id='line_1_120' title="bbox 2001 4467 3675 4540; baseline -0.004 -14"><span class='ocrx_word' id='word_1_994' title='bbox 2001 4491 2114 4537; x_wconf 88' lang='grc' dir='ltr'>ται,</span> <span class='ocrx_word' id='word_1_995' title='bbox 2143 4476 2239 4526; x_wconf 67' lang='grc' dir='ltr'>καὶ</span> <span class='ocrx_word' id='word_1_996' title='bbox 2283 4471 2462 4525; x_wconf 87' lang='grc' dir='ltr'>λαϐὼν</span> <span class='ocrx_word' id='word_1_997' title='bbox 2492 4469 2562 4522; x_wconf 89' lang='lat'>16</span> <span class='ocrx_word' id='word_1_998' title='bbox 2585 4469 2725 4522; x_wconf 82' lang='grc' dir='ltr'>ὅπλα</span> <span class='ocrx_word' id='word_1_999' title='bbox 2761 4470 2896 4538; x_wconf 83' lang='grc' dir='ltr'>πρὸς</span> <span class='ocrx_word' id='word_1_1000' title='bbox 2929 4469 3027 4540; x_wconf 79' lang='grc' dir='ltr'>τὴν</span> <span class='ocrx_word' id='word_1_1001' title='bbox 3057 4469 3162 4521; x_wconf 88' lang='grc' dir='ltr'>τῶν</span> <span class='ocrx_word' id='word_1_1002' title='bbox 3197 4467 3469 4538; x_wconf 86' lang='grc' dir='ltr'>πολεμίων</span> <span class='ocrx_word' id='word_1_1003' title='bbox 3500 4468 3675 4538; x_wconf 88' lang='grc' dir='ltr'>παρά-</span> 
     </span>
    </p>
   </div>
   <div class='ocr_carea' id='block_1_121' title="bbox 2002 4545 3676 4622">
    <p class='ocr_par' dir='ltr' id='par_1_121' title="bbox 2002 4545 3676 4622">
     <span class='ocr_line' id='line_1_121' title="bbox 2002 4545 3676 4622; baseline -0.005 -17"><span class='ocrx_word' id='word_1_1004' title='bbox 2002 4549 2156 4616; x_wconf 81' lang='grc' dir='ltr'>ταξιν</span> <span class='ocrx_word' id='word_1_1005' title='bbox 2207 4551 2372 4622; x_wconf 80' lang='grc' dir='ltr'>ὁρμᾷ.</span> <span class='ocrx_word' id='word_1_1006' title='bbox 2406 4551 2469 4603; x_wconf 83' lang='lat' dir='ltr'><strong><em>El</em></strong></span> <span class='ocrx_word' id='word_1_1007' title='bbox 2514 4547 2735 4610; x_wconf 90' lang='grc' dir='ltr'>τοίνυν,</span> <span class='ocrx_word' id='word_1_1008' title='bbox 2783 4547 3087 4618; x_wconf 79' lang='grc' dir='ltr'>ἀγαπητοὶ,</span> <span class='ocrx_word' id='word_1_1009' title='bbox 3123 4547 3215 4600; x_wconf 75' lang='grc' dir='ltr'>καὶ</span> <span class='ocrx_word' id='word_1_1010' title='bbox 3264 4545 3536 4615; x_wconf 81' lang='grc' dir='ltr'>ἔμπορος,</span> <span class='ocrx_word' id='word_1_1011' title='bbox 3583 4547 3676 4597; x_wconf 69' lang='grc' dir='ltr'>καὶ</span> 
     </span>
    </p>
   </div>
   <div class='ocr_carea' id='block_1_122' title="bbox 2005 4623 3674 4701">
    <p class='ocr_par' dir='ltr' id='par_1_122' title="bbox 2005 4623 3674 4701">
     <span class='ocr_line' id='line_1_122' title="bbox 2005 4623 3674 4701; baseline -0.007 -17"><span class='ocrx_word' id='word_1_1012' title='bbox 2005 4630 2264 4701; x_wconf 86' lang='grc' dir='ltr'>γηπόνος,</span> <span class='ocrx_word' id='word_1_1013' title='bbox 2290 4627 2384 4681; x_wconf 77' lang='grc' dir='ltr'>καὶ</span> <span class='ocrx_word' id='word_1_1014' title='bbox 2417 4623 2775 4697; x_wconf 86' lang='grc' dir='ltr'>στρατιώτης,</span> <span class='ocrx_word' id='word_1_1015' title='bbox 2814 4625 2943 4679; x_wconf 85' lang='grc' dir='ltr'>ἔνθα</span> <span class='ocrx_word' id='word_1_1016' title='bbox 2971 4627 3063 4679; x_wconf 63' lang='grc' dir='ltr'>καλ⁸</span> <span class='ocrx_word' id='word_1_1017' title='bbox 3088 4624 3279 4696; x_wconf 84' lang='grc' dir='ltr'>άδηλος</span> <span class='ocrx_word' id='word_1_1018' title='bbox 3305 4626 3336 4694; x_wconf 87' lang='grc' dir='ltr'>ἠ</span> <span class='ocrx_word' id='word_1_1019' title='bbox 3373 4624 3548 4687; x_wconf 77' lang='grc' dir='ltr'>ἐλπὶς,</span> <span class='ocrx_word' id='word_1_1020' title='bbox 3581 4623 3674 4675; x_wconf 74' lang='grc' dir='ltr'>καὶ</span> 
     </span>
    </p>
   </div>
   <div class='ocr_carea' id='block_1_123' title="bbox 2004 4701 3673 4777">
    <p class='ocr_par' dir='ltr' id='par_1_123' title="bbox 2004 4701 3673 4777">
     <span class='ocr_line' id='line_1_123' title="bbox 2004 4701 3673 4777; baseline -0.006 -16"><span class='ocrx_word' id='word_1_1021' title='bbox 2004 4707 2296 4777; x_wconf 85' lang='grc' dir='ltr'>ἀποτυχίαι</span> <span class='ocrx_word' id='word_1_1022' title='bbox 2340 4704 2586 4768; x_wconf 84' lang='grc' dir='ltr'>πλείους,</span> <span class='ocrx_word' id='word_1_1023' title='bbox 2621 4705 2714 4758; x_wconf 76' lang='grc' dir='ltr'>καὶ</span> <span class='ocrx_word' id='word_1_1024' title='bbox 2753 4703 2823 4756; x_wconf 87' lang='grc' dir='ltr'>τά</span> <span class='ocrx_word' id='word_1_1025' title='bbox 2865 4703 3190 4773; x_wconf 85' lang='grc' dir='ltr'>κωλύματα,</span> <span class='ocrx_word' id='word_1_1026' title='bbox 3228 4703 3478 4771; x_wconf 85' lang='grc' dir='ltr'>καθάπερ</span> <span class='ocrx_word' id='word_1_1027' title='bbox 3507 4701 3673 4770; x_wconf 67' lang='grc' dir='ltr'>ἠκούη</span> 
     </span>
    </p>
   </div>
   <div class='ocr_carea' id='block_1_124' title="bbox 2006 4779 3673 4852">
    <p class='ocr_par' dir='ltr' id='par_1_124' title="bbox 2006 4779 3673 4852">
     <span class='ocr_line' id='line_1_124' title="bbox 2006 4779 3673 4852; baseline -0.005 -14"><span class='ocrx_word' id='word_1_1028' title='bbox 2006 4802 2160 4848; x_wconf 88' lang='grc' dir='ltr'>σατε,</span> <span class='ocrx_word' id='word_1_1029' title='bbox 2193 4783 2361 4836; x_wconf 92' lang='grc' dir='ltr'>πολλά</span> <span class='ocrx_word' id='word_1_1030' title='bbox 2390 4783 2483 4837; x_wconf 74' lang='grc' dir='ltr'>καὶ</span> <span class='ocrx_word' id='word_1_1031' title='bbox 2509 4782 2762 4852; x_wconf 86' lang='grc' dir='ltr'>διάφορα,</span> <span class='ocrx_word' id='word_1_1032' title='bbox 2794 4784 2888 4835; x_wconf 77' lang='grc' dir='ltr'>καὶ</span> <span class='ocrx_word' id='word_1_1033' title='bbox 2914 4783 3062 4852; x_wconf 84' lang='grc' dir='ltr'>ὅμως</span> <span class='ocrx_word' id='word_1_1034' title='bbox 3104 4780 3279 4844; x_wconf 70' lang='grc' dir='ltr'>οὐδεὶς</span> <span class='ocrx_word' id='word_1_1035' title='bbox 3318 4780 3522 4831; x_wconf 90' lang='grc' dir='ltr'>τούτων</span> <span class='ocrx_word' id='word_1_1036' title='bbox 3566 4779 3673 4830; x_wconf 88' lang='grc' dir='ltr'>ἀπ-</span> 
     </span>
    </p>
   </div>
   <div class='ocr_carea' id='block_1_125' title="bbox 2005 4855 3673 4933">
    <p class='ocr_par' dir='ltr' id='par_1_125' title="bbox 2005 4855 3673 4933">
     <span class='ocr_line' id='line_1_125' title="bbox 2005 4855 3673 4933; baseline -0.006 -18"><span class='ocrx_word' id='word_1_1037' title='bbox 2005 4861 2285 4933; x_wconf 80' lang='grc' dir='ltr'>αγορεύων</span> <span class='ocrx_word' id='word_1_1038' title='bbox 2311 4862 2445 4932; x_wconf 73' lang='grc' dir='ltr'>πρὸς</span> <span class='ocrx_word' id='word_1_1039' title='bbox 2465 4861 2592 4924; x_wconf 76' lang='grc' dir='ltr'>τοὺς</span> <span class='ocrx_word' id='word_1_1040' title='bbox 2628 4860 2821 4922; x_wconf 90' lang='grc' dir='ltr'>πόνους</span> <span class='ocrx_word' id='word_1_1041' title='bbox 2854 4859 3150 4928; x_wconf 83' lang='grc' dir='ltr'>ἀφίσταται</span> <span class='ocrx_word' id='word_1_1042' title='bbox 3181 4857 3280 4926; x_wconf 84' lang='grc' dir='ltr'>τῆς</span> <span class='ocrx_word' id='word_1_1043' title='bbox 3303 4855 3673 4925; x_wconf 74' lang='grc' dir='ltr'>χρηστοτέρας</span> 
     </span>
    </p>
   </div>
   <div class='ocr_carea' id='block_1_126' title="bbox 2005 4933 3674 5009">
    <p class='ocr_par' dir='ltr' id='par_1_126' title="bbox 2005 4933 3674 5009">
     <span class='ocr_line' id='line_1_126' title="bbox 2005 4933 3674 5009; baseline -0.003 -17"><span class='ocrx_word' id='word_1_1044' title='bbox 2005 4940 2237 5003; x_wconf 85' lang='grc' dir='ltr'>ἐλπίδος,</span> <span class='ocrx_word' id='word_1_1045' title='bbox 2272 4940 2430 5003; x_wconf 89' lang='grc' dir='ltr'>ποίας</span> <span class='ocrx_word' id='word_1_1046' title='bbox 2462 4938 2528 4992; x_wconf 86' lang='grc' dir='ltr'>ἂν</span> <span class='ocrx_word' id='word_1_1047' title='bbox 2555 4941 2715 5009; x_wconf 80' lang='grc' dir='ltr'>ἡμεῖς</span> <span class='ocrx_word' id='word_1_1048' title='bbox 2747 4935 3076 5004; x_wconf 87' lang='grc' dir='ltr'>συγγνώμης</span> <span class='ocrx_word' id='word_1_1049' title='bbox 3094 4933 3351 5002; x_wconf 88' lang='grc' dir='ltr'>τύχοιμεν</span> <span class='ocrx_word' id='word_1_1050' title='bbox 3374 4934 3674 4987; x_wconf 64' lang='grc' dir='ltr'>ἀποκνοῦνι</span> 
     </span>
    </p>
   </div>
   <div class='ocr_carea' id='block_1_127' title="bbox 2004 5012 3671 5092">
    <p class='ocr_par' dir='ltr' id='par_1_127' title="bbox 2004 5012 3671 5092">
     <span class='ocr_line' id='line_1_127' title="bbox 2004 5012 3671 5092; baseline -0.003 -20"><span class='ocrx_word' id='word_1_1051' title='bbox 2004 5036 2096 5083; x_wconf 87' lang='grc' dir='ltr'>τες</span> <span class='ocrx_word' id='word_1_1052' title='bbox 2128 5021 2264 5091; x_wconf 84' lang='grc' dir='ltr'>πρὸς</span> <span class='ocrx_word' id='word_1_1053' title='bbox 2287 5020 2387 5092; x_wconf 86' lang='grc' dir='ltr'>τὴν</span> <span class='ocrx_word' id='word_1_1054' title='bbox 2419 5018 2644 5090; x_wconf 79' lang='grc' dir='ltr'>ἀρετὴν,</span> <span class='ocrx_word' id='word_1_1055' title='bbox 2667 5019 2763 5070; x_wconf 79' lang='grc' dir='ltr'>καὶ</span> <span class='ocrx_word' id='word_1_1056' title='bbox 2792 5015 2913 5084; x_wconf 81' lang='grc' dir='ltr'>οὐχὶ</span> <span class='ocrx_word' id='word_1_1057' title='bbox 2945 5014 3124 5092; x_wconf 89' lang='grc' dir='ltr'>πάντα</span> <span class='ocrx_word' id='word_1_1058' title='bbox 3162 5013 3323 5066; x_wconf 87' lang='grc' dir='ltr'>πόνον</span> <span class='ocrx_word' id='word_1_1059' title='bbox 3347 5012 3671 5092; x_wconf 84' lang='grc' dir='ltr'>αὐτομάτως</span> 
     </span>
    </p>
   </div>
   <div class='ocr_carea' id='block_1_128' title="bbox 2007 5091 3673 5170">
    <p class='ocr_par' dir='ltr' id='par_1_128' title="bbox 2007 5091 3673 5170">
     <span class='ocr_line' id='line_1_128' title="bbox 2007 5091 3673 5170; baseline -0.004 -16"><span class='ocrx_word' id='word_1_1060' title='bbox 2007 5091 2450 5170; x_wconf 81' lang='grc' dir='ltr'>καταδεχόμενοι,</span> <span class='ocrx_word' id='word_1_1061' title='bbox 2485 5095 2658 5159; x_wconf 67' lang='grc' dir='ltr'>οὕτως</span> <span class='ocrx_word' id='word_1_1062' title='bbox 2687 5092 2964 5163; x_wconf 86' lang='grc' dir='ltr'>ἀσφαλοῦς</span> <span class='ocrx_word' id='word_1_1063' title='bbox 2991 5091 3155 5163; x_wconf 80' lang='grc' dir='ltr'>οὐσης</span> <span class='ocrx_word' id='word_1_1064' title='bbox 3188 5092 3284 5170; x_wconf 84' lang='grc' dir='ltr'>τῆς</span> <span class='ocrx_word' id='word_1_1065' title='bbox 3314 5091 3548 5158; x_wconf 84' lang='grc' dir='ltr'>ἐλπίδος,</span> <span class='ocrx_word' id='word_1_1066' title='bbox 3579 5097 3673 5147; x_wconf 76' lang='grc' dir='ltr'>καὶ</span> 
     </span>
    </p>
   </div>
   <div class='ocr_carea' id='block_1_129' title="bbox 2006 5169 3676 5244">
    <p class='ocr_par' dir='ltr' id='par_1_129' title="bbox 2006 5169 3676 5244">
     <span class='ocr_line' id='line_1_129' title="bbox 2006 5169 3676 5244; baseline -0.002 -14"><span class='ocrx_word' id='word_1_1067' title='bbox 2006 5176 2273 5232; x_wconf 91' lang='grc' dir='ltr'>τοσούτων</span> <span class='ocrx_word' id='word_1_1068' title='bbox 2331 5173 2710 5244; x_wconf 88' lang='grc' dir='ltr'>ἀποκειμένων</span> <span class='ocrx_word' id='word_1_1069' title='bbox 2757 5174 2890 5242; x_wconf 79' lang='grc' dir='ltr'>ἡμῖν</span> <span class='ocrx_word' id='word_1_1070' title='bbox 2926 5171 3036 5225; x_wconf 86' lang='grc' dir='ltr'>τῶν</span> <span class='ocrx_word' id='word_1_1071' title='bbox 3083 5169 3338 5240; x_wconf 83' lang='grc' dir='ltr'>ἀγαθῶν,</span> <span class='ocrx_word' id='word_1_1072' title='bbox 3391 5173 3484 5224; x_wconf 71' lang='grc' dir='ltr'>καὶ</span> <span class='ocrx_word' id='word_1_1073' title='bbox 3537 5175 3676 5243; x_wconf 84' lang='grc' dir='ltr'>μετά</span> 
     </span>
    </p>
   </div>
   <div class='ocr_carea' id='block_1_130' title="bbox 2007 5252 3675 5328">
    <p class='ocr_par' dir='ltr' id='par_1_130' title="bbox 2007 5252 3675 5328">
     <span class='ocr_line' id='line_1_130' title="bbox 2007 5252 3675 5328; baseline -0.002 -17"><span class='ocrx_word' id='word_1_1074' title='bbox 2007 5257 2208 5328; x_wconf 87' lang='grc' dir='ltr'>πολλῆς</span> <span class='ocrx_word' id='word_1_1075' title='bbox 2237 5256 2338 5326; x_wconf 83' lang='grc' dir='ltr'>τῆς</span> <span class='ocrx_word' id='word_1_1076' title='bbox 2383 5252 2700 5325; x_wconf 87' lang='grc' dir='ltr'>περιουσίας</span> <span class='ocrx_word' id='word_1_1077' title='bbox 2729 5252 2965 5324; x_wconf 89' lang='grc' dir='ltr'>νικώσης</span> <span class='ocrx_word' id='word_1_1078' title='bbox 2992 5252 3091 5322; x_wconf 86' lang='grc' dir='ltr'>τῆς</span> <span class='ocrx_word' id='word_1_1079' title='bbox 3132 5252 3366 5323; x_wconf 83' lang='grc' dir='ltr'>ἀμοιϐῆς</span> <span class='ocrx_word' id='word_1_1080' title='bbox 3401 5252 3577 5306; x_wconf 88' lang='grc' dir='ltr'>πάντα</span> <span class='ocrx_word' id='word_1_1081' title='bbox 3607 5255 3675 5307; x_wconf 80' lang='grc' dir='ltr'>τά</span> 
     </span>
    </p>
   </div>
   <div class='ocr_carea' id='block_1_131' title="bbox 2007 5332 3676 5408">
    <p class='ocr_par' dir='ltr' id='par_1_131' title="bbox 2007 5332 3676 5408">
     <span class='ocr_line' id='line_1_131' title="bbox 2007 5332 3676 5408; baseline -0.002 -17"><span class='ocrx_word' id='word_1_1082' title='bbox 2007 5335 2137 5408; x_wconf 80' lang='grc' dir='ltr'>παρ’</span> <span class='ocrx_word' id='word_1_1083' title='bbox 2169 5335 2324 5407; x_wconf 80' lang='grc' dir='ltr'>ἡμῶν</span> <span class='ocrx_word' id='word_1_1084' title='bbox 2349 5333 2644 5404; x_wconf 86' lang='grc' dir='ltr'>γινόμενα;</span> <span class='ocrx_word' id='word_1_1085' title='bbox 2672 5333 2869 5385; x_wconf 76' lang='grc' dir='ltr'>’Ἄκουε</span> <span class='ocrx_word' id='word_1_1086' title='bbox 2895 5333 3075 5385; x_wconf 83' lang='grc' dir='ltr'>τοίνυν</span> <span class='ocrx_word' id='word_1_1087' title='bbox 3099 5332 3190 5385; x_wconf 85' lang='grc' dir='ltr'>τοῦ</span> <span class='ocrx_word' id='word_1_1088' title='bbox 3229 5335 3497 5405; x_wconf 83' lang='grc' dir='ltr'>μακαρίου</span> <span class='ocrx_word' id='word_1_1089' title='bbox 3528 5335 3676 5388; x_wconf 82' lang='grc' dir='ltr'>Παύ-</span> 
     </span>
    </p>
   </div>
   <div class='ocr_carea' id='block_1_132' title="bbox 2005 5405 3674 5484">
    <p class='ocr_par' dir='ltr' id='par_1_132' title="bbox 2005 5405 3674 5484">
     <span class='ocr_line' id='line_1_132' title="bbox 2005 5405 3674 5484; baseline -0.001 -19"><span class='ocrx_word' id='word_1_1090' title='bbox 2005 5405 2372 5483; x_wconf 49' lang='grc' dir='ltr'>ι.ου”λέγοντος</span> <span class='ocrx_word' id='word_1_1091' title='bbox 2403 5412 2540 5483; x_wconf 87' lang='grc' dir='ltr'>μετά</span> <span class='ocrx_word' id='word_1_1092' title='bbox 2564 5410 2830 5475; x_wconf 84' lang='grc' dir='ltr'>τοσαύτας</span> <span class='ocrx_word' id='word_1_1093' title='bbox 2858 5413 2951 5465; x_wconf 84' lang='grc' dir='ltr'>καὶ</span> <span class='ocrx_word' id='word_1_1094' title='bbox 2978 5411 3307 5483; x_wconf 81' lang='grc' dir='ltr'>τηλικαύτας</span> <span class='ocrx_word' id='word_1_1095' title='bbox 3330 5414 3556 5484; x_wconf 77' lang='grc' dir='ltr'>θλίψεις,</span> <span class='ocrx_word' id='word_1_1096' title='bbox 3580 5415 3674 5466; x_wconf 77' lang='grc' dir='ltr'>καὶ</span> 
     </span>
    </p>
   </div>
   <div class='ocr_carea' id='block_1_133' title="bbox 2008 5492 3675 5563">
    <p class='ocr_par' dir='ltr' id='par_1_133' title="bbox 2008 5492 3675 5563">
     <span class='ocr_line' id='line_1_133' title="bbox 2008 5492 3675 5563; baseline -0.005 -13"><span class='ocrx_word' id='word_1_1097' title='bbox 2008 5497 2106 5561; x_wconf 70' lang='grc' dir='ltr'>τὰς</span> <span class='ocrx_word' id='word_1_1098' title='bbox 2141 5494 2464 5562; x_wconf 78' lang='grc' dir='ltr'>ἀπαγωγάς,</span> <span class='ocrx_word' id='word_1_1099' title='bbox 2499 5493 2592 5549; x_wconf 61' lang='grc' dir='ltr'>καλ⁵</span> <span class='ocrx_word' id='word_1_1100' title='bbox 2619 5493 2686 5545; x_wconf 81' lang='grc' dir='ltr'>τά</span> <span class='ocrx_word' id='word_1_1101' title='bbox 2715 5492 3086 5563; x_wconf 84' lang='grc' dir='ltr'>δεσμωτήρια,</span> <span class='ocrx_word' id='word_1_1102' title='bbox 3133 5493 3376 5557; x_wconf 73' lang='grc' dir='ltr'>καὶτοὺς</span> <span class='ocrx_word' id='word_1_1103' title='bbox 3413 5494 3675 5555; x_wconf 89' lang='grc' dir='ltr'>θανάτους</span> 
     </span>
    </p>
   </div>
   <div class='ocr_carea' id='block_1_134' title="bbox 2073 5634 2630 5688">
    <p class='ocr_par' dir='ltr' id='par_1_134' title="bbox 2073 5634 2630 5688">
     <span class='ocr_line' id='line_1_134' title="bbox 2073 5634 2630 5688; baseline -0.011 1"><span class='ocrx_word' id='word_1_1104' title='bbox 2073 5640 2094 5670; x_wconf 69' lang='grc'><strong><em>⁸</em></strong></span> <span class='ocrx_word' id='word_1_1105' title='bbox 2125 5637 2268 5688; x_wconf 75' lang='lat' dir='ltr'><strong>Savil.</strong></span> <span class='ocrx_word' id='word_1_1106' title='bbox 2297 5635 2430 5685; x_wconf 78' lang='lat' dir='ltr'><strong>addit</strong></span> <span class='ocrx_word' id='word_1_1107' title='bbox 2453 5634 2630 5683; x_wconf 83' lang='grc' dir='ltr'>παθεῖν.</span> 
     </span>
    </p>
   </div>
   <div class='ocr_carea' id='block_1_135' title="bbox 2073 5689 3667 5803">
    <p class='ocr_par' dir='ltr' id='par_1_135' title="bbox 2073 5689 3667 5803">
     <span class='ocr_line' id='line_1_135' title="bbox 2073 5689 3667 5803; baseline -0.008 -54"><span class='ocrx_word' id='word_1_1108' title='bbox 2073 5698 2271 5748; x_wconf 74' lang='lat' dir='ltr'>dSavil.</span> <span class='ocrx_word' id='word_1_1109' title='bbox 2297 5703 2574 5759; x_wconf 76' lang='lat' dir='ltr'>etqualuor</span> <span class='ocrx_word' id='word_1_1110' title='bbox 2617 5709 2731 5743; x_wconf 88' lang='lat' dir='ltr'>mss.</span> <span class='ocrx_word' id='word_1_1111' title='bbox 2759 5695 2908 5751; x_wconf 81' lang='grc' dir='ltr'>οὕτως</span> <span class='ocrx_word' id='word_1_1112' title='bbox 2949 5695 3125 5743; x_wconf 79' lang='grc' dir='ltr'>ἅπασιν</span> <span class='ocrx_word' id='word_1_1113' title='bbox 3160 5694 3456 5803; x_wconf 60' lang='grc' dir='ltr'>ἐγχειρῶμεν.</span> <span class='ocrx_word' id='word_1_1114' title='bbox 3493 5689 3667 5759; x_wconf 70' lang='lat' dir='ltr'>Morel.</span> 
     </span>
     <span class='ocr_line' id='line_1_136' title="bbox 2088 5753 3667 5803; baseline -0.004 0"><span class='ocrx_word' id='word_1_1115' title='bbox 2088 5762 2171 5803; x_wconf 81' lang='lat' dir='ltr'><strong>alii</strong></span> <span class='ocrx_word' id='word_1_1116' title='bbox 2212 5760 2360 5803; x_wconf 74' lang='grc' dir='ltr'>οὕτως</span> <span class='ocrx_word' id='word_1_1117' title='bbox 2402 5761 2548 5803; x_wconf 72' lang='grc' dir='ltr'>ὦμεν.</span> <span class='ocrx_word' id='word_1_1118' title='bbox 2584 5759 2721 5803; x_wconf 74' lang='lat' dir='ltr'><strong>eiiia</strong></span> <span class='ocrx_word' id='word_1_1119' title='bbox 2764 5757 2888 5803; x_wconf 65' lang='lat' dir='ltr'><strong>lenit</strong></span> <span class='ocrx_word' id='word_1_1120' title='bbox 2927 5761 3175 5803; x_wconf 79' lang='lat' dir='ltr'>internres</span> <span class='ocrx_word' id='word_1_1121' title='bbox 3260 5755 3434 5802; x_wconf 81' lang='lat' dir='ltr'>alinus.</span> <span class='ocrx_word' id='word_1_1122' title='bbox 3509 5755 3530 5777; x_wconf 67' lang='grc' dir='ltr'>τ’</span> <span class='ocrx_word' id='word_1_1123' title='bbox 3574 5753 3667 5798; x_wconf 80' lang='lat' dir='ltr'>Ain</span> 
     </span>
    </p>
   </div>
   <div class='ocr_carea' id='block_1_136' title="bbox 2014 5753 3672 5819">
    <p class='ocr_par' dir='ltr' id='par_1_136' title="bbox 2014 5753 3672 5819">
     <span class='ocr_line' id='line_1_137' title="bbox 2014 5753 3672 5819; baseline -0.008 -10"><span class='ocrx_word' id='word_1_1124' title='bbox 2014 5769 2064 5809; x_wconf 78' lang='lat' dir='ltr'><strong>ei</strong></span> <span class='ocrx_word' id='word_1_1125' title='bbox 2088 5762 2171 5808; x_wconf 82' lang='lat' dir='ltr'><strong>alii</strong></span> <span class='ocrx_word' id='word_1_1126' title='bbox 2212 5760 2360 5813; x_wconf 81' lang='grc' dir='ltr'>οὕτως</span> <span class='ocrx_word' id='word_1_1127' title='bbox 2384 5753 2548 5819; x_wconf 57' lang='grc' dir='ltr'>ὦμεν,</span> <span class='ocrx_word' id='word_1_1128' title='bbox 2584 5759 2721 5806; x_wconf 73' lang='lat' dir='ltr'><strong>etila</strong></span> <span class='ocrx_word' id='word_1_1129' title='bbox 2764 5757 2888 5817; x_wconf 75' lang='lat' dir='ltr'>legit</span> <span class='ocrx_word' id='word_1_1130' title='bbox 2927 5761 3175 5819; x_wconf 52' lang='lat' dir='ltr'>interpres</span> <span class='ocrx_word' id='word_1_1131' title='bbox 3213 5753 3534 5819; x_wconf 25' lang='lat' dir='ltr'>Latinus-.11“</span> <span class='ocrx_word' id='word_1_1132' title='bbox 3574 5753 3672 5819; x_wconf 70' lang='lat' dir='ltr'><strong>Alii</strong></span> 
     </span>
    </p>
   </div>
   <div class='ocr_carea' id='block_1_137' title="bbox 2012 5810 3673 5880">
    <p class='ocr_par' dir='ltr' id='par_1_137' title="bbox 2012 5810 3673 5880">
     <span class='ocr_line' id='line_1_138' title="bbox 2012 5810 3673 5880; baseline -0.006 -10"><span class='ocrx_word' id='word_1_1133' title='bbox 2012 5822 2192 5878; x_wconf 81' lang='grc' dir='ltr'>ἀηδίας.</span> <span class='ocrx_word' id='word_1_1134' title='bbox 2224 5810 2514 5869; x_wconf 35' lang='lat' dir='ltr'>Infra—Sail.</span> <span class='ocrx_word' id='word_1_1135' title='bbox 2534 5810 2671 5880; x_wconf 58' lang='grc' dir='ltr'>’πρὸς</span> <span class='ocrx_word' id='word_1_1136' title='bbox 2695 5821 2777 5876; x_wconf 69' lang='grc' dir='ltr'>τὴν</span> <span class='ocrx_word' id='word_1_1137' title='bbox 2815 5810 2909 5867; x_wconf 56' lang='grc' dir='ltr'>’τῶν</span> <span class='ocrx_word' id='word_1_1138' title='bbox 2949 5810 3186 5880; x_wconf 64' lang='grc' dir='ltr'>πο)ε’μίων</span> <span class='ocrx_word' id='word_1_1139' title='bbox 3219 5814 3400 5876; x_wconf 71' lang='grc' dir='ltr'>ἔφοδον.</span> <span class='ocrx_word' id='word_1_1140' title='bbox 3441 5811 3542 5864; x_wconf 70' lang='lat' dir='ltr'><strong>Alii</strong></span> <span class='ocrx_word' id='word_1_1141' title='bbox 3562 5810 3673 5874; x_wconf 78' lang='grc' dir='ltr'>πρὸς</span> 
     </span>
    </p>
   </div>
   <div class='ocr_carea' id='block_1_138' title="bbox 2011 5880 2892 5944">
    <p class='ocr_par' dir='ltr' id='par_1_138' title="bbox 2011 5880 2892 5944">
     <span class='ocr_line' id='line_1_139' title="bbox 2011 5880 2892 5944; baseline -0.002 -14"><span class='ocrx_word' id='word_1_1142' title='bbox 2011 5885 2095 5943; x_wconf 75' lang='grc' dir='ltr'>τήν</span> <span class='ocrx_word' id='word_1_1143' title='bbox 2119 5883 2212 5931; x_wconf 81' lang='grc' dir='ltr'>τῶν</span> <span class='ocrx_word' id='word_1_1144' title='bbox 2260 5880 2497 5944; x_wconf 73' lang='grc' dir='ltr'>πολεμίων</span> <span class='ocrx_word' id='word_1_1145' title='bbox 2539 5880 2730 5939; x_wconf 77' lang='grc' dir='ltr'>πληθύν.</span> <span class='ocrx_word' id='word_1_1146' title='bbox 2887 5885 2892 5889; x_wconf 79' lang='grc'><em>’</em></span> 
     </span>
    </p>
   </div>
  </div>
