4066 6140
436 272 543 343 αξξ)

437 389 565 452 τούς
590 383 1011 458 καθημερινούςι
1045 388 1168 442 οὐκ
1200 386 1338 452 ἄξια
1363 388 1434 441 τὰ
1474 388 1793 457 παθήματα
1838 385 1946 441 τοῦ
1979 386 2094 441 νῦν

438 475 645 544 καιροῦ
678 474 828 542 πρὸς
858 470 973 539 τὴν
998 472 1356 542 μέλλουσαν
1386 474 1575 539 δόξαν
1599 471 2096 544 ἀποκαλυφθῆναι

438 564 527 628 είς
564 560 737 629 ἡμᾶς.
767 559 886 613 Κᾶν
922 559 1041 614 καθ’
1075 560 1310 631 ἑκάστην
1344 563 1584 632 ἡμέραν,
1628 563 1801 632 φησὶ,
1843 560 2090 620 θανάτοις

439 647 661 708 ἑαυτοὺς
694 644 956 715 ἐκδῶμεν,
999 646 1136 717 ὅπερ
1184 647 1219 719 ή
1262 646 1423 716 φύσις
1468 650 1528 702 οὐ
1556 649 1802 719 δέχεται,
1833 649 1882 701 εί
1922 648 2016 700 καὶ
2059 648 2093 716 ή

439 730 630 801 γνώμη
664 731 868 784 νικῶσα
893 732 992 802 τὴν
1029 732 1190 802 φύσιν
1216 733 1305 787 διὰ
1344 736 1443 805 τὴν
1473 733 1566 787 τοῦ
1606 735 1876 787 Δεσπότου
1909 733 2098 802 φιλαν-

440 818 685 890 θρωπίαν
708 818 1085 887 στεφανοῦται,
1112 821 1262 874 οὐδὲν
1288 822 1434 886 ἀξιον
1463 821 1802 892 ὑπομένομεν
1829 821 1936 873 τῶν
1970 818 2101 890 μελ-

439 906 635 960 λόντων
663 906 829 977 ἡμᾶς,
871 909 1024 977 φησὶ,
1049 906 1382 977 διαδέχεσθαι
1423 907 1531 962 τῶν
1575 908 1821 977 ἀγαθῶν,
1872 908 1965 960 καὶ
2002 906 2102 976 τῆς

439 993 595 1063 δόξης
628 994 728 1062 τῆς
763 993 1065 1067 μελλούσης
1108 996 1583 1050 ἀποκαλύπτεσθαι
1626 998 1705 1060 είς
1755 997 1919 1067 ἡμᾶς.
1963 996 2102 1065 Ὅρα

439 1081 603 1133 πόσον
639 1080 737 1148 τῆς
766 1080 923 1151 δόξης
949 1081 1010 1135 τὸ
1041 1081 1272 1152 μέγεθος
1292 1078 1360 1155 ἧς
1383 1082 1743 1136 ἀπολαύουσιν
1776 1084 1825 1136 οί
1857 1082 1952 1152 τὴν
1973 1082 2102 1153 ἀρε·

435 1167 536 1238 τὴν
576 1166 1016 1237 μεταδιώκοντες,
1051 1168 1126 1231 ὡς
1168 1170 1321 1239 νικᾷν
1358 1171 1527 1240 αὐτὴν
1561 1169 1757 1234 πάντα,
1791 1170 2000 1237 ὅσαπερ
2035 1169 2101 1222 άν

435 1270 521 1315 τις
546 1250 914 1319 ἐπιδείξασθαι
954 1254 1154 1326 δυνηθῇ
1179 1273 1193 1287 °
1226 1256 1330 1310 κᾶν
1361 1257 1467 1328 γὰρ
1506 1259 1586 1322 είς
1617 1258 1786 1327 αὐτὴν
1813 1258 1911 1328 τὴν
1938 1273 2100 1327 κορυ-

438 1340 545 1411 φὴν
575 1340 777 1411 φθάσῃ,
799 1342 894 1395 καὶ
925 1341 1067 1396 οὕτω
1093 1343 1356 1399 λείπεται.
1382 1346 1425 1396 Τ
1431 1344 1448 1397 ί
1470 1345 1578 1415 γὰρ
1604 1343 1858 1397 τοσοῦτον
1888 1342 2099 1415 άνθρω-

441 1443 540 1491 πος
576 1428 945 1495 ἐπιδείξασθαι
973 1429 1214 1494 δύναται,
1249 1430 1324 1494 ώς
1353 1431 1590 1495 ἐπαξίως
1618 1431 1846 1502 ἀθλῆσαι
1875 1430 1973 1501 τῆς
2003 1429 2098 1482 τοῦ

439 1516 708 1569 Δεσπότου
740 1516 1083 1588 φιλοτιμίας;
1114 1519 1174 1570 Εἰ
1209 1518 1266 1570 δέ
1300 1517 1511 1582 Παῦλος
1544 1521 1572 1571 ό
1596 1517 1846 1580 τοσοῦτος
1876 1519 1970 1571 καὶ
2005 1528 2100 1588 τή-

441 1602 683 1666 λικοῦτος
711 1602 912 1671 ἔλεγεν,
947 1605 1067 1657 Οὐκ
1084 1604 1232 1668 ,ἀξια
1260 1604 1331 1657 τὰ
1360 1604 1676 1674 παθήματα
1701 1606 1809 1659 τοῦ
1831 1604 1948 1659 νῦν
1975 1622 2100 1661 και·

436 1690 546 1758 ροῦ
570 1688 718 1757 πρὸς
741 1689 855 1755 τὴν
874 1690 1228 1759 μέλλουσαν
1249 1689 1437 1755 δόξαν
1464 1692 1989 1745 ἀποκαλύπτεσθαι
2013 1692 2099 1756 είς

440 1774 618 1845 ἡμᾶς,
648 1778 675 1828 ό
706 1776 898 1844 λέγων,
934 1776 1073 1830 καθ’
1117 1777 1346 1846 ἡμέραν
1375 1777 1758 1847 ἀποθνήσκω,
1793 1778 1886 1831 καὶ
1915 1777 2096 1842 πάλιν,

439 1861 872 1931 Περισσότερον
889 1861 1129 1915 πάντων
1143 1862 1440 1919 ἐκοπίασα
1458 1880 1473 1894 ·
1490 1863 1542 1916 τί
1565 1863 1629 1917 ἂν
1652 1862 1899 1933 εἴποιμεν
1915 1865 1948 1933 ή
1957 1864 2094 1932 μεῖς,

438 1948 490 2000 οί
519 1948 655 2019 μηδέ
686 1949 778 2003 τὸν
821 1949 1051 2019 τυχόντα
1087 1949 1333 2020 κάματον
1375 1950 1516 2021 ὑπὲρ
1550 1951 1648 2020 τῆς
1678 1950 1877 2021 ἀρετῆς
1911 1949 2099 2003 ἀναδέ-

441 2034 631 2101 ξασθαι
666 2035 999 2107 βουλόμενοι,
1043 2036 1157 2089 ἀλλ’
1190 2036 1277 2089 ἀεὶ
1307 2037 1408 2108 τὴν
1439 2037 1622 2091 ἄνεσιν
1653 2036 2096 2106 μεταδιώκοντες,

438 2123 531 2176 καὶ
558 2122 714 2176 τοῦτο
743 2123 1222 2194 περισκοποῦντες,
1248 2124 1395 2187 ὅπως
1423 2124 1691 2194 μηδεμίαν
1722 2122 1872 2195 [245]
1905 2126 2098 2194 πεῖραν

439 2210 690 2280 λάϐωμεν
727 2209 836 2263 τῶν
867 2210 1147 2281 λυπηρῶν,
1171 2212 1268 2264 καὶ
1298 2211 1471 2265 ταῦτα
1502 2211 1722 2274 εἰδότες,
1754 2212 1837 2264 ὃτι
1864 2211 1961 2280 οὐχ
1987 2204 2097 2262 οἷόν

438 2316 496 2352 τε
519 2298 722 2370 ἑτέρως
741 2300 839 2368 τῆς
850 2298 975 2353 ἐκεῖ
998 2301 1178 2370 τυχεῖν
1206 2298 1462 2364 ἀνέσεως,
1483 2299 1558 2369 μὴ
1584 2298 1845 2370 πρότερον
1865 2296 2097 2351 ἐνταῦθα

437 2385 529 2439 τὸν
558 2385 646 2438 διὰ
675 2385 775 2455 τῆς
804 2385 1082 2456 ἀθλήσεως
1111 2385 1453 2456 ποθήσαντας
1481 2385 1626 2455 βίον;
1656 2386 1720 2437 At
1751 2385 1860 2455 γὰρ
1890 2384 2097 2455 θλίψεις

438 2463 601 2525 αὗται
615 2471 865 2542 πρόξενοι
884 2470 1234 2541 γίνονταιτῆς
1247 2471 1381 2542 πρὸς
1399 2472 1488 2524 τὸν
1509 2471 1640 2525 Θεὸν
1669 2472 2094 2542 εὐαρεστήσεως,

440 2558 533 2612 καὶ¹
553 2558 614 2611 τὸ
636 2557 830 2628 μικρὸν
845 2555 1078 2611 ἐνταῦθα
1098 2556 1326 2627 κάμνειν
1350 2558 1549 2629 πολλὴν
1567 2560 1699 2629 ἡμῖν
1725 2561 1841 2611 ἐκεῖ
1854 2559 1951 2628 τὴν
1969 2562 2099 2628 παρο

440 2643 638 2713 ῥησίαν
664 2643 966 2714 χαρίζεται,
1000 2644 1158 2714 μόνον
1182 2642 1276 2697 ἐὰν
1305 2642 1619 2715 βουλώμεθα
1656 2643 1798 2697 κατά
1828 2644 1926 2715 τὴν
1964 2661 2100 2714 συμ-

438 2731 601 2801 ϐολὴν
623 2730 811 2784 τούτου
833 2730 926 2784 τοῦ
949 2732 1048 2803 τῆς
1065 2732 1387 2803 οἰκουμένης
1409 2731 1724 2785 διδασκάλου
1750 2730 2094 2802 πορεύεσθαι.

452 2818 673 2883 Ἐννόει,
706 2819 954 2889 ἀγαπητέ
974 2859 989 2882 ,
1020 2819 1102 2873 ὅτι
1143 2818 1245 2873 κᾶν
1281 2814 1555 2893 λυπηράῇ
1592 2819 1659 2872 τά
1700 2819 2094 2889 συμπίπτοντα,

436 2906 572 2961 ἀλλὰ
599 2907 905 2978 πρόσκαιρα
925 2924 939 2936 ο
975 2906 1043 2962 τά
1075 2906 1256 2977 μέντοι
1283 2908 1400 2959 ἐκεῖ
1415 2906 1758 2977 διαδεξόμενα
1784 2908 1930 2977 ἡμᾶς
1959 2908 2096 2974 ἀγα-

440 2995 540 3057 θά,
569 2994 814 3047 ἀθάνατα
845 2994 938 3047 καὶ
972 2992 1184 3047 αἰώνια.
1222 2992 1297 3046 Τὰ
1344 2991 1454 3062 γὰρ
1505 2993 1888 3062 βλεπόμενα,
1929 2992 2093 3063 φησὶ,

438 3081 794 3149 πρόσκαιρα,
829 3081 901 3133 τὰ
928 3079 996 3133 δὲ
1031 3079 1118 3149 μὴ
1147 3080 1529 3148 βλεπόμενα,
1568 3078 1791 3133 αἰώνια.
1830 3080 2093 3147 Ἐνέγκω-

441 3184 541 3238 μεν
562 3168 737 3220 τοίνυν
763 3167 1022 3236 γενναίως
1050 3166 1117 3220 τά
1144 3165 1474 3236 πρόσκαιρα,
1500 3166 1590 3218 καὶ
1623 3165 1696 3236 μὴ
1719 3165 2098 3235 ἀποκάμωμεν

438 3251 575 3323 πρὸς
603 3254 729 3315 τοὺς
756 3253 855 3322 τῆς
882 3251 1079 3323 ἀρετῆς
1107 3252 1319 3313 πόνους,
1354 3251 1439 3303 ἵνα
1466 3250 1575 3303 τῶν
1602 3251 1835 3303 αἰωνίων
1865 3251 2099 3304 ἀπολαύ-

440 3355 640 3408 σωμεν,
671 3337 763 3391 καὶ
810 3338 898 3390 ἀεὶ
937 3337 1203 3407 μενόντων
1247 3336 1463 3405 ἀγαθῶν
1484 3354 1495 3367 ·
1531 3329 1605 3389 ὧν
1637 3336 1844 3405 γένοιτο
1891 3337 2098 3401 πάντας

436 3425 584 3496 ήμᾶς
632 3425 925 3493 ἐπιτυχεῖν,
955 3423 1137 3493 χάριτι
1188 3423 1281 3475 καὶ
1334 3422 1712 3494 φιλανθρωπίᾳ
1764 3422 1859 3476 τοῦ
1892 3425 2095 3495 Κυρίου

435 3511 595 3583 ήμῶν
627 3510 800 3581 Ἰησοῦ
832 3510 1085 3582 Χριστοῦ,
1122 3510 1243 3581 μεθ’
1271 3503 1332 3563 οῦ
1358 3510 1436 3581 τῷ
1474 3510 1669 3582 Πατρὶ,
1704 3510 1819 3582 ἅμα
1843 3510 1919 3582 τῷ
1956 3512 2097 3582 ἁγίῳ

436 3599 713 3671 Πνεύματι
735 3599 881 3665 δόξα,
912 3600 1132 3671 κράτος,
1159 3599 1313 3671 τιμὴ,
1349 3598 1443 3653 νῦν
1477 3600 1570 3653 καὶ
1599 3600 1705 3666 ἀεὶ,
1731 3599 1824 3653 καὶ
1866 3601 1946 3664 είς
1972 3599 2097 3665 τοὺς

436 3686 640 3751 αἰῶνας
671 3687 781 3741 τῶν
819 3684 1046 3742 αίώνιυν.
1096 3686 1288 3755 Ἀμήν.

1056 3806 1301 3862 OMIAIA
1338 3808 1482 3874 κεῖν.

433 3894 542 3951 Kal
566 3894 836 3965 ἐμνήσθη
867 3895 901 3947 ό
921 3892 1084 3965 ᾈΘεὸς
1113 3893 1221 3965 τοῦ
1250 3891 1403 3958 Νῶε,
1426 3891 1542 3965 ’καί
1584 3892 1824 3965 mir-tm
1852 3892 1969 3946 τῶν
1996 3896 2097 3965 037-

498 3960 665 4034 ρίών,
703 3960 1092 4034 ’καὶίπάντων
1116 3960 1236 4015 τῶν
1262 3960 1516 4034 κςηνςῦνο
1558 3962 1655 4034 ’τέῑῖ
1697 3962 1936 4034 πιάντίιέν
1980 3961 2097 4034 τῶν

480 4028 809 4096 ᾗτετεινών,
843 4032 941 4101 καί
980 4030 1220 4101 πάντων
1254 4028 1374 4101 τῶν
1400 4031 1682 4101 ἑρπετῶν,
1710 4031 1826 4084 ὅσα
1860 4028 1941 4100 ἦν
1968 4032 2095 4101 μετ’

502 4103 689 4158 αὑτοῦ
716 4104 786 4155 ἐν
814 4100 887 4171 τῇ
915 4098 1284 4171 κιϐωτῷηΚαὶ
1307 4098 1608 4171 ἐπήγαγεν
1628 4103 1661 4153 ό
1690 4101 1833 4165 Θεὸς
1861 4098 2096 4171 πνεῦμα

504 4174 603 4226 ἐπὶ
632 4172 745 4239 τὴν
780 4169 918 4240 γῆν,
945 4168 1044 4221 καί
1071 4169 1335 4221 ἐκόπασε
1364 4168 1430 4220 τὸ
1463 4167 1637 4234 ὕδωρ.

508 4280 577 4325 αν,
590 4267 818 4337 Μεγάλη
838 4267 930 4319 καὶ
951 4266 1154 4333 ᾶφατος
1174 4267 1229 4317 ἐν
1245 4267 1357 4328 τοῖς
1375 4266 1683 4336 πρόσφατον
1704 4267 2094 4336 ἀναγνωσθεῖσι

434 4358 705 4414 δείκνυται
736 4355 770 4424 ή
801 4352 895 4405 τοῦ
923 4351 1056 4405 Θεοῦ
1088 4351 1486 4423 φιλανθρωπία,
1518 4354 1611 4407 καὶ
1633 4354 1731 4423 τῆς
1764 4354 2095 4424 ἀγαθότητος

434 4442 597 4500 αὐτοῦ
633 4444 667 4513 ή
709 4438 1000 4511 ὑπερϐολὴ,
1033 4440 1099 4510 ῆν
1135 4439 1197 4491 οὐ
1245 4440 1401 4510 μόνον
1449 4440 1578 4511 περὶ
1606 4440 1664 4494 τὸ
1700 4441 1915 4511 λογικὸν
1940 4443 2095 4496 τοῦτο

434 4532 574 4598 ζῶον
612 4529 996 4592 ἐπιδείκνυται,
1022 4527 1114 4581 τὸν
1161 4527 1444 4600 ἄνθρωπον
1481 4528 1640 4597 λέγω,
1668 4529 1801 4583 ἀλλά
1852 4531 1943 4584 καὶ
1968 4531 2096 4602 περὶ

433 4618 532 4690 τὴν
562 4616 671 4670 τῶν
694 4615 899 4683 ἀλόγων
930 4613 1083 4678 ζώων
1107 4613 1286 4682 φύσιν.
1310 4617 1645 4685 Δημιουργὸς
1666 4616 1773 4686 γὰρ
1797 4616 1904 4670 τῶν
1930 4616 2096 4670 ἀπάν-

433 4723 542 4759 των
566 4702 866 4774 τυγχάνων,
908 4702 988 4762 είς
1019 4699 1192 4752 πάντα
1219 4699 1288 4752 τὰ
1315 4702 1404 4752 ὑπ’
1431 4702 1595 4753 αὐτοῦ
1623 4702 2095 4772 δημιουργηθέντα

432 4795 533 4864 τὴν
553 4791 757 4846 οἰκείαν
791 4788 1020 4842 ἐκτείνει
1048 4786 1375 4856 ἀγαθότητα,
1401 4788 1488 4839 διὰ
1528 4789 1741 4840 πάντων
1772 4791 1899 4858 ἡμῖν
1930 4790 2088 4843 ἐνδει-

434 4882 718 4952 κνύμενος,
767 4878 897 4945 ὅσην
943 4877 1171 4928 ποιεῖται
1218 4873 1470 4944 πρόνοιαν
1506 4874 1599 4926 τοῦ
1645 4876 1752 4927 τῶν
1792 4876 2095 4949 ἀνθρώπων

434 4969 642 5038 γένους,
673 4967 764 5020 καὶ
782 4967 863 5018 ὅτι
887 4963 1065 5016 πάντα
1091 4961 1295 5014 ἀνωθεν
1320 4963 1414 5013 καὶ
1443 4960 1500 5027 ἐξ
1526 4962 1695 5031 ἀρχῆς
1719 4964 2096 5033 ἐπραγματεύ-

436 5072 567 5109 σατο
602 5054 688 5107 διὰ
711 5052 809 5123 τὴν
840 5049 1110 5120 σωτηρίαν
1139 5048 1235 5117 τὴν
1268 5048 1562 5120 ἡμετέραν.
1621 5047 1736 5100 Κᾶν
1767 5050 1971 5124 κολάζῃ
1988 5053 2096 5105 τοί-

435 5160 548 5206 νυν,
590 5139 693 5194 κᾶν
747 5138 1072 5211 τιμωρῆται,
1119 5136 1225 5189 ἀπὸ
1260 5137 1359 5205 τῆς
1410 5137 1578 5207 αὐτῆς
1622 5137 1953 5207 ἀγαθότητος
2001 5140 2096 5192 καὶ

435 5228 861 5283 ταῦτακάκεῖνα
894 5228 1050 5278 ποιεῖ.
1098 5224 1232 5277 Οὐδὲ
1268 5224 1376 5294 γὰρ
1409 5224 1568 5278 πάθει
1610 5224 1704 5276 καὶ
1734 5225 1870 5297 ὀργῇ
1896 5225 1995 5288 τὰς
2024 5243 2096 5279 τι·

438 5316 648 5388 μωρίας
690 5313 903 5382 ἐπάγει,
934 5312 1068 5367 ἀλλά
1095 5313 1195 5384 τὴν
1221 5312 1416 5365 κακίαν
1443 5312 1673 5381 ἐγκύψαι
1695 5312 1722 5351 b
1755 5312 2092 5383 βουλόμενος,

435 5406 529 5461 καὶ
559 5404 697 5457 ὥστε
735 5403 809 5473 μὴ
856 5401 996 5456 πάνυ
1039 5401 1209 5471 αὐτὴν
1244 5400 1534 5471 προϐῆναι.
1582 5399 1735 5453 Ἐπεὶ
1760 5401 1852 5453 καὶ
1874 5399 1988 5464 νῦν,
2020 5400 2097 5464 ώς

435 5492 685 5557 ἀκούετε,
724 5490 1104 5561 κατακλυσμὸν
1126 5490 1192 5544 δι’
1230 5490 1382 5543 οὐδὲν
1411 5489 1596 5559 ἓτερον
1622 5489 1922 5559 ἐπήγαγεν,
1959 5487 2098 5542 ἀλλά

433 5582 729 5652 κηδόμενος
756 5579 866 5633 τῶν
909 5578 1046 5649 πρὸς
1086 5576 1352 5646 τοσαύτην
1386 5576 1581 5630 κακίαν
1616 5577 1839 5641 ἑαυτοὺς
1869 5576 2098 5630 ἐκδεδω-

435 5669 628 5724 κότων.
664 5668 776 5723 Kal
807 5667 956 5730 ποία,
996 5666 1155 5736 φησὶ,
1183 5664 1499 5735 κηδεμονία,
1535 5664 1595 5717 τὸ
1620 5663 1827 5727 πάντας
1858 5664 1962 5717 ύπδ
1984 5662 2093 5717 τῶν

434 5756 638 5811 ὑδάτων
674 5754 1057 5827 ἀναιρεθῆναις
1101 5752 1192 5822 Μὴ
1238 5750 1653 5822 ἀπερισκέπτως
1700 5751 1957 5819 φθέγγου,
2000 5750 2093 5804 ἀν-

514 5877 539 5905 .
568 5875 664 5924 Αιὶί
685 5882 767 5931 τῆς
805 5877 1017 5934 θλίψεως.
1083 5872 1108 5910 Β
1132 5873 1279 5919 Savil.
1314 5872 1362 5919 in
1386 5884 1519 5932 mang
1562 5884 1589 5919 ε
1616 5885 1708 5921 \‘ar.
1740 5874 1855 5921 Iccl.
1879 5873 2095 5935 ἐκκόψαι,

1262 273 1317 328 S.
1372 271 1656 329 JOANNIS
1696 269 2185 328 CHRYSOSTOMI
2215 269 2531 326 ARCHIEP.
2571 273 3112 331 CONSTANTINJP.

3764 274 3881 329 230

2204 386 2408 458 θρωπε,
2442 387 2558 441 ἀλλ’
2588 387 2889 459 εὐγνώμονι
2920 388 3128 459 διανοίᾳ.
3169 387 3237 440 τά
3277 387 3426 459 παρὰ
3470 389 3562 441 τοῦ
3589 390 3873 443 Aean/110::

2219 474 2469 545 γινόμενα
2489 475 2667 545 δέχου,
2694 476 2786 529 καὶ
2805 476 2923 529 τότε
2944 474 3146 547 γνώσῃ.
3168 475 3299 545 ὅσης
3328 474 3421 528 καὶ
3448 473 3602 528 τοῦτο
3627 475 3875 544 μάλιστα

2201 560 2543 630 κηδεμονίας.
2601 562 2675 616 Τὸ
2700 563 2809 634 γὰρ
2843 563 2969 627 τοὺς
3000 564 3069 617 τά
3111 563 3384 634 ἀνήκεστα
3426 563 3868 633 ἁμαρτάνοντας.

2202 647 2292 698 καὶ
2322 648 2442 701 καθ’
2472 648 2708 720 ἑκάστην
2735 650 2945 720 ἡμέραν
2970 649 3038 704 τὰ
3052 650 3343 721 τραύματα
3363 650 3743 713 ἐπιτείνοντας,
3769 650 3871 705 καὶ

2199 729 2267 781 τά
2300 731 2429 803 ἐλκη
2463 733 2653 788 ἀνίατα
2681 733 3097 806 ἐργαζομένους,
3130 738 3194 787 ἐκ
3220 735 3320 805 τῆς
3355 735 3552 799 κακίας
3585 736 3871 790 ἀπαλλάτ-

2199 832 2333 885 τειν,
2360 820 2479 890 οὐχὶ
2507 821 2830 892 κηδεμονίας
2852 818 2919 894 ἦν
2950 822 3050 892 τῆς
3078 823 3374 894 μεγίστηςς
3425 823 3535 877 Kal
3561 823 3721 885 αὐτὸς
3748 823 3817 876 δέ
3838 824 3870 876 ό

2198 905 2299 975 τῆς
2343 908 2613 979 τιμωρίας
2656 909 2856 980 τρόπος
2898 910 2960 963 οὐ
2999 910 3184 982 πάσης
3207 910 3368 980 γέμει
3409 909 3867 980 φιλανθρωπίαςς

2200 994 2274 1046 Τὸ
2306 995 2414 1066 γὰρ
2441 996 2566 1060 τοὺς
2598 997 2693 1050 καὶ
2720 998 2849 1051 ἄνευ
2878 997 3068 1051 τούτου
3108 996 3402 1068 μέλλοντας
3433 997 3495 1051 τὸ
3519 998 3618 1066 τῆς
3640 995 3868 1065 φύσεως

2200 1079 2357 1148 χρέος
2383 1081 2631 1146 ἐκτίνειν,
2667 1082 2838 1146 οὕτως
2873 1083 3095 1147 ἀλύπως
3130 1084 3189 1137 ἐν
3220 1083 3378 1155 μέρει
3399 1082 3668 1153 τιμωρίας
3700 1079 3867 1153 [2441

2196 1165 2294 1236 τὴν
2327 1165 2472 1238 ζωὴν
2504 1167 2821 1232 ἀποθέσθαι,
2860 1170 2955 1223 καὶ
2992 1171 3128 1242 μήτε
3156 1170 3405 1241 αίσθησιν
3432 1170 3527 1224 τοῦ
3555 1169 3870 1239 γεγενημέ-

2197 1268 2288 1303 νου
2320 1252 2523 1317 λαϐετν,
2564 1254 2678 1307 ἀλλ’
2711 1255 2996 1319 ἀνωδύνως
3028 1257 3121 1310 xal
3164 1256 3427 1325 άναλγητὶ
3461 1255 3559 1325 τὴν
3586 1255 3870 1325 τιμωρίαν

2195 1336 2467 1403 δέξασθαι,
2491 1339 2665 1409 πόσης
2697 1341 2797 1394 οὐκ
2822 1340 2891 1394 ἀν
2914 1342 2999 1411 εἴη
3033 1342 3225 1412 σοφίας
3249 1342 3343 1395 καὶ
3363 1340 3723 1410 ἀγαθότητοςς
3747 1341 3873 1394 Καὶ

2195 1425 2329 1477 αὐτὸ
2349 1425 2459 1494 γὰρ
2482 1426 2643 1481 πάλιν
2666 1427 2722 1480 εί
2737 1445 2821 1491 τις
2853 1427 3068 1481 εὐσεϐεῖ
3088 1427 3334 1498 λογισμῷ
3360 1426 3662 1496 καταμάθοι
3682 1427 3749 1479 τὸ
3774 1442 3868 1493 γε·

2196 1527 2325 1581 γενη
2335 1512 2515 1580 μένον,
2546 1513 2630 1566 ὅτι
2656 1514 2756 1567 οὐκ
2780 1515 2861 1578 είς
2887 1516 3012 1577 τοὺς
3034 1514 3443 1585 τιμωρηθέντας
3478 1514 3635 1583 μόνον
3652 1513 3721 1567 τὰ
3752 1513 3869 1583 τῆς

2196 1598 2515 1669 εὐεργεσίας
2536 1599 2778 1668 γέγονεν,
2817 1600 2952 1654 ἀλλά
2981 1602 3074 1655 καὶ
3103 1602 3151 1654 οί
3185 1602 3267 1664 είς
3307 1599 3368 1654 τὸ
3406 1600 3530 1669 ἑξῆς
3570 1600 3863 1670 μέλλοντες

2195 1685 2412 1739 ἔσεσθαι
2440 1686 2534 1739 δύο
2571 1686 2639 1739 τά
2679 1686 2909 1757 μέγιστα
2944 1686 3194 1741 ἐντεῦθεν
3232 1686 3619 1758 ἐκαρπώσαντο
3648 1684 3864 1755 ἀγαθὰ,

2196 1772 2212 1844 [
2220 1776 2279 1827 τό
2307 1791 2367 1827 τε
2397 1774 2471 1846 μὴ
2495 1775 2698 1829 ἁλῶναι
2724 1777 2783 1830 ἐν
2812 1778 2926 1839 τοῖς
2957 1776 3160 1839 αὐτοῖς,
3184 1775 3279 1829 καὶ
3306 1774 3368 1827 τὸ
3405 1777 3469 1828 ἐκ
3510 1773 3710 1827 τούτων
3741 1773 3867 1827 τῶν

2194 1862 2571 1931 γεγενημένων
2607 1863 3079 1934 σωφρονεστέρους
3120 1860 3492 1932 γεγενῆσθαι,]
3539 1861 3710 1931 πόσην
3751 1860 3865 1913 οὐκ

2195 1948 2421 2017 ὤφειλον
2450 1950 2529 2021 τῷ
2557 1950 2676 2021 Θεῷ
2715 1950 2877 2022 χάριν
2909 1951 3049 2022 ὑπὲρ
3083 1950 3287 2004 τούτων
3308 1948 3607 2018 ὁμολογεῖν,
3646 1948 3727 2000 ὅτι
3759 1948 3861 2000 καὶ

2194 2038 2261 2106 τῇ
2291 2036 2529 2108 τιμωρίᾳ
2551 2037 2773 2090 ἐκείνων
2803 2038 2898 2091 καὶ
2921 2035 3000 2107 τῷ
3025 2037 3137 2090 δέει
3162 2035 3258 2089 τοῦ
3286 2035 3360 2107 μὴ
3392 2035 3461 2089 τά
3489 2034 3629 2088 αὐτά
3660 2034 3860 2088 παθεῖν

2197 2125 2622 2197 σωφρονέστεροι
2654 2124 2939 2192 γεγόνασιν
2995 2124 3045 2177 οί
3085 2123 3223 2193 μετά
3250 2123 3443 2187 ταῦτα,
3491 2124 3584 2176 καὶ
3606 2121 3683 2191 τῷ
3708 2121 3861 2174 ἀπό-ι

2197 2229 2296 2283 σης
2324 2212 2422 2284 τῆς
2462 2210 2660 2273 κακίας
2687 2210 2780 2264 καὶ
2832 2211 3094 2281 πονηρίας
3133 2210 3233 2279 τὴν
3265 2208 3444 2279 ζύμην
3480 2206 3859 2277 ἀναιρεθῆναι,

2196 2300 2291 2353 καὶ
2315 2298 2520 2370 μηδένα
2540 2296 2966 2368 καταλειφθῆναι
2991 2295 3309 2351 διδάσκαλον
3329 2294 3511 2358 αὐτοῖς
3528 2293 3628 2363 τῆς
3654 2292 3860 2356 κακίας

2197 2388 2291 2442 καὶ
2321 2387 2421 2458 τῆς
2446 2386 2745 2458 πονηρίας;
2780 2381 2933 2448 Εἶδες
2963 2383 3079 2446 πῶς
3096 2384 3189 2437 καὶ
3212 2383 3270 2438 al
3299 2382 3548 2445 κολάσεις
3568 2380 3732 2434 αὐτοῦ
3761 2385 3862 2434 καὶ

2196 2478 2252 2530 at
2279 2476 2537 2546 τιμωρίαι
2581 2474 2891 2547 εὐεργεσίαι
2932 2474 3133 2546 μᾶλλόν
3177 2475 3304 2535 εἰσι,
3337 2474 3431 2526 καὶ
3458 2473 3560 2541 τὴν
3596 2470 3862 2541 πρόνοιαν

2195 2563 2359 2617 αὐτοῦ
2400 2562 2630 2633 μάλιστα
2651 2563 2750 2632 τὴν
2785 2563 2915 2633 περὶ
2948 2563 3046 2633 τὴν
3086 2561 3195 2615 τῶν
3227 2559 3528 2631 ἀνθρώπων
3560 2560 3722 2629 φύσιν
3747 2559 3862 2614 δει-

2196 2646 2433 2709 κνύουσι;
2466 2646 2574 2698 Καὶ
2595 2643 2746 2707 εἴτις
2768 2645 3050 2715 βουληθείη
3068 2644 3272 2698 ἀνωθεν
3296 2642 3387 2696 καὶ
3412 2642 3470 2708 ἐξ
3489 2643 3662 2714 ἀρχῆς
3679 2642 3866 2696 ταῦτα

2196 2729 2699 2801 ἀπαριθμήσασθαι,
2726 2729 2946 2801 εὑρήσει
2968 2726 3073 2781 ἀπὸ
3098 2726 3190 2779 τοῦ
3214 2724 3378 2778 αὐτοῦ
3408 2723 3610 2777 σκοποῦ
3638 2724 3863 2788 ἁπάσας

2196 2813 2293 2875 τάς
2312 2813 2576 2883 τιμωρίας
2599 2812 2873 2880 ἐπάγοντα
2887 2822 2909 2851 ι’
2934 2813 3045 2873 τοῖς
3065 2808 3453 2880 ἡμαρτηκόσιν.
3482 2808 3633 2860 Ἐπεὶ
3653 2807 3750 2861 καί
3770 2808 3864 2860 τὸν

2208 2894 2398 2965 Ἀδὰμ,
2433 2895 2594 2964 ἡνίκα
2625 2894 2863 2965 παρέϐη,
2902 2894 2964 2946 οὐ
2998 2892 3239 2957 κολάζων
3271 2892 3450 2962 μόνον,
3475 2891 3610 2946 ἀλλά
3636 2892 3732 2944 καὶ
3763 2892 3862 2944 εύ-

2195 2977 2434 3047 εργετῶν
2460 2976 2678 3040 ἐξέϐαλε
2723 2975 2817 3029 τοῦ
2845 2974 3193 3045 παραδείσου.
3230 2974 3340 3028 Kal
3365 2974 3512 3037 ποία,
3542 2974 3726 3044 φησὶν,
3768 2974 3863 3026 εύ-

2196 3058 2417 3129 εργεσία
2460 3058 2520 3110 τὸ
2552 3059 2801 3111 ἐκπεσεῖν
2843 3056 2941 3127 τῆς
2988 3056 3046 3108 ἐν
3089 3054 3165 3125 τῷ
3206 3055 3518 3127 παραδείσῳ
3544 3054 3862 3125 διαγωγῆς;

2196 3140 2286 3209 Μὴ
2314 3139 2494 3202 ἁπλῶς
2514 3141 2627 3201 τοῖς
2641 3138 2946 3207 γινομένοις
2974 3136 3226 3208 πρόσεχε,
3250 3138 3522 3205 ἀγαπητὴ
3550 3137 3685 3206 μηδὲ
3714 3154 3862 3206 παρ-

2195 3225 2372 3294 έργως
2407 3223 2475 3276 τά
2503 3222 2653 3292 παρὰ
2690 3221 2784 3274 τοῦ
2814 3220 2949 3275 Θεοῦ
2995 3219 3255 3289 γινόμενα
3287 3218 3690 3288 καταμάνθανε,
3721 3219 3864 3273 ἀλλά

2196 3308 2331 3377 πρὸς
2354 3306 2415 3358 τὸ
2440 3305 2601 3376 βάθος
2624 3304 2921 3357 κατόπτευε
2947 3302 3044 3373 τῆς
3076 3301 3275 3372 πολλῆς
3308 3301 3470 3356 αὐτοῦ
3500 3301 3864 3372 άγαθότητος,

2195 3390 2288 3443 καὶ
2310 3388 2565 3460 εὑρήσεις
2602 3386 2817 3440 ἅπαντα
2867 3384 2957 3438 διὰ
2999 3385 3157 3437 τοῦτο
3185 3385 3314 3456 παρ’
3364 3382 3527 3437 αὐτοῦ
3575 3384 3859 3455 γινόμενα.

2197 3472 2331 3526 Εἰπὲ
2357 3471 2466 3540 γάρ
2516 3487 2628 3541 μοι,
2682 3469 2729 3522 εί
2760 3467 2855 3521 καὶ
2884 3468 3020 3537 μετὰ
3066 3467 3165 3538 τὴν
3196 3466 3507 3537 παράϐασιν
3537 3467 3644 3519 τῶν
3676 3468 3860 3521 αὐτῶν

2194 3552 2506 3624 ἀπήλαυσεν
2534 3554 2561 3606 ὁ
2605 3550 2797 3621 Ἀδὰμ,
2851 3548 2954 3602 ποῦ
2985 3550 3085 3602 οὐκ
3141 3549 3207 3603 ἂν
3237 3547 3588 3619 ἐξεκυλίσθη;
3641 3551 3705 3603 Et
3748 3550 3860 3622 γάρ

2198 3637 2336 3708 μετά
2367 3633 2632 3698 τοσαύτας
2665 3631 3038 3705 παραγγελίας
3057 3632 3734 3701 άνασχέσθαιεκατεδέξατο
3756 3634 3859 3704 τῆς

2193 3719 2409 3789 ἀπάτης
2441 3717 2533 3771 τοῦ
2560 3718 2755 3786 ὄφεως,
2786 3718 2880 3769 καὶ
2903 3714 3000 3786 τὴν
3021 3714 3307 3786 ἐπιϐουλὴν
3337 3715 3592 3780 δέξασθαι
3621 3716 3716 3769 τοῦ
3743 3716 3861 3769 δια-

2193 3801 2372 3865 ϐόλου,
2405 3802 2471 3873 ἣν
2507 3799 2574 3853 δι’
2604 3798 2770 3852 αὐτοῦ
2816 3798 3135 3869 προσήγαγε
3167 3799 3233 3867 τῇ
3275 3797 3376 3867 τῆς
3418 3796 3652 3860 ίσοθεῖας
3681 3797 3859 3851 ἐλπίδι

2200 3884 2448 3953 φυσήσας
2473 3882 2689 3947 αὐτοὺς,
2711 3880 2805 3933 καὶ
2832 3882 2912 3943 είς
2934 3879 3034 3950 τὴν
3060 3879 3158 3949 τῆς
3192 3878 3556 3950 παραϐάσεως
3581 3879 3859 3950 ἁμαρτίαν

2196 3966 2466 4037 ἐμϐαλὼν,
2491 3967 2540 4019 εί
2565 3966 2658 4018 καὶ
2686 3962 2824 4034 μετά
2851 3962 3022 4017 ταῦτα
3055 3964 3146 4016 ἐπὶ
3172 3962 3273 4032 τῆς
3288 3962 3458 4031 αὐτῆς
3480 3962 3671 4032 ἔμενεν
3697 3962 3856 4027 ἀξίας

2195 4050 2290 4102 καὶ
2312 4049 2605 4117 διαγωγῆς,
2625 4048 2743 4109 πῶς
2763 4047 2864 4099 οὐκ
2888 4045 2954 4099 ἂν
2981 4045 3160 4116 πολλῷ
3192 4045 3390 4116 μᾶλλον
3415 4042 3862 4115 ἀξιοπιστότερον

2194 4133 2440 4202 ἡγήσατο
2465 4131 2557 4184 τὸν
2590 4129 2822 4200 πονηρὸν
2843 4130 3049 4182 ἐκεῖνον
3083 4127 3315 4198 δαίμονα
3345 4127 3440 4180 τοῦ
3469 4127 3579 4180 τῶν
3606 4125 3744 4179 ὅλων
3770 4128 3861 4197 δη-

2197 4213 2477 4283 μιουργοῦ,
2508 4213 2604 4266 καὶ
2632 4211 2853 4281 μείζονα
2878 4210 2980 4279 τῆς
3008 4210 3213 4273 οἰκείας
3241 4209 3397 4274 ἀξίας
3437 4207 3598 4262 πάλιν
3624 4209 3861 4276 ἐφαντά-

2195 4298 2331 4366 σθη;
2387 4296 2496 4348 Kal
2526 4293 2633 4364 γὰρ
2670 4292 2891 4361 τοιαύτη
2927 4290 3037 4345 τῶν
3086 4288 3388 4362 ἀνθρώπων
3430 4290 3463 4360 ή
3497 4288 3657 4358 φύσις
3682 4305 3697 4319 ο
3727 4289 3859 4341 ὅταν

2192 4379 2583 4449 ἁμαρτάνουσα
2616 4375 2691 4446 μὴ
2722 4372 3157 4445 ἀναχαιτίζηται,
3207 4370 3319 4425 ἀλλ’
3354 4370 3537 4433 ἀδείας
3570 4370 3856 4432 ἀπολαύει,

2195 4461 2499 4533 περαιτέρω
2528 4458 2791 4530 προῖοῦσα
2819 4457 2958 4510 κατά
2986 4453 3247 4526 κρημνῶν
3273 4454 3510 4508 ἄπεισιν.
3557 4452 3767 4515 Ἄλλως
3799 4453 3857 4507 δὲ

2194 4547 2287 4598 καὶ
2315 4542 2577 4615 ἑτέρωθεν
2615 4541 2724 4611 ἔχω
2767 4539 2958 4605 δεῖξαι,
2985 4540 3068 4591 ὅτι
3091 4536 3499 4606 φιλανθρωπίαν
3529 4535 3628 4605 τὴν
3656 4536 3854 4588 ἑαυτοῦ

2193 4624 2632 4695 ἐπιδεικνύμενος
2661 4623 2757 4677 καὶ
2776 4622 3010 4689 ἐξελθεῖν
3031 4621 3193 4674 αὐτὸν
3215 4620 3309 4673 τοῦ
3331 4618 3660 4689 παραδείσου
3688 4635 3850 4689 προσ-

2194 4709 2369 4774 έταξε,
2413 4710 2506 4761 καὶ⁸
2545 4706 2625 4777 τῷ
2672 4705 2767 4759 τοῦ
2815 4706 3043 4758 θανάτου
3088 4702 3346 4771 ἐπιτιμίῳ
3386 4699 3684 4755 ὑπεύθυνον
3717 4717 3850 4752 κατ-

2194 4792 2410 4863 έστησε,
2433 4794 2496 4860 τῇ
2529 4791 2628 4860 μὲν
2664 4788 2882 4859 ἐκϐολῇ,
2909 4789 3002 4840 καὶ
3042 4786 3121 4856 τῷ
3162 4785 3386 4853 πλησίον
3414 4784 3724 4838 κατοικίσαι
3758 4799 3856 4836 σω·

2195 4875 2549 4945 φρονέστερον
2577 4869 2939 4943 ἐργαζόμενος
2961 4869 3053 4922 καὶ
3079 4871 3157 4930 εἰς
3190 4867 3251 4919 τὸ
3278 4866 3403 4936 ἐξῆς
3431 4864 3670 4945 ἀσφαλέα
3685 4880 3854 4945 τερον,

2194 4943 2287 5008 καὶ
2314 4952 2400 5006 διὰ
2449 4951 2557 5005 τῶν
2584 4953 2762 5022 ἔργων
2788 4949 2949 5003 αὐτὸν
2989 4948 3254 5002 διδάσκων
3283 4946 3377 4998 τοῦ
3414 4944 3728 5022 ἀπατεῶνπ
3758 4943 3857 5022 τὴν

2192 5031 2503 5101 ἐπιϐουλήν.
2532 5031 2604 5083 Τὸ
2620 5020 2680 5083 δὲ
2702 5028 2796 5082 τοῦ
2836 5028 3066 5081 θανάτου
3101 5026 3371 5094 ἐπιτίμιον
3395 5023 3554 5075 πάλιν
3581 5021 3667 5073 διὰ
3700 5020 3861 5073 τοῦτο

2193 5099 2490 5182 ἐπήγαγεν,
2523 5109 2610 5161 ἵνα
2642 5107 2719 5179 μὴ
2741 5108 2926 5161 λοιπὸν
2957 5106 3043 5159 διὰ
3069 5106 3166 5175 τῆς
3199 5104 3482 5175 παρακοῆς
3511 5103 3576 5169 τῇ
3597 5101 3765 5182 ᾃάμαρ
3779 5099 3859 5182 ;ίᾳ

2192 5174 2492 5253 ὑπεύθυνος
2544 5174 2780 5256 γεγονώς
2823 5186 3067 5241 ἀθάνατα
3111 5174 3422 5255 ἁμαρτάνῃ.
3476 5182 3550 5233 Οὐ
3589 5180 3739 5231 δοκεῖ
3763 5174 3858 5231 οῦν

2195 5289 2276 5325 σοι
2304 5269 2475 5323 ταῦτα
2506 5269 2681 5322 πάντα
2703 5266 2801 5336 τῆς
2833 5268 3095 5337 μεγίστης
3121 5262 3258 5323 εἶναι
3288 5258 3720 5337 φιλανθρωπίας,
3763 5258 3859 5337 xu}

2190 5349 2252 5402 τὸ
2276 5347 2526 5402 ἐκϐαλεῖν
2564 5345 2659 5399 τοῦ
2710 5333 3063 5416 παραδείσου,
3104 5341 3198 5396 καὶ
3235 5340 3299 5393 16
3338 5334 3758 5416 τιμωρήσασθαι
3778 5333 3862 5403 τῷ

2191 5427 2285 5481 τοῦ
2308 5427 2537 5480 θανάτου
2555 5412 2850 5493 ἐπιτιμίῴς
2875 5423 3024 5491 Ἕχω
3044 5422 3100 5474 δὲ
3125 5421 3219 5474 καὶ
3238 5419 3423 5487 ἔτερόν
3447 5432 3507 5493 τι
3519 5412 3857 5493 προσθεῖναι.

2196 5506 2350 5580 [245]
2382 5509 2539 5560 Ποῖον
2566 5505 2629 5576 δὴ
2658 5490 2816 5557 τοῦτο
2838 5519 2852 5565 ;
2879 5490 3000 5554 Ὅτι
3030 5501 3124 5580 καὶ
3142 5499 3344 5580 ταύτην
3372 5491 3519 5563 αὐτῷ
3546 5492 3643 5562 τὴν
3660 5490 3861 5577 eam;

2196 5566 2389 5657 κτησιν
2431 5566 2739 5655 ἐπήγαγεν,
2793 5582 2893 5635 οὐκ
2918 5582 2998 5643 είς
3043 5578 3205 5657 αὐτδν
3252 5566 3752 5657 μόνονμπεριιστῶν
3792 5567 3860 5657 τὰ

2200 5643 2299 5735 τῆς
2324 5643 2659 5732 εὐεργεσίας.
2684 5643 2819 5714 ἀλλὰ
2855 5660 2947 5712 καὶ
2980 5658 3104 5718 τούς
3127 5643 3264 5735 ἑξῆς
3285 5651 3605 5735 βοᾼυλόμεχος
3633 5643 3723 5735 διὰ
3749 5644 3866 5735 τῶμ

2200 5722 2289 5810 εἰς⁷
2308 5722 2511 5798 ἐκεῖνόν
2563 5722 2941 5809 γεγενημένων
2988 5722 3443 5805 σωφρονίσασθαι.
3504 5727 3566 5780 Εἰ
3602 5722 3737 5794 γὰρ,
3767 5724 3858 5775 καὶ

2269 5870 2289 5897 τ
2318 5863 2466 5914 Savil.
2493 5865 2542 5913 iu
2565 5868 2705 5912 textu
2730 5866 2779 5909 cl
2807 5859 3001 5920 quidam
3027 5868 3123 5904 mss
3176 5853 3441 5912 ἐπάγοντος.
