4066 6140
301 321 410 378 ἧς)

301 411 504 489 mortes
540 424 877 498 quotidianas
919 421 1186 475 dicentem
1232 432 1246 470 :
1298 414 1420 470 Non
1459 422 1575 469 sunt
1625 409 1887 481 condigna:

308 515 566 588 passiones
597 511 857 584 praesentis
883 506 1119 577 temporis
1147 504 1214 557 ad
1238 504 1460 574 futuram
1481 501 1694 573 gloriam
1720 499 1771 552 in
1799 513 1891 552 no-

305 609 378 662 bis
397 603 714 660 revelandam
740 599 984 668 (Rom.8.
1013 593 1126 664 18).
1150 592 1370 648 Etiamsi
1395 589 1631 661 quotidie
1657 629 1670 654 ,
1701 588 1888 657 inquit,

306 696 469 751 morti
515 707 615 747 nos
653 701 1065 760 exponeremus,
1098 685 1151 740 id
1171 683 1312 754 quod
1354 691 1539 736 natura
1568 694 1674 734 non
1709 679 1888 748 capit,

307 787 434 840 licet
453 798 606 838 mens
631 781 850 834 vincens
879 786 1145 840 naturam,
1165 789 1258 843 per
1278 771 1654 841 benignitatem
1682 767 1889 823 Domini

303 881 589 930 coronetur
607 912 622 937 ,
654 869 808 936 nihil,
832 867 1021 938 inquit,
1042 863 1302 919 ferremus
1329 876 1421 931 par
1442 861 1626 927 tantis,
1647 874 1764 928 qua:
1793 872 1890 913 nos

304 972 618 1033 accepturos
646 973 946 1030 speramus,
967 954 1450 1024 bonis,glori;rquc
1475 951 1530 1006 in
1553 952 1704 1006 nobis
1734 965 1892 1006 reve-

307 1054 498 1108 land-.2.
526 1051 658 1106 Vide
681 1058 878 1122 quanta
901 1048 1088 1119 gloria:
1115 1042 1478 1115 magnitudine
1507 1041 1750 1096 fruantur
1779 1042 1887 1096 vir-

307 1144 434 1200 tutis
461 1142 700 1208 asseclae,
715 1142 787 1195 ita
812 1149 870 1194 ut
894 1139 982 1192 illa
1003 1137 1170 1208 gloria
1191 1143 1404 1204 superet
1425 1133 1605 1186 omnia
1625 1147 1893 1201 quascum-

226 1253 234 1257 ·
306 1250 411 1306 que
439 1234 692 1290 exhibere
719 1232 838 1302 quis
867 1231 1060 1300 poterit
1103 1244 1118 1280 :
1167 1225 1375 1282 etiamsi
1400 1223 1543 1278 enim
1581 1223 1646 1278 ad
1677 1223 1888 1278 culmen

313 1327 560 1396 attingat,
580 1332 706 1378 tunc
727 1335 937 1392 quoque
968 1317 1189 1374 inferior
1215 1316 1336 1370 erit.
1364 1314 1500 1382 Quid
1527 1313 1666 1368 enim
1691 1322 1889 1368 tantum

309 1418 562 1474 exhibere
585 1425 760 1486 potest
788 1415 949 1467 homo
968 1453 983 1477 ,
1007 1409 1147 1481 quod
1176 1417 1343 1464 certet
1369 1422 1490 1461 cum
1520 1407 1728 1460 Domini
1753 1407 1890 1462 libe-

310 1509 564 1566 ralitate?
594 1506 747 1574 Quod
778 1506 821 1560 si
851 1505 1045 1560 Paulus
1076 1502 1200 1556 talis
1223 1510 1276 1555 et
1305 1507 1481 1554 tantus
1505 1499 1713 1554 dicebat
1731 1541 1746 1566 ,
1774 1499 1891 1553 Non

304 1604 425 1646 sunt
444 1591 713 1661 condigna:
723 1590 994 1658 passiones
1013 1587 1170 1656 hujus
1184 1586 1429 1656 temporis
1449 1585 1517 1639 ad
1529 1586 1763 1655 futuram
1775 1588 1879 1658 glo-

307 1686 443 1737 riam
463 1698 580 1752 qua:
602 1680 915 1736 revelabitur
931 1679 984 1732 in
1005 1677 1152 1731 nobis
1172 1675 1526 1746 (Rom.8.18),
1545 1674 1636 1744 qui
1656 1675 1790 1729 alias
1808 1673 1882 1726 di-

304 1776 399 1837 cit,
423 1774 667 1838 Quotidie
695 1772 893 1826 morior
919 1770 994 1839 (1.
1021 1767 1146 1825 Cor.
1179 1768 1264 1823 15.
1293 1768 1420 1838 51);
1449 1773 1502 1820 et
1517 1779 1733 1826 rursus,
1758 1762 1890 1816 Plus

310 1864 550 1920 omnibus
575 1862 811 1917 laboravi
829 1860 995 1932 (Ibid.
1011 1876 1058 1914 υ.
1088 1858 1208 1930 10);
1231 1856 1362 1928 quid
1386 1871 1488 1911 nos
1504 1856 1769 1916 dicemus,
1794 1850 1890 1921 qui

309 1970 490 2025 neque
517 1954 790 2024 vulgarem
819 1951 1058 2007 laborem
1081 1964 1179 2021 pro
1209 1951 1412 2002 virtute
1431 1944 1710 2014 suscipere
1738 1944 1891 1999 volu-

314 2063 458 2111 mus,
477 2045 570 2102 sed
593 2044 879 2101 remissam
901 2043 1068 2098 vitam
1095 2047 1390 2103 sectamur,
1411 2047 1466 2092 et
1489 2038 1593 2094 hoc
1610 2050 1777 2090 unutn
1800 2049 1890 2090 ca-

314 2155 526 2205 ventus,
545 2152 614 2192 ne
634 2136 765 2207 quid
785 2135 940 2190 triste
962 2132 1119 2188 nobis
1138 2129 1633 2200 accidat,quamvis
1650 2127 1890 2184 sciamus

307 2249 417 2289 non
451 2246 574 2286 esse
601 2228 857 2300 possibile
887 2227 1042 2282 aliter
1066 2225 1282 2296 assequi
1311 2222 1697 2278 beatitudinem
1725 2221 1890 2276 cccle-

309 2335 472 2388 stem,
515 2321 620 2379 nisi
656 2337 753 2392 per
792 2326 1090 2392 praesentes
1124 2317 1446 2372 alﬂictiones
1475 2316 1540 2370 ad
1570 2330 1690 2370 eam
1733 2313 1887 2383 prius

309 2412 1014 2470 anheiemusMﬂlictiones
1044 2410 1188 2466 enim
1213 2408 1264 2462 id
1286 2408 1445 2463 nobis
1477 2406 1794 2466 conciliant.
1827 2415 1888 2461 ut

306 2507 420 2562 Deo
459 2510 597 2578 grati
647 2507 850 2572 simus;
882 2512 936 2560 et
968 2504 1054 2558 hic
1091 2503 1175 2558 vel
1212 2516 1405 2573 parum
1458 2501 1726 2564 laborare,
1775 2499 1888 2554 illic

275 2659 278 2664 _
308 2599 472 2656 nobis
501 2612 752 2670 magnam
779 2596 1030 2652 ﬁduciam
1062 2595 1287 2664 prabet,
1323 2593 1618 2648 dummodo
1656 2592 1886 2648 velimus

305 2690 610 2748 secundum
636 2687 924 2744 consilium
957 2685 1104 2740 illius
1127 2684 1374 2755 magistri
1405 2684 1555 2739 orbis
1585 2682 1883 2737 ambulare.

312 2782 636 2846 Considera,
668 2781 886 2842 dilecte,
919 2779 1047 2834 licet
1079 2777 1257 2832 tristia
1291 2777 1402 2833 sint
1436 2791 1556 2846 quae
1605 2775 1885 2843 accidunt,

309 2891 434 2931 esse
465 2883 644 2928 tamen
669 2881 1018 2942 temporanea
1043 2888 1057 2925 :
1085 2870 1225 2924 bona
1258 2883 1386 2923 vero
1409 2882 1531 2938 quae
1556 2867 1667 2922 illic
1694 2883 1883 2924 susce-

309 2967 452 3038 pturi
483 2980 694 3030 sumus,
730 2960 1058 3017 immortalia
1086 2974 1208 3015 esse
1237 2965 1288 3014 et
1321 2967 1543 3014 aeterna.
1575 2957 1707 3024 Qum
1745 2961 1883 3012 enim

308 3058 570 3123 videntur,
595 3056 792 3124 inquit,
814 3052 1127 3122 temporalia
1160 3060 1318 3105 sunt:
1342 3067 1458 3121 qua:
1481 3060 1659 3104 autem
1684 3066 1785 3104 non
1809 3051 1884 3103 vi-

306 3149 518 3208 dentur,
539 3153 735 3197 wterna
767 3142 842 3212 (2.
872 3139 1000 3196 Cor.
1022 3141 1076 3195 4.
1102 3139 1189 3207 18)
1227 3137 1488 3194 Feramus
1513 3153 1643 3209 ergo
1673 3136 1884 3193 fortiter

307 3236 422 3290 hac
455 3233 799 3303 temporalia,
840 3246 1017 3301 neque
1049 3230 1381 3286 desistamns
1412 3245 1442 3284 a
1473 3231 1734 3284 virtutum
1765 3238 1884 3286 stu-

310 3326 436 3389 diis,
452 3333 509 3378 ut
527 3323 748 3379 aeternis
765 3331 820 3377 et
835 3336 1049 3391 semper
1070 3321 1418 3376 manentibus
1431 3320 1881 3379 bonisfruamur:

307 3434 428 3487 qua:
449 3417 605 3471 nobis
632 3414 886 3471 omnibus
915 3415 1284 3468 concedantur
1304 3413 1474 3483 gratia
1497 3419 1550 3467 ct
1572 3414 1881 3469 misericor-

315 3507 403 3560 dia
424 3506 637 3561 Domini
657 3505 828 3560 nostri
850 3503 976 3560 Jesu
1005 3504 1230 3567 Christi,
1257 3518 1381 3556 eum
1402 3518 1510 3572 quo
1533 3503 1698 3568 l’atri,
1721 3505 1882 3559 simul

306 3605 360 3651 et
384 3595 610 3663 Spiritui
641 3603 830 3650 sancto
859 3597 930 3650 sit
959 3595 1154 3666 gloria,
1179 3594 1488 3664 imperium,
1521 3595 1714 3659 honor,
1739 3611 1885 3648 nunc

306 3701 362 3744 et
395 3701 629 3758 semper,
652 3694 716 3765 et
742 3685 799 3742 in
825 3685 1024 3742 saecula
1053 3684 1397 3741 saeculorum.
1424 3685 1614 3740 Amen.

848 3774 1126 3830 HOMILIA
1165 3775 1354 3832 XXVI.

319 3885 387 3940 Et
413 3885 700 3940 recordatus
723 3895 796 3940 est
823 3883 961 3940 Deus
989 3885 1103 3940 Noe
1124 3926 1139 3950 ,
1183 3895 1232 3938 et
1274 3885 1497 3938 omnium
1524 3884 1813 3952 bestiarum,
1845 3897 1892 3941 et

387 3976 610 4030 omnium
639 3977 1004 4045 jumentorum,
1044 3983 1089 4027 et
1125 3975 1347 4028 omnium
1374 3973 1670 4043 volatilium,
1697 3985 1746 4029 et
1785 3993 1890 4030 ont-

389 4063 528 4116 nium
546 4063 820 4132 reptitium,
847 4077 1168 4132 quacumque
1185 4070 1452 4114 erantcum
1471 4061 1561 4116 illo
1586 4065 1638 4115 in
1665 4079 1804 4116 arca.
1825 4063 1891 4117 Et

387 4153 596 4206 adduxit
622 4151 759 4206 Deus
784 4153 1016 4222 spiritum
1046 4166 1199 4220 super
1223 4160 1424 4215 terram,
1455 4161 1500 4205 et
1537 4153 1741 4206 cessavit
1761 4168 1892 4222 aqua

393 4243 545 4316 (Gen.
567 4245 620 4300 8.
655 4244 730 4315 1).

390 4356 441 4408 1.
481 4354 666 4423 Magna
686 4361 740 4408 et
765 4349 1043 4406 ineti'abilis
1063 4350 1156 4405 Dei
1176 4350 1494 4420 benignitas,
1514 4349 1892 4420 excellensque

318 4445 433 4514 ejus
455 4445 665 4499 benitas
683 4459 746 4496 ex
766 4443 876 4511 jam
900 4442 1048 4495 lectis
1072 4440 1556 4510 ostenditur,quam
1586 4456 1693 4495 non
1720 4441 1892 4496 solum

317 4549 442 4604 erga
487 4535 745 4588 rationale
793 4533 893 4585 hoc
945 4530 1177 4597 animal,
1204 4529 1473 4584 hominem
1512 4529 1668 4597 dico,
1699 4531 1795 4584 sed
1841 4543 1895 4586 et

319 4641 444 4694 erga
470 4625 748 4679 brutorum
796 4623 1102 4676 animalium
1136 4633 1376 4676 naturam
1420 4621 1724 4676 declaravit.
1761 4621 1890 4676 Nam

318 4722 442 4762 cum
463 4709 700 4760 omnium
725 4707 796 4759 sit
821 4706 1096 4771 Conditor,
1115 4720 1237 4775 erga
1268 4705 1467 4772 omnia,
1491 4721 1607 4774 quae
1628 4720 1656 4758 a
1686 4721 1744 4760 sc
1772 4717 1895 4760 sunt

320 4794 559 4860 condita,
589 4809 738 4848 suam
765 4795 998 4849 ostendit
1037 4795 1326 4848 bonitatem
1361 4812 1374 4847 :
1403 4809 1499 4863 per
1523 4793 1701 4848 omnia
1741 4797 1894 4850 nobis

318 4895 504 4940 notum
534 4883 752 4946 faciens,
775 4894 1021 4952 quantam
1049 4884 1262 4938 humani
1286 4886 1496 4953 generis
1520 4901 1701 4941 curam
1724 4898 1891 4957 gerat,

317 4988 382 5027 ac
405 4987 464 5028 se
484 4972 662 5026 omnia
690 4971 812 5024 olim
841 4981 892 5026 et
917 4972 985 5026 ab
1005 4973 1152 5026 initio
1175 4982 1388 5042 propter
1407 4974 1630 5028 salutem
1657 4985 1892 5030 nostram

320 5061 716 5130 fecissedtaque
738 5061 836 5115 etsi
860 5063 1060 5130 puniat,
1081 5064 1180 5116 etsi
1206 5063 1260 5115 in
1287 5077 1383 5116 nos
1410 5063 1810 5130 animadvertat,
1829 5083 1891 5120 ex

317 5153 502 5209 eadem
528 5152 766 5208 bonitate
786 5166 879 5205 sua
901 5151 1012 5205 [nec
1033 5161 1087 5206 et
1101 5153 1186 5205 illa
1207 5151 1349 5208 facit.
1367 5152 1481 5207 Non
1497 5153 1639 5208 enim
1659 5155 1738 5209 vel
1770 5155 1898 5210 alre-

317 5245 494 5299 ctione
521 5242 607 5298 vel
632 5242 708 5296 ira
731 5256 941 5310 ptenam
969 5242 1128 5296 infert
1158 5242 1285 5297 :sed
1305 5244 1556 5298 malitiam
1586 5245 1896 5301 exscindere

318 5335 450 5399 vult,
477 5348 544 5389 ne
562 5333 694 5388 ultra
717 5333 1098 5402 progrediatur.
1115 5333 1244 5399 Quia
1268 5343 1319 5389 et
1341 5350 1502 5416 nunc,
1517 5335 1653 5390 sicut
1680 5337 1892 5402 auditis,

319 5423 574 5478 diluvium
600 5423 670 5476 ob
699 5422 830 5476 nihil
856 5421 996 5478 aliud
1015 5423 1238 5490 induxit,
1255 5438 1411 5492 quam
1432 5433 1487 5478 ut
1505 5439 1686 5478 curam
1716 5435 1898 5496 ageret

320 5528 502 5568 eorum
519 5513 610 5582 qui
635 5513 893 5583 iniquitati
923 5528 982 5569 se
1007 5513 1338 5568 dediderant.
1366 5515 1431 5569 Et
1457 5515 1646 5583 qualis,
1669 5515 1892 5584 inquies,

321 5617 445 5655 cura
465 5601 601 5667 haec,
628 5617 814 5657 omnes
837 5618 970 5672 aqua
1008 5603 1293 5657 suﬂ'ocari?
1315 5603 1388 5658 Ne
1415 5613 1613 5659 temere
1643 5605 1895 5674 loquaris,

325 5693 501 5761 homo,
538 5691 630 5750 sed
659 5702 807 5765 grato
838 5695 1018 5750 animo
1043 5695 1223 5764 accipe
1247 5710 1307 5751 ea
1330 5712 1447 5765 qua:
1468 5711 1497 5750 a
1526 5696 1748 5753 Domino
1775 5707 1896 5752 sunt

1359 304 1424 362 IN
1451 302 1603 360 CAP.
1648 298 1778 358 VIII.
1809 295 2050 357 CENES.
2091 288 2304 354 noun.
2367 291 2555 354 XXVI.

3481 288 3582 346 230

2007 407 2162 472 facta,
2184 413 2236 460 et
2263 404 2398 460 scies
2419 404 2522 460 hoc
2544 405 2703 460 etiam
2733 417 2852 459 esse
2879 401 3122 457 maxima:
3144 416 3286 458 cura:
3313 417 3583 472 argumen-

2001 508 2135 555 tum.
2163 497 2295 553 Nam
2327 513 2421 553 eos
2446 497 2536 568 qui
2567 497 2644 552 sic
2684 495 3050 552 incurabilitcr
3082 502 3304 565 peccant
3325 534 3340 561 ,
3369 503 3423 550 et
3447 510 3579 562 quo-

2002 590 2128 646 tidie
2157 589 2376 644 vulnera
2405 589 2505 643 sibi
2536 589 2780 658 inﬂigunt
2800 629 2816 654 ,
2848 595 2902 641 et
2943 587 3124 642 ulcera
3149 586 3249 642 sibi
3277 586 3423 641 omni
3455 601 3581 640 cura

1999 682 2272 751 superiora
2303 680 2570 746 inferunt,
2599 695 2664 734 ex
2699 688 2846 732 tanto
2889 678 3031 732 malo
3080 678 3334 732 liberasse
3355 717 3371 743 ,
3406 692 3584 732 nonne

1998 788 2221 830 summa:
2264 780 2379 826 erat
2419 769 2753 841 prudentiae?
2785 768 2849 822 Et
2887 768 3001 837 ipse
3048 767 3300 837 puniendi
3349 768 3542 822 modus
3567 808 3585 835 ,

1999 877 2178 918 nonne
2219 862 2363 916 omni
2417 861 2742 931 benignitate
2786 859 2974 929 plenus
2999 858 3124 914 est?
3165 858 3273 912 Eos
3321 859 3464 914 enim
3494 860 3584 930 qui

1999 954 2235 1025 alioquin
2286 963 2489 1008 natura:
2536 953 2771 1008 debitum
2823 951 3048 1006 soluturi
3089 961 3262 1017 crant,
3291 952 3368 1006 sic
3412 967 3584 1021 paena:

2001 1045 2122 1100 loco
2148 1046 2309 1099 vitam
2350 1045 2621 1114 deponere
2645 1083 2661 1108 ,
2693 1051 2751 1098 ut
2780 1059 2848 1097 ne
2885 1058 3099 1097 sensum
3143 1042 3354 1112 quidem
3397 1045 3584 1098 mortis

2003 1135 2258 1192 haberent
2283 1177 2298 1203 ,
2352 1135 2446 1190 sed
2489 1135 2688 1204 absque
2731 1134 2930 1188 doloris
2969 1133 3206 1187 cruciatu
3256 1133 3581 1202 supplicium

1997 1225 2256 1292 subirent,
2285 1234 2495 1294 quanta:
2535 1239 2643 1278 non
2683 1224 2842 1278 fuerit
2873 1223 3150 1291 sapientia:
3179 1230 3233 1278 et
3275 1223 3580 1278 bonitatis?

1997 1315 2134 1383 Quin
2160 1315 2206 1370 si
2231 1315 2350 1384 quis
2380 1315 2560 1368 animo
2593 1314 2683 1383 pio
2713 1313 2979 1382 expendat
3005 1312 3200 1366 factum
3223 1352 3236 1376 ,
3263 1327 3368 1365 non
3406 1313 3577 1366 solum

1999 1419 2189 1475 nempe
2217 1406 2282 1461 iis
2311 1405 2400 1475 qui
2441 1405 2610 1474 puniti
2639 1412 2763 1458 sunt
2789 1403 3042 1458 beneficia
3071 1417 3190 1457 esse
3217 1402 3445 1468 collata,
3482 1403 3575 1457 sed

1997 1506 2052 1552 et
2091 1497 2341 1566 posteris,
2365 1497 2453 1566 qui
2498 1495 2606 1550 duo
2651 1496 2887 1550 maxima
2934 1494 3058 1550 inde
3100 1504 3452 1564 perceperunt
3487 1494 3580 1548 bo-

1997 1601 2064 1641 na
2084 1629 2099 1650 ,
2135 1587 2210 1658 (a)
2253 1586 2384 1658 [tum
2415 1586 2556 1657 quod
2585 1587 2772 1642 iisdem
2800 1587 2851 1640 in
2881 1587 3033 1640 malis
3063 1601 3168 1639 non
3200 1587 3308 1640 sint
3333 1586 3577 1652 involuti,

1997 1683 2108 1730 tum
2139 1676 2281 1746 quod
2310 1691 2376 1730 ex
2405 1675 2704 1745 hujusmodi
2732 1676 2880 1730 factis
2921 1677 3186 1730 cautiores
3226 1685 3280 1730 et
3320 1687 3578 1744 tempera-

1999 1770 2160 1823 tiores
2185 1769 2484 1841 evaserint]
2531 1778 2779 1839 quantam
2829 1771 3116 1839 gratiarum
3167 1772 3428 1825 actionem
3484 1787 3579 1841 pro

1997 1858 2101 1912 illis
2131 1859 2242 1914 Deo
2271 1874 2380 1914 non
2404 1859 2676 1914 debeant?
2699 1860 2905 1914 Etenim
2933 1860 3131 1929 posteri
3161 1875 3314 1929 pmna
3342 1862 3575 1924 illorum,

1995 1957 2050 2003 et
2079 1957 2243 2012 metu,
2279 1965 2344 2002 ne
2365 1948 2550 2002 eadem
2575 1963 2695 2018 qua:
2725 1948 2799 2002 illi
2826 1957 3152 2018 paterentur,
3179 1950 3427 2005 meliores
3458 1951 3576 2005 facti

1994 2050 2144 2094 sunt:
2169 2055 2230 2094 ac
2255 2049 2509 2108 prwtcrea
2532 2055 2692 2095 omne
2717 2040 2928 2093 malitia:
2951 2038 3267 2094 fermentum
3289 2041 3573 2107 sublatum,

1997 2141 2052 2186 et
2079 2132 2257 2186 nullus
2279 2133 2499 2187 relictus
2525 2131 2621 2186 fuit
2650 2133 2728 2185 eis
2762 2131 2977 2185 malitia:
3017 2140 3068 2186 et
3100 2131 3386 2199 iniquitatis
3413 2133 3576 2203 magi-

1996 2231 2124 2277 ster.
2154 2223 2312 2278 Vides
2340 2222 2608 2293 quomodo
2637 2231 2692 2277 et
2723 2237 2893 2292 paenae
2939 2231 2987 2276 et
3031 2223 3285 2292 supplicia
3321 2223 3576 2277 beneficia

1994 2314 2136 2379 sint,
2161 2323 2214 2368 et
2243 2313 2336 2368 Dei
2365 2329 2487 2383 erga
2517 2312 2784 2366 hominem
2830 2312 3216 2381 providentiam
3261 2313 3576 2368 declarent?

1995 2403 2061 2456 Et
2089 2404 2132 2457 si
2155 2404 2274 2473 quis
2304 2403 2438 2458 velit
2465 2403 2581 2458 lucc
2605 2417 2634 2456 a
2667 2403 2851 2472 primis
2877 2402 3020 2456 etab
3049 2403 3195 2457 initio
3225 2419 3538 2459 enumerare
3559 2448 3574 2471 ,

1995 2493 2227 2548 inveniet
2254 2507 2441 2548 omnes
2483 2507 2668 2562 poenas
2695 2491 2794 2546 hac
2826 2491 2893 2546 de
2919 2507 3075 2546 causa
3110 2495 3471 2561 peccatoribus
3499 2497 3574 2548 in:

1995 2592 2244 2638 tentatas.
2270 2582 2401 2637 Nam
2434 2591 2488 2636 et
2515 2582 2680 2636 Adam
2714 2590 3016 2650 peccantem
3049 2598 3154 2635 non
3203 2583 3424 2650 puniens
3456 2594 3572 2636 tan-

1997 2681 2132 2739 tum,
2166 2673 2259 2726 sed
2291 2681 2344 2727 et
2370 2671 2630 2727 beneficio
2665 2687 2990 2742 prosequens
3020 2673 3264 2741 paradiso
3286 2675 3457 2743 ejecit.
3511 2676 3576 2729 Et

1993 2765 2150 2834 quale
2179 2763 2312 2818 dicis
2338 2763 2674 2829 beneficium,
2707 2764 2866 2817 etiam
2897 2762 3124 2831 paradisi
3155 2765 3256 2816 vita
3279 2764 3574 2819 excidisse?

1993 2851 2072 2908 Ne
2100 2853 2412 2922 simpliciter
2438 2852 2684 2908 attendas
2713 2851 2779 2906 ad
2805 2866 2866 2905 ea
2890 2867 3008 2921 qu;c
3032 2861 3324 2920 geruntur,
3362 2853 3571 2920 dilecte,

1995 2959 2168 3013 neque
2196 2943 2370 2997 obiter
2395 2958 2511 3012 qua:
2543 2959 2570 2995 a
2604 2943 2714 2997 Deo
2757 2941 2890 2996 fiunt
2913 2942 3191 2996 addiscas:
3225 2943 3318 2998 sed
3356 2944 3572 3012 profun-

1994 3034 2119 3090 dum
2153 3033 2294 3088 illius
2317 3033 2572 3088 bonitatis
2599 3033 2824 3098 intuere,
2848 3040 2901 3087 et
2929 3033 3165 3088 invenies
3191 3035 3364 3088 omnia
3387 3035 3572 3089 eadem

1993 3125 2063 3180 de
2093 3139 2252 3180 causa
2275 3123 2343 3178 ab
2369 3125 2486 3194 ipso
2507 3125 2644 3178 ﬁeri.
2672 3124 2766 3179 Dic
2792 3124 2932 3179 enim
2956 3123 3107 3189 mihi,
3131 3125 3175 3178 si
3201 3125 3389 3190 Adam,
3423 3137 3570 3194 post-

1993 3233 2149 3288 quam
2179 3217 2256 3272 sic
2281 3225 2644 3286 transgressus
2664 3225 2778 3279 est,
2813 3215 3000 3269 iisdem
3031 3215 3209 3270 adhuc
3239 3215 3338 3270 frui
3371 3219 3573 3287 potuis-

1993 3316 2241 3378 set,quo
2287 3321 2396 3362 non
2450 3306 2933 3361 excidisset?Nam
2988 3307 3031 3360 si
3090 3309 3248 3360 tantis
3299 3309 3574 3375 promissis

1999 3399 2255 3468 acceptis,
2289 3406 2590 3466 serpentem
2637 3396 2972 3466 deccptorcm
3019 3397 3240 3462 audivit,
3267 3406 3320 3452 et
3358 3398 3571 3452 insidias

1992 3487 2226 3555 admisit,
2254 3501 2385 3557 quas
2412 3501 2507 3556 per
2532 3501 2653 3541 eum
2682 3485 2924 3540 diabolus
2969 3486 3176 3550 intulit,
3210 3501 3305 3556 Spe
3331 3487 3574 3542 videlicet

1995 3575 2304 3631 obtinenda:
2347 3575 2666 3643 mqualitatis
2710 3590 2830 3629 cum
2883 3575 2990 3628 Deo
3042 3574 3265 3636 inﬂans,
3299 3584 3458 3644 atque
3519 3577 3571 3629 in

1994 3664 2443 3735 prazvaricationis
2472 3672 2746 3732 peccatum
2773 3663 2919 3716 illum
2943 3663 3205 3730 injiciens,
3235 3662 3278 3715 si
3308 3664 3358 3715 in
3387 3663 3576 3717 eadem

1996 3757 2252 3826 dignitate
2273 3770 2337 3810 ac
2384 3756 2506 3809 vita:
2548 3754 2756 3808 ratione
2795 3754 3113 3819 mansisset,
3151 3754 3419 3822 quomodo
3467 3769 3573 3807 non

1997 3847 2166 3903 multo
2195 3845 2298 3900 (ide
2323 3845 2615 3914 digniorem
2639 3853 2872 3913 putasset
2894 3845 3178 3912 malignum
3210 3844 3355 3898 illum
3374 3844 3574 3898 daemo—

1996 3951 2151 4002 nem,
2184 3951 2342 4006 quam
2395 3950 2572 3990 rerum
2619 3933 2854 3989 onmium
2901 3934 3274 3998 Conditorem,
3302 3933 3473 4004 deque
3517 3950 3577 3989 se

1997 4026 2329 4088 sublimiora,
2359 4040 2519 4096 quam
2547 4025 2774 4095 dignitas
2804 4039 2896 4078 sua
2930 4023 3154 4090 ferebat,
3177 4024 3355 4079 animo
3376 4039 3574 4079 conce-

1996 4116 2204 4185 pisset?
2256 4115 2465 4169 Etenim
2515 4115 2633 4168 talis
2687 4115 2959 4168 hominum
3017 4122 3204 4167 natura
3258 4123 3371 4180 est,
3425 4124 3480 4168 ut
3527 4115 3579 4169 si

1996 4205 2208 4275 quando
2252 4219 2478 4275 peccans
2530 4219 2636 4259 non
2683 4203 3015 4268 refrenatur,
3057 4203 3153 4258 sed
3199 4219 3386 4260 secure
3429 4206 3570 4275 agit,

1997 4294 2220 4350 ulterius
2243 4294 2538 4364 procedens
2559 4295 2610 4348 in
2633 4307 2868 4362 prteceps
2890 4293 3108 4348 feratur.
3141 4294 3256 4348 Alia
3285 4302 3460 4348 tamen
3490 4298 3578 4349 via

1998 4398 2214 4453 possum
2241 4384 2523 4439 ostendere
2541 4423 2556 4448 ,
2578 4383 2716 4452 quod
2746 4383 3082 4438 clementiam
3114 4399 3220 4452 prae
3255 4398 3313 4438 se
3356 4383 3530 4440 ferens
3555 4426 3577 4450 ,

1998 4474 2258 4528 Adamum
2283 4473 2526 4542 paradiso
2545 4473 2766 4541 jusserit
2789 4473 3070 4546 excedere,
3103 4483 3157 4528 et
3183 4475 3367 4528 mortis
3402 4491 3571 4544 poenae.

1998 4563 2187 4619 fecerit
2212 4563 2502 4618 obnoxium
2529 4582 2543 4617 :
2569 4578 2688 4617 nam
2719 4564 2979 4632 ejectione
3006 4572 3062 4618 et
3100 4567 3391 4636 prepinqua
3425 4567 3572 4621 habi-

2001 4653 2199 4708 talione
2222 4651 2613 4721 castigatiorem
2636 4693 2649 4717 ,
2674 4663 2727 4706 et
2765 4653 2816 4706 in
2841 4663 3109 4721 posterum
3153 4657 3474 4710 securiorem
3506 4658 3575 4710 fa-

2001 4743 2180 4808 ciens,
2205 4757 2264 4798 re
2294 4743 2404 4811 ipsa
2435 4741 2614 4796 docuit
2641 4755 2868 4813 quantus
2891 4745 3139 4813 deceptor
3164 4746 3319 4800 fuerit
3341 4747 3571 4800 daemon.

2002 4833 2188 4888 Mortis
2217 4844 2393 4888 autem
2423 4833 2739 4903 supplicium
2778 4845 2994 4904 propter
3021 4835 3119 4888 hoc
3160 4836 3338 4888 intulit
3364 4876 3377 4898 ,
3410 4847 3466 4887 ut
3509 4852 3576 4889 ne

2003 4923 2223 4993 posthac
2265 4937 2360 4992 per
2381 4922 2791 4978 inobedientiam
2815 4934 3032 4991 peccato
3062 4923 3324 4977 obnoxius
3352 4924 3575 4978 ciTectus

2003 5021 2263 5084 perpetuo
2288 5023 2554 5084 peccaret.
2581 5013 2696 5068 Non
2726 5013 2976 5068 videntur
3000 5013 3094 5067 tibi
3121 5013 3233 5068 bazc
3259 5029 3377 5069 eSse
3404 5017 3576 5070 maxi-

2003 5118 2106 5160 ma:
2140 5104 2458 5169 clementiae,
2479 5111 2534 5157 et
2558 5103 2752 5171 ejicere
2777 5118 2807 5156 a
2838 5102 3084 5170 paradiso
3121 5112 3175 5157 ct
3207 5117 3360 5171 poma
3390 5108 3580 5159 mortis

2003 5194 2275 5263 plectere?
2303 5195 2524 5249 Possum
2552 5202 2728 5248 autem
2775 5202 2829 5248 et
2869 5194 3012 5248 aliud
3055 5205 3312 5262 pra-terea
3359 5196 3571 5252 afferre.

2004 5285 2296 5353 Qualenam
2331 5283 2470 5338 hoc?
2503 5283 2646 5338 llanc
2691 5283 3104 5352 indignationem
3146 5285 3220 5338 illi
3262 5285 3589 5350 inferendo,“

2003 5389 2109 5429 non
2129 5375 2267 5444 apud
2295 5375 2463 5443 ipsum
2491 5373 2764 5427 dumtaxat
2793 5373 3047 5429 beneficia
3073 5375 3373 5443 collocavit,
3396 5379 3490 5433 sed
3519 5389 3586 5433 ct

2005 5475 2250 5536 posteros
2302 5465 2467 5536 ipsius
2498 5465 2743 5535 exemplo
2791 5467 3056 5536 corrigere
3102 5469 3287 5524 voluit.
3318 5469 3450 5524 Nam
3501 5472 3584 5537 si,

2066 5645 2140 5706 (α)
2175 5651 2282 5693 meo
2303 5657 2411 5706 quae
2433 5645 2567 5694 uncis
2606 5645 2888 5693 clauduntur
2913 5657 2976 5692 ex
3002 5658 3099 5694 uno
3133 5651 3316 5697 tantum
3337 5651 3423 5694 us.
3445 5643 3565 5694 curia

2003 5719 2128 5767 mus,
2151 5706 2240 5756 sed
2265 5706 2486 5756 videntur
2510 5707 2566 5754 ad
2591 5709 2768 5756 seriem
2793 5707 3055 5768 quadrare.
