4066 6140
473 267 574 323 231

475 395 753 459 postquam
803 379 917 432 hare
957 382 1264 441 evenerant,
1287 374 1332 425 is
1376 370 1465 440 qui
1507 383 1572 423 ex
1623 382 1688 422 eo
1727 373 1882 418 natus
1927 368 2044 424 est,

471 477 605 532 Cain
638 476 870 542 inquam,
893 469 980 539 qui
1013 483 1123 537 pne
1148 465 1316 519 oculis
1343 462 1553 518 videbat
1582 468 1783 530 patrem
1804 472 1869 512 ex
1893 468 2047 524 para-

479 567 597 620 oiso
639 564 896 633 ejectum,
943 556 1262 612 ineffabilem
1311 555 1455 608 illam
1496 552 1716 622 gloriam
1760 549 2046 612 amissam,

472 655 900 711 maledictionem
935 651 1078 705 illam
1106 649 1318 713 miram,
1351 661 1468 714 qua:
1499 643 1706 698 dicebat
1737 659 1750 694 :
1780 639 1939 694 Terra
1964 653 2014 690 es
2033 677 2048 702 ,

472 761 519 802 et
547 748 607 802 in
633 756 818 800 terram
837 744 993 797 abibis
1023 741 1174 815 (Cen.
1195 740 1250 794 3.
1271 739 1384 804 19),
1407 737 1596 792 melior
1625 734 1790 788 factus
1821 747 1924 786 non
1948 739 2048 794 est,

472 838 568 892 scd
607 835 937 907 gravioribus
987 849 1044 888 se
1083 831 1300 886 involvit
1340 828 1491 883 malis
1533 845 1546 880 :
1589 827 1630 879 si
1683 839 1787 878 non
1832 822 2055 876 vidisset

473 942 594 996 qua:
625 924 760 994 patri
792 924 1144 993 contigerant,
1167 922 1218 974 in
1241 934 1396 990 quam
1427 932 1531 972 non
1564 914 1889 985 pervenisset
1919 913 2058 964 insa-

476 1017 655 1070 niam?
679 1016 747 1070 Et
768 1014 908 1086 quod
938 1021 1066 1068 sane
1096 1012 1445 1066 admiratione
1467 1009 1623 1062 fuerit
1651 1007 1888 1075 dignum,
1911 1003 2054 1057 illum

477 1107 636 1160 etiam
659 1106 746 1174 qui
772 1105 893 1158 talia
924 1103 1162 1174 peccavit
1191 1110 1243 1155 ct
1269 1099 1470 1154 nefario
1501 1096 1788 1152 homicidio
1818 1094 2056 1148 dextram

480 1194 669 1264 polluit
694 1194 919 1263 puniens
943 1234 958 1258 ,
997 1189 1356 1245 misericordia
1379 1202 1591 1257 penam
1619 1186 1852 1240 miscuit.

549 1282 605 1336 2.
651 1284 714 1336 Et
745 1291 800 1336 ut
829 1281 1107 1335 manifeste
1148 1279 1286 1333 scias
1323 1277 1515 1332 divina:
1542 1276 1828 1340 bonitatis,
1861 1285 1978 1344 qute
2007 1282 2061 1326 et

481 1374 566 1428 isti
596 1372 828 1428 exhibita
856 1381 976 1435 est,
1022 1368 1434 1438 magnitudinem
1476 1386 1488 1421 :
1534 1377 1642 1420 tum
1683 1365 1895 1435 quidem
1937 1378 2056 1418 cum

483 1466 647 1519 Deum
669 1461 815 1532 gravi
836 1460 1151 1516 contumelia
1173 1458 1407 1513 afﬁceret
1427 1456 1698 1511 offerendo
1719 1453 2059 1517 sacriﬁcium,

485 1562 540 1606 et
569 1566 814 1622 magnum
848 1566 956 1620 pra:
985 1564 1044 1604 se
1086 1547 1305 1603 ferendo
1339 1555 1699 1616 contemptum
1747 1544 1891 1615 (non
1920 1543 2062 1598 enim

483 1642 750 1698 dividebat
778 1641 955 1710 juste,
1007 1639 1102 1692 sed
1148 1637 1404 1691 offerebat
1433 1635 1742 1705 simpliciter
1783 1644 1836 1687 et
1865 1633 2064 1701 absque

485 1731 756 1800 delectu),
788 1728 917 1783 nihil
938 1728 1017 1782 vel
1045 1742 1205 1797 grave
1225 1727 1305 1780 vel
1331 1725 1611 1780 molestum
1639 1724 1889 1777 adversus
1917 1722 2066 1776 illum

485 1825 734 1892 loquutus
783 1827 864 1873 est
905 1819 1083 1883 Deus,
1132 1817 1373 1887 quamvis
1421 1823 1692 1884 peccatum
1739 1814 1912 1884 ipsum
1959 1828 2067 1866 non

485 1921 629 1967 esset
651 1925 872 1982 parvum
903 1917 958 1963 et
984 1907 1202 1977 vulgare
1220 1947 1236 1974 ,
1266 1906 1360 1962 sed
1387 1905 1538 1960 valde
1566 1920 1835 1974 magntnn.
1863 1903 1993 1958 Nam
2020 1902 2066 1956 si

488 2004 525 2058 ii
554 2004 643 2074 qui
673 2015 1001 2072 congeneres
1031 2000 1276 2054 homines
1305 1999 1552 2054 honorari
1584 1999 1788 2061 volunt,
1821 1998 1986 2066 prima
2014 2004 2070 2051 et

486 2094 753 2163 praecipua
771 2093 874 2147 illis
890 2091 1145 2155 tribuunt,
1167 2090 1359 2161 illaque
1377 2088 1569 2145 offerre
1591 2089 1818 2142 maxime
1834 2085 2066 2152 student,

488 2202 608 2254 quae
657 2183 905 2239 omnibus
952 2182 1268 2254 pretiosiora
1320 2180 1419 2234 sibi
1464 2179 1709 2234 videntur
1751 2197 1764 2230 :
1805 2177 2070 2248 quomodo

489 2275 760 2330 hominem
792 2274 901 2328 Deo
937 2272 1250 2327 offerentem
1293 2285 1398 2324 non
1427 2268 1707 2338 Oportebat
1737 2268 1844 2321 Deo
1872 2266 2070 2337 pretio-

491 2366 631 2419 siora
659 2373 711 2418 et
742 2362 1106 2431 praestantiora
1135 2359 1370 2415 offerre?
1399 2358 1561 2428 igitur
1585 2372 1705 2412 cum
1727 2365 1925 2412 tantum
1951 2369 2072 2424 pec-

490 2464 656 2518 caret,
681 2462 737 2508 et
767 2462 966 2506 tantum
997 2465 1103 2519 prae
1132 2465 1191 2504 se
1216 2449 1380 2504 ferret
1403 2456 1765 2517 contemptum
1795 2447 1902 2511 ille,
1933 2446 2072 2500 Deus

494 2553 670 2598 tamen
703 2558 806 2596 non
856 2542 1035 2611 petivit
1066 2555 1275 2610 ptenam
1296 2580 1311 2605 ,
1358 2553 1531 2608 neque
1557 2553 1652 2607 pro
1694 2537 1843 2591 factis
1868 2536 2073 2604 suppli-

493 2634 632 2687 cium
659 2633 867 2702 exegit:
899 2632 990 2687 sed
1015 2632 1164 2701 quasi
1192 2630 1393 2684 amicus
1413 2632 1604 2694 amico,
1632 2644 1752 2684 cum
1775 2627 1916 2681 oumi
1945 2627 2074 2681 leni-

496 2733 604 2779 tate
633 2724 854 2793 loquens
883 2723 958 2776 sic
1000 2722 1131 2776 dixit
1160 2739 1174 2775 :
1207 2719 1453 2786 Peccasti,
1477 2719 1671 2790 quiesce
1703 2717 1866 2789 (Gen.
1897 2718 1948 2771 4.
1981 2717 2070 2787 7).

499 2817 779 2872 Peccatum
808 2814 1082 2869 dumtaxat
1110 2813 1186 2867 illi
1217 2813 1463 2868 indicavit
1483 2855 1496 2877 ,
1526 2820 1580 2866 et
1603 2811 1868 2867 consuluit
1903 2823 1969 2865 ne
1995 2808 2076 2862 ul-

496 2907 659 2961 terius
690 2905 1116 2974 progrederetur.
1146 2902 1335 2958 Vidisti
1380 2903 1629 2956 bonitatis
1664 2898 2075 2956 excellentiam?

494 2998 597 3054 Sed
628 2999 748 3067 quia
780 2998 866 3051 ille
889 3011 991 3050 non
1020 2997 1189 3049 solum
1223 2994 1349 3047 nihil
1377 3008 1440 3047 ex
1471 3003 1613 3046 tanta
1641 2991 1888 3060 patientia
1917 2989 2074 3043 lucri-

498 3087 653 3152 fecit,
683 3087 776 3142 sed
807 3095 860 3142 et
886 3087 1128 3156 graviora
1162 3084 1346 3153 primis
1375 3083 1587 3150 adjecit,
1617 3093 1774 3149 atque
1803 3079 1868 3134 ad
1899 3078 2075 3133 fratris

499 3195 681 3233 necem
713 3178 1049 3246 properavit,
1085 3176 1222 3228 Deus
1250 3173 1463 3243 quidem
1493 3173 1544 3225 in
1589 3188 1709 3226 eum
1751 3171 1923 3225 adlmc
1961 3187 2076 3224 ma-

498 3285 655 3338 gnam
683 3267 999 3321 ostendebat
1024 3265 1314 3328 lenitatem,
1345 3263 1678 3332 interrogans
1705 3262 1848 3332 prius
1874 3272 1927 3315 et
1946 3263 2077 3315 dans

505 3359 578 3413 illi
616 3355 993 3410 satisfactionis
1023 3354 1194 3408 locum
1225 3353 1359 3407 :‘sed
1391 3352 1511 3422 quia
1542 3353 1734 3405 mansit
1777 3351 2074 3421 impudens,

505 3459 629 3502 tunc
650 3461 858 3516 poenam
884 3445 1057 3498 intulit
1082 3444 1129 3498 ei
1154 3442 1540 3498 emendationis
1565 3443 1752 3510 gratia,
1777 3457 1895 3510 qua:
1918 3442 2076 3495 etiam

504 3542 614 3610 ipsa
645 3541 865 3593 multum
897 3537 1125 3592 habebat
1153 3535 1529 3591 misericordia:
1559 3535 1873 3589 admixtum.

579 3633 681 3698 Qui
720 3633 771 3684 in
816 3647 907 3684 nos
950 3639 1153 3698 peccat,
1203 3633 1439 3699 feratur;
1475 3629 1559 3698 qui
1601 3630 1654 3682 in
1681 3627 1844 3682 Deum
1887 3635 2077 3698 peccat,

507 3726 769 3796 puniatur.
793 3753 862 3762 —
887 3721 1048 3777 Vides
1082 3720 1351 3791 quomodo
1379 3721 1515 3775 Deus
1535 3761 1548 3785 ,
1589 3719 1800 3790 quando
1829 3720 1879 3773 in
1907 3720 2078 3788 ipsum

505 3815 766 3887 peccavit,
787 3822 1170 3884 peccatumque
1196 3826 1299 3866 non
1322 3810 1556 3881 vulgare,
1580 3810 1780 3864 dimisit
1804 3809 1851 3863 ei
1879 3827 1890 3862 :
1917 3823 2082 3877 quan-

505 3909 574 3962 do
600 3915 781 3961 autem.
805 3905 856 3958 in
899 3903 1115 3957 fratrem
1155 3902 1380 3955 armavit
1417 3899 1657 3954 dextram
1684 3940 1700 3964 ,
1743 3898 2080 3953 maledictum

506 3997 681 4052 intulit
703 4006 756 4050 et
785 3991 1121 4061 increpavit?
1151 3991 1238 4046 Sic
1264 4004 1404 4043 nunc
1429 3997 1484 4042 et
1513 4003 1610 4042 nos
1639 3988 1890 4043 faciamus
1912 4028 1926 4051 ,
1959 3987 2080 4040 imi-

509 4099 787 4157 tctuurque
814 4085 1093 4138 Dominum
1128 4090 1367 4134 nostrum
1395 4097 1408 4144 ;
1441 4089 1493 4133 et
1520 4081 1561 4132 si
1589 4079 1712 4148 quid
1755 4081 1805 4132 in
1837 4093 1932 4132 nos
1963 4093 2084 4148 pec-

507 4187 685 4233 catum
713 4174 891 4235 fuerit,
921 4171 1126 4225 veniam
1155 4169 1362 4234 demus,
1393 4176 1448 4222 et
1476 4168 1804 4220 remittamus
1830 4168 1894 4221 iis
1915 4167 2004 4236 qui
2031 4166 2082 4219 in

512 4282 609 4320 nos
649 4263 1025 4331 deliquerunt:
1057 4258 1270 4328 quando
1314 4267 1488 4311 autem
1522 4257 1572 4310 in
1607 4257 1769 4310 Deum
1811 4265 2083 4325 peccatum

514 4357 770 4421 refertur,
814 4361 939 4407 tunc
981 4364 1166 4421 pennas
1209 4350 1499 4420 exigamus.
1545 4348 1651 4404 Sed
1684 4349 1862 4403 nescio
1891 4348 1977 4417 qui
2006 4346 2082 4411 fit,

517 4459 572 4502 ut
595 4449 771 4501 omnia
813 4459 965 4499 secus
1005 4442 1294 4506 faciamus,
1341 4441 1558 4496 omnino
1602 4449 1814 4511 peccata
1857 4455 1976 4509 qua:
2020 4438 2086 4493 ad

517 4538 681 4591 Deum
709 4534 1008 4604 pertingant
1029 4573 1043 4598 ,
1072 4532 1234 4586 inulta
1263 4545 1380 4586 esse
1405 4531 1628 4584 sinimus
1656 4547 1669 4583 :
1697 4531 1740 4583 si
1768 4529 1886 4600 quis
1911 4538 2087 4584 autem

516 4641 699 4696 parum
732 4623 856 4693 quid
894 4625 946 4676 in
991 4636 1090 4676 nos
1134 4621 1430 4690 peccaverit
1451 4663 1484 4687 ,.
1515 4621 1629 4690 ejus
1669 4635 1856 4690 graves
1904 4635 2088 4675 smnus

514 4718 715 4771 ultores
758 4724 809 4769 et
857 4721 1232 4775 accusatores,
1286 4712 1588 4780 ignorantes
1634 4726 1730 4765 nos
1776 4727 1836 4766 ea
1883 4712 2088 4766 ratione

515 4803 910 4862 misericordem
931 4801 1208 4856 Dominum
1232 4799 1396 4869 magis
1417 4799 1752 4855 exacerbare.
1777 4801 1925 4868 Quod
1946 4802 2088 4856 enim

516 4914 631 4954 mos
651 4899 720 4952 sit
742 4897 850 4952 Deo
877 4909 1019 4964 smpe
1041 4892 1306 4948 dimittere
1326 4907 1442 4962 qure
1467 4891 1519 4946 in
1545 4907 1603 4946 se
1630 4903 1843 4961 peccata
1872 4893 2086 4963 fuerint,

517 5008 699 5048 verum
729 5005 848 5061 qua:
878 4990 930 5042 in
966 4985 1260 5056 proximum
1283 5027 1298 5053 ,
1343 5000 1404 5040 ea
1434 5000 1553 5040 cum
1585 5001 1771 5056 magna
1810 4989 2092 5044 severitate

515 5083 833 5152 exquirere,
867 5079 990 5133 audi
1035 5078 1244 5132 beatum
1278 5077 1494 5132 Paulum
1539 5077 1802 5132 dicentem
1834 5096 1846 5132 :
1879 5079 1938 5134 Si
1979 5080 2092 5151 ᾳιιὶδ

521 5187 729 5226 uxorem
751 5169 896 5223 habet
921 5167 1196 5237 inﬁdelem,
1220 5177 1265 5221 et
1291 5169 1388 5238 ipsi
1411 5179 1608 5239 gratum
1633 5168 1784 5239 fuerit
1810 5169 2092 5226 cohabitare

518 5263 616 5329 illi,
649 5277 750 5314 non
785 5261 1002 5314 dimittat
1043 5259 1203 5314 illam.
1234 5258 1300 5312 Et
1341 5259 1386 5315 si
1423 5277 1520 5330 qua
1557 5260 1738 5314 mulier
1766 5261 1908 5315 habet
1933 5263 2090 5316 virum

519 5355 793 5425 inﬁdelem,
827 5367 873 5408 et
900 5355 978 5407 hic
1005 5353 1244 5408 consentit
1274 5353 1498 5408 habitare
1525 5371 1637 5407 cum
1662 5354 1772 5417 illa,
1800 5371 1900 5409 non
1926 5355 2093 5408 dimit-

519 5459 588 5502 tat
617 5447 760 5501 illum
787 5447 879 5515 (1.
903 5445 1020 5501 Cor.
1045 5447 1097 5498 7.
1125 5445 1208 5500 12.
1238 5447 1303 5499 13
1325 5444 1362 5514 ),
1391 5444 1578 5500 Vidisti
1605 5454 1799 5516 quanta
1824 5447 1890 5501 ibi
1921 5447 2092 5501 indul-

519 5537 738 5608 gentia?
767 5538 985 5592 Etiamsi
1013 5537 1223 5604 gentilis
1252 5536 1426 5599 fuerit,
1455 5535 1660 5590 etiamsi
1693 5537 1939 5602 infidelis,
1972 5551 2094 5606 pro-

487 5643 494 5645 ‘
523 5629 610 5686 bet
635 5640 807 5684 autem
835 5628 1277 5684 cobahitationem
1298 5668 1313 5692 ,
1354 5642 1456 5680 non
1488 5626 1730 5694 refugiat.
1764 5627 1832 5683 Et
1860 5628 2050 5683 iterum
2074 5645 2088 5680 :

1187 256 1243 312 S.
1283 250 1562 311 JOANNIS
1599 239 2072 304 CHRYSOSTO)“
2111 237 2426 294 ARCIIIEP.
2468 241 2999 301 CONSTANTlNOP.

3617 242 3748 309 .239

2161 351 2276 408 Etsi
2301 357 2498 426 gentilis
2521 359 2675 427 fuerit
2700 359 2879 414 mulier
2897 401 2910 426 ,
2952 361 3048 415 etsi
3072 362 3292 430 inﬁdelis
3312 407 3326 430 ,
3351 367 3553 436 vultque
3576 370 3738 423 coha-

2157 444 2332 512 bitare,
2357 463 2459 500 non
2481 448 2712 517 repellat.
2741 448 2842 514 Qui
2862 451 2980 515 scis,
3006 452 3189 521 inquit,
3213 454 3412 518 mulier,
3435 473 3554 510 num
3575 461 3743 512 uirum

2157 537 2412 590 salvatura
2437 538 2506 591 sis
2527 539 2552 590 ?
2579 549 2664 591 aut
2688 539 2774 607 qui
2802 540 2920 606 scis,
2947 541 3043 607 uir,
3074 558 3194 595 num
3221 545 3480 598 mulierem
3507 549 3744 602 salvatu-

2157 643 2244 680 rus
2269 628 2338 680 sis
2365 625 2437 699 (1.
2461 627 2576 681 Cor.
2597 629 2650 682 7.
2677 629 2804 698 i6)?
2822 629 2953 685 Vide
2977 633 3246 700 quomodo
3262 649 3366 688 non
3387 637 3634 705 prohibet
3660 641 3744 693 iu—

2159 717 2372 771 fidelem
2395 718 2697 787 quempiam
2715 719 2798 775 vel
2818 722 3118 790 quampiam
3141 723 3192 777 in
3213 726 3545 782 contubernii
3566 729 3749 799 legem

2159 806 2378 861 assumi.
2407 809 2544 862 Audi
2577 811 2764 863 iterum
2795 811 2964 880 ipsum
2993 812 3264 870 Christum
3290 817 3555 874 dicentem
3581 820 3749 876 disci-

2159 898 2296 966 pulis
2326 916 2339 951 :
2380 898 2509 953 Dico
2542 901 2674 954 enim
2703 902 2838 956 vobis
2862 945 2877 968 ,
2910 905 3071 958 omnis
3115 908 3204 977 qui
3245 908 3490 966 dimiserit
3532 930 3752 968 uxorein

2161 1005 2334 1055 suam,
2362 1003 2572 1062 excepta
2596 1009 2751 1046 causa
2774 996 3141 1066 fornicationis,
3170 999 3291 1068 facit
3320 1001 3463 1056 illam
3501 1007 3750 1060 mazehars'

2163 1080 2183 1153 (
2209 1082 2392 1138 Matth.
2421 1085 2477 1138 5.
2508 1084 2576 1138 52
2601 1085 2640 1154 ).
2687 1084 2873 1156 Ingens
2901 1089 3231 1159 benignitas!
3264 1093 3484 1150 Etiamsi
3514 1097 3753 1152 infidelis

2165 1171 2344 1240 fuerit,
2377 1174 2459 1229 vel
2490 1176 2699 1244 gentilis
2723 1216 2738 1242 ,
2775 1177 2819 1230 si
2848 1181 3209 1248 consenserit,
3256 1184 3426 1239 retine
3454 1202 3468 1239 :
3493 1187 3538 1240 si
3565 1199 3751 1243 autem

2166 1266 2216 1320 in
2247 1275 2296 1321 te
2323 1267 2651 1334 peccaverit,
2679 1278 2732 1322 et
2769 1278 3039 1338 pactorum
3075 1273 3417 1331 obliviscatur
3439 1319 3452 1343 ,
3485 1279 3748 1333 aliorum-

2167 1371 2267 1426 que
2297 1359 2587 1427 prtetulcrit
2612 1361 2933 1414 consortium
2957 1403 2971 1427 ,
3012 1363 3135 1418 licet
3180 1366 3271 1420 tibi
3304 1368 3445 1422 illam
3472 1372 3668 1439 ejicere
3694 1385 3750 1428 ct

2167 1447 2450 1516 repellere.
2481 1447 2604 1502 lla-c
2629 1450 2952 1519 cogitantes,
2985 1454 3293 1511 Studeamus
3322 1459 3480 1513 etiam
3522 1461 3753 1517 Domino

2168 1550 2387 1611 propter
2429 1543 2562 1597 hanc
2593 1545 2643 1597 in
2691 1558 2786 1599 nos
2825 1544 3245 1601 benevolentiam
3277 1550 3476 1616 pariter
3504 1553 3707 1607 referre
3732 1573 3752 1608 :

2168 1641 2221 1686 et
2246 1633 2384 1687 sicut
2411 1631 2526 1702 ipse
2549 1635 2659 1687 vult
2683 1633 2949 1690 dimittere
2975 1651 3036 1690 ea
3063 1651 3179 1706 qum
3208 1641 3258 1691 in
3282 1653 3339 1693 se
3365 1651 3578 1708 peccata
3601 1653 3750 1704 sunt,

2168 1736 2286 1790 quae
2312 1732 2485 1777 autem
2514 1723 2564 1776 iu
2595 1739 2711 1790 nos,
2735 1725 3024 1789 ulciscitur,
3051 1726 3207 1798 idque
3233 1745 3419 1799 magna
3445 1733 3749 1796 severitate,

2169 1811 2356 1868 eodem
2385 1829 2513 1868 sane
2554 1815 2714 1870 modo
2755 1825 2808 1871 et
2853 1817 2951 1886 ipsi
2991 1816 3244 1874 faciamus
3273 1839 3286 1875 :
3313 1838 3658 1894 quaecumque
3695 1826 3749 1880 in

2172 1917 2272 1957 nos
2302 1911 2520 1972 peccant
2550 1905 2774 1974 proximi
2817 1909 3149 1963 remittamus
3169 1951 3182 1974 ,
3211 1926 3328 1980 qua:
3358 1922 3534 1967 autem
3565 1925 3752 1969 contra

2174 1994 2363 2059 Deum,
2394 2009 2454 2048 ea
2483 2009 2673 2064 magno
2696 1997 2876 2052 studio
2897 2013 3144 2054 curemus
3166 2001 3366 2056 ulcisci.
3400 2003 3549 2068 Quod
3579 2015 3628 2059 et
3657 2024 3754 2062 no-

2173 2084 2254 2139 bis
2300 2086 2530 2153 proderit
2559 2086 2841 2156 plurimum
2865 2131 2881 2156 ,
2912 2099 2966 2144 et
3006 2106 3100 2146 eos
3137 2094 3224 2163 qui
3269 2095 3604 2166 corriguntur
3643 2114 3752 2153 non

2176 2189 2359 2243 parum
2402 2176 2624 2244 juvabit.
2657 2177 2922 2234 Fortassis
2966 2180 3122 2238 hodie
3166 2184 3420 2252 prolixius
3444 2187 3587 2256 justo
3628 2205 3755 2258 pro-

2174 2266 2390 2322 (nmium
2424 2267 2664 2322 fecimus.
2710 2269 2814 2324 Sed
2843 2271 2968 2340 quid
3009 2274 3205 2342 agam?
3246 2275 3354 2330 Hoc
3395 2288 3590 2346 przetcr
3628 2294 3756 2334 sen-

2177 2357 2392 2410 tentiam
2420 2357 2546 2410 mihi
2577 2359 2791 2428 contigit
2810 2400 2825 2424 ,
2857 2361 3138 2416 verborum
3172 2363 3316 2418 fluxu
3346 2377 3515 2435 rapto.

2247 2444 2422 2499 Poena:
2457 2463 2489 2499 a
2524 2447 2631 2500 Deo
2674 2449 2833 2503 illam
2871 2450 3148 2506 clementiae
3185 2455 3485 2523 conjunctae.
3507 2488 3580 2498 —
3606 2459 3756 2525 Quo-

2176 2535 2318 2590 niam
2349 2547 2525 2591 autem
2553 2540 2728 2592 omnis
2753 2555 2931 2595 sermo
2957 2551 3139 2598 noster
3162 2543 3228 2598 de
3255 2545 3452 2601 diluvio
3477 2558 3586 2615 cst,
3621 2566 3758 2619 opus
3784 2573 3794 2581 -

2177 2626 2328 2680 nobis
2369 2637 2485 2681 erat
2523 2628 2730 2683 caritati
2776 2639 2965 2685 vestrae
2993 2633 3311 2700 ostendere,
3361 2651 3543 2704 poenas
3576 2654 3605 2692 a
3646 2639 3759 2694 Deo

2179 2718 2333 2772 nobis
2363 2719 2537 2773 illatas
2564 2720 2943 2776 misericordia:
2973 2723 3139 2793 magis
3163 2739 3281 2780 esse
3299 2767 3314 2790 ,
3357 2743 3513 2796 quam
3542 2744 3716 2798 poeme
3743 2749 3755 2783 :

2177 2808 2255 2864 sic
2297 2824 2510 2880 quoque
2554 2819 2674 2865 erat
2718 2819 2772 2866 et
2812 2811 3089 2868 diluvium.
3138 2814 3270 2870 Nam
3318 2819 3450 2873 sicut
3496 2820 3760 2892 benignus

2177 2912 2299 2968 erga
2328 2899 2462 2954 filios
2490 2909 2669 2969 pater,
2703 2903 2880 2957 omnia
2919 2904 2988 2959 ob
3031 2920 3209 2960 curam
3243 2908 3293 2960 in
3319 2923 3490 2978 genus
3518 2923 3758 2971 nostrum

2180 2988 2322 3043 facit.
2354 2989 2422 3045 Ut
2447 3000 2620 3045 autem
2651 3007 2716 3046 ex
2743 2993 2807 3046 iis
2830 3033 2846 3058 ,
2890 3009 3010 3063 quas
3040 3011 3179 3050 nunc
3209 3001 3474 3067 proposita
3503 3013 3556 3055 et
3601 3003 3762 3060 hodie

2181 3080 2315 3136 lecta
2341 3080 2554 3136 discatis
2583 3083 2922 3153 benignitatis
2949 3084 3092 3141 illius
3112 3089 3548 3158 magni-tudinem,
3577 3094 3761 3147 audia-

2180 3186 2298 3224 mus
2343 3171 2455 3240 ipsa
2501 3172 2692 3225 divinae
2737 3173 3024 3243 Scriptura:
3071 3177 3252 3232 verba.
3302 3179 3433 3233 Nam
3477 3183 3599 3251 quia
3643 3183 3760 3239 heri

2180 3261 2361 3316 docuit
2395 3279 2489 3317 nos
2527 3265 2714 3318 beatus
2739 3265 2910 3321 Moses
2934 3309 2948 3333 ,
2982 3269 3164 3324 dicens
3184 3312 3198 3335 ,
3244 3269 3484 3328 Emltata
3511 3286 3582 3329 est
3626 3293 3762 3347 aqua

2181 3369 2331 3422 super
2361 3363 2546 3407 terram
2571 3355 2748 3410 diebus
2773 3366 2968 3411 centum
2992 3361 3352 3431 quinquaginta
3381 3363 3400 3433 (
3417 3364 3544 3418 Gen.
3573 3367 3624 3418 7.
3653 3367 3756 3437 21)

2183 3442 2202 3512 (
2219 3451 2271 3496 et
2299 3458 2363 3498 eo
2389 3458 2555 3512 usque
2581 3446 2824 3500 docendo
2853 3448 3267 3518 processimus),
3297 3452 3453 3508 hodie
3472 3455 3544 3507 ait
3573 3472 3588 3510 :
3623 3457 3668 3508 Ι.
3693 3455 3760 3509 Et

2182 3535 2475 3588 recordatus
2503 3546 2574 3590 est
2603 3536 2742 3592 Deus
2766 3538 2880 3593 Nae
2902 3581 2918 3607 ,
2944 3549 2989 3594 et
3023 3543 3248 3596 omnium
3287 3548 3530 3615 ferarum,
3575 3558 3622 3601 et
3647 3565 3757 3601 om-

2183 3625 2320 3678 nium
2350 3628 2720 3697 jumentorunt,
2761 3638 2806 3683 et
2845 3633 3073 3686 omnium
3108 3634 3384 3690 uolatilium
3408 3679 3422 3704 ,
3456 3649 3501 3692 ct
3538 3642 3761 3695 omnium

2185 3716 2441 3785 reptilium
2463 3759 2477 3781 ,
2504 3735 2826 3788 qumcumque
2847 3733 3124 3776 erantcum
3151 3725 3237 3779 illa
3263 3728 3315 3780 in
3341 3744 3458 3781 arca
3487 3729 3637 3798 (Gen.
3661 3732 3740 3803 8).

2257 3808 2308 3861 '5.
2353 3807 2484 3862 Vide
2528 3808 2612 3863 hic
2649 3810 2836 3864 iterum
2862 3852 2876 3874 ,
2917 3827 3076 3882 quam
3115 3828 3174 3869 se
3213 3825 3526 3886 attemperet
3564 3831 3761 3876 nostr:e

2187 3897 2477 3951 infirmitati
2505 3897 2681 3952 divina
2709 3899 3000 3971 Scriptura.
3030 3902 3096 3956 Et
3125 3906 3415 3960 recordatus
3443 3919 3535 3972 est,
3571 3911 3759 3980 inquit,

2189 3989 2344 4044 Deus.
2373 3990 2728 4056 Dilectissimi,
2755 3993 3110 4063 intelligamus
3136 3995 3250 4050 inec
3277 4007 3331 4050 ut
3353 3999 3566 4068 dignum
3593 4014 3672 4054 est
3695 4003 3762 4058 de
3789 4061 3792 4064 ,

2190 4081 2300 4136 Deo
2326 4081 2638 4150 intelligere,
2665 4097 2726 4136 ac
2753 4097 2818 4136 ne
2845 4083 3132 4138 secundum
3161 4095 3363 4142 natum:
3391 4098 3586 4144 nostra:
3616 4091 3763 4145 infir-

2190 4173 2428 4225 mitatem
2461 4171 2574 4224 haec
2614 4186 2790 4225 crassa
2831 4171 2990 4226 verba
3032 4175 3414 4245 intelligamus.
3437 4177 3567 4232 Nam
3593 4195 3763 4248 quan-

2191 4269 2300 4316 tum
2331 4262 2396 4316 ad
2427 4262 2748 4316 ineffabilem
2777 4263 2919 4317 illam
2947 4273 3189 4320 naturam
3227 4267 3452 4335 attinet,
3492 4271 3762 4340 indignum

2192 4353 2379 4408 fuisset
2405 4353 2505 4408 huc
2529 4353 2750 4409 verbum
2781 4371 2794 4409 :
2825 4364 3077 4424 quantum
3103 4365 3279 4412 autem
3305 4358 3370 4413 ad
3396 4370 3630 4415 nostram
3664 4364 3764 4417 im-

2192 4443 2566 4509 becillitatem,
2610 4444 2848 4514 apposite
2891 4453 2974 4500 est
3032 4445 3254 4501 dictum.
3305 4447 3611 4506 Recordatus
3656 4463 3762 4520 est,

2194 4534 2394 4603 inquit,
2439 4532 2580 4588 Deus
2620 4533 2754 4588 Noe.
2803 4535 3062 4602 Quoniam
3093 4539 3325 4592 narravit
3367 4539 3521 4596 nobis
3561 4542 3612 4595 in
3655 4541 3762 4612 jam

2194 4625 2371 4692 dictis,
2413 4626 2546 4680 sicut
2588 4625 2734 4694 prius
2775 4627 2980 4680 caritati
3017 4637 3208 4682 vestra:
3245 4629 3493 4699 diximus,
3540 4633 3764 4703 quadra-

2194 4715 2335 4783 ginta
2357 4714 2542 4769 diebus
2562 4725 2616 4770 et
2636 4715 2852 4770 totidem
2875 4717 3117 4771 noctibus
3135 4716 3297 4772 fuisse
3319 4720 3565 4788 pluviam,
3583 4733 3636 4778 et
3656 4723 3768 4779 die-

2198 4805 2296 4860 bus
2328 4814 2541 4860 centum
2576 4807 2948 4876 quinquaginta
2984 4806 3224 4862 eamdem
3263 4809 3522 4864 mansisse
3552 4826 3763 4880 aquam,

2196 4896 2496 4966 quindecim
2543 4897 2735 4952 cubitis
2777 4912 2938 4966 super
2963 4905 3173 4952 montes
3208 4898 3514 4965 exaltatum,
3557 4909 3611 4954 et
3648 4917 3766 4956 cum

2199 4987 2314 5042 haec
2343 4987 2560 5051 ﬁerent,
2601 4987 2800 5057 justum
2841 4987 3104 5043 resedisse
3130 4989 3179 5043 in
3208 5003 3331 5044 arca
3350 5029 3366 5055 ,
3399 5005 3567 5060 neque
3591 5007 3766 5047 aerem

2199 5078 2403 5148 spirare
2426 5077 2712 5142 valentem,
2742 5077 3206 5150 habitantibusque
3229 5094 3349 5135 cum
3375 5095 3440 5135 eo
3463 5079 3634 5135 brutis
3659 5083 3769 5135 uni-

2201 5170 2388 5237 versis,
2417 5170 2614 5226 idcirco
2680 5171 2884 5241 inquit,
2920 5170 2986 5225 Et
3013 5173 3305 5226 recordatus
3345 5181 3417 5226 est
3456 5171 3598 5228 Deus
3637 5172 3764 5230 Nec.

2199 5260 2337 5330 Quid
2360 5271 2460 5326 est,
2494 5259 2810 5315 Recordatus
2850 5262 2969 5316 est?
3007 5262 3252 5316 Misertus
3289 5271 3388 5326 est,
3421 5263 3619 5332 inquit,
3643 5263 3769 5333 justi

2202 5354 2255 5407 in
2281 5366 2401 5406 arca
2429 5353 2632 5421 agentis
2661 5370 2673 5405 :
2707 5353 2955 5407 misertus
2981 5362 3064 5406 cst
3105 5351 3220 5420 ejus
3261 5352 3313 5405 in
3355 5359 3505 5406 tanta-
3535 5353 3772 5423 angustia

2203 5455 2257 5500 et
2285 5459 2460 5498 rcrmn
2489 5443 2799 5498 difficultate
2833 5443 3107 5499 constituti
3131 5483 3147 5509 ,
3191 5444 3584 5514 ignorantisque
3610 5461 3770 5513 quau-

2205 5534 2398 5590 donam
2430 5535 2683 5590 molestiae
2707 5535 2814 5589 illa:
2858 5535 3016 5590 finem
3060 5534 3320 5590 habitune
3356 5546 3558 5590 essent.
3588 5535 3768 5590 Consi-

2204 5626 2328 5680 dera
2357 5624 2470 5680 ltic.
2497 5639 2678 5696 quasso
2697 5666 2712 5690 ,
2743 5626 2926 5695 quales
2955 5633 3078 5681 tunc
3109 5625 3245 5680 illius
3279 5625 3472 5681 fuerint
3505 5625 3776 5696 cogitatics
