4066 6140
207 345 413 400 τούτων
460 349 786 419 γενομένων,
832 352 861 403 6
895 349 955 415 ἐξ
1002 349 1165 405 αὑτοῦ
1205 352 1438 423 τεχθεὶς,
1466 355 1494 405 6
1536 355 1676 409 Κάῖν
1709 355 1872 424 λέγω,

207 432 354 503 ὀρῶν
384 435 442 487 ἐν
483 433 779 504 ὀφθαλμοῖς
818 433 911 489 τοῦ
953 436 1154 507 πατρὸς
1197 437 1296 508 τὴν
1334 439 1397 492 ἐκ
1426 439 1519 492 τοῦ
1549 440 1877 510 παραδείσου

208 517 462 590 ἐκϐολὴν,
493 520 593 590 τῆς
628 520 785 591 δόξης
822 521 1035 593 ἐκείνης
1064 521 1165 591 τῆς
1210 521 1419 591 ἀφάτου
1450 524 1551 595 τὴν
1582 524 1873 585 ἔκπτωσιν,

208 602 313 674 τῆς
340 605 583 675 κατάρας
615 607 830 677 ἐκείνης
873 607 932 660 τὸ
976 606 1203 677 μέγεθος
1233 609 1332 679 τῆς
1358 608 1643 680 λεγούσης.
1674 609 1763 678 Γῆ
1803 610 1873 675 εί,

210 689 313 744 καὶ
332 692 421 757 είς
447 691 566 761 γῆν
588 692 923 762 ἀπελεύσῃ,
968 693 1087 746 οὐδὲ
1115 692 1286 757 οὑτως
1317 694 1710 766 ἐσωφρονίσθη,
1744 695 1873 751 ἀλλὰ

212 774 428 844 μείζοσι
450 779 639 839 κακοῖς
663 778 853 831 ἐαυτὸν
877 778 1223 850 περιέπειρεν
1243 796 1255 809 ⁸
1284 781 1332 831 εί
1365 781 1438 850 μὴ
1460 776 1565 833 εἶδε
1585 781 1652 834 τά
1682 784 1759 844 είς
1789 782 1869 834 τὸν

209 862 426 934 πατέρα
472 863 835 933 γεγενημένα,
884 862 987 917 ποῦ
1032 864 1132 917 οὐκ
1169 862 1235 917 ἂν
1269 864 1464 934 μανίας
1508 866 1709 935 maere;
1772 865 1871 917 Kal

208 948 274 1002 τὸ
299 948 363 1019 δὴ
392 949 725 1020 θαυμαστὸν,
748 951 829 1003 ὃτι
861 951 955 1004 καὶ
981 950 1144 1004 αὑτὸν
1172 952 1262 1004 τὸν
1287 950 1357 1004 τὰ
1384 951 1609 1005 τοιαῦτα
1629 956 1877 1023 ἡμαρτη-

209 1034 348 1088 κότα
371 1034 464 1088 zeal
483 1034 562 1104 τῷ
588 1036 773 1103 ἐναγεῖ
790 1036 935 1107 φόνῳ
954 1036 1052 1109 τὴν
1078 1036 1256 1101 δεξιὰν
1286 1037 1588 1108 μολύναντα
1611 1037 1871 1111 τιμωρού-

213 1139 398 1190 μενος,
430 1120 808 1193 φιλανθρωπίᾳ
834 1122 934 1194 τὴν
950 1124 1217 1194 τιμωρίαν
1251 1125 1500 1196 ἐκέρασε.

286 1207 354 1278 β’.
377 1210 486 1263 Kal
512 1209 599 1261 ἴνα
626 1208 801 1281 μάθῃς
827 1212 891 1263 ἐκ
916 1209 1024 1263 τῶν
1052 1213 1132 1273 είς
1156 1210 1344 1264 τοῦτον
1368 1212 1748 1281 γεγενημένων
1778 1211 1878 1282 τῆς

209 1294 547 1366 ἀγαθότητος
573 1294 667 1348 τοῦ
701 1295 834 1348 Θεοῦ
877 1296 939 1348 τὸ
974 1296 1223 1366 μέγεθος,
1258 1297 1416 1368 ἡνίκα
1447 1299 1544 1369 μὲν
1590 1299 1671 1363 είς
1711 1298 1873 1351 αὑτὸν

214 1378 430 1451 ῦϐρισε,
469 1381 562 1434 zeal
591 1380 689 1453 τὴν
722 1381 913 1435 θυσίαν
950 1381 1158 1452 μέλλων
1204 1384 1499 1454 προσάγειν
1538 1384 1735 1455 πολλὴν
1777 1385 1877 1455 τὴν

208 1468 618 1539 καταφρόνησιν
644 1468 976 1533 ἐπεδείξατο,
994 1468 1093 1522 οὑκ
1119 1468 1293 1540 ὀρθῶς
1309 1470 1516 1536 διελὼν,
1545 1471 1657 1524 ἀλλ’
1690 1471 1877 1534 ἁπλῶς

211 1555 312 1607 zeal
338 1554 413 1618 ὡς
444 1554 600 1625 ἔτυχε
629 1556 727 1626 τὴν
759 1557 1122 1627 προσαγωγὴν
1150 1558 1533 1628 ποιησάμενος.
1563 1558 1712 1611 οὐδὲν
1741 1557 1876 1628 πρὸς

210 1640 378 1694 αὑτὸν
407 1636 528 1693 εἶπε
556 1639 692 1711 βαρὺ
721 1641 842 1694 οὑδέ
870 1642 1107 1711 ἐπαχθές
1126 1658 1140 1671 °
1171 1644 1346 1697 καίτοι
1378 1661 1442 1712 γε
1473 1645 1534 1697 τὸ
1564 1644 1876 1715 ἀμαρτηθὲν

209 1726 277 1777 οὐ
312 1726 373 1778 τὸ
398 1727 557 1796 τυχὸν
587 1723 677 1798 ἦν,
706 1727 841 1780 ἀλλά
868 1728 961 1781 καὶ
990 1729 1200 1799 σφόδρα
1229 1730 1391 1800 μέγα.
1440 1731 1502 1783 Εἰ
1535 1731 1642 1801 γάρ
1668 1730 1876 1801 ἀνθρώ-

211 1827 351 1873 ττους
382 1814 505 1875 τοὺς
529 1812 812 1882 ὁμογενεῖς
830 1814 881 1866 οί
906 1816 1069 1885 τιμᾷν
1097 1814 1426 1886 βουλόμενοι,
1450 1814 1557 1868 τῶν
1594 1815 1876 1885 πρωτείων

209 1897 310 1950 zeal
337 1897 443 1950 τῶν
467 1896 758 1969 ἐξαιρέτων
791 1900 974 1963 αὑτοῖς
1011 1902 1421 1973 παραχωροῦσι,
1454 1903 1681 1956 κάκεῖνα
1706 1919 1875 1972 προσ-

211 1982 371 2049 άγειν
399 1984 807 2051 σπουδάζουσιν,
827 1985 863 2040 ἃ
886 1987 1119 2056 μάλιστα
1140 1990 1355 2042 πάντων
1374 1990 1554 2054 αὑτοῖς
1577 1989 1877 2061 τιμιώτερα

204 2067 355 2123 εἶναι
396 2070 580 2124 δοκεῖ’
641 2072 924 2144 ἄνθρωπον
966 2074 1021 2127 δέ
1062 2074 1193 2129 ὅντα
1231 2078 1325 2129 zeal
1368 2076 1486 2146 Θεῷ
1536 2076 1877 2143 προσάγοντα

212 2157 335 2221 πῶς
360 2159 460 2211 οὑκ
489 2158 658 2230 ἐχρῆν
699 2160 768 2213 τὰ
799 2160 1094 2232 τιμιώτερα
1136 2162 1227 2215 καί
1257 2161 1509 2233 ἐξαίρετα
1540 2161 1873 2233 προσάγειν;

212 2244 484 2297 Τοσοῦτον
517 2246 692 2299 τοίνυν
728 2247 891 2300 αὑτοῦ
921 2248 1287 2319 ἁμαρτόντος,
1331 2248 1425 2302 zeal
1463 2248 1727 2316 τοσαύτην
1758 2250 1877 2301 ἐπι-

209 2330 530 2401 δειξαμένου
560 2331 657 2402 τὴν
683 2333 1101 2403 καταφρόνησιν,
1135 2335 1235 2387 οὐκ
1258 2333 1503 2404 ἁπῄτησε
1541 2334 1718 2403 δίκην,
1755 2332 1876 2385 οὐδὲ

210 2418 485 2489 τιμωρίαν
515 2418 654 2488 ὑπὲρ
670 2418 779 2471 τῶν
797 2418 1175 2490 γεγενημένων
1195 2419 1572 2489 εἰσεπράξατο,
1598 2418 1712 2472 ἀλλ’
1741 2418 1878 2471 ὠσα-

213 2504 300 2557 νεὶ
344 2503 496 2573 φίλος
546 2504 685 2574 φίλῳ
732 2505 868 2575 μετά
916 2504 1096 2576 πάσης
1135 2506 1468 2576 ἡμερότητος
1499 2504 1876 2575 διαλεγόμενος

213 2588 361 2644 οὕτω
387 2590 631 2661 διελέχθη
657 2590 832 2659 λέγων
853 2607 869 2622 ·
905 2593 1208 2662 Ἡμιιρτες,
1237 2593 1578 2660 ἡσύχασον.
1606 2593 1780 2646 Μόνον
1817 2592 1878 2644 τὸ

216 2676 533 2748 ἁμαρτηθέν
551 2676 697 2748 αὑτῷ
713 2677 899 2744 ἔδειξε,
930 2683 1024 2733 zeal
1055 2678 1437 2732 συνεϐούλευσε
1465 2679 1538 2748 μὴ
1573 2678 1878 2749 περαιτέρω

218 2763 505 2834 προϐῆναι.
561 2759 714 2827 Εἶδες
760 2764 1061 2836 ὑπερϐολὴν
1105 2765 1465 2834 ἀγαθότητος;
1524 2764 1662 2816 Ἀλλ’
1694 2761 1878 2833 ἐπειδὴ

219 2849 424 2913 ἐκεῖνος
448 2850 507 2902 οὐ
535 2849 695 2919 μόνον
714 2851 814 2904 οὑκ
841 2850 930 2903 ἐκέ
940 2851 1092 2922 ρδανέ
1112 2868 1165 2904 τι
1195 2851 1260 2904 ἐκ
1280 2851 1379 2921 τῆς
1409 2851 1675 2921 τοσαύτης
1699 2849 1876 2916 ἀνεξι-

222 2935 436 3000 κακίας,
484 2936 619 2990 ἀλλά
649 2938 745 2990 zeal
776 2938 889 3000 τοῖς
917 2936 1244 3008 προλαϐοῦσι
1289 2936 1508 3007 μείζονα
1549 2935 1878 3007 προσέθηκε,

221 3023 316 3075 zeal
343 3022 433 3075 ἐπὶ
461 3023 561 3093 τὴν
591 3022 803 3093 σφαγὴν
829 3023 1064 3095 ἠπείχθη
1089 3023 1181 3077 τοῦ
1209 3021 1461 3092 ἀδελφοῦ,
1487 3023 1582 3076 zeal
1605 3020 1747 3075 οὕτω
1778 3022 1877 3093 μὲν

221 3107 422 3180 πολλὴν
465 3111 544 3172 είς
571 3109 731 3163 αὑτὸν
765 3108 1130 3163 ἐπιδείκνυται
1173 3109 1271 3181 τὴν
1312 3108 1710 3180 μακροθυμίαν,
1744 3126 1880 3163 πυν-

221 3195 516 3266 θανόμενος
544 3195 807 3267 πρότερον
845 3194 939 3249 zeal
974 3194 1150 3259 διδοὺς
1185 3195 1333 3267 αὑτῷ
1360 3196 1522 3248 τόπον
1549 3194 1837 3264 ἀπολογίας
1862 3212 1877 3227 ·

221 3281 411 3353 ἐπειδὴ
462 3281 519 3334 δέ
564 3281 840 3352 ἐνέμεινεν
888 3281 1276 3353 ἀναισχυντῶν,
1314 3282 1437 3335 τότε
1484 3281 1582 3353 τὴν
1614 3282 1883 3355 τιμωρίαν

224 3367 420 3437 ἐπάγει
449 3366 827 3440 σωφρονισμοῦ
856 3368 1062 3432 ἕνεκεν,
1106 3367 1303 3440 πολλὴν
1333 3369 1424 3423 zeal
1456 3367 1625 3439 αὑτὴν
1653 3367 1883 3439 ἐχουσαν

224 3453 568 3524 μεμιγμένην
598 3453 698 3524 τὴν
731 3453 872 3524 παρ’
899 3453 1066 3507 αὑτοῦ
1099 3453 1526 3526 φιλανθρωπίαν.

303 3538 466 3611 Ὁρᾷς
495 3539 632 3604 πῶς,
674 3539 835 3610 ἡνίκα
867 3540 963 3611 μὲν
1000 3541 1080 3602 είς
1107 3539 1268 3595 αὑτὸν
1306 3541 1541 3613 ἡμαρτε,
1573 3540 1669 3595 zeal
1698 3540 1881 3611 ἀμαρ-

221 3626 345 3681 τίαν
380 3627 440 3680 οὑ
470 3626 568 3698 τὴν
608 3627 895 3698 τυχοῦσαν,
944 3626 1341 3697 ἀπεπέμψατοο
1386 3629 1475 3681 ὅτε
1506 3628 1563 3681 δὲ
1611 3627 1754 3681 κατά
1785 3625 1881 3680 τοῦ

222 3712 452 3782 ἀδελφοῦ
475 3715 573 3784 τὴν
604 3713 785 3778 δεξιάν
812 3713 1039 3776 ὥπλισε,
1065 3713 1187 3766 τότε
1209 3715 1303 3766 καὶ
1321 3714 1420 3784 τὴν
1447 3713 1762 3784 ἐπιτίμησιν
1788 3715 1884 3767 καὶ

221 3798 322 3871 τὴν
355 3801 599 3871 κατάραν
627 3800 865 3865 ἐδέξατο.
905 3799 1062 3853 Οῦτω
1079 3800 1174 3854 νῦν
1200 3800 1293 3853 zeal
1322 3801 1481 3870 ἡμεῖς
1507 3800 1769 3870 ποιῶμεν,
1793 3801 1886 3853 καὶ

228 3885 647 3957 μιμώμεθα’τὸν
675 3886 951 3956 Δεσπότην
982 3887 1073 3939 τὸν
1114 3887 1383 3958 ἡμέτερον
1403 3901 1418 3914 ⁸
1465 3886 1558 3939 καὶ
1583 3885 1652 3939 τά
1682 3886 1780 3956 μὲν
1805 3886 1886 3949 είς

224 3973 375 4044 ἡμᾶς
416 3973 786 4044 ἁμαρτήματα
831 3972 1319 4044 παραπέμπωμεν,
1374 3971 1468 4025 καὶ
1515 3970 1886 4043 συγχωρῶμεν

223 4063 339 4124 τοῖς
370 4062 450 4125 είς
471 4062 616 4131 ἡμᾶς
646 4060 1059 4131 πλημμελοῦσιν
1078 4076 1091 4090 ·
1118 4059 1246 4113 ὅταν
1281 4058 1336 4111 δὲ
1367 4060 1447 4121 είς
1473 4058 1567 4110 τὸν
1597 4059 1731 4111 Θεὸν
1759 4076 1886 4112 συν-

224 4147 398 4219 τείνῃ,
428 4147 549 4201 τότε
578 4146 730 4210 δίκας
765 4145 1115 4217 ἀπαιτῶμεν.
1169 4144 1308 4199 Ἀλλ’
1357 4145 1457 4198 οὑκ
1493 4141 1587 4199 οἷδ’
1609 4146 1755 4208 ὅπως
1786 4147 1889 4198 ἀπ-

226 4233 473 4297 εναντίας
524 4233 736 4287 ἅπαντα
777 4231 1238 4304 διαπραττόμεθα,
1287 4231 1382 4285 zeal
1439 4231 1503 4284 τά
1556 4231 1655 4301 μὲν
1686 4233 1765 4295 είς
1791 4231 1883 4285 τὸν

227 4320 361 4374 Θεὸν
385 4319 725 4374 διαϐαίνοντα
755 4319 1121 4391 ἁμαρτήματα
1150 4317 1270 4371 οὑδὲ
1296 4317 1432 4380 ὅλως
1450 4316 1681 4370 ἐκδικεῖν
1714 4333 1881 4370 σπου-

227 4405 482 4476 δάζομεν,
512 4406 577 4460 ἂν
606 4406 663 4459 δέ
697 4422 750 4458 τι
786 4405 895 4460 τῶν
925 4404 1193 4475 τυχόντων
1222 4404 1303 4467 είς
1343 4404 1492 4475 ἡμᾶς
1523 4402 1885 4474 ἀμαρτηθείη,

228 4492 417 4545 τούτου
453 4492 672 4563 σφοδροὶ
703 4489 966 4562 γινόμεθα
995 4490 1276 4556 ἐξετασταὶ
1306 4490 1400 4542 zeal
1442 4490 1758 4562 κατήγοροι,
1788 4490 1890 4543 οὑκ

229 4578 430 4641 ειδότες
453 4580 534 4632 ὅτι
571 4576 742 4651 ταύτῃ
770 4578 863 4631 zeal
888 4575 1147 4647 μειζόνως
1180 4576 1300 4629 καθ’
1326 4579 1359 4647 ἡ
1368 4575 1484 4647 μῶν
1528 4576 1726 4647 μᾶλλον
1754 4593 1889 4647 παρ-

230 4664 492 4733 οξύνομεν
531 4664 622 4717 τὸν
663 4663 1040 4734 φιλάνθρωπον
1084 4662 1381 4733 Δεσπότην.
1453 4662 1574 4714 Ὀτι
1618 4661 1727 4733 γὰρ
1770 4661 1892 4726 ἔθος

232 4749 386 4823 [illi]
404 4750 482 4819 τῷ
510 4750 714 4819 Θεῷτά
736 4751 833 4821 μὲν
861 4750 941 4814 είς
977 4748 1139 4803 αὑτὸν
1170 4747 1426 4810 πολλάκις
1448 4746 1889 4817 ἀποπέμπεσθαι,

231 4838 303 4892 τά
333 4836 392 4889 δὲ
422 4838 501 4898 εἰς
531 4838 655 4900 τοὺς
711 4837 938 4904 πλησίον
989 4836 1248 4907 γινόμενα
1296 4835 1690 4906 ἁμαρτήματα,
1721 4834 1893 4888 ταῦτα

236 4923 378 4995 μετά
413 4921 610 4992 πολλῆς
642 4922 875 4976 ἐκδικεῖν
904 4923 1007 4994 τῆς
1050 4922 1428 4994 σφοδρότητος,
1472 4922 1635 4975 ἄκουε
1663 4920 1758 4975 τοῦ
1795 4921 1894 4992 μὲν

239 5009 512 5082 μακαρίου
545 5008 754 5061 Παύλου
774 5010 1025 5077 λέγοντος
1044 5026 1058 5041 ·
1104 5010 1178 5063 Εἰ
1203 5026 1295 5074 τις
1318 5007 1574 5077 γυναῖκα
1596 5008 1720 5076 ἔχει
1755 5007 1889 5063 ἄπι-

234 5113 408 5162 στον,
443 5096 541 5150 καὶ
588 5093 742 5161 αὐτὴ
779 5094 1137 5149 συνευδοκεῖ
1175 5093 1360 5148 οἰκεῖν
1388 5094 1516 5162 μετ’
1557 5094 1764 5160 αὑτοῦ,
1805 5093 1893 5163 μὴ

236 5183 455 5253 ἀφιέτω
476 5181 689 5249 αὐτήν.
730 5181 844 5236 Kal
876 5180 1028 5250 γυνὴ
1054 5181 1110 5233 ει
1140 5197 1228 5246 τις
1251 5180 1376 5248 ἔχει
1398 5179 1587 5246 ἄνδρα
1613 5180 1894 5247 ἄπιστον,

238 5269 339 5323 καί
372 5266 555 5333 αὐτὸς
583 5265 941 5321 συνευδοκεῖ
964 5265 1147 5320 οίκεῖν
1167 5267 1293 5335 μετ’
1329 5263 1537 5333 αὐτῆς,
1562 5264 1649 5334 μὴ
1681 5266 1898 5334 ἀφιέτω

239 5356 445 5410 αὐτόν.
498 5350 653 5417 Εἶδες
691 5352 832 5423 πόση
883 5353 918 5423 ἡ
959 5350 1401 5419 συγκατάϐασις;
1452 5350 1568 5404 Κᾶν
1600 5351 1801 5423 Ἕλλην
1835 5351 1893 5427 ᾗ,

241 5443 393 5515 φησὶ,
430 5440 532 5494 κᾶν
570 5440 817 5502 ἄπιστος,
851 5438 1209 5508 καταδέχεται
1241 5437 1299 5490 δὲ
1341 5436 1404 5489 τὸ
1434 5436 1785 5503 συνοικέσιον,
1820 5441 1894 5511 μὴ

244 5529 575 5600 παραιτήσῃ.
617 5525 720 5581 Kal
742 5526 904 5582 πάλιν
926 5541 940 5555 ’
966 5524 1094 5579 Κᾶν
1120 5523 1325 5592 “me;
1349 5522 1616 5594 τυγχάνῃ
1646 5525 1685 5593 ἡ
1717 5527 1893 5595 γυνὴ,

244 5614 359 5671 κᾶν
380 5614 650 5679 ἄπιστος,
667 5613 954 5677 ,βούλεται
983 5611 1051 5666 δὲ
1080 5608 1406 5678 συνοικεῖν,
1434 5608 1520 5679 μή
1550 5611 1784 5681 ἀπώσῃ.
1833 5615 1893 5668 Τί

1345 236 1412 321 IN
1445 238 1598 298 CAP.
1640 238 1754 323 vn}
1812 238 2051 300 canas.
2089 241 2323 301 nam.
2364 244 2534 300 xxv:

3538 249 3645 305 232

1982 355 2110 427 γὰρ,
2141 358 2326 428 φησὶν,
2354 358 2541 424 οἶδας,
2565 355 2612 415 ὦ
2655 356 2849 426 γύναι,
2889 358 2941 411 εί
2972 358 3080 412 τόν
3113 358 3301 428 ἄνδρα
3334 362 3571 426 σώσεις,
3608 366 3644 430 ἢ

1979 442 2032 494 τί
2057 438 2257 506 οἶδας,
2288 440 2451 509 ἆνερ,
2483 444 2536 495 εί
2565 443 2679 510 τὴν
2706 443 2959 511 γυναῖκα
2986 443 3206 511 σώσεις
3223 462 3242 509 ;
3271 448 3412 517 Ὅρα
3442 446 3557 510 πῶς
3584 451 3643 501 οὑ

1979 526 2175 579 κωλύει
2203 528 2296 581 τὸν
2326 527 2660 583 ἀπιστοῦντα
2687 528 2888 602 αὑτῷἢ
2920 532 3020 601 τὴν
3049 533 3382 586 ἀπιστοῦσαν
3416 535 3640 588 καταδέ-

1978 611 2163 682 χεσθαι
2189 615 2269 677 είς
2297 613 2386 667 τὸν
2428 615 2520 667 τοῦ
2556 618 2886 671 συνοικεσίου
2919 618 3100 687 νόμον.
3160 621 3360 673 ’Ἄκουε
3393 620 3448 672 δὲ
3477 620 3644 675 πάλιν
3686 604 3701 613 ”

1977 699 2138 753 αὑτοῦ
2170 701 2264 753 τοῦ
2292 700 2528 772 Χριστοῦ
2561 702 2813 771 λέγοντος
2855 707 2967 767 τοῖς
3002 706 3271 777 μαθηταῖς
3297 724 3311 771 ;
3350 706 3512 775 Λέγω
3535 707 3647 775 τὰρ

1978 786 2136 846 ιίιιῖν.
2175 786 2265 839 ὅτι
2302 787 2421 854 πᾶς
2450 793 2482 842 ό
2523 790 2809 844 ἀπολύων
2854 789 2969 855 τὴν
3001 793 3255 861 γυναῖκα
3284 792 3469 846 αὑτοῦ
3497 808 3647 862 παρ-

1976 871 2152 937 εκτὸς
2202 876 2389 941 λόγου
2436 876 2748 941 πορνείας,
2798 876 2957 928 ποιεῖ
2994 878 3188 945 αὐτὴν
3230 878 3642 947 μοιχευθῆναι.

1977 956 2151 1028 Πολλὴ
2188 959 2281 1029 τῆς
2313 960 2720 1031 φιλανθρωπίας
2748 964 2780 1031 ἡ
2830 963 3120 1033 ὑπερϐολή.
3173 965 3295 1017 Κᾶν
3330 966 3553 1028 ἄπιστος
3583 963 3644 1038 ᾖ,

1978 1042 2157 1114 φησὶν.
2198 1045 2231 1115 ἢ
2268 1045 2474 1115 ἐθνικὴ,
2531 1047 2885 1116 καταδέχεται
2917 1041 3248 1117 δὲίκάτεχε·
3286 1050 3351 1102 ἂν
3392 1050 3448 1101 δέ
3478 1053 3556 1113 εἰς
3586 1052 3644 1105 σέ

1975 1129 2214 1201 ἁμάρτῃ.
2245 1132 2338 1183 zezel
2368 1132 2475 1183 τῶν
2505 1131 2786 1201 συνθηκῶν
2820 1132 3164 1202 ἐπιλάθηται,
3190 1136 3285 1186 καὶ
3305 1134 3404 1204 τὴν
3442 1135 3645 1206 ἐτέρων

1975 1216 2255 1268 κοινωνίαν
2301 1219 2634 1290 προτιμήσῃ,
2682 1217 2857 1283 ἔξεστί
2895 1235 2977 1271 σοι
3021 1218 3270 1272 ἐκϐαλεῖν
3303 1220 3395 1271 καὶ
3425 1219 3648 1274 ἀπῶσα-

1976 1300 2097 1354 σθαι
2155 1303 2337 1355 Ταῦτα
2372 1303 2710 1373 λογιζόμενοι
2753 1305 3143 1374 σπουδὰζωμεν
3172 1306 3265 1357 καὶ
3295 1307 3452 1377 ἡμεῖς
3489 1308 3647 1377 ἀμεί-

1974 1387 2163 1442 ϐεσθαι
2209 1389 2298 1441 τὸν
2326 1391 2599 1460 Δεσπότην
2634 1389 2732 1459 τῆς
2761 1392 2840 1454 είς
2876 1392 3022 1462 ἡμᾶς
3047 1392 3280 1454 εὑνοίας,
3330 1393 3424 1444 zeal
3452 1392 3645 1466 ῶσπερ

1974 1474 2134 1535 αὑτὸς
2163 1473 2229 1526 τὰ
2265 1474 2361 1544 μὲν
2384 1477 2463 1537 είς
2499 1475 2657 1528 αὑτὸν
2706 1475 3131 1545 ἀποπέμπεσθαι
3167 1476 3539 1547 καταδέχεται,
3579 1478 3650 1530 τὰ

1971 1558 2026 1609 δὲ
2065 1559 2304 1628 ἡμέτερα
2335 1559 2537 1613 ἐκδικεῖ
2567 1561 2661 1612 καὶ
2704 1560 2839 1629 μετά
2888 1561 3087 1631 πολλῆς
3127 1561 3225 1631 τῆς
3260 1561 3644 1633 σφοδρότητος,

1973 1643 2063 1696 τὸν
2103 1645 2263 1698 αὑτὸν
2305 1646 2369 1715 δὴ
2401 1646 2601 1717 τρόπον
2634 1647 2728 1700 zeal
2766 1647 2917 1699 αὐτοὶ
2958 1647 3198 1718 ποιῶμεν
3223 1665 3237 1677 ’
3283 1649 3376 1701 καὶ
3409 1649 3509 1701 ὅσα
3547 1648 3647 1718 μὲν

1975 1731 2056 1793 εἰς
2093 1732 2239 1799 ἡμᾶς
2276 1733 2674 1802 ἁμαρτάνουσιν
2706 1735 2753 1786 οἱ
2783 1733 3009 1804 πλησίον
3041 1734 3429 1804 συγχωρῶμεν,
3463 1736 3562 1787 ὅσα
3590 1735 3645 1789 δὲ

1974 1817 2054 1878 είς
2097 1817 2187 1868 τὸν
2223 1817 2353 1869 Θεὸν
2383 1819 2664 1883 συντείνει,
2694 1818 2863 1872 ταῦτα
2899 1819 3034 1889 μετὰ
3064 1820 3264 1887 πολλῆς
3291 1820 3386 1889 τῆς
3414 1820 3647 1892 σπουδῆς

1973 1902 2206 1955 ἐκδικ-ῖν
2245 1905 2653 1975 σπουδάζωμεν.
2705 1906 2874 1959 Τοῦτο
2918 1906 3025 1976 γάρ
3059 1907 3151 1959 zeal
3195 1908 3340 1976 ἡμᾶς
3376 1905 3647 1976 ὠφελήσει

1973 1987 2042 2040 τὰ
2093 1989 2345 2057 μέγιστα,
2376 1992 2468 2044 καὶ
2511 1993 2635 2055 τοὺς
2666 1994 2764 2063 τὴν
2809 1991 3089 2064 διόρθωσιν
3129 1992 3447 2062 δεχομένους
3480 1992 3541 2044 οὑ
3578 1991 3648 2046 τὰ

1972 2074 2203 2144 τυχόντα
2248 2076 2474 2148 ὀνίνησι.
2528 2079 2681 2149 Τάχα
2738 2080 2818 2142 είς
2862 2079 2996 2132 πολὺ
3040 2079 3210 2149 μῆκος
3252 2080 3381 2149 ἡμῖν
3418 2078 3645 2150 ἐξετάθη

1976 2162 2211 2232 σήμερον
2257 2162 2324 2215 τά
2361 2162 2643 2234 προοίμια.
2700 2165 2809 2217 Kal
2849 2164 2901 2216 τί
2937 2164 3121 2227 πάθως
3175 2165 3286 2234 Οὑχ
3324 2164 3464 2218 ἐκὼν
3491 2162 3648 2217 τοῦτο

1972 2247 2263 2317 ὑπέμεινα,
2296 2250 2409 2302 ἀλλ’
2442 2249 2545 2302 ὑπὸ
2580 2252 2678 2320 τῆς
2711 2248 3031 2308 ἀκολουθίας
3060 2249 3151 2302 τοῦ
3196 2249 3352 2318 λόγου
3400 2266 3646 2321 παρασυ-

1978 2332 2105 2402 ρείς.

2059 2419 2271 2489 Ἐπειδὴ
2304 2419 2359 2472 δὲ
2410 2421 2536 2490 περὶ
2586 2420 2677 2473 τοῦ
2721 2419 3104 2490 κατακλυσμοῦ
3141 2423 3247 2485 πᾶς
3285 2425 3313 2476 6
3345 2423 3499 2492 λόγος
3532 2425 3646 2477 ἐκι-

1972 2504 2109 2576 νήθη
2148 2507 2300 2575 ἡμῖν,
2334 2505 2577 2576 ἀνάγκην
2608 2506 2836 2575 ἔσχομεν
2867 2505 3033 2570 δεῖξαι
3071 2510 3135 2577 τῇ
3167 2508 3408 2580 ὑμετέρᾳ
3435 2511 3644 2582 ἀγάπῃ.

1973 2591 2056 2644 ὅτι
2107 2592 2200 2644 zeal
2244 2593 2298 2644 αί
2340 2592 2597 2662 τιμωρίαι
2635 2592 2689 2644 al
2745 2594 2891 2662 παρά
2928 2592 3021 2645 τοῦ
3067 2592 3199 2646 Θεοῦ
3251 2593 3649 2667 φιλανθρωπίαι

1978 2678 2175 2747 μᾶλλόν
2213 2679 2348 2729 είσιν
2382 2678 2414 2747 ἢ
2448 2677 2733 2748 τιμωρίαι,
2762 2676 2951 2748 ῶσπερ
2989 2675 3083 2731 οὖν
3116 2680 3278 2743 αὑτὸς
3322 2681 3350 2732 ὁ
3382 2682 3650 2735 κατακλυ-

1978 2763 2134 2832 σμός.
2176 2761 2443 2832 Καθάπερ
2486 2762 2592 2832 γὰρ
2626 2760 2807 2831 πατὴρ
2842 2761 3211 2833 φιλόστοργος.
3258 2765 3553 2835 κηδεμονίᾳ
3580 2768 3647 2837 τῇ

1978 2848 2108 2919 περὶ
2147 2847 2245 2919 τὴν
2278 2847 2551 2917 ἡμετέραν
2589 2846 2749 2915 φύσιν
2784 2846 2962 2915 πάντα
3004 2848 3413 2919 διαπράττεται.
3454 2851 3570 2905 Ἵνα
3593 2851 3650 2906 δέ

1977 2934 2073 2987 zeal
2119 2936 2182 2987 ἐκ
2224 2934 2332 2986 τῶν
2372 2933 2467 2985 νῦν
2506 2935 2638 3003 ἡμῖν
2680 2934 3058 3003 προκειμένων
3105 2937 3199 2988 καὶ
3240 2937 3304 2988 ἐκ
3338 2937 3446 2988 τῶν
3480 2938 3651 3009 σήμε-

1980 3036 2072 3088 ρον
2104 3017 2556 3088 ἀναγνωσθέντων
2587 3017 2795 3088 μάθητε
2823 3019 2987 3072 αὑτοῦ
3012 3020 3110 3090 τῆς
3145 3019 3554 3091 φιλανθρωπίας
3588 3021 3651 3075 τὸ

1982 3105 2226 3177 μέγεθος.
2262 3105 2581 3176 ἀκούσωμεν
2630 3094 2809 3159 αὐτῶν
2844 3104 2951 3158 τῶν
2990 3107 3088 3176 τῆς
3121 3107 3271 3170 θείας
3296 3108 3518 3178 Γραφῆς
3561 3112 3651 3180 ῥη-

1981 3195 2186 3264 μάτων.
2264 3196 2481 3265 Ἐπειδὴ
2533 3195 2643 3265 γὰρ
2684 3194 2812 3265 χθὲς
2857 3195 3095 3262 ἐδίδαξεν
3128 3199 3275 3268 ἡμᾶς
3316 3201 3345 3251 6
3386 3199 3650 3271 μακάριος

1980 3283 2219 3351 Μωῦσης
2236 3281 2427 3350 λέγων,
2450 3282 2532 3335 ὅτι
2563 3279 2803 3349 ’Υψώθη
2825 3281 2887 3334 τό
2914 3281 3068 3350 ὕδωρ
3097 3283 3194 3336 ἐπὶ
3235 3283 3346 3352 τῆς
3368 3284 3481 3352 γῆς
3506 3285 3650 3354 ἡμέ-

1970 3385 2088 3436 ρας
2116 3369 2332 3422 ἑκατόν
2356 3366 2734 3434 πεντήκοντα
2762 3368 2947 3439 (μέχρι
2978 3370 3087 3438 γὰρ
3113 3370 3303 3423 τούτου
3329 3372 3461 3441 ἡμῖν
3483 3372 3651 3441 ἐπλη-

1983 3453 2132 3524 ρώθη
2176 3456 2244 3509 τὰ
2278 3455 2376 3524 τῆς
2406 3454 2798 3523 διδασκαλίας),
2844 3455 3084 3526 σήμερόν
3132 3473 3285 3526 φησι,
3318 3457 3429 3511 Kal
3470 3457 3652 3527 ἐμνή-

1979 3543 2096 3607 σθη
2124 3544 2156 3594 ό
2193 3542 2338 3606 Θεὸς
2379 3540 2484 3594 τοῦ
2515 3539 2663 3604 Νῶε,
2713 3540 2811 3593 καὶ
2839 3539 3080 3594 πάντων
3117 3542 3238 3595 τῶν
3271 3544 3512 3610 θηρίων,
3551 3544 3652 3598 καί

1980 3625 2222 3680 πάντων
2268 3626 2387 3678 τῶν
2430 3624 2699 3691 κτηνῶν,
2753 3625 2852 3677 καὶ
2902 3625 3144 3680 πάντων
3182 3628 3298 3681 τῶν
3343 3630 3650 3693 πετεινῶν,

1980 3714 2079 3767 καὶ
2107 3712 2349 3766 πάντων
2376 3711 2494 3765 τῶν
2522 3710 2807 3780 ἑρπετῶν,
2839 3711 2956 3764 ὅσα
2985 3708 3064 3782 ἦν
3094 3714 3244 3783 μετὰ
3270 3714 3455 3768 αὑτοῦ
3476 3715 3547 3767 ἐν
3578 3714 3652 3784 τῇ

1981 3799 2225 3864 κιϐωτῷ.

2052 3893 2123 3955 γ’.
2153 3885 2261 3939 Θέα
2311 3902 2401 3955 μοι
2437 3884 2595 3938 πάλιν
2626 3884 2724 3955 τῆς
2757 3884 2904 3948 θείας
2930 3885 3154 3958 Γραφῆς
3175 3883 3272 3955 τὴν
3310 3885 3654 3954 συγκατάϐα-

1986 3991 2085 4027 σιν.
2117 3973 2225 4026 Kal
2258 3972 2552 4042 ἐμνήσθη.
2595 3973 2779 4041 φησὶν,
2813 3977 2845 4027 ό
2875 3975 3037 4038 Θεός.
3070 3973 3397 4043 Θεοπρεπῶς
3421 3972 3653 4042 νοῶμεν,

1982 4061 2273 4132 ἀγαπητοὶ,
2293 4062 2359 4114 τὰ
2377 4060 2664 4130 λεγόμενα,
2685 4060 2780 4112 zeal
2804 4061 2877 4131 μὴ
2901 4063 2964 4131 τῇ
2996 4060 3248 4131 ἀσθενείᾳ
3267 4061 3362 4130 τῆς
3380 4060 3652 4130 ἡμετέρας

1986 4148 2198 4218 φύσεως
2218 4145 2561 4217 λογιζώμεθα
2576 4146 2685 4200 τῶν
2707 4146 2903 4210 λέξεων
2915 4147 3013 4216 τὴν
3038 4145 3341 4216 παχύτητα.
3364 4146 3527 4199 Ὅσον
3547 4146 3653 4215 γὰρ

1984 4234 2120 4304 πρὸς
2140 4233 2236 4305 τὴν
2261 4233 2495 4305 άρρητον
2524 4232 2683 4301 φύσιν
2704 4231 2939 4300 ἐκείνην,
2968 4231 3182 4297 ἀνάξιον
3210 4230 3271 4283 τὸ
3299 4231 3449 4301 ῥῆμα
3468 4246 3480 4261 ⁸
3500 4228 3653 4301 [247]

1984 4320 2107 4374 ὅσον
2138 4319 2194 4372 δὲ
2226 4319 2360 4389 πρὸς
2402 4319 2500 4389 τὴν
2527 4318 2800 4389 ἡμετέραν
2829 4317 3131 4379 ἀσθένειαν,
3171 4315 3477 4380 ἀκολούθως
3507 4316 3653 4387 εῖρη-

1984 4425 2095 4461 ται.
2138 4403 2466 4475 Ἐμνήσθη,
2492 4406 2679 4472 φησὶν,
2716 4407 2749 4457 ό
2790 4403 2933 4468 Θεὸς
2966 4403 3072 4456 τοῦ
3101 4402 3251 4456 Νῶε.
3296 4402 3513 4472 Ἐπειδὴ
3548 4403 3655 4473 γάρ

1985 4493 2284 4563 διηγήσατο
2309 4492 2441 4560 ἡμῖν
2485 4490 2542 4542 ἐν
2573 4491 2684 4551 τοῖς
2731 4490 2832 4559 ήδη
2879 4488 3123 4560 ῥηθεῖσι,
3171 4487 3421 4558 καθάπερ
3458 4488 3652 4559 προλα-

1987 4578 2172 4640 ϐόντες
2202 4575 2517 4645 ἐδιδάξαμεν
2550 4573 2703 4643 ὑμῶν
2734 4574 2833 4644 τὴν
2855 4575 3094 4644 ἀγάπην,
3123 4574 3204 4626 ὅτι
3229 4575 3287 4626 ἐν
3307 4575 3426 4637 ταῖς
3462 4590 3659 4626 τεσσα-

1991 4664 2226 4736 ράκοντα
2267 4661 2502 4731 ἡμέραις
2544 4660 2638 4713 καὶ
2678 4659 2966 4722 τοσαύταις
3007 4658 3154 4723 νυξὶν
3200 4661 3228 4712 6
3271 4659 3424 4721 ὑετὸς
3445 4654 3653 4726 γέγονε,

1990 4752 2085 4804 zeal
2118 4751 2176 4802 ἐν
2213 4747 2407 4800 ἑκατὸν
2445 4748 2782 4817 πεντήκοντα
2817 4747 3050 4817 ἡμέραις
3086 4746 3177 4797 ἐπὶ
3208 4746 3306 4814 τῆς
3332 4744 3652 4813 ταυτότητος

1990 4837 2224 4906 διέμεινε
2253 4834 2385 4887 δέκα
2407 4833 2566 4886 πέντε
2587 4833 2783 4902 πήχεις
2803 4832 3101 4901 ὑψούμενον
3124 4831 3309 4883 ἐπάνω
3329 4828 3436 4881 τῶν
3462 4828 3652 4898 ὀρέων,

1990 4926 2086 4979 καὶ
2111 4924 2192 4976 ὅτι
2218 4921 2418 4975 τούτων
2445 4919 2744 4991 γινομένων
2768 4922 2797 4972 6
2832 4920 3040 4982 δίκαιος
3078 4920 3136 4971 ἐν
3160 4919 3227 4987 τῇ
3256 4915 3473 4986 κιϐωτῷ
3498 4916 3653 4984 ἐτύγ-

1992 5027 2174 5080 χανεν,
2196 5008 2316 5061 οὐδὲ
2338 5007 2428 5060 τὸν
2447 5007 2584 5077 ἀέρα
2605 5006 2862 5058 ἀναπνεῖν
2880 5004 3193 5072 δυνάμενος,
3219 5002 3484 5055 συνόντων
3509 5002 3654 5075 αύτῷ

1994 5096 2089 5150 zeal
2115 5094 2223 5147 τῶν
2247 5092 2455 5161 ἀλόγων
2497 5092 2769 5154 ἀπάντων,
2814 5089 2904 5143 διὰ
2941 5087 3098 5141 τοῦτό
3144 5104 3295 5156 φησι,
3332 5088 3444 5143 Kal
3475 5088 3653 5159 ἐμνή-

1992 5184 2111 5248 σθη
2132 5184 2165 5234 ό
2193 5180 2332 5245 Θεὸς
2361 5178 2467 5232 τοῦ
2494 5177 2640 5231 Νῶε.
2674 5177 2741 5231 Τί
2767 5178 2943 5241 ἐστιν,
2995 5174 3337 5244 Ἔμνήσθης
3379 5177 3650 5249 ᾯκτειρε,

1994 5268 2187 5338 φησὶν,
2241 5269 2270 5320 6
2312 5265 2444 5327 Θεὸς
2478 5264 2569 5317 τὸν
2615 5263 2820 5316 δίκαιον
2871 5263 2930 5315 ἐν
2980 5263 3046 5332 τῇ
3101 5260 3319 5331 κιϐωτῷ
3364 5263 3651 5331 διάγοντα,

1994 5354 2222 5424 ἠλέησεν
2251 5352 2414 5406 αὑτὸν
2442 5352 2500 5403 ἐν
2537 5348 2770 5421 τοσαύτῃ
2804 5348 3133 5419 στενοχωρίᾳ
3158 5349 3524 5419 τυγχάνοντα,
3557 5350 3652 5405 zeal

1993 5439 2052 5490 ἐν
2097 5435 2378 5506 ἀμηχανίᾳ
2424 5432 2759 5496 καθεστῶτα,
2806 5432 2898 5485 zeal
2939 5433 3040 5485 οὑκ
3082 5431 3259 5485 εἰδότα
3295 5432 3475 5504 μέχρι.
3508 5432 3651 5494 τίνος

1996 5525 2252 5595 στήσεται
2284 5522 2353 5576 τὰ
2371 5522 2534 5575 δεινά.
2577 5519 2777 5574 Ἑννόει
2802 5520 2911 5590 γάρ
2939 5536 3028 5591 μοι
3057 5520 3242 5584 ποίους
3266 5521 3498 5573 ἀνεκίνει
3526 5517 3650 5571 καθ’

1998 5610 2186 5667 ἐαυτὸν
2233 5608 2522 5678 λογισμοὺς
2552 5606 2688 5680 μετά
2725 5606 2824 5670 τὰς
2866 5607 3267 5679 τεσσαράκοντα
3309 5606 3518 5678 ἡμέρας
3555 5603 3650 5656 καὶ
