4066 6140
384 262 489 317 233

384 462 629 534 ἐφέρετο,
677 460 818 532 ὀρῶν
843 460 936 515 ἐπὶ
982 459 1177 513 ἐκατὸν
1224 460 1564 530 πεντήκοντα
1593 460 1805 532 ήμέρας
1834 462 1927 515 ἐπὶ
1967 461 2059 514 τοῦ

384 549 551 604 αὑτοῦ
583 549 780 620 μέτρου
801 545 871 601 τά
892 545 1060 600 ὑδατα
1088 545 1335 617 μένοντα,
1360 546 1456 599 καὶ
1480 546 1601 599 οὑδέ
1630 547 1765 611 ὅλως
1787 548 2022 619 λήγοντα
2042 563 2057 579 ο

387 636 560 689 καὶτὸ
587 635 650 706 δὴ
682 633 1082 706 χαλεπώτερον,
1108 634 1190 686 ὅτι
1216 631 1337 686 οὑδέ
1368 633 1551 697 αὑτοῖς
1580 633 1882 705 ὀφθαλμοῖς
1915 629 2060 704 εἶχεν

388 723 517 775 ίδεῖν
541 722 610 775 τὰ
636 720 1002 792 γεγενημένα,
1034 719 1151 773 ἀλλ’
1190 718 1659 790 ἐγκεκλεισμένος,
1696 721 1791 773 καὶ
1820 721 1880 774 οὑ
1909 720 2061 774 δυνά-

388 809 546 880 μενός
573 809 735 861 ποθεν
762 810 828 877 τῇ
870 807 987 876 ὕψει
1024 805 1317 860 ὑποϐαλεῖν
1362 805 1430 859 τά
1469 806 1835 876 κατειληφότα
1874 806 2056 871 δεινὰ,

388 896 608 966 μείζονα
628 895 725 967 τὴν
753 894 946 966 ὀδύνην
971 892 1230 963 ὑπέμενε,
1257 891 1350 945 καὶ
1380 891 1654 963 βαρύτερα
1680 893 1804 947 καθ’
1825 892 2062 965 ἑκάστην

384 981 747 1051 ἀνελογίζετο.
798 979 944 1050 Ἐγὼ
976 981 1032 1033 δὲ
1078 980 1171 1033 καὶ
1218 977 1483 1050 θαυμάζω
1521 978 1638 1043 πῶς
1666 978 1771 1032 ὑπὸ
1797 980 1896 1051 τῆς
1929 980 2060 1034 ἀθυ-

388 1069 517 1139 μίας
541 1068 711 1139 αὑτῆς
748 1069 809 1121 οὑ
851 1066 1147 1136 κατεπόθη,
1178 1068 1256 1130 εἰς
1285 1064 1488 1119 ἔννοιαν
1514 1066 1805 1138 ἐρχόμενος
1834 1068 1928 1121 καὶ
1955 1068 2055 1138 τῆς

384 1156 662 1219 ἀπωλείας
685 1156 780 1209 τοῦ
808 1154 913 1208 τῶν
939 1153 1240 1225 ἀνθρώπων
1275 1154 1485 1223 γένους,
1518 1154 1611 1207 καὶ
1644 1155 1743 1225 τῆς
1775 1155 2061 1226 μονώσεως

384 1242 483 1314 τῆς
502 1242 728 1306 οἰκείας,
775 1241 871 1296 καὶ
907 1242 1010 1311 τῆς
1042 1240 1285 1312 χαλεπῆς
1327 1241 1544 1311 ἐκείνης
1577 1241 1871 1312 διαγωγῆς.
1922 1242 2060 1295 Ἀλλ’

388 1330 421 1400 ή
452 1329 601 1383 αἰτία
634 1330 852 1383 πάντων
877 1327 1025 1398 αὑτῷ
1055 1328 1163 1381 τῶν
1191 1328 1411 1396 ἀγαθῶν
1435 1330 1469 1399 ή
1502 1329 1682 1393 πίστις
1714 1324 1837 1400 ἦνή
1870 1331 1950 1391 εἰς
1971 1330 2061 1383 τὸν

390 1416 545 1482 Θεὸν,
572 1416 640 1469 δι’
672 1417 738 1486 ἦν
773 1415 866 1469 καὶ
888 1415 1098 1486 ἀντεῖχε
1121 1417 1214 1468 καὶ
1247 1416 1426 1469 πάντα
1453 1415 1715 1484 γενναίως
1742 1416 1903 1489 ἐφερε
1920 1458 1935 1482 ,
1968 1416 2061 1470 καὶ

388 1503 456 1571 τῇ
498 1498 674 1552 ἐλπίδι
719 1500 1051 1570 τρεφόμενος
1089 1498 1299 1561 οὐδενὸς
1344 1496 1611 1569 ἐπῄσθετο
1639 1499 1747 1552 τῶν
1780 1498 2057 1572 λυπηρῶν.

401 1589 553 1640 Ἐπεὶ
588 1583 681 1641 οὖν
713 1589 781 1640 τά
821 1588 951 1657 παρ’
980 1586 1171 1639 ἐαυτοῦ
1202 1585 1470 1657 παρέσχε,
1512 1585 1606 1640 καὶ⁵
1645 1585 1742 1657 τὴν
1784 1586 2062 1658 ὑπομονὴν

391 1673 725 1740 ἐπεδείξατο,
748 1673 840 1727 καὶ
866 1673 1064 1744 δαψιλῆ
1085 1673 1182 1745 τὴν
1206 1673 1388 1725 πίστιν
1409 1673 1717 1744 εἰσήνεγκε,
1743 1672 1944 1744 πολλὴν
1964 1675 2061 1745 τὴν

387 1762 684 1835 καρτερίαν
713 1760 1152 1830 ἐπιδειξάμενος,
1186 1759 1376 1813 σκόπει
1411 1759 1505 1813 τοῦ
1546 1759 1754 1828 ἀγαθοῦ
1789 1759 1925 1813 Θεοῦ
1962 1761 2063 1833 τὴν

389 1849 588 1919 πολλὴν
613 1848 740 1919 περὶ
772 1846 935 1901 αὑτὸν
958 1844 1391 1916 φιλανθρωπίαν.
1423 1844 1532 1901 Kal
1553 1845 1849 1915 ἐμνήσθη,
1876 1847 2060 1917 φησὶν,

388 1939 422 1990 ό
448 1935 592 2001 Θεὸς
616 1934 724 1989 τοῦ
758 1933 907 1988 Νῶε.
941 1934 1055 2004 Οὑχ
1083 1932 1269 1996 ἁπλῶς
1297 1928 1440 1997 εἶπε,
1475 1933 1587 1987 Kal
1612 1933 1884 2003 ἐμνήσθη
1905 1950 1919 1964 ο
1948 1935 2062 1988 ἀλλ’

393 2021 578 2094 ἐπειδὴ
628 2020 976 2091 προλαϐοῦσα
1020 2021 1055 2092 ἡ
1110 2019 1230 2074 θεία
1263 2020 1456 2092 Γραφὴ
1487 2020 1587 2092 τὴν
1633 2022 1936 2093 μαρτυρίαν
1967 2021 2063 2093 τὴν

394 2110 541 2183 παρά
568 2107 663 2162 τοῦ
708 2107 857 2163 Θεοῦ
899 2106 1065 2178 δήλην
1101 2109 1234 2178 ἡμῖν
1266 2109 1491 2178 ἐποίησε
1529 2108 1656 2178 περὶ
1689 2109 1783 2161 τοῦ
1819 2108 2060 2173 δικαίου,

388 2198 659 2267 λέγοντος,
699 2197 957 2251 Εἷσελθε
984 2196 1072 2261 εἰς
1105 2195 1219 2263 τὴν
1241 2194 1511 2262 κιϐωτὸν,
1551 2194 1640 2250 ὅτι
1685 2211 1759 2250 σε
1782 2192 1947 2250 εἶδον
1973 2196 2062 2251 δί-

388 2303 560 2341 καιον
588 2287 659 2339 ἐν
697 2284 774 2354 τῇ
817 2283 992 2354 γενεᾷ
1031 2285 1221 2352 ταύτῃ
1243 2324 1260 2351 ,
1301 2283 1391 2337 διά
1416 2284 1575 2338 τοῦτο
1604 2286 1700 2340 νῦν
1742 2303 1877 2357 φησι
1899 2304 1913 2319 °
1948 2286 2063 2342 Kal

386 2372 658 2443 ἐμνήσθη
688 2376 720 2425 ό
748 2373 893 2438 Θεὸς
919 2371 1024 2425 τοῦ
1054 2370 1202 2436 Νῶε,
1243 2370 1387 2424 τοῦτ’
1419 2370 1555 2435 ἐστι,
1589 2373 1689 2441 τῆς
1720 2375 2061 2447 μαρτυρίας,

388 2462 455 2531 ἢν
485 2460 611 2529 περὶ
644 2457 808 2513 αὑτοῦ
850 2457 1163 2527 ἐποιήσατο,
1196 2457 1531 2528 ἀνεμνήσθη,
1566 2458 1661 2510 καὶ
1690 2458 1752 2511 οὑ
1793 2459 2065 2530 περιεῖδεν

388 2548 482 2601 ἐπὶ
511 2546 645 2598 πολὺ
675 2545 766 2597 τὸν
817 2545 1062 2609 δίκαιον,
1110 2543 1246 2597 ἀλλὰ
1283 2543 1446 2615 μέχρι
1485 2544 1743 2597 τοσούτου
1792 2547 2066 2616 μακροθυ-

391 2638 600 2707 μήσας,
627 2632 819 2705 μέχρις
856 2633 944 2686 ὅτε
974 2633 1244 2703 ἀντισχεῖν
1287 2631 1551 2702 ἠδύνατο,
1593 2633 1713 2686 τότε
1743 2633 1927 2687 λοιπὸν
1966 2636 2066 2705 τὴν

389 2724 522 2792 παρ’
554 2720 749 2774 ἐαυτοῦ
790 2720 1045 2790 δωρεῖται
1076 2718 1256 2790 χάριν.
1290 2718 1459 2781 Εἰδὼς
1490 2717 1599 2790 γὰρ
1638 2719 1794 2790 ήμῶν
1822 2722 1922 2791 τῆς
1961 2722 2065 2792 φύ-

391 2826 529 2872 σεως
553 2808 651 2878 τὴν
674 2805 982 2869 ἀσθένειαν,
1012 2806 1229 2859 ἐπειδὰν
1256 2806 1585 2877 συγχωρήσῃ
1617 2808 1919 2879 πειρασμόν
1946 2826 2067 2863 τινα

388 2894 783 2966 ἐπενεχθῆναι,
829 2893 991 2964 μέχρι
1041 2891 1296 2947 τοσούτου
1337 2892 1562 2964 ἀφίησι,
1605 2893 1800 2964 μέχρις
1837 2894 1927 2947 ὅτε
1958 2891 2067 2949 οἶδε

387 2982 723 3054 δυναμένους
779 2982 1140 3050 ὑπενεγκεῖν,
1194 2980 1281 3034 ἵνα
1327 2980 1422 3035 καὶ
1452 2981 1585 3052 ἡμῖν
1629 2981 1728 3052 τῆς
1770 2983 2068 3054 καρτερίας

388 3072 667 3143 ἀρκοῦσαν
693 3070 793 3142 τὴν
819 3068 1053 3140 ἀμοιϐὴν
1082 3068 1396 3140 χαρίσηται,
1420 3069 1514 3123 καὶ
1534 3067 1632 3139 τὴν
1656 3069 1856 3123 οἰκείαν
1879 3070 2068 3139 φιλαν-

350 3166 353 3175 “
388 3159 635 3230 θρωπίαν
679 3157 1045 3227 ἐπιδείξηται·
1082 3154 1336 3227 καθάπερ
1378 3155 1474 3209 καὶ
1514 3155 1728 3220 Παῦλός
1767 3174 1934 3229 φησιο
1965 3161 2068 3212 Πι-

387 3247 535 3311 στὸς
560 3245 629 3299 δὲ
650 3248 682 3299 ό
709 3244 878 3310 Θεὸς,
900 3243 968 3310 ὃς
993 3244 1104 3298 οὐκ
1120 3242 1287 3296 ἐάσει
1315 3240 1471 3312 ὑμᾶς
1496 3242 1889 3312 πειρασθῆναι
1912 3243 2066 3313 ὑπὲρ

390 3334 421 3388 ὃ
449 3333 734 3394 δύνασθε,
761 3331 922 3385 ἀλλὰ
945 3330 1186 3400 ποιήσει
1219 3329 1341 3384 σὺν
1364 3328 1445 3395 τῷ
1480 3330 1788 3400 πειρασμῷ
1820 3333 1921 3386 καί
1952 3334 2067 3401 τὴν

388 3422 675 3484 ἔκϐασιν,
713 3418 817 3472 τοῦ
848 3417 1144 3472 δύνασθαι
1186 3414 1341 3486 ὑμᾶς
1367 3418 1740 3488 ὑπενεγκεῖν.
1786 3418 1940 3473 Ἐπεί⁵
1971 3417 2066 3474 οὖν

392 3510 487 3564 καὶ
528 3511 555 3563 6
588 3508 797 3571 δίκαιος
838 3499 996 3571 οὗτος
1034 3505 1134 3579 τὴν
1190 3507 1486 3579 καρτερίαν
1522 3507 1615 3560 καὶ
1640 3506 1739 3578 τὴν
1789 3507 2066 3580 ὑπομονὴν

390 3596 738 3663 ἐπεδείξατο,
774 3595 953 3649 πίστει
987 3597 1050 3667 τῇ
1100 3596 1180 3658 εἰς
1216 3594 1307 3649 τὸν
1347 3587 1480 3649 Θεὸν
1521 3593 1616 3663 τὴν
1652 3594 1711 3647 ἐν
1747 3596 1814 3665 τῇ
1846 3594 2067 3666 κιϐωτῷ

390 3685 602 3756 οἴκησιν
641 3684 1041 3755 ἀνασχόμενος,
1089 3681 1241 3755 [248]
1280 3681 1391 3736 Kal
1426 3681 1738 3752 ἐμνήσθη,
1790 3682 1989 3753 φησὶν,
2033 3688 2067 3740 ό

392 3772 537 3839 Θεὸς
565 3771 673 3826 τοῦ
697 3770 844 3825 Νῶε.
875 3768 1007 3823 Εἶτα
1038 3770 1127 3823 ἵνα
1154 3770 1331 3841 μάθῃς
1355 3768 1516 3823 αὑτοῦ
1540 3769 1639 3840 τῆς
1660 3769 2067 3842 φιλανθρωπίας

388 3861 489 3931 τὴν
552 3859 810 3924 ἄϐυσσον,
842 3858 1186 3931 προσέθηκεν
1215 3860 1249 3929 ἡ
1293 3858 1413 3911 θεία
1441 3859 1481 3910 Γ
1487 3858 1662 3929 ραφή·
1686 3857 1796 3911 Kal
1824 3856 2068 3911 πάντων

389 3946 509 4001 τῶν
538 3947 776 4016 θηρίων,
811 3947 907 4001 καί
943 3945 1184 4000 πάντων
1229 3946 1348 4000 τῶν
1380 3945 1647 4013 κτηνῶν,
1687 3944 1783 3999 καί
1822 3944 2067 4000 πάντων

390 4033 510 4089 τῶν
561 4030 880 4096 πετεινῶν,
929 4033 1028 4085 καὶ
1065 4032 1309 4085 πάντων
1351 4029 1472 4085 τῶν
1502 4029 1768 4099 ἑρπετῶν
1791 4071 1807 4097 ,
1840 4031 1959 4086 ὅσα
1985 4028 2065 4102 ἦν

384 4122 510 4192 μετ’
540 4120 727 4175 αὑτοῦ
765 4120 836 4172 ἐν
866 4117 941 4186 τῇ
971 4116 1214 4182 κιϐωτῷ.

462 4208 605 4276 Ὅρα
653 4206 771 4269 πῶς
818 4204 1036 4258 ἀπαντα
1070 4203 1159 4256 διὰ
1186 4202 1285 4271 τὴν
1327 4203 1408 4265 εἰς
1449 4202 1542 4255 τὸν
1584 4202 1869 4273 ἄνθρωπον
1899 4202 2064 4274 τιμὴν

390 4294 700 4365 ἐργάζεται.
731 4290 1000 4361 Καθάπερ
1028 4290 1137 4361 γὰρ
1167 4290 1261 4343 ἐπὶ
1299 4289 1409 4343 τῶν
1450 4289 1807 4344 ἀπολωλότων
1837 4290 1942 4344 ὑπὸ
1968 4289 2064 4344 τοῦ

391 4379 777 4451 κατακλυσμοῦ
808 4378 905 4432 ἀνο
916 4378 1133 4450 ρώπων,
1168 4379 1285 4450 μετ’
1309 4377 1531 4433 ἐκείνων
1559 4378 1654 4432 καὶ
1680 4377 1779 4450 τὴν
1801 4377 1912 4433 τῶν
1940 4377 2066 4432 ἀλό-

390 4487 505 4539 γων
534 4467 691 4533 ζώων
729 4466 892 4537 φύσιν
920 4466 1139 4521 ἅπασαν
1164 4466 1487 4537 διέφθειρεν,
1522 4464 1665 4521 οῦτω
1694 4466 1787 4521 καὶ
1832 4465 2067 4520 ἐνταῦθα

394 4559 605 4631 μέλλων
644 4557 744 4628 τὴν
781 4556 991 4610 οἰκείαν
1035 4555 1445 4627 φιλανθρωπίαν
1493 4555 1899 4610 ἐπιδείκνυσθαι
1938 4556 2068 4627 περὶ

389 4640 483 4694 τόν
519 4639 745 4703 δίκαιον,
783 4637 872 4691 διά
901 4638 999 4708 τὴν
1034 4640 1115 4700 εἰς
1135 4638 1296 4692 αὑτὸν
1320 4637 1518 4709 τιμὴν,
1551 4638 1646 4691 καὶ
1676 4638 1805 4709 περὶ
1829 4638 1930 4709 τὴν
1959 4637 2068 4692 τῶν

390 4727 601 4797 ἀλόγων
634 4724 816 4796 φύσιν,
850 4725 944 4779 καὶ
974 4725 1043 4778 τά
1075 4724 1244 4795 θηρία
1281 4726 1379 4778 καὶ
1405 4724 1475 4778 τά
1504 4726 1729 4780 πετεινά
1758 4726 1851 4779 καὶ
1876 4725 1945 4779 τὰ
1972 4727 2067 4799 ἐρ-

393 4815 535 4869 πετά
585 4813 818 4868 ἐκτείνει
860 4811 1026 4866 αὑτοῦ
1076 4810 1175 4882 τὴν
1230 4810 1562 4881 ἀγάθότητα.
1609 4812 1719 4866 Kal
1769 4813 2065 4883 ἐμνήσθη,

392 4903 577 4974 φησὶν,
616 4904 650 4956 ό
678 4901 823 4968 Θεὸς
856 4900 961 4956 τοῦ
995 4898 1143 4961 Νῶε,
1171 4898 1270 4952 καί
1295 4897 1539 4953 πάντων
1563 4897 1683 4953 τῶν
1706 4901 1945 4967 θηρίων,
1969 4903 2067 4956 καί

395 4989 639 5043 πάντων
662 4988 780 5043 τῶν
804 4985 1064 5056 κτηνῶν,
1098 4987 1194 5041 καί
1230 4985 1350 5040 τῶν
1391 4986 1675 5055 ἑρπετῶν,
1710 4988 1810 5042 καί
1848 4988 1965 5043 ὅσα
1991 4985 2071 5059 ἦν

391 5078 518 5146 μετ’
557 5077 745 5133 αὐτοῦ
794 5075 867 5130 ἐν
915 5074 990 5143 τῇ
1032 5072 1275 5138 κιϐωτῷ.
1321 5074 1434 5129 Kal
1493 5073 1796 5144 ἐπήγαγεν
1844 5079 1877 5130 ό
1925 5078 2071 5141 Θεὸς

394 5165 633 5233 πνεῦμα
668 5164 767 5219 ἐπὶ
821 5162 938 5232 τὴν
973 5162 1113 5232 γῆν,
1152 5162 1250 5217 καὶ
1296 5162 1563 5217 ἐκόπασε
1608 5162 1676 5217 τὸ
1707 5162 1883 5231 ὕδωρ.
1912 5160 2071 5236 Μνη-

396 5249 572 5316 σθεὶς,
604 5251 759 5321 φησὶ,
794 5250 890 5304 τοῦ
922 5249 1047 5303 Νῶε
1068 5288 1083 5314 ,
1119 5249 1214 5304 καὶ
1243 5248 1351 5303 τῶν
1385 5249 1503 5321 μετ’
1528 5250 1693 5304 αὑτοῦ
1726 5251 1895 5304 ὄντων
1916 5253 1975 5305 ἐν
2002 5255 2062 5325 τῇ

393 5337 612 5409 κιϐωτῷ
640 5337 970 5410 προσέταξεν
1004 5337 1357 5408 ἐπισχεθῆναι
1387 5337 1493 5390 τῶν
1519 5338 1726 5393 ὑδάτων
1751 5338 1850 5410 τὴν
1874 5337 2065 5410 φορὰν,

394 5426 483 5481 ἴνα
510 5424 654 5480 κατὰ
689 5424 886 5496 μικρὸν
911 5424 1009 5496 τὴν
1034 5424 1241 5480 οἰκείαν
1269 5425 1608 5497 ἐπιδείξηται
1630 5425 2065 5497 φιλανθρωπίαν,

392 5514 486 5567 καὶ
515 5512 699 5568 λοιπὸν
727 5512 819 5567 τὸν
849 5513 1056 5567 δίκαιον
1080 5514 1417 5568 ἀναπνεῦσαι
1448 5515 1671 5588 ποιήσῃ,
1705 5514 1801 5569 καὶ
1837 5515 1935 5585 τῆς
1962 5513 2066 5568 τῶν

391 5598 667 5671 λογισμῶν
700 5600 947 5672 ταραχῆς
980 5600 1355 5672 ἐλευθερώσας
1390 5602 1470 5665 εἰς
1500 5602 1743 5673 γαλήνην
1782 5602 1943 5656 αὑτὸν
1973 5618 2067 5655 κα-

393 5688 659 5761 ταπήσῃ,
692 5688 1059 5760 χαρισάμενος
1091 5688 1188 5742 καὶ
1218 5687 1313 5742 τοῦ
1338 5687 1515 5759 φωτὸς
1534 5689 1631 5761 τὴν
1657 5688 1954 5743 ἀπόλαυσιν
1974 5687 2067 5742 καὶ

394 5770 488 5824 τοῦ
523 5772 684 5845 ἀέρος
715 5772 813 5846 τὴν
840 5773 1133 5847 ἀναπνοήν.
1164 5772 1276 5827 Kal
1299 5772 1602 5844 ἐπήγαγεν
1629 5775 1663 5831 ό
1697 5774 1862 5843 Θεὸς,
1894 5774 2027 5847 φησὶ
2050 5811 2067 5840 ρ

457 5874 481 5902 ⁸
506 5872 656 5926 Sam.
682 5877 734 5927 in
767 5890 921 5943 marg.
946 5891 977 5931 e
999 5890 1100 5931 var.
1128 5878 1251 5930 lect.
1286 5876 1512 5940 λέγουσα.

1180 259 1237 314 S.
1279 257 1567 314 JOANNIS
1605 257 2095 317 CHRYSOSTOMI
2133 260 2456 319 ARCIIIEP.
2496 257 3044 317 CONSTANTINOP.

286 404 289 407 -
381 380 483 441 τὰς
519 374 938 447 τεσσαράκοντιΐ
954 373 1176 440 νύκτας,
1224 372 1291 436 ἃς
1316 375 1348 444 ἡ
1377 372 1485 425 τῶν
1518 372 1724 427 ὑδάτων
1753 376 1893 446 φορά
1928 394 2059 429 κειτ-

3728 256 3840 313 εει

2163 377 2398 447 πνεῦμα
2423 376 2521 430 ἐπὶ
2547 375 2662 441 τὴν
2694 374 2833 444 γῆν,
2857 373 2951 428 καὶ
2973 373 3238 428 ἐκόπασε
3265 373 3329 429 τὸ
3371 372 3541 442 ὓδωρ.
3576 374 3686 429 Καὶ
3728 374 3844 426 ἐπ-

2158 465 2591 533 εκαλύφθησαν
2631 465 2691 517 ul
2730 461 2911 530 πηγαὶ
2953 459 3060 529 τῆς
3096 459 3373 516 άϐῦσσου
3407 461 3504 514 καί
3533 463 3590 514 οι
3620 461 3843 529 καταρι

2154 548 2371 615 {dum
2421 548 2528 602 τοῦ
2575 546 2859 615 οὐρανοῦ.
2919 547 3062 617 Ὅρα
3112 545 3231 610 πῶς
3284 546 3642 617 ἀνθρωπίνως
3703 545 3845 615 ἡμῖν

2162 635 2376 689 ᾶπαντα
2402 634 2735 703 διαλέγεται.
2781 634 3347 702 Ἐπεκαλύςρθησαν,
3387 632 3515 704 γάρ,
3557 632 3747 702 φησὶν,
3778 633 3845 684 αἱ

2168 721 2347 790 πηγαί
2370 720 2480 789 τῆς
2503 722 2782 775 ἀϐύσσου
2802 720 2899 774 καί
2925 724 2978 774 οἰ
3001 720 3399 789 καταρράκται
3426 721 3532 775 τοῦ
3550 719 3840 787 οὐρανοῦ,

2169 809 2262 862 καί
2297 810 2639 877 συνεσχέοη
2681 811 2713 863 ό
2740 807 2913 873 ὑετὸς
2956 808 3063 862 τοῦ
3107 808 3398 876 οὐρανοῦ,
3437 807 3724 878 μονονουχὶ
3745 805 3842 857 λέο

2170 913 2335 964 γουσα
2361 898 2443 950 ὅτι
2477 896 2620 963 εδοξε
2653 895 2733 966 τῷ
2762 895 3027 968 Δεσπότῃ,
3060 895 3156 948 καὶ
3188 894 3351 949 πάλιν
3378 895 3471 947 ἐπὶ
3506 893 3607 963 τῆς
3627 891 3846 955 οἰκείας

2159 982 2345 1054 χώρας
2370 983 2438 1036 τά
2470 982 2640 1037 ὑδατα
2669 983 2875 1053 ἔμεινε,
2897 983 2990 1036 καὶ
3012 984 3111 1036 οὑκ
3135 982 3216 1035 ἐτι
3238 980 3574 1051 πλεονασμὸς
3594 978 3839 1047 ἐγένετο,

2167 1069 2304 1124 άλλά
2347 1069 2486 1124 κατά
2519 1069 2715 1141 μικρὸν
2746 1068 2928 1138 ἔληγε.
2969 1069 3077 1123 Kal
3115 1067 3388 1122 ἐνεδίδου
3426 1066 3491 1121 τὸ
3527 1066 3685 1134 ὕδωρ
3730 1080 3845 1117 πο-

2158 1157 2487 1225 ρευόμενον
2508 1157 2626 1210 ἀπὸ
2657 1155 2769 1224 τῆς
2792 1154 2920 1225 γῆς,
2944 1156 3039 1209 καί
3064 1154 3396 1223 ἠλαττοῦτο
3419 1153 3483 1206 τὸ
3506 1152 3661 1220 ὕδωρ
3684 1150 3844 1219 μετὰ

2162 1241 2536 1309 πεντήκοντα
2556 1244 2651 1297 καί
2680 1242 2901 1296 ἑκατὸν
2922 1242 3142 1311 ἡμέρας
3170 1279 3185 1295 .
3214 1242 3372 1303 Ποῖος
3397 1238 3654 1309 λογισμὸς
3678 1238 3845 1292 τοῦτο

2164 1330 2485 1384 καταλαϐεῖν
2515 1331 2579 1383 ἂν
2594 1328 2848 1400 δυνηθείη
2875 1328 3040 1395 ποτέ;
3074 1328 3273 1390 Ἐστω,
3307 1327 3336 1379 ό
3366 1325 3519 1389 ὑετὸς
3540 1324 3841 1395 ἐπεσχέθη,

2163 1418 2220 1471 αἱ
2250 1417 2423 1488 πηγαὶ
2447 1416 2627 1471 οὐκέτι
2654 1414 2991 1486 πλεονασμὸν
3014 1413 3367 1486 εἰργάσαντο,
3402 1414 3498 1466 καὶ
3526 1412 3585 1465 οί
3621 1413 3843 1483 καταρ-

2166 1504 2361 1574 ράκται
2392 1502 2486 1558 τοῦ
2508 1502 2739 1574 οὑρανοῦ
2782 1500 3157 1573 ἐπεσχέθησαν
3176 1517 3191 1530 ·
3228 1499 3288 1552 τὸ
3322 1498 3467 1570 ὕδωρ
3495 1499 3554 1551 τὸ
3582 1497 3844 1551 τοσοῦτον

2165 1590 2282 1653 πῶς
2310 1589 2501 1660 ἕληξε;
2531 1590 2714 1643 Πάντα
2739 1589 2973 1651 ἄϐυσσος
2997 1582 3086 1658 ῆν.
3113 1585 3236 1648 Πῶς
3256 1581 3349 1639 οῦν
3384 1586 3418 1656 ή
3450 1583 3687 1653 τοσαύτη
3726 1583 3842 1637 τῶν

2166 1676 2373 1730 ὑδάτων
2418 1676 2564 1748 ῥύμη
2619 1676 2815 1748 ἀθρόον
2859 1673 3099 1728 ἐλάττων
3151 1671 3393 1743 ἐγίνετο;
3440 1670 3538 1734 Τίς
3574 1669 3640 1723 ἀν
3676 1668 3843 1723 τοῦτο

2164 1762 2488 1834 ἀνθρωπίνῳ
2518 1762 2763 1834 λογισμῷ
2791 1762 2970 1834 εὑρεῖν
2992 1758 3246 1830 δυνηθείη
3281 1757 3442 1822 ποτέ;
3472 1756 3538 1808 Τί
3565 1752 3657 1808 οὗν
3688 1754 3842 1807 ἐστιν

2164 1849 2370 1916 είπεῖν;
2403 1850 2476 1903 Τὸ
2507 1849 2600 1903 τοῦ
2631 1848 2765 1903 Θεοῦ
2795 1849 3125 1919 πρόσταγμα
3163 1840 3252 1917 ἦν,
3289 1843 3350 1897 τὸ
3378 1839 3740 1915 ἐργαζόμενον
3763 1841 3840 1894 τά

2164 1953 2342 1990 παντα
2349 1974 2362 1989 .

2233 2023 2292 2077 δ’.
2316 2023 2408 2095 Μὴ
2423 2024 2601 2077 τοίνυν
2617 2024 2776 2095 ἡμεῖς
2792 2018 3281 2094 περιεργαζώμεθα
3296 2018 3356 2072 τὸ
3378 2017 3512 2081 πῶς,
3528 2016 3665 2071 ἀλλά
3677 2016 3839 2069 τοῦτο

2168 2110 2326 2181 μόνον
2361 2109 2723 2180 πιστεύωμεν.
2756 2110 2838 2163 ὅτι
2872 2109 3127 2162 ἐκέλευσε
3156 2106 3251 2160 καὶ
3279 2104 3468 2175 ὑψώθη
3498 2106 3532 2175 ή
3562 2103 3798 2165 ἄϐυσσος
3820 2119 3836 2133 ·

2165 2197 2485 2267 προσέταξε,
2533 2196 2627 2250 καὶ
2676 2196 2837 2251 πάλιν
2874 2195 2972 2266 τὴν
3015 2192 3223 2247 οἰκείαν
3262 2191 3461 2260 ἐπέσχε
3500 2188 3704 2261 φορὰν,
3737 2188 3840 2240 καὶ

2166 2281 2303 2355 πρὸς
2343 2282 2433 2337 τὸν
2473 2284 2670 2336 οἰκεῖον
2710 2282 2873 2335 τόπον
2920 2278 3370 2350 ὑπανεχώρησεν,
3407 2276 3467 2329 ὃν
3516 2275 3679 2338 αὑτὸς
3727 2268 3837 2326 οἶδε

2169 2371 2329 2440 μόνος
2365 2370 2394 2422 6
2425 2369 2835 2441 δημιουργήσας
2879 2366 3048 2438 αὑτὴν
3085 2364 3381 2434 Δεσπότης.
3414 2362 3521 2417 Καὶ
3551 2359 3797 2414 ἐκάθισε
3820 2399 3838 2421 ,

2166 2457 2350 2528 φησὶν.
2385 2458 2423 2525 ἠ
2446 2456 2690 2522 κιϐωτὸς
2720 2454 2789 2507 ἐν
2813 2454 2893 2519 τῷ
2923 2452 3152 2521 ἑϐδόμῳ
3166 2450 3347 2521 μηνί,
3379 2449 3597 2518 ἐϐδόμῃ
3627 2446 3727 2500 καί
3756 2448 3843 2500 εἰ·

2166 2544 2302 2597 κάδι
2337 2544 2442 2598 τοῦ
2469 2542 2684 2613 μηνὸς,
2711 2540 2810 2595 ἐπὶ
2838 2540 2909 2593 τὰ
2935 2541 3041 2609 ὅρη
3067 2539 3139 2593 τὰ
3178 2535 3437 2606 Ἀραράτ.
3483 2535 3553 2589 Τὸ
3583 2533 3651 2587 δὲ
3679 2532 3845 2602 ὕδωρ

2165 2629 2497 2701 ἠλαττοῦτο
2526 2633 2635 2697 ἕως
2671 2630 2777 2684 τοῦ
2805 2628 3059 2682 δεκάτου
3080 2627 3274 2696 μηνός
3293 2642 3308 2657 ’
3338 2624 3434 2677 καί
3461 2621 3753 2693 ὤφθησαν
3777 2623 3845 2674 αι

2166 2720 2420 2789 κεφαλαί
2464 2720 2582 2773 τῶν
2611 2719 2796 2786 ὀρέων
2835 2716 2904 2770 ἐν
2938 2713 3019 2780 τῷ
3051 2712 3278 2777 δεκάτῳ
3302 2709 3481 2781 μηνί,
3526 2707 3601 2777 τῇ
3633 2705 3843 2779 πρώτῃ

2165 2809 2273 2862 τοῦ
2305 2807 2519 2877 μηνός.
2564 2806 2765 2859 Σκόπει
2806 2803 2922 2865 πῶς
2954 2802 2983 2842 ιι
3017 2800 3212 2873 ἀθρόον
3242 2801 3278 2871 ή
3307 2796 3577 2869 μεταϐολὴ
3609 2795 3802 2864 γέγονε
3822 2836 3841 2861 ,

2167 2895 2261 2949 καὶ
2291 2895 2454 2948 πόσον
2498 2892 2685 2963 ἔληξεν
2719 2893 2752 2962 ή
2790 2888 2898 2943 τῶν
2929 2888 3140 2942 ὑδάτων
3170 2884 3330 2954 φύσις
3349 2927 3364 2951 ,
3406 2883 3483 2948 ὡς
3515 2880 3609 2935 ἐπὶ
3636 2881 3705 2935 τά
3737 2880 3843 2952 ὅρη

2166 2980 2263 3052 τὴν
2310 2978 2545 3034 κιϐωτὸν
2583 2976 2824 3032 καθίσαι.
2880 2972 3162 3045 ’Δνωτέρω
3204 2970 3312 3043 γὰρ
3344 2967 3492 3042 [249]
3534 2965 3769 3021 εἰποῦσα
3804 2967 3842 3038 ή

2167 3067 2378 3141 Γραφὴ,
2400 3068 2482 3121 ὅτι
2510 3065 2642 3122 δέκα
2678 3064 2839 3117 πέντε
2870 3062 3066 3133 πήχεις
3094 3059 3279 3113 ἐπάνω
3307 3056 3412 3110 τῶν
3441 3055 3613 3128 ὀρέων
3649 3052 3842 3124 ὑψώθη

2164 3158 2226 3212 τὸ
2251 3156 2414 3228 ὕδωρ,
2444 3153 2540 3208 νῦν
2571 3168 2734 3224 φησιν
2754 3189 2768 3215 ,
2796 3150 2878 3203 ὅτι
2903 3147 3155 3202 ἐκάθισεν
3184 3146 3218 3217 ή
3245 3143 3475 3206 κιϐωτὸς
3510 3144 3603 3195 ἐπὶ
3632 3141 3702 3195 τά
3733 3142 3838 3212 ὅρη

2165 3245 2233 3300 τὰ
2270 3242 2531 3314 Ἀραράτ,
2556 3240 2647 3293 καὶ
2673 3236 2815 3292 κατά
2838 3234 3030 3308 μικρὸν
3062 3232 3249 3287 λοιπὸν
3286 3230 3447 3303 μέχρι
3475 3229 3570 3283 τοῦ
3610 3228 3842 3282 δεκάτου

2170 3330 2337 3403 μηνὸς
2368 3327 2684 3399 ἠλαττοῦτο,
2714 3326 2810 3379 καὶ
2835 3324 2957 3377 τότε
2985 3321 3062 3393 τῷ
3091 3321 3302 3391 δεκάτῳ
3338 3317 3468 3391 μηνὶ
3493 3314 3756 3387 ὤφθησαν
3781 3316 3842 3368 al

2166 3417 2399 3488 κεφαλαὶ
2419 3416 2527 3470 τῶν
2550 3414 2743 3484 ὀρέων.
2778 3411 2977 3466 Ἐννόει
3003 3426 3093 3482 μοι
3113 3407 3208 3462 τοῦ
3227 3405 3436 3462 δικαίου
3456 3404 3554 3476 τὴν
3569 3403 3840 3468 εὐτονίαν,

2166 3509 2283 3572 πῶς
2314 3506 2601 3577 διήρκεσεν
2632 3505 2691 3556 ἐν
2719 3500 2993 3562 τοσούτοις
3018 3496 3151 3569 μησὶ
3183 3494 3432 3564 καθάπερ
3453 3493 3513 3547 ἐν
3542 3495 3718 3560 σκότῳ
3747 3507 3845 3544 κα-

2165 3588 2639 3659 τακεκλεισμένος.
2667 3584 2780 3639 Kal
2813 3581 3073 3653 ἐγένετο,
3105 3580 3261 3650 φησὶ,
3293 3577 3447 3648 μετὰ
3477 3577 3586 3641 τὰς
3612 3589 3841 3659 τεσσα-

2158 3672 2428 3741 ράκοντα
2461 3655 2710 3738 ὴμέρας,
2760 3664 2861 3720 καί
2895 3662 3124 3728 ἀνέῳξε
3170 3659 3300 3716 Νῶε
3338 3659 3454 3729 τὴν
3490 3655 3701 3741 θυρίδα
3730 3656 3843 3724 τῆς

2167 3739 2417 3810 κιϐωτοῦ
2440 3793 2454 3818 ,
2496 3751 2576 3820 ἣν
2624 3750 2877 3817 ἐποίησε
2897 3788 2914 3815 ,
2951 3747 3050 3802 καί
3097 3743 3419 3799 ἀπέστειλε
3456 3740 3565 3794 τὸν
3611 3739 3842 3807 κόρακα

2169 3837 2336 3899 ἰδεῖν,
2371 3839 2425 3890 εἰ
2457 3834 2755 3889 κεκόπακε
2784 3830 2852 3886 τὸ
2886 3831 3067 3899 ὕδωρ.
3103 3829 3247 3900 Ὅρα
3273 3826 3365 3880 τὸν
3400 3824 3606 3879 δίκαιον
3625 3821 3843 3875 οὐδέπω

2164 3918 2450 3990 τολμῶντα
2495 3912 2860 3970 κατοπτεῦσαι
2901 3912 2969 3965 δι’
3021 3909 3216 3966 ἐαυτοῦ
3237 3949 3253 3974 ,
3313 3908 3447 3963 ἀλλά
3493 3907 3586 3990 τὸν
3628 3905 3840 3990 κόρακα

2167 3987 2475 4065 ἀπέστειλε,
2503 3998 2569 4051 δι’
2603 3996 2812 4051 ἐκείνου
2856 3993 3048 4066 μαθεῖν
3086 3992 3429 4063 βουλόμενος,
3475 3988 3530 4042 εἰ
3562 4004 3682 4041 τινα
3725 3987 3841 4039 ἐστι

2168 4085 2532 4157 προσδοκῆσαι
2563 4081 2808 4152 χρηστὴν
2836 4077 3138 4150 μεταϐολήν
3157 4093 3169 4107 ⁸
3201 4074 3311 4130 Kal
3341 4072 3626 4157 ἐξεάθῶν,
3652 4068 3842 4157 φησιν,

2166 4152 2278 4225 οὑκ
2312 4152 2704 4234 ἀνέστρεψεν,
2732 4163 2844 4230 ἕως
2885 4161 2991 4216 τοῦ
3018 4157 3391 4229 ξηρανθῆναι
3429 4154 3497 4209 τὸ
3532 4154 3687 4221 ὕδωρ
3719 4152 3842 4205 ἀπὸ

2166 4252 2277 4321 τῆς
2305 4250 2437 4323 γῆς.
2467 4250 2580 4302 Οὑκ
2606 4246 2793 4318 ἐπειδὴ
2828 4245 2968 4318 μετὰ
2995 4243 3169 4297 ταῦτα
3200 4238 3520 4323 ἀνέστρεψε,
3543 4236 3627 4323 τὸ,
3662 4236 3839 4323 Ἕως,

2168 4320 2505 4408 προσέθηκεν
2534 4334 2567 4405 ή
2601 4331 2720 4385 θεία
2747 4330 2936 4403 Γραφή
2958 4345 2973 4361 ⁸
3007 4326 3125 4381 ἀλλ’
3163 4325 3376 4408 ίδίωμαᾼ
3394 4320 3556 4375 τοῦτό
3592 4321 3707 4408 ἐστι
3739 4321 3843 4408 τῆς

2168 4400 2319 4483 θείας
2341 4400 2581 4489 Γραφῆς.
2630 4415 2740 4469 Καὶ
2785 4400 3054 4483 πολλαχοῦ
3096 4410 3162 4464 ἀν
3184 4426 3268 4472 τις
3323 4405 3469 4477 εῦροι
3511 4402 3714 4489 ταύτην
3744 4400 3844 4469 τὴν

2169 4486 2453 4574 συνήθειαν
2473 4543 2487 4569 ,
2515 4486 2607 4554 καὶ
2638 4499 2765 4568 ἐνῆν
2793 4495 2967 4550 πολλά
2995 4493 3220 4548 τοιαῦτα
3254 4491 3429 4562 εὑρεῖν
3454 4486 3554 4574 καὶ
3582 4499 3843 4574 παραγα-

2167 4565 2383 4657 γεῖνέἰς
2412 4565 2574 4656 μέσον
2592 4600 2604 4613 ·
2633 4565 2749 4636 ἀλλ’
2776 4581 2864 4636 ῖνα
2888 4578 2964 4651 μὴ
2994 4577 3174 4630 πάντα
3202 4575 3332 4657 παρ’
3362 4570 3519 4657 ἡμῶν
3552 4565 3845 4657 μανθάνονο

2166 4648 2258 4734 τες
2285 4648 2647 4741 ῥᾳθυμότεροι
2681 4648 2926 4734 γίνησθε,
2953 4648 3091 4730 ὑμῖν
3126 4654 3606 4741 καταλιμπάνομεν
3631 4648 3843 4741 διερευ-

2167 4732 2362 4810 νᾶσθαι
2383 4732 2482 4823 τῆν
2511 4732 2754 4823 Γραφην,
2794 4732 2887 4801 καὶ
2916 4746 3096 4816 εὑρεῖν
3135 4742 3268 4795 ὅπου
3306 4741 3415 4801 τοίς
3447 4734 3700 4823 ίδιώμασι
3722 4732 3845 4823 τού-

2166 4855 2281 4901 τοις
2299 4812 2566 4906 κέχρηταί
2573 4875 2585 4889 .
2607 4812 2756 4895 τέως
2773 4830 2828 4883 δὲ
2846 4812 2994 4901 ἡμᾶς
3014 4825 3312 4894 ἀναγκαῖον
3336 4821 3511 4906 εἰπεῖν
3523 4817 3618 4906 τὴν
3638 4812 3840 4906 αἰτία-ν,

2166 4921 2232 4974 δι’
2262 4896 2333 4991 ῆν
2497 4914 2798 4987 ἀνέστρεψε
2843 4896 2904 4965 τὸ
2950 4911 3160 4981 ὄρνεον.
3214 4900 3690 4991 Ἴσωςῄληξάντων
3731 4896 3842 4991 τῶν

2170 4979 2379 5058 ὑδάτων
2423 4979 2755 5069 ἀκάθαρτον⁷
2775 4995 2835 5050 ὸν
2863 4994 2924 5047 τὸ
2962 4979 3170 5063 δρνεον,
3198 4987 3292 5041 καὶ
3332 4984 3579 5069 σώμασιν
3618 4979 3842 5069 ἐντυχὸν

2166 5088 2281 5149 τοῖς
2313 5100 2373 5136 τε
2401 5080 2783 5151 ἀνθρωπίνοις,
2809 5080 2921 5140 τοῖς
2955 5093 3018 5129 τε
3045 5073 3154 5128 τῶν
3187 5070 3418 5137 ἀλόγων,
3448 5066 3543 5121 καὶ
3572 5064 3685 5151 τὴν
3709 5079 3843 5151 κατῗ

2172 5145 2402 5237 ἀλληλον
2444 5145 2605 5235 εὑρὸν
2644 5160 2823 5231 ἐαυτῷ
2872 5157 3109 5229 τροφὴν,
3146 5153 3533 5237 ἐναπέμεινεν·
3566 5149 3704 5237 ὅπερ
3746 5145 3842 5199 καὶ

2170 5232 2305 5304 αὑτὸ
2326 5249 2388 5302 οὑ
2425 5232 2621 5318 μικρὸν
2655 5245 2864 5314 ἐγίνετο
2899 5242 2978 5312 τῷ
3000 5240 3197 5310 δικαίῳ
3226 5236 3521 5318 τεκμήριον
3556 5232 3657 5318 τῆς
3707 5246 3846 5302 χρη-

2171 5332 2303 5402 στῆς
2329 5311 2562 5393 ἐλπῖδος.
2586 5330 2648 5382 Εἰ
2664 5311 2771 5399 γάρ
2791 5325 2866 5397 μὴ
2892 5311 3050 5377 τοῦτο
3070 5318 3158 5392 ῆν,
3185 5319 3319 5391 μηδέ
3339 5311 3695 5402 εῦρεᾼμικράν
3720 5330 3844 5402 τινα

2175 5395 2549 5486 παραμυθίαν,
2584 5395 2922 5481 ὑπέστρεψεν
2956 5408 3040 5461 ἄν.
3074 5404 3185 5460 Καὶ
3212 5404 3293 5455 ὅτι
3330 5398 3494 5486 τοῦτό.
3526 5400 3673 5486 ἐστιν
3719 5395 3849 5486 άλη-

2174 5476 2270 5563 θές
2284 5540 2301 5566 ,
2327 5476 2582 5552 ἐντεῦθεν
2618 5476 2802 5549 λοιπὸν
2836 5476 2937 5563 τὴν
2964 5487 3207 5562 χρηστὴν
3236 5480 3563 5566 προσδοκίαν
3596 5476 3847 5566 ἐσχηκὼς

2173 5583 2202 5636 6
2233 5561 2440 5646 δίκαιος
2466 5580 2744 5650 ἐκπέμπει
2778 5561 3260 5648 τὴνῖπερνιστεράν,
3290 5562 3709 5650 ὅρνευνᾼῆμερον
3751 5561 3848 5613 καὶ

2177 5665 2559 5737 φιλοσύνηθες,
2585 5664 2679 5717 καὶ
2707 5645 2908 5733 πολλὴν
2936 5652 3354 5727 εὐγνωμοσύνην
3380 5645 3845 5737 ἐπιδεικνύμενον,

2176 5728 2269 5806 καὶ
2302 5728 2764 5816 οὐχ’ἀνεχόμενον
2809 5728 2995 5814 ἐτερόν
3042 5757 3096 5796 τι
3147 5735 3411 5791 σιτεῖσθαι
3449 5731 3482 5803 ἢ
3517 5728 3842 5799 σπέρματαο

2244 5883 2271 5924 ι)
2300 5884 2435 5935 [Inus
2457 5880 2623 5928 σκόπει
2644 5876 2787 5934 πόση.
