4066 6140
280 289 380 345 5’35

285 414 382 452 nes
435 403 554 465 post
599 391 942 462 quadraginta
999 387 1114 441 dies
1158 395 1212 440 et
1257 385 1599 455 quadraginta
1660 395 1867 448 noctes,

286 487 482 558 quibus
511 485 711 553 impetu
735 494 926 549 magno
950 476 1141 547 pluviae
1165 475 1499 545 ingruebant,
1522 488 1642 527 cum
1669 475 1871 530 videret

287 576 478 632 diebus
505 580 718 628 centum
749 566 1127 638 quinquaginta
1155 565 1206 617 in
1237 562 1424 618 eadem
1451 563 1728 616 altitudine
1762 577 1874 634 ma-

287 681 418 720 nere
443 677 638 732 aquas,
668 648 844 729 neque
869 657 1088 711 omnino
1117 655 1374 710 desistere
1403 671 1414 706 :
1449 662 1500 707 et
1537 653 1677 723 quod
1709 653 1874 708 multo

290 756 527 828 gravius,
550 766 725 822 neque
751 750 921 807 oeulis
943 749 1122 803 videre
1145 747 1313 816 potuit
1339 761 1400 801 ea
1423 761 1540 814 quae
1570 746 1701 800 facta
1729 753 1872 811 sunt,

287 845 382 900 sed
413 844 670 906 inclusus,
695 856 816 895 cum
849 853 953 893 non
984 847 1164 908 posset
1191 852 1439 906 umquam
1469 837 1639 891 oculis
1664 837 1872 906 assequi

287 944 488 1004 quanta
529 941 712 987 essent
757 930 931 995 mala,
978 928 1232 995 majorem
1271 925 1566 980 sustinebat
1610 927 1872 994 dolorem,

291 1028 642 1097 gravioraque
663 1022 901 1094 quotidie
927 1019 1313 1090 suspicabatur.
1350 1017 1462 1086 Ego
1487 1033 1614 1072 vero
1640 1017 1876 1071 admiror

289 1116 560 1188 quomodo
609 1130 720 1184 prie
771 1113 981 1168 tristitia
1027 1126 1132 1165 non
1183 1109 1341 1164 fuerit
1385 1111 1706 1178 absorptns,
1752 1125 1872 1164 cum

293 1219 532 1264 mentem
560 1207 698 1260 illius
728 1204 966 1259 subirent
996 1201 1210 1255 humani
1240 1201 1449 1270 generis
1475 1201 1751 1265 interitus,
1781 1214 1872 1253 sua

291 1297 547 1361 solitudo,
575 1303 629 1350 et
663 1293 896 1348 difﬁcilis
921 1292 1006 1345 illa
1031 1291 1158 1345 vita.
1189 1291 1256 1344 At
1277 1304 1434 1344 causa
1459 1289 1721 1343 bonorum
1754 1303 1872 1342 om-

292 1390 439 1442 nium
477 1386 550 1440 illi
585 1385 681 1438 fuit
719 1398 812 1437 sua
846 1383 896 1436 in
925 1382 1089 1436 Deum
1116 1380 1265 1444 ﬁdes,
1292 1395 1386 1449 per
1407 1394 1562 1448 quam
1587 1387 1640 1433 et
1659 1378 1872 1442 restitit,

295 1488 352 1533 et
379 1477 557 1532 omnia
586 1474 792 1529 fortiter
823 1473 942 1526 tulit
971 1487 984 1524 :
1013 1484 1242 1539 cumque
1268 1485 1361 1538 spe
1388 1477 1714 1539 posceretur,
1747 1467 1875 1522 nihil

293 1569 449 1621 triste
477 1564 757 1620 sentiebat.
786 1561 1046 1628 Quoniam
1073 1560 1233 1629 igitur
1257 1558 1396 1627 quod
1418 1574 1571 1614 suum
1601 1568 1714 1613 erat
1741 1573 1878 1628 pra:-

293 1658 460 1721 stitit,
513 1664 618 1708 tam
670 1651 978 1721 patientiam
1028 1649 1405 1716 monstrando,
1454 1665 1611 1718 quam
1657 1648 1876 1702 multam

297 1748 454 1801 tidem
484 1742 760 1799 all‘erendo
782 1783 796 1808 ,
826 1755 1034 1796 necnon
1063 1740 1250 1792 miram
1282 1737 1642 1792 fortitudinem
1687 1751 1794 1806 pra:
1819 1750 1880 1791 se

297 1834 547 1895 ferendo,
577 1831 698 1886 vide
726 1839 920 1900 quanta
952 1831 1019 1882 sit
1053 1827 1144 1882 Dei
1172 1842 1296 1897 erga
1342 1827 1512 1896 ipsum
1557 1826 1873 1895 benignitas.

298 1924 364 1977 Et
390 1921 681 1976 recordatus
710 1930 780 1974 est
801 1961 815 1984 ,
855 1919 1022 1988 inquit
1046 1958 1062 1979 ,
1090 1916 1229 1971 Deus
1258 1916 1393 1970 Noe.
1424 1916 1538 1970 Non
1567 1917 1879 1985 simpliciter

298 2023 352 2069 et
379 2014 582 2080 absque
625 2026 782 2065 causa
816 2010 984 2074 dixit,
1027 2007 1094 2061 Et
1131 2009 1424 2062 recordatus
1450 2017 1522 2060 est
1559 2024 1578 2062 :
1615 2007 1710 2062 sed
1755 2009 1876 2076 quia

295 2105 443 2173 prius
463 2102 637 2157 divina
662 2101 933 2169 Scriptura
956 2099 1321 2153 declaraverat
1343 2098 1493 2152 nobis
1518 2099 1876 2152 testimonium

295 2194 362 2247 de
387 2193 533 2262 justo
562 2191 670 2256 illo,
701 2189 886 2244 dicens
910 2229 925 2252 ,
957 2187 1228 2257 Ingredere
1255 2188 1307 2240 in
1334 2203 1526 2247 arcam,
1559 2187 1676 2256 quia
1704 2196 1750 2240 te
1777 2187 1879 2240 vidi

294 2286 484 2353 justum
507 2285 561 2336 in
587 2283 907 2352 generatione
935 2280 1030 2333 hac
1057 2279 1205 2346 (Gen.
1231 2281 1280 2332 7.
1310 2279 1396 2349 1),
1429 2289 1711 2348 eapropter
1741 2295 1880 2334 nunc

297 2375 505 2446 inquit:
541 2372 606 2427 Et
636 2371 928 2428 recordatus
954 2379 1026 2424 est
1060 2370 1195 2424 Deus
1223 2369 1336 2423 Noe
1357 2411 1371 2434 ,
1419 2370 1521 2423 hoc
1563 2379 1644 2424 est
1666 2409 1680 2430 ,
1725 2371 1878 2424 testi-

297 2467 462 2521 monii
489 2465 627 2535 qnod
651 2465 719 2519 de
749 2464 838 2518 illo
863 2463 1226 2532 perhibuerat,
1253 2476 1424 2530 neque
1449 2461 1614 2514 multo
1642 2472 1879 2530 tempore

299 2560 532 2630 neglexit
571 2558 792 2629 justum,
828 2557 918 2611 sed
947 2557 1169 2621 distttlit,
1215 2554 1464 2624 quamdiu
1497 2555 1584 2608 ille
1619 2556 1754 2608 ferre
1782 2571 1875 2622 po-

298 2656 420 2718 tuit,
453 2661 503 2706 et
548 2659 672 2703 tunc
711 2649 759 2703 ei
797 2663 948 2702 suum
979 2646 1295 2701 beneﬁcium
1332 2655 1387 2700 et
1422 2645 1642 2715 gratiam
1680 2647 1880 2717 impar-

298 2745 424 2798 titus
468 2751 572 2796 est.
620 2740 750 2794 Nam
791 2739 968 2793 sciens
1008 2737 1368 2792 inﬁrmitatem
1415 2745 1611 2790 nostra:
1655 2747 1875 2802 natnrtr,

298 2833 559 2902 siquando
583 2830 844 2902 permittit
872 2829 1215 2884 tentationcm
1240 2827 1445 2895 inferri,
1475 2843 1709 2896 eousque
1733 2831 1879 2894 sinit,

304 2938 578 2993 (pinusque
606 2923 707 2975 scit
749 2935 846 2974 nos
886 2934 1041 2990 posse
1080 2920 1363 2986 sustinere,
1405 2928 1462 2973 ut
1490 2928 1544 2974 et
1575 2919 1880 2974 retributio-

301 3020 423 3068 nem
450 3029 566 3083 qua:
593 3021 788 3067 nostrze
812 3021 1068 3082 congruat
1093 3012 1386 3066 fortitudini
1419 3013 1634 3078 tribuat,
1658 3021 1710 3067 et
1732 3029 1879 3068 suam

304 3103 726 3158 misericordiam
784 3102 1020 3157 declaret
1068 3119 1080 3154 :
1131 3103 1270 3156 sicut
1321 3111 1374 3157 et
1425 3103 1620 3157 Paulus
1669 3104 1879 3173 inquit:

305 3195 497 3250 Fidelis
522 3203 692 3248 autem
729 3193 863 3247 Deus
883 3235 896 3259 ,
930 3194 1016 3262 qui
1043 3210 1142 3246 non
1179 3194 1305 3246 siuet
1334 3210 1419 3247 ros
1447 3196 1628 3247 tentari
1651 3213 1805 3263 supra
1831 3197 1885 3249 id

303 3286 436 3356 quod
464 3286 670 3356 potestis
695 3286 710 3315 ¹
733 3327 749 3350 ,
781 3286 869 3339 sed
912 3285 1060 3353 faciet
1100 3300 1215 3337 cum
1255 3286 1522 3338 tentatione
1569 3296 1881 3352 proventum,

306 3387 360 3430 ut
388 3375 518 3444 ferre
544 3375 746 3445 possitis
775 3373 866 3446 (l.
897 3374 1014 3429 Cor.
1043 3374 1133 3430 10.
1164 3377 1232 3430 15
1251 3375 1291 3446 ).
1319 3376 1576 3441 Quoniam
1611 3378 1766 3447 igitur
1793 3379 1883 3447 ju-

305 3477 420 3519 stus
451 3465 538 3518 ille
586 3463 948 3519 fortitudinem
987 3473 1040 3519 et
1071 3466 1374 3534 patientiam
1423 3483 1528 3536 pra:
1557 3483 1614 3523 se
1661 3470 1882 3535 ferebat,

306 3571 400 3610 sua
432 3557 485 3609 in
514 3556 677 3609 Deum
705 3555 808 3610 ﬁde
833 3571 970 3609 arczc
997 3556 1150 3611 sedes
1177 3567 1229 3611 et
1255 3557 1408 3612 ttedia
1440 3560 1729 3625 sustinens,
1759 3576 1886 3630 pro-

307 3657 424 3714 pter
464 3645 566 3700 hoc
609 3646 815 3715 inquit,
849 3645 909 3698 Et
942 3647 1230 3700 recordatus
1260 3657 1332 3700 est
1364 3647 1498 3703 Deus
1523 3649 1653 3703 Noe.
1689 3651 1887 3706 Deinde

311 3749 364 3792 ut
390 3739 564 3792 diseas
593 3738 841 3808 abyssum
883 3737 1073 3792 divina:
1116 3739 1492 3794 misericordia:
1516 3782 1531 3807 ,
1563 3740 1766 3794 addidit
1802 3741 1886 3795 di-

313 3829 436 3881 vina
467 3828 736 3896 Scriptura
771 3845 785 3882 :
816 3826 883 3880 Et
923 3828 1145 3881 omnium
1184 3832 1442 3899 ferarum,
1475 3839 1522 3883 et
1546 3832 1767 3884 omnium
1796 3832 1888 3900 ju-

308 3927 612 3982 mentorum,
640 3927 686 3970 et
711 3919 932 3970 omnium
957 3919 1252 3983 volatilium,
1285 3929 1330 3972 et
1359 3920 1582 3973 omnium
1609 3920 1885 3988 reptilium,

308 4025 630 4079 qmecumque
656 4020 796 4063 erant
825 4027 939 4063 cum
968 4011 1058 4063 illo
1088 4012 1138 4064 in
1163 4027 1304 4064 arca.

386 4099 569 4153 Omnia
593 4101 646 4153 iu
676 4101 915 4154 honorem
946 4101 1162 4155 hominis
1193 4105 1346 4173 facta.
1373 4135 1442 4147 η
1465 4103 1595 4159 Vide
1623 4106 1890 4174 quomodo

312 4193 490 4245 omnia
542 4192 592 4245 in
642 4191 900 4246 honorem
947 4192 1178 4246 hominis
1225 4193 1368 4247 facit.
1416 4194 1548 4249 Nam
1593 4197 1728 4249 sicut
1769 4212 1888 4251 cum

317 4282 618 4337 hominibus
663 4284 751 4352 qui
811 4283 1008 4337 diluvio
1061 4286 1367 4352 perierunt,
1414 4302 1571 4341 onme
1613 4289 1888 4342 brutorum

316 4375 618 4430 animalium
640 4389 809 4444 genus
847 4375 1097 4444 perdidit,
1142 4377 1211 4429 ita
1255 4377 1338 4432 hic
1366 4393 1512 4431 suam
1541 4394 1664 4448 erga
1689 4380 1889 4448 justum

318 4465 462 4519 illtnn
507 4465 922 4520 miscricordiam
964 4466 1235 4520 declarare
1265 4468 1487 4534 volens,
1536 4471 1589 4524 in
1635 4471 1889 4525 honorem

316 4556 450 4624 ejus,
496 4569 644 4608 suam
686 4557 846 4610 etiam
891 4555 1180 4609 bonitatem
1220 4571 1283 4610 ac
1324 4572 1505 4613 curam
1549 4560 1600 4613 in
1645 4561 1792 4615 bruta
1839 4571 1895 4617 et

319 4648 484 4710 feras,
529 4656 584 4702 et
622 4649 850 4702 volatilia
896 4658 946 4701 et
996 4649 1201 4716 reptilia
1249 4665 1415 4718 usque
1453 4654 1664 4706 extendi
1707 4653 1892 4708 Voluit.

322 4737 387 4790 Et
417 4738 707 4790 recordatus
733 4747 825 4805 est,
861 4739 1061 4807 inquit,
1093 4737 1226 4793 Deus
1254 4737 1385 4807 Noe,
1419 4751 1464 4794 et
1503 4745 1724 4796 omnium
1755 4750 1894 4814 fera-

318 4845 465 4891 run,
510 4838 555 4879 et
598 4830 819 4882 omnium
855 4831 1220 4899 jumentorum,
1266 4841 1311 4885 et
1348 4834 1573 4886 onmium
1618 4837 1891 4904 reptilium,

319 4933 643 4985 qua-cumque
670 4929 810 4972 erant
851 4935 966 4972 cum
1012 4920 1101 4974 illo
1142 4923 1194 4974 in
1233 4939 1372 4976 arca.
1421 4921 1489 4976 Et
1517 4927 1731 4980 adduxit
1765 4927 1898 4983 Deus

319 5008 554 5079 spiritum
582 5025 734 5076 super
761 5019 980 5074 terram,
1025 5024 1074 5065 et
1115 5016 1325 5068 cessavit
1364 5032 1515 5085 aqua.
1548 5017 1896 5088 Recordatns,

322 5100 512 5168 inquit,
544 5097 676 5162 Noe,
713 5109 764 5154 et
793 5101 1030 5155 omnium
1060 5117 1177 5172 qua:
1203 5119 1324 5158 cum
1368 5106 1459 5161 illo
1497 5119 1648 5164 erant
1677 5110 1727 5164 in
1754 5126 1898 5180 arca,

324 5189 575 5259 pra-cepit
601 5205 752 5258 aqua:
798 5190 1048 5259 impetum
1077 5193 1337 5262 detineri,
1387 5205 1444 5251 ut
1471 5201 1723 5268 paulatim
1750 5220 1900 5259 suam

322 5291 768 5335 commonstraret
791 5282 1200 5352 benignitatem;
1227 5297 1282 5343 et
1304 5299 1486 5360 postea
1507 5291 1706 5361 justum
1734 5297 1905 5364 recpi-

325 5385 443 5424 rare
469 5381 701 5435 curaret,
734 5380 793 5427 et
829 5387 856 5424 a
891 5375 1189 5431 turbatione
1220 5379 1597 5449 cogitationum
1629 5384 1902 5440 liberatum

325 5474 378 5513 in
407 5461 692 5529 tranquillo
718 5470 858 5516 statu
885 5466 1253 5534 constitueret,
1282 5475 1536 5525 concesso
1558 5481 1612 5526 et
1647 5473 1779 5529 lucis
1807 5491 1904 5529 usu

405 5627 421 5659 ι
451 5624 599 5674 ειη-ιι.
625 5631 675 5674 et
700 5625 894 5688 Morel.,
916 5639 1000 5676 nos
1026 5626 1213 5689 (ἡμᾶς),
1240 5631 1311 5687 et,
1336 5639 1590 5690 possumus
1617 5629 1910 5698 (δυνάμεθα).

1273 273 1337 328 IN
1374 273 1526 330 CAP.
1569 268 1701 324 VIII.
1741 265 1987 322 GENES.
2031 264 2253 320 IIOMIL.
2302 263 2488 318 XXVI.

3453 271 3551 326 2M

1982 383 2035 429 et
2064 376 2202 430 aeris
2232 375 2601 444 respiratione.
2637 375 2700 429 Et
2727 378 2938 432 adduxit
2984 379 3148 445 Deus,
3182 381 3378 452 inquit,
3407 385 3560 450 spiri-

1982 474 2089 517 tum
2117 481 2266 536 super
2305 475 2510 532 terram,
2558 473 2603 520 et
2633 469 2840 521 cessavit
2883 485 3034 537 aqua.
3061 469 3114 523 2.
3145 469 3212 523 Et
3238 473 3415 528 obtecti
3442 485 3556 527 sunt

1982 559 2142 625 fontes
2173 557 2340 626 abyssi
2383 567 2428 610 et
2472 567 2742 612 cataracta:
2776 559 2906 613 creti.
2947 561 3074 616 Vide
3098 563 3366 632 quomodo
3408 580 3557 620 more

1985 644 2218 698 luunano
2257 647 2488 714 loquitur
2528 647 2680 700 nobis
2708 649 2904 702 omnia.
2939 649 3131 704 Oblecti
3169 661 3320 720 sunt,
3366 653 3554 723 inquit,

1982 739 2143 804 fontes
2174 735 2342 806 abyssi
2364 747 2409 789 et
2436 746 2704 791 cataractae
2725 740 2856 805 creti,
2900 751 2945 794 et
2971 743 3186 796 cohibita
3215 745 3385 813 pluvia
3410 745 3558 800 creti:

1981 825 2130 893 quasi
2157 825 2395 892 diceret,
2429 827 2691 895 placuisse
2720 829 2942 884 Domino
2969 840 3026 884 ut
3051 833 3238 888 iterum
3269 835 3320 888 in
3349 850 3444 890 sua
3469 852 3554 890 rc-

1980 913 2137 982 gione
2166 925 2447 969 manerent
2477 931 2630 985 aqua:
2653 956 2669 983 ,
2702 933 2873 988 neque
2900 920 3034 974 ultra
3064 924 3424 988 exundarent,
3467 927 3557 981 sed

1980 1005 2232 1074 paulatim
2276 1006 2604 1064 desinerent.
2649 1011 2705 1066 5.
2749 1009 2816 1063 Et
2858 1012 3058 1066 cedebat
3103 1030 3234 1084 aqua
3277 1017 3461 1071 vadens
3499 1025 3561 1072 de

1982 1105 2114 1148 terra
2138 1138 2153 1162 ,
2197 1105 2242 1150 et
2286 1098 2604 1153 minuebatur
2643 1117 2775 1168 aqua
2816 1111 2926 1172 post
2965 1113 3160 1158 centum
3199 1106 3560 1178 quinquaginta

1981 1185 2107 1240 dies.
2136 1186 2266 1254 Qua:
2291 1189 2424 1242 ratio
2456 1192 2648 1258 poterit
2675 1191 2775 1248 hoc
2801 1209 3046 1263 umquam
3069 1197 3558 1267 comprehendere?

1984 1277 2131 1342 Esto,
2164 1279 2312 1332 stetit
2339 1281 2534 1348 pluvia,
2565 1283 2780 1337 cohibiti
2811 1283 2982 1339 fontes
3009 1303 3114 1340 non
3139 1289 3367 1357 amplius
3395 1306 3554 1346 exum

1985 1366 2211 1430 dabant,
2239 1376 2293 1422 et
2320 1377 2599 1423 cataracta:
2629 1373 2742 1425 οωιί
2783 1372 3028 1428 cohibita:
3060 1384 3183 1429 sunt
3210 1393 3223 1428 :
3255 1392 3386 1446 aqua
3419 1389 3562 1434 tanta

1990 1458 2254 1525 quomodo
2277 1457 2474 1512 desiit?
2505 1460 2689 1514 Omnia
2719 1463 2939 1532 abyssus
2967 1475 3138 1518 erant.
3161 1465 3438 1532 Quomodo
3469 1469 3562 1537 igi-

1982 1556 2066 1602 tur
2094 1558 2269 1603 tantus
2311 1565 2566 1619 aquarum
2609 1549 2779 1605 ﬂuxus
2808 1553 2982 1606 subito
3027 1557 3202 1610 minor
3245 1558 3412 1613 factus
3438 1560 3563 1614 est?

1982 1635 2113 1703 Quis
2140 1636 2242 1690 hoc
2271 1638 2500 1693 humana
2532 1641 2738 1694 ratione
2781 1643 3021 1697 invenire
3052 1647 3240 1712 poterit
3270 1650 3564 1718 umquam?

1981 1724 2115 1791 Quid
2150 1727 2310 1794 igitur
2335 1727 2662 1782 dicendum?
2692 1728 2786 1782 Dei
2817 1741 3137 1801 prazceptum
3165 1742 3250 1789 est
3274 1737 3413 1806 quod
3442 1736 3563 1793 facit

1982 1816 2180 1868 omnia.

2052 1906 2106 1960 4.
2149 1905 2225 1960 Ne
2270 1907 2430 1976 igitur
2471 1922 2568 1962 nos
2611 1909 2868 1964 curiosius
2908 1912 3250 1983 exploremus
3275 1917 3560 1986 quomodo,

1981 1999 2074 2052 sed
2108 2007 2307 2052 tantum
2337 1999 2656 2065 credamus;
2701 2015 2893 2071 nempe
2931 2003 3123 2072 jussit,
3153 2014 3206 2060 et
3229 2009 3457 2064 exaltata
3485 2021 3564 2065 est

1981 2089 2206 2160 aiithIIS
2237 2108 2250 2143 :
2285 2091 2536 2159 prcccepit
2558 2131 2572 2156 ,
2617 2100 2670 2146 et
2698 2092 2888 2146 iterum
2922 2110 3075 2149 suum
3103 2097 3363 2153 continuit
3392 2099 3564 2170 impe-

1983 2187 2129 2244 tntn,
2171 2189 2223 2233 et
2252 2181 2316 2232 ad
2351 2181 2620 2248 pr0prium
2665 2183 2927 2236 concessit
2975 2184 3170 2249 locum,
3218 2202 3376 2256 quem
3420 2191 3566 2246 solus

1984 2269 2095 2339 ipse
2128 2270 2381 2323 Dominus
2412 2273 2546 2336 scit,
2579 2273 2665 2341 qui
2707 2273 2962 2327 condidit.
2993 2276 3046 2329 4.
3078 2275 3146 2328 Et
3175 2279 3332 2344 sedit,
3375 2279 3562 2350 inquit,

1981 2379 2101 2414 arca
2125 2378 2291 2416 mense
2309 2363 2538 2430 septimo,
2565 2364 2797 2417 vicesima
2819 2366 3028 2435 septima
3050 2369 3231 2423 mensis
3250 2387 3402 2440 supir
3424 2388 3566 2426 mon-

1983 2461 2055 2506 tes
2096 2453 2294 2506 Ararat.
2341 2454 2394 2508 5.
2423 2453 2567 2523 Aqua
2596 2464 2764 2507 autem
2809 2457 3120 2511 decrescebat
3149 2475 3304 2529 usque
3330 2461 3399 2514 ad
3427 2461 3566 2515 deci-

1983 2561 2119 2596 mum
2158 2561 2376 2597 mensem
2414 2559 2434 2598 :
2473 2555 2518 2596 et
2563 2558 2906 2614 apparuerunt
2947 2549 3207 2602 cacumina
3245 2553 3486 2606 montium
3515 2554 3566 2606 in

1984 2635 2178 2688 decimo
2229 2652 2396 2689 mense
2434 2677 2447 2699 ,
2504 2639 2680 2715 prima
2722 2640 2924 2692 mensis.
2976 2640 3106 2694 Vide
3143 2657 3300 2711 quam
3350 2653 3568 2713 repente

1984 2725 2119 2780 facta
2147 2727 2385 2792 mutatio,
2411 2737 2464 2782 et
2496 2736 2688 2795 quanta
2717 2729 2871 2784 simul
2898 2745 3154 2800 aquarum
3182 2744 3368 2790 natura
3394 2735 3568 2792 desie-

1985 2821 2073 2885 rit,
2115 2828 2171 2873 ut
2196 2833 2354 2887 supra
2383 2828 2593 2874 montes
2621 2835 2746 2873 arca
2776 2822 3052 2878 resideret.
3083 2823 3211 2890 Qua:
3236 2842 3392 2895 supra
3423 2827 3567 2883 dixe-

1987 2921 2068 2966 rat
2097 2911 2371 2980 Scriptura
2392 2953 2404 2976 ,
2440 2912 2741 2981 quindecim
2783 2913 2975 2968 cubitis
3003 2929 3165 2985 super
3191 2925 3396 2973 montes
3422 2921 3567 2974 exal-

1991 3009 2153 3056 tatam
2185 3001 2348 3056 fuisse
2378 3015 2568 3071 aquam
2600 3017 2614 3055 :
2649 3017 2789 3057 nunc
2817 3003 2944 3057 dicit
2974 3005 3176 3060 sedisse
3206 3020 3383 3060 aream
3411 3023 3570 3077 super

1987 3103 2197 3148 montes
2235 3095 2457 3160 Ararat,
2489 3103 2544 3148 et
2574 3093 2821 3162 paulatim
2855 3104 3039 3164 postea
3079 3110 3269 3165 aquam
3310 3112 3474 3168 usque
3503 3100 3570 3154 ad

1989 3183 2256 3238 decimum
2309 3199 2546 3238 mensem
2601 3183 2944 3252 decrevisse,
2999 3198 3053 3242 et
3104 3188 3313 3242 tandem
3361 3190 3572 3246 decimo

1991 3289 2174 3328 mense
2224 3274 2333 3328 visa
2389 3274 2550 3328 fuisse
2601 3277 2876 3330 cacumina
2927 3278 3205 3332 montium.
3258 3279 3570 3349 Considera,

1990 3382 2194 3436 quarso,
2232 3367 2358 3436 justi
2391 3368 2780 3432 constantiam,
2815 3369 3081 3438 quomodo
3111 3371 3302 3428 durare
3344 3375 3574 3441 potuerit

1992 3466 2070 3511 tot
2097 3457 2408 3523 mensibus,
2453 3457 2542 3526 qui
2584 3459 2733 3528 quasi
2778 3459 2830 3513 in
2879 3461 3114 3516 tenebris
3159 3473 3272 3517 erat
3319 3463 3570 3520 inclusus.

1990 3549 2041 3601 6.
2077 3547 2142 3600 Et
2169 3550 2358 3616 factum
2386 3559 2476 3611 est,
2509 3549 2695 3617 inquit,
2727 3559 2836 3617 post
2862 3551 3200 3621 quadraginta
3221 3553 3348 3619 dies,
3377 3558 3574 3626 aperuit

1995 3635 2111 3689 Noe
2153 3636 2422 3704 fenestram
2446 3651 2610 3700 arcte,
2654 3654 2806 3706 quant
2833 3643 3050 3708 fecerat,
3084 3650 3130 3694 et
3158 3643 3318 3695 emisit
3349 3659 3571 3709 corvum,

1994 3735 2049 3778 ut
2078 3725 2264 3778 rideret
2289 3740 2409 3776 num
2436 3736 2674 3778 cessasset
2701 3743 2850 3796 aqua.
2877 3728 3012 3782 Ecce
3033 3729 3208 3797 justus
3235 3731 3319 3784 illo
3341 3734 3572 3788 nondum

1995 3832 2089 3886 per
2119 3832 2177 3870 se
2202 3815 2362 3870 audet
2402 3817 2706 3886 reSpicere,
2747 3819 2841 3872 sed
2883 3834 3099 3875 corvum
3137 3821 3330 3891 tnittit,
3376 3840 3439 3880 ac
3483 3841 3576 3896 per

1996 3910 2146 3964 illum
2178 3909 2383 3963 discere
2409 3907 2540 3973 vult,
2569 3924 2635 3962 an
2667 3910 2806 3964 bona
2836 3926 3014 3966 rerum
3045 3913 3266 3967 mutatio
3298 3915 3471 3986 aliqua
3509 3917 3578 3971 sit

1934 4068 1938 4072 ι
1995 3999 2370 4068 exspectanda.
2400 4001 2452 4054 7.
2478 3997 2548 4052 Et
2576 4016 2822 4070 egressus,
2853 4001 3044 4071 inquit,
3073 4019 3172 4056 non
3210 4005 3393 4070 rediit,
3421 4006 3579 4060 donec

1995 4093 2267 4146 siccaretur
2290 4109 2421 4162 aqua
2445 4110 2477 4146 a
2503 4102 2655 4146 terra.
2683 4093 2890 4160 Adjecit
2917 4095 3188 4166 Scriptura
3211 4098 3426 4152 verbum
3453 4098 3572 4166 hoc,

1997 4182 2190 4249 Donec,
2218 4199 2321 4238 non
2343 4183 2482 4255 quod
2511 4193 2691 4254 postea
2718 4185 2965 4251 redierit;
2997 4187 3092 4242 sed
3117 4188 3309 4243 idioma
3339 4200 3419 4245 est
3439 4192 3580 4246 Scri-

2000 4283 2167 4344 ptura:
2197 4273 2408 4328 divinas.
2453 4275 2518 4328 Et
2547 4273 2684 4329 hanc
2709 4278 3146 4333 consuetudinem
3174 4294 3316 4350 saepe
3344 4281 3464 4351 quis
3493 4283 3576 4336 in-

1997 4364 2194 4429 veniet,
2221 4375 2546 4434 possentque
2569 4365 2733 4418 multa
2759 4366 2882 4419 talia
2910 4367 3152 4435 inveniri,
3176 4384 3240 4424 ac
3266 4369 3318 4424 in
3347 4371 3578 4427 medium

1998 4455 2176 4510 afferri
2208 4472 2222 4508 :
2249 4455 2340 4510 sed
2383 4471 2451 4510 ne
2488 4456 2662 4510 omnia
2693 4471 2722 4508 a
2753 4457 2908 4511 nobis
2938 4457 3202 4514 discentes
3229 4461 3580 4531 negligentio-

2000 4560 2088 4600 res
2114 4545 2373 4611 evadatis,
2407 4546 2555 4599 vobis
2587 4546 2960 4615 relinquimus,
2992 4558 3048 4603 ut
3076 4550 3400 4619 Scripturam
3427 4568 3580 4607 scru-

2002 4637 2220 4702 temini,
2253 4644 2307 4690 et
2351 4637 2632 4690 inveniatis
2675 4637 2886 4692 ubinam
2919 4641 3328 4709 pr0prietatibus
3356 4652 3409 4698 et
3445 4644 3582 4698 idio-

2003 4726 2230 4780 matibus
2257 4725 2619 4794 hujuscemodi
2661 4737 2852 4783 utatur.
2881 4729 2997 4785 Jam
3027 4740 3418 4803 autem‘opertn
3460 4750 3582 4802 pre-

2004 4819 2133 4872 tium
2167 4816 2352 4883 fuerit,
2399 4829 2456 4872 ut
2483 4819 2687 4874 dicatur
2714 4836 2872 4876 causa
2899 4837 3063 4893 quare
3093 4839 3196 4878 non
3227 4825 3443 4879 redierit
3471 4825 3584 4880 hare

2002 4908 2137 4962 avis.
2167 4907 2431 4964 Fortassis
2456 4911 2572 4964 avis
2598 4912 2706 4974 illa,
2733 4913 2809 4966 uti
2832 4922 2914 4966 est
2935 4914 3224 4977 immunda,
3253 4929 3374 4968 cum
3397 4915 3584 4970 desiis-

2005 5008 2125 5053 sent
2151 5014 2320 5069 aquae,
2345 5000 2530 5055 incidit
2552 5003 2601 5054 in
2625 5002 2884 5056 cadavera
2906 5002 3181 5057 hominum
3208 5013 3262 5060 et
3283 5006 3581 5076 brutorum,

2008 5088 2197 5156 quibus
2218 5129 2233 5154 ,
2272 5089 2488 5144 invento
2525 5091 2626 5144 sibi
2653 5093 2964 5160 congruenti
2994 5093 3115 5148 cibo
3136 5135 3152 5162 ,
3182 5095 3373 5151 insedit
3399 5115 3412 5151 :
3445 5101 3585 5169 quod

2008 5180 2168 5232 etiam
2201 5181 2370 5248 ipsum
2403 5193 2507 5234 non
2531 5195 2749 5250 parvum
2779 5182 2930 5236 bona:
2959 5184 3072 5253 spei
3097 5199 3464 5255 argumentum
3493 5192 3586 5248 fuit

2009 5270 2174 5338 justo.
2221 5270 2430 5340 Alioqui
2476 5271 2656 5337 enim,
2699 5273 2800 5326 nisi
2845 5274 3258 5331 consolationem
3303 5279 3588 5339 invenisset

2009 5360 2240 5429 aliquam
2265 5399 2280 5426 ,
2320 5376 2531 5415 reversa
2574 5362 2756 5431 utique
2792 5364 2992 5418 fuisset.
3019 5367 3195 5438 Atque
3233 5379 3290 5426 ut
3333 5371 3434 5428 hoc
3472 5391 3590 5430 esse

2012 5463 2199 5503 verum
2246 5451 2418 5517 scias,
2469 5463 2651 5520 postea
2695 5454 2869 5522 justus
2916 5457 3136 5513 meliore
3183 5475 3277 5530 spe
3315 5476 3589 5534 concepta,

2013 5540 2211 5595 emittit
2237 5541 2572 5608 columbam,
2601 5558 2750 5598 avem
2782 5547 2961 5601 mitem
2989 5557 3042 5604 et
3085 5549 3393 5608 familiarem
3421 5596 3434 5615 ,
3476 5571 3589 5620 quae

2021 5633 2207 5691 miram
2239 5649 2347 5704 prie
2377 5648 2437 5690 se
2467 5633 2569 5692 fert
2612 5640 3068 5696 mansuetudinem
3094 5682 3108 5708 ,
3153 5653 3206 5699 et
3233 5658 3346 5714 quin
3372 5634 3593 5695 nonnisi
