4066 6140
469 273 572 327 235

463 386 755 438 seminibus
785 384 924 451 pasci
954 382 1125 446 solita,
1150 397 1214 436 ex
1246 380 1390 450 puris
1410 387 1492 433 est
1516 377 1720 432 avibus.
1750 377 1802 431 8.
1825 375 1890 430 Et
1909 377 2032 430 emi—

465 477 560 542 sit,
590 476 788 543 inquit,
828 473 1108 526 columbam
1135 488 1166 524 a
1191 488 1275 536 se,
1315 480 1369 524 ut
1404 471 1624 535 videret,
1653 485 1774 522 num
1798 478 2035 522 cessasset

465 581 596 633 aqua
637 581 666 616 a
695 563 824 634 facie
862 571 1026 616 terrae.
1072 561 1125 616 9.
1153 561 1218 613 At
1250 560 1479 614 columba
1508 575 1607 611 non
1647 559 1842 612 inventa
1867 557 2037 624 requie

469 654 674 724 pedibus
701 655 827 720 suis,
855 654 1003 706 rediit
1033 654 1100 706 ad
1127 654 1292 722 ipsum
1319 652 1372 705 in
1398 667 1571 704 arcam
1591 691 1604 714 ,
1636 651 1752 721 quia
1777 667 1906 718 aqua
1931 658 2036 703 erat

469 761 618 814 super
646 760 841 797 onmem
868 745 1045 815 faciem
1068 752 1232 796 terrae.
1256 743 1356 796 Par
1371 749 1471 806 est,
1490 750 1547 794 ut
1573 740 1656 793 hic
1682 739 2036 809 disquiramus

466 835 732 904 quomodo
759 849 880 888 cum
907 848 1064 905 supra
1094 833 1286 888 dixerit
1326 831 1596 900 Scriptura
1636 839 1814 884 sancta
1835 871 1848 894 ,
1880 844 2038 884 cacu-

465 925 605 977 mina
648 925 906 978 montium
957 926 1119 979 fuisse
1156 924 1301 988 visa,
1345 937 1484 977 nunc
1524 922 1671 989 dicit,
1714 921 2034 983 columbam,

463 1028 568 1066 non
596 1017 808 1067 inventa
837 1013 1039 1083 requie,
1071 1012 1136 1066 ad
1168 1013 1339 1081 ipsum
1365 1013 1419 1068 in
1445 1026 1620 1065 arcam
1648 1010 1888 1078 rediisse,
1916 1012 2038 1081 quia

462 1118 600 1172 aqua
626 1111 742 1158 erat
761 1119 920 1174 super
939 1119 1151 1158 onmem
1174 1103 1358 1158 faciem
1389 1111 1564 1157 teme.
1594 1103 1880 1172 Diligenter
1899 1102 2039 1171 lega-

465 1206 583 1245 mus
612 1193 736 1262 quid
762 1194 832 1248 sit
871 1193 1087 1257 dictum,
1136 1202 1190 1248 et
1231 1193 1460 1247 sciemus
1487 1207 1721 1246 causam.
1753 1191 1867 1246 Non
1896 1194 2037 1246 enim

465 1283 774 1351 simpliciter
805 1283 972 1351 dixit,
1014 1283 1137 1337 Non
1175 1284 1374 1337 inventa
1410 1284 1609 1352 requie,
1649 1282 1743 1336 sed
1773 1283 2035 1351 apposuit,

467 1372 686 1427 Pedibus
727 1376 861 1438 suis,
907 1382 964 1428 ut
1003 1374 1194 1428 doceat
1239 1390 1374 1439 nos,
1417 1373 1626 1427 tametsi
1669 1373 1937 1427 desierant
1972 1387 2038 1426 ex

467 1474 614 1532 parte
639 1466 807 1533 aliqua
847 1480 1019 1535 aqum,
1065 1474 1119 1518 et
1162 1465 1432 1518 cacumina
1477 1463 1734 1518 montium
1775 1478 2038 1533 apparue-

466 1564 620 1621 rant,
662 1556 833 1609 adhuc
865 1566 1039 1610 tamen
1069 1555 1137 1609 ob
1171 1555 1547 1608 abundantiam
1591 1569 1846 1623 aquarum
1878 1554 2037 1608 etiam

468 1645 723 1698 montium
751 1645 1024 1697 cacumina
1055 1645 1181 1697 limo
1209 1643 1360 1712 plena
1389 1643 1572 1697 fuisse.
1604 1643 1668 1696 Et
1695 1642 1812 1696 ideo
1837 1644 2040 1696 eolum-

466 1733 527 1786 ba
558 1732 789 1786 nondum
823 1741 1003 1799 stare,
1052 1747 1226 1801 neque
1270 1731 1674 1786 convenientem
1718 1732 1818 1786 sibi
1863 1732 2037 1786 cibum

465 1824 700 1878 invenire
729 1823 913 1876 valens
933 1864 948 1888 ,
990 1837 1200 1877 reversa
1229 1832 1311 1877 est
1331 1863 1344 1886 ,
1387 1825 1558 1877 reditu
1593 1838 1690 1876 suo
1730 1823 1928 1878 docens
1950 1825 2037 1892 ju-

463 1923 606 1967 stum
627 1953 642 1979 ,
674 1927 793 1968 esse
819 1913 994 1967 adhuc
1030 1927 1272 1982 magnam
1311 1927 1566 1980 aquarum
1603 1912 1829 1980 copiam.
1860 1910 1928 1965 Et
1951 1929 2040 1966 ex-

471 2013 606 2057 tenta
628 2044 643 2070 ,
673 2003 840 2072 inquit
860 2041 873 2066 ,
905 2018 1056 2054 manu
1081 2004 1271 2069 accepit
1299 2001 1442 2054 illam
1461 2041 1474 2065 ,
1509 2010 1556 2054 et
1590 2001 1869 2054 introduxit
1897 2001 2039 2054 illam

463 2095 530 2146 nd
553 2112 605 2148 se
634 2095 684 2147 in
713 2109 904 2146 arcam.
931 2093 1119 2148 Vidisti
1148 2103 1338 2163 quanta
1363 2093 1476 2145 avis
1506 2091 1878 2158 mansuetudo,
1909 2107 2040 2159 quo-

464 2184 620 2238 modo
651 2184 864 2239 rediens
900 2184 1100 2253 justum
1138 2184 1318 2238 docuit
1338 2223 1353 2249 ,
1381 2192 1439 2237 ut
1462 2182 1842 2252 aliquantisper
1867 2181 2040 2236 adhuc

465 2274 915 2344 longanimitatcm
943 2274 1260 2329 exhiberet?
1303 2273 1462 2340 Ideo,
1498 2271 1587 2327 10.
1638 2270 1707 2325 Ει
1743 2289 1858 2326 cum
1885 2274 2036 2326 susti-

463 2364 672 2429 nuisset,
702 2363 892 2432 inquit,
921 2362 1084 2415 adltuc
1109 2371 1296 2430 septem
1325 2363 1460 2426 dies,
1488 2361 1649 2416 emisit
1675 2362 1954 2414 columbam
1979 2378 2041 2415 ex

464 2471 602 2507 arca.
632 2455 718 2508 11.
746 2453 810 2506 Ει
831 2469 1028 2506 reversa
1047 2461 1117 2506 est
1143 2452 1210 2504 ad
1233 2453 1394 2522 ipsunt
1421 2451 1652 2504 columba
1674 2453 1742 2504 ad
1763 2467 2036 2520 uesperam,

466 2555 511 2598 et
541 2545 714 2597 habuit
739 2544 918 2615 folium
947 2544 1090 2597 oliva:
1117 2541 1372 2596 surculum
1401 2543 1453 2594 in
1488 2558 1573 2595 ore
1600 2558 1712 2595 suo.
1761 2541 1876 2595 Non
1914 2541 2038 2595 abs-

465 2652 568 2706 que
608 2638 846 2702 ratione,
881 2650 1051 2706 neque
1095 2643 1294 2690 temere
1338 2633 1575 2703 adjunxit
1597 2674 1610 2697 ,
1642 2632 1724 2685 Ad
1751 2649 2039 2702 vesperam:

464 2727 559 2782 scd
591 2737 648 2781 ut
686 2727 984 2790 discamus,
1017 2741 1133 2780 eam
1164 2733 1267 2779 tota
1299 2724 1386 2778 die
1415 2732 1614 2792 pastam
1646 2721 1842 2785 fuisse,
1873 2731 1926 2777 et
1955 2725 2039 2776 in-

467 2826 624 2872 vento
649 2817 748 2871 sibi
775 2815 1110 2871 eonvenienti
1139 2815 1278 2880 cibo,
1310 2813 1377 2868 ad
1407 2828 1682 2882 vesperam
1713 2812 1956 2872 rediisse.
1987 2813 2038 2866 in

463 2925 556 2964 ore
600 2908 855 2963 ferentem
901 2907 1172 2961 surculum
1213 2905 1388 2958 olivae.
1438 2903 1567 2958 Tale
1610 2903 1804 2974 quippe
1845 2903 2038 2956 animal

463 3010 544 3054 est
573 3000 720 3065 mite,
752 3009 806 3054 et
851 3009 1030 3053 nostra
1074 2996 1425 3051 familiaritate
1451 2995 1724 3066 gaudens;
1762 3004 1816 3049 et
1843 2995 2039 3049 ideirco

467 3091 658 3157 rediit,
687 3098 743 3144 et
768 3090 919 3143 oliva:
949 3088 1160 3144 surculo
1191 3087 1413 3142 multum
1444 3087 1616 3140 solatii
1659 3086 1804 3155 justo
1842 3086 2034 3139 attulit.

465 3183 568 3237 Sed
590 3182 782 3236 dixerit
811 3181 1033 3234 fortasse
1056 3179 1244 3248 aliquis
1267 3196 1278 3231 :
1306 3179 1371 3232 Et
1395 3179 1608 3232 ubinam
1633 3179 1834 3232 invenit
1860 3177 2038 3231 folium

463 3271 656 3324 olivxe?
687 3269 876 3323 Totum
910 3268 1012 3322 hoc
1052 3267 1244 3321 factum
1285 3275 1368 3321 est
1405 3266 1803 3335 dispensatione
1841 3267 2034 3332 divina,

460 3373 513 3416 (ιι
544 3358 682 3428 quod
713 3357 953 3411 columba
1000 3357 1258 3411 invenerit
1281 3397 1296 3422 ,
1327 3365 1380 3410 et
1407 3356 1547 3425 quod
1573 3371 1669 3410 ore
1698 3357 1960 3426 receperit
1989 3369 2038 3412 et

465 3451 528 3502 ad
553 3449 752 3518 justum
781 3464 992 3503 reversa
1025 3449 1094 3502 sit
1122 3464 1135 3502 :
1168 3449 1401 3518 alioquin
1430 3457 1483 3502 et
1508 3448 1666 3502 arbor
1691 3448 1806 3504 haec
1832 3464 2042 3519 semper

470 3540 645 3592 virens
669 3547 771 3604 est,
803 3539 1196 3608 vet-isitnileque
1221 3546 1324 3604 est,
1358 3547 1633 3608 postquam
1662 3553 1811 3609 aquae
1838 3556 2042 3610 regres-

464 3645 537 3684 sa:
565 3635 719 3692 sunt,
754 3629 995 3682 arborem
1024 3627 1158 3682 hanc
1192 3629 1365 3682 adhuc
1394 3627 1642 3683 habuisse
1672 3627 1916 3684 foliorum
1947 3645 2039 3684 co-

467 3736 628 3774 mam.
659 3718 744 3774 12.
771 3719 838 3772 Et
865 3729 916 3772 ut
943 3721 1265 3790 exspectavit,
1295 3719 1486 3789 inquit,
1514 3720 1680 3772 adhuc
1705 3731 1892 3790 septem
1914 3722 2041 3776 alios

465 3813 591 3875 dies,
621 3811 786 3865 emisit
805 3811 1086 3864 columbam
1113 3851 1128 3875 ,
1157 3821 1202 3865 et
1229 3827 1327 3864 non
1358 3811 1541 3882 adjecit
1570 3820 1624 3864 ut
1652 3813 1720 3865 ad
1747 3812 1894 3866 illunt
1920 3815 2038 3867 red-

466 3903 574 3955 iret.
609 3900 740 3956 Vide
763 3900 1028 3970 quomodo
1058 3902 1228 3968 iustus
1257 3902 1307 3955 in
1339 3903 1585 3956 omnibus
1619 3904 2038 3959 consolationem

468 3993 710 4046 idoneam
756 3991 996 4061 accipiat.
1030 3990 1163 4044 Nam
1207 4000 1263 4044 ut
1307 3991 1443 4044 bona
1486 4007 1581 4060 spe
1627 4003 1893 4048 recreatus
1935 4005 2036 4060 est,

466 4097 586 4137 cum
632 4083 858 4145 rediret,
901 4089 954 4135 et
995 4081 1148 4134 oliva:
1193 4079 1373 4134 lolium
1427 4080 1479 4134 in
1523 4095 1616 4134 ore
1661 4082 1824 4137 ferret
1853 4085 1963 4138 :ita
1990 4097 2043 4140 et

469 4187 610 4228 nunc
637 4187 757 4225 cum
785 4185 997 4240 egressa
1030 4186 1133 4224 non
1161 4169 1328 4235 redit,
1360 4172 1644 4224 maximum
1677 4173 1748 4226 illi
1790 4173 2040 4232 indicium

469 4263 584 4326 fuit,
626 4275 742 4313 eam
785 4259 1131 4313 sufficientem
1179 4259 1445 4313 invenisse
1488 4260 1948 4328 rcfocillationcm,
1987 4274 2042 4319 et

467 4363 630 4418 aquas
658 4348 708 4401 in
737 4349 1039 4402 universum
1068 4348 1309 4402 desiisse.
1344 4349 1408 4403 Et
1435 4351 1534 4403 hoc
1563 4350 1630 4404 ita
1659 4367 1796 4416 esse,
1828 4354 1949 4408 audi
1975 4370 2040 4409 ex

469 4439 827 4509 sequentibus.
862 4440 948 4494 15.
979 4437 1044 4492 Et
1070 4439 1257 4508 factum
1285 4451 1386 4505 est,
1421 4440 1614 4511 inquit,
1643 4443 1696 4496 in
1727 4459 1825 4496 uno
1849 4452 1898 4497 et
1923 4461 2040 4498 sea:-

467 4532 733 4585 centesimo
757 4547 890 4586 anno
915 4534 1030 4586 vita:
1064 4531 1177 4586 Noe
1195 4575 1210 4598 ,
1240 4534 1400 4602 primo
1439 4550 1605 4588 mense
1641 4536 1820 4604 defecit
1848 4552 1982 4606 aqua
2009 4553 2042 4590 α

469 4622 598 4691 facie
637 4630 782 4675 terra:
833 4621 895 4674 Et
926 4624 1120 4692 aperuit
1148 4622 1261 4677 Noe
1292 4634 1472 4677 tectum
1496 4641 1629 4680 orca:
1661 4626 1793 4695 quod
1833 4631 2036 4696 fecerat,

467 4727 512 4769 et
538 4715 660 4768 vidit
685 4715 816 4784 quod
841 4716 1019 4786 defecit
1047 4732 1177 4780 aqua
1202 4732 1232 4766 a
1260 4717 1388 4785 facie
1413 4726 1575 4770 terrm.

537 4809 590 4863 5.
630 4807 824 4861 lterum
853 4806 936 4860 hic
965 4821 1049 4860 me
1075 4814 1259 4874 stupor
1285 4805 1502 4868 invadit,
1522 4815 1578 4859 ut
1601 4807 1850 4862 admirari
1881 4823 2040 4878 Chgnl'

460 4899 587 4968 justi
628 4897 783 4967 hujus
807 4897 1087 4960 virtutem,
1135 4906 1188 4948 et
1231 4895 1320 4948 Dei
1359 4897 1716 4952 clementiam.
1763 4898 2040 4966 Quomodo

463 4991 627 5055 enim,
671 5003 869 5058 qumso,
901 4998 1020 5058 post
1065 4995 1264 5040 tantum
1311 4997 1537 5055 tempus,
1584 4997 1641 5042 ut
1666 5003 1722 5042 se
1752 4991 1859 5044 acri
1889 5007 2037 5045 com-

466 5083 628 5145 misit,
675 5091 728 5135 et
753 5081 936 5134 oculos
959 5080 1023 5133 ad
1051 5080 1236 5133 carlum
1266 5080 1608 5150 spectandum
1641 5082 1884 5148 intendit,
1930 5100 2034 5139 non

465 5182 651 5239 captus
679 5181 760 5224 est
787 5170 954 5224 oculis
978 5178 1032 5224 et
1057 5172 1394 5225 excarcatus?
1420 5171 1590 5226 Probe
1615 5187 1840 5242 namque
1867 5176 2033 5242 scitis,

467 5260 566 5314 hoc
596 5261 901 5329 contingere
931 5259 1229 5315 hominibus
1258 5261 1458 5325 solere,
1501 5263 1658 5316 etiam
1707 5264 1772 5317 ad
1820 5279 2034 5334 parvam

465 5353 567 5406 diei
613 5364 814 5422 partem
860 5353 910 5406 iu
953 5353 1250 5408 tenebrosis
1279 5353 1685 5423 caliginosisque
1711 5353 1839 5409 locis
1869 5370 2032 5425 agen-

465 5445 621 5509 tibus,
668 5459 787 5498 eunt
817 5445 992 5500 subito
1031 5446 1082 5500 in
1120 5445 1252 5499 lucis
1278 5443 1536 5515 fulgorem
1563 5444 1802 5513 aspicere
1827 5447 2028 5500 volunt.

458 5535 640 5589 Justus
663 5543 840 5588 autem
888 5535 979 5590 ille
1016 5549 1156 5590 anno
1202 5535 1428 5604 integro,
1464 5545 1516 5588 et
1548 5542 1625 5588 tot
1665 5534 1934 5590 mensibus
1977 5536 2029 5590 in

465 5639 591 5680 arca
613 5669 627 5693 ,
673 5626 820 5697 quasi
868 5626 921 5682 in
954 5626 1186 5682 tenebris
1213 5638 1395 5696 agens,
1444 5626 1602 5680 etiam
1637 5639 1776 5680 nunc
1811 5633 2030 5696 repente

1172 272 1224 326 S.
1266 265 1542 324 lO.\NNlS
1577 262 2052 320 CHRYSOSTOMI
2091 261 2408 318 ARCIIIEP.
2449 260 2982 320 CONSTANTINOP.

3611 265 3734 320 236

2143 375 2253 430 viso
2295 376 2426 430 lucis
2455 375 2665 444 jubarc,
2716 375 2847 430 nihil
2897 375 3001 435 tale
3029 383 3281 446 expertus
3316 387 3415 433 est.
3445 379 3538 433 Dei
3579 381 3726 432 eriini

2137 465 2305 534 gratia
2355 473 2490 531 erat,
2540 475 2594 519 et
2640 465 2888 534 patientia
2940 464 3008 519 ab
3051 478 3116 520 eo
3157 464 3233 518 illi
3274 480 3551 532 concessa,
3603 480 3731 535 qua:

2138 558 2297 611 etiam
2345 556 2584 625 corporis
2634 569 2823 611 sensus
2874 555 3136 610 firmiores
3189 556 3510 621 reddiderat,
3541 565 3594 610 ct
3623 571 3730 625 po-

2140 646 2394 700 tentiores
2433 660 2591 713 quam
2638 645 2727 714 qui
2771 644 3135 713 corporalibus
3171 645 3572 699 necessitatibus
3613 646 3732 700 vin-

2139 749 2403 790 cerentur.
2448 737 2535 789 14.
2583 733 2650 788 1η
2692 750 2861 788 mense
2902 742 3070 788 autem
3110 734 3330 788 secundo
3381 739 3604 803 arefacta
3652 746 3737 790 est

2141 835 2293 892 terra,
2324 828 2552 880 vicesimo
2580 836 2625 880 et
2651 827 2862 895 septimo
2888 827 2969 880 die
2995 827 3195 882 mensis.
3236 825 3353 880 Non
3392 827 3592 897 absque
3636 844 3726 882 ra-

2141 916 2284 970 tione
2333 925 2528 969 tantam
2568 915 2893 984 diligentiam
2939 914 3158 969 adhibet
3201 915 3375 969 divina
3417 914 3687 984 Scriptura
3715 957 3732 979 ,

2139 1007 2231 1062 sed
2271 1016 2328 1060 nt
2368 1007 2634 1061 discamus
2681 1021 2848 1075 usque
2889 1005 2956 1060 ad
3001 1006 3230 1075 primum
3258 1005 3397 1061 diem
3429 1009 3552 1060 anni
3581 1008 3734 1062 illius

2139 1099 2650 1153 consummationem
2682 1098 2900 1153 dilatam
2941 1097 3131 1162 fuisse,
3187 1111 3294 1168 quo
3334 1109 3737 1154 monstraretur

2136 1187 2264 1258 justi
2294 1189 2563 1257 patientia,
2591 1199 2646 1243 et
2675 1188 2836 1244 totius
2867 1189 3012 1244 orbis
3040 1189 3284 1258 purgatio
3321 1189 3491 1244 fieret.
3526 1191 3735 1245 Deinde

2142 1288 2418 1350 postquam
2472 1279 2623 1350 quasi
2675 1295 2706 1335 a
2751 1279 2911 1334 sorde
2949 1279 3172 1349 quadam
3215 1279 3394 1334 abluta
3434 1289 3516 1335 est
3551 1283 3736 1336 omnis

2140 1377 2402 1435 creatura,
2436 1380 2484 1424 et
2519 1370 2758 1440 deposuit
2785 1385 2998 1425 omnem
3031 1371 3312 1438 maculam,
3343 1387 3500 1442 quam
3528 1389 3589 1427 ex
3622 1373 3722 1427 hu.

2141 1475 2295 1513 mana
2323 1468 2662 1514 contraxerat
2688 1461 2904 1524 malitia,
2936 1460 3205 1532 faciesque
3243 1461 3294 1516 ei
3335 1477 3463 1531 pura
3509 1463 3720 1518 reddita

2139 1561 2220 1605 est
2266 1567 2278 1604 :
2328 1560 2453 1605 tunc
2487 1552 2715 1621 denique
2746 1552 2978 1620 praecipit
3007 1563 3063 1604 ut
3087 1550 3260 1619 justus
3289 1567 3355 1606 ex
3386 1566 3505 1606 arca
3547 1563 3726 1617 exeat,

2147 1643 2386 1713 liberque
2411 1658 2438 1696 a
2469 1643 2614 1713 gravi
2645 1643 2734 1697 illo
2763 1657 2978 1698 carcere
3001 1642 3124 1707 liat,
3153 1650 3207 1696 et
3233 1641 3401 1712 inquit
3429 1658 3444 1696 :
3477 1643 3564 1698 15.
3583 1643 3731 1697 Dixit

2141 1733 2388 1788 Dominus
2426 1733 2563 1788 Deus
2600 1733 2668 1787 ad
2698 1733 2814 1788 Noe
2843 1748 2862 1787 :
2886 1733 2974 1789 16.
3001 1732 3253 1803 Egredere
3277 1741 3352 1800 tu,
3376 1742 3424 1786 et
3453 1749 3580 1787 uxor
3603 1743 3727 1796 tua,

2141 1835 2186 1879 et
2213 1826 2309 1894 filii
2333 1825 2424 1887 tui,
2475 1834 2522 1878 et
2565 1841 2744 1879 uxores
2791 1825 3013 1893 filiorum
3054 1832 3257 1878 tuorum
3287 1832 3449 1878 tecum
3491 1839 3510 1878 :
3557 1825 3646 1880 17.
3680 1834 3731 1880 et

2141 1930 2311 1968 omnes
2336 1915 2504 1968 bestiae
2545 1929 2868 1985 quaecumque
2905 1923 3020 1968 sunt
3045 1923 3227 1978 tecum,
3261 1924 3308 1968 et
3334 1915 3498 1968 omnis
3535 1931 3655 1969 caro
3693 1933 3731 1970 α

2141 2004 2426 2058 volatilibus
2452 2020 2608 2073 usque
2625 2004 2692 2056 ad
2723 2020 2924 2072 pecora,
2951 2012 2997 2058 et
3043 2019 3190 2058 omne
3230 2005 3410 2073 reptile
3446 2007 3581 2075 quod
3613 2023 3728 2060 mo-

2141 2103 2281 2146 uetur
2305 2110 2457 2163 super
2483 2103 2668 2146 terram
2693 2093 2818 2146 educ
2845 2103 3006 2146 tecum
3026 2132 3041 2157 ,
3083 2102 3129 2146 et
3170 2095 3376 2147 crescite
3400 2103 3446 2148 et
3475 2094 3724 2165 multipti-

2141 2184 2326 2236 camini
2368 2199 2519 2253 super
2563 2192 2768 2236 terram.
2827 2182 3080 2252 Expende
3122 2183 3210 2237 hic
3252 2183 3346 2238 Dei
3398 2183 3724 2252 bonitatem,

2141 2272 2409 2341 quomodo
2431 2289 2522 2342 per
2548 2273 2725 2326 omnia
2749 2273 2951 2342 juStum
2978 2273 3299 2328 consolatur.
3331 2273 3463 2328 Nam
3483 2276 3604 2346 quia
3627 2276 3729 2330 im-

2145 2363 2345 2431 peravit
2374 2363 2472 2427 illi,
2513 2372 2572 2416 ut
2610 2363 2780 2418 exiret
2811 2377 2874 2418 ex
2919 2377 3041 2418 arca
3088 2363 3225 2433 ipse,
3261 2372 3319 2419 et
3343 2379 3498 2431 uxor,
3523 2375 3577 2420 et
3606 2365 3726 2432 filii,

2142 2463 2196 2508 et
2231 2469 2424 2508 uxores
2465 2453 2713 2518 ﬁliorum,
2761 2462 2816 2508 et
2858 2454 3044 2509 bestia:
3073 2469 3260 2510 omnes
3289 2471 3304 2508 :
3333 2465 3390 2508 ut
3418 2471 3484 2510 ne
3509 2467 3562 2512 et
3584 2457 3727 2511 istud

2145 2542 2317 2612 ipsum
2367 2557 2652 2597 manui-em
2680 2543 2911 2612 aliquem
2939 2545 2988 2598 ei
3015 2543 3249 2606 allerret,
3295 2553 3349 2599 et
3391 2545 3605 2600 anxium
3633 2562 3728 2601 re-

2143 2633 2408 2702 linqueret
2435 2635 2756 2703 cogitantem
2787 2633 3052 2702 quomodo
3080 2635 3132 2688 in
3161 2635 3446 2690 solitudine
3469 2645 3611 2692 esset
3639 2636 3728 2691 fu-

2143 2731 2312 2788 turus,
2354 2732 2553 2777 tantam
2602 2731 2758 2778 terra:
2813 2723 3142 2778 latitudinem
3189 2727 3336 2780 solus
3387 2726 3726 2794 inhabitans,

2143 2815 2289 2867 nullo
2320 2813 2429 2882 jam
2472 2813 2578 2866 alio
2606 2813 2822 2868 vivente
2853 2831 2868 2868 :
2901 2814 3021 2869 ideo
3047 2823 3326 2885 postquam
3357 2817 3491 2870 dixit
3518 2835 3530 2870 :
3560 2817 3734 2888 Egre-

2143 2903 2269 2958 dere
2313 2919 2377 2958 ex
2421 2917 2565 2967 arca,
2599 2911 2652 2958 et
2693 2903 2826 2958 educ
2856 2905 3035 2958 omnia
3061 2914 3254 2971 tecum,
3283 2906 3429 2961 addit
3461 2925 3474 2960 :
3504 2907 3724 2963 Crescite

2142 3005 2188 3049 et
2215 2996 2619 3065 multiplicamini
2646 3013 2798 3066 super
2828 2997 3033 3050 terram.

2215 3085 2330 3139 Noe
2371 3089 2665 3158 fermentum
2707 3087 2902 3140 mundi.
2952 3115 3025 3126 ——
3073 3087 3205 3144 Vide
3248 3089 3515 3158 quomodo
3549 3089 3729 3159 justus

2143 3177 2230 3231 ille
2272 3176 2448 3230 denuo
2486 3192 2775 3246 supernam
2829 3177 3022 3245 accipit
3065 3177 3512 3246 benedimioncm,
3565 3197 3727 3250 quam

2143 3281 2266 3324 ante
2317 3269 2794 3338 transgressionem
2843 3280 3122 3340 acceperat
3164 3270 3353 3326 Adam.
3399 3271 3529 3325 Nam
3588 3273 3730 3327 sicut

2143 3361 2354 3429 quando
2409 3361 2495 3415 ille
2537 3359 2797 3414 formatus
2843 3370 2947 3427 est,
3000 3361 3202 3414 audivit
3238 3377 3251 3414 :
3289 3361 3354 3414 Et
3379 3361 3626 3416 benediait
3652 3365 3729 3416 eis

2146 3450 2304 3517 Deus,
2336 3451 2507 3505 dicens
2542 3467 2559 3506 :
2599 3451 2816 3507 Crescite
2862 3461 2906 3506 et
2944 3451 3370 3522 multiplicamini,
3417 3462 3463 3506 et
3499 3453 3724 3507 domina-

2145 3545 2269 3599 mini
2311 3554 2458 3598 terra:
2503 3543 2656 3614 (Gen.
2690 3545 2740 3599 1.
2773 3542 2867 3615 28)
2904 3563 2916 3599 :
2950 3544 3021 3598 ita
3064 3553 3118 3599 et
3162 3544 3285 3599 huic
3315 3559 3456 3598 nunc
3490 3545 3726 3599 dicitur:

2145 3636 2359 3690 Crescite
2397 3646 2442 3689 et
2481 3635 2886 3704 multiplicamini
2931 3651 3084 3705 super
3125 3644 3328 3688 terram.
3356 3635 3561 3704 Quippe
3590 3635 3730 3690 sicut

2146 3731 2232 3784 ille
2279 3730 2428 3799 origo
2473 3738 2528 3783 et
2578 3727 2723 3782 radix
2771 3728 2866 3782 fuit
2907 3727 3150 3783 omnium
3183 3727 3271 3797 qui
3299 3729 3406 3781 nati
3436 3736 3560 3781 sunt
3603 3736 3731 3782 ante

2144 3819 2395 3872 diluvium
2442 3835 2456 3873 :
2499 3819 2569 3872 ita
2608 3827 2660 3871 et
2698 3817 2872 3887 justus
2911 3817 2996 3871 hic
3040 3817 3362 3871 fermentum
3412 3815 3680 3886 quoddam
3707 3856 3724 3880 ,

2144 3910 2311 3979 origo,
2340 3919 2395 3964 et
2425 3909 2575 3963 radix
2598 3919 2680 3963 est
2707 3909 2944 3963 omnium
2980 3909 3068 3978 qui
3097 3917 3216 3977 post
3249 3908 3502 3962 diluvium
3533 3905 3684 3962 fuere
3711 3926 3726 3960 :

2145 4009 2199 4053 et
2235 3999 2360 4052 hinc
2402 4007 2582 4067 postea
2649 3997 2894 4052 humana:
2968 3998 3361 4052 constitution’s
3407 3997 3723 4066 principium

2145 4087 2339 4141 factum
2400 4097 2503 4142 est.
2561 4087 2813 4142 Creatura
2863 4100 3074 4156 quoque
3110 4086 3288 4140 omnis
3328 4101 3480 4140 suum
3523 4086 3730 4155 accepit

2145 4187 2411 4241 ornatum,
2438 4185 2580 4231 terra
2609 4176 2677 4231 ad
2713 4175 2964 4231 ferendos
3003 4175 3206 4230 fructus
3232 4175 3423 4230 idonea
3451 4174 3589 4229 facta
3620 4185 3723 4240 est,

2145 4269 2355 4338 aliaque
2383 4269 2561 4323 omnia
2590 4283 2708 4338 quae
2735 4276 2952 4338 propter
2973 4267 3204 4322 hominis
3223 4268 3576 4323 ministerium
3604 4277 3731 4324 sunt

2145 4361 2378 4414 condita.
2406 4359 2492 4415 18.
2521 4359 2586 4413 Ει
2614 4376 2841 4430 egressus
2866 4370 2938 4414 est
2968 4360 3100 4425 Noe,
3126 4359 3313 4429 inquit,
3333 4367 3380 4413 et
3406 4377 3535 4414 uxor
3560 4361 3724 4423 illius,

2145 4459 2190 4503 et
2217 4450 2312 4518 filii
2331 4449 2488 4515 illius,
2531 4459 2576 4503 et
2619 4466 2798 4503 uxores
2830 4450 3052 4519 filiorum
3093 4449 3233 4503 illius
3265 4466 3382 4502 cum
3411 4465 3505 4514 eo;
3550 4450 3636 4505 19.
3676 4460 3728 4504 et

2149 4555 2320 4593 onmes
2369 4540 2568 4606 bestico,
2617 4549 2663 4593 et
2717 4540 2889 4592 omnia
2925 4555 3145 4608 pecora,
3201 4548 3248 4592 et
3300 4555 3446 4593 omne
3499 4540 3723 4605 volatile,

2144 4639 2189 4682 et
2228 4646 2373 4682 onme
2401 4629 2574 4698 reptile
2601 4629 2734 4697 quod
2765 4638 2987 4682 movetur
3015 4644 3167 4697 super
3187 4637 3371 4682 terram
3387 4629 3543 4698 juxta
3567 4644 3726 4698 genus

2145 4737 2293 4775 suunt
2335 4721 2561 4774 exierunt
2591 4736 2652 4773 ea:
2678 4736 2818 4773 arca.
2879 4721 3161 4788 Postquam
3191 4720 3394 4788 accepit
3417 4718 3722 4773 mandatum

2144 4827 2172 4864 a
2231 4812 2452 4865 Domino
2501 4821 2554 4865 et
2605 4811 3028 4866 benedictionem
3067 4810 3365 4873 dicentem,
3401 4810 3622 4865 Crescite
3672 4819 3722 4863 et

2145 4901 2581 4970 multiplicamini,
2647 4901 2778 4955 exiit
2823 4915 2888 4955 ex
2943 4915 3066 4954 arca
3109 4914 3230 4954 cum
3283 4899 3402 4953 aliis
3453 4899 3723 4954 omnibus.

2146 4990 2213 5043 Et
2263 4991 2483 5059 posthac
2535 4992 2585 5044 in
2635 5000 2740 5044 tota
2792 4998 2933 5045 terra
2981 4990 3127 5044 solus
3166 4989 3376 5044 vivebat
3417 4989 3593 5058 justus
3638 4989 3726 5044 ille

2144 5097 2264 5136 cum
2319 5097 2504 5148 uxore,
2555 5091 2607 5137 et
2654 5082 2794 5150 filiis,
2839 5092 2892 5136 et
2930 5081 3183 5136 uxoribus
3225 5081 3454 5136 ilforum.
3488 5081 3606 5135 Mox
3632 5097 3728 5136 au-

2143 5185 2249 5230 tem
2299 5184 2353 5229 ut
2392 5190 2637 5244 egressus
2680 5184 2782 5237 est,
2833 5188 2988 5228 suum
3037 5172 3314 5228 declarans
3361 5180 3568 5242 gratum
3605 5174 3721 5226 ani~

2143 5279 2286 5318 mmn
2316 5305 2332 5330 ,
2383 5273 2488 5318 tam
2543 5281 2638 5334 pro
2676 5265 2740 5318 iis
2771 5279 2890 5333 qua:
2938 5263 3336 5332 prteterierant.
3388 5279 3546 5333 quam
3601 5279 3722 5333 qua!

2083 5380 2095 5389 -
2141 5351 2313 5407 futura
2361 5363 2532 5417 erant,
2569 5355 2768 5423 gratias
2798 5355 3021 5408 Domino
3069 5353 3277 5422 agebat.
3311 5352 3504 5407 Verum
3536 5352 3581 5407 si
3603 5355 3721 5423 pla-

2140 5453 2244 5508 cet,
2289 5458 2356 5498 ne
2403 5459 2579 5498 sermo
2623 5445 2690 5497 sit
2730 5444 2956 5513 longior,
3007 5456 3341 5498 reservemus
3371 5443 3426 5495 in
3455 5441 3596 5496 diem
3627 5458 3722 5510 po-

2139 5544 2342 5590 sterum
2397 5549 2516 5604 qua:
2569 5534 2636 5588 ad
2689 5546 2896 5605 gratum
2950 5532 3081 5603 justi
3133 5533 3370 5587 animum
3413 5533 3721 5602 pertinent,

2144 5625 2361 5682 missum
2421 5625 2506 5679 hic
2556 5625 2808 5680 facientes
2863 5639 3164 5681 sermonem
3220 5642 3232 5678 :
3282 5634 3336 5680 ct
3378 5623 3722 5679 obsecrantes
