4066 6140
447 274 516 336 37
1399 292 1463 353 ΙΝ
1503 300 1650 357 CAP.
1695 303 1820 358 \‘lll.
1869 306 2112 367 GENES.
2155 312 2379 375 HOMlL.
2424 316 2608 381 XXVI.

380 407 611 454 vestram
658 400 961 475 caritatem,
1020 417 1076 464 ut
1123 414 1374 470 continuo
1423 417 1632 473 beatum
1682 423 1843 477 istum
1894 422 1951 478 in

381 491 639 544 memoria
692 502 868 548 vestra
910 501 1141 567 geratis,
1194 512 1249 557 et
1301 506 1445 561 illius
1484 509 1692 565 virtutis
1726 511 1957 580 pulchri-

377 577 613 633 tudinem
658 581 795 638 bene
843 585 1092 653 diseatis,
1131 607 1237 661 quo
1272 609 1396 650 eum
1438 577 1739 654 imitemini.
1765 602 1953 658 Anim-

373 667 591 725 adverte
631 673 771 727 enim
793 714 811 741 ,
847 678 1104 745 obsecro,
1138 693 1371 752 quantus
1405 687 1614 743 virtutis
1668 691 1806 747 illius
1838 693 1954 747 the-

371 772 578 826 saurus,
628 765 752 832 quia
790 781 911 822 cum
967 785 1061 839 per
1112 780 1186 826 tot
1229 773 1345 835 dies
1386 776 1456 832 de
1492 779 1584 832 illo
1634 780 1951 837 disserueri-

370 860 508 913 mus,
555 852 787 908 nondum
830 855 990 912 ﬁnem
1037 859 1318 930 imponere
1357 868 1650 922 narrationi
1678 872 1948 938 potuimus

368 953 552 994 eorum
579 957 697 1010 qua:
738 944 804 999 ad
851 946 996 1002 illum
1024 951 1269 1007 attinent.
1299 954 1434 1020 Quid
1476 957 1598 1012 dico
1634 958 1794 1015 ﬁnem
1841 961 1946 1017 im-

367 1029 613 1116 ponere?
653 1043 1075 1107 quantacumque
1118 1039 1441 1109 dixerimus,
1491 1060 1596 1101 non
1654 1050 1946 1116 poterimus

364 1115 430 1169 ad
450 1119 659 1174 culmen
678 1124 980 1194 pertingere
1011 1146 1024 1182 :
1054 1129 1147 1184 sed
1177 1133 1417 1199 quamvis
1436 1143 1490 1189 et
1518 1149 1616 1190 nos
1642 1115 1699 1190 et
1718 1140 1939 1206 posteri,

364 1209 529 1263 multa
559 1210 625 1264 de
653 1211 743 1266 illo
772 1214 950 1271 dicere
977 1219 1268 1285 valeamus,
1323 1239 1427 1276 non
1476 1233 1649 1279 tamen
1687 1227 1753 1280 ad
1783 1227 1942 1285 ﬁnem

364 1301 643 1365 pervenire
674 1306 962 1369 poterimus
995 1326 1008 1361 :
1043 1317 1182 1363 tanta
1227 1327 1312 1366 res
1353 1322 1436 1367 est
1483 1315 1667 1370 virtus.
1717 1316 1771 1373 Si
1800 1320 1939 1374 enim

363 1389 685 1445 voluerimus
706 1432 722 1455 ,
779 1397 968 1463 poterit
995 1397 1079 1453 hic
1106 1401 1402 1456 universam
1431 1414 1663 1460 nostram
1701 1418 1938 1462 naturam

360 1475 636 1534 instituere
665 1482 704 1543 ¹,
732 1490 786 1536 et
811 1483 876 1536 ad
902 1485 1110 1542 virtutis
1137 1489 1482 1547 imitationem
1509 1493 1775 1550 inducere.
1805 1496 1936 1552 Nam

359 1567 403 1618 si
429 1567 518 1622 ille
543 1570 680 1623 inter
707 1581 785 1625 tot
815 1573 1087 1643 improbos
1124 1593 1342 1635 versans
1364 1621 1380 1647 ,
1409 1596 1580 1652 neque
1613 1583 1814 1640 habens
1855 1586 1936 1641 fa-

361 1659 624 1715 miliarem
651 1661 903 1734 aliquem,
951 1667 1005 1722 in
1033 1676 1237 1725 tantum
1265 1672 1477 1728 virtutis
1505 1676 1765 1746 fastigium
1812 1694 1934 1747 per-

358 1755 565 1809 Vcnisse
595 1755 837 1813 inventus
862 1769 943 1814 est
974 1777 988 1814 :
1020 1778 1139 1831 qua:
1165 1774 1347 1820 nostra
1371 1767 1474 1821 erit
1500 1772 1791 1834 excusatio,
1812 1784 1933 1826 cum

357 1856 457 1897 nec
479 1843 600 1898 talia
630 1847 784 1902 nobis
808 1848 915 1902 sint
943 1850 1340 1920 impedimenta,
1366 1864 1421 1910 et
1448 1863 1624 1910 tamen
1660 1859 1932 1928 negligen-

356 1942 438 1988 tes
475 1935 642 1991 simus
696 1941 765 1993 ad
816 1940 950 1994 bona
1007 1944 1210 2011 opera?
1242 1944 1376 2000 Nolo
1427 1947 1570 2001 enim
1614 1948 1757 2003 dicas
1804 1949 1934 2006 mihi

353 2025 519 2079 solam
549 2027 691 2083 illam
733 2032 1142 2102 quingentorum
1180 2049 1440 2091 annorum
1484 2039 1667 2102 vitam,
1719 2030 1932 2110 quando

351 2116 774 2183 subsannabatur
843 2131 898 2176 et
962 2124 1313 2193 irridebatur,
1396 2130 1807 2202 versabaturque
1873 2135 1927 2189 in

350 2205 528 2261 medio
574 2208 954 2279 ﬁagitiosorum
1002 2230 1018 2268 :
1064 2213 1160 2268 sed
1210 2224 1266 2270 et
1301 2231 1497 2272 annum
1548 2218 1717 2286 illum,
1769 2237 1927 2291 quem

358 2305 525 2352 totum
571 2299 625 2352 in
677 2314 799 2355 arca
844 2303 1116 2372 transegit,
1158 2304 1247 2373 qui
1274 2317 1405 2360 sane
1424 2306 1776 2365 conferendas
1799 2311 1925 2366 mihi

354 2388 566 2444 videtur
613 2390 707 2445 toti
755 2394 981 2462 tempori
1021 2395 1280 2464 superiori
1310 2411 1327 2450 :
1358 2404 1556 2452 tantam
1592 2390 1929 2456 ibi'afﬂictio-

348 2495 470 2535 nem
517 2480 661 2538 ferre
700 2485 988 2553 cogebatur
1017 2485 1194 2552 justus
1238 2487 1356 2553 ille,
1404 2489 1456 2542 in
1497 2490 1660 2544 tantis
1705 2505 1926 2546 versans

343 2571 623 2639 angustiis,
674 2587 846 2643 neque
884 2575 1144 2644 respirare
1170 2577 1373 2642 valens,
1402 2587 1458 2632 et
1486 2579 1713 2633 ferarum
1743 2581 1924 2634 bruto-

344 2675 570 2730 rutnque
595 2664 891 2717 convictum
923 2663 1102 2719 ferens
1131 2683 1145 2720 τ
1172 2667 1260 2736 qui
1281 2675 1336 2721 et
1355 2667 1408 2722 in
1431 2668 1676 2723 omnibus
1690 2678 1922 2725 mentem

342 2765 495 2804 suam
539 2751 763 2806 solidam
805 2752 1129 2819 declarabat,
1176 2763 1233 2810 et
1277 2755 1598 2811 voluntatem
1642 2756 1781 2812 ﬂecti
1826 2774 1922 2813 ne-

341 2842 531 2908 sciam,
582 2852 640 2898 et
677 2843 836 2898 ﬁdem
887 2858 1013 2915 erga
1040 2845 1228 2911 Deum,
1258 2861 1354 2915 per
1376 2860 1534 2916 quam
1566 2846 1718 2904 facile
1755 2859 1803 2904 et
1837 2850 1916 2905 le-

341 2932 477 2986 viter
516 2933 695 2987 omnia
731 2934 1044 2989 sustinebat.
1080 2937 1254 3006 Atque
1281 2937 1501 3005 idcirco,
1530 2940 1778 3009 quoniam
1803 2956 1923 3011 qua;

339 3034 435 3075 sua
462 3031 614 3076 erant
640 3023 815 3077 omnia
842 3023 1120 3091 aﬁ'erebat,
1165 3041 1354 3081 eorum
1394 3027 1553 3082 etiam
1591 3044 1710 3099 quae
1754 3045 1784 3083 a
1814 3032 1920 3085 Deo

341 3119 515 3177 crant,
537 3110 750 3168 abunde
776 3115 974 3183 potitus
991 3124 1092 3170 est.
1115 3115 1367 3183 Quamvis
1392 3117 1535 3172 enim
1563 3119 1781 3174 multam
1811 3119 1920 3174 fer-

339 3210 424 3257 ret
452 3203 503 3256 iu
529 3218 652 3258 arca
679 3206 996 3275 angustiam,
1040 3216 1273 3260 attamen
1303 3207 1592 3263 terribilem
1634 3218 1918 3279 tempesta-

336 3304 444 3348 tem
471 3304 525 3350 et
553 3309 891 3352 communem
917 3298 1151 3351 omnium
1179 3298 1595 3354 internecionem
1612 3299 1913 3369 effugiebat.

336 3383 404 3439 Et
450 3394 729 3455 propterea
771 3395 892 3456 post
925 3389 1221 3457 angustiam
1268 3388 1413 3443 illam
1453 3399 1507 3444 et
1532 3389 1915 3447 intolerabilem

331 3490 625 3542 carcerem,
670 3478 1006 3533 securitatem
1052 3488 1106 3533 et
1148 3479 1379 3549 quietem
1430 3480 1653 3550 adeptus
1689 3491 1770 3536 est
1810 3497 1914 3538 una

330 3582 453 3622 cum
484 3568 658 3622 divina
687 3569 1091 3637 benedictione;
1125 3571 1423 3641 iterumque
1453 3584 1661 3641 gratum
1680 3575 1912 3629 animum

330 3660 584 3726 operibus
621 3660 890 3727 iudicavit,
933 3671 990 3717 ct
1033 3662 1231 3731 ubique
1284 3664 1522 3719 invenies
1563 3664 1708 3718 illtnn
1745 3665 1912 3733 prima

330 3752 640 3807 contulisse.
681 3753 812 3808 Nam
859 3754 999 3808 sicut
1041 3754 1093 3809 in
1133 3755 1302 3825 prima
1327 3766 1483 3810 aetate
1511 3770 1722 3809 omnem
1750 3756 1914 3811 virtu-

331 3851 440 3895 tem
467 3853 696 3898 sectatus
724 3852 826 3907 est,
872 3854 925 3898 et
952 3859 982 3899 a
1008 3845 1151 3900 vitiis
1188 3859 1246 3899 se
1275 3845 1542 3908 alienavit,
1587 3845 1778 3915 quibus
1815 3848 1904 3915 qui

329 3943 459 3990 tunc
502 3934 764 3999 vivebant,
816 3934 995 3990 infecti
1023 3944 1177 3990 erant
1207 3951 1223 3989 :
1256 3934 1397 3989 unde
1433 3949 1607 4004 neque
1637 3949 1909 4004 pmnarum

331 4025 596 4096 particeps
642 4026 760 4092 fuit,
801 4035 1002 4082 etcum
1048 4026 1139 4081 alii
1185 4039 1373 4080 omnes
1418 4026 1906 4095 submergerentur,

331 4118 446 4185 ipse
493 4117 636 4172 solus
681 4128 920 4172 servatus
962 4125 1086 4172 est:
1121 4118 1188 4170 ita
1222 4130 1403 4170 rursus
1428 4118 1552 4185 quia
1592 4115 1748 4169 ﬁdem
1777 4130 1909 4198 quo-

329 4223 435 4273 que
483 4208 694 4272 habuit,
740 4217 796 4262 et
835 4222 956 4262 cum
981 4206 1267 4277 gratiarum
1295 4206 1505 4260 actione
1533 4219 1681 4259 suam
1707 4205 1761 4258 in
1785 4217 1907 4258 arca

331 4298 708 4353 habitationem
752 4298 903 4363 tulit,
946 4297 1136 4353 iterum
1174 4295 1350 4350 divina
1391 4295 1528 4350 dona
1575 4295 1789 4365 cepiose
1834 4295 1905 4349 illi

327 4404 583 4444 concessa
612 4398 772 4454 sunt,
813 4394 867 4442 et
902 4404 1022 4443 cum
1064 4401 1314 4458 egressus
1351 4402 1416 4442 ex
1442 4400 1585 4451 arca,
1629 4395 1683 4441 et
1712 4389 1762 4439 in
1799 4386 1907 4456 pri-

328 4480 523 4532 stintnu
548 4489 741 4534 statum
768 4480 1041 4534 restitutus
1066 4488 1241 4543 esset,
1269 4479 1445 4532 statim
1472 4478 1891 4533 benedictionem

326 4577 682 4638 consequutus
711 4577 813 4633 est,
847 4578 902 4623 et
948 4569 1137 4622 iterum
1176 4568 1384 4622 solitam
1410 4582 1516 4637 prae
1543 4582 1602 4622 se
1633 4569 1749 4622 tulit
1767 4568 1903 4638 grati

326 4659 486 4712 anitni
507 4659 842 4729 probitatem,
870 4659 1168 4728 emissaque
1194 4660 1480 4727 gratiarum
1507 4659 1714 4713 actione
1740 4658 1900 4712 etiam

329 4758 455 4802 tunc
483 4750 769 4816 majoribus
798 4748 1069 4804 beneﬁciis
1093 4763 1123 4802 a
1166 4748 1279 4803 Deo
1314 4747 1610 4802 cumulatus
1647 4756 1749 4801 est.
1789 4746 1904 4803 Mos

328 4839 473 4892 enim
517 4839 609 4893 Dei
647 4849 750 4903 est,
793 4849 853 4894 ut
898 4842 942 4894 si
972 4854 1069 4894 nos
1099 4840 1274 4895 tenuia
1300 4839 1541 4909 quaedam
1570 4848 1625 4893 et
1649 4839 1768 4892 vilia
1798 4840 1898 4893 ob-

327 4926 635 4989 tulerimus.
668 4930 762 4984 sed
804 4938 979 4985 tam‘en
1005 4932 1373 4996 obtulerimus,
1401 4932 1565 4986 multa
1591 4931 1901 4988 liberalitate

327 5036 426 5074 nos
451 5028 773 5088 remaneret.
820 5021 886 5074 Et
910 5030 966 5075 ut
993 5022 1169 5076 discas
1195 5031 1389 5090 quanta
1430 5022 1498 5075 sit
1549 5022 1777 5076 humana
1820 5033 1900 5076 te-

326 5112 521 5178 nuitas,
573 5121 767 5181 quanta
815 5111 906 5166 Dei
946 5112 1354 5182 magniﬁcentia,
1400 5112 1488 5166 hic
1526 5122 1755 5168 mentem
1803 5114 1900 5167 ad-

326 5204 471 5259 bibe.
524 5203 633 5259 Nos
657 5203 800 5259 enim
825 5204 869 5257 si
899 5203 1024 5271 quid
1051 5204 1372 5258 vnlnerimus
1395 5204 1607 5271 oﬂ'erre,
1633 5204 1759 5275 quid
1787 5221 1901 5258 am-

326 5296 462 5363 plius
487 5295 685 5350 offerre
715 5306 1018 5363 possumus,
1061 5309 1218 5362 cpiam
1257 5304 1509 5364 quantum
1564 5297 1739 5351 verbis
1780 5312 1902 5367 gra-

325 5387 426 5439 tias
473 5385 794 5441 referimus?
824 5384 896 5438 Ea
934 5399 1064 5438 sane
1112 5399 1231 5451 quae
1284 5385 1396 5454 ipse
1439 5384 1688 5450 exhibet,
1738 5399 1899 5453 opere

323 5477 477 5531 nobis
516 5484 752 5544 prastat.
795 5475 963 5543 Quam
1012 5475 1230 5544 imparia
1273 5484 1451 5530 autem
1489 5483 1612 5530 sunt
1653 5475 1810 5531 verba
1843 5482 1901 5529 et

389 5632 403 5662 ί
441 5631 564 5679 stulti
599 5637 726 5685 Mss,
750 5629 799 5680 si
813 5627 942 5693 enim
975 5628 1280 5693 uoluerimus,
1325 5628 1585 5693 poterimus
1628 5628 1894 5680 murenam

325 5700 544 5743 naturam
566 5697 774 5742 nostram
804 5690 875 5741 sic
891 5690 1154 5741 instituere.

3528 349 3634 413 238

2062 431 2265 532 opera?
2301 446 2354 490 et
2384 437 2634 496 Dominus
2661 444 2920 504 nullarum
2944 460 3122 510 rerum
3150 452 3360 532 indigus
3384 474 3488 530 est,
3518 472 3632 522 nui-

2062 518 2216 590 laque
2264 540 2442 582 rerum
2482 543 2779 591 nostrarum
2826 551 2965 610 eget,
3018 518 3367 619 praeterquam

2056 623 2214 707 atque
2241 613 2377 673 hanc
2396 618 2560 687 ipsam
2588 625 2762 681 verbis
2788 613 3044 697 prolatam
3067 613 3351 707 gratiarum
3368 613 3630 705 actionem

2055 700 2235 793 exigit,
2285 719 2391 760 non
2431 710 2571 777 quod
2624 728 2686 768 ea
2734 715 2849 785 ipse
2887 735 3021 790 opus
3064 700 3276 791 habeat,
3306 732 3400 787 sed
3433 743 3490 789 ut

2053 789 2240 847 doceat
2277 807 2454 864 gratos
2497 815 2638 864 esse.
2679 814 2733 860 et
2762 789 3049 878 agnoscere
3075 789 3339 875 tantorum
3368 789 3627 882 bonorum

2052 885 2521 986 suppeditatorcm.
2573 895 2638 949 Et
2686 897 2828 953 illam
2857 902 2926 956 ob
2950 915 3166 961 causam
3197 909 3389 968 Paulus
3415 930 3626 986 quoque

2054 973 2290 1073 scribens
2316 978 2523 1073 dicebat
2554 1008 2571 1038 :
2598 986 2746 1042 Grati
2770 1001 2924 1047 estote
2967 994 3187 1066 (Colon.
3222 1003 3274 1058 5.
3306 973 3447 1073 15)..
3479 973 3625 1063 Nihil

2048 1064 2189 1165 enim
2235 1068 2311 1121 sic
2338 1072 2554 1140 requirit
2589 1091 2617 1129 a
2656 1079 2808 1136 nobis
2849 1064 3118 1153 Dominus,
3160 1098 3218 1145 ut
3254 1064 3406 1147 istud,
3429 1096 3622 1165 ipsum.

2049 1152 2276 1252 fminde
2319 1175 2386 1215 ne
2430 1165 2598 1221 simus
2628 1169 2837 1239 ingrati,
2887 1190 3057 1244 neque
3080 1152 3205 1233 dum
3235 1197 3294 1235 re
3321 1182 3430 1252 ipsa
3449 1152 3626 1242 bene;

2046 1241 2161 1298 ﬁcia
2208 1250 2541 1320 experimur,
2615 1272 2901 1327 gravemur
2937 1264 3128 1322 oll‘erre
3169 1241 3394 1326 Domin
3442 1273 3621 1332 verbis

2045 1336 2239 1391 nostris
2264 1341 2548 1407 gratiarum
2599 1349 2858 1406 actionem
2893 1370 2907 1406 :
2940 1354 3128 1410 iterum
3152 1359 3294 1414 enim
3319 1362 3523 1418 lucrum
3564 1367 3617 1420 in

2042 1437 2141 1476 nos
2167 1425 2441 1484 redundat.
2468 1431 2618 1500 Quod
2642 1437 2688 1490 si
2714 1438 2781 1492 de
2805 1442 2986 1508 primis
3009 1446 3143 1514 grati
3170 1446 3447 1516 fuerimus,
3486 1469 3620 1520 prte-

2042 1518 2277 1583 tcrqnam
2316 1520 2458 1587 quod
2498 1524 2697 1591 majora
2739 1532 3111 1600 nanciscimur,
3177 1537 3335 1592 etiam
3368 1518 3616 1599 fiduciam

2040 1603 2191 1659 nobis
2233 1621 2474 1676 magnam
2520 1626 2908 1682 comparamus.
2942 1621 3114 1677 Unum
3166 1625 3304 1694 hoc,
3356 1630 3613 1698 obsecro,

2037 1690 2258 1787 singulis
2298 1696 2483 1753 diebus
2512 1708 2570 1756 et
2597 1701 2762 1770 horis,
2816 1709 2861 1762 si
2898 1708 3009 1763 ﬁeri
3049 1722 3243 1780 potest,
3274 1690 3617 1787 sup‘putemus

2037 1781 2335 1848 nobiscum,
2384 1803 2491 1843 non
2532 1795 2830 1849 communia
2859 1804 3062 1853 tantum
3090 1781 3354 1859 beneficia
3372 1781 3491 1876 qua:
3522 1812 3615 1864 toti

2036 1883 2237 1929 naturae
2281 1881 2516 1935 omnium
2552 1881 2737 1952 Opifex
2780 1889 3036 1958 contulit,
3079 1892 3174 1949 sed
3219 1902 3275 1950 et
3311 1898 3514 1967 privata
3560 1910 3612 1955 et

2034 1964 2356 2031 quotidiana.

2103 2050 2357 2123 Beneﬁcia
2398 2057 2532 2113 Dem
2569 2064 2712 2118 nobis
2738 2067 2951 2136 confert,
2980 2071 3128 2125 etiam
3154 2075 3355 2131 nesciis.
3383 2098 3453 2118 -ά
3470 2074 3606 2145 Quid
3646 2082 3651 2087 ’

2031 2142 2152 2198 dico
2198 2147 2395 2212 privata
2427 2159 2479 2205 et
2508 2155 2854 2221 quotidiana?
2886 2160 3055 2216 Etiam
3080 2178 3143 2219 ea
3166 2179 3286 2235 qua;
3319 2142 3611 2237 ignora—nti:-

2035 2232 2129 2324 bus
2154 2236 2305 2324 nobis
2331 2238 2556 2306 confert,
2585 2254 2784 2315 pr0que
2820 2246 2902 2302 his
2929 2251 3125 2319 gratias
3165 2232 3405 2323 agamus.
3428 2257 3610 2324 Quian-

2030 2320 2313 2392 doquidem
2341 2328 2481 2382 enim
2509 2346 2604 2398 pro
2631 2334 2800 2389 salute
2825 2347 3003 2393 nostra
3029 2320 3284 2397 sollicitus
3309 2352 3410 2410 est,
3439 2320 3605 2401 ut‘ttlta

2030 2413 2187 2466 etiam
2219 2415 2269 2470 in
2309 2431 2406 2472 nos
2435 2421 2643 2477 nescios
2689 2424 2942 2481 beneﬁcia
2977 2429 3214 2493 confert,
3258 2448 3402 2503 saape
3443 2438 3604 2490 etiam

2028 2519 2058 2557 e
2088 2507 2336 2573 periculis
2361 2509 2538 2579 eripit,
2567 2522 2726 2583 atque
2762 2516 2861 2570 alia
2896 2516 3151 2575 beneﬁcia
3180 2534 3412 2592 prasstat.
3463 2518 3606 2582 Fons

2027 2597 2166 2650 enim
2197 2607 2276 2653 est
2315 2599 2635 2671 clementiae,
2667 2620 2761 2660 sua
2790 2606 2985 2663 ﬂuenta
3010 2622 3221 2682 semper
3247 2613 3480 2671 humano
3505 2633 3601 2688 ge-

2026 2689 2142 2741 neri
2182 2690 2525 2758 profundens.
2557 2695 2717 2766 Igitur
2757 2700 2802 2753 si
2843 2699 2958 2756 haec
2998 2705 3311 2774 cogitemus,
3352 2718 3600 2775 cperam-

2025 2793 2128 2847 que
2155 2778 2342 2836 demus
2366 2793 2427 2838 ut
2453 2794 2509 2840 et
2538 2800 2632 2854 pro
2660 2790 2846 2857 primis
2894 2793 3005 2847 suis
3034 2795 3189 2850 donis
3222 2799 3420 2867 gratias
3458 2801 3563 2854 om:

2026 2885 2203 2925 ramus
2253 2873 2495 2942 Domino,
2549 2887 2603 2932 et
2633 2894 2731 2947 pro
2757 2879 2946 2936 futuris
2971 2883 3051 2940 sic
3078 2899 3175 2939 nos
3204 2896 3560 2955 pneparemus
3579 2928 3597 2953 ,

2025 2970 2082 3014 ut
2111 2976 2215 3016 non
2243 2963 2512 3021 videamur
2552 2965 2749 3039 indigni
2774 2971 2889 3042 ejus
2913 2972 3201 3041 beneﬁciis,
3227 2981 3406 3035 statim
3433 2981 3594 3036 vitam

2024 3052 2284 3121 egregiam
2335 3056 2627 3125 instituere,
2679 3068 2736 3116 et
2780 3062 2997 3119 malitiae
3037 3066 3327 3134 periculum
3362 3069 3597 3141 eﬁ'ugere

2024 3142 2331 3209 poterimus.
2367 3146 2744 3204 Beneﬁciorum
2773 3152 2916 3207 enim
2949 3157 3204 3211 memoria
3226 3157 3413 3212 idonea
3443 3157 3598 3215 nobis

2021 3242 2106 3287 est
2130 3235 2379 3304 magistra
2409 3238 2475 3291 ad
2501 3240 2661 3294 vitam
2708 3243 2901 3297 virtute
2936 3245 3231 3315 praeditam,
3284 3264 3389 3305 non
3413 3251 3596 3307 sinetis

2017 3336 2119 3379 nos
2145 3323 2197 3378 in
2215 3335 2480 3396 torporem
2505 3330 2930 3403 oblivionemque
2950 3335 3204 3405 incidere,
3228 3347 3286 3395 et
3309 3340 3375 3395 ad
3393 3342 3592 3397 malum

2017 3414 2302 3472 declinare.
2348 3418 2495 3475 Mens
2521 3422 2662 3476 enim
2689 3424 2866 3478 sobria
2892 3433 2950 3480 et
2983 3427 3225 3495 vigilans,
3273 3443 3378 3483 non
3407 3431 3583 3485 solum

2015 3519 2135 3560 cum
2156 3507 2377 3563 feliciter
2401 3524 2487 3564 res
2520 3513 2832 3578 succedunt,
2862 3515 2956 3570 sed
2983 3519 3143 3571 etiam
3162 3519 3374 3587 quando
3396 3529 3591 3588 praeter

2016 3597 2328 3651 sententiam
2381 3609 2616 3654 nostram
2661 3603 2882 3657 adversa
2928 3606 3212 3669 eveniunt,
3263 3622 3370 3662 non
3415 3609 3592 3665 minus

2015 3685 2210 3753 gratias
2238 3687 2365 3755 agit,
2405 3688 2674 3758 nihiloque
2708 3705 2772 3743 ex
2806 3707 2981 3745 rermn
3012 3694 3376 3750 vicissitudine
3397 3698 3587 3751 remis-

2014 3773 2124 3826 sior
2166 3773 2224 3828 ﬁt
2265 3791 2279 3826 :
2322 3775 2416 3829 sed
2461 3779 2628 3846 magis
2669 3779 2984 3848 roboratur,
3035 3791 3090 3837 et
3129 3778 3446 3840 ineffabilem
3487 3786 3585 3841 Dei

2015 3863 2393 3932 providentiam
2414 3866 2732 3934 considerat,
2753 3871 2842 3939 qui
2870 3885 2990 3925 eum
3017 3873 3085 3927 sit
3106 3872 3255 3929 dives
3271 3882 3329 3931 οι
3349 3877 3584 3947 sapiens,

2012 3952 2171 4006 etiam
2204 3968 2296 4021 per
2317 3969 2404 4010 res
2428 3955 2712 4024 adversas,
2764 3960 3004 4029 quamvis
3024 3960 3125 4016 hoc
3154 3963 3448 4040 intelligere
3475 3980 3583 4020 non

2012 4044 2297 4114 possimus,
2342 4061 2492 4100 suam
2523 4048 2795 4105 declarare
2823 4060 2997 4120 potest
3023 4053 3424 4122 providentiam.

2081 4136 2135 4190 6.
2176 4134 2393 4192 Muralis
2432 4139 2735 4194 exhortatio.
2789 4171 2861 4181 —
2902 4142 3065 4212 Igitur
3087 4143 3164 4198 sic
3187 4152 3241 4199 et
3269 4159 3366 4199 nos
3403 4147 3581 4201 omnia

2011 4237 2191 4284 nostra
2233 4227 2523 4294 faciamus,
2572 4239 2631 4285 ut
2689 4232 3141 4305 qualitercumque
3178 4235 3402 4301 cadant,
3467 4236 3583 4290 uni-

2008 4332 2128 4372 cum
2149 4328 2387 4374 nostrum
2412 4334 2544 4390 opus
2569 4321 2638 4376 sit
2662 4322 2914 4379 continuo
2940 4339 3035 4394 pro
3063 4325 3165 4380 illis
3185 4327 3377 4397 gratias
3398 4340 3576 4397 agere.

2008 4408 2231 4478 Propter
2259 4409 2360 4464 hoc
2404 4412 2545 4465 enim
2576 4412 2863 4469 rationales
2888 4413 3010 4469 facti
3039 4430 3243 4483 sumus,
3268 4425 3326 4473 et
3352 4433 3379 4469 a
3411 4417 3580 4472 brutis

2006 4497 2316 4562 dili‘erimus,
2362 4510 2421 4553 ut
2460 4498 2733 4556 laudemus
2756 4543 2773 4568 ,
2806 4503 3170 4569 celebremus,
3222 4506 3574 4575 gloriﬁcemus

2002 4589 2198 4659 jugiter
2229 4589 2508 4644 Dominum
2538 4592 2773 4646 omnium
2803 4593 3150 4650 conditorem.
3189 4588 3482 4666 Eapropter
3521 4604 3578 4653 et

2006 4679 2235 4732 animam
2280 4678 2433 4733 nobis
2465 4682 2759 4750 inspiray'l,
2804 4693 2861 4737 et
2898 4683 3126 4755 linguam
3173 4684 3340 4754 dedit,
3381 4699 3436 4742 ut
3459 4688 3574 4756 ejus

2008 4768 2059 4821 in
2091 4784 2189 4822 nos
2221 4768 2472 4823 beneﬁcia
2500 4785 2658 4825 sensu
2683 4773 3055 4843 percipientes,
3084 4774 3374 4830 dominimn
3408 4791 3575 4843 agno-

2005 4873 2235 4922 scamus,
2264 4871 2319 4914 et
2359 4875 2454 4915 nos
2492 4873 2673 4930 gratos
2716 4863 3087 4929 cxhibeamus,
3133 4876 3197 4918 ac
3242 4875 3337 4933 pro
3376 4864 3574 4917 viribus

2009 4950 2228 5005 Domino
2263 4952 2460 5019 gratias
2503 4966 2741 5020 agamus.
2786 4951 2916 5004 Nam
2966 4953 3008 5005 si
3058 4952 3326 5016 homines,
3383 4952 3574 5022 quibus

2003 5042 2187 5097 eadem
2215 5051 2295 5096 est
2323 5052 2506 5096 natura
2536 5044 2829 5101 nobiscum.
2875 5054 2995 5094 cum
3037 5056 3257 5109 parvum
3290 5043 3573 5112 aliquando

2002 5149 2066 5188 ac
2094 5134 2196 5189 vile
2221 5134 2373 5188 nobis
2407 5132 2717 5188 beneficium
2744 5131 3100 5200 prmstitcl'int,
3124 5132 3337 5201 exigunt
3361 5147 3390 5186 a
3421 5133 3572 5187 nobis

2002 5225 2291 5293 gratiarum
2320 5223 2602 5284 actionem,
2644 5234 2746 5274 non
2794 5218 2935 5289 quod
2964 5229 3200 5273 nostrum
3237 5229 3427 5276 curent
3450 5236 3564 5291 grao

2006 5326 2112 5368 tum
2161 5314 2430 5374 animum,
2471 5309 2565 5366 sed
2619 5318 2677 5363 ut
2731 5309 2832 5377 ipsi
2878 5306 2998 5363 inde
3037 5308 3358 5365 celebriores
3393 5308 3522 5365 ﬁant
3549 5328 3569 5364 ι

2001 5414 2196 5474 quanto
2237 5404 2402 5473 magis
2446 5400 2495 5455 id
2530 5399 2682 5454 nobis
2712 5397 3003 5453 faciendum
3045 5399 3098 5452 in
3147 5399 3209 5453 iis
3244 5416 3362 5471 qum
3398 5417 3429 5455 a
3459 5401 3570 5457 Deo

2002 5496 2335 5564 accepimus,
2385 5492 2473 5560 qui
2527 5491 2629 5544 hoc
2669 5490 2840 5544 solum
2889 5488 2960 5543 ob
3011 5499 3244 5544 nostram
3292 5491 3565 5545 utilitatem

2001 5586 2113 5640 vult
2150 5585 2304 5638 fieri?
2358 5581 2487 5635 Nam
2533 5581 2670 5635 sicut
2716 5594 2833 5633 cum
2878 5580 3011 5646 grati
3038 5594 3218 5634 sumus
3245 5577 3569 5641 hominibus,

1998 5679 2087 5748 qui
2129 5674 2281 5729 nobis
2322 5671 2733 5735 benefeccrunt,
2799 5668 2920 5723 illos
2961 5669 3214 5724 clariores
3255 5665 3554 5725 reddimus;
