4066 6140
443 341 562 401 τιδιι

462 451 531 503 ita
577 454 633 501 et
667 443 726 497 'si
767 441 820 494 in
867 432 1149 502 benignum
1198 425 1361 478 Deum
1402 414 1658 470 fuerimus
1697 405 1868 479 grati,
1927 412 2026 454 nos

465 543 608 608 ipsos
645 529 960 588 illustriores
995 499 1268 578 facimus;
1309 507 1575 608 quoniam.
1609 514 1712 608 non
1762 505 1819 549 ut
1854 499 2031 608 nostra

458 581 821 683 "etclebratione
863 627 1002 684 opus
1046 607 1266 669 habens,
1318 600 1420 653 hoc
1465 592 1578 649 ﬁeri
1621 589 1734 644 vult
1773 603 1787 640 :
1831 581 1924 636 sed
1969 587 2035 684 iit

470 711 716 788 quidquid
767 709 819 764 id
858 670 1000 759 lucri
1051 707 1154 762 cst,
1186 697 1375 749 iterum
1413 687 1479 741 ad
1515 697 1612 739 nos
1654 679 1854 741 redeat,
1876 682 1930 728 et
1951 670 2034 726 di-

465 768 882 878 g'uos'faciamus
909 809 1004 849 nos
1035 791 1180 859 ipsos
1221 781 1509 851 majoribus
1546 771 1814 830 subsidiis.
1842 768 2038 831 Quam-

471 862 551 952 ;is
591 905 764 949 autem
812 903 918 944 non
962 883 1226 954 possimus
1268 874 1317 929 id
1355 872 1546 932 facere,
1594 873 1652 919 ut
1674 862 1889 931 dignum
1918 862 2034 908 est:

470 989 558 1059 qui
605 985 740 1040 enim
783 980 885 1035 hoc
930 973 1046 1030 ﬁeri
1069 975 1277 1042 posset,
1327 978 1446 1018 cum
1493 968 1600 1013 tam
1632 951 1796 1022 fragili
1839 957 2040 1059 natura:

469 1034 666 1146 alligati
718 1034 920 1127 simus?
978 1073 1033 1118 et
1077 1034 1202 1130 quid
1249 1056 1367 1111 dico
1420 1053 1700 1105 humanam
1759 1034 2040 1096 naturam?

471 1131 652 1236 ιῖέεῶιθ
709 1165 837 1234 ipsa:
883 1159 1207 1223 incorporea;
1252 1155 1306 1202 et
1349 1140 1642 1198 invisibiles
1681 1135 1934 1193 virtutes,
1987 1131 2044 1181 et

473 1217 795 1330 principatus
821 1257 875 1304 et
903 1217 1218 1317 potes-tates,
1243 1245 1298 1291 et
1319 1230 1632 1293 Clierubim,
1660 1232 1712 1280 et
1740 1217 2037 1318 Seraphim,

476 1307 535 1403 iit
584 1307 797 1414 dignum
845 1307 957 1403 est,
1023 1333 1293 1389 celebrare
1359 1325 1507 1380 illum
1556 1323 1798 1389 possunt,
1838 1307 2043 1365 etiamsi

476 1453 575 1508 pro
597 1400 794 1490 viribus
821 1400 1039 1501 gloriam
1070 1424 1141 1478 illi
1171 1419 1394 1475 offerant
1428 1431 1444 1470 :
1484 1406 1826 1466 nihilominus
1847 1400 2045 1470 justum

480 1494 638 1585 inerit
683 1540 780 1596 pro
823 1494 1030 1576 viribus
1075 1515 1358 1586 gratiarum
1401 1504 1660 1559 actionem
1714 1494 1944 1554 offerre,
1992 1498 2045 1541 et

482 1591 844 1675 indesinenter
892 1608 1164 1666 celebrare
1215 1599 1493 1656 Dominum
1545 1598 1803 1650 nostrum,
1859 1591 1913 1636 et
1959 1593 2051 1648 per

484 1709 694 1766 laudum
724 1716 904 1766 voces,
950 1707 1004 1753 et
1041 1711 1133 1766 per
1151 1695 1312 1747 vitam
1343 1686 1626 1755 optimam.
1673 1677 1774 1730 Ista
1802 1671 1944 1727 enim
1971 1676 2054 1722 est

489 1795 780 1855 clarissima
809 1789 901 1844 Dei
921 1782 1228 1845 celebratio,
1257 1773 1468 1848 quando
1496 1784 1590 1840 per
1620 1767 1924 1821 innumeras
1944 1758 2048 1812 liii-

494 2070 769 2126 Dominum
819 2063 934 2132 ejus
982 2057 1200 2111 laudent
1229 2071 1241 2106 :
1273 2060 1326 2105 et
1370 2041 1656 2102 celebratio
1700 2040 1813 2090 lure
1853 2033 1923 2095 ei,
1970 2030 2056 2099 qui

491 2119 1138 2221 occasionein'pricbuit,
1204 2152 1448 2210 magnam
1496 2144 1550 2188 ct
1591 2125 1908 2183 ineffabilem
1968 2119 2059 2173 Dei

493 2210 911 2306 benevolentiam
956 2235 1222 2294 conciliat.
1276 2226 1411 2297 Quid
1467 2223 1622 2293 igitur
1665 2216 1816 2272 nobis
1857 2210 2062 2268 beatius

497 2342 658 2401 foret,
707 2338 749 2390 si
800 2349 902 2388 non
952 2330 1121 2385 solum
1166 2321 1360 2379 neSiris
1403 2316 1593 2385 linguis
1649 2311 1844 2364 bonum
1896 2304 2061 2358 Deum

497 2430 660 2500 gloria
711 2426 1076 2484 afﬁceremus,
1145 2413 1238 2469 sed
1289 2421 1343 2464 et
1384 2407 1652 2478 proximos
1691 2411 1934 2469 quoque,
2010 2401 2068 2446 ut

501 2529 681 2574 nostro
720 2513 934 2569 nomine
976 2523 1098 2565 eum
1132 2503 1488 2562 celebrarent,
1522 2487 1901 2549 incitaremus?
1924 2486 2064 2540 Tan-

501 2625 610 2667 tum
649 2611 790 2665 enim
837 2602 1046 2658 virtutis
1094 2601 1256 2654 robur
1301 2605 1399 2657 est,
1447 2598 1508 2645 ut
1557 2584 1850 2642 innumeris
1877 2578 2070 2650 linguis

503 2700 844 2755 Conditorem
895 2691 1112 2749 laudare
1155 2697 1333 2758 queat.
1397 2680 1536 2736 Nihil
1574 2677 1756 2747 utique
1793 2674 1914 2727 vita:
1963 2670 2070 2723 vir-

505 2793 627 2847 tutis
662 2788 911 2844 studiosaa
957 2780 1252 2849 comparari
1303 2781 1498 2843 potest,
1549 2769 1762 2824 dilecte.
1813 2761 1960 2818 Unde
2016 2767 2070 2813 et

472 2955 477 2961 ο
506 2883 758 2966 Dominus
781 2876 989 2932 dicebat
1020 2891 1033 2927 :
1063 2870 1246 2926 Luceat
1277 2867 1364 2921 tua:
1385 2872 1549 2917 vestra
1576 2873 1748 2913 coram
1769 2851 2068 2914 hominibus,

1241 2958 1251 2966 ι
1472 2962 1481 2966 -
1573 2949 1584 2966 ι
1650 2949 1812 2966 ϊ----.
1875 2941 2068 2966 n..._,....

490 2941 560 3028 ἰιι
598 2973 796 3026 videant
829 2981 983 3035 opera
1027 2971 1187 3016 vestra
1235 2958 1393 3019 bona,
1437 2962 1483 3007 et
1532 2949 1812 3021 gloriﬁcent
1867 2941 2072 2995 Patrem

507 3071 720 3118 vestrum
765 3033 950 3130 qui-est
993 3054 1045 3106 in
1081 3050 1216 3105 cwlis
1244 3044 1452 3116 (Matth.
1481 3042 1532 3098 5.
1569 3040 1680 3106 16).
1713 3033 1902 3089 Vidisti
1943 3044 2074 3100 quo-

513 3152 672 3205 modo
723 3121 898 3202 lumen
941 3157 1060 3198 cum
1104 3140 1444 3210 apparuerit,
1493 3130 1739 3200 dispellat
1787 3121 2076 3180 tenebras?

512 3245 583 3295 lia
608 3248 663 3295 et
687 3240 872 3300 virtus,
913 3235 957 3289 si
1009 3230 1292 3299 conspicua
1339 3224 1516 3288 fuerit,
1566 3230 1620 3276 et
1660 3217 1910 3271 malitiam
1937 3214 2079 3282 fugat

513 3343 566 3389 et
607 3330 802 3387 erroris
846 3325 1096 3380 tenebras
1147 3319 1350 3389 abigit,
1396 3324 1736 3380 mentemque
1783 3306 2073 3362 videntium

515 3424 711 3478 excitat
747 3418 812 3472 ad
853 3418 1014 3471 Deum
1057 3409 1458 3467 celebrandum.
1496 3402 1753 3470 Quocirca
1783 3407 2082 3466 satagamus

520 3527 572 3566 in
615 3512 691 3566 sic
726 3509 934 3563 luceant
970 3517 1128 3573 opera
1175 3508 1375 3562 nostra,
1429 3510 1533 3564 quo
1579 3499 1634 3547 et
1679 3490 1934 3545 Dominus
1984 3500 2085 3540 no.

518 3617 627 3660 ster
652 3600 970 3656 celebretur.
1004 3596 1128 3659 Ha‘c
1181 3602 1355 3646 autem
1397 3589 1536 3644 dixit
1572 3585 1832 3649 Christus,
1883 3596 1986 3633 non
2029 3587 2087 3633 ut

520 3696 584 3748 ad
631 3691 1036 3747 ostentationem
1079 3683 1276 3754 aliquid
1321 3681 1611 3744 faciamus;
1659 3675 1797 3730 absit
1837 3691 1850 3727 :
1894 3671 1988 3728 sed
2033 3679 2088 3723 ut

521 3787 817 3854 diligenter,
845 3789 982 3835 etut
1027 3777 1124 3847 ipsi
1173 3775 1442 3844 probatur,
1491 3771 1649 3824 vitam
1699 3779 1937 3836 agamus,
1982 3776 2087 3815 non

525 3873 862 3943 blasphemia:
889 3871 1113 3939 cuipiam
1161 3867 1331 3920 locum
1360 3861 1730 3923 concedentes,
1780 3855 1872 3912 sed
1897 3855 1945 3907 id
1972 3853 2084 3908 efﬁ-

524 3969 765 4030 cientes,
816 3973 872 4017 iit
935 3961 1086 4015 bonis
1152 3957 1404 4026 operibus
1462 3957 1512 4006 in
1566 3951 1774 4005 laudem
1832 3948 1921 4001 Dei
1971 3959 2093 4015 pro-

530 4067 772 4114 rumuant
813 4067 1001 4106 omnes
1036 4050 1124 4119 qui
1175 4062 1272 4101 nos
1318 4045 1516 4098 vident.
1569 4042 1718 4094 Tunc
1753 4039 1925 4100 enim,
1972 4048 2096 4090 tunc

526 4149 696 4218 ipsius
720 4142 870 4196 nobis
896 4141 1117 4208 gratiam
1147 4136 1398 4203 majorem
1425 4129 1852 4189 conciliabimus,
1892 4138 1945 4181 ct
1987 4140 2097 4194 pte-

531 4217 653 4287 iiain
679 4231 930 4298 effugere,
952 4228 1196 4295 bonaque
1234 4221 1516 4276 ineffabilia
1540 4217 1758 4287 adipisci
1787 4217 2096 4284 poterimus,

534 4321 700 4391 gratia
741 4329 794 4373 et
837 4315 1196 4371 misericordia
1245 4311 1452 4367 Domini
1508 4307 1671 4362 nostri
1712 4306 1837 4362 Jesu
1875 4305 2099 4372 Christi,

534 4426 654 4465 cum
693 4426 799 4479 quo
844 4408 982 4462 Patri
1030 4405 1184 4460 simul
1225 4413 1279 4459 et
1320 4401 1537 4471 Spiritui
1575 4409 1760 4454 sancto
1805 4398 1874 4452 sit
1913 4397 2100 4466 gloria,

539 4502 854 4570 imperium,
906 4501 1094 4563 honor,
1152 4511 1291 4551 nunc
1341 4503 1395 4547 et
1434 4505 1666 4562 semper,
1711 4499 1767 4544 et
1817 4489 1869 4542 in
1916 4487 2105 4541 saecula

537 4594 870 4646 smculoruni.
921 4591 1108 4644 Amen.

1058 4676 1329 4732 llOllllLlA
1371 4671 1580 4727 XXVII.

545 4779 609 4832 Et
637 4773 904 4843 a'diﬁcovit
939 4769 1050 4823 Noe
1088 4769 1247 4820 uiture
1281 4763 1529 4826 Domino,
1574 4771 1620 4813 et
1649 4761 1837 4828 accepit
1866 4760 1928 4810 de
1949 4757 2112 4811 omni-

615 4873 706 4923 bus
755 4863 1010 4937 pecoribus
1059 4859 1296 4919 mundis,
1364 4862 1409 4907 et
1459 4856 1522 4906 de
1561 4851 1790 4906 omnibus
1835 4849 2116 4904 volucribus

614 4960 814 5014 mundis
838 4998 852 5020 ,
893 4964 936 5008 et
983 4951 1157 5006 obtulit
1205 4947 1546 5000 holocaustum
1588 4958 1736 5010 super
1772 4942 1932 4994 altare
1960 4938 2112 5010 (Gen.

619 5054 669 5105 8.
702 5049 828 5109 20).

576 5169 584 5174 υ
623 5143 676 5194 1.
707 5135 1071 5203 Beneﬁciorum
1099 5129 1193 5185 Dei
1220 5126 1479 5181 memoria.
1507 5154 1576 5164 —-
1620 5121 1840 5176 Vidistis
1871 5120 1983 5174 beri
2010 5121 2118 5174 cle-

556 5229 750 5286 mentis
776 5223 979 5279 Domini
1010 5221 1294 5276 bonitatem
1321 5259 1336 5283 ,
1383 5214 1654 5285 quomodo
1683 5228 1746 5268 ex
1775 5226 1896 5265 arca
1919 5210 2120 5280 justum

558 5323 758 5382 eduxit,
785 5318 853 5371 ab
877 5315 993 5384 ejus
1024 5311 1344 5367 habitatione
1368 5307 1645 5368 liberavit,
1675 5319 1741 5359 ex
1781 5303 1872 5357 illo
1899 5301 2032 5355 tristi
2063 5313 2126 5352 ac

559 5411 785 5465 molesto
803 5419 1017 5460 carcere
1045 5402 1254 5470 eripuit,
1301 5407 1355 5452 et
1385 5395 1688 5466 patientiam
1714 5392 1853 5445 illius
1881 5403 2126 5444 remune—

555 5504 717 5564 ravit,
766 5496 951 5550 dicens
985 5512 997 5546 :
1037 5491 1250 5546 Crescite
1283 5499 1330 5541 et
1375 5483 1801 5552 multiplicamini.
1856 5481 2128 5534 Discamiis

561 5595 721 5651 hodie
754 5600 912 5654 quam
953 5581 1239 5636 benevolus
1259 5621 1272 5644 ,
1303 5587 1355 5632 et
1383 5591 1538 5644 quam
1566 5581 1726 5643 gratae
1755 5572 1944 5625 anima:
1973 5567 2131 5623 fuerit

568 5683 701 5750 Noe,
763 5677 884 5732 inde
913 5677 1022 5745 ipse
1051 5674 1216 5727 multo
1253 5670 1550 5723 uberiorem
1593 5665 1684 5720 Dei
1725 5677 1847 5733 erga
1882 5679 1938 5716 se
1969 5662 2133 5715 henc-

1163 317 1220 372 S.
1259 304 1532 368 JOANNIS
1566 287 2036 356 CllltYSOSTOMI
2077 285 2392 342 ARCHIEP.
2419 281 2945 342 CONSTANTINOP.

3600 275 3702 333 246

2137 397 2420 453 volentiam
2464 397 2565 452 sibi
2611 393 2989 449 conciliaverit.
3043 388 3172 443 Nam
3223 387 3360 442 solet
3400 387 3540 442 Dens
3583 403 3702 442 cum

2136 490 2362 558 aliquem
2392 486 2533 540 videt
2575 484 2663 552 qui
2700 492 2884 552 gratus
2930 481 3001 533 sit
3043 478 3110 531 de
3159 475 3461 545 prioribus,
3512 476 3705 545 largius

2136 591 2190 637 et
2217 579 2531 634 cumulatius
2559 590 2653 630 sua
2677 574 2814 628 dona
2857 571 2909 625 in
2947 571 3095 624 illum
3138 566 3476 636 profundere.
3512 566 3706 620 Demus

2140 671 2294 738 igitur
2332 676 2387 723 et
2431 681 2528 720 nos
2556 678 2773 734 operam
2799 702 2814 725 ,
2843 669 2901 715 ut
2927 659 3214 729 gratiarum
3255 657 3489 710 actiones
3512 670 3609 724 pro
3633 657 3707 708 vi-

2139 758 2222 812 rili
2251 756 2474 810 Domino
2501 753 2784 808 offeramus
2821 765 2918 819 pro
2961 749 3114 802 donis
3143 762 3261 816 qua:
3305 745 3371 800 ab
3400 760 3466 800 eo
3505 744 3709 814 pridem

2141 848 2293 901 nobis
2320 845 2554 915 priestita
2600 853 2745 908 sunt,
2773 850 2829 895 ut
2852 851 2905 894 et
2927 839 3124 908 majora
3153 837 3274 892 inde
3297 826 3708 905 consequamur,

2141 946 2196 991 et
2237 949 2523 1003 numquam
2564 932 2938 987 obliviscamur
2968 929 3059 982 Dei
3107 927 3362 982 beneﬁcia
3393 927 3448 979 in
3479 939 3578 979 nos
3603 925 3713 978 col-

2145 1027 2270 1091 lata,
2301 1025 2394 1079 sed
2421 1039 2631 1091 semper
2655 1037 2716 1075 ea
2745 1023 2794 1074 in
2827 1029 3003 1074 mente
3029 1028 3208 1072 nostra
3232 1031 3528 1082 versemus,
3558 1025 3615 1070 ιιι
3644 1015 3710 1068 ad

2143 1115 2445 1169 continuam
2471 1111 2754 1181 gratiarum
2781 1109 3042 1163 actionem
3073 1122 3256 1160 eorum
3288 1106 3541 1159 memoria
3571 1119 3716 1159 com-

2145 1206 2402 1277 pellamur
2424 1242 2439 1268 ,
2483 1203 2688 1256 tametsi
2727 1209 2803 1254 tot
2829 1201 2954 1264 sint,
2990 1208 3046 1252 ut
3075 1213 3228 1252 mens
3254 1209 3431 1250 nostra
3471 1211 3573 1251 non
3604 1196 3719 1257 suf-

2151 1297 2287 1350 ficiat
2303 1294 2368 1348 ad
2392 1290 2948 1361 comprehendendum
2964 1302 3017 1343 ct
3033 1287 3453 1343 enumerandum
3476 1301 3719 1354 magnam

2149 1402 2266 1454 quae
2315 1383 2464 1438 nobis
2499 1382 2716 1451 contigit
2741 1396 2804 1434 ex
2840 1383 2954 1449 ejus
2985 1377 3296 1431 liberalitate
3321 1376 3548 1445 copiam.
3580 1375 3725 1442 Quo-

2153 1474 2309 1530 modo
2335 1474 2475 1528 enim
2506 1472 2622 1554 quis
2663 1469 2894 1540 cogitare
2923 1477 3102 1538 posset
3125 1482 3186 1522 ea
3217 1481 3336 1535 quae
3381 1466 3432 1519 in
3473 1479 3570 1518 nos
3610 1465 3720 1532 jam

2153 1573 2275 1619 sunt
2314 1562 2543 1624 collata,
2588 1576 2704 1630 qua:
2740 1561 2865 1613 item
2906 1557 3206 1638 promissa,
3248 1569 3366 1624 qua:
3401 1563 3455 1608 et
3489 1553 3727 1624 quotidie

2155 1653 2495 1708 conferuntur
2526 1667 2539 1706 :
2568 1648 2705 1720 quod
2731 1665 2794 1702 ex
2825 1647 2989 1702 nihilo
3028 1645 3335 1714 produxerit
3374 1654 3428 1697 ut
3465 1658 3724 1703 essemus,

2157 1745 2294 1814 quod
2323 1757 2515 1812 corpus
2539 1750 2592 1795 et
2614 1740 2842 1794 animam
2882 1737 3114 1801 dederit,
3150 1735 3291 1804 quod
3321 1734 3604 1788 rationales
3630 1748 3730 1786 nos

2160 1832 2480 1894 formaverit,
2507 1831 2645 1901 quod
2671 1844 2848 1884 aerem
2878 1827 3210 1896 rcSpiraiioni
3227 1827 3570 1884 concesserit.
3587 1823 3732 1893 quod

2161 1932 2454 1978 creaturam
2482 1935 2693 1974 onmem
2721 1926 2936 1989 pr0ptcr
2963 1917 3246 1970 humanum
3276 1931 3444 1984 genus
3471 1914 3732 1982 produxe-

2163 2015 2266 2078 rit,
2299 2013 2438 2082 quod
2483 2013 2593 2080 ipse
2618 2009 2828 2080 quidem
2859 2008 2926 2061 ab
2951 2009 3102 2062 initio
3128 2007 3358 2060 voluerit
3383 2005 3650 2059 hominem
3679 2005 3736 2056 in

2165 2105 2410 2176 paradiso
2437 2107 2598 2158 vitam
2639 2117 2800 2172 agere
2837 2101 2971 2154 citra
2999 2114 3209 2154 onmem
3239 2097 3476 2152 dolorem
3505 2105 3558 2149 et
3585 2096 3738 2149 labo-

2167 2212 2276 2250 rem
2295 2235 2310 2260 ,
2346 2204 2400 2250 et
2435 2194 2563 2249 nihil
2590 2194 2764 2248 minus
2791 2192 3071 2246 habentem
3101 2190 3303 2258 angelis
3331 2199 3385 2243 et
3414 2187 3742 2256 incorporeis

2170 2291 2276 2344 illis
2304 2289 2607 2352 virtutibus,
2635 2287 2979 2341 cxsistentem
3011 2285 3060 2336 in
3084 2296 3328 2350 corpore,
3357 2279 3451 2335 sed
3478 2289 3528 2333 et
3553 2294 3744 2347 corpo-

2171 2380 2364 2435 ralibus
2391 2375 2789 2434 necessitatibus
2809 2389 2912 2428 nou
2940 2371 3266 2427 obnoxium?
3298 2369 3499 2424 Deinde
3525 2367 3741 2436 quando

2170 2473 2238 2527 ob
2269 2469 2638 2540 negligentiam
2675 2465 2988 2535 deceptione
3027 2463 3287 2518 diabolica
3321 2477 3414 2530 per
3438 2469 3744 2528 serpentem

2170 2564 2327 2616 allata
2351 2562 2715 2629 snpplaniatus
2744 2558 2871 2619 fuit,
2903 2569 3074 2623 neque
3101 2555 3180 2608 sic
3205 2553 3408 2607 destitit
3435 2551 3749 2620 pracvarica-

2175 2654 2274 2706 tori
2324 2651 2634 2706 benefacere
2665 2667 2678 2702 :
2705 2647 2796 2701 sed
2841 2655 2895 2700 ct
2938 2660 3030 2713 per
3075 2644 3162 2696 illa
3198 2644 3340 2710 ipsa,
3388 2655 3483 2709 per
3507 2655 3625 2708 qua:
3651 2653 3750 2707 pii-

2175 2745 2343 2800 nicrat
2367 2783 2382 2810 ,
2415 2743 2551 2796 sicu’t
2579 2740 2690 2796 heri
2715 2739 2966 2801 diximus,
2996 2734 3353 2790 excellentem
3383 2747 3532 2786 suam
3560 2731 3754 2782 huma-

2176 2836 2392 2888 nitatem
2420 2831 2738 2894 declaravit,
2771 2839 2929 2898 atque
2959 2828 3151 2880 inultas
3175 2824 3304 2879 alias
3335 2824 3754 2888 innumerasque

2177 2926 2554 2981 beneﬁciorum
2578 2923 2786 2991 species
2827 2922 2880 2975 in
2913 2920 3056 2974 illum
3104 2916 3405 2972 collocavit.
3459 2915 3523 2967 Et
3569 2920 3751 2980 postea

2178 3017 2501 3088 procedente
2525 3024 2762 3083 tempore
2785 3022 2837 3067 et
2852 3018 3126 3066 crescente
3143 3021 3357 3078 genere,
3384 3020 3446 3059 ac
3470 3005 3520 3056 in
3537 3017 3753 3057 omnem

2179 3109 2434 3164 malitiam
2466 3113 2736 3175 vergente,
2778 3103 2900 3172 quia
2923 3099 3132 3154 videbat
3155 3096 3462 3152 incurabilia
3489 3108 3608 3149 esse
3636 3093 3758 3146 vul-

2183 3216 2330 3268 nera,
2358 3199 2604 3267 nequitiie
2632 3203 2940 3265 operatores
2963 3234 2978 3257 ,
3027 3189 3179 3261 quasi
3225 3188 3544 3244 fermentum
3575 3183 3717 3254 quod
3737 3212 3752 3222 -

2181 3293 2303 3347 dam
2348 3290 2544 3345 malum
2582 3286 2814 3348 delevit,
2846 3283 3032 3338 relicto
3071 3281 3214 3350 justo
3255 3279 3347 3333 illo
3392 3276 3480 3345 qui
3527 3275 3675 3329 radix
3703 3282 3761 3326 et

2185 3387 2333 3456 origo
2365 3386 2514 3438 fieret
2537 3374 3008 3451 generisbuniani.
3038 3372 3244 3428 Etvide
3265 3372 3478 3432 iterum,
3505 3375 3758 3438 quantam

2185 3495 2309 3551 erga
2332 3478 2531 3548 justum
2563 3475 2708 3528 illiilli
2737 3470 2974 3525 declaret
2998 3465 3390 3522 liberalitatem.
3433 3461 3624 3515 Totum
3656 3458 3758 3510 liii-

2189 3549 2400 3625 manuni
2427 3581 2594 3636 genus
2621 3564 2687 3616 ab
2718 3576 2783 3616 eo
2807 3569 2862 3615 et
2907 3558 3026 3612 ﬁliis
3051 3557 3169 3625 ejus
3220 3552 3566 3613 instauravit,
3613 3557 3668 3602 et
3706 3549 3760 3600 in

2191 3669 2389 3716 tantam
2433 3654 2827 3711 multitudinem
2861 3663 3170 3706 excreseere
3195 3645 3398 3699 curavit
3427 3684 3439 3706 ,
3485 3640 3768 3711 paulatim-

2192 3768 2293 3822 que
2314 3752 2486 3820 justos
2513 3748 2734 3816 eligens,
2767 3742 3091 3812 patriarchas
3119 3737 3258 3800 dico,
3287 3743 3643 3804 praeceptores
3670 3729 3767 3783 de—

2195 3844 2270 3898 dit
2305 3841 2508 3909 reliquo
2551 3836 2822 3890 hominum
2854 3830 3035 3902 generi
3062 3871 3076 3894 ,
3106 3829 3193 3896 qui
3223 3841 3318 3880 sua
3351 3825 3545 3877 virtute
3580 3834 3769 3875 omnes

2196 3951 2294 3990 nos
2321 3935 2598 3988 instituere
2627 3971 2641 3996 ,
2664 3939 2717 3983 et
2737 3969 2751 3992 ,
2798 3927 2945 3997 quasi
2975 3922 3164 3977 medici
3188 3961 3204 3986 ,
3233 3928 3554 3990 aegrotantes
3579 3927 3773 3969 curare

2201 4030 2422 4098 possint.
2468 4026 2531 4079 Et
2557 4021 2714 4077 modo
2743 4035 2836 4075 eos
2866 4020 2916 4072 in
2946 4015 3280 4070 Palicstinam
3303 4053 3316 4077 ,
3347 4008 3507 4064 modo
3529 4008 3580 4060 in
3603 4004 3773 4075 Αἰαν-

2203 4128 2347 4186 ptuin
2370 4112 2612 4177 deducit,
2653 4109 2810 4164 simul
2832 4116 2885 4161 et
2922 4117 3196 4159 servorum
3224 4113 3438 4155 suorum
3464 4091 3775 4165 patientiam

2205 4219 2459 4262 exercens
2486 4244 2501 4268 ,
2546 4211 2599 4257 et
2647 4215 2794 4255 suam
2831 4198 3078 4250 virtutem
3117 4191 3398 4246 clariorem
3444 4195 3774 4245 monstrans,

2207 4295 2504 4362 mansitque
2538 4304 2748 4357 semper
2777 4287 2967 4342 eodem
2997 4282 3155 4336 modo
3185 4280 3428 4334 humana:
3471 4274 3656 4329 salutis
3684 4287 3780 4325 cu-

2207 4399 2319 4439 ram
2348 4396 2535 4453 gerens
2563 4396 2579 4434 :
2611 4379 2850 4435 exhibuit
2887 4375 3173 4445 prophetas
3195 4412 3208 4435 ,
3245 4379 3300 4425 et
3335 4383 3430 4438 per
3472 4366 3592 4420 illos
3627 4365 3780 4433 signa

2209 4485 2264 4530 et
2291 4471 2523 4543 prodigia
2550 4469 2736 4526 edidit.
2783 4469 2975 4534 Atque,
3005 4473 3062 4517 ut
3093 4461 3304 4517 brevius
3339 4459 3510 4513 dicam
3544 4474 3557 4509 :
3589 4469 3780 4524 quem-

2213 4563 2495 4618 admodum
2526 4561 2666 4615 cnim
2687 4559 2847 4613 maris
2878 4556 3067 4610 fluctus
3087 4593 3101 4616 ,
3131 4551 3375 4622 quamvis
3403 4547 3698 4603 sexcenties
3731 4545 3782 4598 id

2214 4667 2489 4715 conemur,
2513 4664 2825 4705 enumerare
2849 4659 3131 4714 numquam
3150 4641 3439 4711 poterimus
3469 4659 3480 4693 :
3514 4638 3582 4691 ita
3613 4649 3788 4705 neque

2217 4743 2593 4798 beneficiorum
2629 4741 2754 4804 Dei,
2784 4753 2902 4806 quae
2926 4736 2977 4789 in
3007 4744 3238 4788 nostram
3269 4730 3492 4785 contulit
3519 4738 3784 4787 naturain,

2218 4836 2548 4889 varietatem.
2577 4829 2812 4885 Tandem
2841 4827 2929 4881 tibi
2953 4825 3083 4878 vidit
3111 4833 3229 4892 post
3257 4829 3454 4875 tantam
3485 4832 3634 4872 suam
3666 4829 3792 4884 pru-

2221 4925 2505 4980 videntiam
2545 4923 2719 4978 adhuc
2747 4918 2911 4974 multa
2937 4925 2991 4970 et
3029 4913 3277 4969 ineffabili
3318 4907 3680 4966 misericordia
3713 4906 3793 4957 iii-

2223 5022 2404 5090 digere
2459 5019 2747 5070 humanum
2793 5021 2998 5080 genus,
3045 5015 3100 5060 ct
3137 5004 3266 5058 nihil
3313 5003 3430 5071 plus
3477 5000 3664 5054 fecisse
3711 4995 3795 5048 vel

2225 5088 2572 5181 patriarchas,
2605 5103 2687 5158 vel
2716 5101 3022 5172 prophetas,
3053 5096 3134 5150 vel
3166 5095 3312 5164 signa
3330 5091 3680 5153 admirabilia,
3715 5088 3798 5140 vel

2229 5178 2446 5272 poenas,
2493 5198 2572 5251 vel
2618 5192 3006 5248 admonitiones
3038 5188 3155 5241 illas
3196 5181 3622 5254 frequentissime
3649 5178 3794 5231 adbi-

2230 5269 2365 5350 bitas
2389 5331 2405 5354 ,
2439 5299 2492 5345 et
2515 5285 2844 5356 captivitates
2872 5282 2988 5334 illas
3015 5277 3116 5332 sibi
3158 5276 3380 5330 invicem
3408 5269 3756 5326 succedentes
3787 5282 3804 5317 :

2232 5385 2380 5454 quasi
2409 5383 2689 5437 miseratus
2715 5388 2880 5445 genus
2907 5380 3141 5426 nostrum
3164 5409 3177 5432 ,
3210 5367 3352 5420 misit
3389 5363 3454 5417 ad
3485 5375 3584 5416 nos
3609 5361 3785 5413 anima

2235 5491 2351 5530 rum
2399 5477 2785 5539 corporumque
2832 5461 3135 5525 medicum,
3187 5455 3512 5525 unigenitum
3542 5465 3695 5505 suum
3728 5447 3814 5502 Fi-

2238 5568 2363 5620 lium
2386 5604 2400 5626 ,
2442 5577 2504 5615 ex
2535 5557 2800 5629 paternis,
2842 5561 2900 5606 ut
2939 5551 3007 5603 ita
3035 5549 3203 5602 dicam
3235 5587 3249 5608 ,
3300 5543 3504 5597 sinibus
3530 5536 3829 5596 excitans;

2240 5656 2406 5710 voluit
2427 5660 2668 5721 suscepta
2698 5645 2833 5702 servi
2867 5642 3036 5697 forma
3063 5655 3093 5694 e
3122 5637 3336 5707 Virgine
3368 5633 3530 5697 nasci,
3571 5626 3772 5688 ctnobi
3804 5654 3830 5664 -
