4066 6140
297 328 404 383 Εἰς)

299 452 428 508 σθαι
460 454 806 527 βουλομένου.
845 459 1057 532 ’Ὠσπερ
1092 461 1200 533 γὰρ
1227 463 1319 516 ἐπὶ
1357 464 1465 518 τῶν
1495 465 1798 536 ἀνθρώπων
1827 467 1860 536 ἡ
1892 485 1975 536 γι-

297 537 501 609 νομένη
551 540 872 611 εὐχαριστία
919 545 998 607 είς
1048 545 1175 609 τοὺς
1231 547 1682 619 εὐεργετηκότας,
1737 549 1976 613 ἐκείνους

297 619 714 693 λαμπροτέρους
750 625 1062 695 ἐργάζεται,
1092 629 1264 693 οὕτως
1311 631 1403 683 ἐπὶ
1444 631 1540 684 τοῦ
1591 630 1974 701 φιλανθρώπου

297 709 436 762 Θεοῦ
460 710 586 763 ὅταν
617 711 776 764 τοῦτο
805 713 1066 785 ποιῶμεν,
1115 717 1340 780 ἐαυτούς
1368 717 1781 789 λαμπροτέρους
1806 721 1977 790 ἀπερ-

298 791 599 875 γαᾉζόμεγθαο
626 795 811 865 ἐπειδὴ
834 796 954 867 οὐχὶ
981 798 1082 868 τῆς
1104 801 1231 869 παρ’
1249 801 1404 870 ἡμῶν
1429 801 1678 873 δεόμενος
1701 803 1974 875 εὐφημίας

299 873 460 927 τοῦτο
494 874 740 944 βούλεται
764 879 1028 946 γίνεσθαι,
1063 881 1177 934 ἀλλ’
1209 882 1296 938 ίνα
1324 883 1486 938 πάλιν
1519 887 1597 948 εἰς
1643 887 1790 956 ἡμᾶς
1822 873 1976 956 περι-

303 960 402 1028 στῇ
436 959 497 1012 τὸ
525 960 738 1031 κέρδος,
766 965 859 1015 καὶ
891 965 1135 1033 μείζονος
1163 969 1479 1037 συμμαχίας
1534 969 1758 1032 ἐαυτούς
1791 968 1975 1034 ἀξίους

300 1048 752 1117 καταστήσωμεν.
781 1050 844 1101 Εἰ
869 1051 978 1120 γὰρ
998 1052 1092 1104 καὶ⁴
1118 1052 1190 1123 μὴ
1214 1053 1488 1124 δυνάμεθα
1513 1057 1636 1108 κατ’
1664 1055 1820 1122 ἀξίαν
1844 1055 1973 1108 ποτὲ

299 1126 460 1181 τοῦτο
485 1129 729 1199 ποιῆσαν
763 1131 880 1194 πῶς
917 1133 1049 1204 γὰρ,
1073 1135 1307 1206 τοσαύτῃ
1326 1136 1580 1208 ἀσθενείᾳ
1610 1137 1825 1207 φύσεως
1847 1155 1972 1190 συν-

297 1210 608 1280 δεδεμένοις
643 1213 736 1266 καὶ
756 1214 808 1267 τί
827 1213 970 1283 λέγω
995 1217 1093 1287 τὴν
1121 1217 1470 1290 ἀνθρωπίνην
1492 1219 1652 1289 φύσιν
1677 1238 1691 1286 ;
1720 1219 1833 1273 ἀλλ’
1853 1220 1973 1273 οὐδὲ

297 1293 461 1347 αὐταί
479 1296 535 1349 αἰ
554 1296 830 1367 ἀσώματοι
852 1299 946 1351 καὶ
967 1299 1187 1370 ἀόρατοι
1209 1301 1485 1371 δυνάμεις,
1500 1303 1594 1356 καὶ
1617 1304 1672 1356 αί
1693 1303 1973 1375 ἀρχαὶκαὶ

299 1380 359 1430 αἰ
383 1378 640 1443 ἐξουσίαι,
664 1381 759 1433 καὶ
788 1381 856 1435 τά
883 1384 1182 1456 Χερουϐὶμ,
1212 1386 1304 1438 καὶ
1326 1385 1394 1438 τά
1415 1387 1692 1457 Σεραφεὶμ
1719 1387 1817 1458 τὴν
1851 1386 1972 1440 κατ’

299 1461 460 1526 ἀξίαν
489 1463 794 1532 δοξολογίαν
817 1466 1110 1538 ἀναφέρειν
1155 1469 1601 1541 εὐχαριστοῦντες
1632 1470 1968 1541 δυνήσονται*

299 1546 416 1598 ἀλλ’
451 1547 600 1617 ὅμως
619 1547 716 1618 τὴν
742 1548 883 1602 κατά
911 1549 1138 1621 δύναμιν
1171 1551 1481 1620 ἀνενεγκεῖν
1508 1553 1858 1624 εὐχαριστίαν
1895 1553 1973 1606 δί-

298 1646 455 1682 καιον
481 1629 546 1682 ἂν
570 1630 676 1700 εἴη,
697 1634 791 1685 καὶ
818 1631 1081 1702 διηνεκῶς
1109 1633 1352 1700 δοξάζειν
1370 1635 1462 1688 τὸν
1489 1637 1757 1708 ἡμέτερον
1777 1639 1974 1689 Δεσπό-

297 1726 400 1779 την
441 1713 534 1764 καὶ
553 1713 642 1766 διὰ
663 1713 764 1784 τῆς
788 1714 897 1768 τῶν
927 1714 1100 1784 λόγων
1143 1717 1434 1787 εὐφημίας,
1469 1720 1561 1772 καὶ
1581 1719 1668 1772 διὰ
1704 1720 1804 1788 τῆς
1852 1722 1972 1792 ἀρί-

301 1808 436 1863 στης
484 1795 778 1859 πολιτείας.
836 1796 984 1868 Αὕτη
1033 1797 1143 1870 γάρ
1197 1800 1429 1870 μάλιστα
1484 1802 1577 1854 καὶ
1615 1800 1971 1874 λαμπροτέρα

297 1878 565 1962 γένοιτοῆ
598 1880 861 1951 εὐφημία,
897 1883 1025 1936 ὅταν
1053 1882 1142 1962 διά
1176 1883 1384 1955 μυρίων
1413 1884 1670 1952 γλωσσῶν
1696 1885 1792 1956 τὴν
1821 1887 1969 1954 δοξο-

297 1958 486 2027 λογίαν
507 1962 889 2033 ἀναφέρωμεν.
937 1964 994 2018 '0
1039 1958 1148 2035 γὰρ
1187 1966 1440 2036 ἐνάρετος
1469 1965 1698 2020 ἕκαστον
1738 1969 1846 2022 τῶν
1889 1971 1970 2034 είς

295 2043 460 2096 αὐτὸν
487 2043 737 2116 ὁρώντων
789 2047 1195 2116 παρασκευάζει
1225 2049 1315 2101 τὸν
1344 2049 1508 2102 αὐτοῦ
1539 2049 1814 2120 Δεσπότην
1879 2052 1970 2105 ἀν-

295 2133 510 2201 υμνεῖνο
544 2133 638 2186 καὶ
669 2134 700 2204 ή
736 2134 865 2205 παρ’
895 2135 1118 2190 ἐκείνων
1170 2135 1444 2204 δοξολογία
1484 2137 1682 2208 πολλὴν
1714 2139 1807 2192 καὶ
1827 2138 1967 2207 ἄφα-

295 2232 388 2267 τον
414 2213 492 2284 τῷ
529 2216 627 2288 τὴν
669 2218 849 2270 αἰτίαν
891 2219 1182 2290 παρέχοντι
1233 2221 1514 2290 χαρίζεται
1562 2221 1662 2291 τὴν
1691 2222 1841 2292 παρά
1871 2224 1966 2276 τοῦ

297 2299 568 2352 Δεσπότου
602 2299 833 2356 εὔνοιαν.
874 2302 939 2353 Τί
965 2299 1057 2356 οὖν
1087 2301 1154 2356 ἂν
1197 2304 1352 2374 ἡμῶν
1382 2306 1842 2376 μακαριστότερον
1870 2306 1967 2374 γέ-

226 2404 229 2407 '
293 2399 457 2446 νοιτο,
486 2385 534 2436 εἰ
553 2383 836 2453 μέλλοιμεν
868 2385 940 2456 μὴ
973 2387 1133 2456 μόνον
1163 2389 1315 2440 αὐτοὶ
1339 2388 1426 2442 διὰ
1450 2389 1549 2458 τῆς
1573 2389 1776 2454 οἰκείας
1798 2389 1968 2458 γλώτο

292 2480 394 2534 της
433 2464 677 2530 δοξάζειν
724 2465 817 2520 τὸν
869 2468 1074 2536 ἀγαθὸν
1100 2469 1252 2535 Θεὸν,
1279 2470 1414 2524 ἀλλά
1458 2472 1550 2524 καὶ
1587 2472 1794 2537 πάντας
1841 2477 1966 2538 τοὺς

291 2548 576 2614 ὁμογενεῖς
629 2547 918 2619 διεγείρειν
959 2553 1039 2613 εἰς
1093 2550 1192 2622 τὴν
1245 2553 1384 2622 ὑπὲρ
1420 2553 1579 2624 ήμῶν
1616 2554 1962 2625 δοξολογίαν;

290 2628 542 2700 Τοσαύτη
566 2629 674 2700 γὰρ
694 2632 795 2701 τῆς
822 2632 1026 2703 ἀρετῆς
1055 2634 1086 2702 ή
1126 2636 1277 2704 ἰσχὺς
1302 2675 1315 2698 ,
1365 2636 1441 2698 ὡς
1492 2637 1705 2708 μυρίοις
1737 2639 1963 2709 στόμασι

289 2710 550 2764 δύνασθαι
575 2713 666 2764 τὸν
686 2713 1014 2784 δημιουργὸν
1058 2717 1332 2786 ἀνυμνεῖν.
1365 2719 1530 2771 Οὐδὲν
1581 2719 1689 2790 γάρ
1739 2722 1965 2791 ἀρίστης

291 2795 570 2859 πολιτείας
605 2798 716 2850 ἴσον
745 2797 986 2864 γένοιτο,
1031 2799 1298 2868 ἀγαπητέ.
1354 2801 1452 2854 Διά
1500 2801 1657 2854 τοῦτο
1686 2804 1777 2856 καὶ
1798 2807 1825 2857 ό
1856 2805 1966 2856 Κύ-

296 2895 410 2945 ριος
454 2878 630 2948 ἔλεγε·
680 2879 981 2948 Λαμψάτω
1035 2881 1102 2934 τὸ
1144 2879 1269 2950 φῶς
1297 2882 1462 2950 ὑμῶν
1489 2885 1828 2952 ἔμπροσθεν
1848 2886 1966 2942 τῶν

292 2957 636 3025 ἀνθρώπων,
683 2960 842 3026 ὅπως
886 2960 1096 3014 ἴδωσιν
1135 2962 1304 3032 ὑμῶν
1346 2965 1419 3018 τὰ
1481 2969 1638 3020 καλὰ
1668 2969 1832 3038 ἔργα,
1867 2971 1965 3023 καί

290 3038 596 3120 δοξάσωσι
620 3042 727 3096 τὸν
767 3043 998 3110 Πατέρα
1026 3043 1193 3112 ὑμῶν
1247 3045 1357 3099 τόν
1384 3047 1454 3102 ἐν
1502 3048 1628 3114 τοῖς
1665 3052 1961 3120 οὐρανοῖς.

291 3118 445 3186 Εἶδες
475 3123 591 3187 πῶς
629 3124 877 3195 καθάπερ
907 3126 967 3178 τὸ
991 3127 1105 3196 φῶς
1131 3127 1297 3196 φανὲν
1344 3129 1634 3184 ἀπελαύνει
1664 3118 1960 3200 τὸνσκότος,

290 3205 436 3260 οὕτω
463 3207 556 3260 καὶ
590 3210 622 3278 ἡ
645 3208 812 3279 ἀρετὴ
827 3208 1056 3277 ὀφθεῖσα
1078 3211 1171 3263 καὶ
1193 3210 1290 3282 τὴν
1314 3213 1513 3266 κακίαν
1542 3214 1850 3283 φυγαδεύει,
1871 3220 1965 3273 καὶ

289 3289 392 3360 τῆς
424 3290 632 3363 πλάνης
664 3293 726 3346 τὸ
747 3293 937 3356 σκότος
963 3293 1282 3347 ἀπελάσασα
1309 3295 1447 3365 πρὸς
1473 3295 1778 3366 δοξολογίαν
1827 3305 1966 3356 κινεῖ

288 3374 400 3428 τῶν
431 3375 680 3446 ὁρώντων
716 3376 815 3447 τὴν
861 3376 1133 3441 διάνοιαν;
1166 3377 1318 3430 Οὕτω
1370 3379 1546 3432 τοίνυν
1581 3381 1963 3456 σπουδάζωμεν

289 3457 450 3526 ήμῶν
477 3457 713 3528 λάμπειν
739 3457 809 3511 τά
836 3457 994 3528 ἔργα,
1033 3459 1108 3523 ὼς
1140 3460 1230 3512 τὸν
1252 3461 1515 3531 ἡμέτερον
1535 3460 1848 3528 δοξάζεσθαι
1869 3472 1964 3520 Δε-

291 3544 518 3612 σπότην.
553 3541 736 3595 Ταῦτα
761 3541 815 3594 δὲ
844 3541 1030 3610 ἐλεγεν
1077 3545 1105 3595 ὁ
1138 3544 1398 3614 Χριστὸς,
1441 3547 1539 3615 οὐχ
1575 3547 1659 3600 ἵνα
1678 3549 1812 3620 πρὸς
1848 3553 1964 3604 ἐπί-

292 3623 461 3690 δειξίν
488 3643 539 3678 τι
570 3625 918 3696 πράττωμεν·
958 3626 1032 3696 μὴ
1080 3627 1306 3695 γένοιτο·
1335 3628 1450 3680 ἀλλ’
1490 3629 1575 3682 ἵνα
1635 3633 1772 3701 μετά
1803 3635 1960 3706 ἀκρι-

289 3707 444 3771 ϐείας
471 3708 566 3763 καὶ
583 3707 724 3761 κατά
747 3708 808 3760 τὸ
833 3707 982 3778 αὐτῷ
1000 3708 1188 3761 δοκοῦν
1213 3708 1616 3778 πολιτευόμενοι
1634 3714 1768 3784 μήτε
1797 3714 1960 3783 βλασ-

295 3791 481 3862 φημίᾳ
546 3791 652 3844 τινὶ
703 3790 887 3861 χώραν
919 3791 1269 3862 παρέχωμεν,
1324 3794 1418 3846 καὶ
1445 3794 1533 3848 διὰ
1561 3795 1661 3866 τῆς
1700 3796 1806 3849 τῶν
1827 3799 1963 3864 ἀγαο

291 3874 401 3926 θῶν
423 3874 601 3946 ἔργων
633 3873 887 3945 πράξεως
923 3876 1430 3946 παρασκευάζωμεν
1457 3878 1582 3940 τοὺς
1602 3879 1843 3950 ὁρῶντας
1880 3881 1965 3933 δο-

292 3959 476 4023 ξάζειν
499 3958 591 4010 τὸν
634 3958 742 4011 τῶν
771 3958 906 4011 ὅλων
927 3957 1080 4010 Θεόν.
1106 3957 1239 4010 Τότε
1265 3958 1394 4031 γάρ,
1423 3962 1546 4013 τότε
1576 3963 1668 4014 καὶ
1697 3964 1796 4032 τὴν
1831 3963 1961 4032 παρ’

290 4040 455 4094 αὐτοῦ
490 4039 701 4094 εῦνοιαν
728 4037 991 4110 μειζόνως
1023 4039 1462 4109 ἐπισπασόμεθα,
1498 4042 1591 4094 καὶ
1623 4042 1720 4113 τήν
1743 4043 1962 4098 κόλασιν

287 4125 571 4194 διαφυγεῖν
595 4121 956 4195 δυνησόμεθα,
981 4122 1076 4175 καὶ
1094 4121 1203 4174 τῶν
1229 4123 1558 4193 ἀπορρήτων
1581 4124 1802 4192 ἀγαθῶν
1839 4127 1963 4178 ἐπι-

289 4213 490 4280 τυχεῖν,
521 4209 702 4281 χάριτι
733 4208 827 4261 καὶ
860 4204 1238 4276 φιλανθρωπίᾳ
1265 4207 1357 4259 τοῦ
1385 4207 1590 4279 Κυρίου
1613 4209 1770 4279 ήμῶν
1786 4208 1961 4279 Ἰησοῦ

291 4291 442 4364 [255]
481 4290 748 4362 Χριστοῦ,
801 4289 919 4360 μεθ’
949 4281 1010 4342 οὐ
1045 4287 1123 4358 τῷ
1172 4287 1348 4357 Πατρὶ
1386 4287 1501 4358 ἅμα
1561 4291 1656 4344 καὶ
1693 4291 1772 4361 τῷ
1822 4292 1962 4364 ἀγίῳ

291 4375 570 4445 Πνεύματι
602 4374 749 4438 δόξα,
780 4372 1000 4444 κράτος,
1021 4371 1176 4442 τιμὴ,
1203 4369 1297 4424 νῦν
1331 4372 1426 4424 καὶ
1471 4372 1577 4442 ἀεὶ,
1607 4374 1701 4428 καὶ
1733 4375 1810 4438 εἰς
1834 4377 1962 4439 τοὺς

289 4459 490 4523 αἰῶνας
508 4457 617 4512 τῶν
638 4455 867 4511 αἰώνων.
909 4456 1104 4525 Ἀμήν.

883 4617 1128 4671 OMIAIA
1162 4618 1280 4671 ΚΖ·

291 4762 396 4819 Καὶ
419 4760 769 4829 ᾠκοδόμησε
802 4757 931 4813 Νῶε
981 4757 1418 4826 θυσιαστήριον
1467 4755 1548 4822 τῷ
1585 4760 1797 4826 Κυρίῳ,
1861 4763 1958 4816 καί

358 4845 577 4900 ἐλαϐεν
599 4843 719 4896 ἀπὸ
742 4842 983 4896 πάντων
1009 4841 1129 4895 τῶν
1157 4841 1393 4909 κτηνῶν
1414 4841 1532 4894 τῶν
1557 4844 1848 4911 καθαρῶν,
1863 4847 1962 4900 καί

357 4927 476 4986 ἀπὸ
495 4925 736 4980 πάντων
760 4923 877 4977 τῶν
898 4923 1184 4978 πετεινῶν
1199 4921 1492 4991 καθαρῶν,
1510 4923 1608 4977 καί
1631 4924 1962 4996 ἀνήνεγκεν

297 5059 300 5062 .
359 5007 785 5077 ὀλοκάρπωσιν
821 5009 908 5071 είς
945 5007 1012 5059 τὸ
1043 5006 1492 5073 θυσιαστήριον.

358 5121 428 5170 α’.
446 5113 630 5168 Είδετε
660 5111 787 5182 χθὲς
814 5108 910 5163 τοῦ
944 5109 1321 5180 φιλανθρώπου
1350 5111 1621 5165 Δεσπότου
1650 5113 1748 5184 τὴν
1769 5115 1964 5182 ἀγαθό-

285 5217 446 5270 τητα,
479 5199 628 5259 ὅπως
645 5194 739 5248 τὸν
785 5193 991 5247 δίκαιον
1019 5192 1282 5263 ἐξήγαγεν
1312 5195 1376 5246 ἐκ
1394 5194 1493 5264 τῆς
1529 5196 1784 5262 κιϐωτοῦ,
1821 5199 1963 5252 ἐλευ-

287 5285 537 5361 θερώσας
573 5285 667 5337 καὶ
694 5282 793 5350 τῆς
817 5281 935 5333 ἐκεῖ
956 5278 1254 5347 διαγωγῆς,
1279 5281 1372 5332 καὶ
1401 5280 1716 5347 ἀπαλλάξας
1738 5283 1833 5336 τοῦ
1859 5304 1958 5355 χα..

287 5369 453 5424 λεποῦ
488 5367 697 5420 ἐκείνου
719 5365 811 5418 καὶ
837 5363 986 5427 ξένου
1013 5362 1405 5432 δεσμωτηρίου,
1439 5364 1532 5415 καὶ
1553 5364 1651 5434 τῆς
1684 5366 1960 5439 ὑπομονῆς

287 5456 437 5527 αὐτῷ
459 5455 557 5518 τάς
577 5452 810 5524 ἀμοιϐὰς
845 5448 1182 5503 ἀποδέδωκεν
1229 5448 1418 5502 εἰπών·
1451 5449 1795 5513 Αὺξάνεσθε
1860 5456 1957 5508 καὶ

287 5540 691 5608 πληθύνεσθε.
723 5535 998 5603 Μάθωμεν
1041 5533 1280 5603 σήμερον
1332 5530 1423 5584 τοῦ
1469 5532 1589 5584 Νῶε
1625 5533 1721 5603 τὴν
1753 5534 1958 5603 εὐγνω-

293 5623 551 5697 μοσύνην,
574 5622 668 5674 καὶ
697 5619 796 5688 τὴν
824 5617 1142 5689 εὐχάριστον
1163 5613 1358 5685 ψυχὴν,
1377 5613 1443 5664 δι’
1461 5608 1527 5686 ἦς
1547 5614 1707 5667 πάλιν
1739 5615 1958 5671 πλείονα

291 5709 382 5761 καὶ
407 5703 584 5772 πολλῷ
616 5700 836 5773 μείζονα
858 5698 1217 5764 ἐξεκαλέσατο
1235 5697 1326 5750 τοῦ
1347 5697 1483 5751 Θεοῦ
1513 5699 1611 5768 τὴν
1643 5700 1768 5770 περὶ
1797 5700 1957 5754 αὐτὸν

290 5787 518 5850 εὔνοιαν.
543 5786 654 5847 Καὶ
675 5785 782 5856 γὰρ
811 5781 1049 5847 τοιοῦτος
1078 5784 1106 5836 ὁ
1142 5781 1295 5846 Θεός’
1323 5781 1537 5838 ἐπειδὰν
1578 5781 1664 5850 ἴδῃ
1707 5782 1797 5838 ἐπὶ
1842 5785 1953 5845 τοῖς

1439 349 1505 404 ΙΝ
1539 349 1691 406 CAP.
1740 349 1850 403 Vlll
1889 348 2128 405 GENES.
2164 350 2392 408 IIOMIL.
2439 351 2644 409 XXV".

3645 334 3752 414 2570

2084 467 2353 535 φθάσασιν
2382 469 2729 541 εὐγνώμονας
2754 469 3169 542 γεγενημένους,
3202 471 3632 542 ἐπιδαψιλεύεται
3651 479 3749 537 τας

2083 550 2213 620 παρ’
2244 550 2437 604 ἐαυτοῦ
2459 551 2684 623 δωρεάς.
2705 552 3099 623 Σπουδάζωμεν
3128 553 3413 607 τοίνυν-καὶ
3439 557 3599 625 ἡμεῖς
3653 557 3750 626 τήν

2084 634 2223 686 κατὰ
2255 633 2482 704 δύναμιν
2508 636 2856 705 εὐχαριστίαν
2891 637 3181 707 ἀναφέρειν
3220 635 3296 707 τῷ
3325 638 3568 710 Δεσπότῃ
3609 638 3748 708 ὑπὲρ

2082 715 2190 768 τῶν
2215 715 2572 787 ὑπαρξάντων
2589 720 2720 788 ἡμῖν
2758 719 2888 788 παρ’
2908 718 3073 772 αὐτοῦ
3105 719 3344 788 ἀγαθῶν,
3373 721 3460 773 ῖνα
3499 721 3591 773 καὶ
3626 737 3746 791 μει-

2084 799 2250 861 ζόνων
2273 799 2614 868 ἀξιωθῶμεν,
2661 801 2756 854 καὶ
2810 801 3078 871 μηδέποτε
3111 802 3595 873 ἐπιλανθανώμεθα
3640 803 3746 856 τῶν

2083 881 2233 951 παρὰ
2255 881 2348 934 τοῦ
2375 881 2510 934 Θεοῦ
2545 883 2874 952 εὐεργεσιῶν
2897 883 2978 945 εἰς
3007 885 3152 954 ἡμᾶς
3179 885 3577 953 γεγενημένων,
3613 884 3749 938 ἀλλά

2081 962 2168 1013 ἀεὶ
2195 962 2369 1016 ταῦτα
2404 963 2722 1033 στρέφωμεν
2749 963 2841 1017 ἐπὶ
2855 963 2955 1034 τῆς
2980 964 3214 1029 διανοίας
3229 967 3326 1035 τῆς
3349 966 3644 1035 ἡμετέρας,
3663 965 3748 1018 ίνα

2083 1047 2187 1100 ὑπὸ
2219 1049 2319 1117 τῆς
2344 1050 2566 1120 μνήμης
2591 1049 2984 1120 συνωθούμενοι
3018 1050 3237 1121 διηνεκῆ
3276 1053 3371 1122 τὴν
3403 1051 3748 1121 εὐχαριστίαν

2083 1130 2382 1200 τοιώμεθα,
2423 1133 2471 1184 εἰ
2499 1133 2592 1185 καὶ
2619 1131 2873 1184 τοσαῦται
2896 1132 2956 1184 τὸ
2981 1131 3181 1202 πλῆθός
3209 1135 3364 1193 εἰσιν,
3398 1133 3472 1195 ώς
3504 1134 3635 1203 μηδέ
3652 1133 3750 1202 ἀρ-
3783 1141 3786 1180 !

3783 1119 3788 1170 ὲ

2080 1220 2197 1270 κεῖν
2234 1218 2324 1270 τὸν
2361 1218 2616 1289 λογισμὸν
2635 1219 2723 1272 τὸν
2749 1218 3018 1290 ἡμέτερον
3057 1217 3522 1290 ἐξαριθμήσασθαι
3548 1220 3646 1289 τὴν
3669 1219 3747 1282 εἰς
3781 1203 3789 1252 ἶ

2081 1306 2228 1374 ἡμᾶς
2261 1303 2572 1374 φιλοτιμίαν
2603 1305 2768 1358 αὐτοῦ
2794 1305 3186 1374 γεγενημένην.
3222 1305 3286 1356 Τί
3315 1305 3422 1376 γὰρ
3460 1305 3524 1359 ἀν
3557 1322 3637 1367 τις
3670 1305 3750 1357 λο-

2081 1387 2291 1454 γίσαιτο
2321 1387 2386 1440 τά
2407 1389 2506 1458 ἤδη
2537 1388 2616 1449 εἰς
2647 1389 2796 1458 ἡμᾶς
2843 1388 3203 1456 γεγενημένα,
3253 1387 3321 1440 τὰ
3345 1387 3744 1456 ἐπηγγελμένα,

2079 1466 2147 1518 τά
2182 1467 2302 1520 καθ’
2335 1469 2571 1541 ἑκάστην
2595 1469 2805 1540 ἡμέραν
2835 1469 3113 1538 γινόμεναο
3143 1470 3223 1522 ὅτι
3255 1471 3316 1521 ἐκ
3363 1468 3456 1521 τοῦ
3492 1469 3565 1540 μὴ
3597 1468 3748 1534 ὄντος

2080 1549 2159 1611 εἰς
2177 1551 2237 1601 τὸ
2258 1545 2395 1602 εἶναι
2422 1553 2762 1622 παρήγαγεν,
2792 1552 2873 1604 ὅτι
2896 1552 2990 1604 καὶ
3025 1551 3182 1622 σῶμα
3235 1553 3330 1605 καὶ
3363 1552 3538 1622 ψυχὴν
3572 1554 3750 1622 ἐχαρί-

2083 1633 2335 1696 σατο,ὅτι
2363 1633 2612 1701 λογικούς
2666 1635 2813 1704 ἡμᾶς
2862 1633 3312 1704 ἐδημιούργησεν,
3359 1635 3441 1687 ὅτι
3495 1634 3584 1687 τὸν
3610 1635 3746 1705 ἀέρα

2078 1713 2265 1767 τοῦτον
2299 1716 2557 1768 ἀναπνεῖν
2605 1716 2917 1784 ἐχαρίσατο,
2952 1717 3033 1768 ὅτι
3069 1717 3168 1785 τὴν
3201 1716 3377 1768 κτίσιν
3413 1716 3629 1769 ἃπασαν
3661 1717 3749 1770 διὰ

2078 1797 2176 1867 τὴν
2202 1797 2548 1868 ἀνθρωπίνην
2601 1797 2762 1866 φύσιν
2789 1798 3130 1868 παρήγαγεν,
3155 1798 3235 1850 ὅτι
3267 1796 3430 1860 αὐτὸς
3472 1797 3569 1867 μὲν
3593 1797 3749 1850 ἐϐουο

2079 1879 2214 1950 λήθη
2236 1882 2300 1933 ἐκ
2325 1881 2626 1952 προοιμίων
2643 1883 2739 1950 τῆς
2755 1880 2849 1934 τοῦ
2879 1883 3203 1951 παραδείσου
3223 1882 3429 1952 διαίτης
3455 1879 3746 1935 ἀπολαύειν

2077 1962 2166 2015 τὸν
2201 1963 2503 2034 ἄνθρωπον,
2557 1963 2650 2016 καὶ
2707 1963 2974 2017 ἀνώδυνον
3016 1963 3127 2034 βίον
3173 1965 3336 2035 ἔχειν,
3393 1966 3486 2018 καὶ
3545 1961 3744 2034 μόχθου

2078 2049 2276 2113 παντὸς
2310 2049 2748 2120 ἀπηλλαγμένον,
2788 2051 2880 2103 καὶ
2906 2051 3071 2122 μηδὲν
3095 2051 3312 2104 ἔλαττον
3342 2050 3486 2120 ἔχειν
3511 2051 3620 2104 τῶν
3649 2053 3748 2121 ἀγ-

2077 2132 2248 2200 γέλων
2268 2133 2361 2186 καὶ
2387 2133 2494 2185 τῶν
2525 2134 2834 2202 ἀσωμάτων
2873 2135 3096 2187 ἐκείνων
3148 2134 3425 2206 δυνάμεων
3448 2137 3505 2188 ἐν
3535 2135 3746 2205 σώματι

2076 2215 2430 2285 τυγχάνοντα,
2467 2215 2603 2268 ἀλλά
2639 2218 2732 2268 καὶ
2770 2216 3037 2288 ἀνώτερον
3091 2214 3227 2270 εἶναι
3257 2217 3363 2270 τῶν
3421 2217 3746 2286 σωματικῶν

2075 2299 2327 2365 ἀναγκῶν
2352 2315 2365 2364 ;
2402 2293 2532 2350 Εἶτα
2563 2299 2748 2368 ἐπειδὴ
2777 2298 2864 2352 διὰ
2889 2299 3162 2370 ρᾳθυμίαν
3185 2299 3401 2369 ὑπήχθη
3447 2301 3511 2368 τῇ
3563 2300 3745 2371 ἀπάτῃ

2074 2376 2166 2429 τοῦ
2195 2377 2439 2429 διαϐόλου
2470 2380 2534 2446 τῇ
2562 2376 2651 2429 διὰ
2682 2377 2774 2430 τοῦ
2820 2378 2996 2446 ὄφεως
3030 2379 3419 2450 προσαχθείσῃ,
3448 2377 3566 2430 οὐδὲ
3605 2375 3746 2430 οὕτω

2073 2458 2276 2513 διέλιπε
2311 2461 2400 2512 τὸν
2423 2461 2800 2530 ἡμαρτηκότα,
2836 2461 2926 2512 τὸν
2963 2461 3386 2530 παραϐεϐηκότα
3421 2461 3742 2530 εὐεργετῶν.
3840 2491 3855 2499 -

2073 2547 2209 2599 ἀλλά
2233 2546 2325 2599 καὶ⁴
2355 2547 2420 2599 δι’
2439 2539 2512 2600 ῶν
2542 2547 2942 2617 ἐτιμωρήσατο,
3003 2547 3257 2617 καθάπερ
3311 2547 3404 2600 καὶ
3451 2547 3578 2616 χθὲς
3629 2546 3744 2599 ἐλέ-

2072 2651 2260 2704 γομεν,
2310 2635 2409 2706 τῆς
2443 2634 2653 2697 οἰκείας
2704 2633 3114 2704 φιλανθρωπίας
3141 2634 3238 2704 τὴν
3298 2633 3600 2703 ὑπερϐολὴν
3650 2633 3745 2684 ἐπ-

2073 2721 2330 2787 εδείξατο,
2378 2721 2472 2774 καὶ
2506 2719 2675 2773 πολλὰ
2708 2720 2871 2790 ἐτερα
2904 2720 2997 2772 καὶ
3023 2719 3368 2790 ἀναρίθμητα
3414 2717 3745 2788 εὐεργεσιῶν

2073 2809 2192 2879 εῖδη
2219 2811 2299 2872 εἰς
2326 2807 2489 2862 αὐτὸν
2523 2807 2800 2860 κατέθετο.
2840 2808 2948 2860 Καὶ
3001 2806 3184 2860 λοιπὸν
3213 2807 3308 2860 τοῦ
3364 2807 3555 2877 χρόνου
3609 2823 3742 2877 προ-

2071 2897 2275 2959 ϊόντος,
2320 2895 2414 2947 καὶ
2459 2893 2553 2948 τοῦ
2607 2895 2796 2963 γένους
2817 2893 3180 2964 αὐξανομένου
3211 2932 3226 2957 ,
3280 2893 3372 2946 καὶ
3419 2895 3497 2956 εἰς
3544 2893 3742 2946 κακίαν

2072 2981 2477 3044 ἀποκλίναντος,
2531 2981 2716 3051 ἐπειδὴ
2759 2980 2904 3052 ἐώρα
2935 2981 3128 3034 ἀνίατα
3170 2980 3426 3050 γινόμενα
3473 2979 3541 3032 τά
3572 2978 3739 3049 τραύσ-

2076 3087 2240 3139 ματα,
2263 3068 2516 3139 καθάπερ
2550 3067 2728 3138 ζύμην
2775 3067 2897 3122 τινὰ
2944 3065 3206 3138 πονηρὰν,
3241 3068 3368 3129 τοὺς
3408 3065 3503 3136 τῆς
3542 3067 3740 3129 κακίας

2073 3158 2308 3227 ἐργάτας
2329 3157 2591 3224 ήφάνισε,
2681 3152 2998 3208 καταλιπὼν
3072 3153 3164 3206 τὸν
3233 3153 3438 3206 δίκαιον
3513 3153 3736 3218 τοῦτον,

2074 3243 2228 3312 ῥίζαν
2263 3243 2357 3296 καὶ
2399 3242 2571 3313 ἀρχὴν
2604 3241 2856 3312 γενέσθαι
2896 3241 2988 3294 τοῦ
3030 3241 3138 3294 τῶν
3183 3239 3484 3312 ἀνθρώπων
3525 3241 3736 3308 γένους.

2071 3331 2179 3384 Καὶ
2224 3329 2383 3384 πάλιν
2415 3330 2608 3382 σκόπει
2657 3328 2828 3398 πόσην
2865 3329 2995 3400 περὶ
3034 3327 3194 3380 αὐτὸν
3241 3327 3603 3380 ἐπιδείκνυται
3638 3328 3738 3398 τὴν

2072 3417 2398 3488 φιλοτιμίαν.
2435 3418 2487 3469 Ἀ
2497 3416 2566 3469 πὸ
2586 3415 2680 3469 τοῦ
2701 3415 2908 3469 δικαίου
2931 3414 3121 3468 τούτου
3145 3416 3240 3468 καὶ
3266 3415 3373 3468 τῶν
3394 3414 3582 3468 τούτου
3605 3413 3736 3465 υἱῶν

2072 3506 2289 3559 ἃπασαν
2336 3505 2436 3574 τὴν
2467 3504 2576 3556 τῶν
2621 3501 2924 3575 ἀνθρώπων
2968 3501 3128 3570 φύσιν
3165 3503 3246 3565 είς
3293 3501 3544 3554 τοσοῦτον
3587 3500 3736 3572 [256]

2071 3592 2274 3663 πλῆθος
2318 3591 2610 3645 ἐπιδιδόναι
2644 3590 3042 3661 παρεσκεύασε,
3075 3591 3169 3642 καὶ
3211 3591 3352 3642 κατά
3385 3589 3578 3660 μικρὸν
3611 3589 3740 3652 τούς

2070 3679 2306 3741 δικαίους
2341 3677 2718 3746 ἐκλεξάμενος,
2751 3677 2876 3738 τοὺς
2908 3677 3255 3746 πατριάρχας
3284 3675 3446 3742 λέγω,
3485 3675 3740 3728 διδασκά-

2069 3765 2192 3826 λους
2228 3764 2496 3834 ἐπέστησε
2537 3763 2613 3832 τῷ
2641 3762 2814 3832 λοιπῷ
2848 3762 2957 3815 τῶν
2985 3762 3287 3832 ἀνθρώπων
3317 3762 3486 3830 γένει,
3522 3761 3608 3814 διὰ
3641 3762 3740 3832 τῆς

2069 3852 2273 3914 οἰκείας
2323 3849 2524 3921 ἀρετῆς
2577 3850 2821 3912 ἅπαντας
2885 3851 3172 3918 ἐναγαγεῖν
3229 3849 3581 3919 δυναμένους,
3641 3849 3737 3902 καὶ

2071 3938 2322 4008 καθάπερ
2359 3937 2596 4008 ἰατροὺς,
2617 3937 2744 3999 τοὺς
2775 3936 3134 4006 νενοσηκότας
3165 3935 3488 4006 θεραπεύειν
3507 3935 3742 4005 δυναμέ-

2070 4043 2211 4087 νους.
2243 4025 2380 4078 Ποτὲ
2413 4025 2511 4094 μὲν
2547 4025 2625 4087 είς
2659 4025 2758 4094 τὴν
2791 4022 3174 4092 Παλαιστίνην,
3207 4023 3334 4075 ποτέ
3373 4023 3428 4075 δὲ
3463 4024 3540 4085 είς
3574 4024 3739 4090 Αἰγυ-

2070 4130 2201 4166 πτον
2235 4113 2480 4180 κατάγει,
2515 4109 2650 4180 ὁμοῦ
2680 4109 2905 4164 καὶτῶν
2947 4108 3110 4163 αὐτοῦ
3143 4109 3342 4163 δούλων
3382 4109 3738 4179 ἐγγυμνάζων

2069 4200 2166 4270 τὴν
2197 4199 2493 4270 ὑπομονὴν,
2531 4199 2624 4251 καὶ
2647 4197 2744 4268 τὴν
2771 4198 2976 4251 οἰκείαν
3015 4197 3243 4267 δύναμιν
3278 4197 3737 4268 περιφανεστέραν

2069 4285 2314 4348 δεικνύς·
2352 4284 2444 4338 καὶ
2496 4283 2759 4354 διηνεκῶς
2809 4282 2953 4336 οὕτω
2997 4283 3260 4336 διετέλεσε
3309 4283 3608 4353 φροντίζων
3638 4283 3734 4352 τῆς

2068 4371 2176 4425 τῶν
2231 4370 2531 4437 ἀνθρώπων
2580 4370 2872 4440 σωτηρίας,
2920 4372 3202 4440 προφήτας
3251 4371 3586 4432 ἀναδεικνύς,
3644 4369 3732 4421 καὶ

2069 4461 2270 4529 σημεῖα
2295 4459 2388 4510 καὶ
2415 4455 2668 4526 θαύματα
2693 4455 2759 4508 δι’
2781 4455 3338 4510 αὐτῶν-ἐπιτελεῖσθαι
3369 4457 3552 4510 ποιῶν-⁸
3583 4453 3728 4522 Εἶτα,

2068 4547 2158 4600 ἵνα
2185 4542 2464 4614 συντεμὼν
2494 4543 2633 4595 είπω
2659 4557 2672 4570 ⁸
2703 4543 2954 4614 καθάπερ
2982 4543 3089 4614 γὰρ
3121 4544 3220 4613 τῆς
3252 4544 3522 4615 θαλάττης
3550 4544 3618 4598 τά
3646 4544 3741 4598 κύ-

2072 4650 2236 4703 ματα.
2269 4631 2372 4684 κᾶν
2403 4629 2661 4702 μυριάκις
2697 4629 3032 4702 βιασώμεθα,
3067 4631 3166 4684 οὐκ
3198 4631 3262 4685 ἄν
3290 4648 3419 4684 ποτε
3445 4631 3734 4701 δυνηθείη-

2072 4738 2170 4790 μεν
2195 4717 2626 4788 ἐξαριθμεῖσθαι,
2663 4717 2834 4781 οὕτως
2868 4719 2989 4771 οὐδὲ
3014 4718 3076 4771 τὸ
3117 4719 3358 4771 ποικίλον
3382 4719 3488 4771 τῶν
3515 4719 3730 4786 εὐεργε-

2071 4808 2200 4859 σιῶν
2227 4805 2319 4858 τοῦ
2348 4803 2505 4869 Θεοῦ,
2527 4798 2602 4856 ὧν
2631 4806 2756 4875 περί
2788 4805 2884 4874 τὴν
2914 4805 3184 4876 ἡμετέραν
3209 4805 3369 4874 φύσιν
3401 4805 3730 4868 ἐπεδείξατο.
3829 4805 3834 4808 ’

2069 4893 2140 4945 Τὸ
2167 4891 2223 4946 δὲ
2253 4891 2578 4956 τελευταῖον,
2625 4891 2813 4961 ἐπειδὴ
2847 4890 2953 4943 είδε
3001 4891 3138 4958 μετὰ
3184 4890 3448 4959 τοσαύτην
3479 4891 3734 4960 πρόνοιαν

2069 4979 2148 5032 ἐτι
2176 4979 2378 5048 πολλῆς
2410 4979 2503 5030 καὶ
2536 4979 2740 5046 ἀφάτου
2770 4977 3177 5046 φιλανθρωπίας
3203 4977 3464 5047 δεομένην
3496 4977 3593 5047 τὴν
3625 4979 3735 5032 τῶν

2068 5065 2368 5136 ἀνθρώπων
2400 5064 2582 5127 φύσιν,
2613 5063 2704 5116 καὶ
2735 5063 2884 5115 οὐδὲν
2925 5063 3082 5117 πλέον
3125 5063 3469 5132 ἰσχύσαντας,
3504 5065 3563 5117 οὐ
3607 5067 3734 5129 τούς

2069 5153 2430 5223 πατριάρχας,
2474 5151 2533 5202 οὐ
2564 5150 2688 5212 τοὺς
2729 5150 3030 5220 προφήτας,
3065 5151 3126 5203 οὐ
3159 5150 3230 5203 τά
3270 5151 3521 5222 θαύματα
3553 5155 3729 5208 ἐκεῖνα

2067 5240 2135 5292 τὰ
2166 5238 2460 5308 παράδοξα,
2511 5237 2572 5289 οὐ
2611 5235 2710 5298 τὰς
2747 5235 3013 5306 τιμωρίας
3057 5239 3150 5291 καὶ
3187 5239 3286 5301 τὰς
3324 5239 3601 5304 νουθεσίας
3633 5243 3732 5305 τὰς

2067 5327 2187 5379 καθ’
2211 5325 2437 5378 ἕκαστον
2465 5317 2827 5392 ἐπαγομένας,
2859 5322 2954 5374 καὶ
2980 5323 3078 5386 τάς
3119 5325 3492 5395 αἰχμαλωσίας
3518 5329 3732 5392 ἐκείνας

2065 5415 2164 5478 τὰς
2194 5412 2545 5482 ἐπαλλήλους,
2571 5409 2759 5479 ῶσπερ
2779 5409 3050 5482 οἰκτείρας
3080 5414 3140 5465 τὸ
3169 5414 3322 5482 γένος
3355 5415 3414 5467 τὸ
3443 5415 3728 5486 ἡμέτερον,

2065 5501 2173 5553 τῶν
2203 5498 2391 5570 ψυχῶν
2433 5498 2526 5550 καὶ
2568 5497 2677 5550 τῶν
2708 5496 2972 5567 σωμάτων
3018 5499 3218 5570 ἰατρὸν,
3258 5500 3348 5553 τὸν
3389 5501 3516 5553 Υἰὸν
3566 5501 3727 5554 αὐτοῦ

2065 5589 2157 5640 τὸν
2198 5584 2460 5657 μονογενῆ
2513 5585 2577 5636 ἐκ
2621 5583 2726 5637 τῶν
2769 5583 2983 5638 κόλπων
3029 5587 3358 5656 ἀναστήσας,
3411 5585 3483 5648 ὡς
3530 5586 3726 5649 εἰπεῖν,

2065 5673 2172 5727 τῶν
2200 5671 2498 5742 πατρικῶν,
2523 5670 2707 5724 δούλου
2734 5671 2946 5742 μορφὴν
2967 5673 3300 5726 ἀναλαϐόντα
3321 5671 3729 5740 παρεσκεύασεν

2068 5765 2130 5816 ἐκ
2157 5757 2426 5832 παρθένου
2463 5759 2734 5831 τεχθῆναι,
2771 5761 2857 5819 καὶ
2898 5756 2992 5814 σὺν
3026 5759 3154 5832 ημῖν
3180 5757 3600 5828 ἀναστραφῆναι,
3631 5757 3728 5815 καὶ
