4066 6140
385 294 487 366 tu

386 423 565 481 πάντα
607 422 892 492 ὑπομεῖναι
920 418 990 479 τὰ
1018 419 1280 497 ἡμέτερα,
1314 422 1404 478 ῐνα
1435 423 1536 492 τὴν
1581 423 1857 493 ἡμετέραν
1887 422 2047 492 φύσιν

383 510 539 565 κάτω
570 525 672 564 που
700 506 956 577 κειμένην
982 506 1087 559 ὐπὸ
1113 506 1205 560 τοῦ
1232 507 1339 561 τῶν
1372 500 1784 580 ἁμαρτημάτων
1815 508 2050 579 πλήθους

383 596 678 664 ἀναγαγεῖν
718 593 916 666 δυνηθῇ
966 594 1073 650 ἀπὸ
1105 595 1203 666 τῆς
1251 596 1355 667 γῆς
1401 598 1481 661 είς
1516 596 1605 651 τὸν
1651 597 1898 667 οὐρανόν.
1938 596 2049 651 Καὶ

382 682 542 737 τοῦτο
567 680 996 753 ἐκπληττόμενος
1024 684 1053 736 ὁ
1078 683 1178 752 τῆς
1201 683 1428 755 βροντῆς
1452 685 1588 750 υίὸς,
1609 686 1702 740 καὶ
1729 686 1926 740 ἐννοῶν
1948 686 2049 756 τῆς

382 769 604 838 ἀγάπης
632 766 725 820 τοῦ
750 766 884 821 Θεοῦ
905 769 1004 839 τὴν
1035 770 1358 841 ὑπερϐολὴν,
1380 772 1446 841 ἣν
1474 772 1599 841 περὶ
1617 772 1678 826 τὸ
1706 771 1815 826 τῶν
1837 771 2047 843 ἀνθρώ⁴

381 871 499 909 πων
525 854 683 924 γένος
701 854 1030 919 ἐπεδείξατο,
1054 856 1184 915 ἐϐόα
1213 859 1307 912 καὶ
1328 858 1514 927 ἐλεγεν
1531 875 1545 890 ⁸
1583 859 1744 915 Οὕτω
1772 857 1882 929 γὰρ
1904 858 2050 929 ἠγά-

381 955 581 1008 πησεν
600 943 634 997 ό
662 940 805 1007 Θεὸς
824 941 933 999 τὸν
954 943 1202 1013 κόσμον.
1234 945 1373 1017 Ὅρα
1398 945 1565 1001 πόσου
1592 945 1867 1016 θαύματος
1888 947 2047 1016 γέμει

381 1028 416 1096 ή
443 1026 589 1093 λέξις
609 1043 625 1060 °
659 1029 842 1096 Οὕτω,
875 1031 1026 1100 φησι,
1056 1030 1116 1083 τὸ
1142 1031 1370 1101 μέγεθος
1404 1031 1877 1103 ἀναλογιζόμενος,
1911 1033 2048 1101 ὅπερ

382 1113 619 1183 ήμελλεν
647 1115 790 1186 ἐρεῖν
810 1132 824 1146 °
858 1116 947 1170 διὰ
970 1115 1127 1170 τοῦτο
1150 1116 1321 1182 οὑτως
1348 1118 1570 1191 ἧρξατο.
1611 1121 1745 1174 Είπὲ
1771 1116 1865 1173 οῦν
1892 1120 2043 1191 ήμῖν,

388 1194 427 1253 ἶ»
455 1201 691 1273 μακάριε
732 1202 946 1276 Ἰωάννη
968 1220 981 1234 ·
1017 1205 1201 1267 Οὕτω,
1237 1205 1388 1273 πῶς;
1430 1207 1550 1261 είπέ
1589 1207 1649 1261 τὸ
1677 1208 1893 1279 μέτρον,
1924 1208 2045 1262 είπέ

378 1287 442 1340 τὸ
489 1288 737 1358 μέγεθος,
784 1289 989 1355 δίδαξον
1034 1292 1179 1362 ἡμᾶς
1224 1294 1323 1362 τὴν
1353 1293 1679 1365 ὑπερϐολήν.
1716 1294 1882 1349 Οὕτω
1933 1295 2044 1366 γὰρ

378 1374 698 1444 ἠγάπησεν
721 1379 754 1433 ὸ
784 1376 928 1442 Θεὸς
957 1377 1065 1431 τὸν
1097 1379 1348 1447 κόσμον,
1377 1378 1535 1434 ὥστε
1553 1379 1660 1434 τὸν
1694 1383 1831 1435 Υίὸν
1857 1383 2044 1437 αὐτοῦ

379 1460 490 1513 τὸν
507 1462 808 1532 μονογενῆ
838 1462 1114 1530 δέδωκεν,
1148 1465 1249 1519 ινα
1287 1463 1408 1533 πᾶς
1435 1469 1468 1520 ὁ
1492 1469 1796 1525 ⁴πιστεύων
1821 1471 1908 1536 είς
1934 1472 2043 1524 αὺ-

379 1545 489 1601 τὸν
509 1548 597 1617 μὴ
625 1550 939 1616 ἀπόληται,
970 1551 1110 1606 ἀλλ’
1140 1551 1253 1624 ἔχῃ
1290 1549 1443 1620 ζωὴν
1475 1553 1731 1609 αἰώνιον.

454 1630 608 1698 Εἶδες
624 1635 723 1708 τὴν
748 1637 925 1691 αἰτίαν
955 1640 1055 1709 τῆς
1081 1637 1176 1692 τοῦ
1213 1639 1345 1695 Υίοῦ
1390 1642 1690 1711 παρουσίας
1720 1642 1924 1713 ταύτην
1949 1640 2044 1698 οῦ·

380 1738 501 1786 σαν,
534 1721 673 1775 ὥστε
709 1724 834 1788 τούς
875 1724 1166 1795 μέλλοντας
1215 1726 1544 1782 ἀπόλλυσθαι
1575 1729 1846 1801 σωτηρίας
1875 1731 2046 1801 ἀφορ-

383 1808 489 1879 μὴν
516 1809 693 1891 εὑρεῖν
735 1809 823 1863 διά
845 1811 945 1882 τῆς
973 1814 1052 1876 εἰς
1083 1814 1245 1867 αὐτὸν
1277 1814 1544 1883 πίστεως;
1585 1817 1650 1869 Τί
1679 1817 1744 1871 ἀν
1772 1833 1856 1881 τις
1898 1817 2042 1886 λογί-

381 1911 536 1949 σαιτο
584 1898 664 1961 είς
714 1897 920 1952 ἔννοιαν
968 1898 1136 1953 ἐλθὼν
1188 1901 1288 1971 τῆς
1332 1901 1639 1974 φιλοτιμίας
1681 1904 1895 1976 ἐκείνης
1944 1905 2044 1976 τῆς

381 1981 626 2059 μεγάλης
654 1984 750 2038 καὶ
789 1984 1126 2056 θαυμαστῆς,
1160 1987 1253 2040 καὶ
1283 1987 1461 2041 πάντα
1500 1989 1734 2063 νικώσης
1767 1990 1944 2058 λόγον,
1977 1990 2043 2063 ἢν

378 2072 669 2142 ἐχαρίσατο
702 2076 769 2149 τῇ
797 2073 956 2145 φύσει
987 2076 1055 2148 τᾷ
1091 2077 1333 2149 ἡμετέρᾳ
1360 2077 1447 2131 διά
1478 2078 1574 2149 τῆς
1612 2079 1704 2132 τοῦ
1731 2079 2042 2152 βαπτίσμασ

376 2174 469 2222 τος
509 2159 747 2232 δωρεᾶς,
804 2164 1019 2219 πάντων
1068 2166 1200 2236 ἡμῖν
1245 2164 1355 2218 τῶν
1407 2166 1889 2239 πλημμελημάτων
1944 2170 2043 2240 τὴν

377 2246 699 2318 ἀπαλλαγὴν
718 2248 1098 2322 δωρησάμενος
1117 2269 1133 2318 ;
1169 2251 1329 2306 Ἀλλά
1348 2252 1401 2307 τί
1426 2254 1594 2317 είπω,
1621 2254 1756 2309 Οὔτε
1781 2258 1814 2327 ή
1836 2256 2041 2310 διάνοια

378 2331 618 2405 ἐξαρκεῖ,
644 2335 766 2390 οὐδὲ
786 2337 814 2388 ό
835 2336 991 2405 λόγος
1011 2337 1247 2409 ἐξισχύει
1276 2340 1345 2396 τὰ
1368 2339 1532 2395 λοιπά
1550 2340 2036 2414 ἐξαριθμήσασθαι.

379 2418 520 2472 Ὅσα
550 2420 658 2492 γάρ
685 2421 750 2475 ἂν
775 2422 932 2487 εἴπω,
963 2424 1199 2478 τοσαῦτά
1226 2427 1341 2479 ἐστι
1372 2426 1441 2480 τά
1470 2426 1740 2491 λείποντα,
1775 2429 1851 2493 ὡς
1888 2434 2040 2501 νικᾷν

377 2504 486 2563 Ιτῶν
510 2507 611 2583 ήδη
646 2508 915 2579 ῥηθέντων
944 2511 1042 2585 τὴν
1071 2512 1395 2586 ὑπερϐολήν.
1432 2514 1496 2567 Τί
1523 2512 1616 2570 οὖν
1656 2517 1722 2572 ἄν
1748 2534 1829 2581 τις
1856 2519 2043 2589 ἐννοήο

378 2608 491 2652 σειε
522 2595 620 2665 τῆς
656 2597 943 2665 μετανοίας
971 2597 1069 2669 τὴν
1095 2599 1232 2663 ὁδὸν,
1263 2602 1329 2672 ήν
1358 2601 1648 2673 ἐχαρίσατο
1671 2603 1761 2658 διά
1782 2604 1879 2676 τὴν
1904 2607 2042 2675 ἀφα-

375 2695 469 2733 τον
499 2682 666 2738 αὑτοῦ
717 2684 1123 2756 φιλανθρωπίαν
1162 2687 1241 2758 τῷ
1279 2691 1530 2764 ἡμετέρῳ
1571 2691 1737 2760 γένει,
1769 2696 1862 2747 καὶ¹
1903 2698 2042 2765 μετὰ

373 2765 477 2852 τήν
495 2767 594 2852 τοῦ
615 2768 984 2842 βαπτίσματος
999 2773 1207 2845 δωρεὰν
1226 2776 1323 2842 τὰς
1346 2778 1564 2844 ἐντολὰς
1584 2779 1681 2844 τὰς
1702 2779 2037 2852 θαυμαστάς,

374 2850 444 2907 δι’
485 2847 580 2941 ῶν,
632 2858 682 2911 εἰ
722 2856 1132 2932 βουληθείημεν,
1164 2862 1504 2936 δυνησόμεθα
1550 2866 1650 2938 τὴν
1698 2847 1828 2941 παρ’
1872 2870 2038 2927 αὑτοῦ

378 2939 553 3013 ῥοπὴν
582 2944 991 3001 ἐπισπάσασθαι
1006 2966 1021 3014 ;

447 3028 515 3099 β’.
545 3027 696 3103 [257]
721 3028 893 3098 Εἶδες,
922 3035 1190 3106 άγαπητὲ,
1230 3036 1464 3093 ἄϐυσσον
1504 3040 1868 3113 εὐεργεσιῶν;
1903 3040 2043 3109 εἶδες

374 3112 548 3175 πόσας
574 3118 1109 3194 ἀπαριθμησάμενοι,
1149 3122 1359 3179 οὐδέπω
1395 3125 1515 3179 οὐδέ
1558 3127 1621 3180 τὸ
1650 3127 1939 3186 πολλοστὸν
1965 3135 2043 3185 εἰ·

374 3203 499 3259 πεῖν
520 3202 892 3276 ἡδυνήθημενς
919 3206 1043 3273 Πῶς
1058 3208 1165 3279 γὰρ
1184 3208 1496 3283 ἀνθρωπίνη
1519 3212 1734 3281 γλῶττα
1754 3215 2041 3285 δυνήσεται

472 3289 623 3375 παρά
647 3289 741 3343 τοῦ
771 3290 906 3344 θεοῦ
934 3294 1015 3357 είς
1057 3296 1206 3364 ἡμᾶς
1234 3297 1573 3369 γεγενημένα
1599 3299 1743 3375 λόγῳ
1773 3302 1996 3358 διελθεῖν
2024 3322 2040 3367 ς

377 3373 597 3431 Τούτων
638 3376 819 3430 τοίνυν
848 3379 1115 3434 τοσούτων
1162 3383 1255 3435 καὶ
1287 3383 1618 3454 τηλικούτων
1656 3373 1848 3454 ὄντων,
1881 3392 2041 3446 πάλιν

376 3457 563 3548 πολλῷ
586 3460 807 3532 μείζους
849 3464 941 3517 καὶ
978 3465 1411 3539 ἀπορρητότεραί
1441 3473 1578 3526 εἰσιν
1620 3474 1678 3527 αἱ
1710 3475 2039 3548 εὐεργεσίαι,

376 3546 445 3610 ἃς
469 3549 608 3617 μετά
636 3551 736 3620 τὴν
761 3549 1009 3608 ἐντεῦθεν
1042 3554 1370 3623 μετάστασιν
1404 3558 1462 3610 ἐν
1490 3557 1569 3631 τῷ
1601 3546 1845 3633 μέλλοντι
1885 3567 2039 3620 αἰανι

379 3638 742 3709 ἐπηγγείλατο
781 3641 893 3704 τοῖς
922 3640 1018 3713 τὴν
1054 3642 1171 3696 όδὸν
1207 3645 1307 3715 τῆς
1353 3647 1553 3719 ἀρετῆς
1584 3649 1882 3719 βαδίζουσι.
1933 3656 2042 3711 Καὶ

379 3722 465 3809 ἵνα
482 3808 485 3809 ν
502 3722 567 3776 δι’
595 3722 791 3794 ὀλίγων
833 3727 1091 3800 ῥημάτων
1119 3726 1213 3781 τοῦ
1246 3730 1509 3799 μεγέθους
1535 3734 1713 3787 αὐτῶν
1737 3737 1834 3807 τὴν
1875 3739 2041 3809 ὑπερ-

376 3808 538 3881 ϐολὴν
593 3812 728 3884 ήμῖν
782 3814 1128 3887 παραστήσῃ,
1183 3817 1347 3885 φησιν
1394 3818 1424 3869 ό
1481 3821 1749 3891 μακάριος
1801 3808 2036 3889 Παῦλος·

381 3898 452 3950 ‘A
490 3897 795 3968 ὀφθαλμὸς
814 3900 925 3952 οὐκ
943 3896 1082 3962 εἷδε,
1119 3902 1215 3954 καὶ
1247 3898 1357 3967 οὖς
1387 3905 1498 3957 οὐκ
1526 3904 1774 3974 ἤκουσε,
1809 3912 1906 3965 καὶ
1941 3912 2040 3967 ἐπὶ

375 3982 629 4050 καρδίαν
653 3983 965 4053 ἀνθρώπου
1002 3988 1113 4040 οὐκ
1137 3987 1343 4056 ἀνέϐη,
1384 3987 1423 4044 d
1450 3991 1778 4061 ἡτοίμασεν
1816 4000 1849 4049 ό
1896 3998 2041 4064 Θεὸς

375 4070 503 4137 τοῖς
528 4070 841 4141 ἀγαπῶσιν
866 4073 1070 4128 αὐτόν.
1110 4070 1265 4138 Εἶδες
1289 4074 1504 4147 δωρεῶν
1533 4077 1869 4151 ὑπερϐολήν;
1903 4080 2041 4148 εἶδες

376 4158 557 4211 πᾶσαν
605 4153 813 4215 ἔννοιαν
861 4159 1207 4236 ἀνθρωπίνην
1254 4161 1683 4233 ὑπερϐαινούσας
1732 4169 1897 4221 αὐτοῦ
1942 4171 2040 4235 τὰς

376 4242 726 4311 εὐεργεσίας
771 4243 902 4297 Ἐπί
936 4243 1187 4310 καρδίαν
1214 4247 1538 4317 γάρ,φησὶν,
1584 4251 1898 4318 ἀνθρώπου
1927 4258 2041 4313 οὐκ

374 4325 583 4395 ἀνέϐη.
628 4326 753 4382 Ἐάν
779 4327 956 4385 τοίνυν
1003 4328 1321 4401 βουλώμεθα
1357 4332 1560 4398 ταύτας
1607 4337 2037 4409 ἀναλογίζεσθαι,

376 4417 474 4473 καὶ
499 4414 598 4486 τὴν
626 4415 767 4475 κατά
812 4414 1040 4491 δύναμιν
1070 4417 1168 4489 τὴν
1195 4420 1469 4492 ἡμετέραν
1508 4424 1854 4497 εὐχαριστίαν
1880 4431 2039 4502 ποιῆ-

378 4518 490 4567 σαι,
514 4502 855 4574 δυνησόμεθα
895 4505 992 4577 τὴν
1026 4506 1189 4560 αὐτοῦ
1227 4507 1438 4563 εὔνοιαν
1470 4511 1562 4564 ἐπὶ
1603 4512 1762 4568 πλέον
1799 4518 2038 4573 ἐπισπάο

376 4590 596 4653 σασθαι,
639 4591 897 4661 καὶπρὸς
941 4592 1040 4664 τήν
1086 4594 1285 4667 ἀρετὴν
1324 4596 1525 4667 μᾶλλον
1566 4599 1930 4673 διεγερθῆναι.
1973 4607 2038 4660 Ἦ

373 4678 486 4752 γὰρ
512 4676 621 4734 τῶν
667 4677 994 4751 εὐεργεσιῶν
1034 4683 1221 4754 μνήμη
1258 4684 1415 4757 ίκανη
1456 4689 1864 4759 προτρέψασθαι
1902 4695 2036 4766 πρὸς

372 4768 503 4832 τοὺς
555 4768 654 4839 τῆς
704 4768 902 4840 ἀρετῆς
943 4768 1157 4835 πόνους,
1215 4770 1309 4823 καὶ
1358 4775 1771 4842 παρασκευάσαι
1822 4780 2038 4836 πάντων

376 4855 649 4927 ὑπεριδεῖν
674 4855 781 4915 τῶν
811 4856 1114 4932 παρόντων,
1147 4857 1399 4928 καὶπρὸς
1430 4858 1521 4910 τὸν
1544 4862 1779 4917 τοσαῦτα
1811 4868 2032 4939 εὐεργε-

372 4945 577 5017 τηκότα
605 4947 910 5018 κεχηνέναι,
942 4946 1036 4999 καὶ
1065 4945 1157 4998 τὸν
1183 4944 1310 5015 περὶ
1335 4946 1495 5000 αὐτὸν
1523 4948 1684 5002 πόθον
1721 4954 2035 5025 ἀκμάζοντα

373 5032 496 5087 καθ’
527 5034 763 5103 εκάστην
795 5034 1008 5109 ἡμέραν
1042 5031 1464 5087 ἐπιδείκνυσθαι.
1501 5035 1779 5092 Ἐντεῦθεν
1811 5041 1918 5115 γὰρ
1941 5046 2037 5099 καὶ

372 5122 403 5173 6
432 5120 635 5184 δίκαιος
660 5115 814 5182 οὗτος
843 5118 1113 5189 τοσαύτης
1142 5119 1424 5190 ἁπήλαυσε
1455 5121 1555 5192 τῆς
1588 5123 1793 5181 ἀνωθεν
1823 5129 2037 5196 εὐνοίας

373 5209 470 5263 καὶ
497 5208 595 5279 τῆς
622 5205 810 5283 τιμῆς,
841 5205 1030 5277 ἐπειδὴ
1068 5205 1266 5277 πολλὴν
1294 5207 1434 5278 ὑπὲρ
1459 5208 1567 5263 τῶν
1592 5211 1909 5279 φθασάντων
1940 5220 2034 5290 τὴν

371 5294 793 5363 εὐγνωμοσύνην
817 5290 1144 5367 ἐπεδείξατο.
1190 5292 1327 5346 Ἀλλ’
1359 5294 1445 5349 ῖνα
1475 5297 1810 5372 σαφέστερος
1836 5307 1968 5374 ήμίν
2007 5311 2035 5364 6

370 5382 526 5454 λόγος
542 5380 785 5451 γένηται,
802 5379 969 5451 αὐτὴν
987 5380 1085 5451 τὴν
1112 5382 1284 5453 ἀρχὴν
1310 5382 1417 5436 τῶν
1434 5385 1499 5454 σή
1507 5401 1570 5453 με
1577 5402 1670 5456 ρον
1691 5388 2035 5464 ἀνεγνωσμέ-

371 5487 479 5522 νων
517 5469 811 5538 ἀναγκαῖον
865 5466 1144 5539 προθεῖναι
1189 5467 1283 5520 ἐπὶ
1321 5469 1419 5539 τῆς
1474 5470 1746 5544 ὑμετέρας
1788 5476 2027 5550 ἀγάπης,

384 5555 600 5627 Ἐπειδὴ
632 5556 743 5627 γὰρ
763 5553 982 5626 ἐξῆλθεν
1005 5556 1068 5609 ἐκ
1087 5555 1185 5626 τῆς
1210 5554 1442 5607 κιϐωτοῦ
1464 5563 1604 5611 κατὰ
1624 5559 1682 5611 τὸ
1710 5562 2032 5636 πρόσταγμα

371 5644 466 5699 τοῦ
499 5644 791 5706 Δεσπότου,
817 5641 956 5714 μετά
979 5642 1086 5693 τῶν
1118 5640 1269 5706 υἱῶν,
1293 5640 1387 5693 καὶ⁸
1410 5642 1508 5713 τῆς
1534 5644 1725 5699 ἐαυτοῦ
1754 5651 2029 5719 γυναικὸς,

375 5734 469 5788 καὶ
495 5732 767 5800 γυναικῶν
793 5730 901 5785 τῶν
926 5728 1152 5793 παίδων,
1190 5728 1285 5780 καὶ
1321 5727 1538 5783 πάντων
1566 5730 1672 5785 τῶν
1701 5732 1904 5803 θηρίων
1936 5742 2029 5794 καὶ

376 5817 485 5880 τῶν
530 5818 809 5889 πετεινῶν,
847 5820 937 5872 καί
982 5815 1197 5881 ἐδέξατο
1238 5813 1386 5882 παρά
1435 5815 1528 5867 τοῦ
1572 5815 1707 5870 Θεοῦ
1745 5823 1879 5889 μετὰ
1932 5824 2030 5895 τῆς

1171 307 1230 363 S.
1263 306 1545 365 JOANNIS
1582 304 2064 365 CIIRYSOSTOMI
2109 306 2428 362 ARCHIEP.
2473 303 3007 362 CONSTANTINOP.

3709 307 3830 362 εια

2154 421 2334 489 ἐξόδου
2362 422 2456 477 καλ⁵
2491 421 2588 492 τὴν
2607 420 2851 488 εὐλογίαν
2878 418 3094 490 ἐκείνην
3118 417 3217 490 τὴν
3251 416 3449 490 πολλὴν
3477 419 3623 496 αὐτῷ
3643 440 3831 495 παρα-

2155 507 2352 577 μυθίαν
2409 507 2758 577 κομίζουσαν,
2810 506 2909 577 τὴν
2968 504 3252 573 λέγουσαν,
3317 505 3666 571 Αὑξὰνεσθε
3718 508 3829 562 καὶ

2150 594 2555 661 πληθύνεσθε,
2616 591 2943 647 διδάσκουσα
2997 591 3148 661 ἡμᾶς
3204 593 3239 661 ἡ
3298 591 3419 646 θεία
3471 593 3664 664 Γραφὴ
3724 595 3829 648 τοῦ

2148 678 2357 737 δικαίου
2415 678 2515 750 τὴν
2573 676 3039 747 εὐγνωμοσύνην,
3080 675 3246 747 φησί·
3321 678 3429 733 Καὶ
3472 678 3831 749 ᾠκοδόμησε

2146 767 2274 823 Νῶε
2311 767 2744 836 θυσιαστήριον
2764 763 2844 831 τῷ
2871 765 3085 833 Κυρίῳ.
3120 764 3219 821 καί
3251 764 3471 821 ἐλαϐεν
3513 767 3630 822 ἀπὸ
3664 767 3820 821 πάν-

2146 871 2264 908 των
2292 852 2412 907 τῶν
2442 851 2678 922 κτηνῶν
2703 850 2824 906 τῶν
2847 849 3140 921 καθαρῶν,
3173 851 3267 905 καὶ
3296 851 3415 906 ἀπὸ
3435 851 3674 907 πάντων
3702 853 3831 907 τῶν

2146 942 2432 998 πετεινῶν
2476 942 2595 997 τῶν
2628 938 2923 1011 καθαρῶν,
2966 942 3065 996 καί
3102 940 3440 1010 ἀνήνεγκεν
3469 940 3826 1010 ὀλοκνζοπω-

2144 1045 2250 1082 σιν
2287 1028 2385 1083 ἐπὶ
2438 1027 2506 1082 τὸ
2561 1027 3013 1097 θυσιαστήριον.
3068 1026 3267 1081 Σκόπει
3323 1025 3463 1098 μετά
3511 1028 3825 1100 ἀκριϐείας,

2144 1116 2414 1186 ἀγαπητὴ
2447 1117 2511 1169 ἐκ
2551 1114 2661 1168 τῶν
2694 1115 2790 1170 νῦν
2829 1114 3089 1187 ῥημάτων
3117 1113 3304 1174 πάλιν,
3335 1114 3454 1178 πῶς
3486 1116 3542 1168 ἐν
3583 1115 3723 1186 αὐτῇ
3755 1117 3824 1187 cf,

2148 1203 2307 1271 φύσει
2336 1205 2365 1261 ό
2395 1203 2503 1258 τῶν
2528 1204 2785 1262 ἀπάντων
2815 1202 3146 1274 δημιουργὸς
3176 1201 3472 1258 ἐναπέθετο
3501 1203 3599 1274 τὴν
3618 1202 3829 1272 γνῶσιν

2144 1293 2275 1361 ἡμῖν
2305 1291 2506 1362 ἀκριϐῆ
2530 1292 2629 1361 τῆς
2663 1290 2885 1361 ἀρετῆς.
2918 1288 3090 1346 Πόθεν
3114 1288 3244 1357 γάρ,
3271 1287 3394 1343 εἰπέ
3417 1304 3530 1359 μοι,
3560 1288 3722 1343 τοῦτο
3745 1288 3831 1360 τῷ

2143 1377 2336 1447 δικαίῳ
2372 1376 2643 1447 ἐπῆλθεν;
2676 1376 2864 1440 Οὐδεὶς
2900 1371 2969 1447 ἦν
2992 1376 3199 1447 ἔτερος,
3235 1375 3373 1446 πρὸς
3407 1374 3466 1429 δν
3495 1374 3620 1429 ίδεῖν
3648 1371 3824 1446 εἶχεν.

2156 1466 2317 1521 Ἀλλὰ
2337 1464 2590 1534 καθάπερ
2606 1467 2664 1518 ἐν
2689 1468 2830 1537 ἀρχῇ
2849 1466 2877 1516 ό
2903 1465 3008 1521 ὑπὸ
3022 1464 3115 1518 τοῦ
3134 1463 3560 1534 πρωτοπλάστου
3585 1464 3826 1533 τεχθεὶς,

2145 1551 2311 1605 Ἅϐελ
2333 1551 2496 1620 λέγω,
2529 1552 2740 1605 οἴκοθεν
2771 1552 3088 1622 κινούμενος
3112 1550 3211 1622 τὴν
3240 1551 3606 1621 προσαγωγὴν
3631 1552 3831 1621 ἐποιή-

2143 1654 2275 1691 σατο
2328 1638 2462 1709 μετὰ
2518 1637 2718 1709 πολλῆς
2761 1638 2861 1708 τῆς
2905 1638 3222 1711 ἀκριϐείας·
3265 1637 3409 1691 οὑτω
3435 1636 3500 1709 δὴ
3530 1639 3625 1692 καὶ
3666 1636 3768 1690 νῦν
3795 1642 3824 1691 ὁ

2141 1724 2348 1789 δίκαιος
2376 1717 2531 1789 οὗτος
2560 1725 2618 1792 ἐξ
2639 1723 2845 1788 οἰκείας
2866 1724 3094 1795 γνώμης
3121 1725 3215 1778 καὶ
3239 1724 3613 1797 προαιρέσεως
3633 1724 3828 1794 ὑγιοῦς

2143 1813 2286 1867 κατά
2315 1814 2413 1883 τὴν
2447 1813 2797 1885 ἀνθρωπίνην
2828 1812 3079 1884 δύναμιν,
3105 1813 3181 1877 ὡς
3207 1814 3446 1886 ἐνόμισε,
3469 1812 3559 1865 διὰ
3585 1813 3697 1866 τῶν
3732 1812 3827 1866 Ou-

2145 1900 2276 1956 σιῶν
2322 1901 2420 1965 τὰς
2466 1901 2814 1973 εὐχαριστίας
2857 1900 3221 1972 ἀναφέρειτῷ
3267 1902 3534 1973 Δεσπότῃ.
3572 1902 3683 1954 Καὶ
3722 1902 3825 1970 δρα

2143 1989 2302 2043 αὐτὸν
2335 1989 2473 2060 μετὰ
2498 1989 2697 2060 πολλῆς
2727 1988 3046 2059 φιλοσοφίας
3087 1988 3302 2042 ἅπαντα
3331 1987 3822 2058 διαπραττόμενον.

2143 2076 2279 2130 Οὐτε
2307 2077 2418 2149 γάρ
2440 2077 2730 2147 οἰκοδομῆς
2754 2076 2901 2147 αὐτῷ
2936 2075 3122 2145 ἐδέησε
3148 2075 3431 2147 λαμπρᾶς,
3458 2076 3518 2127 οὐ
3542 2074 3697 2139 ναοῦ,
3722 2075 3825 2127 οὐκ

2140 2166 2289 2219 οῖκου
2332 2164 2479 2228 τινὸς
2520 2163 2855 2235 θαυμαστοῦ,
2887 2164 2990 2216 οὐκ
3035 2161 3194 2217 ἄλλου
3245 2160 3490 2224 οὐδενόςθ
3529 2159 3643 2232 ᾔδει
3690 2160 3822 2229 γάρ,

2141 2252 2256 2322 ᾔδει
2294 2252 2498 2321 σαφῶς,
2540 2253 2622 2305 δτι
2672 2251 2894 2323 γνώμην
2940 2251 3189 2321 ἐπιζητεῖ
3222 2251 3381 2321 μόνον
3421 2250 3451 2303 ὸ
3497 2247 3784 2316 Δεσπότης
3807 2264 3820 2276 ·

2142 2338 2289 2413 [258]
2329 2339 2423 2392 καὶ
2457 2338 2873 2411 ἐσχεδιασμένον
2912 2338 3273 2408 οἰκοδομήσας
3304 2337 3365 2389 τδ
3415 2335 3823 2404 θυσιαστήριον,

2142 2428 2235 2478 καὶ
2262 2425 2440 2477 λαϐὼν
2467 2425 2575 2478 ἀπὸ
2606 2424 2715 2478 τῶν
2749 2423 2962 2495 κτηνῶν
2992 2423 3102 2477 τῶν
3130 2421 3413 2494 καθαρῶν,
3446 2422 3539 2475 καὶ
3569 2420 3680 2475 ἀπὸ
3713 2419 3823 2473 τῶν

2142 2512 2400 2565 πετεινῶν
2441 2511 2549 2564 τῶν
2599 2510 2877 2583 καθαρῶν,
2928 2510 3027 2573 τὰς
3072 2508 3478 2580 ὁλοκαρπώσεις
3526 2508 3823 2577 ἀνήνεγκεν

2140 2600 2253 2665 καὶ,
2282 2600 2405 2656 ὅσον
2441 2595 2555 2669 εἶχε
2586 2597 2891 2669 δυνάμεως,
2922 2597 3020 2668 τῆς
3068 2596 3276 2659 οἰκείας
3308 2595 3687 2667 προαιρέσεως
3723 2593 3824 2663 τὴν

2140 2686 2561 2758 εὐγνωμοσύνην
2586 2686 2897 2752 ἐπεδείξατο
2911 2702 2926 2715 ·
2955 2686 3022 2757 ην
3044 2683 3445 2755 ἀποδεξάμενος
3466 2684 3495 2736 ὁ
3516 2680 3825 2752 φιλάνθρω-

2141 2788 2241 2835 πος
2282 2771 2414 2835 Θεὸς
2442 2773 2536 2826 καὶ
2581 2773 2677 2842 τὴν
2723 2770 2949 2841 γνώμην
2993 2771 3362 2838 ἐστεφάνωσε,
3411 2768 3511 2822 καὶ
3553 2769 3652 2841 τὴν
3688 2766 3823 2837 παρ’

2141 2858 2334 2916 ἐαυτοῦ
2359 2859 2521 2914 πάλιν
2538 2859 2845 2929 φιλοτιμίαν
2862 2858 3252 2913 ἐπιδείκνυται.
3271 2857 3409 2927 Φησὶ
3425 2859 3532 2926 γὰρ
3553 2858 3587 2926 ἡ
3602 2856 3818 2925 Γραφή*

2142 2949 2251 3003 Καὶ
2281 2947 2609 3017 ὠσφρὰνθη
2658 2946 2875 3013 Κύριος
2904 2944 3107 3014 ὀσμὴν
3146 2943 3419 3011 εὐωδίας.
3456 2944 3598 3016 Ὀρα
3628 2942 3751 3005 πιῖις
3782 2942 3817 3010 ἡ

2141 3034 2331 3106 γνώμη
2365 3034 2460 3088 τοῦ
2508 3033 2875 3104 προσάγοντος
2903 3031 2997 3087 τὸν
3038 3032 3265 3095 καπνὸν,
3310 3032 3404 3085 καὶ
3429 3032 3528 3101 τὴν
3566 3028 3814 3088 κνίσσαν.

2141 3120 2236 3179 καὶ
2266 3122 2447 3177 πᾶσαν
2484 3120 2583 3190 τὴν
2604 3118 2854 3175 ἐντεῦθεν
2900 3119 3226 3188 τικτομένην
3261 3118 3453 3188 ἀηδίαν
3482 3116 3682 3186 πολλῆς
3715 3115 3819 3184 τῆς

2140 3206 2362 3270 εὐωδίας
2388 3206 2668 3278 ἐνέπλησε.
2701 3205 2802 3260 Διά
2825 3204 2983 3259 τοῦτο
3015 3205 3109 3258 καὶ
3127 3204 3339 3269 Παῦλος
3363 3204 3516 3273 ἔλεγε
3545 3204 3775 3274 γράφων
3797 3216 3812 3232 ·

2144 3295 2263 3347 ’Ότι
2292 3291 2551 3361 Χριστοῦ
2577 3290 2794 3346 εὐωδία
2831 3290 3021 3361 ἐσμὲν
3057 3291 3125 3345 ἐν
3163 3291 3288 3357 τοῖς
3319 3290 3670 3360 σωζομένοις
3711 3288 3813 3344 και

2139 3382 2211 3435 ἐν
2241 3380 2364 3446 τοῖς
2418 3377 2883 3448 ἀπολλυμένοις,
2921 3374 3009 3445 οἷς
3058 3378 3177 3448 μὲν
3222 3378 3384 3446 ὀσμὴ
3420 3377 3681 3433 θανάτου
3724 3379 3813 3441 είς

2141 3466 2419 3529 θάνατον,
2472 3461 2563 3532 οἷς
2621 3465 2691 3522 δὲ
2728 3465 2889 3535 ὀσμὴ
2942 3463 3087 3532 ζωῆς
3138 3467 3221 3531 εις
3293 3463 3466 3533 ζωήν.
3501 3475 3528 3506 ⁸
3579 3464 3812 3532 ὀσμῖιν

2141 3553 2412 3619 εὐωδίας.

2211 3640 2302 3712 Μὴ
2333 3642 2399 3711 τῇ
2435 3638 2708 3712 παχύτητι
2745 3640 2841 3712 τῆς
2899 3638 3109 3702 λέξεως
3150 3635 3512 3707 προσπταίης,
3561 3633 3699 3687 ἀλλά
3741 3636 3807 3704 τῇ

2144 3727 2341 3781 σαυτοῦ
2374 3727 2629 3799 ἀσθενείᾳ
2652 3726 2762 3780 τῶν
2795 3726 3057 3798 ῥημάτιον
3086 3723 3185 3795 τὴν
3217 3722 3624 3791 συγκατάϐασιν
3659 3720 3806 3789 λογι-

2141 3816 2394 3885 σάμενος,
2426 3815 2536 3868 νόει
2559 3813 2826 3878 ἐντεῦθεν,
2852 3814 2933 3866 δτι
2966 3811 3129 3883 δεκτὴ
3156 3812 3379 3880 γέγονεν
3410 3812 3444 3881 ή
3472 3808 3804 3880 προσαγωγὴ

2138 3906 2233 3961 τοῦ
2275 3905 2506 3960 δικαίου.
2541 3904 2655 3957 Ἵνα
2695 3903 2799 3976 γάρ
2839 3904 2933 3957 καὶ
2978 3902 3045 3956 δι’
3093 3902 3273 3955 αὐτῶν
3309 3900 3419 3953 τῶν
3468 3898 3806 3969 πραγμάτων

2139 3994 2337 4048 είδέναι
2380 3992 2591 4063 ἔχωμεν
2636 3990 2696 4043 τὸ
2732 3990 2975 4052 άνενδεές
3021 3988 3116 4043 τοῦ
3146 3986 3436 4050 Δεσπότου,
3483 3985 3575 4037 καὶ
3607 3985 3687 4036 ὅτι
3738 3983 3805 4036 δι’

2139 4081 2291 4136 οὐδὲν
2320 4081 2503 4150 ἕτερον
2530 4076 2701 4131 ταῦτα
2732 4077 2979 4145 γίνεσθαι
3026 4073 3423 4147 συνεχώρησεν,
3460 4072 3573 4125 ἀλλ’
3609 4070 3697 4123 ἴνα
3727 4071 3805 4133 είς

2140 4162 2554 4233 εὐγνωμοσύνην
2633 4161 2812 4230 ἀγάγῃ
2867 4161 2993 4222 τοὺς
3072 4156 3424 4230 ἀνθρώπους·
3483 4153 3572 4207 διὰ
3644 4151 3806 4204 τοῦτο

2140 4249 2364 4320 ἀφίησιν
2395 4248 2562 4310 αὐτὰς
2589 4245 2669 4313 τῷ
2693 4248 2826 4315 πυρὶ
2860 4243 3378 4308 καταναλίσκεσθαι,
3402 4241 3493 4295 ἵνα
3528 4240 3622 4296 καὶ
3649 4239 3805 4293 αὐτοὶ

2139 4337 2189 4389 οἱ
2224 4335 2591 4406 προσάγοντες
2625 4331 2868 4403 μάθωσιν
2902 4332 2968 4384 ἐκ
2993 4331 3100 4384 τῶν
3125 4330 3446 4401 γινομένων,
3474 4326 3551 4388 ὡς
3576 4325 3664 4377 διά
3706 4324 3804 4390 τὴν

2138 4422 2318 4475 αὐτῶν
2354 4420 2620 4490 ὠφέλειαν
2648 4419 2865 4473 ἅπαντα
2892 4418 3120 4486 γίνεται.
3150 4411 3306 4480 Τίνδς
3350 4415 3405 4468 δὲ
3445 4414 3653 4475 ἕνεκεν,
3675 4408 3802 4464 είπέ

2142 4526 2253 4580 μοι,
2286 4509 2380 4562 καὶ
2400 4508 2535 4570 ὅλως
2577 4508 2849 4576 συγχωρεῖ
2880 4505 3055 4560 ταῦτα
3079 4503 3355 4573 γίνεσθαι;
3380 4500 3488 4553 Καὶ
3508 4496 3664 4550 τοῦτο
3698 4498 3802 4548 πά-

2140 4597 2223 4650 λιν
2248 4593 2694 4664 σνγκαταϐαίνων
2722 4596 2789 4663 τῇ
2832 4591 3087 4663 ἀσθενείᾳ
3118 4593 3185 4662 τῇ
3220 4587 3567 4659 ἀνθρωπίνη*
3614 4582 3800 4649 ἐπειδή

2138 4684 2248 4755 γάρ
2288 4681 2511 4753 ἔμελλον
2563 4680 2706 4734 κατὰ
2753 4680 2945 4750 μικρὸν
2990 4680 3040 4734 οί
3085 4677 3360 4747 ἄνθρωποι
3403 4676 3482 4736 εἰς
3530 4670 3801 4742 ῥαθυμίαν

2139 4768 2518 4831 ἀποκλίνοντες
2541 4766 2634 4820 καὶ
2655 4765 2811 4829 θεοὺς
2838 4767 3051 4827 ἑαυτοῖς
3078 4762 3452 4833 ἐπιφημίζειν,
3480 4760 3575 4813 καὶ
3594 4758 3799 4817 τούτοις

2139 4856 2238 4919 τὰς
2292 4854 2482 4917 θυσίας
2526 4852 2827 4915 ἐπιτελεῖν,
2882 4850 3169 4921 προλαϐὼν
3222 4848 3577 4918 καταδέχεται
3624 4842 3799 4913 ἐαυτῷ

2136 4943 2307 4997 ταῦτα
2346 4938 2739 5011 προσάγεσθαι,
2774 4939 2859 4992 ἵνα
2897 4938 3039 4991 οῦτω
3076 4936 3206 5011 γοῦν
3236 4936 3521 5005 ἀποστήσῃ
3563 4933 3660 5003 τῆς
3686 4930 3797 4983 ὀλε-

2141 5027 2293 5098 θρίας
2347 5026 2553 5097 πλάνης
2600 5027 2724 5088 τοὺς
2777 5024 3068 5095 μέλλοντας
3118 5020 3507 5090 ὑποσύρεσθαι.
3553 5019 3666 5072 Καὶ
3717 5017 3798 5069 ὃτι

2136 5115 2225 5168 διὰ
2255 5111 2659 5181 συγκατάϐασιν
2683 5112 2861 5165 πάντα
2888 5109 3062 5164 ταῦτα
3082 5109 3213 5179 παρ’
3239 5106 3402 5162 αὑτοῦ
3426 5102 3795 5176 συνεχωρήθη,

2140 5202 2331 5256 σκόπει
2357 5199 2452 5253 τοῦ
2480 5200 2670 5271 χρόνου
2698 5197 2991 5270 προϊόντος
3014 5199 3096 5251 ὅτι
3125 5198 3221 5250 καὶ
3250 5193 3550 5268 περιτομὴν
3573 5190 3796 5261 νομοθεσ

2137 5288 2345 5345 τεῖσθαι
2398 5285 2740 5350 κατεδέξατο,
2794 5286 2894 5358 οὐχ
2929 5285 3004 5348 ὡς
3041 5285 3176 5359 πρὸς
3223 5283 3322 5356 τὴν
3345 5282 3445 5355 τῆς
3475 5280 3654 5349 ψυχῆς
3693 5295 3795 5333 σωο

2135 5377 2330 5448 τηρίαν
2369 5373 2681 5427 συντελέσαι
2710 5390 2761 5424 τι
2793 5373 2995 5443 ταύτης
3013 5373 3337 5442 δυναμένης,
3359 5370 3473 5424 ἀλλ’
3497 5369 3586 5421 ἵνα
3610 5368 3794 5436 ῶσπερ

2138 5461 2357 5534 σημεῖόν
2376 5476 2427 5512 τι
2458 5459 2551 5513 καὶ
2574 5459 2843 5529 σφραγῖδα
2874 5460 3233 5529 περιφέρωσι,
3258 5458 3456 5527 δεῖγμα
3476 5456 3574 5526 τῆς
3593 5453 3793 5514 οἰκείας

2134 5546 2568 5617 εὐγνωμοσύνης,
2598 5547 2648 5599 οί
2666 5546 2776 5599 τῶν
2814 5546 3083 5600 Ἰουδαίων
3111 5546 3316 5609 παῖδες,
3338 5545 3430 5597 καὶ
3466 5544 3541 5614 μὴ
3577 5542 3675 5613 ἐξῇ
3698 5539 3792 5594 αὑο

2135 5638 2244 5697 τοῖς
2281 5633 2749 5704 συναναφύρεσθαι
2775 5635 2895 5698 ταῖς
2926 5633 3034 5685 τῶν
3065 5633 3233 5687 ἐθνῶν
3265 5632 3589 5707 ἐπιμιξίαις.

2199 5778 2227 5806 ³
2245 5774 2495 5840 MOI-91.}!
2519 5774 2670 5826 Savil.
2696 5775 2776 5825 hic
2794 5782 3026 5838 repetunt
3057 5777 3136 5824 καὶ
3163 5778 3411 5839 ὡσφράνθη
3434 5777 3603 5840 Κύριος
3628 5780 3655 5826 ὑ
3675 5774 3793 5832 Θεὸς

2140 5838 2292 5897 ὀσμήν
2316 5835 2529 5891 εὐωδίας.
