4066 6140
477 333 575 389 ιω

471 461 594 502 cum
645 443 989 508 conversari,
1034 450 1087 498 et
1114 440 1292 499 omnia
1341 452 1519 496 nostra
1564 441 1738 505 ferre,
1792 448 1849 494 ut
1882 455 2050 509 genus

471 546 710 592 nostrum
740 536 969 604 peccatis
998 548 1311 603 oppressum
1336 532 1521 601 jacens
1540 547 1570 585 a
1602 531 1756 585 terris
1783 531 1833 585 in
1864 530 2049 585 caelum

472 626 768 681 subvehere
797 626 979 694 possit.
1008 625 1077 678 Et
1104 624 1206 679 hoc
1233 623 1616 691 obstupescens
1645 620 1861 675 tonitrui
1889 621 2044 685 ﬁlius,

469 716 922 784 emisidernnsque
950 712 1248 768 dilectionis
1267 712 1459 766 divinae
1479 711 1867 775 excellentiam,
1890 725 2048 779 quam

469 819 593 873 erga
621 819 789 873 genus
819 812 1056 857 nostrum
1086 801 1406 865 declaravit,
1433 800 1694 854 clamabat
1721 808 1776 855 et
1800 798 2048 855 dicebat:

472 897 562 949 Sic
585 896 719 948 enim
759 894 902 949 Deus
947 894 1123 948 dilexit
1170 894 1415 946 mundum
1459 892 1638 963 (Joan.
1670 894 1725 946 5.
1756 893 1868 963 16).
1917 892 2050 947 Vide

469 996 668 1053 quanto
694 984 952 1038 miraculo
983 984 1136 1053 plena
1166 984 1281 1038 haec
1304 983 1468 1038 dictio
1496 1002 1509 1037 :
1540 984 1629 1038 Sic
1648 1024 1664 1047 ,
1693 984 1761 1038 ait
1786 1025 1800 1048 ,
1830 985 1905 1039 rei
1936 1000 2051 1038 ma-

466 1076 799 1146 gnitudinem
827 1075 1154 1145 expendens,
1184 1090 1339 1144 quam
1363 1074 1599 1129 dicturus
1618 1084 1733 1129 erat
1765 1092 1778 1128 :
1808 1083 2047 1143 propter--

469 1182 529 1218 ea
569 1165 635 1219 ad
681 1165 820 1219 hunc
859 1164 1073 1219 modum
1135 1179 1362 1219 exorsus
1398 1172 1527 1219 est:
1569 1163 1659 1219 Sic
1706 1165 1901 1219 dilexit.
1954 1165 2050 1220 Dic

470 1254 629 1325 igitur
650 1255 830 1319 nobis,
861 1255 1016 1309 beate
1040 1254 1274 1309 Joannes
1293 1294 1309 1320 ,
1334 1253 1599 1324 quomodo
1626 1253 1760 1308 Sic?
1784 1252 1871 1308 dic
1896 1269 2049 1309 meu-

469 1360 688 1413 suram,
731 1346 817 1400 die
855 1344 1272 1415 magnitudinem
1296 1388 1311 1409 ,
1359 1344 1493 1399 doce
1524 1357 1622 1399 nos
1648 1343 2043 1397 excellentiam.

469 1437 561 1491 Sic
586 1437 717 1490 enim
742 1437 916 1490 dilexit
948 1435 1082 1490 Deus
1117 1435 1362 1489 mundum
1383 1474 1402 1499 ,
1443 1443 1497 1487 ut
1534 1432 1725 1487 Filium
1753 1449 1900 1487 suum
1928 1436 2046 1486 uni-

466 1529 688 1598 genitum
717 1528 879 1594 daret,
909 1536 963 1580 ut
989 1528 1149 1580 omnis
1169 1527 1254 1596 qui
1273 1525 1429 1579 credit
1453 1525 1507 1579 in
1534 1525 1702 1589 illum,
1734 1541 1835 1577 non
1854 1534 2042 1594 pereat,

467 1618 555 1669 sed
580 1616 756 1669 habeat
784 1617 937 1669 vitam
962 1627 1223 1670 cateruam.

539 1707 705 1761 Causa
729 1709 967 1761 aduentus
994 1705 1198 1761 Christi.
1223 1737 1296 1747 —
1321 1705 1504 1760 Vidisti
1532 1720 1744 1760 causam
1786 1707 2045 1761 adventus

466 1798 586 1853 Filii
630 1801 765 1852 hanc
791 1814 932 1864 esse,
964 1806 1023 1852 ut
1064 1814 1161 1867 per
1188 1796 1345 1853 ﬁdem
1373 1798 1425 1851 iu
1450 1798 1598 1851 illum
1630 1798 1664 1851 ii
1701 1798 1789 1867 qui
1821 1799 2042 1867 perituri

465 1902 638 1956 erant,
670 1890 857 1945 salutis
878 1891 1211 1945 occasionem
1243 1890 1585 1944 invenirent?
1613 1889 1892 1956 Quomodo
1917 1890 2036 1958 quis

464 1991 642 2037 mente
680 1982 984 2052 conceperit
1023 1996 1271 2051 magnam
1306 1990 1361 2035 et
1386 1980 1752 2035 admirabilem
1781 1981 1963 2045 illam,
1990 1990 2042 2035 et

466 2087 586 2141 qum
631 2087 843 2127 omnem
885 2072 1145 2127 rationem
1182 2072 1380 2137 vincit,
1435 2071 1841 2138 liberalitatem,
1886 2086 2044 2141 quam

463 2172 670 2218 naturae
696 2171 890 2218 nostra:
912 2178 1005 2232 per
1020 2162 1215 2217 donum
1240 2163 1484 2232 baptismi
1500 2163 1784 2225 concessit,
1803 2164 2038 2216 omnium

467 2267 805 2324 peccatorum
852 2264 1156 2309 nostrorum
1199 2255 1320 2309 data
1362 2254 1718 2309 remissione?
1771 2254 1873 2309 Sed
1919 2254 2044 2324 quid

461 2344 680 2398 dicam?
706 2360 875 2415 neque
906 2361 1055 2399 mens
1083 2344 1278 2399 sufﬁcit
1299 2386 1315 2411 ,
1362 2360 1533 2414 neque
1559 2359 1737 2399 sermo
1761 2345 1898 2399 valet
1936 2360 2045 2398 ca:-

463 2445 576 2489 tera
603 2449 937 2490 enumerare.
966 2435 1098 2490 Nam
1117 2435 1453 2505 quantumvis
1477 2434 1683 2501 dixero,
1706 2436 1874 2489 multo
1896 2436 2043 2505 plura

461 2528 621 2583 dictis
666 2536 942 2597 przetereo.
993 2528 1108 2584 Jam
1149 2528 1270 2597 quis
1312 2528 1639 2598 paenitentia;
1680 2527 1817 2581 viam
1846 2528 2046 2596 cogita-

465 2620 620 2682 verit,
673 2633 831 2687 quam
879 2618 1111 2672 humano
1155 2619 1335 2687 generi
1387 2626 1567 2671 nostro
1609 2615 1679 2671 ob
1724 2615 2042 2671 ineffabilem

466 2708 885 2763 misericordiam
917 2724 1067 2762 suam
1097 2708 1387 2773 concessit,
1417 2715 1471 2759 et
1502 2716 1621 2775 post
1651 2705 1895 2774 baptismi
1925 2720 2045 2775 gra-

465 2801 591 2853 tiam
611 2840 626 2863 .
667 2800 928 2853 mirabilia
973 2799 1060 2853 illa
1103 2799 1347 2853 mandata
1378 2839 1393 2863 ,
1422 2811 1517 2865 per
1542 2811 1695 2865 quai,
1726 2796 1769 2849 si
1795 2796 2042 2863 velimus,

469 2891 760 2960 poterimus
786 2890 902 2959 ejus
927 2889 1081 2943 nobis
1096 2889 1316 2959 gratiam
1340 2887 1624 2942 conciliare
1640 2886 1665 2937 i

534 2981 591 3036 2.
620 2981 809 3036 Vidisti
835 3023 851 3049 ,
901 2981 1093 3036 dilecte
1112 3020 1126 3044 ,
1173 2981 1422 3050 abyssum
1453 2980 1593 3033 illius
1617 2977 1995 3034 beneﬁciorum
2021 2978 2045 3031 ‘t

466 3072 642 3125 vidisti
670 3082 866 3141 quanta
892 3071 1381 3127 enumeraverimus
1406 3111 1419 3133 ,
1449 3069 1543 3125 sed
1572 3069 1805 3123 nondum
1827 3084 2043 3137 parvam

467 3177 653 3217 eorum
679 3171 879 3232 partem
903 3163 1085 3217 dicere
1114 3160 1428 3231 potuimus?
1471 3159 1746 3225 Quomodo
1773 3160 1915 3214 enim
1944 3159 2041 3212 hu-

469 3269 623 3308 mana
654 3255 827 3324 lingua
854 3269 972 3324 qua:
991 3268 1019 3306 a
1045 3254 1153 3308 Deo
1183 3253 1335 3307 nobis
1362 3252 1552 3307 collata
1577 3259 1701 3305 sunt
1727 3260 2047 3320 pertractare

469 3346 686 3414 posset?
730 3348 800 3400 At
823 3345 945 3400 licet
975 3346 1058 3399 illa
1088 3353 1230 3399 tanta
1252 3359 1318 3399 ac
1341 3345 1465 3398 talia
1496 3343 1621 3408 siut,
1651 3343 1818 3397 multo
1846 3344 2043 3411 majora

469 3448 523 3492 et
561 3437 906 3492 inell‘abiliora
936 3446 1060 3491 sunt
1090 3437 1342 3493 beneficia
1369 3477 1385 3502 ,
1417 3450 1535 3505 quae
1562 3436 1613 3489 in
1642 3434 1822 3488 futuro
1850 3434 2046 3488 sarculo

470 3543 566 3598 per
590 3529 838 3583 virtutum
867 3530 1005 3583 viam
1031 3528 1395 3584 incedentibus
1416 3569 1430 3593 ,
1462 3536 1517 3582 et
1547 3526 1668 3580 hinc
1695 3526 2045 3594 migrantibus

466 3620 711 3674 daturum
738 3634 795 3674 se
819 3622 1084 3690 promisit.
1124 3619 1358 3688 Quorum
1388 3617 1801 3688 magnitudinem
1833 3624 1891 3669 ut
1917 3630 2050 3684 pau-

468 3713 547 3765 cis
568 3712 744 3766 verbis
769 3713 922 3766 nobis
950 3711 1348 3766 commendaret
1373 3710 1561 3765 beatus
1590 3708 1781 3762 Paulus
1803 3748 1819 3775 ,
1848 3707 2043 3777 inquit:

473 3802 599 3866 Qui:
623 3803 798 3855 oculus
826 3818 925 3855 non
960 3803 1078 3855 vidit
1099 3842 1117 3868 ,
1162 3811 1209 3855 et
1234 3802 1375 3854 auris
1395 3817 1496 3853 non
1521 3799 1711 3852 audivit
1734 3838 1751 3864 ,
1797 3807 1844 3851 et
1882 3801 1935 3851 in
1963 3814 2049 3851 cor

470 3893 687 3946 hominis
712 3909 812 3946 non
838 3894 1200 3954 ascenderunt,
1240 3906 1352 3960 qua:
1382 3890 1683 3959 prwparavit
1710 3887 1846 3941 Deus
1875 3889 1937 3940 iis
1960 3890 2048 3957 qui

470 3986 687 4055 diligunt
722 4001 776 4037 se
813 3986 891 4054 (l.
924 3984 1040 4037 Cor.
1068 3982 1122 4037 2.
1146 3984 1222 4052 9).
1282 3982 1466 4035 Vidisti
1509 3981 1647 4035 dona
1691 3978 2047 4033 excellentia?

471 4077 644 4131 vidisti
675 4075 932 4129 beneﬁcia
962 4075 1101 4128 illius
1123 4088 1334 4127 onmem
1366 4072 1650 4126 humanam
1674 4070 2045 4140 cogitationem

472 4166 946 4220 transcendentia?
976 4165 1112 4218 Dicit
1128 4164 1290 4227 enim,
1322 4162 1387 4215 In
1411 4178 1498 4215 cor
1517 4161 1732 4214 hominis
1758 4176 1858 4213 non
1881 4175 2046 4214 ascen-

470 4258 669 4310 derunt.
700 4256 754 4311 Si
783 4257 941 4326 igitur
967 4256 1209 4309 volumus
1237 4254 1321 4308 illa
1351 4254 1528 4307 animo
1553 4252 1848 4313 revolvere.
1876 4259 1930 4305 et
1950 4266 2048 4321 pro

472 4348 671 4402 viribus
716 4348 910 4401 nostris
955 4348 1151 4416 gratias
1187 4360 1379 4415 agere,
1428 4342 1719 4414 poterimus
1745 4342 1910 4397 multo
1939 4357 2049 4396 ma-

469 4440 639 4505 jorem
670 4437 813 4490 illius
838 4438 1059 4506 gratiam
1090 4435 1243 4489 nobis
1266 4434 1550 4489 conciliare
1570 4473 1586 4500 ,
1612 4442 1667 4487 et
1691 4432 1757 4486 ad
1798 4433 2045 4487 virtutem

472 4530 639 4597 magis
682 4528 863 4582 idonei
908 4527 1044 4586 ﬁeri.
1094 4525 1345 4580 Memoria
1374 4526 1514 4579 enim
1546 4523 1923 4578 beneﬁciorum
1954 4521 2048 4577 Dei

471 4620 741 4673 sufficiens
764 4626 866 4683 est,
891 4633 1009 4687 qua:
1027 4617 1092 4671 ad
1113 4618 1361 4669 virtutum
1377 4616 1583 4669 labores
1604 4628 1699 4668 nos
1713 4612 2047 4679 adhortatur,

471 4718 528 4762 et
552 4718 810 4778 praeparet
830 4718 889 4762 ut
914 4707 1193 4777 praesentia
1219 4706 1395 4759 omnia
1420 4704 1775 4773 despiciamus
1798 4744 1811 4768 ,
1839 4712 1893 4757 et
1915 4712 1974 4757 ut
2000 4703 2048 4757 ei

472 4800 561 4868 qui
613 4807 754 4851 tanta
801 4798 853 4852 in
907 4812 1004 4851 nos
1048 4797 1301 4850 beneﬁcia
1353 4795 1606 4859 contulit,
1661 4793 2045 4858 adhaereamus,

474 4905 708 4944 amorem
736 4891 787 4943 iu
819 4891 962 4943 illum
999 4889 1216 4959 singulis
1242 4887 1430 4941 diebus
1467 4894 1679 4940 auctum
1714 4882 2046 4938 exhibentes.

475 4978 609 5034 Hinc
637 4979 832 5032 etenim
865 4979 1048 5031 beatos
1074 4979 1174 5031 iste
1204 4985 1400 5030 tantam
1435 4976 1527 5029 Dei
1553 4974 1774 5043 gratiam
1799 4982 1855 5027 et
1877 4972 2047 5025 hono-

475 5087 589 5124 rem
618 5068 719 5122 sibi
745 5068 1075 5131 conciliavit,
1111 5068 1233 5137 quia
1259 5066 1326 5121 de
1357 5065 1619 5135 prioribus
1645 5062 1844 5133 gratias
1874 5060 2050 5115 reddi-

473 5160 570 5214 dit.
618 5158 723 5213 Sed
768 5167 825 5211 ut
852 5158 1183 5211 manifestior
1217 5157 1367 5210 nobis
1393 5156 1480 5210 ille
1513 5168 1693 5209 sermo
1722 5156 1844 5218 fiat,
1872 5165 2048 5220 operae

476 5249 703 5319 pretium
725 5256 808 5302 est
830 5287 845 5312 ,
877 5256 933 5301 ut
958 5246 1164 5299 initium
1192 5261 1375 5300 eorum
1402 5261 1519 5315 qua:
1549 5243 1707 5298 hodie
1736 5242 1873 5297 lecta
1900 5249 2045 5308 sunt,

474 5340 680 5395 caritati
733 5349 923 5392 vestras
967 5352 1279 5404 proponam.
1333 5336 1465 5390 Nam
1518 5343 1793 5405 postquam
1822 5348 1888 5387 es
1926 5346 2047 5386 arca

474 5435 636 5488 exivit
671 5430 962 5486 secundum
1006 5430 1310 5484 mandatum
1339 5429 1541 5484 Domini
1571 5468 1585 5493 ,
1633 5441 1754 5481 cum
1802 5424 1925 5479 filiis
1947 5463 1962 5489 ,
1993 5432 2048 5477 et

474 5540 568 5580 sua
596 5539 792 5590 uxore,
824 5532 879 5577 et
905 5523 1156 5577 uxoribus
1186 5522 1412 5576 filiorum
1451 5535 1691 5584 suorum,
1722 5525 1777 5572 et
1801 5515 2048 5572 omnibus

477 5616 603 5670 leris
626 5623 681 5668 et
705 5614 1008 5668 volatilibus
1031 5653 1045 5677 ,
1092 5621 1145 5667 et
1193 5620 1312 5682 post
1352 5624 1626 5681 egressum
1653 5607 1856 5678 accepit
1882 5620 1911 5660 a
1936 5604 2048 5659 Deo

1487 327 1554 384 IN
1591 327 1743 385 CAP.
1786 327 1918 384 Vill.
1959 327 2201 384 GENES.
2242 329 2470 386 HOMIL.
2499 330 2711 386 XXVII.

3630 337 3734 393 2η

2163 440 2245 496 his
2266 443 2443 497 verbis
2467 462 2480 498 :
2498 443 2711 500 Crescite
2730 454 2776 499 et
2797 445 3217 516 multiplicamini,
3238 448 3435 505 decens
3464 464 3563 506 nos
3585 451 3728 507 Scri-

2160 541 2310 598 ptura
2354 531 2481 600 justi
2521 541 2726 602 gratum
2754 534 2987 589 animum
3008 575 3024 600 ,
3064 536 3191 592 dicit
3224 556 3236 590 :
3264 536 3355 594 ΞΟ.
3387 540 3450 593 Et
3470 542 3733 609 adiﬁcavit

2168 619 2283 673 Noe
2308 621 2469 674 altare
2497 621 2748 689 Domino,
2788 634 2834 677 et
2869 626 3059 692 accepit
3099 628 3162 681 de
3201 629 3429 684 erunibus
3476 632 3733 698 pecoribus

2161 710 2381 775 mundis,
2404 720 2450 763 et
2478 710 2541 764 de
2558 711 2784 766 omnibus
2812 713 3094 769 volatilibus
3114 719 3334 784 mundis,
3362 728 3408 772 et
3435 721 3611 774 obtulit
3634 723 3699 774 ho
3722 755 3725 760 -

2164 798 2437 853 tocaustum
2476 817 2626 871 super
2653 801 2834 857 altare.
2891 804 3181 874 Diligenter
3216 809 3495 864 considera
3520 851 3537 879 ,
3562 813 3730 867 caris-

2157 892 2332 958 sime,
2377 906 2444 946 ex
2483 894 2833 961 praesentibus
2862 896 3073 961 verbis,
3124 898 3392 966 quomodo
3440 900 3493 955 in
3541 911 3728 958 natura

2158 989 2336 1034 nostra
2361 984 2599 1037 omnium
2615 982 2871 1039 Conditor
2895 985 3083 1040 insevit
3107 998 3305 1042 certam
3329 990 3542 1048 virtutis
3567 994 3733 1048 scien.

2158 1069 2304 1123 tiam.
2334 1070 2483 1125 Unde
2512 1074 2651 1127 enim
2678 1116 2691 1139 ,
2733 1073 2818 1129 dic
2837 1116 2851 1140 ,
2879 1088 2996 1142 oro,
3022 1075 3168 1145 justo
3192 1078 3264 1133 illi
3296 1079 3395 1134 hoc
3421 1082 3474 1136 in
3498 1096 3727 1138 mentem

2156 1159 2430 1214 venisset?
2470 1161 2652 1216 Nullus
2692 1174 2805 1218 erat
2832 1164 2966 1220 alius
2994 1181 3150 1236 quem
3180 1168 3399 1224 videret.
3446 1172 3549 1227 Sed
3589 1175 3731 1230 sicut

2155 1245 2209 1299 in
2241 1248 2501 1317 principio
2528 1252 2662 1306 Abel
2704 1255 2793 1308 ille
2824 1256 2976 1321 primi
3019 1256 3245 1313 hominis
3288 1258 3458 1325 filius,
3493 1276 3521 1315 a
3552 1264 3728 1333 seipse

2152 1339 2509 1393 commonitus
2532 1379 2548 1406 ,
2593 1356 2779 1409 magna
2807 1343 3077 1413 diligentia
3106 1345 3426 1403 obiationem
3457 1350 3679 1419 perfecit
3711 1369 3723 1405 :

2155 1427 2232 1481 sic
2261 1431 2441 1498 utique
2471 1446 2610 1486 nunc
2636 1442 2689 1486 et
2722 1433 2899 1503 justus
2930 1436 3016 1490 ille
3039 1477 3056 1502 ,
3084 1452 3179 1493 sua
3205 1440 3478 1494 voluntate
3503 1450 3557 1495 et
3582 1442 3726 1496 arbi-

2156 1517 2258 1571 trio
2283 1534 2413 1573 sano
2437 1561 2451 1585 ,
2499 1532 2751 1592 quantum
2796 1524 3043 1581 humanis
3072 1528 3268 1583 viribus
3312 1532 3483 1597 potuit
3505 1570 3519 1596 ,
3568 1543 3728 1602 utque

2156 1608 2450 1663 faciendum
2497 1615 2729 1680 putavit,
2765 1615 2989 1670 Domino
3018 1631 3111 1685 per
3139 1618 3396 1673 :acriﬁeia
3438 1622 3725 1689 gratiarum

2153 1698 2414 1753 actionem
2446 1701 2643 1756 retulit.
2665 1702 2733 1757 Et
2760 1704 2880 1759 vide
2906 1715 3101 1774 quanta
3131 1708 3391 1777 sapientia
3417 1713 3725 1779 exsequizur

2153 1791 2350 1843 omnia.
2383 1791 2563 1861 Neque
2584 1794 2724 1848 enim
2756 1794 3035 1864 splendido
3059 1811 3194 1865 opus
3225 1797 3447 1853 habebat
3476 1799 3723 1865 mdiflcio,

2153 1894 2325 1948 neque
2381 1882 2612 1952 templo,
2670 1899 2848 1954 neque
2898 1885 3059 1939 domo
3107 1887 3352 1956 quapiam
3402 1887 3723 1950 admirabili.

2152 1983 2326 2039 neque
2347 1971 2452 2025 alio
2478 1973 2664 2041 quovis
2697 1992 2710 2026 :
2743 1974 2945 2030 sciebat
2971 1976 3112 2030 enim
3137 2018 3152 2043 ,
3179 1978 3381 2032 sciebat
3410 1978 3589 2048 utique
3616 1979 3722 2033 Do-

2151 2062 2351 2117 minum
2392 2073 2626 2119 mentem
2659 2066 2826 2121 solam
2870 2067 3176 2137 requirere;
3224 2078 3281 2124 et
3323 2080 3595 2125 exstructo
3639 2081 3721 2124 tu-

2150 2154 2430 2208 multuaria
2471 2170 2631 2224 opera
2675 2156 2864 2225 altari,
2905 2173 3027 2213 cum
3069 2161 3362 2229 accepisset
3388 2161 3721 2235 quadamcx

2149 2246 2465 2301 animalibus
2492 2247 2701 2304 mundis
2725 2288 2740 2310 ,
2786 2259 2841 2304 et
2877 2266 2943 2304 ex
2986 2251 3171 2305 avibus
3195 2253 3443 2320 mundis,
3471 2253 3709 2308 holocau-

2150 2343 2290 2389 stum
2326 2336 2553 2403 obtulit,
2600 2348 2913 2409 gratamque
2960 2355 3109 2395 suam
3157 2342 3484 2397 voluntatem
3530 2351 3724 2413 quanta

2151 2426 2320 2496 potuit
2362 2429 2606 2485 facultate
2647 2431 2921 2486 ostendit:
2961 2448 3118 2502 quam
3169 2432 3470 2503 approbatis
3516 2434 3724 2489 miseri-

2149 2531 2270 2571 cors
2291 2518 2430 2573 Deus
2458 2530 2512 2574 et
2539 2521 2862 2576 voluntatem
2896 2522 3208 2588 coronavit,
3255 2532 3309 2577 et
3351 2524 3544 2579 iterum
3573 2539 3723 2578 suam

2149 2608 2516 2666 liberalitatem
2545 2628 2671 2682 erga
2699 2613 2848 2667 illum
2877 2613 3185 2669 declaravit.
3236 2615 3372 2669 Dicit
3406 2617 3548 2669 enim
3579 2615 3723 2670 Scri-

2152 2711 2302 2769 ptura
2336 2720 2351 2757 :
2390 2703 2480 2757 2i.
2511 2703 2579 2757 Et
2614 2704 2853 2758 odoratus
2881 2714 2953 2758 est
2980 2704 3226 2759 Dominus
3252 2705 3457 2759 odorem
3484 2709 3723 2776 fragran-

2150 2792 2252 2845 tia.
2310 2792 2439 2846 Vide
2484 2794 2750 2863 quomodo
2797 2795 3005 2849 animus
3053 2796 3325 2850 offerentis
3380 2795 3620 2859 fumum,
3669 2808 3722 2851 et

2151 2883 2391 2939 nidorem
2417 2926 2432 2951 ,
2471 2895 2525 2939 et
2548 2901 2760 2940 omnem
2787 2902 2906 2956 quae
2937 2888 3058 2941 inde
3088 2889 3325 2942 nascitur
3350 2888 3719 2942 insuavitatem

2151 2974 2313 3028 multa
2342 2974 2628 3044 fragrantia
2656 2977 2911 3047 implevit.
2956 2977 3157 3033 idcirco
3185 2990 3240 3034 et
3264 2979 3458 3033 Paulus
3485 2980 3724 3033 scribens

2147 3064 2359 3120 dicebat
2388 3082 2401 3119 :
2429 3065 2603 3120 Bonus
2630 3068 2756 3120 odor
2781 3066 2967 3123 Christi
2997 3085 3173 3122 sumus
3196 3110 3211 3135 ,
3242 3070 3295 3123 iu
3320 3070 3382 3123 iis
3406 3070 3490 3137 qui
3516 3070 3723 3123 saluau-
3798 3113 3800 3116 μ

2152 3166 2265 3224 tur,
2305 3166 2351 3212 et
2392 3158 2444 3211 in
2474 3159 2537 3211 iis
2564 3160 2649 3228 qui
2680 3169 2884 3228 pereunt
2912 3175 2930 3213 :
2965 3170 3013 3214 et
3053 3161 3116 3214 iis
3156 3161 3357 3229 quidem
3393 3161 3522 3215 odor
3550 3163 3724 3215 mortis

2149 3250 2201 3303 in
2229 3259 2458 3316 mortem,
2487 3250 2590 3304 illis
2612 3260 2781 3303 autem
2807 3251 2931 3305 odor
2957 3252 3068 3306 vita
3090 3253 3143 3305 in
3168 3256 3337 3305 vitam.
3366 3250 3585 3306 Odorem
3611 3256 3719 3321 {m-

2148 3342 2394 3411 grantite‘
2425 3341 2500 3413 (2.
2532 3341 2651 3396 Cor.
2682 3342 2739 3396 2.
2768 3341 2883 3411 15.)

2219 3434 2323 3489 Cur
2350 3433 2485 3488 Deus
2512 3435 2765 3502 sacriﬁcia
2791 3435 3026 3506 exegerit.
3054 3434 3374 3490 Circumcisio
3403 3436 3531 3489 nihil
3572 3436 3725 3507 per/i—

2149 3542 2259 3580 cere
2284 3534 2445 3596 potest
2469 3526 2537 3578 ad
2561 3528 2791 3580 salutem.
2826 3557 2898 3566 —
2947 3526 3024 3581 Ne
3053 3527 3339 3582 oﬂ'endaris
3378 3528 3544 3581 verbo
3582 3542 3724 3582 cras-

2150 3618 2291 3672 siore
2320 3631 2336 3669 :
2365 3617 2458 3672 sed
2489 3617 2647 3687 hujus
2672 3619 2815 3671 verbi
2862 3627 3263 3687 attemperalam
3313 3620 3569 3673 rationem
3622 3631 3721 3672 tua!

2151 3710 2443 3764 inﬁrmitati
2471 3710 2782 3764 adscribens
2804 3711 3034 3779 intcllige
3062 3711 3203 3777 hinc,
3253 3722 3522 3780 acceptam
3564 3711 3723 3765 fuisse

2153 3802 2266 3857 Deo
2290 3802 2612 3856 oblationem
2657 3802 2806 3871 justi.
2860 3802 2930 3857 Ut
2952 3803 3091 3857 enim
3131 3818 3226 3873 per
3250 3818 3340 3858 res
3361 3803 3503 3873 ipsas
3529 3802 3725 3857 sciatur

2153 3893 2436 3947 Dominum
2468 3894 2659 3947 nullius
2688 3892 2944 3962 indigere,
2972 3903 3026 3948 et
3046 3903 3259 3963 propter
3279 3892 3409 3947 nihil
3440 3892 3582 3949 aliud
3611 3891 3725 3947 hanc

2153 3984 2265 4039 ﬁeri
2296 3985 2599 4050 permisisse
2625 4027 2639 4050 ,
2665 3998 2821 4053 quam
2842 3992 2899 4039 ut
2920 3984 3160 4039 homines
3180 3983 3244 4039 ad
3260 3994 3467 4054 gratum
3489 3985 3725 4038 animum

2151 4074 2439 4129 adduceret
2473 4092 2485 4128 :
2522 4082 2800 4144 propterea
2848 4075 3116 4130 concessit
3154 4082 3213 4129 ut
3268 4075 3388 4144 igne
3432 4088 3722 4129 consume-

2153 4177 2356 4233 rentur,
2380 4176 2437 4222 ut
2465 4183 2528 4222 ex
2563 4167 2627 4221 iis
2674 4182 2794 4237 qua:
2838 4166 3010 4230 ﬁunt,
3039 4165 3246 4221 discant
3273 4166 3309 4220 ii
3335 4166 3425 4236 qui
3468 4164 3718 4232 offerunt,

2151 4263 2327 4316 omnia
2358 4273 2571 4331 propter
2594 4278 2777 4317 eorum
2806 4262 3083 4316 utilitatem
3120 4261 3254 4317 ﬁeri.
3283 4260 3460 4329 Quare
3502 4272 3681 4316 autem
3704 4304 3718 4325 ,

2151 4353 2257 4419 dic,
2286 4367 2489 4422 quaeso,
2522 4352 2636 4406 haec
2687 4352 2801 4406 ﬁeri
2841 4352 3058 4406 omnino
3104 4352 3407 4421 permittit?
3433 4351 3498 4405 Et
3539 4351 3590 4404 in
3621 4350 3723 4404 hoc

2155 4454 2352 4498 nostra:
2382 4443 2702 4497 inﬁrmitatis
2726 4442 2949 4497 habetur
2972 4442 3125 4496 ratio.
3150 4440 3281 4507 Quia
3312 4441 3459 4496 enim
3479 4440 3723 4497 homines

2152 4537 2401 4607 paulatim
2428 4551 2456 4589 a
2481 4549 2609 4589 vero
2636 4534 2727 4588 Dei
2755 4533 2895 4587 cultu
2924 4531 3177 4587 defecturi
3204 4540 3377 4596 erant,
3396 4538 3453 4586 et
3470 4531 3568 4586 sibi
3590 4530 3720 4585 deos

2151 4628 2473 4697 cooptaturi,
2500 4626 2692 4697 quibus
2717 4625 2973 4680 sacrificia
2994 4625 3351 4691 immolarent,
3385 4624 3532 4693 prius
3555 4624 3722 4678 voluit

2151 4727 2210 4773 ut
2234 4718 2333 4772 sibi
2365 4717 2503 4771 dona
2526 4715 2867 4782 edet-rentur,
2891 4729 3000 4784 quo
3025 4713 3110 4769 vel
3133 4715 3211 4769 sic
3229 4714 3520 4782 depelleret
3541 4727 3570 4766 a
3602 4727 3720 4783 per-

2151 4810 2355 4863 nicioso
2377 4821 2558 4864 errore
2587 4820 2679 4861 eos
2703 4805 2894 4875 quibus
2920 4803 3041 4858 inde
3071 4803 3359 4872 periculum
3385 4801 3714 4855 imminebat.

2153 4901 2219 4954 Et
2262 4909 2321 4954 ut
2372 4898 2633 4968 intelligas
2691 4896 2805 4951 haec
2843 4895 3023 4949 omnia
3067 4907 3321 4947 concessa
3346 4891 3509 4946 fuisse
3531 4892 3600 4946 ob
3619 4908 3718 4945 no-

2150 5004 2316 5047 stram
2346 4991 2739 5052 inﬁrmitatem,
2781 4986 2992 5041 attende
3034 4985 3301 5054 quomodo
3350 4992 3535 5054 postea
3581 4996 3719 5041 teni-

2154 5101 2281 5155 pore
2310 5084 2645 5154 procedente,
2678 5078 2903 5134 voluerit
2957 5075 3414 5131 circumcisionem
3458 5091 3556 5146 pro
3607 5078 3720 5146 lege

2151 5175 2332 5238 statui,
2360 5188 2464 5226 non
2491 5170 2632 5241 quod
2676 5169 2741 5222 ad
2789 5169 2979 5222 anima:
3028 5166 3250 5221 salutem
3303 5166 3561 5235 perﬁcere
3606 5168 3719 5223 haec

2150 5265 2319 5336 possit
2337 5261 2532 5333 aliquid
2562 5295 2577 5320 ,
2619 5257 2713 5313 sed
2752 5265 2811 5310 ut
2830 5260 2938 5315 hoc
3005 5256 3144 5329 grati
3213 5255 3375 5311 animi
3416 5257 3731 5323 indicium,

2150 5358 2301 5429 quasi
2329 5358 2535 5426 signum
2569 5361 2622 5408 ct
2648 5350 2875 5418 sigillum
2902 5347 3303 5400 circumterreut
3328 5346 3497 5402 ειη(ιωὶ
3522 5388 3537 5414 ,
3566 5358 3620 5403 et
3647 5362 3715 5401 uc

2142 5449 2325 5505 liceret
2349 5448 2428 5501 eis
2454 5437 2789 5499 commisceri
2819 5437 3052 5508 gentium
3077 5437 3471 5507 congressibus.

2195 5631 2211 5663 ι
2248 5626 2407 5678 Morel.
2435 5635 2487 5677 et
2507 5625 2645 5677 savii.
2672 5625 2751 5675 hic
2772 5632 3020 5687 repetunt,
3057 5630 3103 5675 et
3123 5626 3349 5679 odoratus
3371 5632 3443 5678 est
3466 5623 3697 5677 Dorm'nus

480 5700 903 5759 benedictionem
947 5702 1088 5756 illam
1130 5710 1329 5755 tantum
1373 5701 1470 5755 sibi
1517 5698 1821 5754 alfercntem
1846 5698 2045 5753 solatii:

2153 5692 2324 5743 litarem
2345 5688 2642 5753 fragrantia,
2666 5700 2775 5750 qua:
2798 5688 2848 5737 in
2872 5695 2976 5736 Mss.
3001 5687 3193 5737 desunt.
