4066 6140
418 324 527 385 235

479 432 531 484 5.
562 429 694 483 llinc
718 427 901 481 beatus
930 422 1126 477 Paulus
1155 421 1362 491 signum
1408 420 1510 474 hoc
1538 428 1728 485 vocat,
1750 421 1936 474 dicens
1966 438 1978 471 :

410 518 474 573 Et
496 521 692 590 signum
720 514 854 569 dedit
882 511 1293 575 circumcisionis,
1320 510 1541 580 sigillum
1571 510 1745 582 (Rom.
1774 509 1826 563 ι.
1849 510 1905 562 Η
1938 508 1977 579 ).

408 610 537 665 Nam
565 606 705 678 quod
729 605 795 659 ad
839 603 1098 674 justitiam
1153 600 1283 655 nihil
1339 600 1623 664 conducat,
1658 613 1786 654 ecce
1814 607 1869 654 et
1895 598 1980 652 hic

406 699 574 766 justus
597 736 614 761 ,
642 694 874 750 nondum
924 701 1120 747 statuta
1162 691 1588 754 circumcisione,
1619 689 1687 743 ad
1740 689 1981 743 eamdem

408 789 647 857 pervenit
695 787 964 840 virtutem.
1017 784 1085 837 Et
1128 782 1253 852 quid
1311 781 1475 835 dico?
1521 779 1638 850 Ipse
1688 780 1979 849 patriarcha

405 882 694 943 Abraham,
724 878 1026 947 priusquam
1057 873 1519 929 circumcisionem
1549 872 1845 941 acciperet,
1878 870 1981 925 lide

404 972 514 1025 sola
536 970 856 1039 justilicatus
895 974 996 1020 est.
1032 964 1162 1017 Nam
1193 972 1317 1016 aute
1367 961 1826 1016 circumcisionem
1856 1001 1872 1025 ,
1902 962 1980 1011 in-

403 1062 537 1130 quit,
570 1059 794 1115 Credidit
823 1058 1076 1110 Abraham
1113 1054 1221 1108 Deo
1250 1097 1263 1118 ,
1298 1064 1344 1107 et
1370 1061 1653 1122 reputatum
1683 1060 1755 1105 est
1797 1051 1875 1104 illi
1912 1049 1979 1103 ad

403 1152 647 1216 iustitiam
673 1149 845 1220 (Rom.
877 1149 931 1202 4.
964 1148 1044 1214 5).
1076 1145 1213 1213 Quid
1266 1145 1428 1212 igitur
1456 1142 1700 1211 superbis
1728 1183 1743 1207 ,
1772 1140 1975 1207 Juda‘c,

404 1244 458 1297 in
488 1238 930 1296 circumcisione?
958 1237 1114 1290 Disce
1142 1244 1264 1289 ante
1294 1234 1430 1287 hanc
1457 1233 1619 1286 fuisse
1638 1234 1811 1299 justos
1835 1231 1976 1283 mul-

403 1340 507 1385 tos.
532 1330 741 1384 Etenim
766 1326 1011 1381 Ahellide
1031 1324 1352 1379 oblationem
1371 1323 1515 1385 fecit,
1533 1318 1977 1390 quemadmodum

411 1430 465 1474 ct
491 1418 687 1473 Paulus
711 1416 841 1471 dicit
872 1431 886 1467 :
919 1413 1051 1467 Fide
1089 1413 1364 1466 uberiorem
1394 1412 1607 1464 hostiam
1651 1409 1828 1462 obtulit
1856 1408 1979 1462 Abel

413 1509 542 1574 Deo,
567 1525 717 1577 quam
740 1505 866 1561 Cain
901 1507 921 1576 (
947 1504 1104 1560 Hebr.
1132 1505 1222 1560 il.
1248 1504 1283 1558 4
1311 1501 1365 1574 );
1394 1514 1449 1556 et
1480 1501 1663 1556 Enoch
1695 1500 1977 1554 translatus

401 1607 505 1665 est,
525 1608 579 1653 et
615 1597 729 1652 Noe
769 1597 839 1650 ob
863 1596 1079 1650 multam
1107 1595 1365 1663 justitiam
1411 1599 1776 1661 tempestatem
1832 1590 1974 1644 illam

401 1688 767 1755 gravissimam
824 1686 1007 1755 ell‘ugit
1036 1702 1051 1750 ;
1081 1693 1136 1739 et
1184 1683 1450 1738 Abraham
1508 1689 1630 1735 ante
1674 1674 1855 1739 hanc,
1905 1680 1975 1731 ob

406 1778 639 1833 suam-in
664 1779 829 1833 Deum
875 1776 1032 1830 ﬁdem
1075 1775 1377 1829 celebratus
1417 1773 1538 1828 fuit.
1572 1772 1661 1826 Sic
1708 1773 1776 1824 ab
1825 1770 1975 1823 initio

403 1885 504 1937 per
534 1867 690 1923 fidem
722 1870 1009 1921 humanum
1032 1880 1198 1936 genus
1225 1866 1448 1919 salutem
1483 1871 1824 1931 assequutum
1869 1870 1970 1914 est.

400 1962 542 2016 Sane
577 1968 860 2030 propterea
889 1958 1128 2028 permisit
1156 1958 1414 2025 benignus
1442 1955 1695 2008 Dominus
1715 1952 1972 2008 sacrificia

396 2052 495 2104 sibi
520 2050 720 2118 offerri,
746 2060 802 2104 ut
829 2049 1079 2119 quoniam
1105 2057 1291 2102 natura
1321 2056 1500 2100 nostra
1531 2045 1889 2113 imperfectius
1917 2059 1974 2098 se

398 2140 662 2205 habebat,
691 2140 851 2195 simul
896 2149 953 2195 et
998 2154 1148 2193 suam
1178 2148 1383 2208 gratam
1429 2138 1753 2191 voluntatem
1798 2136 1973 2189 decla-

403 2245 542 2293 rare,
574 2239 630 2285 et
657 2230 919 2285 idolorum
955 2229 1314 2299 perniciosum
1349 2227 1552 2281 cultum
1583 2226 1816 2296 ell'ugere
1846 2240 1971 2294 pos-

396 2323 484 2375 sit.
518 2322 649 2376 Nam
674 2323 739 2386 si,
767 2338 888 2377 cum
917 2330 1118 2375 tantum
1146 2319 1298 2374 nobis
1328 2319 1601 2372 indulserit
1634 2318 1789 2380 Deus,
1822 2316 1970 2371 multi

395 2422 574 2466 tamen
612 2427 640 2464 a
674 2412 823 2465 ruina
866 2412 965 2465 sibi
1007 2426 1111 2464 non
1141 2420 1438 2464 caverunt:
1478 2409 1522 2461 si
1553 2408 1655 2461 hoc
1688 2422 1791 2460 non
1838 2406 1969 2459 fuis-

393 2512 475 2557 set
500 2503 691 2555 factum
719 2543 734 2567 ,
779 2518 883 2570 quo
920 2511 1071 2569 pacto
1107 2501 1227 2570 quis
1252 2500 1501 2553 damnum
1530 2500 1631 2553 hoc
1656 2498 1969 2567 effugisset?

397 2589 461 2643 ιςι
498 2592 735 2644 odoratus
768 2602 840 2644 est
876 2590 1124 2645 Dominus
1152 2589 1289 2643 Deus
1329 2590 1530 2643 odorem
1558 2589 1870 2659 fragrantiaz.
1901 2588 1970 2641 At

393 2699 498 2736 non
529 2683 597 2736 ita
635 2693 713 2736 est
742 2683 808 2736 de
839 2683 1056 2752 ingratis
1079 2681 1277 2736 Iudaeis
1305 2698 1318 2734 :
1348 2680 1443 2735 sed
1482 2679 1783 2750 quomodo?
1831 2678 1967 2732 Audi

391 2772 701 2842 prophetam
742 2773 1005 2826 dicentem
1050 2790 1063 2824 :
1106 2770 1408 2840 Thymiama
1451 2771 1504 2822 in
1548 2769 1967 2821 abominationem

389 2862 513 2914 mihi
539 2871 610 2915 est
638 2862 787 2931 (lsai.
826 2863 873 2914 l.
904 2861 989 2931 l5)
1023 2879 1037 2914 :
1071 2860 1221 2929 quasi
1250 2858 1497 2913 ostendat
1521 2858 1807 2912 voluntatis
1836 2857 1965 2911 olfe-

389 2952 613 3006 ientitun
636 2952 905 3005 malitiam.
938 2948 1393 3017 Quemadmodum
1425 2949 1566 3003 enim
1599 2948 1829 3016 bicjusti
1860 2948 1967 3000 vir-

388 3051 474 3096 tus
509 3042 711 3099 fumum
739 3051 794 3097 et
836 3042 1077 3095 nidorem
1120 3040 1241 3094 fecit
1265 3040 1484 3094 odorem
1517 3038 1819 3107 fragrantia:
1847 3054 1861 3091 :
1889 3037 1965 3091 sic

386 3133 525 3201 apud
557 3133 675 3189 illos
704 3132 1038 3189 offerentium
1075 3133 1305 3200 nequitia
1336 3131 1473 3185 bene
1504 3131 1652 3183 olens
1678 3128 1961 3199 thymiama

391 3223 447 3278 iu
492 3222 898 3277 abominabilem
951 3220 1171 3275 odorem
1221 3220 1503 3275 convertit.
1563 3219 1723 3288 igitur
1771 3220 1963 3287 ubique

382 3312 710 3377 studeamus,
736 3328 935 3381 quiusa,
962 3322 1192 3367 mentem
1218 3311 1408 3365 afferre
1435 3312 1816 3380 incorruptam.
1839 3312 1963 3367 lla‘c

383 3402 525 3458 enim
555 3417 711 3456 causa
742 3411 825 3457 est
859 3401 1097 3455 omnium
1142 3401 1421 3456 bonorum.
1471 3401 1648 3455 Bonus
1675 3401 1815 3456 enim
1853 3402 1960 3455 Do-

385 3493 560 3547 minus
604 3508 707 3547 nou
754 3493 1031 3547 consuevit
1072 3493 1349 3548 attendere
1391 3491 1457 3546 ad
1498 3507 1559 3545 ea
1603 3508 1719 3562 qua:
1747 3507 1777 3545 a
1808 3492 1960 3547 nobis

382 3584 535 3649 tiunt,
550 3583 641 3640 sed
659 3583 724 3638 ad
746 3585 1005 3639 inteream
1023 3594 1273 3649 mentem,
1292 3599 1320 3636 a
1337 3598 1456 3653 qua,
1479 3592 1534 3637 ut
1550 3582 1664 3637 haec
1684 3581 1955 3648 faciamus,

380 3678 721 3747 impellimur,
750 3686 805 3731 et
831 3676 895 3730 ad
926 3676 1059 3730 hanc
1087 3686 1332 3746 spectans
1362 3675 1445 3730 vel
1474 3674 1732 3745 approbat
1751 3690 1811 3727 ea
1838 3689 1957 3743 qua:

378 3784 406 3821 a
437 3769 588 3823 nobis
617 3769 743 3822 fiunt
770 3809 785 3831 ,
827 3769 908 3823 vel
937 3776 1234 3822 aversatur.
1293 3767 1474 3838 Itaque
1515 3769 1627 3822 sive
1657 3782 1952 3835 precemur,

377 3862 489 3914 sive
528 3860 869 3929 jejunemus,
914 3860 1027 3915 sive
1068 3861 1461 3930 eleemosyuam
1494 3858 1747 3912 faciamus
1789 3858 1955 3927 (ipsa:

377 3950 516 4008 enim
566 3959 690 4006 sunt
743 3950 1042 4019 spirituales
1090 3959 1284 4004 nostra:
1334 3949 1605 4017 hostiae),
1653 3949 1766 4003 sive
1812 3946 1952 4001 aliud

375 4042 646 4111 spirituale
672 4042 937 4113 quoddam
956 4056 1090 4111 opus
1117 4042 1390 4105 faciamus,
1420 4040 1520 4093 hoc
1541 4039 1793 4094 faciamus
1814 4038 1952 4095 bona

378 4143 559 4189 mente
598 4134 797 4188 incitati
830 4150 843 4186 :
874 4141 930 4186 ut
974 4140 1028 4185 et
1079 4132 1353 4185 laboribus
1395 4131 1607 4198 dignam
1660 4129 1953 4185 referamus

374 4238 647 4276 coronam.
672 4222 828 4278 Esset
856 4224 998 4276 enim
1028 4221 1428 4289 perabsurdum,
1450 4221 1683 4274 laborem
1710 4236 1805 4275 nos
1828 4236 1949 4275 suso

374 4315 569 4379 liuere,
602 4321 657 4367 et
694 4312 940 4369 mercede
980 4312 1209 4367 fraudari
1231 4354 1245 4372 .
1291 4314 1334 4367 si
1363 4313 1573 4382 quidem
1606 4329 1709 4367 non
1756 4328 1949 4367 secun-

373 4404 499 4458 dum
543 4404 688 4474 leges
729 4402 797 4458 ab
842 4403 935 4459 illo
980 4403 1132 4458 nobis
1159 4404 1310 4459 datas
1342 4406 1587 4458 virtutem
1618 4418 1947 4459 exercemus.

374 4494 514 4553 Fieri
554 4504 730 4549 autem
763 4503 934 4563 potest
954 4495 1022 4550 ob
1052 4511 1293 4566 magnam
1320 4495 1413 4549 Dei
1445 4496 1822 4565 benignitatem
1848 4535 1864 4560 ,
1895 4504 1951 4549 ut

371 4601 533 4655 opere
580 4587 817 4641 nondum
860 4588 1165 4657 completo,
1215 4604 1467 4644 coronam
1513 4591 1630 4658 quis
1659 4590 1884 4659 accipiat
1917 4604 1947 4643 a

370 4680 483 4734 sola
514 4680 600 4748 pia
627 4688 825 4733 mente.
872 4679 934 4733 Et
962 4686 1017 4731 ut
1045 4678 1144 4732 hoc
1169 4680 1345 4734 discas
1368 4721 1383 4743 ,
1412 4680 1630 4734 adverte
1654 4720 1669 4743 ,
1699 4681 1946 4745 obsecro,

370 4771 472 4824 hoc
514 4770 569 4823 in
608 4768 966 4839 eleemosyna.
1013 4766 1144 4825 Nam
1189 4769 1232 4821 si
1275 4768 1487 4836 quando
1511 4769 1659 4823 vides
1684 4770 1947 4837 jacentem

370 4864 422 4917 iu
447 4863 561 4918 foro
581 4902 596 4927 ,
623 4871 678 4917 et
705 4871 941 4916 extrema
974 4861 1148 4929 inopia
1176 4860 1475 4925 detentum,
1502 4870 1555 4914 ct
1578 4860 1850 4928 condoles,
1883 4877 1946 4917 ac

369 4964 547 5009 mente
574 4956 624 5011 iu
654 4956 841 5011 czelum
880 4953 1087 5010 sublata
1130 4952 1327 5022 gratias
1367 4965 1480 5021 agis
1525 4952 1782 5016 Domino,
1834 4962 1945 5006 tum

372 5056 589 5114 propter
614 5061 673 5100 ea
702 5062 819 5115 qua:
850 5046 941 5098 tibi
969 5057 1223 5097 concessa
1257 5050 1415 5105 sunt,
1450 5051 1557 5096 tum
1612 5052 1825 5111 propter
1868 5043 1947 5097 in-

366 5136 483 5203 opis
513 5135 819 5203 patientiam
843 5152 855 5187 :
883 5134 1089 5188 etiamsi
1115 5148 1219 5186 non
1242 5133 1414 5201 possis
1440 5134 1653 5202 explere
1678 5142 1731 5186 et
1758 5132 1945 5187 sedare

366 5227 505 5279 illius
538 5226 750 5289 famem,
779 5236 998 5295 prepter
1027 5225 1222 5279 bonum
1252 5226 1578 5293 propositum
1606 5240 1945 5280 consumma-

367 5326 473 5369 tam
516 5315 741 5382 recipies
783 5314 1104 5369 mercedem.
1161 5315 1229 5369 Et
1270 5330 1333 5369 ea
1372 5315 1439 5369 de
1485 5331 1643 5369 causa
1689 5316 1943 5369 Dominus

363 5423 573 5478 quoque
601 5405 808 5461 dicebat
843 5424 856 5460 :
889 5406 949 5460 Si
993 5408 1103 5475 quis
1133 5419 1305 5476 potum
1342 5409 1532 5461 dederit
1561 5408 1767 5461 calicem
1802 5424 1945 5475 aqua:

365 5499 568 5570 frigida:
596 5508 789 5552 tantum
814 5498 865 5550 in
910 5499 1108 5552 nomine
1140 5499 1411 5568 discipuli,
1453 5516 1595 5551 amcn
1632 5500 1742 5551 dico
1783 5499 1939 5562 vobis,

364 5609 468 5654 non
496 5596 665 5658 perdet
698 5588 971 5642 mercedem
1001 5606 1141 5643 suam
1169 5589 1377 5659 (.llatth.
1402 5590 1485 5643 l0.
1511 5591 1622 5653 4:2).
1656 5588 1789 5642 Num
1819 5589 1943 5657 quid

375 5687 563 5763 poculo
591 5702 740 5759 aqua:
770 5686 967 5759 frigidae
1000 5685 1249 5741 tenuius?
1285 5683 1393 5740 Sed
1421 5682 1627 5740 animus
1657 5683 1774 5755 pius
1796 5697 1930 5738 mer-

1178 322 1236 378 s.
1279 275 1560 378 manuus
1597 314 2064 371 CllRYSOSTOMl
2103 318 2416 375 AttCttlEP.
2458 320 2986 378 CONSTANTINOP.

3562 319 3667 375 ΞΗ

2082 431 2267 485 cedem
2302 433 2422 487 inde
2460 433 2559 487 sibi
2598 435 2865 489 conciliat.
2921 435 3031 490 [loc
3060 443 3114 490 et
3153 435 3205 491 in
3233 437 3478 507 opposito
3507 439 3659 495 invc—

2082 524 2304 577 niemus.
2335 523 2521 593 Opera:
2546 527 2772 594 pretium
2798 528 2939 580 enim
2966 536 3081 593 est,
3115 536 3172 581 ut
3198 527 3267 581 de
3293 528 3357 581 iis
3382 533 3664 597 loquamur

2078 615 2284 669 caritati
2330 625 2557 683 vcstne,
2607 633 2715 686 quo
2755 617 2903 670 vobis
2942 617 3055 671 haec
3086 628 3331 673 accurate
3366 620 3659 674 scientibus

2080 705 2354 772 probitatis
2396 715 2629 760 tutamen
2658 709 2998 777 eomparetis.
3030 708 3162 763 Audi
3191 710 3333 764 enim
3365 711 3489 779 quid
3514 711 3659 766 dicat

2075 794 2316 850 Christus
2355 814 2369 849 :
2402 798 2503 862 Qui
2544 800 2747 868 respicit
2792 801 3050 853 mulierem
3096 801 3166 853 ad
3204 803 3656 870 concupiscendum

2075 902 2185 939 eam
2211 927 2225 947 ,
2264 888 2379 956 jam
2408 889 2683 943 moechatus
2720 900 2791 941 est
2822 907 2932 943 eam
2970 891 3024 944 in
3060 892 3211 945 corde
3238 909 3327 945 suo
3359 892 3567 961 (Matth.

2072 974 2187 1043 28).
2218 975 2376 1029 Vides
2403 985 2457 1031 et
2500 977 2585 1032 hic
2622 979 2813 1031 iterum
2842 981 3032 1034 malam
3076 989 3307 1036 mentem
3340 983 3487 1051 sequi
3516 998 3649 1035 con-

2073 1064 2466 1121 demnationem
2492 1109 2507 1132 ,
2540 1078 2596 1123 et
2618 1070 2687 1124 ob
2712 1070 3157 1125 inconsideratum
3186 1072 3429 1126 intuitum
3456 1114 3469 1135 ,
3500 1075 3649 1141 quasi

2072 1156 2392 1225 completum
2420 1168 2564 1213 esset
2589 1159 2836 1214 adulterii
2858 1176 3011 1230 opus,
3047 1177 3255 1231 poenam
3288 1164 3511 1218 infcrri?
3543 1166 3644 1217 Ita-

2072 1261 2177 1316 que
2204 1262 2325 1301 cum
2368 1248 2482 1303 bzec
2524 1251 2798 1315 sciamus,
2852 1253 3083 1322 undique
3128 1266 3362 1308 mentem
3413 1266 3649 1310 nostram

2073 1336 2210 1391 bene
2240 1339 2540 1392 muniamus
2561 1380 2576 1404 ,
2611 1347 2669 1394 ut
2706 1356 2801 1409 per
2825 1356 2942 1395 eam
2974 1342 3103 1396 fiant
3134 1353 3350 1412 accepta
3380 1360 3496 1413 qua:
3523 1344 3650 1398 faci-

2073 1440 2210 1479 mus.
2262 1426 2391 1480 Nam
2433 1428 2478 1482 si
2528 1427 2726 1482 fumum
2757 1440 2809 1483 et
2847 1430 3086 1486 nidorem
3132 1433 3288 1485 vertit
3333 1434 3383 1485 in
3427 1432 3647 1487 odorem

2072 1514 2391 1584 fragrantizc,
2418 1518 2542 1586 quid
2571 1534 2675 1572 non
2704 1535 2732 1571 e
2759 1521 3019 1588 spirituali
3046 1532 3227 1575 nostro
3257 1522 3452 1577 faceret
3476 1527 3640 1580 cultu.

2069 1611 2124 1657 et
2151 1616 2400 1673 quantam
2439 1622 2543 1660 non
2590 1609 2812 1676 gratiam
2860 1611 3065 1663 caelitus
3103 1611 3257 1665 nobis
3303 1617 3649 1680 procuraret?

2072 1693 2135 1745 Et
2152 1694 2390 1748 odoratus
2416 1706 2509 1762 est,
2542 1698 2727 1767 inquit,
2763 1699 3007 1753 Dominus
3028 1699 3165 1754 Deus
3187 1703 3389 1755 odorem
3412 1706 3645 1772 fragran-

2068 1785 2170 1837 tite.
2220 1784 2405 1839 Vidisti
2441 1802 2559 1856 qute
2587 1788 2771 1843 fecerit
2793 1791 2968 1856 justus
2996 1831 3011 1855 ,
3055 1793 3321 1861 quomodo
3345 1834 3359 1856 ,
3389 1803 3645 1862 quantum

2066 1874 2133 1927 ad
2178 1884 2455 1930 externum
2503 1880 2863 1947 spectaculum
2914 1882 3173 1950 pertinet,
3223 1897 3335 1935 rem
3384 1898 3639 1951 parvam;

2066 1973 2319 2032 quantum
2348 1976 2524 2020 autem
2570 1968 2636 2021 ad
2678 1970 2945 2035 animum,
2987 1972 3374 2041 permagnam?
3414 1974 3645 2028 Attende

2068 2064 2246 2108 autem
2270 2055 2522 2125 deinceps
2551 2059 2861 2113 immensam
2888 2060 3168 2116 clementis
3198 2062 3402 2116 Domini
3433 2063 3643 2117 bonita-

2066 2150 2192 2197 tem.
2244 2143 2308 2196 Et
2336 2145 2465 2199 dixit
2495 2144 2738 2200 Dominus
2780 2146 2913 2202 Deus
2941 2151 2995 2202 in
3032 2161 3195 2203 mente
3216 2168 3311 2204 sua
3348 2168 3366 2205 :
3403 2153 3493 2206 21.
3521 2153 3642 2207 Νοη

2062 2234 2301 2303 adjiciam
2342 2236 2475 2288 ultra
2518 2247 2571 2289 ut
2616 2239 2914 2291 maledicam
2955 2248 3101 2294 terra:
3142 2252 3344 2309 propter
3372 2259 3524 2310 opera
3550 2245 3640 2296 ho-

2063 2324 2287 2389 minam,
2335 2325 2453 2393 quia
2494 2328 2732 2380 incumbit
2769 2345 2906 2381 mens
2942 2329 3158 2382 hominis
3187 2332 3375 2384 intente
3411 2335 3462 2385 in
3502 2335 3638 2385 mala

2062 2430 2213 2483 Opera
2241 2432 2271 2467 a
2296 2416 2572 2486 juventute.
2620 2416 2739 2471 Non
2776 2419 2931 2489 igitur
2968 2420 3238 2490 adjiciam,
3284 2432 3337 2474 ut
3366 2424 3638 2489 percutiam

2062 2520 2256 2557 omnem
2281 2522 2481 2559 carnem
2509 2510 2748 2562 viventem
2772 2551 2785 2570 ,
2817 2514 2946 2563 sicut
2975 2511 3075 2578 [cci
3093 2552 3109 2578 ,
3150 2511 3241 2564 2‘3.
3272 2513 3501 2567 omnibus
3524 2515 3634 2567 dic-

2060 2594 2152 2647 bus
2177 2604 2338 2649 terra.

2137 2764 2189 2819 4.
2217 2762 2457 2835 Magnum
2481 2765 2842 2821 beneficentia:
2869 2766 3104 2834 pondus;
3136 2771 3319 2837 ingens
3346 2769 3641 2825 clementia:

2062 2855 2411 2924 magnitudo;
2446 2856 2725 2911 ineffabilis
2778 2860 3071 2912 tolerantim
3120 2862 3511 2927 exsuperantia.
3574 2861 3642 2914 Et

2064 2943 2192 2996 dixit
2216 2943 2463 3000 Dominus
2492 2945 2627 3000 Deus
2653 2948 2704 2999 in
2732 2958 2893 3000 mente
2920 2966 3030 3000 sua.
3068 2948 3217 3010 Illud,
3248 2948 3314 3002 In
3344 2960 3502 3002 mente
3522 2966 3638 3015 sua,

2064 3034 2254 3090 iterum
2282 3037 2514 3092 humano
2536 3056 2683 3093 more
2713 3040 2859 3106 dicit,
2892 3051 2945 3095 et
2965 3041 3113 3110 quasi
3142 3051 3380 3095 naturam
3405 3052 3637 3096 nostram

2065 3130 2373 3198 respiciens.
2433 3130 2555 3185 Non
2602 3133 2842 3200 adjiciam
2878 3133 3013 3186 ultra
3055 3143 3109 3185 ut
3158 3134 3450 3187 maledicam
3495 3146 3641 3187 terra:

2064 3230 2267 3289 propter
2300 3238 2453 3290 opera
2483 3222 2759 3275 hominum.
2820 3224 2885 3278 Et
2911 3223 3146 3290 homini,
3184 3226 3273 3294 qui
3302 3226 3503 3294 primus
3530 3226 3640 3281 for-

2054 3319 2232 3364 matus
2259 3322 2379 3375 est,
2428 3312 2638 3366 dict-bat
2660 3353 2675 3376 ,
2708 3328 2828 3367 cum
2859 3313 2931 3367 illi
2958 3315 3297 3369 malediceret
3326 3332 3338 3367 :
3371 3316 3561 3383 Spinas
3591 3328 3637 3370 ct

2061 3403 2268 3457 tribulos
2315 3405 2611 3474 germinabit
2657 3405 2744 3458 tibi
2776 3403 2994 3477 (Cenes.
3025 3408 3077 3461 3.
3116 3407 3203 3462 18.
3239 3418 3285 3461 et
3312 3408 3366 3462 4.
3398 3408 3537 3479 l2);
3582 3418 3639 3463 ct

2059 3492 2224 3547 (Iaino
2244 3495 2507 3549 similiter.
2536 3496 2667 3562 Quia
2690 3506 2864 3550 autem
2879 3513 3019 3552 nunc
3043 3512 3377 3553 communem
3395 3501 3631 3554 omnium

2059 3583 2328 3639 invexerat
2370 3586 2638 3640 interitum
2665 3626 2681 3652 ,
2731 3597 2787 3641 ut
2813 3588 3230 3642 consolationem
3274 3589 3365 3644 det
3400 3590 3543 3658 justo
3581 3603 3637 3645 et

2058 3673 2302 3729 fiduciam
2332 3675 2379 3730 ei
2405 3675 2601 3743 addat,
2653 3691 2720 3731 ne
2759 3675 2899 3732 forte
2940 3678 3134 3746 cogitet
3181 3678 3317 3746 apud
3366 3694 3459 3743 se,
3505 3679 3635 3746 Quae

2056 3766 2251 3817 utilitas
2275 3764 2414 3819 datm
2443 3766 2876 3820 benedictionis?
2904 3776 2957 3820 et
2982 3767 3122 3837 quod
3152 3768 3377 3834 dixerit,
3418 3768 3638 3823 Crescite

2059 3862 2105 3905 et
2127 3854 2533 3923 multiplicamini
2564 3855 2717 3922 (Gen.
2752 3858 2803 3910 l.
2831 3856 2927 3927 28)
2949 3898 2963 3921 ,
3009 3856 3054 3910 si
3086 3858 3309 3924 iterum,
3340 3860 3426 3913 ubi
3455 3860 3633 3915 multi-

2054 3945 2229 4011 plicati
2257 3943 2515 4001 fuerimus
2534 3986 2549 4010 ,
2582 3947 2910 4015 pereundum
2938 3949 3006 4001 sit
3037 3950 3231 4003 nobis?
3274 3950 3403 4004 Nam
3427 3953 3550 4005 olim
3578 3963 3630 4005 et

2053 4035 2258 4089 Adamo
2286 4036 2492 4090 dixerat
2520 4054 2533 4090 :
2569 4036 2784 4091 Crescite
2810 4047 2857 4091 et
2884 4039 3286 4107 multiplicamini
3315 4057 3333 4093 :
3364 4049 3420 4094 et
3444 4055 3637 4110 super-

2052 4129 2196 4182 venit
2225 4138 2401 4182 tamen
2445 4129 2721 4183 diluvium.
2778 4128 2847 4184 Ut
2876 4145 3005 4200 ergo
3044 4146 3111 4185 ne
3139 4132 3422 4199 cogitando
3443 4148 3624 4186 secum

2053 4218 2174 4274 talia
2218 4219 2271 4273 in
2322 4229 2574 4288 perpetuo
2617 4234 2814 4289 angore
2846 4229 3027 4287 esset,
3086 4221 3208 4276 vide
3253 4222 3629 4290 benignitatem

2054 4310 2282 4363 Domini.
2310 4308 2430 4363 Non
2461 4310 2734 4380 adjiciam,
2763 4310 2969 4380 inquit,
3001 4312 3135 4365 ultra
3162 4315 3461 4367 maledicere
3485 4326 3633 4368 teme

2051 4411 2257 4470 propter
2295 4417 2448 4470 Opera
2474 4402 2753 4454 hominum.
2786 4401 2917 4456 Vide
2944 4402 3210 4471 quomodo
3235 4404 3539 4469 declaravit,
3569 4421 3630 4461 se

2052 4503 2270 4564 propter
2318 4494 2506 4547 horum
2557 4495 2809 4547 malitiam
2858 4495 3285 4550 maledictionem
3338 4506 3495 4550 terrae
3544 4498 3629 4551 iu-

2050 4586 2277 4639 vexisse.
2308 4584 2507 4638 Deinde
2527 4595 2584 4638 ut
2612 4601 2679 4639 ne
2718 4594 2962 4652 putemus
2990 4588 3157 4655 ipsum
3186 4586 3304 4640 ideo
3334 4587 3469 4641 lmnc
3501 4603 3628 4655 pro--

2049 4676 2358 4730 missionem
2403 4674 2591 4730 fecisse
2614 4715 2630 4740 ,
2680 4676 2803 4743 quia
2835 4675 2935 4743 ipsi
2971 4676 3081 4744 jam
3115 4677 3165 4729 in
3198 4678 3386 4731 melius
3411 4692 3471 4732 se
3499 4695 3629 4733 cou—

2050 4774 2338 4831 verterant,
2362 4766 2533 4834 inquit
2559 4785 2571 4819 :
2604 4766 2734 4831 Quia
2775 4766 3010 4819 incumbit
3038 4783 3174 4819 mens
3195 4768 3412 4821 hominis
3443 4770 3630 4822 intente

2048 4858 2100 4912 in
2122 4859 2255 4912 mala
2285 4875 2440 4929 opera
2466 4876 2497 4911 a
2512 4860 2792 4927 juventute.
2840 4859 2976 4912 liara
3021 4859 3359 4929 benignitatis
3400 4862 3624 4928 species.

2052 4952 2202 5015 Quia,
2237 4951 2425 5019 inquit,
2454 4951 2691 5004 incumbit
2718 4968 2855 5006 mens
2885 4953 3101 5006 hominis
3132 4954 3396 5023 diligenter
3416 4955 3469 5007 in
3493 4956 3631 5007 mala

2047 5058 2200 5111 Opera
2224 5059 2254 5093 a
2271 5043 2533 5111 juventute
2552 5085 2567 5109 ,
2599 5053 2813 5111 propter
2842 5044 2961 5105 hoc,
2995 5043 3116 5098 Non
3144 5048 3282 5098 ultra
3304 5048 3543 5115 adjiciunt
3576 5059 3628 5099 ut

2048 5132 2348 5185 maledicam
2389 5141 2553 5185 terrae.
2588 5134 2695 5203 Ego
2724 5135 2862 5188 enim
2880 5175 2895 5199 ,
2926 5135 3133 5204 inquit,
3162 5152 3281 5205 qua:
3308 5136 3372 5190 ad
3398 5152 3481 5192 me
3506 5154 3632 5207 pcr-

2050 5222 2253 5285 tinent,
2286 5223 2453 5276 semel
2490 5232 2649 5291 atque
2692 5225 2879 5278 iterum
2910 5226 3125 5279 exhibui
3151 5242 3165 5278 :
3197 5228 3316 5296 quia
3340 5236 3514 5282 autem
3544 5231 3627 5281 vi-

2047 5311 2149 5364 deo
2186 5311 2442 5365 malitiam
2476 5311 2543 5365 ita
2585 5313 2887 5369 increscere
2912 5355 2925 5378 ,
2956 5317 3210 5384 promitto
3238 5331 3321 5370 me
3350 5332 3453 5371 non
3486 5320 3624 5372 ultra

2049 5404 2451 5457 maledicturum
2482 5413 2658 5458 teme.
2693 5404 2889 5459 Deinde
2916 5407 3203 5460 ostendens
3240 5423 3348 5460 suae
3380 5408 3621 5477 benigni-

2049 5496 2169 5548 tatis
2200 5495 2652 5565 magnitudinem,
2690 5498 2960 5567 subjunin
2989 5517 3001 5551 :
3036 5498 3155 5553 Non
3186 5501 3425 5568 adjiciam
3463 5502 3625 5571 igitur

2049 5586 2184 5638 ultra
2213 5593 2266 5637 ut
2298 5586 2571 5653 percutiam
2599 5603 2795 5641 omnem
2826 5604 3025 5641 carnem
3054 5591 3294 5642 viventem
3315 5630 3330 5654 ,
3356 5590 3483 5643 sicut
3504 5592 3625 5657 feci,

2052 5676 2279 5731 omnibus
2310 5676 2503 5731 diebus.
2556 5676 2685 5731 Vide
2712 5716 2727 5743 ,
2750 5678 2993 5745 obsecro,
3030 5688 3277 5749 quantam
3306 5678 3624 5735 consolatio.
