4066 6140
223 348 331 405 263

298 469 370 528 τ’.
409 459 510 515 Διά
545 459 706 517 τοῦτο
737 461 831 515 1:61
870 461 900 514 6
946 459 1214 532 μακάριος
1260 458 1472 523 Παῦλος
1502 462 1726 530 σημεῖον
1764 457 1899 511 αὐτὸ

222 551 381 604 καλεῐ
396 547 594 619 λέγων·
615 547 727 603 Καὶ
740 545 995 617 σημεῖον
1014 546 1200 601 ἔδωκε
1219 545 1561 616 περιτομῆς,
1580 545 1899 616 σφραγῖδα.

225 637 356 692 Ὀτι
387 637 498 709 769
531 636 671 706 1:96;
713 635 813 706 τὴν
861 634 1208 705 δικαιοσύνην
1251 635 1404 688 οὐδὲν
1452 634 1590 703 αὐτὴ
1639 634 1903 701 συντελεῖ,

227 726 343 780 1606
374 725 467 780 1:61
494 718 647 788 οὗτος
669 726 698 779 6
720 723 926 788 δίκαιος
958 723 1184 794 μηδέπω
1209 724 1309 794 τῆς
1348 724 1652 796 περιτομῆς
1678 719 1905 794 νομοθε-

222 812 491 883 τηθείσης
522 812 662 883 πρὸς
692 810 960 881 τοσαύτην
988 810 1222 880 ἔφθασεν
1255 812 1479 882 ἀρετήν.
1511 811 1619 865 Καὶ
1645 811 1697 865 τί
1724 811 1903 880 λέγω;

225 899 405 963 Αὐτὸς
442 901 472 952 6
520 898 869 972 πατριάρχης
910 898 1182 970 Ἀϐραὰμ,
1224 900 1355 970 πρὶν
1402 899 1432 969 ἢ
1471 898 1573 967 τὴν
1603 899 1907 971 περιτομήν

230 988 506 1055 ῐλέξασθαι.
538 988 647 1043 61:6
681 988 782 1059 τῆς
815 986 1051 1051 πίστεως
1086 986 1254 1057 μόνης
1297 985 1611 1058 ἐδικαιώθη.
1653 988 1768 1058 Πρὸ
1799 987 1908 1059 769

227 1079 333 1149 τῆς
366 1076 686 1148 περιτομῆς,
726 1076 881 1146 φησὶ,
906 1077 1001 1129 καὶ
1041 1076 1399 1130 Ἔπίστευσε
1434 1073 1505 1127 δὲ
1546 1075 1802 1144 Ἀϐραὰμ
1832 1075 1912 1141 τῷ

231 1164 380 1232 Θεῷ,
413 1164 512 1219 καί
547 1164 834 1233 ἐλοτίσθη
870 1162 1031 1229 αὐτῷ
1066 1165 1156 1228 είς
1183 1162 1597 1231 δικαιοσύνην.
1633 1163 1698 1215 τί
1727 1162 1907 1216 τοίνυν

235 1255 379 1325 μέγα
407 1254 644 1324 φρονεῖς,
677 1245 723 1305 ὦ
773 1251 1015 1309 ’ἰουδαῖε.
1060 1252 1153 1305 61:1
1186 1254 1250 1323 τῇ
1289 1254 1593 1324 περιτομῇς
1628 1250 1906 1317 Μάνθανε,

229 1345 316 1397 ὅτι
361 1342 467 1415 1:96
521 1340 727 1411 ταύτης
773 1339 960 1395 πολλοὶ⁵
1014 1340 1210 1395 δίκαιοι
1256 1340 1529 1410 γεγόνασι.
1581 1340 1690 1393 K61
1719 1338 1829 1409 769
1881 1342 1911 1394 6

236 1430 407 1484 ’Ἅϐελ
435 1432 500 1484 ἐκ
528 1430 761 1493 πίστεως
784 1428 883 1501 τὴν
915 1428 1279 1502 προσαγωγὴν
1312 1428 1628 1500 ἐποιήσατο,
1652 1426 1904 1497 καθάπερ

232 1520 331 1573 1:61
378 1518 589 1581 Παῦλός
636 1535 836 1589 φησιν’
895 1518 1102 1572 Πίστει
1156 1517 1409 1570 πλείονα
1467 1516 1690 1570 θυσίαν
1741 1515 1908 1568 Ἅϐελ

232 1607 396 1673 παρὰ
418 1605 567 1659 Κάῖν
598 1604 977 1675 προσήνεγκε
1000 1602 1081 1670 τῷ
1108 1602 1230 1669 Θεῷ
1254 1619 1267 1633 ο
1299 1603 1392 1656 1161
1426 1601 1599 1672 Ἑνὼχ
1623 1599 1908 1672 μετετέθη,

234 1694 335 1747 1161
358 1695 386 1747 6
413 1693 536 1748 Νῶε
580 1692 724 1747 κατά
750 1692 849 1763 τὴν
886 1690 1084 1762 πολλὴν
1135 1690 1483 1758 δικαιοσύνην
1513 1688 1577 1742 :6
1622 1688 1912 1744 κλυδώνιον

232 1783 417 1836 ἐκεῖνο
445 1780 506 1836 :6
544 1780 780 1852 χαλεπὸν
816 1777 966 1852 [259]
1004 1779 1255 1848 διέφυγε·
1306 1778 1399 1832 καὶ
1439 1779 1469 1831 6
1508 1776 1760 1847 Ἀϐραὰμ
1803 1775 1911 1847 πρὸ

232 1868 443 1940 ταύτης
477 1867 586 1922 61:6
617 1868 718 1938 τῆς
742 1869 821 1930 εἰς
842 1866 937 1920 τὸν
969 1865 1100 1919 Θεὸν
1131 1864 1367 1929 πίστεως
1398 1862 1769 1935 ἀνεκηρύχθη.
1809 1861 1915 1915 06-

235 1974 347 2021 τως
372 1955 578 2009 ἀνωθεν
610 1954 707 2009 καὶ
746 1953 806 2019 ἐξ
838 1953 1017 2025 ἀρχῆς
1050 1953 1158 2007 ἀπὸ
1200 1953 1432 2015 πίστεως
1468 1952 1531 2005 :6
1564 1951 1673 2005 τῶν
1703 1948 1915 2023 ἀνθρώ-

238 2061 361 2097 πων
393 2041 548 2110 γένος
599 2041 700 2113 τῆς
752 2041 1027 2112 σωτηρίας
1059 2040 1313 2110 ἐπέτυχε.
1358 2039 1456 2093 Διά
1500 2055 1584 2091 τοι
1612 2039 1771 2091 τοῦτο
1819 2037 1915 2091 1:61

235 2130 340 2195 :6;
365 2129 555 2193 θυσίας
593 2126 972 2199 συνεχώρησεν
999 2128 1028 2180 6
1062 2126 1439 2199 φιλάνθρωπος
1464 2126 1739 2196 Δεσπότης
1763 2123 1914 2194 αὐτῷ

236 2217 630 2291 προσάγεσθαι,
664 2218 749 2272 ίνα
788 2214 975 2286 ἐπειδὴ
1004 2214 1081 2268 ἔτι
1112 2214 1464 2287 ἀτελέστερον
1492 2215 1721 2267 διέκειτο
1750 2214 1783 2284 ή
1814 2212 1915 2283 φύ-

237 2324 325 2371 σις
354 2308 394 2379 ή
421 2305 688 2378 ἡμετέρα,
717 2303 853 2374 ὁμοῦ
882 2305 974 2358 1:61
1005 2302 1104 2374 τὴν
1135 2302 1341 2357 οἰκείαν
1371 2301 1792 2373 εὐγνωμοσύνην
1816 2301 1915 2373 έχῃ

235 2392 665 2456 ἐπιδείκνυσθαι,
690 2392 786 2445 1:61
813 2392 912 2463 τῆς
942 2391 1077 2464 πρὸς
1099 2389 1167 2445 τά
1197 2390 1391 2444 εἴδωλα
1417 2389 1714 2462 θεραπείας
1735 2390 1911 2462 πάντη

232 2480 478 2554 διαφύγῃ
527 2479 626 2551 τὴν
662 2478 859 2550 λύμην.
901 2478 967 2533 Εί
1004 2478 1134 2550 γὰρ,
1178 2479 1269 2531 1:61
1306 2477 1575 2549 τοσαύτης
1613 2477 1915 2548 γενομένης

237 2567 723 2639 συγκαταϐάσεως,
758 2567 910 2636 ὅμως
956 2567 1006 2619 οί
1045 2565 1230 2619 πολλοὶ
1272 2566 1332 2619 οὐ
1381 2565 1634 2634 διέφυγον
1683 2564 1774 2618 τὸν
1806 2564 1915 2618 ὀλι-

238 2656 386 2721 σθον,
413 2658 463 2710 εἰ
504 2656 580 2728 μὴ
620 2654 779 2709 τοῦτο
822 2654 1035 2724 γέγονε,
1068 2654 1187 2718 πῶς
1230 2653 1295 2708 ἀν
1329 2671 1414 2718 τις
1443 2654 1541 2725 τὴν
1588 2653 1799 2707 ἐκεῖθεν
1830 2653 1913 2707 δι-

236 2748 405 2816 έφυγε
440 2745 673 2816 βλάϐην;
714 2744 825 2799 Καὶ
848 2741 1172 2813 ὠσφράνθη
1206 2741 1425 2812 Κύριος
1462 2746 1495 2797 ό
1529 2742 1672 2808 Θεὸς
1713 2741 1917 2812 ὀσμὴν

234 2834 507 2900 εὐωδίας.
549 2832 690 2889 Ἀλλ’
727 2833 827 2886 οὐκ
853 2832 946 2885 61:1
989 2830 1098 2884 τῶν
1139 2830 1468 2902 ἀγνωμόνων
1520 2829 1787 2884 Ἰουδαίων
1825 2829 1917 2882 οῦ-

237 2942 346 2989 τως
367 2940 385 2957 ·
413 2923 547 2978 ἀλλά
572 2922 655 2988 τί;
686 2923 886 2976 Ἀκουε
905 2921 999 2976 τοῦ
1027 2922 1306 2994 προφήτου
1338 2920 1607 2989 λέγοντος,
1644 2919 1917 2988 Θυμίαμα

235 3014 331 3079 εἰς
372 3008 692 3081 ,βδέλυγμά
741 3028 843 3079 μοι
900 3009 1054 3074 ἐστὶ,
1098 3009 1379 3080 μονονουχὶ
1427 3005 1763 3069 δεικνύοντος
1817 3009 1916 3077 τῆς

235 3100 610 3173 προαιρέσεως
655 3098 764 3152 τῶν
803 3096 1189 3170 προσαγόντων
1220 3098 1320 3166 τὴν
1373 3094 1696 3166 μοχθηρίαν.
1730 3093 1915 3147 Καθά-

235 3203 350 3259 περ
380 3176 507 3257 γὰρ¹
530 3184 766 3239 ἐνταῦθα
793 3187 826 3256 ἡ
874 3184 968 3238 τοῦ
996 3184 1207 3238 δικαίου
1254 3183 1425 3254 ἀρετὴ
1455 3181 1545 3235 τὸν
1588 3180 1792 3235 καπνὸν
1821 3183 1914 3234 1:61

234 3276 340 3347 τὴν
377 3273 599 3327 κνίσσαν
636 3272 811 3344 ὀσμήν
848 3271 1073 3335 εὐωδίας
1111 3269 1425 3341 εἰργάσατο,
1452 3267 1624 3333 οὕτως
1660 3269 1746 3321 ἐπ’
1769 3268 1912 3321 ὲκεί-

236 3381 348 3419 νων
375 3365 409 3434 ή
435 3363 543 3417 τῶν
573 3361 958 3434 προσαγόντων
993 3358 1226 3432 πονηρία
1256 3358 1317 3411 :6
1348 3357 1599 3428 θυμίαμα
1625 3357 1685 3411 :6
1716 3357 1912 3420 εὑῶδες

236 3451 322 3515 είς
359 3449 637 3521 βδέλυγμα
687 3446 1056 3519 ὀσφρανθῆναι
1105 3458 1133 3487 ι
1178 3444 1581 3518 παρεσκεύασε.
1632 3443 1910 3515 Πανταχοῦ

233 3538 422 3593 ⁴τοίνυν
464 3536 874 3607 σπουδάζωμεν,
912 3533 1238 3605 παρακαλῶ,
1267 3534 1493 3605 γνώμην
1538 3532 1666 3603 ὑγιῆ
1710 3532 1914 3586 ἐπιδεί-

237 3625 491 3681 κνυσθαι.
532 3623 681 3695 Αὕτη
720 3624 829 3696 769
858 3623 1008 3677 αἰτία
1036 3623 1245 3692 γίνεται
1278 3621 1497 3676 πάντων
1527 3619 1637 3674 τῶν
1672 3618 1912 3688 ἀγαθῶν.

248 3714 315 3767 ’0
339 3712 449 3785 769
479 3711 683 3781 67606;
711 3711 990 3782 Δεσπότης
1022 3712 1083 3764 οὐ
1116 3712 1232 3774 τοῖς
1261 3710 1390 3780 παρ’
1416 3708 1575 3779 ὴμῶν
1611 3705 1919 3777 γινομένοις

237 3801 531 3872 προσέχειν
553 3799 743 3854 εἴωθεν
767 3798 844 3863 ὡς
862 3801 930 3870 τῇ
961 3797 1172 3852 ἔνδοθεν
1193 3797 1421 3868 διανοίᾳ,
1444 3796 1537 3864 ἀφ’
1561 3789 1630 3866 ἦς
1658 3793 1917 3866 ὁρμώμε-

238 3907 327 3943 νοι
366 3888 542 3944 ταῦτα
567 3886 1034 3961 διαπραττόμεθα,
1078 3885 1174 3940 1:61
1208 3884 1346 3956 1:96;
1392 3884 1609 3954 ἐκείνην
1642 3882 1851 3954 βλέπων
1881 3883 1915 3953 ἢ

240 3977 530 4049 προσίεται
562 3976 633 4032 τά
662 3977 751 4046 ὑφ’
780 3975 940 4049 ήμῶν
977 3975 1262 4046 γινόμενα,
1289 3973 1324 4045 ἢ
1349 3973 1778 4045 ἀποστρέφεται.
1797 3972 1916 4026 Κάν

237 4083 303 4121 τε
330 4062 425 4121 οῦν
467 4065 777 4137 εὐχώμεθα,
811 4067 915 4122 κάν
951 4083 1011 4120 τε
1042 4063 1413 4136 νηστεύωμεν,
1461 4063 1561 4118 κάν
1588 4080 1648 4116 τε
1692 4061 1920 4133 ἐλεημο-

242 4153 412 4226 σύνην
447 4154 809 4226 ἐργαζώμεθα
833 4149 1016 4224 (αὗται
1053 4152 1162 4224 769
1190 4153 1346 4223 ήμῶν
1375 4152 1511 4207 εἰσιν
1540 4152 1595 4205 αί
1622 4166 1920 4220 πνευματι-

241 4244 340 4296 1:61
376 4242 599 4311 θυσίαι),
628 4242 729 4297 κάν
758 4259 818 4294 τε
857 4239 1045 4312 ἕτερόν
1071 4258 1124 4294 τι
1154 4238 1518 4311 πνευματικὸν
1551 4237 1710 4310 ἔργον
1738 4240 1921 4291 ἐπιτε-

240 4330 446 4402 λῶμεν,
475 4331 586 4385 61:6
627 4330 853 4402 γνώμης
893 4327 1078 4398 ὑγιοῦς
1111 4326 1420 4399 ὁρμώμενοι
1456 4326 1614 4381 τοῦτο
1656 4325 1919 4395 διαπρατ-

242 4417 487 4490 τώμεθα,
523 4419 609 4472 ἵνα
639 4419 734 4473 1:61
769 4417 878 4471 τῶν
916 4416 1177 4488 καμάτων
1205 4414 1353 4479 ἀξιον
1383 4414 1474 4468 τὸν
1519 4413 1782 4482 στέφανον
1828 4429 1920 4465 κο-

248 4505 557 4578 μισώμεθα.
585 4507 696 4559 Καὶ
737 4506 847 4576 γὰρ
894 4503 959 4558 ἂν
1008 4504 1093 4575 εἴη
1126 4502 1234 4557 τῶν
1282 4501 1647 4556 ἀτοπωτάτων
1694 4501 1783 4554 τὸν
1821 4500 1920 4569 μὲν

245 4594 408 4648 πόνον
436 4594 587 4665 ἡμᾶς
624 4592 934 4664 ὑπομένειν,
978 4591 1079 4662 τῆς
1109 4591 1167 4645 δὲ
1209 4588 1446 4661 ἀμοιϐῆς
1479 4586 1918 4660 ἀποστερεῖσθαι,

246 4681 376 4734 ὅταν
403 4680 479 4753 μὴ
511 4681 656 4735 κατά
688 4680 813 4744 τοὺς
843 4681 935 4734 ὑπ’
968 4678 1133 4735 αὐτοῦ
1161 4677 1413 4743 δοθέντας
1443 4677 1639 4749 νόμους
1665 4677 1764 4747 τὴν
1794 4677 1923 4747 ἀρε-

246 4767 348 4838 τὴν
384 4767 678 4838 μετίωμεν.
713 4767 872 4821 Ἔστι
894 4766 1025 4840 γὰρ,
1056 4766 1171 4820 ἐστι
1200 4765 1290 4820 διὰ
1311 4765 1409 4835 τὴν
1442 4764 1649 4834 ἄφατον
1670 4762 1765 4817 τοῦ
1786 4760 1922 4815 Θεοῦ

250 4851 663 4923 φιλανθρωπίαν
700 4856 794 4908 καὶ
821 4854 883 4908 :6
919 4854 1078 4925 ἔργον
1110 4852 1185 4925 μὴ
1219 4851 1655 4913 ἐπιτελέσαντας,
1688 4849 1798 4901 61:6
1826 4848 1924 4917 τῆς

249 4939 481 5012 γνώμης
511 4941 670 5011 μόνον
706 4942 796 4995 τδν
846 4942 1105 5011 στέφανον
1139 4939 1469 5011 κομίσασθαι
1492 4956 1505 4969 ·
1554 4938 1649 4992 1161
1695 4937 1782 4990 ἵνα
1818 4937 1923 5007 μά-

249 5030 373 5101 θῃς,
410 5029 604 5082 σκόπει
638 5045 727 5099 μοι
770 5028 929 5082 τοῦτο
964 5029 1057 5081 ἐπὶ
1096 5028 1198 5099 τῆς
1232 5025 1628 5098 ἐλεημοσύνης·
1663 5025 1789 5077 ὅταν
1816 5022 1923 5093 γὰρ

251 5118 370 5189 ῐδης
392 5116 483 5171 τὸν
509 5115 603 5170 ἐπὶ
634 5116 734 5187 τῆς
766 5115 971 5184 ἀγορᾶς
1016 5113 1347 5187 ἐρριμμένον
1390 5113 1482 5166 1:61
1519 5112 1723 5185 ἐσχάτῃ
1766 5109 1926 5181 πενίᾳ

251 5198 636 5271 κατεχόμενον,
668 5197 763 5251 καὶ
804 5197 1094 5269 συναλγῇς,
1139 5195 1322 5260 τείνας
1352 5212 1414 5249 τε
1442 5194 1540 5267 τὴν
1580 5195 1816 5249 διάνοιαν
1846 5195 1927 5258 είς

250 5288 343 5342 τὸν
382 5285 611 5357 οὐρανὸν
663 5283 1062 5355 εὐχαριστήσης
1105 5281 1182 5353 τῷ
1215 5283 1459 5353 Δεσπότῃ
1501 5282 1594 5335 1:61
1644 5281 1783 5352 ὑπὲρ
1816 5280 1925 5333 τῶν

254 5374 398 5428 κατά
431 5372 645 5438 σαυτὸν,
677 5372 772 5426 1:61
796 5371 935 5443 ὑπὲρ
974 5369 1073 5440 τῆς
1104 5370 1378 5440 ὑπομονῆς
1403 5368 1496 5422 τοῦ
1541 5368 1789 5440 πένητος,
1824 5365 1927 5420 κᾶν

256 5464 334 5533 μὴ
359 5460 541 5515 δύναιο
565 5459 869 5532 ἐπαρκέσαι
898 5459 993 5512 1:61
1014 5457 1173 5511 λῦσαι
1201 5458 1293 5511 τὸν
1331 5457 1508 5528 λιμὸν,
1538 5457 1645 5509 ἀπὸ
1673 5456 1770 5527 τῆς
1795 5454 1928 5524 γνώ-

259 5564 369 5619 μης
418 5547 826 5618 ἀπηρτισμένον
867 5543 1059 5608 ἔλαϐες
1104 5543 1197 5597 τὸν
1242 5543 1455 5614 μισθόν.
1486 5543 1586 5595 Διά
1641 5541 1742 5612 769
1775 5540 1930 5595 τοῦτο

257 5636 353 5691 καὶ
388 5635 419 5687 6
445 5634 719 5697 Δεσπότης
747 5632 930 5702 ἔλεγεν
954 5648 968 5662 ·
1005 5634 1105 5697 ’ος
1130 5632 1238 5685 ἐὰν
1260 5630 1481 5698 ποτίσῃ
1508 5629 1793 5698 ποτήριον
1816 5631 1932 5697 ψυ-

259 5720 407 5791 χροῦ
434 5722 629 5790 μόνον
665 5722 753 5786 είς
791 5721 980 5789 ὄνομα
1025 5719 1317 5790 μαθητοῦ,
1360 5719 1522 5788 ἀμὴν
1550 5717 1707 5787 λέγω
1764 5716 1926 5787 ὑμῖν,

257 5811 328 5863 οὐ
356 5807 444 5877 μὴ
468 5808 745 5878 ἀπολέσῃ
780 5808 885 5864 τὸν
908 5810 1131 5881 μισθὸν
1158 5807 1363 5864 αὐτοῦ.
1392 5808 1481 5879 Μή
1516 5823 1567 5860 τι
1591 5805 1799 5878 ψυχροῦ
1828 5823 1924 5860 1:0-

321 5932 351 5963 ⁸
372 5932 473 5987 Alii
497 5931 711 5996 ὀφθῆναι.

1368 343 1434 399 ΙΝ
1473 343 1625 399 CAP.
1672 340 1779 397 VIII
1807 340 2055 398 GENES.
2088 341 2321 403 IIOMIL.
2353 347 2562 405 XXVII.

3584 364 3698 425 ΞΗ»

2002 459 2203 553 τηρίου
2231 463 2651 553 εὐτελέστερονς
2699 469 2837 523 Ἀλλ’
2870 468 2904 543 ή
2946 470 3139 545 γνώμη
3178 472 3270 528 τὸν
3321 475 3510 548 μισθὸν
3541 480 3701 553 αὐτῷ

2006 545 2359 637 προεξένησε.
2400 551 2474 605 T6
2517 553 2650 607 αὐτὸ
2694 556 2790 609 1:61
2821 557 2915 612 61:1
2954 559 3050 614 :06
3091 545 3334 615 ἐναντίου
3364 545 3690 637 εὑρήσομεν.

2017 631 2159 724 ῘΑλΥ
2188 635 2487 724 ἀναγκαῖον
2533 639 2666 707 γοῦν
2709 641 2886 696 ταῦτα
2939 647 3110 699 κινεῖν
3140 647 3233 702 61:1
3281 648 3382 720 τῆς
3422 631 3691 724 ὑμετέρας

2004 719 2250 811 ἀγάπης,
2284 723 2373 778 ἵνα
2415 725 2623 779 τούτων
2656 728 2756 798 τὴν
2799 730 3087 801 ἀκρίϐειαν
3121 733 3320 799 εἰδότες
3351 719 3553 809 πολλὴν
3593 719 3695 811 τῆς

2006 808 2428 900 εὐγνωμοσύνης
2478 814 2710 884 ποιῆσθε
2759 817 2859 889 τήν
2908 821 3231 891 ἀσφάλειαν.
3269 826 3467 879 Ἀκουε
3504 808 3695 900 γάρτί

2007 913 2172 967 φησιν
2201 898 2231 950 6
2258 900 2495 965 Χριστός
2516 918 2531 933 ο
2575 902 2631 955 '0
2662 903 2972 974 ἐμϐλέψας
3005 909 3263 978 γυναῖκα
3293 912 3444 979 πρὸς
3476 913 3542 967 τὸ
3564 898 3692 968 ἐπι-

2006 983 2274 1054 θυμῆσαι
2299 986 2512 1055 αὐτῆς,
2543 987 2662 1058 ἤδη
2715 991 3076 1062 ἐμοίχευσεν
3099 996 3296 1064 αὐτὴν
3327 999 3399 1054 ἐν
3437 1000 3514 1068 τῇ
3550 1017 3695 1069 καρ-

2005 1071 2107 1160 δίᾳ
2135 1074 2344 1129 αὑτοῦ.
2388 1076 2552 1147 Ὀρᾷς
2575 1078 2669 1131 1:61
2702 1079 2936 1134 ἐνταῦθα
2966 1082 3128 1136 πάλιν
3157 1084 3266 1137 61:6
3287 1086 3388 1156 τῆς
3410 1089 3695 1160 μοχθηρᾶς

2007 1159 2235 1232 γνώμης
2259 1163 2354 1216 1:61
2374 1163 2473 1235 τὴν
2496 1165 2821 1238 κατάκρισιν
2838 1169 3134 1242 ἑπομένην,
3158 1173 3254 1225 1:61
3272 1172 3358 1227 616
3379 1173 3478 1245 τήν
3498 1176 3691 1246 ἀπερί-

2010 1263 2243 1301 σκεπτον
2256 1248 2402 1319 ὄψιν,
2427 1250 2579 1324 [2601
2599 1253 2676 1317 ὡς
2698 1256 2779 1317 είς
2800 1254 2959 1326 ἔργον
2974 1259 3073 1327 τῆς
3100 1258 3345 1328 μοιχείας
3370 1259 3694 1333 ἐξελθούσης

2008 1334 2178 1406 αὐτῷ,
2195 1335 2293 1407 τὴν
2320 1338 2543 1393 κόλασιν
2570 1342 2989 1415 ἐπηρτημένην;
3017 1344 3203 1399 Ταῦτα
3240 1348 3421 1401 τοίνυν
3446 1349 3692 1405 ἐννοοῦν-

2008 1439 2120 1487 τες,
2141 1426 2418 1496 πανταχοῦ
2432 1427 2538 1499 τὴν
2554 1426 2779 1500 γνώμην
2798 1432 2831 1501 ή
2841 1430 2958 1501 μῶν
2974 1432 3422 1505 ἀσφαλισώμεθα,
3443 1437 3529 1489 ἵνα
3551 1437 3691 1509 αῦτη

2008 1509 2079 1563 :6
2109 1512 2241 1583 παρ’
2271 1511 2428 1583 ήμῶν
2467 1514 2727 1585 γινόμενα
2760 1518 3156 1591 παρασκευάσῃ
3206 1520 3576 1592 εὐπρόσδεκτα
3604 1523 3693 1590 γί-

2010 1596 2219 1652 νεσθαι.
2252 1599 2316 1652 Et
2343 1599 2453 1671 769
2480 1600 2573 1656 τὸν
2602 1602 2807 1658 καπνὸν
2835 1606 2929 1659 1:61
2958 1605 3055 1677 τὴν
3098 1607 3326 1662 κνίσσαν
3351 1608 3528 1680 ὀσμήν
3562 1609 3695 1663 εὐω-

2010 1683 2127 1748 δίας
2154 1685 2403 1756 ἐποίησε,
2428 1688 2480 1741 τί
2495 1690 2595 1742 οὐκ
2617 1689 2682 1743 ἂν
2699 1690 3000 1762 ἐργάσηται
3021 1692 3120 1756 :6;
3143 1694 3513 1764 πνευματικὰς
3536 1696 3694 1768 ήμῶν

2012 1771 2217 1836 ταύτας
2244 1772 2522 1844 λατρείας,
2546 1776 2640 1829 1161
2662 1777 2836 1846 πόσης
2864 1780 3010 1848 ἡμᾶς
3036 1780 3097 1832 οὐ
3137 1782 3529 1854 παρασκευάσῃ
3559 1785 3694 1838 ἀπο⁴

2011 1858 2209 1915 λαῦσαι
2231 1861 2331 1932 τῆς
2366 1860 2571 1916 ἀνωθεν
2602 1863 2849 1929 εὐνοίας;
2878 1865 2987 1919 Καὶ
3015 1866 3362 1936 ὠσφράνθη,
3400 1871 3552 1940 φησὶ,
3580 1870 3692 1925 Κύ-

2005 1963 2140 2015 ριος
2171 1949 2204 2001 ό
2232 1946 2377 2013 Θεὸς
2398 1948 2601 2018 ὀσμήν
2621 1949 2891 2017 εὐωδίας.
2922 1950 3075 2016 Εἶδες
3093 1952 3161 2007 τὰ
3194 1955 3344 2025 παρά
3363 1956 3458 2008 τοῦ
3483 1956 3693 2011 δικαίου

2011 2035 2373 2106 γεγενημένα,
2398 2037 2535 2104 πῶς,
2562 2038 2686 2092 ὅσον
2704 2038 2803 2109 μὲν
2834 2039 2969 2111 πρὸς
2990 2041 3088 2111 τὴν
3107 2041 3228 2112 δψιν
3246 2042 3354 2096 τῶν
3369 2045 3693 2112 γεγονότων,

2014 2120 2205 2193 εὐτελῆ
2233 2123 2511 2193 τυγχάνει,
2556 2124 2665 2179 ἀπὺ
2692 2125 2751 2179 δέ
2777 2125 2878 2196 τῆς
2910 2127 3098 2195 ὑγιοῦς
3135 2129 3300 2183 αὐτοῦ
3338 2130 3563 2203 γνώμης
3597 2132 3693 2185 καὶ

2013 2206 2157 2260 πάνυ
2194 2208 2410 2278 μεγάλα
2442 2209 2753 2278 δείκνυται;
2783 2211 2982 2266 Σκόπει
3030 2231 3120 2285 μοι
3147 2214 3334 2270 λοιπὸν
3375 2215 3469 2270 τοῦ
3508 2217 3692 2285 φιλαν·

2012 2293 2233 2366 θρώπου
2291 2297 2567 2351 Δεσπότου
2602 2296 2702 2369 τὴν
2750 2298 2975 2371 ἄπειρον
3021 2300 3354 2372 ἀγαθότητα.
3407 2303 3517 2357 Καὶ
3561 2300 3692 2358 εἷπε

2011 2382 2229 2449 Κύριος
2282 2386 2315 2437 ό
2352 2383 2498 2450 Θεὸς
2536 2384 2904 2453 διανοηθείς·
2954 2389 3037 2441 Οὐ
3089 2389 3417 2455 προσθήσω
3444 2392 3530 2445 ἐτι
3585 2391 3692 2445 τοῦ

2013 2468 2469 2537 καταράσασθαι
2506 2470 2621 2538 τὴν
2641 2470 2761 2541 γῆν
2792 2471 2890 2526 διὰ
2916 2474 2989 2528 τὰ
3025 2473 3169 2543 ἔργα
3196 2475 3313 2529 τῶν
3344 2476 3691 2545 ἀνθρώπων,

2011 2553 2103 2609 ὅτι
2135 2554 2395 2625 ἔγκειται
2421 2558 2458 2625 ή
2495 2555 2729 2612 διάνοια
2764 2558 2872 2613 τοῦ
2909 2559 3227 2628 ἀνθρώπου
3257 2562 3552 2631 ἐπιμελῶς
3593 2562 3695 2620 ἐπὶ

2011 2642 2085 2697 τὰ
2114 2645 2349 2713 πονηρὰ
2372 2647 2440 2699 ἐκ
2472 2647 2777 2715 νεότητος.
2823 2650 2906 2702 Οὺ
2939 2648 3268 2716 προσθήσω
3291 2646 3406 2705 οὖν
3434 2652 3696 2718 πατάξαι

2012 2729 2221 2785 πᾶσαν
2263 2732 2463 2800 σάρκα
2507 2731 2700 2793 ζῶσαν
2766 2734 2957 2800 καθὼς
3007 2736 3286 2805 ἐποίησα,
3345 2738 3434 2792 ἐτι
3487 2737 3695 2810 πάσας

2012 2815 2119 2882 τὰς
2143 2816 2368 2887 ἡμέρας
2396 2817 2507 2887 τῆς
2538 2817 2672 2888 γῆς.

2082 2906 2143 2958 δ’.
2178 2906 2353 2971 Πολὺς
2392 2906 2493 2978 τῆς
2525 2907 2847 2979 εὐεργεσίας
2874 2909 2903 2961 6
2933 2908 3124 2978 67110;,
3153 2911 3247 2963 1:61
3284 2911 3417 2966 πολὺ
3445 2912 3547 2984 τῆς
3573 2913 3697 2982 φιλ-

2012 2991 2331 3064 ανθρωπίας
2376 2992 2438 3045 τδ
2472 2991 2721 3064 μέγεθος,
2770 2995 2866 3048 καὶ
2899 2995 3107 3065 άφατος
3133 2996 3232 3067 τῆς
3260 2998 3613 3063 ἀνεξικακίας
3655 3001 3690 3071 ή

2012 3079 2308 3152 ὑπερϐολή.
2344 3079 2456 3133 Καὶ
2505 3076 2637 3134 εἶπε
2672 3082 2888 3148 Κύριος
2938 3085 2972 3137 d
3019 3083 3162 3149 Θεὸς
3194 3083 3553 3154 διανοηθείς.
3595 3087 3691 3155 T6,

2012 3167 2377 3235 Διανοηθείς,
2416 3167 2580 3221 πάλιν
2612 3167 2992 3240 ἀνθρωπίνως,
3024 3170 3119 3223 1161
3146 3171 3222 3235 ὡς
3264 3172 3402 3244 πρὸς
3424 3174 3523 3244 τὴν
3553 3175 3694 3245 ήμε-

2010 3255 2177 3327 τέραν
2202 3254 2385 3326 φύσιν.
2409 3258 2493 3311 Οὐ
2518 3256 2848 3326 προσθήσω
2867 3258 2953 3311 ἐτι
2976 3257 3081 3312 τοῦ
3105 3259 3557 3328 καταράσασθαι
3579 3261 3697 3331 τὴν

2011 3341 2130 3411 γῆν
2150 3341 2246 3396 διὰ
2271 3342 2340 3397 τὰ
2361 3342 2505 3413 ἔργα
2529 3341 2648 3397 τῶν
2670 3344 3017 3411 ἀνθρώπων.
3043 3346 3152 3398 K61
3178 3347 3286 3418 769
3308 3348 3403 3400 61:1
3422 3346 3516 3401 τοῦ
3543 3365 3698 3420 πρω-

2009 3429 2311 3484 τοπλάστου
2340 3431 2692 3502 κατηράσατο
2719 3433 2911 3497 εἰπὼν,
2952 3432 3236 3500 Ἀκάνθας
3260 3434 3358 3488 καί
3385 3436 3695 3503 τριϐόλους

2012 3517 2314 3572 άνατελεῖ·
2350 3518 2445 3572 1161
2490 3520 2584 3572 ἐπὶ
2618 3518 2713 3571 τοῦ
2765 3521 2904 3573 Κάῖν
2946 3520 3109 3574 πάλιν
3154 3522 3373 3592 ὁμοίως.
3418 3524 3570 3577 Ἐπεὶ
3600 3519 3696 3578 οῦν

2013 3605 2109 3658 1:61
2138 3603 2233 3659 11611
2259 3604 2361 3676 τὴν
2392 3604 2663 3676 τοσαύτην
2708 3605 3089 3677 πανωλεθρίαν
3121 3608 3426 3679 ἐπήγαγεν,
3471 3610 3556 3664 ίνα
3583 3610 3693 3665 παι

2016 3690 2404 3763 ραμυθήσηται
2448 3691 2541 3745 τὸν
2583 3691 2811 3757 δίκαιον,
2865 3692 2961 3746 1161
2999 3692 3220 3765 θαρρεῖν
3272 3702 3695 3771 παρασκευάσῃ,

2014 3782 2110 3834 1:61
2146 3780 2224 3852 μῆ
2264 3779 2435 3853 μέλλῃ
2460 3778 2772 3848 λογίζεσθαι
2812 3780 2933 3835 καθ’
2959 3781 3171 3847 ἐαυτὸν,
3198 3782 3254 3836 τί
3280 3782 3343 3837 :6
3377 3782 3569 3854 κέρδος
3591 3786 3696 3856 τῆς

2014 3869 2390 3941 γεγενημένης
2417 3868 2696 3938 εὐλογίας;
2731 3868 2825 3922 1:61
2863 3868 2959 3922 :06
2991 3870 3552 3935 είπεῖν,Αῠξάνεσθε
3591 3876 3692 3929 καί

2014 3958 2419 4026 πληθύνεσθε,
2450 3959 2499 4012 εί
2533 3957 2821 4029 μέλλοιμεν
2850 3958 3010 4013 πάλιν
3040 3959 3121 4022 εἰς
3144 3958 3348 4029 πλῆθος
3370 3960 3699 4028 ἐπιδιδόντες

2014 4044 2385 4113 ἀπόλλυσθαι;
2434 4046 2547 4100 K61
2585 4045 2695 4115 769
2722 4045 2818 4099 1:61
2848 4046 2950 4118 ήδη
3002 4040 3158 4099 εἶπεν
3210 4046 3305 4100 ἐπὶ
3350 4046 3444 4101 τοῦ
3497 4050 3692 4120 Ἀδὰμ,

2006 4131 2356 4197 Αῠξάνεσθε
2410 4132 2510 4186 καί
2550 4133 2960 4200 πληθύνεσθε,
3008 4132 3103 4186 καὶ
3137 4133 3384 4204 ἐπήγαγε
3417 4136 3695 4190 κατακλυ-

2018 4220 2174 4292 σμόν.
2210 4220 2328 4274 ’Ίνα
2361 4216 2454 4274 οὐν
2487 4219 2562 4291 μὴ
2608 4217 2781 4273 ταῦτα
2827 4218 3175 4291 λογιζόμενος
3214 4222 3309 4274 1:61
3355 4222 3603 4293 στρέφων
3632 4224 3699 4280 ἐν

2015 4311 2080 4381 τῇ
2106 4307 2313 4378 διανοίᾳ
2340 4305 2601 4379 διηνεκῶς
2626 4306 2726 4375 τὴν
2749 4306 2987 4374 ἀγωνίαν
3008 4306 3127 4380 ἔχῃ,
3157 4307 3259 4379 ὅρα
3287 4307 3697 4381 φιλανθρωπίαν

2015 4397 2309 4451 Δεσπότου.
2359 4398 2442 4449 Οὐ
2476 4392 2822 4462 προσθήσω,
2869 4395 3053 4465 φησὶν,
3099 4390 3190 4449 ἐτι
3241 4396 3699 4465 καταράσασθαι

2016 4484 2132 4553 τὴν
2159 4482 2278 4554 γῆν
2309 4482 2408 4537 διὰ
2428 4481 2500 4536 τὰ
2530 4483 2673 4551 ἔργα
2713 4482 2833 4535 τῶν
2871 4480 3219 4551 ἀνθρώπων.
3250 4483 3394 4555 Ὅρα
3441 4484 3560 4549 πῶς
3596 4487 3699 4538 ἐπ·-

2017 4570 2351 4641 εσημήνατο,
2388 4569 2471 4621 ὅτι
2504 4566 2591 4619 διὰ
2624 4566 2722 4637 τὴν
2753 4565 2957 4619 τούτων
2982 4567 3285 4640 μοχθηρίαν
3310 4569 3409 4639 τὴν
3447 4568 3701 4642 κατάραν

2018 4659 2268 4727 ἐπήγαγε
2292 4657 2357 4726 τῇ
2392 4657 2484 4726 γῇ.
2517 4650 2651 4707 Εἶτα
2679 4653 2767 4707 ίνα
2805 4653 2881 4724 μὴ
2915 4644 3246 4725 νομίσωμεν,
3280 4655 3360 4708 6:1
3387 4656 3574 4728 ἐπειδὴ
3601 4657 3698 4710 61:1

2017 4745 2079 4798 :6
2110 4743 2318 4815 βέλτιον
2349 4740 2726 4813 μετεϐάλοντο,
2756 4739 2843 4793 διά
2877 4740 3035 4795 τοῦτο
3068 4741 3232 4806 αὐτὸς
3259 4742 3463 4811 ταύτην
3505 4744 3695 4814 ἐποιή-

2021 4849 2153 4886 66:0
2187 4830 2285 4900 τὴν
2315 4828 2630 4899 ὑπόσχεσιν,
2679 4828 2873 4899 φησίν·
2909 4828 3031 4880 Ὅτι
3074 4827 3332 4896 ἔγκειται
3373 4829 3413 4895 ή
3463 4827 3699 4883 διάνοια

2021 4917 2127 4973 τοῦ
2149 4916 2463 4986 ἀνθρώπου
2486 4913 2782 4984 ἐπιμελῶς
2805 4913 2904 4968 ἐπὶ
2932 4912 3005 4967 τὰ
3025 4912 3263 4981 πονηρὰ
3297 4913 3366 4966 ἐκ
3387 4912 3693 4982 νεότητος.

2018 5005 2182 5060 Ξένον
2214 4992 2627 5075 φιλανθρωπίας
2653 4996 2813 5062 εἶδος.
2861 4997 3103 5066 Ἐπειδὴ
3131 4998 3405 5067 ἔγκειται,
3443 5001 3627 5069 φησὶν,
3652 5001 3692 5069 ἠ

2018 5093 2253 5147 διάνοια
2280 5092 2386 5146 τοῦ
2417 5088 2730 5158 ἀνθρώπου
2776 5084 3072 5155 ἐπιμελῶς
3106 5085 3207 5138 ἐπὶ
3258 5086 3333 5139 τὰ
3362 5087 3595 5156 πονηρὰ
3624 5089 3696 5144 ἐκ

2022 5183 2328 5249 νεότητος,
2357 5177 2446 5231 διά
2472 5175 2650 5239 τοῦτο,
2681 5172 2895 5229 Οὐκέτι
2922 5172 3252 5241 προσθήσω
3288 5172 3396 5228 τοῦ
3443 5175 3695 5244 καταρά-

2021 5273 2245 5324 σασθαι
2272 5269 2389 5336 τὴν
2420 5264 2559 5336 γῆν.
2606 5261 2747 5331 Ἐγὼ
2789 5261 2887 5332 μὲν
2918 5260 3046 5331 769,
3091 5261 3245 5331 φησὶ,
3276 5260 3345 5316 :6
3373 5262 3503 5335 παρ’
3523 5264 3697 5335 ἐμαυι

2020 5357 2115 5411 τοῦ
2146 5356 2241 5409 1161
2266 5353 2413 5420 ἅπαξ
2447 5351 2541 5406 1:61
2571 5349 2824 5420 δεύτερον
2869 5347 3230 5420 ἐπεδειξάμην
3248 5364 3263 5379 ·
3298 5349 3483 5422 ἐπειδὴ
3507 5351 3563 5404 δέ
3583 5345 3696 5421 ὁρῶ

2021 5444 2122 5516 τὴν
2161 5442 2357 5496 κακίαν
2407 5436 2802 5507 αὐξανομένην,
2836 5434 3242 5505 ἐπαγγέλλομαι
3291 5435 3488 5507 μηκέτι
3528 5451 3696 5489 κατα.

2025 5529 2294 5602 ράσασθαι
2321 5526 2419 5598 τὴν
2456 5524 2581 5595 γῆν.
2634 5518 2764 5576 Εἶτα
2810 5522 3025 5586 δεικνὺς
3053 5522 3218 5575 αὐτοῦ
3250 5523 3349 5592 τῆς
3386 5521 3695 5591 φιλανθρω-

2023 5620 2155 5683 πίας
2195 5618 2259 5671 :6
2289 5614 2540 5686 μέγεθος,
2598 5612 2878 5683 ἐπήγαγεν
2903 5628 2917 5643 ο
2957 5613 3041 5665 Οὐ
3071 5609 3400 5679 προσθήσω
3440 5602 3557 5662 οὖν
3606 5606 3695 5660 ἔτι

2024 5705 2281 5770 πατάξαι
2305 5701 2510 5759 πᾶσαν
2528 5699 2725 5770 σάρκα
2746 5697 2961 5762 ζῶσαν,
2980 5698 3173 5763 καθὼς
3190 5696 3468 5763 ἐποίησα,
3491 5691 3697 5759 πάσας

2031 5796 2138 5860 τὰς
2160 5793 2404 5864 ἡμέρας.
2433 5792 2575 5863 Ὅρα
2608 5806 2697 5861 μοι
2734 5788 2851 5850 πῶς
2878 5787 2967 5841 διὰ
2997 5785 3212 5839 πάντων
3245 5782 3508 5851 μεγίστην
3540 5779 3697 5864 χαρίο

2034 5862 2285 5952 ζεταιήτῴ
2319 5862 2513 5950 δικαίῳ
2550 5876 2645 5948 τὴν
2681 5873 3055 5947 παραμυθίαν’
3089 5867 3287 5939 μᾶλλον
3315 5864 3370 5917 δὲ
3410 5863 3467 5917 06
3500 5862 3579 5932 τῷ
3610 5865 3697 5919 διο
