4066 6140
392 314 506 372 2ίὸ

391 431 553 500 καίῳ,
609 427 742 482 ἀλλὰ
783 425 870 480 διὰ
917 425 1014 498 τὴν
1059 425 1264 478 οἰκείαν
1301 424 1610 495 ἀγαθότητα
1657 425 1750 480 καὶ
1798 423 1946 495 πάσῃ
1977 423 2043 490 τῇ

393 517 661 588 μελλούσῃ
694 513 844 586 [261]
885 511 1231 566 συνίστασθαι
1267 512 1375 565 τῶν
1418 510 1719 582 ἀνθρώπων
1764 509 1944 580 φύσει.
1979 507 2053 560 Τὸ

392 606 520 676 γὰρ,
542 606 622 657 Οὐ
645 599 968 670 προσθήσω
987 595 1100 654 οὖν
1117 597 1375 662 πατάξαι
1397 597 1603 652 πᾶσαν
1621 598 1816 666 σάρκα
1837 595 2050 660 ζῶσαν,

393 693 487 746 καὶ
527 691 604 754 τὸ,
639 688 844 754 Καθὼς
887 687 1165 752 ἐποίησα.
1198 686 1291 739 καὶ
1315 685 1395 746 τὸ,
1442 683 1650 750 Πὰσας
1673 685 1779 750 τὰς
1805 680 2048 751 ἡμέρας,

389 777 547 831 τοῦτό
594 779 741 829 ἐστιν
783 773 1208 842 ἐνδεικνυμένου,
1255 773 1337 824 ὅτι
1383 771 1566 824 οὐκέτι
1615 769 1852 823 τοιοῦτον
1900 767 2050 821 ἔσται

390 863 699 922 κλυδώνιον.
729 861 850 915 οὔτε
895 859 1130 929 τοσαύτη
1166 858 1508 928 πανωλεθρία
1553 857 1916 927 καταλήψεται
1953 856 2051 926 τὴν

389 951 734 1021 οίκουμένην.
766 944 898 1002 Εἶτα
947 947 1042 1002 καὶ
1080 947 1179 1016 τῆς
1213 945 1528 1017 εὐεργεσίας
1575 943 1738 998 αὐτοῦ
1766 943 1826 997 τὸ
1875 942 2051 1012 διηνε-

390 1037 517 1101 κές·
557 1038 653 1089 Ἑν
679 1035 921 1099 πάσαις,
952 1032 1107 1104 φησὶ,
1130 1035 1248 1096 ταῖς
1275 1032 1526 1103 ἡμέραις,
1549 1031 1691 1084 τοῦτ’
1717 1030 1853 1095 ἐστι,
1877 1029 2050 1083 πάντα

388 1122 481 1174 τὸν
527 1122 698 1175 αἰῶνα
755 1118 1156 1188 ἐπαγγέλλομαι
1211 1116 1407 1188 μηκέτι
1461 1115 1727 1187 τοσαύτην
1788 1114 2055 1179 ἐπιδείξα-

392 1207 515 1261 σθαι
556 1208 654 1279 τὴν
697 1206 1085 1275 ἀγανάκτησιν,
1130 1204 1250 1256 οὐδὲ
1299 1203 1445 1256 οὕτω
1504 1203 1764 1274 σύγχυσιν
1817 1202 2050 1271 ἐργάσα.

393 1293 518 1346 σθαι
556 1294 655 1362 τῆς
688 1292 794 1346 τῶν
842 1291 996 1362 ὡρῶν
1037 1291 1305 1360 κράσεως,
1358 1289 1452 1344 καὶ
1479 1289 1576 1357 τῆς
1629 1288 1736 1339 τῶν
1779 1287 2053 1356 στοιχείων

389 1378 609 1442 θέσεως.
647 1379 738 1432 Διὸ
767 1379 860 1432 καὶ
897 1378 1164 1447 ἐπήγαγε,
1201 1374 1441 1443 Σπέρμα
1468 1375 1563 1428 καὶ
1606 1372 1908 1440 θερισμὸς,
1940 1372 2054 1440 ψῦ-

389 1483 498 1535 χος
526 1465 620 1519 καί
644 1464 860 1532 καῦμα,
894 1462 1065 1530 θέρος
1097 1462 1192 1515 καὶ
1229 1461 1334 1530 ἔαρ
1361 1459 1590 1529 ἡμέραν
1627 1460 1722 1512 καὶ
1754 1461 1944 1512 νύκτα
1981 1459 2052 1512 οὐ

390 1551 906 1604 καταπαύσουσιν.
951 1548 1248 1617 Ἀκίνητος,
1302 1550 1488 1616 φησὶν,
1525 1545 1671 1599 ἔσται
1705 1545 1842 1615 αὐτη
1878 1544 2052 1614 ἠδιά-

389 1638 561 1702 τάξις.
590 1638 680 1690 καὶ
700 1637 821 1690 οὐτε
851 1639 883 1706 ἡ
914 1637 983 1705 γῆ
1011 1623 1273 1704 διαλείψει
1309 1634 1439 1688 ποτὲ
1469 1633 1536 1686 τά
1576 1635 1702 1702 παρ’
1749 1632 1948 1700 ἑαυτῆς
1976 1629 2053 1702 τῷ

387 1723 496 1777 τῶν
535 1721 834 1794 ἀνθρώπων
862 1721 1008 1790 γένει
1042 1720 1374 1791 χορηγοῦσα,
1410 1720 1502 1772 καὶ
1533 1719 1640 1771 τῶν
1667 1717 1926 1786 καμάτων
1959 1716 2052 1770 καὶ

387 1810 486 1880 τῆς
509 1808 780 1878 γεωργίας
807 1807 1132 1862 ἀποδιδοῦσα
1156 1807 1252 1869 τὰς
1284 1805 1516 1876 ἀμοιϐὰς
1539 1845 1553 1867 ,
1596 1804 1719 1858 οὐτε
1753 1807 1807 1857 αἱ
1857 1804 2052 1875 τροπαὶ

391 1894 931 1964 μετακινηθήσονται,
959 1891 1097 1946 ἀλλὰ
1116 1892 1285 1961 ψῦχος
1309 1893 1401 1944 καὶ
1422 1891 1630 1962 καῦμα,
1662 1891 1755 1944 καὶ
1784 1890 1938 1962 Θέρος
1959 1891 2052 1944 καὶ⁵

385 1981 489 2052 ἔαρ
519 1979 639 2033 καθ’
678 1979 906 2031 ’ἑκαστον
939 1977 1032 2030 106
1065 1976 1310 2030 ἐνιαυτοῦ
1362 1977 1560 2030 κύκλον
1603 1979 1776 2030 ἔσται.
1836 1977 2051 2048 Ἐπειδὴ

387 2067 495 2138 γὰρ
523 2065 664 2118 κατὰ
689 2065 778 2118 τὸν
805 2065 898 2117 106
920 2063 1307 2134 κατακλυσμοῦ
1336 2065 1525 2134 καιρὸν
1571 2064 1773 2134 ταύτης
1803 2064 1930 2133 ὅλης
1954 2063 2052 2132 τῆς

385 2152 682 2215 διατάξεως
709 2150 965 2221 σύγχυσίς
993 2168 1077 2213 τις
1109 2151 1320 2218 γέγονε,
1350 2151 1444 2202 καὶ
1473 2149 1720 2218 καθάπερ
1748 2151 1805 2202 ἐν
1842 2149 1938 2218 μιᾷ
1959 2165 2052 2201 νυ-

387 2241 500 2304 κτὶ,
549 2239 720 2302 οὕτως
749 2241 806 2291 ἐν
841 2237 1001 2290 παντὶ
1032 2238 1109 2308 τῷ
1137 2238 1313 2309 χρόνῳ
1360 2240 1416 2290 ἐν
1459 2239 1524 2307 τῇ
1556 2235 1772 2306 κιϐωτῷ
1819 2235 2002 2304 διῆγεν
2024 2235 2053 2287 ό

387 2327 592 2389 δίκαιος
614 2320 786 2388 οὗτος,
813 2323 902 2376 διὰ
929 2323 1086 2376 τοῦτό
1112 2341 1244 2392 φησι
1269 2338 1281 2353 ³
1316 2323 1409 2378 νῦν
1429 2322 1550 2376 οὐτε
1582 2325 1612 2392 ἡ
1641 2323 1843 2392 ἡμέρα,
1872 2320 2048 2392 οὖτεὴ

388 2412 484 2478 νὺξ
513 2413 603 2464 τὸν
632 2413 829 2463 οἰκεῖον
864 2409 1098 2477 ἐλλείψει
1132 2409 1352 2479 δρόμον,
1384 2409 1518 2462 ἀλλά
1546 2409 1704 2478 μέχρι
1731 2408 1830 2478 τῆς
1864 2424 2044 2459 συντε-

388 2497 539 2558 λείας
570 2496 665 2548 τοῦ
705 2495 897 2558 αἰῶνος
929 2494 1182 2564 ἀκίνητος
1221 2493 1369 2546 έσται
1405 2493 1608 2546 τούτων
1651 2495 1684 2560 ἡ
1723 2493 2048 2563 λειτουργία.

389 2579 542 2646 Εἶδες
572 2581 915 2652 παράκλησιν
959 2580 1232 2652 ἀρκοῦσαν
1275 2582 1366 2632 καὶ
1405 2579 1706 2650 δυναμένην
1751 2579 2051 2649 ἀναστῆσαι

387 2668 480 2722 106
519 2669 728 2722 δικαίου
760 2667 821 2720 τὸ
873 2667 1160 2738 φρόνημα;
1211 2664 1349 2730 εἶδες
1375 2667 1472 2737 τῆς
1500 2665 1916 2736 εὐγνωμοσύνης
1937 2667 2052 2719 οἷαν

386 2755 605 2826 δέχεται
651 2754 749 2824 τὴν
803 2753 1070 2823 ἀμοιϐήν;
1107 2753 1302 2806 ’Δκουε
1331 2753 1424 2806 καὶ
1457 2756 1520 2806 ὲκ
1549 2753 1656 2806 τῶν
1701 2754 2054 2823 ἐπαγομένων

387 2842 550 2895 πάλιν
575 2840 672 2911 τὴν
699 2841 903 2910 ἄφατον
929 2839 1257 2910 φιλοτιμίαν.
1285 2841 1392 2893 Καὶ
1440 2840 1756 2909 εὐλόγησε,
1803 2841 1985 2908 φησὶν,
2020 2842 2054 2893 ό

389 2927 534 2995 Θεὸς
568 2928 675 2982 τὸν
709 2925 838 2982 Νῶε
868 2927 964 2980 καὶ
995 2926 1136 2993 τοὺς
1157 2925 1327 2992 υἱοὺς
1351 2927 1557 2980 αὑτοῦ.
1587 2926 1697 2982 Kal
1741 2922 1909 2979 εἶπεν
1945 2927 2052 2979 ai;-

386 3014 540 3080 τοῖς·
587 3013 933 3079 Αὐεάνεσθε
978 3013 1073 3066 καὶ
1115 3013 1514 3078 πληθύνεσθε,
1567 3012 1664 3066 καὶ
1701 3011 2052 3079 πληρώσατε

387 3101 503 3170 τὴν
528 3099 644 3171 γῆν
665 3141 679 3164 ,
714 3100 814 3154 xal
849 3100 1354 3165 κατακυριεύσατε
1391 3097 1600 3166 αὐτῆς.
1642 3098 1751 3152 Kal
1788 3101 1819 3152 ό
1841 3100 2055 3166 τρόμος

388 3186 557 3257 ὑμῶν
585 3186 737 3240 καὶὸ
765 3189 950 3255 φόϐος
987 3184 1157 3238 ἔσται
1190 3185 1285 3238 ἐπὶ
1319 3183 1467 3237 πᾶσι
1518 3183 1641 3249 τοῖς
1687 3185 1908 3252 θηρίοις
1945 3183 2055 3251 τῆς

390 3273 524 3342 γῆς,
565 3273 664 3326 καί
703 3273 800 3325 ἐπὶ
829 3272 1024 3324 πάντα
1065 3272 1135 3324 τὰ
1173 3271 1348 3337 ὄρνεα
1381 3270 1486 3324 τοῦ
1508 3271 1789 3338 οὐρανοῦ,
1830 3271 1928 3324 καὶ
1955 3271 2055 3325 ἐπὶ

390 3359 588 3412 πάντα
622 3357 693 3412 τὰ
717 3358 1038 3425 κινούμενα
1083 3355 1180 3409 ἐπὶ
1211 3354 1320 3424 τῆς
1374 3355 1504 3424 γῆς,
1548 3357 1647 3409 καὶ
1693 3356 1791 3410 ἐπὶ
1824 3356 2054 3423 πάντας

389 3444 535 3510 τοὺς
566 3444 774 3512 ἰχθύας
799 3442 908 3510 τῆς
929 3439 1245 3508 θαλάσσης
1265 3458 1278 3470 '
1311 3442 1429 3494 ὑπὸ
1461 3440 1662 3509 χεῖρας
1681 3442 1824 3511 ὑμῖν
1859 3443 2054 3497 πάντα

391 3531 640 3587 δέδωκα.
670 3531 778 3584 Kal
802 3528 926 3583 πᾶν
953 3527 1220 3597 ἑρπετὸν,
1242 3527 1276 3580 ὅ
1296 3529 1426 3581 ἐστι
1453 3527 1580 3594 ζῶν,
1606 3529 1747 3598 ὑμῖν
1769 3529 1939 3583 ἔσται
1968 3532 2054 3595 εἰς

384 3618 638 3686 ⁸βρῶσιν.
682 3618 776 3684 Ὠς
800 3617 1039 3686 λάχανα
1071 3616 1285 3685 χόρτου
1307 3615 1535 3670 δέδωκα
1567 3617 1708 3686 ὑμῖν
1729 3619 1799 3671 τὰ
1836 3617 2047 3672 πάντα.

389 3703 564 3770 Πλὴν
599 3703 778 3772 κρέας
809 3702 880 3755 ὲν
929 3703 1128 3770 αἵματι
1183 3699 1392 3770 ψυχῆς
1421 3703 1491 3754 οὐ
1525 3701 1806 3771 φάγεσθε.
1871 3703 2053 3769 ’Ἄξιον

389 3789 624 3843 ἐνταῦθα
676 3789 952 3859 θαυμάσαι
1003 3787 1097 3840 106
1155 3788 1423 3840 Δεσπότου
1474 3787 1572 3858 τὴν
1613 3789 2054 3860 ὑπερϐάλλουσαν

389 3876 722 3945 ἀγαθότητα.
758 3875 900 3947 Ὀρα
927 3875 1036 3946 γάρ
1071 3893 1158 3946 μοι
1182 3875 1341 3928 πάλιν
1373 3875 1462 3928 τὸν
1491 3874 1696 3930 δίκαιον
1722 3875 1908 3930 τοῦτον
1955 3879 2051 3948 τῆς

388 3963 559 4033 αὐτῆς
583 3963 827 4030 εὐλογίας
855 3960 1172 4032 ἀξιούμενον
1216 3960 1318 4032 τῷ
1343 3961 1535 4030 Ἀδὰμ,
1575 3961 1669 4015 καὶ
1688 3962 1786 4032 τὴν
1818 3963 2050 4036 ἀφαιρε-

389 4050 572 4103 θεῖσαν
597 4049 769 4120 ἀρχὴν
812 4048 1285 4118 ἀνακαλεσάμενον
1325 4046 1414 4100 διὰ
1439 4048 1538 4116 τῆς
1587 4048 1792 4111 οίκείας
1826 4050 2047 4120 ἀρετῆς,

391 4136 590 4196 μᾶλλον
616 4135 780 4188 δὲδιά
811 4134 909 4204 τὴν
937 4135 1142 4200 ἄφατον
1177 4133 1272 4185 τοῦ
1316 4132 1582 4185 Δεσπότου
1623 4134 2045 4203 φιλανθρωπίαν.

386 4223 602 4292 Ὥσπερ
638 4221 748 4292 γὰρ
775 4222 862 4273 ἐπ’
891 4221 1098 4274 ἐκείνου
1127 4219 1307 4288 ἔλεγεν
1327 4258 1340 4281 ,
1386 4219 1732 4283 Αὑξιίνεσθε
1767 4222 1862 4273 καὶ
1899 4226 2051 4290 πλη-

388 4311 662 4373 θύνεσθε,
697 4307 795 4360 καὶ
823 4305 1178 4374 πληρώσατε
1211 4306 1326 4372 τὴν
1350 4305 1488 4376 τῆν,
1530 4307 1627 4359 καὶ
1663 4310 2048 4375 κατακυριεύ-

387 4413 537 4450 σατε
564 4393 770 4462 αὐτῆς,
798 4394 897 4447 καί
932 4393 1142 4464 ἄρχετε
1164 4393 1282 4447 τῶν
1311 4393 1531 4462 ἰχθύων
1558 4391 1666 4462 τῆς
1709 4393 2046 4463 θαλάσσης,

387 4483 483 4540 καὶ
506 4483 624 4537 τῶν
642 4481 922 4552 ἑρπετῶν,
945 4483 1042 4536 καὶ
1067 4480 1352 4536 πετεινῶν
1366 4480 1473 4535 τοῦ
1502 4482 1780 4549 οὐρανοῦ,
1811 4482 1908 4536 καὶ
1933 4481 2051 4535 τῶν

387 4571 606 4639 θηρίων
637 4568 738 4637 τῆς
772 4568 884 4638 γῆς
903 4586 917 4600 ·
949 4567 1088 4622 οὕτω
1111 4570 1205 4621 νῦν
1235 4586 1366 4641 φησι
1389 4585 1403 4599 ⁸
1434 4568 1543 4623 Καὶ
1581 4572 1613 4622 ό
1640 4571 1856 4638 τρόμος
1883 4567 2051 4638 ὑμῶν

388 4658 487 4712 καὶ
519 4661 552 4711 ό
589 4657 772 4726 φόϐος
803 4655 972 4708 ἔσται
1017 4654 1114 4707 ἐπὶ
1155 4655 1306 4708 πᾶσι
1352 4655 1477 4721 τοῖς
1499 4657 1721 4723 θηρίοις
1749 4655 1860 4724 τῆς
1913 4654 2046 4724 τῆς,

385 4746 486 4800 καί
516 4744 614 4797 ἐπὶ
639 4741 835 4796 πάντα
864 4740 935 4794 τὰ
968 4740 1164 4808 ὄρνεα.
1191 4741 1302 4793 Καὶ
1350 4738 1473 4793 πᾶν
1515 4740 1786 4807 ἑρπετὸν,
1834 4741 1868 4793 ὅ
1918 4741 2049 4793 ἐστι

386 4831 516 4896 ζῶν,
549 4829 692 4900 ὑμῖν
717 4830 889 4884 ἔσται
913 4830 1000 4894 εις
1018 4826 1274 4894 βρῶσιν.
1315 4827 1415 4890 Ὧς
1434 4827 1670 4894 λάχανα
1705 4828 1922 4896 χόρτου
1949 4827 2048 4880 δέ-

383 4919 543 4972 δωκα
567 4917 708 4987 ὑμῖν
730 4919 804 4971 τὰ
833 4915 1048 4970 πάντα.
1096 4913 1270 4982 Πλὴν
1293 4912 1470 4982 κρέας
1513 4914 1582 4966 ἐν
1611 4915 1808 4983 αἵματι
1837 4916 2046 4985 ψυχῆς

385 5008 458 5060 οὺ
489 5005 770 5075 φάγεσθε.
806 5003 948 5072 Ὅρα
981 5001 1070 5055 τὸν
1100 5001 1261 5053 αὐτὸν
1310 4999 1510 5054 κανόνα
1551 5001 1750 5070 ἑτέρως
1791 5001 2048 5067 διασωζό-

389 5109 571 5163 μενον,
603 5090 695 5143 τὸν
723 5091 815 5142 ἐπὶ
865 5087 956 5140 106
989 5087 1430 5157 πρωτοπλάστου.
1479 5087 1747 5158 Καθάπερ
1775 5089 1880 5160 γὰρ
1932 5091 2048 5142 ἐκεῖ

387 5176 528 5248 μετὰ
576 5175 637 5228 τὸ
662 5176 876 5228 πάντων
900 5174 1201 5243 ἐγχειρίσαι
1232 5176 1328 5244 τὴν
1353 5174 1547 5245 ἀρχὴν,
1586 5177 1679 5228 καὶ
1715 5175 1822 5228 τῶν
1868 5177 1925 5228 ἐν
1969 5175 2046 5246 τῷ

382 5257 695 5328 παραδείσῳ
722 5260 1022 5326 παρασχεῖν
1045 5257 1141 5328 τὴν
1187 5257 1501 5322 ἀπόλαυσιν,
1553 5259 1666 5321 ἐνὸς
1695 5258 1854 5325 ξύλου
1887 5259 2046 5330 μόνον

383 5342 684 5414 ἀπέχεσθαι
739 5341 1052 5395 ἐκέλευσεν·
1083 5344 1223 5397 οὕτω
1247 5344 1311 5416 δὴ
1344 5346 1439 5398 καὶ
1496 5345 1729 5398 ἐνταῦθα
1762 5345 1900 5416 μετά
1948 5345 2044 5416 τὴν

381 5432 650 5500 εὐλογίαν,
699 5430 794 5483 καὶ
843 5429 907 5482 τὸ
934 5431 1160 5503 φοϐερὸν
1191 5433 1352 5486 αὐτὸν
1392 5434 1726 5504 καταστῆσαι
1758 5437 1869 5496 τοῖς
1893 5432 2042 5505 [262]

381 5521 611 5593 θηρίοις,
645 5519 736 5571 καὶ
771 5516 946 5570 πάντα
971 5519 1038 5571 τὰ
1067 5520 1288 5572 πετεινὰ
1334 5523 1426 5573 καὶ
1463 5520 1533 5572 τὰ
1559 5520 1719 5591 ὄρνεα
1743 5521 1848 5572 ὑπὸ
1889 5523 2043 5590 χεῖρα

380 5612 627 5678 ποιῆσαι,
663 5605 794 5674 φησί
815 5621 829 5634 '
851 5604 980 5659 Πᾶν
1007 5606 1245 5674 ἑρπετὸν
1286 5605 1397 5664 ζῶν
1424 5606 1565 5675 ὑμῖν
1583 5606 1755 5660 ἔσται
1783 5609 1870 5671 εὶς
1893 5605 2046 5673 βρῶ-

381 5713 485 5750 σιν
508 5712 520 5724 ·
545 5697 625 5759 ὡς
647 5691 884 5760 λάχανα
909 5693 1123 5760 χόρτου
1147 5692 1289 5760 ὑμῖν
1318 5691 1543 5748 δέδωκα
1585 5694 1656 5745 τὰ
1682 5693 1899 5749 πάντα.
1926 5694 2041 5746 Ἐν-

380 5783 570 5839 τεῦθεν
589 5780 728 5855 ἀρχὴ
753 5783 1096 5851 κρεωφαγίας
1123 5780 1350 5851 γίνεται,
1376 5781 1472 5851 οὐχ
1489 5780 1574 5836 ἵνα
1600 5783 1677 5845 εἰς
1697 5798 2033 5851 γαστριμαρ-

1179 309 1231 363 s.
1275 307 1555 365 JOAN‘NIS
1592 291 2078 363 cnmsos'mm
2114 303 2428 362 ARCIIIEP.
2469 307 3016 368 CONSTANTINOP.

3715 311 3828 368 9H3

2158 421 2282 488 γίαν
2314 425 2509 489 αὐτοὺς
2540 425 2754 497 ἀλείψῃ,
2790 427 2905 480 ἀλλ’
2936 427 3124 498 ἐπειδὴ
3155 428 3386 498 ἤμελλον
3430 428 3490 492 ἐξ
3521 429 3702 482 αὐτῶν
3727 428 3822 481 θυι

2153 511 2272 574 σίας
2301 513 2590 585 ἀναφέρειν
2621 517 2671 567 οἱ
2701 515 2997 587 ἄνθρωποι,
3027 515 3122 569 καὶ
3167 515 3515 586 εὐχαριστίας
3548 516 3816 573 ποιεῖσθαι

2149 596 2225 667 τῷ
2251 601 2514 672 Δεσπότῃ,
2562 602 2648 656 ἴνα
2683 603 2758 675 μὴ
2805 603 3029 670 δόξωσιν
3060 603 3136 666 ὼς
3164 603 3558 674 ἀφιερωμένων
3619 604 3819 672 ἀπέχε-

2153 683 2296 746 σθαι,
2319 685 2407 740 διὰ
2429 686 2587 740 τοῦτο
2609 689 2706 759 τῆς
2729 687 2983 759 βρώσεως
3007 687 3103 758 τὴν
3131 687 3378 754 ἐξουσίαν
3407 687 3710 760 χαρίζεται,
3725 689 3821 741 καὶ

2150 771 2351 843 πολλὴν
2369 773 2466 844 τὴν
2498 775 2679 829 ἄδειαν
2713 775 2958 846 παρέχει.
3009 776 3102 840 Ὠς
3131 773 3368 844 λάχανα
3387 775 3625 844 χόρτου,
3663 776 3817 844 φησὶ,

2149 857 2378 912 δέδωκα
2414 860 2558 928 ὑμῖν
2577 860 2649 914 τὰ
2674 861 2890 916 πάντα.
2951 856 3085 916 Εἶτα
3115 862 3365 932 καθάπερ
3396 863 3487 915 ἐπὶ
3512 861 3606 914 τοῦ
3649 862 3822 930 Ἀδὰμ

2149 945 2242 998 τοῦ
2267 946 2385 1010 ἐνὸς
2418 945 2575 1012 ξύλου
2604 948 2906 1002 ἐνετείλατο
2941 948 3080 1018 μετά
3125 947 3221 1019 τὴν
3253 949 3472 1002 πάντων
3522 948 3820 1002 ἀπόλαυσιν

2151 1033 2470 1102 ἀπέχεσθαι,
2509 1033 2652 1087 οὕτω
2684 1037 2779 1090 καὶ
2805 1035 3057 1100 ἐνταῦθα,
3103 1036 3242 1106 μετά
3285 1036 3345 1088 τὸ
3377 1037 3594 1090 πάντων
3645 1035 3820 1098 ἀδεῶς

2152 1120 2440 1190 ἐπιτρέψαι
2471 1122 2569 1192 τὴν
2596 1123 2856 1183 ἑστίασιν,
2881 1124 3048 1194 φησί·
3088 1123 3262 1191 Πλὴν
3283 1123 3463 1192 κρέας
3499 1124 3568 1176 ἐν
3617 1123 3820 1192 αἵματι

2150 1205 2359 1274 ψυχῆς
2389 1209 2459 1261 οὐ
2486 1207 2768 1278 φάγεσθε.
2799 1210 2864 1262 Τί
2893 1207 2986 1264 οὖν
3014 1210 3261 1281 βούλεται
3306 1211 3368 1263 τὸ
3409 1210 3726 1282 είρημένονς
3767 1211 3820 1261 τί

2152 1291 2304 1354 ἐστι,
2342 1293 2530 1360 Κρέας
2562 1295 2630 1348 ἐν
2659 1296 2857 1364 αΤματι
2896 1297 3140 1366 ψυχῆς;
3191 1297 3346 1350 Τοῦτ’
3389 1296 3535 1361 ἐστι,
3573 1297 3816 1351 πνικτόν.

2151 1377 2254 1432 T06
2278 1379 2386 1449 γὰρ
2413 1379 2606 1447 ἀλόγου
2636 1383 2668 1450 ἡ
2699 1381 2843 1453 ψυχὴ
2876 1383 2935 1434 τὸ
2967 1379 3104 1453 αἷμα
3133 1383 3409 1452 τυγχάνει.

2221 1476 2278 1523 ε’.
2300 1469 2450 1522 Ἐπεὶ
2477 1466 2569 1524 06v
2596 1472 2692 1534 τὰς
2717 1472 2906 1534 θυσίας
2929 1474 3161 1544 ἤμελλον
3189 1473 3457 1527 ἐπιτελεῖν
3479 1474 3577 1537 τὰς
3597 1475 3685 1527 διά
3705 1475 3824 1528 τῶν

2151 1555 2378 1625 ἀλόγων,
2417 1561 2697 1630 μονονουχὶ
2741 1560 2979 1614 διδάσκει
3027 1563 3220 1625 αὐτοὺς
3275 1561 3468 1630 λέγων,
3497 1564 3579 1617 ὅτι
3629 1563 3688 1616 τὺ
3717 1564 3821 1633 μὲν

2151 1638 2289 1714 αἷμα
2343 1646 2466 1716 ἐμοὶ
2517 1646 2896 1720 ἀφώρισταια,
2931 1648 2991 1701 τὸ
3022 1648 3077 1702 δὲ
3123 1650 3288 1718 κρέας
3333 1650 3479 1719 ὑμῖν.
3534 1648 3718 1704 Ταῦτα
3762 1651 3820 1702 δὲ

2151 1734 2313 1797 ποιεῖ,
2337 1731 2541 1787 ἀνωθεν
2571 1735 3018 1804 προαναστέλλων
3043 1736 3221 1788 αὐτῶν
3248 1735 3345 1806 τὴν
3371 1735 3544 1808 ὁρμὴν
3564 1735 3661 1806 τὴν
3688 1739 3820 1808 περὶ

2150 1817 2250 1889 τὴν
2286 1818 2656 1890 ἀνδροφονίαν.
2693 1823 2801 1876 Καὶ
2829 1822 2909 1876 ὅτι
2937 1821 3093 1874 τοῦτό
3116 1823 3260 1875 ἐστιν
3295 1823 3513 1892 ἀληθὲς,
3544 1822 3640 1876 καὶ
3667 1823 3821 1875 εὐλα-

2152 1904 2441 1976 ϐεστέρους
2492 1909 2688 1970 αὐτοὺς
2731 1907 2982 1961 ἐντεῦθεν
3029 1909 3249 1979 ποιῆσαι
3291 1909 3608 1980 βουλόμενος
3643 1911 3820 1964 ταῦτα

2151 1990 2490 2046 διατάττεται
2534 1994 2586 2054 ι’.
2617 1994 2778 2048 ἄκουε
2809 1995 2917 2048 τῶν
2947 1995 3092 2065 ἑξῆς.
3134 1994 3242 2048 Kal
3274 1996 3382 2064 γὰρ
3432 1994 3500 2048 τὸ
3530 1995 3820 2066 ὑμέτερον

2151 2071 2315 2144 αἷμα,
2347 2077 2498 2150 φησὶ,
2525 2077 2643 2132 τῶν
2669 2079 2887 2149 ψυχῶν
2911 2080 3089 2150 ὑμῶν,
3117 2080 3418 2147 ἐκζητήσω
3435 2081 3579 2136 αὐτὸ
3605 2082 3673 2136 ἐκ
3693 2099 3816 2150 χει-

2142 2162 2255 2228 ρὸς
2283 2163 2522 2217 πάντων
2552 2163 2671 2218 τῶν
2715 2167 2934 2235 θηρίων
2956 2205 2971 2231 ,
3028 2168 3124 2220 καὶ
3179 2167 3247 2220 ἐκ
3280 2167 3477 2236 χειρὸς
3501 2167 3814 2237 ἀνθρώπου

2150 2249 2419 2319 ἀδελφοῦ
2441 2253 2746 2321 ἐκζητήσω
2767 2255 2880 2322 τὴν
2898 2253 3110 2324 ψυχὴν
3133 2255 3238 2309 τοῦ
3255 2255 3584 2324 ἀνθρώπου.
3611 2257 3675 2308 Τί
3695 2253 3809 2320 06v;

2150 2339 2183 2408 ἠ
2207 2337 2352 2411 ψυχὴ
2374 2339 2467 2393 106
2496 2341 2781 2414 ἀνθρώπου
2803 2343 2863 2396 τὸ
2887 2337 3025 2414 αἷμα
3052 2345 3306 2413 τυγχάνει
3327 2361 3340 2409 ;
3367 2346 3441 2398 Οὐ
3472 2344 3626 2398 10610
3642 2344 3807 2412 λέγει·

2155 2425 2228 2496 μὴ
2255 2427 2462 2493 γένοιτο
2486 2445 2498 2458 ·
2534 2429 2669 2482 ἀλλά
2695 2433 2761 2500 τῇ
2797 2430 3053 2503 συνηθείᾳ
3081 2434 3144 2502 τῇ
3176 2433 3488 2505 ἀνθρωπίνῃ
3526 2430 3810 2503 κέχρηται,

2151 2512 2225 2574 ὡς
2243 2512 2308 2566 ἀν
2335 2531 2416 2578 τις
2444 2515 2588 2569 εἴποι
2614 2517 2742 2580 τινὶ,
2775 2517 2836 2570 τὸ
2870 2513 3011 2588 αἷμά
3033 2535 3127 2572 σου
3152 2518 3402 2589 βαστάζω
3429 2522 3485 2572 έν
3512 2522 3633 2583 ταῖς
3660 2518 3817 2591 χερσί

2155 2617 2276 2668 μου,
2305 2603 2426 2656 ἀντὶ
2459 2603 2576 2668 106,
2624 2605 2722 2676 τὴν
2747 2605 2994 2670 ἐξουσίαν
3044 2607 3153 2678 ἔχω
3185 2609 3283 2677 τῆς
3333 2607 3664 2678 ἀναιρέσεως
3698 2625 3814 2662 σου.

2153 2688 2278 2742 Ὀτι
2310 2689 2420 2762 γάρ
2447 2692 2508 2746 οὐ
2539 2693 2602 2747 τὸ
2634 2689 2774 2765 αἷμά
2798 2697 2913 2748 ἐστι
2937 2694 3032 2750 τοῦ
3075 2695 3361 2769 ἀνθρώπου
3387 2697 3419 2766 ὴ
3449 2696 3614 2767 ψυχὴ,
3651 2696 3815 2750 ἄκουε

2149 2774 2244 2827 106
2282 2777 2516 2846 Χριστοῦ
2563 2778 2843 2848 λέγοντος·
2878 2781 2976 2848 Μὴ
3021 2780 3316 2851 φοϐηθῆτε
3367 2783 3485 2838 ἀπὸ
3519 2782 3638 2838 τῶν
3665 2785 3817 2836 ἀπο-

2150 2865 2504 2919 κτεινόντων
2531 2867 2595 2922 τὸ
2628 2867 2830 2938 σῶμα,
2871 2869 2986 2936 τὴν
3018 2869 3089 2923 δὲ
3124 2869 3335 2940 ψυχὴν
3359 2871 3444 2940 μὴ
3468 2870 3820 2941 δυναμένων

2153 2951 2514 3006 ἀποκτεῖναι.
2577 2955 2688 3006 Καὶ
2734 2957 2836 3026 ὅρα
2877 2955 2975 3026 τὴν
3020 2956 3282 3026 διαφορὰν
3333 2956 3463 3026 ὅσην
3501 2958 3816 3026 ἐποιήσατο.

2165 3037 2226 3089 ’0
2262 3038 2506 3108 ἐκχέων,
2537 3043 2720 3112 φησὶν,
2748 3038 2893 3112 αἷμα
2920 3042 3254 3114 ἀνθρώπου,
3277 3043 3411 3097 ἀντὶ
3443 3043 3546 3098 τοῦ
3569 3045 3817 3113 αἵματος

2150 3125 2337 3180 αὑτοῦ
2370 3125 2436 3180 τὸ
2469 3127 2653 3183 αὐτοῦ
2702 3129 3121 3200 ἐκχυθήσεται,
3177 3131 3266 3184 ὅτι
3313 3131 3384 3184 ἐν
3433 3133 3619 3184 εἰκόνι
3667 3133 3816 3185 Θεοῦ

2150 3211 2408 3278 ἐποίησα
2436 3213 2545 3267 τόν
2568 3214 2902 3282 ἄνθρωπον.
2949 3217 3230 3287 Ἐννόησόν
3264 3233 3374 3288 μοι,
3391 3217 3513 3270 ὅσον
3535 3217 3626 3270 τὸν
3651 3219 3817 3286 φόϐον

2151 3297 2239 3351 διὰ
2267 3299 2359 3352 106
2397 3302 2640 3371 ῥήματος
2661 3304 3015 3375 ἐπετείχισεν.
3047 3305 3108 3358 El
3141 3305 3233 3358 καὶ
3267 3306 3328 3357 τὺ
3352 3306 3625 3374 ὁμογενὲς,
3658 3308 3812 3375 φησὶ,

2154 3383 2229 3454 μὴ
2258 3386 2462 3453 γίνεταί
2517 3404 2600 3440 σοι
2655 3387 2902 3459 κώλυμα,
2954 3390 3076 3444 οὐδὲ
3119 3391 3161 3461 ἡ
3201 3391 3456 3444 κοινωνία
3477 3394 3575 3460 τῆς
3602 3391 3814 3460 φύσεως

2152 3473 2411 3543 ἀφίστησι
2439 3491 2497 3528 σε
2529 3476 2628 3546 τῆς
2647 3477 2824 3546 κακῆς
2855 3479 3268 3550 ἐπιχειρήσεως,
3293 3479 3427 3533 ἀλλά
3453 3481 3544 3532 καὶ
3559 3479 3656 3550 τὴν
3679 3497 3813 3550 συμ-

2152 3559 2380 3615 πάθειαν
2401 3562 2500 3633 τὴν
2521 3562 2809 3636 ἀδελφικὴν
2834 3565 3214 3636 ἀπωσάμενος,
3247 3566 3365 3629 ὅλος
3410 3568 3535 3639 γίνῃ
3557 3567 3649 3620 τοῦ
3685 3586 3813 3638 μιαο

2155 3652 2248 3722 ροῦ
2277 3652 2465 3706 τούτου
2489 3653 2856 3725 τολμήματος,
2896 3657 3066 3709 ἐννόει
3094 3658 3174 3710 ὅτι
3197 3657 3316 3710 κατ’
3340 3658 3520 3714 είκόνα
3558 3658 3694 3711 Θεοῦ
3724 3658 3814 3711 δε-

2149 3739 2567 3811 δημιούργηται,
2615 3742 2712 3794 καὶ
2757 3743 2888 3812 ὅσης
2937 3743 3161 3812 ἠξίωται
3218 3743 3365 3817 παρὰ
3399 3745 3494 3798 106
3540 3744 3675 3798 Θεοῦ
3712 3746 3812 3816 τῆς

2152 3829 2460 3899 προεδρίας,
2493 3831 2584 3882 καὶ
2602 3830 2683 3882 ὅτι
2708 3831 2886 3901 πάσης
2911 3832 3009 3901 τῆς
3033 3831 3260 3894 κτίσεως
3287 3832 3384 3904 τὴν
3413 3832 3658 3898 ἐξουσίαν
3686 3834 3810 3886 ἀνα-

2149 3914 2413 3978 δέδεκται,
2457 3916 2549 3968 καὶ
2572 3917 2778 3971 παῦσαι
2802 3918 2901 3988 τῆς
2930 3918 3205 3991 μοχθηρᾶς
3227 3918 3468 3990 γνώμης.
3496 3919 3561 3972 Τί
3579 3916 3670 3973 οὖν
3709 3937 3813 3990 φη-

2153 4015 2269 4062 σιν;
2315 3998 2441 4051 Ἐὰν
2473 4000 2697 4070 μυρίους
2741 4019 2824 4064 τις
2866 4002 3164 4073 ἐργάσηται
3212 4003 3424 4070 φόνους,
3454 4004 3546 4056 καὶ
3575 4004 3813 4058 τοσαῦτα

2151 4086 2356 4155 αἵματα
2383 4087 2568 4158 ἐκχέῃ,
2606 4090 2722 4151 πῶς
2759 4089 2856 4159 τὴν
2886 4089 3042 4154 ἀξίαν
3068 4088 3178 4160 δώῃ
3215 4090 3405 4157 δίκην,
3452 4089 3545 4143 106
3580 4091 3814 4161 αἵματος

2151 4174 2314 4227 αὐτοῦ
2343 4175 2500 4245 μόνου
2535 4174 2892 4244 ἐκχυθέντοςς
2926 4177 3016 4247 Μὴ
3065 4175 3227 4228 τοῦτο
3271 4175 3508 4244 λογίζου,
3531 4176 3809 4246 ἄνθρωπε,

2151 4260 2263 4312 ἀλλ’
2311 4261 2480 4314 ἐννόει
2514 4263 2596 4315 ὃτι
2645 4262 2882 4316 τοιοῦτον
2935 4261 3052 4333 μετ’
3089 4262 3149 4315 οὐ
3205 4262 3336 4316 πολύ
3397 4263 3605 4326 δέξεται
3652 4265 3815 4335 σῶμα

2149 4346 2443 4420 ἄφθαρτον,
2465 4349 2525 4401 τὸ
2545 4348 2839 4419 δυνάμενον
2869 4349 3089 4419 διηνεκῆ
3115 4349 3208 4402 καὶ
3227 4348 3442 4402 αἰώνιον
3464 4350 3681 4403 κόλασιν
3705 4352 3810 4404 ὐπ-

2150 4435 2314 4506 έχειν.
2349 4437 2581 4490 Κάκεῖνο
2613 4437 2669 4491 δὲ
2723 4439 2935 4502 σκόπει,
2993 4437 3108 4502 πῶς
3143 4438 3280 4509 μετά
3324 4438 3607 4507 ἀκριΰείας
3635 4438 3813 4492 διετάς-

2151 4523 2294 4587 ξατο.
2337 4524 2460 4575 Ἐπὶ
2515 4522 2616 4591 μὲν
2665 4524 2772 4594 γὰρ
2815 4524 2910 4577 τοῦ
2948 4525 3236 4596 ἀνθρώπου
3281 4525 3454 4594 φησὶ,
3491 4523 3564 4594 μὴ
3613 4525 3812 4596 ὲκχέῃς

2148 4606 2287 4680 αἷμα
2312 4627 2324 4639 ³
2368 4609 2460 4662 ἐπὶ
2487 4610 2544 4662 δὲ
2573 4609 2683 4664 τῶν
2709 4611 2918 4680 ἀλόγων
2962 4612 3059 4665 οὐκ
3103 4606 3244 4675 εἶπε,
3278 4611 3353 4682 μὴ
3405 4610 3622 4681 ἐκχέῃς,
3649 4611 3810 4674 ἀλλὰ,

2146 4697 2320 4765 Πλὴν
2344 4697 2520 4766 κρέας
2546 4697 2616 4750 ὲν
2641 4698 2840 4766 αἵματι
2863 4697 3071 4766 ψυχῆς
3099 4700 3171 4752 οὺ
3203 4697 3489 4767 φάγεσθε.
3536 4698 3701 4763 Ἐκεῖ,
3735 4699 3812 4769 μὴ

2148 4784 2376 4856 ὲκχέῃς·
2411 4783 2663 4845 ἐνταῦθα,
2701 4783 2849 4856 [265]
2887 4787 2960 4856 μὴ
3000 4787 3193 4855 φάγῃς.

2217 4869 2369 4933 Εἶδες
2389 4871 2510 4924 ὅσον
2538 4871 2596 4924 τὸ
2611 4872 2915 4942 ἀνεπαχθὲς
2940 4873 3152 4941 ἔχουσιν
3180 4871 3344 4925 αὐτοῦ
3371 4873 3426 4925 αἱ
3457 4872 3768 4942 νομοθεσίαι
3792 4890 3806 4937 ;

2147 4958 2263 5020 πῶς
2289 4957 2486 5026 κοῦφαι
2525 4961 2618 5011 καὶ
2654 4959 2832 5029 ῥᾴδιαι
2860 4960 2914 5011 al
2946 4959 3155 5012 ἐντολαί
3175 4975 3189 5022 ;
3212 4959 3329 5022 πῶς
3350 4959 3502 5012 οὐδὲν
3523 4959 3659 5028 βαρύ
3689 4961 3809 5014 οὐδὲ

2147 5046 2400 5115 φορτικὸν
2424 5045 2671 5117 ἐπιζητεί
2699 5047 2848 5118 παρὰ
2872 5046 2970 5116 τῆς
3001 5046 3271 5117 ἡμετέρας
3305 5046 3548 5115 φύσεως;
3575 5047 3809 5115 Λέγουσι

2145 5134 2253 5204 γάρ
2278 5151 2419 5197 τινες
2453 5135 2590 5206 βαρύ
2629 5136 2723 5188 καὶ
2765 5134 2961 5202 γεῶδες
2996 5135 3091 5187 καὶ
3129 5133 3404 5186 νοσοποιὸν
3443 5128 3584 5186 εἶναι
3609 5135 3672 5187 τὸ
3703 5135 3810 5188 τῶν

2146 5222 2354 5289 ἀλόγων
2382 5218 2540 5293 αἷμα.
2587 5221 2724 5275 Ἀλλ’
2764 5223 2922 5292 ἡμεῖς
2957 5221 3033 5292 μὴ
3069 5219 3134 5272 δι’
3159 5220 3362 5273 ἐκεῖνον
3389 5220 3480 5272 τὸν
3506 5219 3809 5290 φιλοσοφώ-

2145 5325 2299 5378 τερον
2321 5306 2496 5374 λόγον,
2530 5305 2664 5360 ἀλλά
2690 5306 2778 5359 διὰ
2806 5305 2904 5376 τὴν
2931 5305 3025 5358 106
3056 5305 3321 5358 Δεσπότου
3366 5305 3688 5374 νομοθεσίαν
3712 5306 3810 5376 τὴν

2146 5394 2387 5465 φυλακὴν
2436 5393 2720 5464 ὀφείλομεν
2770 5391 3164 5446 ἐκδείκνυσθαι.
3227 5388 3353 5444 Εἶτα
3411 5392 3497 5444 ἵνα
3549 5391 3810 5463 μάθωμεν

2145 5483 2386 5555 ἀκριόῶς
2415 5483 2559 5542 τίνος
2587 5482 2771 5534 ἕνεκεν
2801 5480 3070 5553 τοσαύτην
3102 5479 3303 5549 ταύτης
3332 5482 3429 5549 τῆς
3458 5479 3678 5551 ἐντολῆς
3710 5481 3812 5553 τὴν

2144 5570 2428 5641 ἀκρίϐειαν
2460 5571 2771 5641 ἐποιήσατο,
2807 5570 2900 5622 καὶ
2941 5570 3022 5622 ὅτι
3066 5564 3428 5636 ἀναχαιτίζων
3460 5566 3567 5618 τῶν
3599 5567 3812 5638 ἀνθρώο

2147 5675 2263 5711 πων
2293 5659 2390 5730 τὴν
2420 5657 2644 5728 φονικὴν
2673 5656 2896 5728 γνώμην
2924 5656 3108 5727 φησὶν,
3152 5652 3338 5723 Ὑμεῖς
3374 5652 3444 5705 δὲ
3469 5652 3808 5718 αὐξάνεσθε

2209 5784 2231 5813 ⁸
2261 5782 2406 5832 Savil.
2445 5782 2714 5844 amenta.
2785 5781 2811 5822 ι)
2847 5779 3051 5831 Plurimi
3077 5792 3190 5830 mss.
3213 5777 3559 5840 διαπράττεται.
