4066 6140
411 334 472 388 ιδ
1384 331 1450 386 IN
1490 331 1640 388 cur.
1683 332 1768 388 1x.
1810 331 2049 390 cenes.
2092 335 2320 392 1103111..
2364 339 2576 394 xxvu.

365 464 487 500 nrm
514 447 670 501 alfert
693 444 841 517 justo
867 463 884 499 :
913 445 1020 500 imo
1041 461 1146 501 non
1170 446 1316 516 justo
1343 455 1546 501 tantum
1568 489 1583 512 ,
1612 447 1705 502 sed
1745 460 1799 501 et
1828 464 1950 517 pro-

366 548 484 606 pter
509 551 662 591 suam
687 537 981 592 bonitatem
1007 537 1170 591 etiam
1197 539 1448 591 universo
1473 537 1744 593 hominum
1767 538 1950 606 generi

364 637 482 698 post
512 628 658 681 illutn
687 626 885 680 futuro.
910 627 1038 680 Nam
1055 627 1194 696 quod
1218 627 1364 691 dicit,
1396 625 1518 680 Non
1540 627 1779 696 adjiciam
1799 627 1954 696 igitur

361 729 419 770 ut
444 717 723 785 percutiam
748 733 945 770 omnem
979 734 1180 770 carnem
1220 718 1456 771 viventem
1477 759 1490 782 ,
1523 726 1576 770 et
1603 717 1742 786 quod
1776 718 1942 781 addit,

362 811 509 864 Sicut
539 809 656 880 feci,
693 809 818 863 item
849 808 998 874 illud,
1038 807 1282 862 Omnibus
1305 809 1498 874 diebus,
1531 808 1767 862 declarat
1795 809 1948 862 nobis

360 913 466 953 non
497 900 631 956 ultra
660 900 764 954 tale
784 899 1036 953 diluvium
1064 907 1346 952 venturum
1370 913 1510 964 esse,
1545 914 1720 968 neque
1748 908 1945 951 tantam

362 990 650 1058 perniciem
671 1005 920 1060 umquam
937 998 1102 1044 totum
1121 990 1302 1044 orbetn
1323 989 1622 1042 invasttratn
1637 1003 1756 1042 esse
1799 989 1948 1043 Dein-

359 1080 427 1134 de
440 1077 597 1133 etiam
617 1080 811 1134 indicat
828 1079 1184 1134 beneﬁcentiae
1198 1093 1306 1134 suae
1324 1081 1723 1150 perpetuitatem
1744 1097 1756 1132 :
1777 1080 1944 1134 Omni-

359 1172 469 1236 bus,
487 1173 674 1242 inquit,
695 1173 888 1238 diebus,
919 1173 1019 1227 hoc
1035 1182 1148 1227 est:
1172 1172 1226 1225 lu
1249 1187 1405 1226 omne
1422 1174 1673 1227 saicnlutn
1692 1175 1943 1242 promitto

359 1280 447 1318 me
477 1279 580 1317 non
613 1264 949 1318 inducturum
980 1264 1280 1332 hujusmodi
1311 1264 1744 1333 indignationem,
1767 1279 1939 1333 neque

357 1354 616 1408 facturum
664 1365 861 1408 tantam
909 1355 1274 1410 confusionem
1322 1370 1419 1409 nec
1465 1355 1518 1408 in
1567 1364 1937 1424 tempestatum

357 1446 587 1510 ratione,
620 1460 718 1500 nec
745 1447 796 1499 in
839 1446 1222 1500 elementorum
1267 1447 1394 1500 situ.
1434 1446 1558 1500 ldeo
1597 1446 1806 1500 subdit:
1837 1447 1937 1501 Se»

355 1536 535 1589 mentis
579 1547 625 1590 et
674 1537 867 1603 messis,
899 1538 1061 1608 frigus
1107 1547 1155 1591 ct
1197 1549 1368 1602 testas,
1397 1547 1545 1591 testas
1583 1547 1630 1591 et
1657 1553 1741 1592 ver
1769 1538 1850 1590 die
1877 1555 1936 1590 ac

353 1639 500 1680 nocte
525 1643 625 1681 non
653 1629 979 1697 requiescent.
1012 1626 1325 1693 lmmobilis,
1354 1627 1544 1695 inquit,
1573 1632 1676 1681 erit
1703 1627 1817 1682 lucc
1841 1645 1934 1681 or-

351 1719 560 1774 dinatio
605 1737 618 1774 :
667 1729 805 1774 terra
851 1735 1140 1790 numquam
1183 1719 1392 1775 desinet
1429 1721 1771 1790 suppeditare
1814 1737 1934 1788 qua:

353 1810 626 1864 hominum
651 1811 836 1880 generi
865 1811 1187 1875 necessaria,
1216 1825 1388 1879 neque
1421 1811 1652 1864 cessabit
1692 1811 1934 1880 proferre

351 1901 592 1955 laborum
633 1911 688 1957 et
730 1903 1067 1972 agricultura:
1098 1902 1336 1972 praemia,
1367 1918 1538 1967 neque
1581 1903 1706 1955 anni
1754 1911 1934 1970 partes

347 1993 470 2046 aliis
514 1993 952 2047 conversionibus
999 1992 1390 2047 mutabuntur:
1434 1991 1527 2046 sed
1571 2000 1626 2046 et
1676 1991 1840 2061 frigus
1879 2001 1933 2046 et

347 2084 518 2147 calor,
548 2093 603 2137 et
644 2093 804 2138 testas
844 2093 899 2138 et
945 2097 1038 2138 ver
1090 2084 1140 2136 in
1191 2098 1508 2152 unoquoque
1557 2083 1681 2136 anni
1730 2082 1930 2137 circulo

347 2183 524 2229 erunt.
552 2173 683 2228 Nam
729 2177 850 2246 quia
900 2190 992 2245 per
1041 2175 1230 2229 diluvii
1277 2185 1482 2244 tempus
1536 2174 1635 2228 l‘uit
1687 2173 1929 2230 confusio

344 2267 588 2336 quaedam
631 2268 795 2322 totius
838 2269 991 2322 istius
1023 2268 1245 2333 ordinis,
1274 2277 1330 2321 et
1363 2268 1540 2336 justus
1581 2267 1668 2320 ille
1705 2267 1758 2320 in
1805 2282 1926 2320 arca

343 2367 461 2411 etat
483 2368 594 2412 toto
622 2358 714 2412 illo
737 2368 976 2427 tempore
997 2359 1145 2428 quasi
1175 2361 1420 2412 continua
1450 2366 1624 2422 nocte,
1645 2357 1766 2412 ideo
1786 2373 1927 2411 nunc

343 2450 513 2519 inquit
543 2468 557 2504 :
588 2450 770 2520 Neque
799 2467 926 2516 nox,
946 2466 1121 2520 neque
1150 2451 1266 2505 dies
1295 2466 1450 2504 suum
1481 2451 1780 2519 relinquent
1805 2466 1925 2504 cur-

342 2555 486 2606 sum,
505 2540 599 2594 sed
629 2556 797 2611 usque
814 2541 879 2594 ad
908 2541 1086 2595 saeculi
1109 2541 1621 2595 consummationem
1646 2541 1922 2596 immotutn

341 2629 558 2684 illorum
588 2631 920 2700 permanebit
946 2631 1323 2686 ministerium.
1347 2631 1532 2686 Vidisti
1555 2631 1766 2700 dignam
1797 2646 1926 2684 con-

339 2722 682 2788 solationem,
713 2738 831 2791 qua:
872 2723 1042 2792 potuit
1063 2722 1191 2793 justi
1217 2722 1451 2776 animum
1477 2723 1718 2791 erigere?
1748 2721 1923 2776 vidisti

338 2813 550 2882 qualem
588 2815 998 2870 retributionem
1041 2815 1306 2884 acceperit
1339 2815 1467 2884 justi
1509 2813 1781 2880 probitas?
1818 2813 1921 2867 Sed

339 2915 394 2959 et
421 2919 483 2958 ex
513 2906 861 2974 sequentibus
887 2906 1077 2960 iterum
1118 2905 1240 2960 audi
1284 2904 1602 2958 iuell‘abilem
1633 2903 1922 2957 liberalita-

340 3006 465 3050 tem.
488 2997 539 3050 l.
562 2995 710 3065 (Cap.
729 2995 782 3066 9)
804 2996 870 3050 Et
895 2996 1164 3057 benedixit,
1183 2995 1370 3066 inquit,
1391 2994 1526 3048 Deus
1553 2993 1687 3058 Noe,
1718 3003 1764 3046 et
1788 2994 1922 3061 ﬁlios

336 3087 492 3140 illius.
540 3086 602 3140 Et
641 3087 770 3140 dixit
807 3088 877 3141 eis
913 3103 931 3140 :
970 3087 1024 3141 2.
1055 3087 1272 3141 Crescite
1315 3096 1361 3141 et
1404 3085 1846 3156 multiplicamini,
1874 3095 1922 3138 et

335 3177 538 3246 implete
566 3187 768 3239 terram,
805 3187 853 3231 et
887 3177 1218 3230 dominamini
1250 3179 1315 3230 ei.
1357 3175 1425 3230 Et
1461 3186 1648 3230 tremor
1679 3177 1923 3245 timorque

344 3267 492 3318 vestri
519 3267 609 3320 erit
627 3283 779 3334 super
804 3283 974 3320 omnes
1003 3267 1183 3320 bestias
1206 3276 1370 3330 term,
1394 3276 1439 3320 et
1463 3282 1614 3336 super
1640 3282 1810 3319 onmes
1835 3282 1921 3319 vo-

345 3355 508 3408 lucres
534 3357 662 3420 (teli,
683 3368 727 3408 et
756 3373 905 3425 super
927 3357 1100 3410 omnia
1117 3371 1231 3426 qua:
1258 3365 1515 3410 moventur
1536 3372 1688 3425 super
1713 3365 1918 3421 terram,

337 3458 384 3500 et
419 3464 569 3516 super
613 3465 784 3502 omnes
811 3449 971 3516 pisces
1017 3449 1170 3500 maris
1197 3463 1216 3502 .·
1243 3449 1296 3500 in
1323 3464 1500 3500 manus
1535 3458 1720 3500 vestras
1749 3447 1920 3500 omnia

335 3538 472 3594 dedi.
501 3539 554 3593 5.
586 3537 652 3590 Et
679 3556 825 3591 omne
858 3540 1053 3608 reptile,
1082 3539 1216 3608 quod
1247 3548 1316 3592 est
1357 3540 1542 3603 vivens,
1571 3537 1708 3591 vobis
1746 3538 1837 3590 erit
1867 3539 1920 3592 in

334 3631 520 3684 cibum.
556 3632 717 3699 Quasi
736 3631 874 3685 olera
914 3633 1181 3685 herbarum
1206 3631 1322 3684 dedi
1342 3631 1478 3685 vobis
1503 3630 1692 3682 omnia.
1721 3629 1776 3682 4.
1821 3629 1918 3682 Ve-

335 3731 618 3775 rumtamen
660 3738 863 3776 carnem
913 3722 964 3775 in
1008 3723 1251 3792 sanguine
1293 3722 1476 3774 anima:
1523 3736 1585 3774 ne
1627 3721 1916 3773 comedetis.

337 3813 562 3882 Dignum
590 3822 673 3868 est
721 3821 779 3866 ut
823 3811 908 3867 hic
954 3813 1282 3866 admiremur
1307 3811 1656 3866 excellentem
1712 3811 1918 3864 Domini

335 3904 650 3958 bonitatem.
681 3901 816 3957 Vide
836 3903 978 3957 enim
1002 3905 1089 3957 hic
1107 3901 1374 3972 quomodo
1395 3902 1571 3970 justus
1611 3900 1700 3954 ille
1729 3902 1916 3954 iterum

333 3995 576 4049 eamdem
597 3993 1019 4048 benedictionem
1036 3992 1398 4061 consequitur,
1413 4007 1568 4060 quam
1587 3992 1710 4044 olim
1727 3990 1915 4055 Adam,

335 4097 390 4139 et
429 4094 669 4153 ereptum
707 4094 987 4154 recuperat
1030 4083 1380 4154 principatum
1426 4084 1624 4136 virtute
1665 4097 1780 4145 sua,
1813 4082 1920 4134 imo

336 4176 588 4230 inell‘abili
613 4175 820 4230 Domini
841 4175 1145 4230 clementia.
1169 4173 1299 4227 Nam
1322 4174 1460 4227 sicut
1480 4173 1547 4226 de
1571 4172 1662 4226 iilo
1688 4172 1916 4237 dicebat,

337 4267 554 4321 Crescite
578 4277 624 4320 et
659 4267 1086 4335 multiplicamini,
1123 4275 1169 4318 et
1198 4265 1528 4318 dominamini
1554 4274 1720 4328 terrw,
1751 4273 1796 4316 et
1821 4264 1920 4314 im-

336 4371 506 4428 perate
531 4361 752 4430 piscibus
781 4360 954 4423 maris,
978 4368 1023 4411 et
1058 4357 1339 4428 reptilibus,
1372 4366 1415 4409 et
1439 4355 1742 4417 volatilibus,
1766 4365 1812 4409 et
1838 4359 1918 4425 [e-

336 4453 406 4503 ris
437 4451 591 4520 (Gen.
622 4452 673 4505 1.
701 4451 794 4519 28)
828 4467 840 4502 :
884 4451 961 4503 sic
988 4465 1126 4502 nunc
1156 4448 1360 4517 inquit:
1398 4445 1460 4499 Et
1488 4456 1672 4499 tremor
1697 4456 1742 4498 et
1770 4447 1920 4498 timor

334 4543 482 4595 vestri
507 4541 600 4594 erit
624 4557 776 4609 super
799 4556 970 4593 omnes
991 4540 1172 4591 bestias
1195 4548 1359 4598 terrat,
1388 4548 1436 4591 et
1462 4552 1614 4603 super
1639 4552 1809 4588 omnes
1837 4551 1920 4588 vo«

334 4633 514 4685 lttcrrs.
546 4631 613 4687 Et
639 4647 786 4684 omne
809 4630 988 4698 reptile
1015 4631 1151 4698 quod
1175 4638 1244 4682 est
1280 4629 1465 4693 vivens,
1489 4628 1622 4680 vobis
1645 4627 1736 4678 erit
1773 4627 1823 4677 in
1843 4626 1918 4676 ci-

334 4726 469 4777 bum.
520 4725 678 4792 Quasi
717 4723 856 4778 olera
886 4723 1153 4777 herbarum
1178 4721 1294 4776 dedi
1321 4721 1455 4774 vobis
1480 4720 1666 4772 omnia.
1708 4718 1920 4772 Verum-

334 4826 502 4868 tamen
526 4831 728 4868 carnem
746 4816 799 4868 in
818 4815 1063 4885 sanguine
1085 4816 1270 4867 anima:
1293 4828 1354 4866 ne
1377 4811 1671 4865 comedatis.
1693 4809 1921 4864 Attende

335 4907 577 4960 eamdem
610 4907 866 4974 regulam,
897 4907 1054 4961 aliter
1082 4905 1396 4960 servandam
1440 4912 1614 4957 tamen
1654 4917 1772 4955 eam
1800 4917 1919 4970 qum

337 4999 510 5070 primo
536 4998 736 5052 homini
770 4999 891 5053 data
915 4999 1196 5054 fuit.Sicut
1220 4998 1363 5053 enim
1393 5007 1538 5059 tunc,
1567 5003 1844 5065 postquam
1871 4994 1921 5048 ei

337 5092 590 5146 traditum
619 5099 702 5144 est
729 5089 1022 5144 dominium
1053 5091 1108 5143 in
1137 5090 1337 5153 omnia,
1367 5096 1426 5142 ut
1464 5087 1563 5142 l’rui
1596 5095 1773 5156 posset
1801 5101 1920 5140 om-

335 5183 489 5237 nibus
531 5197 652 5251 qua:
687 5189 843 5235 erant
887 5181 939 5235 in
987 5181 1252 5250 paradiso,
1299 5181 1565 5234 abstinere
1609 5189 1812 5232 tantum
1856 5177 1924 5231 ab

337 5278 494 5334 unico
515 5277 657 5346 ligno
676 5276 856 5345 jussus
880 5285 996 5329 est:
1021 5275 1091 5328 ita
1122 5282 1177 5328 et
1207 5274 1291 5326 hic
1323 5282 1438 5342 post
1470 5272 1920 5335 benedictionem,

334 5379 388 5423 et
420 5378 697 5437 postquam
727 5367 980 5421 terribilis
1012 5366 1182 5419 factus
1211 5376 1292 5419 est
1324 5365 1526 5429 bestiis,
1556 5373 1608 5416 et
1637 5364 1737 5415 sub
1765 5377 1922 5414 manu

333 5462 452 5529 eius
493 5461 676 5529 posita:
721 5469 845 5514 sunt
873 5473 998 5514 aves
1023 5467 1075 5512 et
1101 5456 1354 5520 volatilia,
1390 5458 1601 5525 inquit:
1639 5455 1799 5507 Omne
1840 5469 1922 5506 re-

337 5556 456 5624 ptile
485 5555 648 5607 vivens
673 5553 808 5606 vobis
835 5554 928 5605 erit
949 5553 1000 5606 in
1027 5552 1190 5604 cibum
1211 5559 1298 5603 :ut
1326 5550 1464 5602 olera
1491 5547 1758 5601 herbarum
1784 5546 1922 5599 vobis

335 5646 450 5698 dedi
479 5646 669 5699 omnia.
710 5644 846 5698 llinc
872 5644 1076 5697 initium
1107 5642 1321 5695 ductum
1348 5651 1426 5694 est
1452 5639 1780 5695 edendorum
1810 5651 1923 5691 car-

337 5739 484 5796 nium
515 5757 528 5792 :
559 5753 662 5792 non
696 5747 747 5790 ut
778 5737 922 5806 ipsos
947 5736 1012 5790 ad
1043 5735 1240 5790 ventris
1273 5733 1561 5803 ingluviem
1588 5741 1735 5802 paret
1765 5738 1816 5784 et
1847 5732 1920 5782 itt-

3530 343 3638 401 ξω

2061 457 2251 514 struat,
2281 451 2374 506 sed
2396 454 2518 522 quia
2549 469 2611 507 ex
2654 454 2784 523 ipsis
2810 451 3054 512 homines
3087 466 3239 510 erant
3263 457 3635 525 sacrificaturi,

2057 549 2110 594 et
2141 540 2251 595 Deo
2279 544 2476 610 gratias
2500 545 2689 609 acturi,
2723 551 2779 597 ut
2809 558 2875 598 ne
2916 544 3220 600 viderentur
3244 547 3391 616 quasi
3437 563 3466 602 a
3508 566 3635 601 con-

2056 631 2278 684 secratis
2302 633 2571 687 abstinere
2601 649 2616 686 :
2661 632 2859 688 idcirco
2886 633 3076 690 edendi
3115 635 3411 691 facultatem
3441 653 3631 695 conce-

2056 717 2136 774 dit
2171 730 2227 772 et
2264 721 2485 774 multam
2513 721 2604 775 dat
2632 722 2810 776 utendi
2853 722 3138 776 licentiam.
3171 725 3330 790 Quasi
3358 727 3495 779 olera
3527 730 3639 781 her-

2055 807 2232 866 barum
2279 807 2418 866 vobis
2462 810 2578 863 dedi
2631 811 2800 864 omnia
2855 811 3008 882 (Gen.
3060 813 3114 864 2.
3166 814 3276 884 l7).
3323 814 3453 869 Dein
3500 816 3638 870 sicut

2053 900 2224 953 Adam
2253 899 2461 956 caeteris
2489 899 2672 957 fruens
2697 901 2871 971 lignis,
2901 902 3081 970 jIISHIS
3111 913 3193 956 est
3229 904 3296 958 ab
3340 921 3445 958 uno
3474 909 3635 960 absti-

2052 1002 2181 1044 nere
2215 1006 2228 1043 :
2261 989 2330 1044 ita
2378 988 2465 1044 hic
2505 989 2701 1044 dictum
2747 1001 2846 1055 est,
2877 1007 2998 1045 cum
3049 993 3121 1046 illi
3153 995 3326 1047 omnia
3371 995 3436 1050 ad
3481 1012 3633 1052 esum

2050 1077 2217 1136 libere
2240 1080 2496 1136 sumenda
2528 1082 2784 1150 permissa
2814 1091 3027 1136 essent:
3055 1083 3106 1136 4.
3151 1083 3498 1140 Verumtamen
3522 1105 3638 1140 car-

2048 1185 2158 1220 nem
2190 1170 2241 1222 in
2269 1172 2514 1241 sanguine
2535 1173 2719 1226 animm
2742 1190 2804 1225 nc
2823 1173 3114 1228 comedetis.
3156 1175 3290 1240 Quid
3321 1186 3402 1230 est
3429 1193 3554 1233 caro
3578 1181 3629 1234 in

2045 1259 2302 1327 sanguine
2343 1261 2574 1315 animat?
2623 1263 2734 1317 lloc
2773 1274 2876 1330 est,
2907 1265 3242 1319 sall'ocatum.
3295 1267 3438 1322 Bruti
3483 1271 3624 1323 enim

2043 1353 2219 1404 anima
2249 1353 2464 1421 sanguis
2485 1362 2586 1407 est.

2115 1442 2168 1495 5.
2209 1441 2342 1508 Quia
2369 1443 2527 1511 igitur
2547 1443 2802 1497 sacrilicia
2848 1445 3130 1513 perfecturi
3158 1457 3310 1499 erant
3339 1463 3401 1500 ex
3439 1448 3625 1510 brutis,

2044 1529 2146 1584 hoc
2174 1530 2286 1584 fere
2312 1531 2473 1586 modo
2505 1532 2659 1586 docet
2689 1533 2825 1598 illos,
2855 1533 3070 1587 dicens:
3103 1535 3236 1599 Quia
3263 1537 3478 1605 sanguis
3499 1539 3626 1590 mihi

2040 1632 2347 1691 segregatus
2383 1633 2488 1688 est,
2518 1623 2670 1677 vobis
2693 1638 2837 1677 caro.
2882 1625 2992 1678 lloe
3021 1633 3198 1680 autem
3242 1625 3364 1680 ideo
3393 1626 3536 1692 facit,
3568 1639 3625 1682 tll

2042 1713 2226 1780 primis
2255 1713 2360 1766 illis
2404 1713 2730 1782 temporibus
2771 1714 3086 1783 cotnpritnat
3115 1715 3327 1770 illorum
3371 1717 3625 1786 impctmn

2039 1811 2089 1856 et
2121 1803 2530 1872 propensionem
2557 1804 2622 1860 ad
2671 1803 2975 1858 homicidia.
3025 1805 3088 1860 Et
3122 1805 3262 1874 quod
3308 1805 3410 1860 hoc
3435 1808 3505 1861 sit
3529 1823 3622 1862 ve-

2039 1910 2178 1960 rum,
2214 1911 2404 1964 nempe
2444 1896 2584 1965 quod
2617 1897 2738 1950 hinc
2769 1911 2862 1950 eos
2903 1897 3068 1966 magis
3111 1897 3226 1966 pios
3264 1898 3488 1953 reddere
3528 1915 3626 1953 vo-

2038 1985 2214 2050 luerit,
2240 1987 2362 2040 audi
2395 2003 2514 2055 qua:
2553 1995 2870 2056 sequuntur.
2910 1986 2964 2041 5.
3016 1986 3215 2041 Etenim
3264 2001 3476 2042 vestrum
3504 2007 3628 2044 san-

2034 2079 2252 2146 guinem,
2304 2077 2502 2146 inquit,
2549 2077 2832 2131 animarum
2872 2088 3168 2141 vestrarum,
3201 2081 3462 2149 exquiram
3505 2099 3618 2136 eam

2035 2169 2096 2222 de
2121 2184 2274 2220 manu
2316 2169 2538 2220 omnium
2566 2168 2851 2221 bestiarunt.
2889 2165 2957 2220 Et
2984 2169 3046 2222 de
3072 2185 3225 2223 manu
3270 2171 3486 2224 hominis
3515 2176 3622 2242 [ra-

2034 2257 2125 2310 tris
2165 2257 2421 2326 exquiram
2461 2258 2683 2310 animam
2712 2258 2947 2311 hominis.
2994 2258 3133 2325 Quid
3172 2260 3337 2328 ergo?
3378 2261 3623 2317 animane

2035 2348 2268 2406 hominis
2308 2349 2524 2418 sanguis
2555 2349 2674 2403 est?
2713 2348 2828 2402 Non
2871 2349 2974 2402 hoc
3002 2350 3153 2415 dicit,
3180 2350 3352 2406 absit:
3383 2351 3476 2404 sed
3519 2351 3618 2406 hu-

2033 2452 2189 2494 mana
2226 2438 2609 2495 consuetudine
2641 2454 2768 2492 usus
2792 2449 2893 2503 est,
2923 2453 2988 2494 ac
3011 2440 3055 2492 si
3083 2440 3201 2509 quis
3240 2440 3383 2496 dicat
3423 2441 3616 2498 alicui:

2030 2529 2350 2598 Sanguinem
2397 2538 2546 2587 tuum
2591 2540 2744 2598 porto
2788 2529 2839 2582 in
2883 2529 3128 2584 tuanibus
3173 2530 3308 2586 meis
3340 2549 3351 2586 :
3384 2532 3484 2584 hoc
3507 2544 3610 2595 est,

2033 2631 2349 2690 potestatem
2379 2622 2550 2677 habeo
2595 2623 2945 2677 interﬁciendi
2980 2632 3051 2678 te.
3094 2622 3225 2677 Nam
3255 2624 3394 2693 quod
3437 2625 3616 2678 anima

2031 2715 2264 2770 hominis
2305 2729 2410 2770 non
2452 2715 2523 2768 sit
2562 2716 2797 2782 sanguis,
2839 2716 2961 2768 audi
3003 2715 3272 2770 Christum
3313 2716 3614 2772 dicentem:

2033 2805 2114 2860 Ne
2141 2806 2403 2858 timueritis
2427 2805 2488 2856 ab
2515 2805 2585 2857 eis
2608 2806 2693 2873 qui
2720 2806 2954 2857 occidunt
2982 2822 3184 2873 corpus,
3200 2807 3420 2858 animum
3449 2819 3615 2860 autem

2028 2900 2256 2951 occidere
2293 2913 2394 2952 non
2428 2907 2636 2967 possunt
2677 2896 2890 2964 (Matth.
2925 2897 3011 2952 10.
3044 2895 3158 2968 28).
3189 2897 3257 2952 Et
3285 2897 3405 2952 vide
3441 2915 3611 2968 quan-

2029 2999 2134 3042 tam
2181 2988 2580 3043 distinctionem
2629 2986 2835 3042 l‘cCet-it.
2887 2989 2941 3044 (i.
2991 2987 3091 3054 Qui
3135 2987 3389 3054 effuderit,
3420 2989 3610 3059 inqtti',

2027 3080 2324 3149 sanguinem
2349 3078 2584 3140 hominis,
2620 3094 2713 3148 pro
2753 3079 2998 3148 sanguine
3041 3079 3150 3146 eius
3197 3083 3403 3150 sanguis
3453 3081 3614 3149 ipsius
3671 3150 3673 3153 ι

2026 3169 2313 3236 eﬁ‘undelur
2337 3185 2356 3224 :
2380 3170 2499 3239 quia
2524 3171 2574 3222 in
2607 3170 2824 3239 imagine
2849 3169 2941 3226 Dei
2970 3171 3068 3242 feci
3095 3171 3368 3225 hominem.
3402 3153 3612 3240 Cogila,

2025 3262 2271 3326 obsecro,
2303 3269 2560 3330 quantum
2592 3271 2849 3316 terrorem
2881 3260 2981 3315 hoc
3008 3261 3169 3316 verbo
3206 3262 3450 3318 incussit.
3479 3261 3542 3315 Et
3567 3279 3610 3313 si

2027 3355 2166 3424 quod
2187 3353 2428 3424 ejusdem
2450 3363 2652 3410 natura:
2673 3355 2762 3419 sit,
2783 3355 2972 3422 inquit,
2997 3371 3100 3408 nou
3131 3363 3180 3408 te
3207 3365 3412 3419 avocat,
3438 3370 3610 3424 neque

2025 3460 2054 3498 a
2080 3453 2185 3498 tam
2215 3459 2467 3513 perverso
2483 3452 2673 3499 conatu
2701 3444 2910 3513 repellit
2935 3453 3136 3498 natura:
3154 3445 3492 3498 communio:
3518 3444 3610 3498 sed

2024 3535 2069 3589 si
2098 3535 2564 3590 commiseratione
2603 3534 2835 3589 fraterna
2861 3533 3079 3602 depulsa
3108 3543 3248 3590 totus
3271 3535 3321 3589 in
3351 3535 3451 3589 hoc
3479 3535 3609 3588 laci-

2025 3642 2126 3681 nus
2156 3626 2480 3695 prorumpis,
2494 3626 2666 3694 cogita
2684 3641 2810 3680 eum
2827 3625 2893 3678 ad
2916 3624 3195 3692 imaginem
3213 3625 3304 3678 Dei
3328 3623 3610 3681 formatum

2025 3731 2165 3781 esse,
2193 3725 2248 3771 et
2275 3715 2485 3784 quantis
2521 3731 2641 3772 eum
2675 3714 2814 3770 Deus
2839 3714 3082 3783 dignatus
3121 3713 3194 3770 sit
3223 3715 3610 3783 pra-rOgativis,

2023 3819 2079 3862 et
2105 3807 2246 3876 quod
2290 3807 2434 3860 omni
2479 3814 2722 3860 creatura
2773 3805 3054 3873 praefectus
3095 3806 3185 3869 sit,
3219 3820 3280 3858 ac
3321 3807 3534 3873 quiesce
3581 3822 3612 3860 a

2027 3897 2163 3952 mala
2194 3897 2485 3952 voluntate.
2530 3895 2666 3961 Quid
2695 3909 2820 3964 ergo
2849 3895 2894 3948 si
2952 3895 3262 3948 innumeras
3287 3895 3403 3963 quis
3433 3906 3607 3962 patra-

2027 3989 2161 4042 verit
2187 3987 2383 4050 caules,
2415 3997 2469 4042 et
2511 3996 2718 4041 tantum
2748 3986 3023 4056 sanguinis
3051 3984 3317 4049 effuderit,
3345 3987 3614 4054 quomodo

2025 4079 2238 4148 dignam
2262 4077 2409 4132 dabit
2434 4091 2646 4146 pinnam
2681 4075 2851 4131 eﬂ‘uso
2880 4077 2995 4130 solo
3021 4091 3118 4130 suo
3161 4076 3456 4144 sanguine?
3497 4075 3612 4130 Non

2025 4169 2126 4224 hoc
2169 4168 2478 4234 considera,
2529 4167 2720 4233 homo,
2771 4166 2864 4222 sed
2913 4166 3146 4237 intelligo
3188 4181 3306 4221 eum
3358 4167 3460 4220 tale
3505 4181 3612 4219 non

2026 4261 2194 4315 multo
2231 4270 2352 4329 post
2385 4269 2727 4328 accepturum
2768 4272 2964 4326 corpus
3012 4256 3441 4326 incorruptibile,
3473 4257 3613 4324 quod

2027 4353 2218 4424 poterit
2237 4355 2540 4407 continuam
2564 4361 2617 4406 et
2637 4361 2887 4404 aeternam
2913 4364 3122 4418 pinnam
3149 4349 3310 4403 ferre.
3333 4347 3461 4402 lllud
3486 4349 3614 4401 item

2027 4444 2318 4514 perpende,
2365 4459 2522 4514 quam
2565 4442 2846 4510 diligenter
2891 4451 3214 4510 praeceptum
3245 4441 3334 4495 sit.
3381 4440 3512 4494 Nam
3544 4439 3616 4494 de

2028 4537 2266 4599 homine,
2295 4535 2497 4603 inquit,
2545 4533 2622 4588 Ne
2663 4532 2904 4587 ell'tmdas
2945 4532 3299 4600 sanguinem:
3339 4531 3406 4585 de
3448 4531 3616 4586 brutis

2026 4640 2204 4684 autem
2245 4643 2351 4682 non
2381 4626 2536 4691 dixit,
2568 4625 2645 4680 Ne
2675 4624 2938 4688 eﬂ'undas,
2969 4624 3084 4687 sed,
3127 4622 3476 4677 Verumtamen
3500 4640 3614 4676 car-

2028 4738 2142 4776 nem
2168 4721 2222 4773 in
2249 4719 2494 4789 sanguine
2521 4717 2706 4770 animw
2752 4731 2813 4768 ne
2858 4714 3152 4768 catnedatis.
3199 4713 3314 4768 Illic
3357 4713 3506 4777 dicit,
3536 4711 3614 4768 Ne

2026 4812 2306 4875 ell‘tmdas;
2342 4811 2447 4876 hic,
2485 4807 2562 4864 Ne
2591 4807 2864 4862 comedas.

2099 4904 2203 4959 Cur
2233 4919 2346 4958 esus
2369 4901 2632 4972 sanguinis
2658 4900 2858 4953 vetitus.
2880 4925 2949 4937 —-
2967 4895 3128 4950 Vides
3153 4908 3312 4962 quam
3345 4891 3473 4947 nihil
3496 4906 3612 4945 mo-

2027 4996 2219 5051 iustum
2252 4995 2482 5049 habeant
2509 4991 2626 5057 eius
2658 4988 2844 5058 leges?
2884 4985 3154 5055 quomodo
3198 4983 3327 5039 levia
3357 4991 3412 5035 et
3442 4981 3612 5036 l‘acilia

2028 5087 2312 5142 mandata?
2353 5082 2624 5154 quomodo
2662 5079 2791 5133 nihil
2820 5092 2982 5148 grave
3009 5090 3180 5145 neque
3220 5089 3504 5129 onerosum
3533 5090 3612 5129 re-

2027 5179 2190 5249 quirit
2209 5193 2239 5231 a
2261 5186 2442 5230 nostra
2474 5171 2700 5226 natura?
2732 5168 2918 5222 Dicunt
2948 5167 3088 5221 enim
3116 5165 3294 5235 aliqui,
3333 5165 3608 5218 hrutorutn

2027 5271 2362 5340 sanguinem,
2394 5279 2630 5337 gravem,
2679 5270 3008 5321 terrestrem,
3050 5270 3100 5312 et
3132 5259 3420 5312 multatum
3452 5261 3608 5328 a-gri-

2030 5361 2270 5416 tudinem
2320 5371 2534 5412 causam
2587 5371 2597 5405 :
2651 5362 2706 5406 at
2748 5367 2844 5406 nos
2881 5367 2985 5403 non
3041 5361 3256 5418 propter
3311 5349 3618 5418 przrdictum

2028 5465 2332 5506 sermonem
2377 5445 2545 5514 magis
2587 5443 2653 5500 ad
2699 5441 3089 5514 philosnphiam
3129 5441 3608 5502 accommmlatnm,

2029 5544 2121 5599 sed
2155 5551 2370 5611 propter
2391 5536 2595 5592 Domini
2620 5533 2924 5588 tnaudatum
2955 5531 3004 5585 id
3027 5532 3314 5586 observare
3331 5531 3609 5584 debemus.

2033 5633 2232 5689 Deinde
2264 5642 2319 5685 ut
2344 5631 2612 5684 discamus
2639 5639 2804 5695 quare
2827 5635 2932 5677 tam
2964 5621 3245 5692 diligenter
3285 5620 3388 5674 hoc
3417 5632 3620 5686 praece-

2035 5737 2180 5796 ptum
2219 5723 2421 5788 statuit,
2455 5735 2645 5789 nempe
2690 5727 2745 5772 ut
2768 5713 3047 5771 cohiberet
3091 5711 3366 5767 hominum
3396 5705 3608 5779 sangui-
