4066 6140
415 342 516 399 ΞΠ

416 456 620 509 narium
649 451 902 515 animum,
926 448 1089 503 dicit:
1116 448 1168 501 7.
1212 446 1310 499 Vos
1336 454 1499 498 autem
1539 444 1760 507 crescite,
1789 452 1833 497 et
1859 443 1990 495 mul-

416 543 735 612 tiplicamini,
766 549 811 594 et
854 540 1056 607 implete
1100 546 1301 599 terram,
1338 544 1385 588 et
1415 533 1745 587 dominamini
1776 532 1819 586 ei
1843 547 1860 584 :
1890 546 1995 584 non

420 647 638 695 temere,
667 641 720 685 et
761 631 961 700 absque
988 643 1145 683 causa
1184 626 1337 689 dixit,
1373 624 1469 677 Vos
1498 634 1663 676 autem
1682 663 1695 687 ,
1726 622 1819 676 sed
1849 620 1997 691 quasi

418 723 638 787 diceret,
662 721 766 774 Vos
786 721 874 789 qui
901 719 1072 788 pauci,
1096 726 1150 771 et
1175 730 1339 785 parvo
1370 729 1590 767 numero
1614 714 1764 773 estis,
1784 726 1996 765 omnem

423 821 619 866 terram
672 812 908 879 implete,
940 820 993 863 ct
1031 806 1376 862 dominamini
1404 806 1451 858 ei
1484 824 1496 857 :
1549 807 1648 858 hoc
1690 812 1791 868 est,
1825 803 2000 857 domi-

420 902 563 955 nium
595 901 803 964 habete,
835 910 888 954 et
934 908 1269 967 potestatem,
1298 905 1350 949 et
1380 895 1627 947 fructum.
1658 893 1808 953 Vide.
1840 894 1999 947 obse-

421 1007 535 1055 cro,
564 992 654 1045 Dei
698 992 1092 1060 benignitatem,
1126 988 1391 1058 quomodo
1420 988 1565 1055 prius
1606 1000 1792 1055 magna
1838 984 2001 1039 bene-

429 1084 547 1137 ficia
572 1083 754 1149 donat,
780 1094 832 1137 et
859 1094 982 1136 tunc
1010 1083 1221 1135 unicum
1251 1090 1303 1134 et
1332 1080 1444 1133 leve
1471 1078 1773 1132 mandatum
1801 1077 1910 1130 dat.
1939 1077 2006 1130 Et

422 1175 559 1227 sicut
586 1175 811 1241 Adamo,
840 1182 1114 1242 postquam
1143 1171 1409 1225 concessit
1440 1180 1495 1224 ut
1521 1170 1784 1223 habitaret
1816 1169 1866 1222 in
1912 1184 2005 1237 pa-

432 1263 644 1330 radiso,
678 1274 730 1318 et
774 1274 850 1318 tot
878 1280 941 1318 ac
984 1265 1145 1317 tantis
1171 1263 1453 1326 frueretur,
1479 1261 1690 1314 tandem
1736 1261 2002 1329 praecepit,

431 1368 485 1408 ut
524 1357 590 1410 ab
630 1357 787 1410 unico
832 1357 973 1425 ligno
1020 1356 1352 1409 abstineret:
1386 1354 1457 1407 ita
1496 1361 1550 1407 et
1602 1352 1685 1405 hic
1730 1362 2003 1420 postquam

430 1448 672 1515 promisit
700 1462 803 1500 non
831 1448 966 1501 ultra
990 1447 1145 1501 talem
1174 1461 1232 1499 sc
1256 1446 1521 1498 illaturum
1545 1442 1845 1511 generalem
1875 1451 2008 1494 stra-

430 1556 575 1608 gem,
610 1555 780 1608 neque
810 1541 879 1593 ita
924 1555 981 1593 se
1013 1539 1420 1609 indignaturum,
1453 1538 1545 1592 sed
1577 1552 1745 1606 usque
1780 1537 1847 1590 ad
1876 1551 2001 1590 con-

428 1628 839 1681 sununationem
896 1628 1080 1681 mundi
1147 1628 1362 1680 immota
1433 1642 1776 1693 permansura
1830 1627 2007 1680 omnia

429 1718 726 1780 elementa,
762 1718 832 1770 ita
864 1727 922 1772 ut
965 1734 1189 1787 quaeque
1216 1733 1371 1772 suum
1418 1733 1631 1772 cursum
1677 1727 1731 1773 et
1768 1719 2006 1773 ordinem

430 1808 715 1876 impleant;
744 1818 798 1862 et
825 1818 1104 1878 postquam
1137 1808 1235 1877 ipsi
1266 1809 1688 1863 benedictionem
1730 1819 1851 1863 sunt
1882 1824 2010 1862 con-

430 1899 662 1965 sequuti,
692 1898 976 1967 donatique
1020 1900 1237 1968 pristina
1268 1915 1429 1968 super
1470 1899 1621 1953 bruta
1653 1901 1827 1954 omnia
1858 1909 2012 1969 pote-

431 1997 588 2052 state,
620 2002 684 2042 ac
720 1988 956 2040 carnium
1000 2003 1091 2041 esu
1119 2003 1306 2043 secure
1354 1990 1633 2058 permisso,
1667 1999 1788 2042 tunc
1818 1990 2009 2058 inquit,

447 2076 796 2131 Verumtamen
823 2094 1022 2130 carnem
1050 2079 1103 2130 in
1150 2080 1395 2149 sanguine
1423 2085 1605 2133 animm
1630 2096 1691 2133 ne
1718 2081 2014 2135 comedatis.

437 2166 621 2219 Vidisti
649 2167 913 2235 quomodo
958 2169 1103 2237 prius
1138 2170 1458 2237 benignitate
1487 2187 1549 2225 ac
1593 2171 1842 2226 ineffabili
1874 2173 2012 2225 libe-

436 2258 645 2311 ralitate
698 2260 881 2322 utitur,
936 2270 989 2314 et
1041 2270 1166 2315 tunc
1215 2262 1427 2315 demum
1484 2263 1755 2332 prce-cipit?
1806 2262 2015 2316 tametsi

440 2364 722 2417 tmmquam
770 2349 908 2403 istud
950 2351 1086 2404 inter
1117 2351 1360 2405 homines
1392 2351 1502 2405 fieri
1543 2353 1735 2407 soleat.
1764 2352 2016 2405 llomincs

437 2440 577 2490 enim
608 2442 833 2508 primum
862 2442 1041 2494 volunt
1071 2456 1153 2502 ea,
1173 2457 1291 2511 qua:
1323 2443 1657 2510 praecipiunt,
1684 2456 1846 2510 opere
1872 2456 2019 2494 com-

441 2530 596 2597 pleri,
628 2544 845 2599 eosque,
869 2533 956 2600 qui
989 2532 1232 2585 mandata
1263 2533 1530 2601 excipiunt
1559 2542 1611 2586 et
1633 2542 2014 2601 exsequuntur,

441 2637 686 2689 n.agnam
712 2622 965 2677 exhibere
996 2624 1441 2689 benevolentiam,
1469 2640 1533 2678 ac
1561 2634 1683 2678 tunc
1711 2627 1889 2693 utique
1929 2640 2019 2677 co-

439 2712 610 2779 gitant
637 2711 703 2765 de
734 2714 1137 2767 remunerandis
1181 2715 1244 2767 iis
1271 2714 1361 2783 qui
1407 2716 1624 2768 nmltam
1663 2715 2018 2769 obedientiam

443 2815 551 2866 ιϊω
592 2815 651 2855 se
683 2801 918 2855 tulerint.
947 2801 1141 2856 Contra
1173 2818 1300 2857 vero
1326 2805 1621 2857 comnnmis
1647 2805 1880 2858 omnium
1912 2806 2018 2857 Do-

444 2890 620 2944 minus
652 2908 666 2943 :
699 2892 846 2959 prius
875 2893 1015 2946 enim
1062 2892 1342 2957 bene-facit,
1374 2902 1427 2947 et
1455 2894 1790 2948 multitudine
1819 2894 2015 2949 benefl-

445 2983 652 3036 ciorum
686 2994 920 3037 nostram
964 2995 1206 3038 naturam
1236 2985 1301 3038 ad
1325 3000 1383 3039 se
1420 2986 1604 3049 allicit,
1632 2994 1687 3039 et
1713 2995 1893 3054 postea
1920 2985 2022 3039 im-

442 3084 591 3143 perat
624 3074 795 3128 fat-ilia
824 3084 981 3143 atque
1010 3076 1165 3138 levia,
1200 3085 1256 3129 ut
1286 3076 1533 3131 facilitate
1572 3076 1943 3130 mandatorum
1972 3086 2026 3132 et

444 3166 712 3218 beneficiis
731 3166 992 3232 prioribus
1004 3166 1236 3228 excitati,
1256 3166 1321 3219 ad
1336 3182 1398 3220 ea
1416 3167 1677 3235 implenda
1692 3167 2021 3221 inducamur.

516 3252 725 3304 Moralis
746 3254 1065 3322 epilogus.-—
1079 3252 1155 3308 Ne
1182 3254 1341 3321 igitur
1366 3256 1689 3323 negligentes
1731 3256 1917 3318 simus,
1947 3254 2029 3308 di-

442 3342 587 3407 lecti,
620 3358 788 3409 neque
831 3344 962 3411 pigri
1011 3344 1076 3397 ad
1120 3344 1363 3397 mandata
1418 3345 1729 3412 implenda:
1772 3345 2025 3399 beneficia

444 3433 617 3500 priora
635 3432 943 3500 cogitantes,
968 3442 1021 3486 et
1040 3432 1407 3487 mandatorum
1433 3434 1758 3499 facilitatem,
1784 3436 2029 3503 prannio-

444 3536 665 3591 rmnquc
697 3531 813 3589 post
841 3521 1056 3591 impleta
1084 3524 1332 3576 mandata
1360 3525 1674 3594 promissam
1704 3526 2021 3595 magnitudi-

445 3629 612 3667 nem:
646 3612 739 3667 sed
778 3614 1073 3683 vigilemus,
1126 3625 1179 3669 et
1226 3614 1538 3671 festinemus
1582 3617 1647 3670 ad
1691 3618 2027 3687 exsequenda

446 3704 692 3758 mandata
719 3718 749 3757 a
782 3704 889 3758 Deo
919 3704 1071 3759 nobis
1102 3706 1289 3759 tradita
1322 3725 1335 3761 :
1361 3714 1416 3760 et
1444 3722 1511 3762 ne
1539 3707 1865 3764 dimittamus
1895 3710 2026 3775 vias,

449 3809 584 3863 quas
628 3795 694 3847 ad
724 3794 1094 3863 perficiendam
1136 3797 1431 3850 animarum
1461 3808 1761 3851 nostrarum
1803 3799 2027 3854 salutem

450 3886 795 3955 pnescripsit,
814 3886 905 3941 sed
936 3896 1174 3955 tempore
1210 3888 1331 3941 vitae
1370 3899 1563 3943 nostra:
1590 3890 1729 3958 quod
1770 3890 2032 3960 reliquum

446 3987 559 4043 est,
587 3976 719 4031 bene
758 3985 987 4042 utamur,
1019 3989 1072 4032 et
1102 3989 1314 4047 peccata
1352 3979 1646 4045 ahluamus,
1688 3989 1742 4034 et
1787 3996 2029 4051 magnam

447 4070 601 4123 nobis
629 4068 873 4123 fiduciam
932 4071 1074 4137 prius
1125 4070 1479 4138 acquiramus,
1512 4072 1845 4141 maximeque
1892 4088 2032 4127 nunc

444 4176 566 4216 cum
597 4161 768 4215 adhuc
791 4160 999 4215 residua
1029 4168 1110 4213 est
1134 4160 1557 4228 Quadragesimte
1589 4176 1726 4229 pars.

522 4252 576 4304 ϐ.
610 4250 868 4303 Modicum
899 4261 1093 4318 tempus
1118 4251 1295 4319 sufﬁcit
1333 4253 1398 4303 ad
1449 4253 1807 4321 paenitendum.
1842 4254 2030 4308 Mentio

456 4342 514 4406 [it
552 4340 616 4392 de
645 4340 972 4409 confessione.
1002 4369 1070 4379 —
1109 4339 1289 4409 Neque
1318 4342 1458 4394 enim
1490 4357 1681 4410 parvus
1720 4351 1801 4396 est
1826 4343 2029 4399 dierum

461 4445 713 4483 innuerus
753 4431 841 4500 qni
889 4439 1093 4496 restat,
1135 4431 1176 4483 si
1230 4431 1558 4486 voluerimus
1609 4447 1895 4503 parumper
1943 4450 2029 4488 re-

456 4520 729 4587 sipiscere.
784 4520 893 4574 Hoc
926 4530 1102 4575 autem
1149 4520 1299 4587 dixi,
1352 4538 1453 4575 non
1508 4522 1647 4592 quod
1670 4523 1840 4577 solum
1884 4532 2031 4577 tanto

454 4622 692 4680 tempore
738 4625 870 4679 Opus
911 4611 1102 4665 habeat
1142 4622 1475 4680 peccatorum
1508 4622 1809 4667 nostrorum
1852 4629 2031 4668 corre-

450 4703 578 4767 ctio,
612 4702 701 4757 sed
735 4707 854 4772 quia
876 4703 1151 4755 Dominum
1175 4702 1430 4757 habemus
1456 4703 1770 4760 clementem
1797 4714 1852 4760 et
1878 4706 2028 4761 beni-

451 4810 610 4863 gnum
642 4794 729 4863 qui
761 4808 864 4847 non
909 4793 1105 4862 indiget
1137 4794 1304 4846 multo
1335 4802 1609 4860 tempore;
1637 4796 1680 4850 si
1721 4797 1878 4849 modo
1906 4812 2026 4851 cum

453 4903 645 4958 magno
674 4887 879 4941 fervore
907 4896 960 4940 et
989 4884 1254 4954 vigilantia
1281 4884 1345 4938 ad
1377 4885 1545 4952 ipsum
1573 4887 1906 4953 accedamus,
1937 4904 2026 4943 re-

452 4979 609 5047 jectis
644 4977 987 5031 sa‘cularibus
1014 4976 1155 5028 curis
1180 4974 1425 5027 omnibus
1452 5016 1465 5037 ,
1496 4984 1549 5027 et
1576 4990 1807 5044 superno
1832 4978 2028 5031 auxilio

456 5067 585 5120 nixi.
615 5066 744 5121 Nam
787 5075 841 5120 et
884 5065 1127 5117 Ninivita:
1154 5073 1294 5116 tanta
1330 5072 1664 5131 peCcatorum
1693 5064 2029 5120 multitudine

452 5159 716 5226 aggravati
742 5199 758 5224 ,
807 5157 927 5225 quia
955 5170 1198 5225 magnam
1225 5163 1279 5209 et
1302 5170 1481 5209 veram
1516 5156 1878 5224 ptenitentiam
1901 5172 2026 5225 cge-

453 5258 579 5301 ruut
627 5246 794 5309 (Jon.
827 5248 879 5300 5.
906 5246 1011 5316 10)
1044 5288 1057 5310 ,
1092 5262 1194 5300 non
1239 5262 1372 5315 Opus
1416 5246 1713 5301 habuerunt
1768 5248 2026 5316 ampliore

454 5356 612 5408 quam
635 5340 788 5392 trium
807 5339 1010 5392 dierum
1040 5349 1277 5407 tempore
1302 5339 1365 5392 ad
1400 5340 1784 5408 provocandam
1814 5340 1907 5393 Dei
1935 5339 2028 5393 bo-

453 5430 690 5493 nitatem,
724 5438 777 5483 et
802 5430 1003 5483 irritam
1029 5429 1373 5492 reddendam,
1399 5445 1517 5498 qua:
1542 5430 1819 5484 adversum
1847 5444 1903 5483 se
1926 5430 2027 5483 lata

454 5532 569 5577 erat
593 5563 606 5585 ,
640 5521 979 5575 sententiam.
1013 5521 1076 5574 Et
1104 5520 1227 5589 quid
1260 5520 1380 5574 dico
1413 5562 1427 5585 ,
1466 5520 1711 5575 Ninivitae
1738 5523 1760 5572 '!
1790 5521 1948 5574 Latro
1977 5521 2026 5575 in

457 5630 613 5667 cruce
642 5630 814 5683 neque
846 5630 951 5667 uno
973 5613 1058 5667 die
1084 5627 1215 5681 opus
1238 5612 1437 5666 habuit.
1485 5613 1550 5667 Et
1575 5614 1698 5682 quid
1740 5614 1860 5667 dico
1893 5655 1906 5677 ,
1938 5612 2029 5669 die

460 5706 605 5761 ιιιιυῖ
625 5700 808 5773 Neque
824 5703 969 5759 brevi
987 5704 1138 5762 hora.
1165 5704 1338 5761 Tanta
1388 5715 1467 5761 est
1497 5706 1585 5760 Dei
1614 5721 1737 5777 erga
1760 5721 1854 5761 nos
1882 5705 2031 5762 beni-

1153 334 1209 390 S.
1251 332 1525 388 JOANNIS
1563 326 2035 386 CIIRYSOSTOMI
2077 323 2390 381 ARCHIEP.
2432 321 2967 379 CONSTANTINOP.

3564 315 3679 371 258

2097 439 2299 508 gnitas!
2326 438 2457 492 Nam
2476 438 2563 492 ubi
2589 438 2778 492 viderit
2800 436 3085 490 voluntatis
3111 444 3305 489 nostra:
3323 435 3530 488 firmum
3554 450 3669 504 pro-

2102 530 2329 598 positum
2360 569 2376 595 ,
2423 538 2475 582 et
2504 528 2724 581 ferventi
2748 541 2846 580 nos
2868 525 3137 579 desiderio
3164 525 3228 579 ad
3269 541 3327 579 se
3378 524 3632 579 accedere
3660 564 3679 587 ,

2105 635 2213 673 non
2249 619 2455 682 tardat,
2500 633 2672 687 neque
2709 618 2888 671 dilfert
2915 636 2927 669 :
2953 616 3045 670 sed
3089 617 3349 671 accelerat
3380 658 3394 681 ,
3423 631 3683 685 suamque

2104 714 2309 764 sciiitam
2342 710 2708 763 liberalitatem
2738 708 3020 772 exhibens,
3049 708 3211 761 dicit:
3246 707 3422 761 Adhuc
3455 707 3686 776 loquente

2106 810 2151 852 te
2172 800 2335 852 dicam
2368 815 2385 852 :
2410 799 2537 852 Ecce.
2564 799 2743 851 adsum
2762 797 2912 869 (lsai.
2937 797 3023 851 58.
3058 797 3135 867 9).

2176 886 2357 959 Itaque
2383 889 2725 942 exauditurns
2747 898 2828 942 est
2851 898 2904 941 et
2925 903 3042 952 nos,
3068 888 3110 941 si
3129 887 3451 943 voluerimus
3474 904 3523 941 in
3553 902 3685 956 pau-

2105 981 2182 1036 cis
2204 981 2391 1035 diebns
2424 982 2536 1035 istis
2580 980 2737 1034 studii
2768 980 3037 1048 specimen
3066 979 3328 1049 quoddam
3359 977 3581 1041 afferre,
3630 991 3687 1031 et

2103 1072 2287 1140 jejunii
2312 1071 2547 1127 subsidio
2571 1087 2675 1125 non
2698 1071 2862 1134 abuti,
2878 1082 3033 1140 atque
3050 1085 3266 1124 excussa
3290 1069 3532 1125 socordia
3550 1086 3681 1123 eoa-

2109 1160 2269 1213 tinnis
2288 1161 2531 1228 precibus
2549 1161 2756 1228 placare
2776 1160 3055 1213 Dominum
3072 1200 3087 1226 ,
3114 1160 3340 1213 fervidus
3363 1160 3680 1227 profundere

2110 1250 2390 1321 Iacrymas,
2406 1250 2795 1305 delicta'nostra
2819 1250 3003 1303 sedulo
3027 1250 3284 1314 confiteri,
3306 1250 3453 1318 quasi
3477 1249 3686 1303 medico

2113 1356 2406 1409 proponere
2433 1350 2611 1394 nOStra
2644 1326 2878 1403 vulnera,
2902 1349 2956 1393 et
2978 1340 3271 1393 animarum
3301 1340 3474 1394 ulcera
3501 1340 3649 1394 decla
3667 1372 3682 1379 -

2112 1448 2230 1487 rare
2258 1475 2272 1496 ,
2300 1448 2399 1487 nec
2426 1434 2658 1502 abjicere
2688 1448 2843 1502 quam
2864 1432 2949 1486 ille
2976 1432 3067 1486 dat
3093 1432 3428 1496 medicinam,
3456 1446 3552 1485 nec
3579 1447 3684 1484 non

2110 1532 2163 1577 et
2190 1524 2291 1577 alia
2331 1539 2447 1593 qua:
2487 1538 2515 1575 a
2556 1523 2706 1577 nobis
2736 1523 3019 1592 exiguntur
3048 1522 3238 1575 afferre
3266 1539 3280 1577 :
3314 1523 3685 1576 contritionetn

2112 1614 2307 1676 cordis,
2330 1615 2791 1683 compunctionem
2819 1630 3018 1678 veram,
3046 1615 3242 1681 largam
3266 1614 3685 1683 eleemosynam;

2113 1706 2421 1761 affectiones
2447 1722 2564 1776 qua:
2596 1716 2826 1761 mentem
2856 1715 3090 1759 nostram
3129 1706 3480 1759 interturbant
3520 1706 3685 1759 refre-

2115 1813 2261 1862 nare,
2288 1808 2341 1852 et
2365 1814 2429 1852 ex
2460 1798 2633 1851 anima
2660 1797 2968 1861 eliininare;
3000 1798 3067 1851 ita
3099 1805 3157 1850 ut
3186 1812 3357 1866 neque
3384 1798 3685 1851 divitiarum

2114 1888 2402 1957 cupiditate
2430 1905 2790 1958 expugnemur
2809 1931 2821 1953 ,
2850 1906 3021 1957 neque
3059 1889 3278 1958 injurias
3316 1890 3489 1944 illatas
3513 1890 3687 1944 vindio

2115 1995 2237 2033 care
2263 1980 2536 2047 cupiamus
2563 2022 2575 2041 ,
2602 1996 2772 2049 neque
2802 1979 3064 2033 hostiliter
3093 1980 3142 2032 in
3184 1980 3482 2048 proximum
3521 1980 3692 2035 affecti

2117 2072 2302 2125 simus.
2331 2071 2471 2125 Nihil
2498 2072 2661 2134 enim,
2691 2071 2819 2124 nihil
2846 2073 3023 2139 utique.
3047 2072 3281 2124 omnium
3313 2071 3451 2125 Deus
3482 2073 3550 2125 ita
3584 2071 3696 2125 odit

2117 2170 2169 2216 et
2190 2171 2480 2229 aversatur,
2507 2171 2565 2215 ut
2592 2162 2856 2215 hominem
2882 2162 3094 2216 ultionis
3114 2162 3346 2225 avidum,
3371 2173 3424 2217 et
3446 2163 3495 2216 in
3518 2164 3697 2217 animo

2118 2266 2214 2303 suo
2243 2262 2522 2319 perpetuas
2550 2250 2805 2305 adversus
2842 2252 3139 2320 proximum
3180 2262 3479 2307 servantem
3520 2254 3695 2307 inimi-

2117 2340 2288 2394 citias.
2316 2340 2546 2395 Tantum
2573 2342 2715 2395 enim
2740 2342 2854 2409 ejus
2880 2343 3079 2409 peccati
3110 2341 3359 2395 damnum
3390 2352 3490 2408 est,
3520 2353 3574 2397 ut
3601 2345 3699 2396 mi-

2120 2432 2464 2486 sericordiam
2510 2433 2600 2487 Dei
2644 2444 2896 2495 revocet,
2944 2449 3042 2488 nec
3085 2434 3256 2489 locum
3303 2434 3499 2489 habere
3536 2438 3695 2489 sinat.

2120 2520 2271 2589 Quod
2301 2532 2359 2575 ιιι
2385 2524 2584 2588 sciatfs,
2610 2526 2966 2593 evangelicam
2997 2525 3149 2579 vobis
3176 2526 3475 2594 parabolam
3504 2528 3699 2595 refero,

2121 2613 2389 2680 quomodo
2420 2612 2509 2667 ille
2538 2614 2721 2668 decem
2762 2615 2984 2668 millium
3016 2615 3331 2670 talentorum
3360 2617 3587 2683 debitor,
3617 2635 3704 2673 re-

2124 2703 2427 2757 missionem
2448 2705 2681 2758 omnium
2698 2705 2956 2759 adomino
2976 2716 3332 2776 consequutus
3352 2708 3438 2770 sit,
3456 2710 3697 2778 procidit,

2124 2803 2177 2847 et
2206 2794 2398 2848 oravit.
2442 2794 2790 2848 Misericordia
2830 2796 2971 2850 enim
3012 2808 3204 2860 motus,
3241 2798 3442 2867 inquit,
3472 2800 3706 2853 dominus

2126 2884 2233 2953 ejus
2254 2924 2270 2950 ,
2302 2887 2450 2938 etiam
2475 2884 2690 2938 debitum
2718 2887 2763 2938 ei
2791 2888 2978 2941 remisit
3008 2886 3215 2955 (Matt/1.
3252 2889 3336 2941 18.
3369 2889 3483 2956 27).
3515 2890 3704 2945 Vidisti

2126 2976 2541 3030 miserirordiam
2563 2978 2803 3031 domini?
2829 2978 2921 3033 llle
2950 2980 3191 3047 procidit,
3216 2990 3265 3034 et
3297 2996 3334 3033 ra
3356 2983 3491 3050 gavit
3525 2993 3579 3035 ut
3600 2983 3707 3037 Ιοςιο

2125 3067 2240 3134 gins
2271 3066 2369 3120 sibi
2396 3075 2601 3136 tempus
2630 3070 2996 3137 prtcfiniretur.
3032 3069 3334 3124 Patientiam
3361 3073 3486 3125 habe
3512 3074 3563 3126 in
3593 3090 3669 3127 me
3688 3118 3705 3141 ,

2129 3157 2327 3224 inquit,
2359 3166 2405 3211 et
2429 3159 2597 3212 omnia
2623 3158 2711 3211 tibi
2733 3160 2959 3214 reddam.
2991 3161 3095 3215 Sed
3126 3161 3294 3215 bonus
3318 3163 3583 3227 dominus,
3616 3166 3709 3217 mi-

2128 3248 2357 3301 Sericors
2379 3288 2393 3312 ,
2424 3249 2695 3319 nostrique
2723 3264 2903 3303 curam
2930 3265 3092 3320 agens
3112 3293 3125 3314 ,
3155 3251 3376 3320 supplici
3410 3254 3666 3322 prOpitius
3690 3296 3707 3321 ,

2131 3356 2233 3393 non
2277 3342 2445 3395 solum
2484 3352 2736 3411 quantum
2769 3344 2941 3412 petiit,
2974 3343 3068 3399 sed
3096 3355 3348 3414 quantum
3384 3362 3451 3399 ne
3478 3348 3711 3416 cogitare

2131 3431 2344 3499 quidem
2386 3448 2546 3486 ausus
2576 3432 2671 3487 fuit
2692 3474 2707 3501 ,
2739 3434 2902 3488 dedit.
2934 3434 2981 3488 ls
3011 3435 3156 3489 enim
3198 3436 3312 3505 ejus
3356 3452 3469 3492 mos
3503 3448 3586 3492 est
3608 3479 3620 3499 .
3654 3449 3712 3492 ut

2132 3521 2343 3584 vincat,
2379 3530 2434 3576 et
2473 3524 2765 3591 prtevcniat
2805 3525 3085 3593 petitiones
3125 3538 3352 3580 nostras.
3403 3527 3493 3581 Illo
3534 3529 3712 3598 itaque

2132 3621 2317 3666 orante
2345 3620 2403 3665 ut
2427 3615 2762 3668 severitatem
2793 3614 3035 3669 dominus
3066 3617 3387 3678 remitteret,
3416 3628 3469 3672 et
3493 3620 3713 3688 promit-

2135 3710 2277 3756 tente
2303 3703 2597 3757 soluturum
2629 3720 2685 3759 se
2709 3706 2907 3768 omnia,
2941 3705 3187 3761 dominus
3216 3707 3449 3762 bonitate
3473 3723 3565 3762 sua
3596 3710 3713 3763 vin-

2133 3807 2259 3846 cens
2281 3802 2457 3846 nostra
2484 3794 2695 3859 delicta,
2728 3796 3088 3850 misericordia
3116 3807 3306 3862 motus,
3336 3798 3536 3852 dimisit
3563 3814 3712 3865 eum,

2133 3881 2476 3953 debitumque
2506 3892 2671 3938 totmn
2697 3886 2745 3939 ei
2772 3886 2992 3940 remisit.
3024 3887 3210 3942 Vidisti
3238 3888 3361 3955 quid
3390 3904 3575 3943 servus
3594 3906 3716 3943 ora-

2134 3974 2288 4039 verit,
2313 3982 2366 4027 et
2385 3984 2634 4042 quantum
2655 3976 2703 4030 ei
2726 3975 2971 4031 dominus
2989 3976 3283 4032 dimiserit?
3308 3979 3432 4033 Vide
3452 3995 3481 4034 e
3502 3980 3716 4035 diverso

2135 4072 2189 4118 et
2229 4065 2368 4119 servi
2412 4066 2742 4119 insolentiam
2774 4084 2788 4119 :
2818 4082 2937 4121 cum
2982 4069 3200 4123 deberet
3238 4070 3378 4124 enim
3422 4071 3712 4126 secundum

2136 4166 2335 4212 tantam
2364 4157 2739 4226 benignitatem
2762 4169 2813 4212 et
2841 4160 3154 4215 ineffabilem
3185 4161 3582 4217 beneficentiam
3611 4164 3713 4219 sibi

2135 4250 2442 4313 exhibitam,
2474 4260 2526 4304 et
2553 4251 2663 4319 ipse
2688 4266 2811 4321 erga
2840 4254 3134 4321 proximum
3163 4254 3299 4309 bene
3325 4255 3545 4311 affectus
3568 4272 3711 4323 esse,

2135 4344 2403 4395 contrario
2433 4359 2649 4411 prorsus
2675 4344 2833 4397 modo
2858 4360 2915 4399 se
2940 4346 3120 4414 gessit.
3146 4344 3393 4416 Egressus
3417 4350 3556 4401 enim
3580 4389 3595 4412 ,
3627 4349 3714 4402 in-

2135 4434 2246 4502 quit
2272 4476 2286 4499 ,
2314 4435 2400 4487 ille
2428 4434 2445 4504 (
2473 4433 2549 4487 Ib.
2576 4451 2623 4488 v.
2650 4435 2719 4489 28
2738 4436 2775 4505 ),
2805 4436 2893 4503 qui
2925 4436 3106 4491 decem
3143 4437 3363 4490 millium
3395 4437 3712 4491 talentormu

2138 4525 2502 4579 remissionem
2532 4535 2847 4594 assequutus
2886 4534 3019 4579 erat.
3046 4525 3268 4590 Audite,
3298 4526 3522 4581 obsecro
3546 4568 3559 4589 .
3586 4528 3711 4581 dili-

2134 4626 2321 4683 genter
2347 4632 2359 4667 :
2388 4630 2505 4683 qum
2531 4614 2603 4667 illi
2631 4615 2957 4676 acciderunt,
2980 4614 3241 4670 sufficiunt
3263 4615 3327 4669 ad
3349 4618 3714 4686 corripiendas

2136 4706 2341 4759 animas
2372 4716 2611 4770 nostras,
2641 4718 2694 4759 et
2722 4705 2786 4758 ad
2824 4705 3244 4774 persuadendum
3276 4714 3337 4759 ut
3357 4708 3569 4761 tollatur
3593 4722 3716 4776 gra-

2136 4798 2213 4848 vis
2250 4797 2335 4851 ille
2380 4796 2598 4850 morbus
2639 4812 2669 4849 e
2708 4780 2909 4850 menter
2923 4806 3122 4851 nostra.
3153 4796 3253 4849 Hie
3281 4798 3473 4867 igitur,
3503 4798 3713 4868 inquit,

2133 4904 2360 4959 egressus
2397 4889 2580 4941 invenit
2620 4904 2775 4941 unum
2802 4905 2828 4940 e
2855 4890 3103 4942 conservis
3147 4891 3249 4942 suis
3272 4931 3288 4955 ,
3320 4890 3407 4958 qui
3440 4890 3640 4943 debebat
3669 4893 3717 4943 ei

2134 4988 2329 5031 cenm-n
2364 4978 2598 5032 denarios
2652 4976 2783 5032 Vide
2812 4988 3063 5048 quantum
3096 4980 3332 5033 interest.
3376 4980 3470 5033 llic
3498 4994 3715 5036 conser-

2138 5086 2227 5122 vt-s
2265 5067 2494 5122 debebat
2528 5078 2740 5121 centum
2772 5067 3018 5121 denarios
3038 5110 3051 5132 ,
3084 5068 3190 5124 illic
3215 5070 3463 5123 dominus
3488 5080 3603 5125 erat
3624 5072 3713 5139 qui

2138 5158 2404 5226 repetebat
2434 5158 2615 5212 decem
2645 5159 2807 5213 millia
2836 5159 3150 5213 talentorum
3179 5177 3191 5212 :
3220 5160 3564 5214 nihilominus
3592 5162 3718 5230 quia

2139 5249 2266 5302 vidit
2292 5248 2675 5317 supplicantem
2698 5260 2750 5302 et
2774 5260 3035 5315 orantem,
3063 5250 3278 5304 dimisit.
3306 5253 3373 5303 At
3399 5256 3496 5304 iste
3520 5251 3718 5319 Appi-e-

2140 5341 2346 5391 hensum
2375 5355 2569 5391 servum
2593 5338 2873 5404 sttﬂoiabat
2892 5381 2905 5401 ,
2936 5340 3105 5393 dicens
3131 5357 3151 5394 :
3181 5340 3352 5395 Redde
3380 5343 3501 5393 mihi
3525 5342 3569 5395 si
3597 5344 3719 5412 quid

2138 5430 2301 5483 debes.
2329 5429 2461 5497 Quid
2507 5430 2693 5499 igitur?
2727 5429 3038 5493 Procidens,
3069 5431 3268 5500 inquit,
3309 5449 3571 5485 conservus
3609 5435 3719 5503 ejus

2138 5519 2299 5589 (Ibid.
2330 5537 2375 5574 v.
2406 5520 2521 5590 29).
2549 5520 2679 5575 Vide
2704 5522 2969 5589 quomodo
2997 5522 3219 5577 snhinde
3245 5524 3565 5592 evangelista
3592 5540 3718 5578 ver-

2140 5615 2284 5680 bum,
2316 5613 2613 5677 Conservus,
2638 5623 2830 5675 versat,
2860 5630 2964 5669 non
3000 5624 3219 5682 temere,
3249 5616 3342 5671 sed
3372 5624 3426 5670 ut
3451 5616 3721 5671 discamus

2142 5704 2257 5758 illos
2291 5719 2447 5772 pares
2472 5704 2691 5760 otitnino
2723 5703 2899 5760 fuisse.
2941 5704 3310 5762 Verumtamen
3350 5721 3637 5763 conservus
3667 5708 3719 5763 ei
