4066 6140
310 219 420 275 247

317 333 418 388 καὶ
453 332 858 401 πληθύνεσθε,
887 333 984 387 καὶ
1006 333 1364 401 πληρώσατε
1391 334 1506 403 τὴν
1534 333 1670 403 γῆν,
1697 330 1796 384 καὶ
1822 340 1990 380 κατα-

316 422 674 488 κτφιεύσατε
703 421 893 490 αὐτῆς
917 439 930 453 ο
961 423 1059 493 οὐχ
1091 422 1276 488 ἁπλῶς
1305 418 1478 485 εἶπεν,
1518 422 1703 491 Ὑμεῖς
1729 421 1816 486 δὲ,
1857 417 1993 472 ἀλλά

321 511 607 582 μονονουχὶ
627 510 822 578 λέγων,
858 511 1016 581 ὑμεῖς
1043 513 1093 565 οἱ
1133 512 1324 581 ὀλίγοι,
1350 514 1400 566 οἱ
1428 513 1781 584 εὐαρίθμητοι
1814 513 1993 566 πᾶσαν

315 598 420 669 τὴν
453 600 559 666 γῆν
607 597 954 669 πληρώσατε,
1006 598 1101 653 καὶ
1129 600 1594 671 κατακυριεύσατε
1623 600 1814 670 αὐτῆς,
1847 598 1993 651 τοῦτ’

324 685 463 748 ἔστι,
494 684 593 757 τὴν
634 685 807 757 ἀρχὴν
833 685 1005 756 ἔχετε,
1036 686 1131 739 καὶ
1178 687 1276 758 τὴν
1308 687 1573 753 ἐξουσίαν,
1608 686 1702 740 καὶ
1732 686 1828 757 τὴν
1854 685 1991 739 ἀπό·

322 775 530 829 λαυσιν.
562 772 706 844 Ὅρα
730 791 818 844 μοι
843 772 978 826 Θεοῦ
1000 772 1426 845 φιλανθρωπίαν,
1458 773 1576 838 πῶς
1606 772 1869 844 πρότερον
1906 788 1996 843 με·

263 860 297 935 ‘l
320 864 492 933 τάλας
525 862 623 926 τὰς
650 863 967 934 εὐεργεσίας
1004 863 1372 935 δωρούμενος,
1404 862 1526 916 τότε
1568 862 1664 915 καὶ
1706 861 1870 932 νόμον
1899 862 1995 914 καὶ

323 951 540 1022 ἐντολὴν
572 951 772 1005 δίδωσι.
816 952 927 1005 Kal
963 951 1210 1022 καθάπερ
1253 952 1345 1004 ἐπὶ
1375 949 1468 1004 τοῦ
1511 949 1717 1020 ’Λδάμ,
1765 948 1901 1018 μετά
1930 946 1995 1000 τὸ

321 1041 708 1109 ἐγκατοικῆσαι
743 1051 769 1080 ει
796 1040 853 1091 ἐν
876 1040 952 1110 τῷ
985 1037 1310 1110 παραδείσῳ,
1334 1039 1429 1092 καὶ
1457 1036 1555 1108 τὴν
1576 1035 1843 1104 τοσαύτην
1864 1034 1992 1089 ams.

320 1127 510 1181 λαυσιν
534 1126 860 1198 χαρίσασθαι
889 1166 904 1190 ,
948 1127 1072 1181 τότε
1105 1127 1205 1196 τὴν
1237 1126 1445 1197 ἀποχὴν
1471 1123 1565 1178 τοῦ
1605 1124 1761 1191 ξύλου
1792 1123 1990 1177 ἐνετεί-

321 1216 453 1268 λατο
470 1233 482 1245 ·
507 1214 649 1268 οὕτω
673 1215 765 1269 καὶ
796 1214 1027 1269 ἐνταῦθα
1058 1215 1196 1286 μετὰ
1218 1215 1279 1268 τὸ
1304 1213 1634 1284 ὑποσχέσθαι
1665 1212 1862 1284 μηκέτι
1881 1229 1992 1266 τοι·

322 1304 494 1374 αύτην
520 1306 742 1372 ἐπάξειν
771 1303 1164 1374 πανωλεθρίαν,
1189 1303 1323 1374 μηδέ
1342 1294 1714 1372 ἀγανάκτησιν
1739 1300 1994 1371 τοιαύτην

322 1391 708 1458 ἐπιδείξασθαι,
746 1390 880 1444 ἀλλά
929 1390 1163 1460 ἀκίνητα
1214 1390 1374 1460 μέχρι
1421 1391 1520 1459 τῆς
1566 1387 1870 1450 συντελείας
1899 1388 1994 1456 ἐᾷν

326 1479 543 1533 ᾶπαντα
566 1478 636 1532 τὰ
664 1480 900 1548 στοιχεῖα
921 1476 1215 1546 διαμένειν,
1247 1477 1478 1529 ἕκαστον
1518 1475 1608 1529 τὸν
1653 1464 1850 1528 οίιίεῖον
1875 1473 1996 1544 δρό-

329 1583 429 1637 μον
462 1566 559 1619 καὶ
579 1564 676 1636 τὴν
706 1565 912 1618 οἰκείαν
943 1562 1097 1629 τάξιν
1119 1563 1539 1634 ἀποπληροῦντα
1561 1601 1577 1625 ,
1626 1563 1721 1615 καὶ
1748 1560 1995 1630 εὐλογίας

323 1655 522 1718 αὐτοὺς
544 1652 796 1718 ἀξιῶσαι,
835 1652 927 1705 καὶ
954 1650 1052 1722 τὴν
1085 1650 1319 1721 ἀρχαίαν
1354 1649 1603 1716 ἐξουσίαν
1649 1644 1994 1719 δωρήσασθαι

324 1739 422 1809 τὴν
448 1738 590 1795 κατά
612 1736 721 1790 τῶν
751 1736 959 1803 ἀλόγων
980 1737 1260 1802 ἁπάντων,
1285 1737 1378 1790 καὶ
1402 1737 1503 1806 τῆς
1530 1735 1876 1805 κρεωφαγίας
1896 1733 1994 1805 τὴν

326 1826 510 1879 ἄδειαν
562 1828 883 1895 παρασχεῖν,
936 1825 1058 1877 τότε
1089 1823 1247 1892 φησὶ,
1280 1822 1454 1889 Πλὴν
1482 1820 1659 1889 κρέας
1689 1821 1758 1875 ἐν
1794 1821 1994 1890 αἵματι

326 1910 533 1981 ¹ψυχῆς
551 1913 622 1966 οὐ
648 1910 930 1981 pay-£608.
966 1906 1119 1973 Εἶδες
1153 1910 1270 1972 πῶς
1304 1907 1568 1978 πρότερον
1597 1908 1874 1976 εὐεργετεῖ
1901 1906 1994 1961 καὶ

325 2001 426 2065 τὴν
447 1999 757 2071 φιλοτιμίαν
782 1999 986 2067 ἄφατον
1004 1996 1395 2059 ἐπιδείκνυται,
1423 1996 1517 2049 καὶ
1544 1995 1664 2049 τότε
1693 1996 1991 2058 ἐπιτάττεις

327 2088 502 2142 καίτοι
532 2103 597 2155 γε
620 2086 707 2140 ἐπ’
732 2085 1032 2157 ἀνθρώπων
1069 2085 1169 2138 οὐκ
1208 2082 1274 2137 ἀν
1305 2099 1434 2136 ποτε
1479 2080 1635 2134 τοῦτο
1679 2082 1907 2149 γένοιτο.
1934 2082 1996 2134 Οἱ

327 2173 436 2245 γὰρ
464 2174 740 2245 ἄνθρωποι
770 2173 1034 2243 πρότερον
1062 2171 1343 2242 βούλονται
1376 2171 1443 2223 τά
1480 2171 1612 2240 παρ’
1644 2168 1850 2223 ἑαυτῶν
1878 2171 1998 2222 ἐπι-

327 2261 631 2330 ταττόμενα
677 2261 755 2325 είς
795 2259 953 2331 ἔργον
983 2258 1229 2328 ἐκϐῆναι,
1269 2256 1365 2311 καὶ¹
1397 2256 1595 2327 πολλὴν
1627 2254 1998 2319 ἐπιδείξασθαι

327 2348 425 2417 τὴν
472 2347 684 2402 εὔνοιαν
734 2348 862 2408 τοὺς
906 2344 977 2399 τὰ
1003 2344 1350 2414 ἐπιτάγματα
1407 2342 1750 2412 δεχομένους,
1787 2342 1878 2396 κα)⁵
1900 2340 1997 2412 τὴν

328 2434 529 2488 τούτων
546 2434 891 2505 ἐκπλήρωσιν
918 2432 1293 2503 ποιουμένους,
1325 2431 1420 2484 καὶ
1450 2430 1571 2483 τότε
1604 2428 1714 2500 ἄρα
1741 2428 2000 2499 ἀμείϐεσ-

329 2522 418 2575 θαι
452 2521 578 2586 τούς
598 2520 797 2592 πολλὴν
827 2520 925 2592 τὴν
965 2520 1208 2590 ὑπακοὴν
1255 2517 1716 2587 ἐπιδειξαμένους.
1762 2517 1887 2570 Ἐπὶ
1939 2515 1997 2569 δέ

326 2607 422 2662 τοῦ
482 2608 663 2662 κοινοῦ
722 2610 939 2663 πάντων
998 2607 1267 2659 Δεσπότου
1306 2605 1368 2659 τὸ
1407 2604 1648 2659 ἐναντίον
1668 2622 1682 2636 ο
1738 2602 2000 2674 πρότερον

327 2695 606 2766 εὐεργετεῖ
627 2694 719 2748 καὶ
749 2694 828 2767 τῷ
856 2694 1052 2766 πλήθει
1092 2693 1200 2747 τῶν
1231 2691 1558 2763 εὐεργεσιῶν
1590 2690 1874 2759 ἐφέλκεται
1901 2689 2000 2761 τὴν

328 2782 601 2854 ἡμετέραν
642 2781 824 2849 φύσιν,
859 2781 955 2835 καὶ
987 2781 1105 2835 τότε
1140 2779 1318 2848 κοῦφα
1347 2778 1441 2832 καὶ
1498 2776 1654 2847 ῥᾴδια
1703 2774 2018 2833 ἐπιτάττειν

329 2869 418 2922 ἶνα
452 2869 546 2923 καὶ
573 2870 638 2939 τῇ
667 2866 887 2938 εὐκολίᾳ
917 2867 1028 2919 τῶν
1068 2864 1457 2935 ἐπιταγμάτων
1491 2861 1583 2917 καὶ
1605 2864 1727 2924 ταῖς
1753 2859 2000 2932 παραλα-

334 2955 551 3019 ϐούσαις
584 2938 925 3025 εὐεργεσίαις
974 2952 1424 3024 διεγηγερμένοι,
1472 2949 1610 3022 πρὸς
1652 2938 1754 3020 τὴν
1797 2949 2000 3001 τούτων

331 3041 671 3112 ἐπειχθῶμεν
701 3041 1070 3111 ἐκπλήρωσιν.
1180 3094 1187 3101 ,

399 3130 491 3201 Μὴ
515 3129 692 3182 τοίνυν
722 3126 1055 3199 ρᾳθυμῶμεν
1080 3165 1096 3189 ,
1147 3123 1441 3194 ἀγαπητοὶ,
1477 3123 1613 3194 μηδὲ
1656 3123 2000 3194 ὀκνηρότεροι

330 3215 610 3286 γινώμεθα
643 3232 707 3268 πε
719 3215 770 3284 pl
793 3213 891 3286 τὴν
924 3212 1171 3284 ὑπακοὴν
1195 3211 1305 3264 τῶν
1338 3210 1760 3281 ἐπιταχθέντων,
1784 3210 1879 3263 καὶ
1904 3209 2001 3272 τάς

332 3301 752 3375 παραλαϐούσας
802 3301 1123 3371 εὐεργεσίας
1154 3296 1516 3367 λογιζόμενοι,
1560 3297 1785 3351 καὶτῶν
1814 3299 2003 3351 ἐπιτα-

330 3390 556 3461 γμάτων
574 3388 671 3459 τὴν
690 3387 959 3449 εὐκολίαν,
985 3386 1079 3439 καὶ
1110 3384 1217 3439 τῶν
1240 3384 1583 3452 ἐπαγγελιῶν
1609 3384 1717 3437 τῶν
1745 3382 1885 3454 μετά
1904 3381 2002 3453 τήν

331 3478 679 3548 ἐκπλήρωσιν
710 3476 841 3546 ἡμῖν
867 3473 1312 3543 τεταμιευμένων
1344 3471 1404 3525 τὸ
1437 3470 1666 3542 μέγεθος
1689 3486 1706 3504 ο
1741 3470 1876 3525 ἀλλά
1907 3471 2002 3540 νὴ-

331 3580 521 3633 φωμεν
553 3564 646 3616 καὶ
673 3562 800 3633 περὶ
827 3561 923 3631 τὴν
955 3559 1218 3631 ἐργασίαν
1248 3558 1566 3629 σπεύδωμεν
1592 3556 1704 3611 τῶν
1735 3556 1886 3626 παρά
1907 3556 2001 3608 τοῦ

331 3647 464 3702 Θεοῦ
493 3647 789 3717 δεδομένων
816 3647 949 3717 ἡμῖν
977 3644 1207 3698 ἐντολῶν
1224 3685 1238 3709 ,
1272 3643 1369 3697 καὶ
1402 3643 1502 3705 τὰς
1529 3642 1698 3705 ὁδοὺς,
1726 3640 1791 3705 ἀς
1816 3639 2002 3711 ἐχαρί-

333 3751 463 3788 σατο
493 3737 558 3805 τῇ
592 3732 837 3804 ἡμετέρᾳ
862 3731 1021 3800 φύσει
1052 3731 1188 3801 πρὸς
1215 3730 1316 3799 τὴν
1339 3730 1447 3782 τῶν
1475 3727 1662 3797 ψυχῶν
1693 3725 1849 3795 ήμῶν
1881 3742 2005 3778 συν-

330 3820 592 3884 τελούσας
640 3819 942 3887 σωτηρίαν,
985 3816 1059 3887 μὴ
1087 3813 1563 3885 ἀποπεμψώμεθα,
1589 3811 1727 3866 ἀλλά
1762 3811 1840 3882 τῷ
1870 3812 2003 3865 ὐπο-

330 3907 635 3977 λειπομένῳ
659 3905 758 3976 τῆς
795 3905 942 3974 ζωῆς
967 3902 1123 3973 ἡμῶν
1147 3901 1323 3973 χρόνῳ
1353 3901 1434 3963 είς
1479 3898 1597 3953 δέον
1645 3898 2001 3969 χρησάμενοι,

335 3996 431 4049 καὶ
477 3995 545 4048 τὰ
580 3990 944 4065 ἡμαρτημένα
975 3985 1392 4057 ἀπονιψώμεθα,
1441 3984 1536 4038 καὶ
1560 3982 1761 4054 πολλὴν
1794 3985 2005 4046 ἑαυτοῖς

336 4080 486 4153 [264]
510 4080 608 4152 τὴν
633 4077 947 4152 παρρησίαν
990 4072 1448 4146 προαποθώμεθα,
1500 4071 1595 4125 καὶ
1627 4071 1861 4141 μάλιστα
1888 4068 2004 4136 νῦν,

335 4171 412 4233 ὡς
440 4169 518 4223 ἐτι
546 4167 802 4239 ἐνέστηκε
827 4164 888 4218 τὸ
919 4162 1238 4233 λειπόμενον
1257 4159 1358 4231 τῆς
1387 4157 1545 4228 ἁγίας
1568 4160 2006 4229 τεσσαρακοστῆς

445 4274 526 4321 ος.

336 4257 656 4407 μέ.οὐδέ
695 4339 804 4413 7&9
833 4340 1013 4408 ὀλίγος
1051 4336 1200 4389 ἐστὶν
1232 4335 1261 4387 ό
1300 4332 1408 4387 τῶν
1435 4329 1659 4403 ἡμερῶν
1702 4328 1934 4400 ἀριθμδς
1978 4331 2007 4382 6

339 4430 778 4499 ὑπολειπόμενος,
808 4427 857 4480 εί
887 4423 1279 4496 βουληθείημεν
1305 4418 1497 4491 μικρὸν
1522 4415 1813 4486 ἀνανῆψαι.
1839 4416 2008 4468 Τοῦτο

336 4517 395 4571 δέ
421 4513 594 4581 εἷπον,
635 4517 735 4568 οὐκ
763 4513 950 4582 ἐπειδὴ
978 4510 1234 4564 τοσούτου
1260 4507 1453 4578 χρόνου
1496 4505 1655 4576 μόνον
1694 4503 1864 4557 δεῖται
1899 4501 2007 4556 τῶν

339 4603 742 4675 ἡμαρτημένων
772 4603 902 4672 ἡμῖν
930 4601 964 4671 ἡ
1000 4598 1287 4668 διόρθωσις
1307 4635 1322 4661 ,
1359 4593 1473 4648 ἀλλ’
1512 4591 1699 4662 ἐπειδὴ
1733 4590 2007 4661 Δεσπότην

339 4690 535 4761 ἔχομεν
560 4688 938 4761 φιλάνθρωπον
978 4685 1071 4739 καὶ
1099 4684 1306 4754 ἥμερον
1333 4720 1348 4744 ,
1384 4679 1479 4734 xal
1518 4678 1579 4732 οὐ
1616 4678 1787 4732 δεῖται
1816 4676 2006 4748 χρόνου

340 4776 536 4830 πολλοῦ
560 4794 575 4809 ο
603 4778 761 4847 μόνον
783 4775 879 4829 ἐὰν
909 4773 1045 4845 μετά
1084 4769 1286 4839 πολλῆς
1313 4768 1414 4837 τῆς
1435 4765 1766 4836 θερμότητος
1792 4763 2005 4832 καὶτῆς

342 4863 555 4934 νήψεως
602 4862 751 4933 αὐτῷ
808 4860 1138 4933 προσίωμεν,
1181 4852 1587 4922 ἀποστήσαντες
1634 4850 1859 4912 ἐαυτούς
1901 4848 2008 4902 τῶν

344 4948 690 5022 βεϐιωμένων
742 4950 1017 5012 ἀπάντων,
1069 4946 1165 5000 καὶ
1210 4938 1661 5015 προσηλώσαντες
1806 4935 2043 4989 ἄνωθεν.

344 5039 506 5107 ῥοπῇ.
536 5037 644 5089 Kal
670 5036 779 5105 7&9
820 5035 870 5087 οί
908 5033 1188 5086 Νινευῖται
1220 5026 1460 5096 τοσούτῳ
1499 5022 1694 5095 πλήθει
1724 5021 2010 5093 ἁμαρτιῶν

345 5124 551 5196 βεϐαρη
559 5124 728 5195 μένοι,
751 5120 938 5192 ἐπειδὴ
959 5119 1126 5189 πολλῇ
1143 5117 1236 5171 καὶ
1253 5113 1470 5185 ἀκριϐεῖ
1486 5113 1553 5183 τῇ
1576 5110 1832 5196 μετανοίᾳ
1854 5109 2012 5196 ἐχρήτ

348 5194 526 5273 σαντο,
557 5194 658 5263 οὐκ
709 5209 1008 5278 ἐδεήθησαν
1045 5202 1266 5273 πλέονῆ
1305 5198 1471 5271 τριῶν
1517 5195 1741 5268 ἡμερῶν
1786 5194 1921 5266 πρὸς
1951 5194 2012 5246 τὺ

345 5296 746 5352 ἐκκαλέσασθαι
790 5294 885 5350 τοῦ
916 5290 1052 5347 Θεοῦ
1089 5291 1187 5361 τὴν
1238 5286 1571 5358 ἀγαθότητα,
1622 5282 1718 5335 καὶ
1757 5281 1854 5352 τὴν
1892 5281 2014 5334 κατ’

344 5384 524 5440 αὐτῶν
550 5384 920 5456 ἐξενεχθεῖσαν
942 5380 1212 5447 ἀπόφασιν
1255 5376 1455 5446 ἄκυρον
1491 5372 1788 5440 ἀποφῆναι.
1820 5367 1937 5456 Kal

344 5471 506 5540 λέγω,
533 5474 583 5526 οί
612 5453 887 5526 Νινευῖται
914 5486 928 5533 ;
977 5468 1036 5521 ’0
1062 5464 1265 5536 λῃστὴς
1296 5463 1325 5515 6
1353 5461 1447 5514 ἐπὶ
1497 5456 1592 5512 τοῦ
1630 5453 1863 5526 σταυροῦ
1891 5454 2012 5508 οὐδὲ

351 5559 476 5626 μιᾶς
506 5558 718 5628 ἡμέρας
742 5555 956 5627 ἐδεήθη.
1000 5553 1111 5606 Kal
1144 5550 1196 5603 τί
1229 5549 1373 5617 λέγω
1418 5546 1546 5616 μιᾶς
1584 5542 1832 5628 ήμέραςξ

351 5625 817 5713 βραχείας-ὥρας.
850 5625 1108 5708 -Τοσαύτη
1144 5637 1290 5690 ἐστὶν
1317 5635 1350 5703 ἡ
1400 5631 1528 5702 περὶ
1562 5629 1710 5700 ἡμᾶς
1750 5626 1843 5679 τοῦ
1876 5625 2008 5678 Θεοῦ

351 5731 746 5801 φιλανθρωπία.
793 5728 1042 5784 Ἐπειδὰν
1067 5727 1175 5796 γάρ
1204 5725 1291 5797 ἴδη
1312 5722 1403 5775 τὸν
1435 5718 1590 5773 τόνον
1616 5715 1715 5792 τῇς
1741 5713 2012 5785 ἡμετέρας

415 5823 438 5849 ⁸
462 5816 610 5868 Slvil.
641 5818 763 5880 conj.
787 5813 1128 5879 ἐγκατοικίσαι.
1634 5812 1643 5817 “

1352 257 1356 261 -
1418 217 1484 275 ΙΝ
1521 216 1672 277 CAP.
1741 209 1811 266 IX
1872 207 2116 265 GENES.
2160 207 2391 266 "OMIL.
2433 205 2647 263 XXVII.

3659 199 3766 267 2&8

2098 323 2342 394 γνώμης,
2369 322 2464 375 καὶ
2490 320 2640 390 πόθῳ
2670 316 2846 382 ζέοντι
2891 315 3211 388 προσιόντας
3263 315 3433 386 ἡμᾶς,
3460 312 3524 368 οὐ
3561 316 3769 385 μέλλει,

2095 408 2215 463 οὐδὲ
2247 408 2606 463 ἀναϐάλλεται
2631 422 2642 439 ⁸
2674 404 2810 459 ἀλλά
2842 406 3063 474 ταχεῖαν
3093 404 3321 474 παρέχει
3357 401 3457 468 τὴν
3484 403 3613 472 παρ’
3640 401 3769 454 ἐαυ-

2094 494 2189 549 τοῦ
2214 494 2523 566 φιλοτιμίαν
2547 532 2563 558 ,
2593 491 2687 547 καὶ
2715 490 2899 561 λέγει·
2931 492 3055 544 Ἔτι
3095 487 3433 555 λαλοῦντός
3463 503 3581 542 σου
3619 485 3734 556 ἐρῶ
3754 504 3771 519 ·

2108 580 2257 636 Ἰδοὺ
2276 578 2532 651 πάρειμι.

2169 669 2265 721 Ἂν
2302 667 2484 721 τοίνυν
2515 663 2863 737 βουληθῶμεν
2901 663 2931 704 ι)
2962 664 3058 716 καὶ
3104 664 3267 733 ἡμεῖς
3299 662 3357 714 ἐν
3382 654 3529 723 παῖς
3559 658 3771 727 ὀλίγαις

2093 755 2331 826 ἡμέραις
2355 752 2578 816 ταύταις
2608 752 2841 823 σπουδήν
2861 767 2981 804 τινα
3002 748 3393 815 ἐπιδείξασθαι,
3421 748 3515 800 καὶ
3534 749 3601 817 τῇ
3625 763 3738 816 συμ
3755 778 3767 787 -

2099 841 2269 912 μαχίᾳ
2294 843 2360 913 τῇ
2400 840 2507 894 ἀπὸ
2527 839 2629 910 τῆς
2651 839 2905 910 νηστείας
2933 839 3014 901 είς
3044 837 3163 891 δέον
3187 834 3513 907 χρήσασθαι,
3544 835 3637 889 καὶ
3671 835 3770 905 τὴν

2096 927 2366 998 ρᾳθυμίαν
2414 925 2890 995 ἀποτιναξάμενοι,
2937 922 3103 993 εὐχάς
3152 923 3393 984 ἐκτενεῖς
3440 921 3769 991 ποιήσασθαι

2096 1014 2233 1083 πρὸς
2253 1015 2346 1068 τὸν
2374 1014 2671 1084 Δεσπότην,
2700 1013 2910 1083 δάκρυα
2936 1011 3115 1081 θερμά
3146 1009 3419 1080 προχέειν,
3443 1010 3769 1080 κατηγορεῖν

2098 1102 2337 1171 συνεχῶς
2354 1101 2462 1155 τῶν
2486 1102 2622 1171 ἡμῖν
2656 1097 3228 1169 πεπλημμελημένων,
3258 1096 3565 1167 προτιθέναι
3597 1096 3770 1150 καθά-

2096 1205 2202 1259 περ
2238 1188 2405 1260 ίατρῷ
2459 1188 2525 1242 τά
2554 1188 2796 1259 ἡμέτερα
2845 1184 3155 1256 τραύματα.
3200 1183 3294 1238 καὶ
3337 1183 3405 1237 τὰ
3451 1187 3551 1254 τῆς
3590 1183 3769 1254 ψυχῆς

2094 1274 2226 1344 ἐλκη
2257 1273 2551 1338 δεικνύναι,
2589 1275 2685 1327 καὶ
2714 1274 2812 1342 τὴν
2846 1273 2973 1343 παρ’
2998 1271 3164 1325 αὐτοῦ
3197 1270 3440 1342 ἰατρείαν
3466 1270 3765 1341 ἐπιζητεῖν,

2097 1363 2192 1415 καῖ⁹
2216 1362 2287 1415 τά
2318 1361 2453 1416 ἄλλα
2477 1362 2547 1415 τά
2580 1361 2708 1430 παρ’
2760 1359 2973 1413 ἑαυτῶν
2997 1358 3291 1430 εἰσφέρειν,
3329 1358 3620 1429 συντριϐὴν
3644 1359 3767 1412 δια-

2094 1448 2265 1512 νοίας,
2291 1446 2583 1512 κατάνυξιν
2601 1445 2825 1517 ἀκριϐῆ,
2855 1444 3227 1515 ἐλεημοσύνην
3254 1443 3479 1515 δαψιλῆ,
3510 1444 3580 1498 τά
3607 1444 3770 1498 λοιπά

2097 1535 2244 1605 πάθη
2289 1536 2358 1589 τὰ
2404 1535 2834 1606 διαταράττοντα
2870 1532 3025 1603 ἡμῶν
3067 1532 3159 1585 τὸν
3186 1532 3448 1603 λογισμὸν
3495 1531 3765 1602 χαλινοῦν.

2095 1623 2189 1675 καὶ
2246 1620 2509 1692 ἐξορίζειν
2560 1623 2661 1692 τῆς
2684 1620 2963 1691 ἡμετέρας
2989 1618 3187 1690 ψυχῆς,
3224 1619 3317 1673 καὶ
3371 1619 3508 1689 μήτε
3541 1619 3645 1672 ὑπὸ
3669 1615 3771 1688 τῆς

2093 1708 2203 1761 τῶν
2235 1708 2531 1779 χρημάτων
2555 1706 2851 1776 ἐπιθυμίας
2872 1706 3298 1777 πολιορκεῖσθαι,
3332 1707 3466 1777 μήτε
3503 1723 3769 1777 μνησικα-⁸

2095 1798 2211 1849 κεῖν
2235 1795 2369 1867 πρὸς
2389 1795 2515 1857 τοὺς
2545 1794 2793 1864 πλησίον,
2852 1793 2947 1847 καὶ
2987 1792 3271 1864 ἐχθρωδῶς
3302 1792 3605 1845 διακεῖσθαι
3635 1791 3772 1863 πρὺς

2093 1882 2221 1946 τοὺς
2267 1883 2566 1952 ὁμογενεῖς.
2604 1880 2770 1934 Οὐδὲν
2797 1880 2927 1950 γὰρ,
2965 1879 3116 1932 οὐδέν
3166 1877 3339 1942 οὕτως
3376 1880 3404 1931 6
3456 1879 3591 1942 Θεὸς
3625 1878 3773 1950 μισέῖ

2095 1967 2189 2021 καὶ
2219 1966 2640 2038 ἀποστρέφεται,
2662 1965 2738 2029 ὡς
2766 1965 2859 2018 τὸν
2895 1964 3335 2035 μνησικακοῦντα
3364 1964 3646 2035 ἄνθρωπον
3676 1965 3771 2017 καὶ

2093 2054 2193 2125 τὴν
2225 2053 2422 2124 ἔχθραν
2446 2053 2546 2124 τὴν
2575 2052 2710 2123 πρὸς
2732 2052 2825 2105 τὸν
2853 2051 3081 2123 πλησίον
3123 2051 3215 2104 ἐπὶ
3256 2053 3369 2125 τῆς
3388 2051 3564 2122 ψυχῆς
3589 2051 3769 2122 διηνε-

2095 2121 2206 2205 κῶς
2237 2121 2593 2210 φυλέιττοντα.
2622 2121 2874 2211 Τοσαύτη
2913 2121 3021 2210 7&9
3066 2138 3272 2210 ταύτης
3307 2121 3422 2192 ἐστὶ
3455 2121 3554 2211 τῆς
3592 2121 3771 2211 ἀμαρ-

2094 2227 2213 2292 τίας
2242 2226 2466 2298 ἡλύμη,
2492 2227 2574 2280 ὅτι
2607 2226 2701 2278 καὶ
2747 2224 3155 2295 φιλανθρωπίαν
3204 2223 3339 2278 Θεοῦ
3382 2225 3768 2280 ἀνεκαλέσατο.

2095 2314 2205 2368 Kal
2235 2314 2322 2368 ἵνα
2350 2313 2579 2385 μάθητε,
2609 2313 2920 2383 ὑπομνῆσαι
2944 2312 3088 2382 ὑμᾶς
3116 2312 3375 2383 βούλομαι
3402 2314 3502 2382 τῆς
3529 2313 3772 2384 παραϐοι

2095 2402 2193 2473 λῆς
2220 2403 2318 2472 τῆς
2352 2402 2409 2454 ἐν
2433 2395 2511 2468 τῷ
2533 2398 2850 2468 Εὐαγγελίῳ
2881 2399 3162 2469 κειμένης,
3196 2399 3344 2462 ὅπως
3375 2400 3576 2461 ἐκεῖνος
3606 2401 3635 2452 6
3660 2398 3773 2452 τῶν

2099 2488 2310 2559 μυρίων
2334 2485 2614 2541 ταλάντων
2645 2485 2745 2556 τὴν
2781 2485 3124 2557 συγχώρησιν
3163 2484 3454 2552 δεξάμενος
3483 2484 3635 2555 παρὰ
3673 2485 3771 2538 τοῦ

2096 2573 2384 2635 δεσπότου,
2434 2572 2622 2644 ἐπειδὴ
2647 2570 2972 2642 προσέπεσε,
3005 2566 3097 2624 καὶ
3124 2568 3319 2641 ἐδεήθη
3340 2610 3355 2633 ,
3382 2570 3477 2623 καὶ
3507 2571 3769 2624 ἱκέτευσε.

2097 2659 2576 2729 Σπλαγχνισθεὶς
2603 2658 2732 2727 γὰρ,
2760 2659 2949 2727 φησὶν,
2968 2660 3000 2711 ό
3025 2659 3231 2725 κύριος
3249 2658 3436 2711 αὐτοῦ
3460 2657 3774 2713 ἀπέλυσεν

2096 2744 2303 2805 αὐτόν,
2359 2744 2460 2799 καὶ
2513 2744 2578 2797 τὸ
2629 2742 2872 2797 δάνειον
2922 2742 3354 2810 συνεχώρησεν
3391 2742 3571 2808 αὐτῷ.
3619 2738 3773 2799 Είδεε

2096 2825 2500 2896 εὐσπλαγχνίαν
2526 2824 2784 2878 δεσπότου
2809 2841 2825 2890 ;
2860 2823 3093 2887 Ἐκεῖνος
3120 2824 3489 2893 προσέπιπτεν
3517 2824 3775 2878 ἱκετεύων

2098 2912 2435 2984 προθεσμίαν
2489 2910 2636 2981 αὐτῷ
2691 2910 2931 2982 δοθῆναι.
2982 2911 3465 2979 Μακροθύμησον
3515 2910 3627 2982 γὰρ
3675 2910 3775 2964 ἐπ’

2095 2999 2247 3068 ἐμοὶ,
2301 2998 2456 3069 φησὶ,
2508 2997 2606 3051 καὶ
2646 2996 2845 3052 πάντα
2880 3012 2980 3051 σοι
3003 2995 3315 3049 ἀποδώσω.
3351 2996 3540 3050 ’Δλλ’ὁ
3571 2995 3774 3063 ἀγαθὸς

2095 3085 2380 3155 δεσπότης,
2402 3086 2431 3137 6
2464 3082 2716 3152 κηδεμὼν
2742 3083 2838 3137 καὶ
2862 3081 3263 3152 φιλάνθρωπος,
3294 3080 3667 3151 ἐπικαμφθεὶς
3693 3080 3773 3151 τῷ

2101 3171 2274 3243 ἱκέτῃ,
2309 3172 2406 3240 οὐχ
2450 3171 2573 3224 ὅσον
2609 3169 2801 3241 ᾔτησε,
2837 3168 3094 3223 τοσοῦτον
3144 3165 3419 3236 παρέσχεν
3444 3207 3459 3231 ,
3504 3165 3623 3220 ἀλλ’
3648 3166 3776 3219 ὅσον

2096 3257 2220 3312 οὐδέ
2257 3257 2527 3327 ἐνενόησε.
2563 3254 2819 3308 Τοιοῦτον
2847 3253 2958 3325 7&9
2984 3253 3134 3324 αὐτῷ
3167 3252 3317 3325 [265]
3361 3252 3489 3315 ἔθος
3508 3253 3595 3305 ἀεὶ
3616 3253 3776 3324 νικᾷν

2098 3346 2193 3399 καὶ
2227 3344 2559 3416 προφθάνειν
2577 3342 2677 3408 τὰς
2699 3342 2975 3414 ἡμετέρας
3012 3341 3277 3412 αἰτήσεις.
3327 3338 3566 3393 Ἐκείνου
3593 3338 3774 3392 τοίνυν

2098 3432 2376 3505 ἐνδοθῆναι
2434 3430 2946 3502 παρακαλέσαντος,
3000 3429 3095 3482 καὶ
3146 3427 3515 3498 ὑποσχομένου
3592 3426 3775 3478 πᾶσαν

2100 3518 2430 3590 ποιήσασθαι
2461 3516 2559 3588 τὴν
2587 3517 2817 3580 ἑκτισιν,
2849 3518 2878 3570 6
2911 3515 3207 3586 ἀγαθότητι
3237 3514 3401 3577 νικῶν
3434 3515 3504 3566 τά
3530 3511 3775 3583 ἡμέτερα

2101 3605 2581 3679 πλημμελήματα,
2617 3601 3034 3672 σπλαγχνισθεὶς
3066 3600 3252 3653 λοιπὸν
3283 3600 3553 3653 ἀπέλυσεν
3587 3599 3771 3662 αὐτὸν,

2102 3692 2195 3745 καὶ
2225 3692 2287 3744 τὸ
2312 3690 2520 3743 δάνειον
2550 3688 2759 3757 ἀφῆκεν
2787 3686 2956 3755 αὐτῷ.
2979 3683 3133 3748 Εἶδες
3161 3686 3218 3739 τί
3257 3685 3353 3756 μέν
3384 3685 3413 3737 6
3436 3684 3619 3747 δοῦλος
3641 3686 3776 3754 ᾐτή-

2103 3795 2255 3841 σατο,
2288 3778 2412 3830 ὅσον
2439 3775 2495 3829 δέ
2522 3777 2551 3827 6
2586 3774 2853 3843 δεσπότης
2876 3774 3202 3843 ἐχαρίσατο;
3235 3772 3374 3842 Ὅρα
3406 3771 3569 3824 πάλιν
3610 3770 3776 3824 αὐτοῦ

2101 3864 2291 3918 τούτου
2324 3861 2420 3932 τὴν
2444 3861 2724 3917 ἀπόνοιαν.
2750 3859 2880 3913 Δέον
2907 3859 3015 3930 γὰρ
3048 3858 3193 3911 κατὰ
3239 3857 3627 3930 τὴντοσαύτην
3655 3857 3777 3926 φιλ-

2102 3949 2419 4021 ανθρωπίαν
2445 3946 2539 4001 καὶ
2571 3949 2670 4018 τὴν
2698 3947 2905 4017 ἄφατον
2925 3946 3246 4017 εὐεργεσίαν
3267 3945 3367 4016 τὴν
3398 3947 3479 4010 είς
3502 3946 3667 4000 αὐτὸν
3683 3963 3778 4015 γε·-

2102 4037 2408 4109 γενημένην
2438 4033 2892 4106 συμπαθέστατον
2924 4032 3089 4087 αὐτόν
3124 4033 3462 4103 καταστῆναι
3495 4033 3623 4102 περὶ
3649 4032 3777 4097 τοὺς

2104 4126 2401 4196 ὁμογενεῖς,
2428 4123 2457 4177 ὁ
2479 4122 2536 4176 δέ
2554 4122 2616 4176 τὸ
2637 4121 2879 4175 ἐναντίον
2906 4119 3293 4174 ἐπιδείκνυται.
3320 4119 3618 4184 Ἐξελθὼν
3643 4119 3775 4190 γὰρ,

2104 4211 2287 4281 φησὶν,
2317 4203 2496 4275 οὗτος
2512 4207 2694 4271 αὐτὸς,
2720 4210 2750 4261 6
2770 4208 2879 4261 τῶν
2902 4206 3110 4279 μυρίων
3138 4205 3415 4259 ταλάντων
3441 4206 3542 4277 τὴν
3566 4206 3780 4275 συγχώ-

2110 4314 2264 4373 ρησιν
2294 4295 2603 4366 δεξάμενος.
2648 4293 2923 4358 Ἀκούετε,
2948 4286 3273 4363 παρακαλῶ,
3309 4291 3449 4362 μετά
3467 4289 3774 4362 ἀκριϐείας·

2104 4385 2173 4438 τά
2199 4384 2306 4454 γὰρ
2334 4382 2510 4452 τούτῳ
2534 4380 2812 4450 συμϐάντα
2837 4379 2997 4434 ίκανά
3023 4376 3341 4433 καθικέσθαι
3376 4377 3476 4446 τῆς
3504 4376 3779 4448 ἡμετέρας

2106 4470 2304 4540 ψυχῆς,
2336 4469 2431 4521 καὶ
2452 4469 2637 4520 πεῖσαι
2660 4466 2721 4519 τὸ
2745 4465 2979 4536 χαλεπὸν
3006 4464 3166 4518 τοῦτο
3183 4463 3394 4532 νόσημα
3411 4462 3649 4532 ἐξορίσαι
3677 4463 3778 4531 τῆς

2107 4539 2345 4612 διανοίας
2372 4549 2473 4618 τῆς
2500 4547 2797 4618 ἡμετέρας.
2853 4542 3044 4611 Οὗτος
3082 4545 3262 4598 τοίνυν
3299 4543 3565 4608 ἐξελθὼν
3602 4539 3780 4613 εὗρεν

2106 4637 2216 4691 ἕνα
2242 4632 2361 4689 τῶν
2395 4633 2755 4687 συνδούλων
2773 4631 2982 4695 αὐτοῦ,
3011 4630 3079 4697 ὃς
3105 4631 3361 4700 ὠφειλεν
3378 4627 3538 4693 αὐτῷ
3561 4628 3781 4683 ἑκατόν

2108 4720 2380 4789 δηνάρια.
2399 4719 2599 4773 Σκόπει
2640 4718 2806 4772 πόσον
2821 4718 2882 4772 τὸ
2910 4718 3093 4789 μέσον.
3115 4708 3245 4770 Ὧδε
3272 4712 3554 4777 σύνδουλος
3576 4715 3605 4767 6
3631 4713 3781 4781 ὀφεί-

2106 4811 2213 4863 λων
2239 4808 2432 4862 ἑκατὸν
2454 4807 2703 4878 δηνάρια,
2724 4807 2841 4860 ἐκεῖ
2860 4805 3124 4875 δεσπότης
3149 4805 3178 4856 6
3205 4801 3475 4865 ἀπαιτῶν,
3500 4800 3595 4853 καὶ
3610 4800 3783 4870 μύρια

2107 4892 2176 4968 ἦν
2202 4894 2436 4949 τάλαντα
2455 4907 2470 4925 ⁸
2505 4893 2600 4947 καὶ
2627 4893 2779 4963 ὅμως
2808 4890 2997 4961 ἐπειδὴ
3034 4887 3171 4943 εἶδεν
3196 4886 3505 4941 ἱκετεύοντα
3551 4886 3645 4940 καὶ
3673 4900 3780 4939 πα-

2112 4978 2472 5051 ρακαλοῦντα,
2496 4976 2877 5048 συνεχώρησεν
2899 4991 2914 5006 ο
2945 4970 3100 5038 οὗτος
3136 4974 3192 5026 δέ
3239 4971 3558 5040 Κρατήσας
3592 4969 3783 5025 αὐτὸν

2108 5068 2335 5138 ἐπ-νιγε,
2378 5065 2604 5134 λέγων’
2654 5061 2897 5127 Ἀπόδος
2938 5078 3041 5129 μοι
3081 5060 3138 5113 ει
3164 5076 3219 5113 τι
3249 5059 3529 5126 ὀφείλεις.
3566 5056 3635 5110 Τί
3651 5051 3779 5123 οὗνς

2108 5153 2341 5217 Πεσὼν,
2363 5151 2547 5222 φησὶν,
2570 5152 2603 5203 ὀ
2626 5147 2977 5213 σύνδουλος
3000 5145 3209 5201 αὐτοῦ.
3240 5146 3381 5218 Ὅρα
3404 5144 3520 5208 πῶς
3542 5143 3780 5215 συνεχῶς

2113 5238 2338 5308 στρέφει
2365 5234 2428 5288 τὸ
2454 5233 2606 5307 ῥῆμα
2634 5229 2792 5284 τοῦτο
2810 5232 2839 5284 6
2876 5227 3267 5299 εὐαγγελιστὴς
3292 5267 3307 5289 ,
3355 5227 3421 5281 '0
3437 5227 3780 5294 σύνδουλος

2110 5321 2321 5385 αὐτοῦ,
2350 5320 2448 5390 οὐχ
2478 5317 2683 5381 ἁπλῶς,
2714 5315 2828 5370 ἀλλ’
2856 5315 2943 5368 ἵνα
2972 5314 3251 5386 μάθωμεν,
3292 5314 3375 5367 ὅτι
3403 5313 3555 5367 οὐδὲν
3579 5313 3780 5384 μεταξὺ

2113 5406 2373 5464 αὐτῶντὸ
2404 5405 2587 5475 μέσον.
2619 5404 2730 5457 Καὶ
2783 5403 2932 5472 ὅμως
2972 5402 3073 5474 τὴν
3115 5400 3285 5473 αὐτὴν
3334 5400 3614 5470 ἱκετηρίαν
3645 5399 3781 5469 πρὸς

2176 5494 2359 5544 hUnus
2396 5491 2550 5554 codex
2599 5504 2627 5539 a
2672 5489 2853 5554 Sa_vilio
2902 5496 3203 5554 memoratus
3240 5486 3412 5536 οὐκοῦν
3460 5485 3781 5554 βουληθῶμεν,

2113 5571 2224 5618 quae
2252 5555 2404 5618 lectip
2448 5552 2568 5618 lice_t
2608 5549 2805 5618 omnim)
2827 5563 2924 5599 non
2974 5552 3189 5618 ριεςειιι,
3214 5555 3445 5618 ἐιιοξειεη
3481 5549 3779 5618 semggligpn

2109 5603 2332 5676 ίῦίὶοσιυίη
2373 5611 2707 5676 impgrfeclam
2748 5612 2941 5673 plenam
2977 5603 3267 5676 'pxhibébit.
3320 5605 3505 5676 Ἶριν-ιρι
3561 5616 3657 5676 οοξι
3682 5603 3781 5676 ,ἰη-

2114 5661 2405 5726 Ξοὶὲὸῖεει
2443 5661 2815 5733 'Chrysoslonio,
2842 5684 2952 5721 cum
2987 5673 3309 5733 lqngissimaq
3334 5664 3491 5733 necli}
3532 5661 3781 5733 ρει-ἱστίοις,

2114 5725 2409 5787 εεοιειιιίειη
2433 5725 2816 5797 non'perﬁcere;
2852 5735 2950 5784 aiio
2994 5725 3329 5792 vidélicet_ob
3370 5725 3558 5787 copiam
3576 5728 3781 5772 senten-

2117 5798 2292 5846 liarum
2312 5796 2565 5846 abductus.

2117 5807 2292 5847 narum
2312 5807 2565 5847 abaucms.
