4066 6140
318 225 427 291 N0

318 348 484 403 αὐτὸν
502 351 806 420 ἐποιήσατο,
826 349 892 420 ἢν
915 350 1010 404 καὶ
1034 343 1187 413 οὗτος
1217 352 1352 422 πρὸς
1374 351 1466 404 τὸν
1490 351 1978 422 δεσπότην,λέγων’

321 437 797 505 Μακροθύμησον
817 438 908 490 ἐπ’
937 437 1089 506 ἐμοὶ,
1119 437 1214 490 καί
1241 437 1438 490 πάντα
1456 452 1557 491 σοι
1572 436 1884 492 ἀποδώσω.
1925 438 1987 490 '0

317 521 406 586 δὲ,
437 525 618 594 φησὶν,
638 524 917 579 ἀπελθὼν
951 526 1170 578 ἔϐαλεν
1206 526 1393 579 αὐτὸν
1416 527 1504 591 εὶς
1533 526 1648 593 τὴν
1681 525 1985 595 φυλακὴν,

325 612 428 676 ἕως
446 607 519 667 οὗ
537 611 741 677 ἁποδῷ
761 611 884 667 πᾶν
899 614 964 666 τὸ
992 612 1386 682 ὀφειλόμενον
1404 611 1584 679 αὐτῷ.
1610 615 1672 666 Ὣ
1692 613 1790 682 τῆς
1809 614 1988 682 ἀγνω-

323 697 556 769 μοσύνης
586 698 896 769 ὑπερϐολήι
934 699 1152 754 ἔναυλον
1182 699 1320 770 ἔχων
1351 700 1449 770 τὴν
1480 701 1700 771 μνήμην
1736 701 1832 770 τῆς
1868 717 1989 754 τοσ-

318 784 485 852 αύτης
513 784 808 853 γενομένης
831 785 1160 854 φιλοτιμίας,
1194 786 1314 838 οὑδὲ
1357 786 1527 848 οὕτως
1561 785 1816 854 ἠνέσχετο
1850 803 1982 855 συμ-

319 869 486 933 παθές
514 888 564 922 τι
591 870 936 938 λογίσασθαι’
969 871 1104 923 ἀλλά
1142 875 1403 942 πρότερον
1427 873 1526 942 μὲν
1561 873 1770 940 ἐπνιγε,
1803 872 1896 924 νῦν
1927 872 1984 924 δὲ

317 957 410 1009 καὶ
439 958 516 1018 είς
545 957 914 1028 δεσμωτήριον
939 958 1210 1011 ἐνέϐαλεν.

387 1044 451 1108 ζ’.
470 1044 605 1096 Ἀλλ’
623 1044 722 1114 ὅρα
746 1045 796 1096 τί
819 1044 1045 1112 γίνεται.
1065 1045 1314 1109 Ἰδόντες
1328 1044 1413 1107 δὲ,
1433 1046 1615 1116 φησὶν,
1640 1048 1694 1099 οί
1723 1046 1980 1099 σύνδου-

317 1134 415 1184 λοι
443 1130 628 1185 αὐτοῦ
660 1130 1085 1199 ἐλυπήθησαν’
1133 1131 1230 1184 καὶ
1279 1132 1562 1197 ἐλθόντες
1604 1131 1984 1200 διεσάφησαν

223 1282 231 1290 _
319 1216 397 1282 τῷ
445 1218 627 1284 κυρίῳ
671 1217 868 1271 αὐτῶν
914 1217 1109 1271 πάντα
1132 1219 1202 1271 τὰ
1238 1220 1540 1288 γινόμενα.
1583 1221 1694 1271 Οὐκ
1720 1221 1925 1282 ἐκεῖνος
1951 1221 1984 1271 ὁ

320 1303 619 1368 πεπονθὼς,
645 1305 794 1374 (πῶς
816 1304 944 1374 γὰρ,
962 1305 1358 1375 καθειργμένος
1381 1308 1437 1358 ἐν
1453 1305 1530 1374 τῷ
1550 1306 1906 1376 δεσμωτηρίῳ
1927 1323 1939 1370 ς
1964 1307 1980 1361 ὶ

315 1391 430 1444 ἀλλ’
453 1392 501 1444 οἱ
536 1390 826 1453 σύνδουλοι,
866 1393 915 1443 οἱ
951 1391 1116 1461 μηδὲν
1146 1393 1480 1462 ἠδικημένοι,
1511 1392 1585 1454 ὡς
1615 1393 1979 1461 ἀδικηθέντες,

317 1476 486 1540 οὑτως
519 1478 835 1547 ἠνιάθησαν.
867 1480 960 1531 καὶ
988 1479 1229 1542 ἐλθόντες
1257 1480 1470 1533 ἅπαντα
1500 1481 1793 1549 ἐμήνυσαν.
1841 1480 1981 1532 Ἀλλ’

315 1565 417 1634 ὃρα
435 1564 528 1617 τοῦ
555 1565 813 1618 δεσπότου
835 1565 1018 1619 λοιπὸν
1032 1567 1128 1637 τὴν
1146 1567 1531 1634 ἀγανάκτησιν.
1562 1566 1704 1619 Τότε
1723 1582 1984 1634 προσκα-

314 1651 648 1720 λεσιὶμενος
684 1652 887 1716 αὑτὸν,
921 1653 1072 1722 φησὶ,
1096 1651 1284 1722 λέγει·
1317 1653 1506 1706 Δοῦλε
1530 1652 1776 1720 πονηρέ.
1828 1653 1982 1725 Ἀλη-

315 1737 421 1800 θῶς
457 1737 702 1791 ἐντεῦθέν
738 1740 884 1790 ἐστιν
921 1739 1046 1790 ἰδεῖν
1080 1739 1202 1802 ὅσος
1233 1739 1329 1809 τῆς
1385 1739 1747 1809 μνησικακίας
1796 1741 1823 1792 ὁ
1862 1741 1980 1793 δλε-

315 1824 460 1894 Ορος.
503 1825 692 1877 Ἦνίκα
741 1826 848 1896 γὰρ
878 1827 944 1879 τὰ
988 1825 1157 1896 μύρια
1209 1826 1444 1878 τάλαντα
1497 1826 1829 1894 ἐμεθόδευεν,
1882 1828 1982 1880 οὐκ

313 1912 567 1964 ἐκάλεσεν
596 1911 754 1965 αὑτὸν
790 1913 1039 1984 πονηρὸν,
1066 1912 1200 1966 ἀλλὰ
1229 1913 1344 1976 νῦν,
1381 1913 1469 1966 ὅτε
1495 1915 1621 1984 περὶ
1644 1913 1733 1966 τὸν
1760 1914 1981 1966 σύνδου-

314 1998 402 2050 λον
429 1997 649 2065 γέγονεν
673 1997 903 2068 ἀπηνής.
938 2002 1169 2066 Πονηρὲ
1193 1998 1397 2059 δοῦλε,
1429 2000 1582 2069 φησὶ,
1634 2000 1842 2054 πᾶσαν
1871 2000 1982 2068 τὴν

313 2083 568 2152 ὀφειλὴν
590 2082 830 2150 ἐκείνην
864 2085 1068 2153 ἀφῆκά
1109 2101 1227 2150 σοι,
1271 2086 1401 2139 ἐπεὶ
1433 2085 1849 2154 παρεκάλεσάς
1883 2105 1976 2156 με.

315 2171 458 2241 Ὅρα
489 2169 606 2232 πῶς
655 2168 923 2222 δείκνυσιν
954 2169 1118 2222 αὐτοῦ
1163 2172 1260 2241 τῆς
1294 2172 1492 2234 κακίας
1525 2171 1621 2242 τὴν
1651 2173 1978 2244 ὑπερϐολήν.

312 2257 404 2326 Μὴ
435 2254 543 2327 γὰρ
573 2251 733 2309 πλέον
773 2273 825 2308 τι
855 2256 1150 2322 ἐπεδείξω;
1207 2257 1390 2327 φησίν.
1424 2259 1557 2328 Οὐχὶ¹
1591 2261 1808 2329 ῥήματα
1851 2259 1981 2327 ψιλά

315 2344 576 2414 ἐποιήσω,
605 2344 700 2397 καὶ
731 2343 1019 2412 δεξάμενός
1055 2362 1146 2396 σου
1172 2346 1271 2414 τὴν
1297 2347 1523 2403 ἱκεσίαν.
1558 2349 1734 2399 πᾶσαν
1768 2347 1982 2418 ἐκείνην

312 2428 410 2497 τὴν
444 2430 686 2502 μεγάλην
719 2431 813 2482 καὶ
849 2431 1157 2501 ἀπόρρητον
1185 2431 1403 2502 ὀφειλὴν
1448 2432 1832 2503 συνεχώρησα;
1859 2437 1981 2488 Οὐκ

313 2514 434 2570 ἔδει
457 2517 554 2570 καὶ
577 2516 654 2570 σὲ
688 2515 940 2581 ἐλεῆσαι
975 2517 1078 2570 τὸν
1103 2518 1453 2571 σύνδουλόν
1480 2536 1618 2582 σου,
1649 2520 1728 2585 ὼς
1747 2522 1842 2574 καί
1869 2520 1982 2590 ἐγώ

313 2618 388 2656 σε
430 2601 697 2671 ἠλέησα;
743 2603 907 2666 Ποίας
935 2603 1001 2656 ἂν
1029 2605 1144 2674 εἴης
1184 2604 1330 2677 [266]
1361 2605 1509 2669 ἄξιος
1556 2607 1900 2676 συγγνώμης,
1933 2610 1981 2660 εί

313 2689 425 2760 ἐγὼ
455 2690 554 2760 μὲν
600 2693 627 2743 ὁ
660 2690 923 2760 δεσπότης
953 2707 1046 2742 σου
1093 2691 1344 2744 τοσοῦτον
1394 2691 1556 2760 ὄγκον
1603 2693 1980 2764 ὀφειλημάτων

313 2775 400 2830 διὰ
428 2777 496 2830 τά
526 2777 653 2845 ψιλά
679 2777 861 2829 ἐκεῖνα
889 2779 1109 2848 ῥήματα
1140 2777 1510 2849 συνεχώρησα,
1559 2781 1621 2832 σὺ
1653 2779 1710 2832 δέ
1739 2781 1828 2833 τὸν
1860 2783 1981 2834 σύνε-

311 2864 494 2918 δουλόν
520 2881 610 2917 σου
636 2864 726 2918 τὸν
750 2867 984 2936 ὁμογενῆ
1023 2865 1122 2918 οὑκ
1142 2865 1403 2936 ήλέησας,
1433 2866 1554 2919 οὑδέ
1599 2869 1976 2938 ἑπεκάμφίλης,

312 2954 432 3007 οὑδὲ
457 2956 535 3016 είς
566 2955 788 3024 μνήμην
825 2951 995 3006 ἐλθὼν
1025 2955 1132 3006 τῶν
1162 2953 1516 3023 ὑπαρξάντων
1561 2970 1643 3006 σοι
1673 2958 1800 3025 παρ’
1826 2957 1980 3024 ἐμοῦ,

315 3040 571 3104 ἐπεδείξω
595 3039 718 3093 τινὰ
745 3057 810 3092 πε
819 3039 874 3110 pl
897 3039 1058 3093 αὑτὸν
1083 3041 1445 3110 συμπάθειαν,
1471 3039 1586 3092 ἀλλ’
1610 3042 1832 3113 ἀνελεὴς
1862 3045 1982 3110 ἐγέ-

315 3144 406 3181 νου
425 3129 518 3181 καὶ
539 3127 706 3197 ώμὸς,
736 3127 830 3179 καὶ
857 3127 1074 3196 ἐλεῆσαι
1095 3127 1186 3179 τὸν
1217 3127 1496 3180 σύνδουλόν
1527 3143 1619 3181 σου
1649 3130 1748 3182 οὐκ
1783 3130 1980 3200 ἠθέλη-

317 3231 448 3279 σας;
476 3213 574 3267 Διά
607 3214 763 3266 τοῦτο
811 3213 1044 3266 ἐνταῦθα
1090 3213 1307 3284 μαθήσῃ
1335 3215 1420 3267 διὰ
1476 3219 1577 3287 τῆς
1609 3217 1802 3287 πείρας
1842 3218 1980 3273 ὅσων

314 3300 502 3354 κακῶν
531 3300 708 3368 ἑαυτῷ
743 3300 913 3362 αἴτιος
949 3302 1237 3371 κατέστης.
1266 3302 1374 3354 Καὶ
1402 3303 1698 3370 ὀργισθείς
1721 3307 1752 3356 ὁ
1780 3305 1980 3372 κύριος

315 3388 501 3441 αὐτοῦ
558 3386 902 3454 παρέδωκεν
963 3387 1150 3440 αὐτὸν
1195 3387 1319 3453 τοῖς
1356 3389 1778 3455 βασανισταῖς.
1837 3391 1979 3462 Ὃρα

316 3474 414 3526 καὶ
464 3470 561 3526 νῦν
593 3471 754 3526 αὐτὸν
787 3472 1136 3543 ὀργιζόμενον
1187 3473 1274 3526 διὰ
1311 3474 1408 3545 τὴν
1435 3476 1514 3537 είς
1570 3475 1659 3527 τὸν
1698 3476 1982 3532 σύνδουλόν

315 3561 729 3631 ἀπανθρωπίαν,
784 3561 872 3613 καὶ
905 3564 1020 3624 τοῖς
1061 3561 1410 3631 βασανισταῖς
1463 3563 1850 3633 παραδιδόντα·
1889 3569 1982 3620 καὶ

315 3647 452 3716 ὅπερ
481 3647 742 3717 πρότερον
767 3648 866 3699 οὐκ
897 3647 1152 3719 ἐποίησεν
1175 3690 1189 3710 ,
1221 3649 1383 3719 ἡνίκα
1405 3649 1676 3714 τοσούτοις
1699 3656 1810 3716 τοῖς
1835 3654 1980 3722 ὀφει-

315 3735 552 3804 λήμασιν
591 3734 884 3796 ὑπεύθυνος
949 3730 1055 3806 ἦν,
1122 3735 1218 3789 νῦν
1266 3737 1476 3790 κελεύει
1525 3738 1790 3805 γίνεσθαι.
1831 3745 1982 3807 Παρ-

312 3821 497 3876 έὸωκε
525 3822 634 3894 γὰρ
672 3822 857 3876 αὑτὸν
889 3823 1014 3889 τοῖς
1041 3823 1446 3891 ,βασανισταῖς
1469 3862 1484 3887 ,
1522 3824 1632 3891 ἕως
1668 3822 1740 3881 οὗ
1780 3827 1982 3894 ἀποδῷ

316 3906 441 3962 πᾶν
495 3908 560 3962 τὸ
625 3909 1052 3978 ὀφειλόμενον·
1106 3909 1211 3972 ἕως
1269 3904 1370 3973 οὗ,
1438 3911 1571 3980 φησὶ
1604 3950 1618 3975 ,
1685 3912 1754 3964 τὰ
1813 3914 1982 3982 μύρια

321 3996 550 4050 τάλαντα
577 4037 592 4062 ,
651 3991 727 4050 ὧν
776 3996 874 4068 τὴν
939 3998 1286 4069 συγχώρησιν
1336 3999 1439 4067 ήδη
1505 3999 1688 4052 λαϐὼν
1737 4003 1943 4073 ἀπῆλθε
1967 4045 1982 4069 ,

314 4083 488 4137 ταῦτα
535 4084 867 4154 καταϐάλλῃ.
927 4085 1171 4155 Μεγίστη
1227 4084 1321 4138 καὶ
1370 4086 1574 4154 ἀφατος
1625 4091 1658 4158 ή
1697 4089 1792 4142 τοῦ
1847 4091 1979 4145 Θεοῦ

318 4171 694 4240 φιλανθρωπία
719 4189 732 4202 ο
769 4171 930 4241 ήνίκα
983 4172 1078 4241 μὲν
1107 4172 1215 4243 γὰρ
1261 4173 1422 4236 αὐτὸς
1469 4175 1786 4244 ἐμεθόδευεν
1832 4180 1983 4232 ἐπεις

317 4257 381 4327 δὴ
423 4257 522 4326 τὴν
583 4256 791 4310 ἱκεσίαν
837 4258 1166 4327 ἐποιήσατο,
1222 4259 1635 4332 συνεχώρησενο
1693 4265 1877 4336 ἐπειδὴ
1925 4265 1982 4319 δὲ

319 4338 457 4396 εἶδεν
509 4342 670 4395 αὑτὸν
721 4342 850 4413 περὶ
903 4343 994 4397 τὸν
1037 4343 1318 4399 σύνδουλον
1369 4347 1519 4418 ώμὸν
1563 4349 1655 4402 καὶ
1703 4351 1984 4422 ἀπάνθρω-

319 4443 420 4481 πον
470 4428 764 4496 γεγονότα,
814 4429 930 4482 τότε
988 4430 1174 4486 λοιπὸν
1227 4432 1324 4504 τὴν
1378 4433 1584 4488 οἰκείαν
1631 4437 1982 4491 ἀνακαλεῖται

320 4515 652 4585 φιλοτιμίαν,
679 4514 890 4580 δεικνὺς
922 4517 1072 4590 αὐτῷ
1115 4520 1204 4574 διά
1241 4521 1350 4575 τῶν
1390 4524 1738 4594 πραγμάτων
1778 4527 1981 4592 αὐτῶν,

318 4603 396 4664 ὡς
431 4602 495 4656 οὐ
548 4601 798 4655 τοσοῦτον
845 4605 1050 4659 ἐκεῖνον
1102 4608 1389 4676 ἠδίκησεν,
1435 4612 1558 4664 ὅσον
1607 4613 1816 4667 ἑαυτόν.
1874 4613 1986 4668 Καὶ

320 4687 571 4758 καθάπερ
599 4690 802 4752 ἐκεῖνος
827 4691 905 4753 είς
939 4691 1183 4762 φυλακὴν
1213 4693 1425 4758 ἔϐαλεν,
1455 4697 1560 4760 ἓως
1589 4691 1650 4750 οὑ
1696 4698 1882 4770 ἀποδῷ
1923 4701 1985 4754 τὸ

321 4775 686 4844 ὀφειλόμενον,
721 4775 863 4859 οὕτω
909 4780 1004 4831 καὶ
1055 4779 1217 4844 αὐτὸς
1259 4785 1373 4844 τοῖς
1413 4783 1760 4851 βασανισταῖς
1809 4805 1985 4859 παραυ

320 4859 566 4929 δέδωκεν,
595 4863 698 4927 ἓως
731 4857 792 4918 οὑ
823 4865 1044 4919 ἃπασαν
1083 4867 1292 4938 καταθῇ
1323 4868 1418 4938 τὴν
1447 4871 1686 4942 ὀφειλήν.
1718 4857 1900 4928 Ταῦτα
1928 4875 1985 4928 δὲ

321 4949 382 5001 οὐ
415 4951 544 5019 περί
585 4952 862 5007 ταλάντων
902 4955 997 5007 καὶ
1028 4954 1157 5024 περὶ
1199 4956 1468 5026 δηναρίων
1503 4959 1688 5022 ἀπλῶς
1740 4962 1982 5032 εἴρηκεν,

321 5034 458 5086 ἀλλά
493 5037 618 5106 περὶ
650 5039 926 5109 ἁμαρτίας
955 5040 984 5092 ὁ
1019 5039 1176 5108 λόγος
1217 5043 1310 5094 κα)⁹
1358 5044 1620 5112 μεγέθους
1665 5047 1988 5118 πλημμελη-

326 5119 530 5189 μάτων,
560 5125 646 5175 ίνα
677 5125 937 5194 μάθωμεν
972 5127 1054 5179 ὅτι
1095 5129 1255 5198 ήμεῖς
1290 5129 1385 5199 μὲν
1418 5132 1625 5202 μυρίων
1665 5133 1987 5204 πλημμελη-

324 5207 512 5277 μάτων
553 5210 708 5274 δίκας
752 5213 1053 5280 ὀφείλοντες
1083 5215 1162 5286 τῷ
1203 5216 1476 5290 Δεσπότῃ,
1515 5219 1602 5272 διὰ
1643 5221 1740 5290 τὴν
1783 5221 1987 5289 ἄφατον

320 5295 482 5348 αὑτοῦ
519 5297 924 5369 φιλανθρωπίαν
967 5303 1311 5375 συγχώρησιν
1345 5307 1473 5376 παρ’
1501 5307 1664 5361 αὐτοῦ
1697 5309 1983 5380 δεχόμεθα.

333 5382 458 5434 Ἐάν
495 5386 551 5434 δέ
596 5387 724 5454 περὶ
760 5394 886 5450 τοὺς
919 5390 1239 5460 ὁμοδούλους
1268 5393 1359 5446 καὶ
1391 5393 1518 5456 τοὺς
1555 5398 1856 5465 ὁμογενεῖς,
1894 5399 1989 5449 καὶ

319 5467 445 5529 τοὺς
495 5469 594 5537 τῆς
638 5471 805 5540 αὐτῆς
854 5474 984 5543 ἡμῖν
1033 5475 1244 5544 φύσεως
1282 5478 1670 5543 κοινωνοῦντας
1701 5482 1841 5550 ώμοὶ
1895 5484 1988 5535 καὶ

320 5553 675 5639 ἀπάνθρωποι
703 5558 1008 5628 γενώμεθα,
1039 5563 1132 5615 καὶ
1155 5564 1223 5616 τὰ
1246 5565 1323 5626 εἰς
1349 5565 1492 5632 ἡμᾶς
1523 5565 1988 5637 πλημμελούμενα

325 5640 400 5708 μὴ
433 5639 792 5712 διαλύσωμεν,
840 5646 952 5697 ἀλλ’
979 5648 1119 5716 ὑπὲρ
1164 5650 1270 5701 τῶν
1319 5650 1546 5704 εὐτελῶν
1575 5653 1777 5704 τούτων
1823 5673 1986 5723 πονη-

326 5723 614 5794 ρευὼμεθα
657 5731 800 5798 (ὅσον
844 5733 950 5799 γὰρ
1001 5735 1194 5788 ἑκατὸν
1232 5735 1459 5804 δηνάρια
1501 5739 1635 5807 πρὸς
1672 5737 1838 5807 μύρια
1886 5742 1983 5792 τά-

1121 238 1176 291 S.
1218 235 1503 292 JOANNIS
1539 233 1980 292 CIIRYSOSTO)

2079 236 2386 294 HMIIEP.
2429 234 2978 292 CONSTANTINOP.

3651 232 3769 292 250

2085 352 2269 416 λαντα,
2296 351 2549 404 τοσοῦτον
2578 351 2639 403 τὸ
2683 350 2844 421 μέσον
2883 350 2991 402 τῶν
3034 351 3316 420 ἡμετέρων
3363 351 3498 422 πρὸς
3534 352 3625 405 τὸν
3666 354 3769 402 Δε-

2087 439 2291 508 σπότην
2319 437 2829 508 πλημμελημάτων,
2871 435 3102 489 καὶτῶν
3151 437 3231 499 είς
3275 438 3422 506 ἡμᾶς
3460 436 3770 507 γινομένων

2090 524 2240 595 παρά
2265 525 2373 577 τῶν
2402 524 2725 594 ὁμογενῶν),
2770 525 2888 577 τότε
2937 523 3033 576 καὶ¹
3078 521 3174 593 τὴν
3220 524 3594 592 ἀγανάκτησιν
3639 524 3770 576 ἐπι·

2083 611 2404 682 σπασόμεθα
2435 609 2529 663 τοῦ
2569 611 2864 675 Δεσπότου,
2892 612 2986 664 καὶ
3021 603 3096 662 ὧν
3131 610 3393 681 πρότερον
3420 611 3517 681 τὴν
3553 613 3770 680 συγχώ-

2085 714 2240 768 ρησιν
2301 697 2618 767 ἐδεξάμεθα,
2677 697 2882 750 τούτων
2943 695 3104 750 πάλιν
3161 695 3257 766 τὴν
3310 697 3586 768 ὁφείλησιν
3619 698 3767 767 μετὰ

2083 784 2329 853 βασάνων
2376 785 2723 838 ἀπαιτεῖσθαι
2782 784 3134 855 κελευόμεθα.
3166 783 3283 838 ’Ἱνα
3337 783 3449 855 γὰρ
3496 785 3767 855 μάθωμεν

2080 871 2324 943 ἀκριϐῶς
2350 872 2430 924 ὅτι
2475 872 2611 942 πρὸς
2652 871 2919 939 ὠφέλειαν
2950 871 3055 924 τῶν
3103 870 3288 940 ψυχῶν
3322 870 3431 924 τῶν
3473 871 3764 942 ήμετέρωῑ·

2077 959 2175 1028 τὴν
2212 957 2526 1028 παραϐολὴν
2563 956 2767 1028 ταύτην
2810 959 3134 1029 παρήγαγεν
3176 959 3204 1009 ὁ
3236 957 3543 1028 Δεσπότης,
3585 957 3760 1010 ἄκουε

2077 1045 2168 1097 τοῦ
2199 1043 2570 1114 ἐπαγομένου·
2603 1045 2764 1098 Οὕτω
2794 1044 2891 1098 καί
2922 1049 2954 1098 ό
2984 1045 3184 1112 Πατὴρ
3223 1042 3389 1113 ὑμῶν
3417 1046 3449 1098 ό
3477 1042 3760 1112 οὐράνιος

2081 1133 2316 1198 ποιήσει
2363 1133 2537 1202 ὑμῖν,
2586 1132 2771 1202 φησὶν,
2821 1131 2930 1184 ἐὰν
2974 1131 3060 1198 μὴ
3111 1129 3305 1199 ἀφῆτε
3357 1130 3618 1196 ἕκαστος
3669 1130 3758 1194 τῷ

2077 1218 2317 1288 ἀδελφῷ
2344 1219 2533 1276 αὐτοῦ
2559 1219 2676 1273 ἀπὸ
2710 1218 2828 1270 τῶν
2861 1216 3120 1285 καρδιῶν
3148 1215 3315 1286 ὑμῶν
3345 1216 3417 1270 τὰ
3442 1218 3760 1284 παραπτώ-

2072 1323 2228 1374 ματα
2247 1307 2464 1359 αὐτῶν.
2491 1306 2649 1373 Μέγα
2677 1305 2775 1374 τῆς
2802 1303 3114 1374 παραϐολῆς
3142 1305 3202 1356 τὸ
3229 1303 3438 1370 κέρδος,
3472 1303 3630 1372 μόνον
3657 1305 3759 1356 ἐὰν

2079 1393 2364 1460 προσέχειν
2383 1391 2714 1461 βουλώμεθα.
2736 1391 2800 1442 Τί
2818 1391 2926 1460 γὰρ
2947 1390 3198 1443 τοσοῦτον
3219 1390 3433 1458 ἀφεῖναι
3453 1389 3754 1459 δυνάμεθα,

2075 1478 2197 1530 ὅσον
2232 1478 2454 1547 ἀφίεται
2483 1479 2614 1549 ἡμῖν
2651 1477 2803 1547 παρὰ
2829 1476 2920 1528 τοῦ
2947 1476 3218 1528 Δεσπότου
3243 1493 3257 1541 ;
3291 1477 3403 1528 Καὶ
3433 1477 3592 1546 ἡμεῖς
3625 1477 3753 1544 μὲν,

2075 1563 2170 1616 ἐὰν
2213 1565 2392 1621 τοῦτο,
2427 1564 2798 1634 βουληθῶμεν,
2841 1562 3149 1634 ὁμοδούλοις
3191 1562 3454 1632 ἀφίεμεν·
3488 1563 3643 1616 αὐτοὶ
3689 1563 3757 1614 δὲ

2076 1653 2225 1725 παρά
2256 1653 2348 1706 τοῦ
2381 1653 2650 1706 Δεσπότου
2680 1653 2776 1722 τὴν
2813 1651 3156 1721 συγχώρησιν
3190 1649 3480 1721 δεχόμεθα.
3509 1651 3618 1702 Καὶ
3647 1649 3754 1719 ὅρα

2076 1741 2170 1792 καὶ
2205 1739 2303 1809 τὴν
2329 1738 2614 1809 ἀκρίϐειαν
2644 1738 2750 1790 τῶν
2778 1737 3104 1807 εἰρημένων.
3128 1737 3203 1789 υύ
3231 1736 3338 1808 γὰρ
3360 1733 3513 1788 εἶπεν
3542 1735 3752 1799 ἁπλῶς,

2075 1825 2169 1879 ἐὰν
2207 1827 2281 1896 μὴ
2333 1826 2510 1894 ἀφῆτε
2563 1826 2673 1886 τοῖς
2723 1823 3028 1894 ἀνθρώποις
3076 1823 3144 1876 τά
3187 1823 3574 1892 ἡμαρτημένα,
3613 1822 3755 1874 ἀλλὰ

2073 1914 2157 1978 τί;
2193 1914 2327 1966 Ἐὰν
2358 1913 2443 1982 μὴ
2475 1909 2668 1980 ἀφῆτε
2700 1910 2958 1976 ἕκαστος
2987 1907 3068 1974 τῷ
3097 1909 3342 1978 ἀδελφῷ
3375 1909 3562 1962 αὐτοῦ
3594 1908 3752 1980 [267]

2075 2001 2194 2053 ἀπὸ
2240 1999 2359 2052 τῶν
2401 1997 2659 2066 καρδιῶν
2701 1996 2868 2065 ὑμῶν
2913 1996 2985 2050 τὰ
3036 1994 3477 2064 παραπτώματα
3527 1993 3749 2049 αὐτῶν.

2075 2087 2273 2139 Σκόπει
2306 2087 2424 2149 πῶς
2475 2085 2722 2156 βούλεται
2753 2084 2924 2155 αὐτὴν
2966 2081 3126 2153 ἡμῶν
3169 2082 3266 2152 τὴν
3301 2081 3525 2153 καρδίαν
3561 2082 3618 2133 ἐν
3649 2098 3751 2149 γα-

2075 2173 2208 2246 λήνῃ
2263 2173 2355 2226 καὶ
2408 2172 2608 2244 ἡσυχίᾳ
2643 2171 2954 2241 τυγχάνειν,
3006 2170 3102 2224 καὶ
3144 2169 3236 2223 τὸν
3283 2169 3543 2240 λογισμὸν
3588 2168 3752 2238 ήμῶν

2075 2261 2368 2331 ἀτάραχον,
2407 2260 2502 2312 καὶ
2537 2258 2736 2321 παντὸς
2764 2255 3108 2326 ἀπηλλάχθαι
3147 2255 3375 2319 πάθους,
3423 2256 3515 2308 καὶ
3547 2254 3751 2323 πολλὴ)

2074 2347 2169 2417 τὴν
2203 2346 2337 2417 πρὸς
2371 2346 2496 2407 τοὺς
2529 2344 2752 2421 πλησίον
2782 2344 2928 2414 ἡμᾶς
2969 2341 3374 2395 ἐπιδείκνυσθαι
3401 2341 3498 2412 τὴν
3527 2339 3752 2410 φιλαγαο

2077 2433 2345 2502 θωσύνην.
2395 2433 2506 2485 Καὶ
2553 2430 2786 2501 ἀλλαχοῦ
2820 2431 2878 2483 δέ
2925 2429 3086 2482 πάλιν
3127 2429 3274 2481 ἐστιν
3305 2427 3469 2481 αὐτοῦ
3517 2428 3751 2481 ἀκοῦσαι

2074 2520 2348 2589 λέγοντος·
2395 2520 2531 2572 Ἐὰν
2560 2519 2668 2587 γάρ
2697 2515 2889 2585 ἀφῆτε
2925 2517 3051 2582 τοῖς
3086 2514 3417 2584 ἀνθρώποις
3460 2520 3532 2568 τὰ
3567 2529 3754 2583 παρα·-

2075 2606 2354 2675 πτώματα
2397 2604 2617 2668 αὐτῶν,
2671 2604 2896 2672 ἀφήσει
2934 2603 3032 2656 καὶ
3072 2603 3216 2672 ὑμῖν
3254 2605 3288 2656 ό
3334 2603 3538 2671 Πατὴρ
3578 2603 3754 2672 ὑμῶν

2076 2695 2108 2745 ό
2136 2691 2433 2759 οὐράνιος.
2479 2692 2570 2761 Μὴ
2618 2692 2796 2743 τοίνυν
2829 2690 3138 2760 νομίσωμεν
3183 2688 3369 2759 ἕτερον
3413 2689 3750 2759 εὐεργετεῖν,

2076 2779 2203 2832 ὅταν
2231 2779 2388 2831 τοῦτο
2420 2778 2680 2847 ποιῶμεν,
2704 2777 2736 2847 ἢ
2767 2776 3008 2848 μεγάλην
3035 2775 3157 2830 τινά
3177 2778 3257 2840 είς
3287 2778 3494 2829 ἐκεῖνον
3525 2777 3752 2830 κατατίη

2077 2867 2262 2918 θεσθαι
2295 2867 2471 2936 χάριν.
2503 2865 2666 2918 Αὐτοὶ
2697 2866 2806 2935 γάρ
2837 2866 3004 2934 ἐσμεν
3030 2865 3080 2917 οἱ
3111 2865 3211 2933 τῆς
3245 2865 3565 2934 εὐεργεσίας
3611 2866 3754 2918 ἀπο-

2075 2953 2348 3016 λαύοντες,
2392 2953 2485 3005 καὶ
2529 2953 2663 3005 πολὺ
2694 2953 2754 3005 τὸ
2789 2950 2976 3021 κέρδος
3015 2953 3229 3014 ἑαυτοῖς
3269 2951 3516 3004 ἐντεῦθεν
3550 2950 3749 3020 προξε·

2074 3041 2318 3103 νοῦντεςο
2353 3039 2541 3110 ὥσπερ
2570 3040 2663 3093 ἐὰν
2700 3038 2775 3110 μὴ
2808 3038 2966 3092 τοῦτο
2998 3038 3262 3109 ποιῶμεν,
3301 3038 3464 3092 πάλιν
3507 3039 3750 3100 ἐκείνους

2079 3129 2176 3199 μὲν
2205 3129 2314 3181 οὐδ’
2343 3129 2476 3190 ὅλως
2511 3127 2764 3198 ἀδικῆσαί
2793 3145 2847 3180 τι
2895 3126 3256 3197 δυνησόμεθα,
3289 3127 3497 3190 ἑαυτοῖς
3544 3127 3599 3179 δὲ
3648 3129 3749 3196 τὴν

2075 3217 2341 3287 ἀφόρητον
2390 3216 2488 3284 τῆς
2530 3215 2754 3284 γεέννης
2797 3213 3017 3268 κόλασιν
3074 3214 3594 3285 προευτρεπίζομεν.
3631 3215 3743 3271 Διὸ.

2076 3300 2404 3372 παρακαλῶ,
2461 3301 2632 3352 ταῦτα
2687 3299 3024 3370 λογιζόμενοι
3087 3299 3358 3370 μηδέποτε
3417 3299 3747 3370 ἀνεχώμεθα

2073 3391 2185 3452 τοῖς
2226 3387 2582 3458 λελυπηκόσιν
2613 3386 2840 3458 ήμᾶς,ἢ
2875 3386 3076 3457 ἑτέρως
3106 3404 3222 3450 πως
3267 3387 3560 3458 ἀδικήσασι
3606 3405 3750 3458 μνη-

2077 3478 2343 3536 σικακεῖν,
2371 3475 2403 3545 ἢ
2431 3475 2714 3545 ἐχθρωδῶς
2753 3473 3114 3548 πρὸίαύτοὺς
3153 3473 3455 3526 διακεῖσθαι
3474 3492 3488 3506 ο
3521 3475 3636 3527 ἀλλ’
3661 3477 3752 3527 ἐν·

2075 3560 2292 3623 νοῦντες
2321 3561 2450 3631 ὅσης
2482 3563 2614 3630 ήμῐν
2655 3559 2974 3630 εὐεργεσίας
3016 3559 3263 3629 πρόξενοι
3305 3559 3397 3613 καὶ
3435 3562 3750 3632 παρρησίας

2077 3648 2227 3720 παρά
2248 3648 2326 3719 τῷ
2351 3647 2594 3718 Δεσπότῃ
2624 3647 2882 3714 γίνονται,
2912 3647 3008 3699 καὶ
3050 3647 3154 3717 πρὸ
3178 3649 3396 3700 πάντων
3423 3649 3504 3701 ὅτι
3532 3649 3748 3719 δαπάνη

2075 3737 2332 3806 τυγχάνει
2363 3734 2471 3787 τῶν
2496 3733 2780 3804 ἡμετέρων
2813 3733 3230 3804 ἁμαρτημάτων
3261 3736 3293 3803 ἠ
3337 3735 3470 3805 πρὸς
3497 3737 3620 3799 τοὺς
3655 3736 3746 3786 λυ-

2077 3829 2356 3893 πήσαντας
2402 3821 2736 3891 καταλλαγὴ,
2771 3820 3090 3890 σπεύδωμεν
3121 3823 3216 3874 καὶ
3249 3822 3618 3892 ἐπειγώμεθα,
3651 3823 3748 3874 καὶ

2073 3910 2134 3962 τὸ
2158 3914 2221 3963 ἐκ
2249 3908 2437 3962 τούτου
2466 3909 2656 3978 κέρδος
2685 3906 2990 3970 ἐννοοῦντες
3032 3908 3303 3980 τοσαύτην
3347 3909 3746 3978 ἐπιδειξώμεθα

2081 3997 2209 4067 περὶ
2251 3997 2375 4059 τοὺς
2421 3995 2753 4065 ⁴ί,δικηκὸτας
2811 3993 3127 4066 θεραπείαν,
3166 3995 3362 4048 ὡσανεὶ
3411 3997 3544 4066 πρὸς
3591 3997 3748 4069 εὐερ·

2075 4085 2240 4152 γέτας
2282 4082 2514 4154 ἀληθῶς.
2559 4081 2685 4135 Ἐὰν
2716 4081 2826 4152 γὰρ
2856 4082 3138 4152 νήφωμεν,
3175 4083 3274 4152 οὑχ
3317 4081 3485 4144 οὕτως
3521 4084 3570 4134 οἱ
3611 4101 3747 4152 γνη-

2078 4172 2206 4234 σίως
2241 4171 2368 4241 περὶ
2408 4171 2553 4240 ήμᾶς
2607 4169 2934 4240 διακείμενοι
2985 4170 3077 4222 καὶ
3124 4170 3286 4222 παντὶ
3339 4171 3526 4240 τρόπῳ
3577 4169 3745 4239 θεραο

2077 4257 2263 4311 πεύειν
2293 4256 2678 4321 σπουδάζοντες
2723 4256 2996 4326 ὠφελῆσαι
3029 4258 3173 4326 ἡμᾶς
3216 4257 3557 4326 δυνήσονται,
3595 4257 3671 4319 ὡς
3710 4257 3746 4326 ή

2079 4345 2208 4415 περὶ
2263 4343 2484 4405 τούτους
2530 4342 2813 4413 θεραπεία,
2865 4343 3048 4409 ἀξίους
3082 4345 3229 4412 ἡμᾶς
3261 4344 3358 4415 τῆς
3401 4343 3608 4397 ἄνωθεν
3651 4345 3744 4396 εὑο

2078 4431 2226 4494 νοίας
2265 4429 2712 4502 ἀπεργαζομένη,
2750 4431 2840 4484 καὶ
2883 4431 2975 4483 τοῦ
3008 4432 3227 4501 φορτίου
3267 4431 3376 4483 τῶν
3423 4432 3747 4502 ήμαρτημέ-

2079 4534 2184 4570 νων
2211 4519 2245 4586 ή
2254 4520 2343 4588 μίν
2378 4517 2828 4586 ἐπικουφίζουσα.

2148 4619 2218 4683 η’.
2257 4614 2538 4682 Ἐννόησον
2580 4616 2688 4681 γάρ
2730 4629 2840 4682 μοι,
2883 4610 3151 4681 ἁγαπητέ,
3185 4611 3307 4664 ὅσον
3338 4613 3434 4681 τῆς
3461 4611 3657 4680 ἀρετῆς
3686 4612 3748 4665 τὸ

2084 4699 2308 4769 μέγεθος
2336 4701 2539 4768 ταύτης
2567 4698 2676 4752 ἀπὸ
2703 4700 2810 4751 τῶν
2841 4698 3110 4758 ἐπάθλων,
3145 4691 3219 4750 ὧν
3247 4697 3611 4767 ἐπηγγείλατο
3637 4700 3748 4760 τοῖς

2079 4788 2282 4859 ταύτην
2317 4789 2737 4859 κατωρθωκὸσιν
2769 4791 2797 4842 ὁ
2837 4788 2944 4842 τῶν
2992 4790 3126 4841 ὅλων
3181 4789 3332 4850 Θεός.
3387 4787 3571 4842 Εἰπὼν
3617 4790 3744 4858 γάρ,

2093 4875 2373 4945 Ἀγαπᾶτε
2414 4878 2559 4942 τοὺς
2597 4877 2850 4946 ἐχθροὺς
2888 4875 3072 4946 ὑμῶν,
3101 4876 3403 4944 εὐλογεῖτε
3437 4876 3580 4941 τοὺς
3612 4875 3750 4928 διώ-

2082 4980 2294 5029 κοντας
2317 4963 2492 5032 ὑμᾶς,
2515 4965 2767 5033 εὔχεσθε
2790 4964 2940 5030 ὑπὲρ
2960 4963 3079 5016 τῶν
3099 4961 3539 5030 ἑπηρεαζόντιιη·
3562 4961 3716 5030 ὑμᾶς
3731 4979 3746 4992 ⁸

2081 5051 2269 5121 ἐπειδὴ
2305 5052 2513 5121 μεγάλα
2537 5048 2604 5121 ἦν
2637 5051 2706 5104 τὰ
2740 5051 3090 5120 ἐπιτάγματα
3119 5050 3336 5118 καὶτῆς
3369 5049 3542 5119 ἄκρας
3588 5049 3753 5103 ἀπτόο

2086 5157 2222 5209 μενα
2269 5141 2553 5210 κορυφῆς,
2597 5140 2795 5208 φησίν·
2832 5139 3026 5202 Ὅπως
3077 5138 3335 5206 γένησθε
3392 5136 3578 5204 ὅμοιοι
3644 5135 3750 5190 τοῦ

2083 5226 2314 5293 Πατρός
2344 5225 2509 5295 ὑμῶν
2546 5227 2648 5280 τοῦ
2696 5227 2767 5278 ἐν
2799 5225 2923 5291 τοῖς
2959 5224 3258 5291 οὐρανοῖς,
3303 5224 3392 5276 ὅτι
3436 5223 3543 5275 τὸν
3574 5221 3754 5288 ἣλιον

2083 5313 2268 5366 αὑτοῦ
2309 5314 2622 5366 ἀνατέλλει
2658 5313 2754 5365 ἐπὶ
2807 5313 3111 5378 πονηροὺς
3148 5311 3246 5363 καὶ
3309 5308 3604 5379 ἀγαθοὺς.
3653 5309 3752 5362 και

2077 5399 2285 5468 ,βρέχει
2329 5400 2427 5454 ἐπὶ
2463 5401 2732 5466 δικαίους
2773 5400 2868 5452 καί
2907 5399 3175 5463 ἀδίκους.
3215 5393 3365 5460 Εἶδες
3406 5397 3548 5449 κατὰ
3595 5396 3755 5448 δύνα-

2087 5502 2178 5554 μιν
2211 5485 2558 5557 ἀνθρωπίνην
2593 5486 2695 5539 τίνι
2727 5487 3024 5556 παρόμοιος
3056 5485 3263 5552 γίνεται
3305 5486 3334 5536 ὁ
3372 5483 3446 5552 μὴ
3486 5483 3642 5551 μόνον
3675 5482 3752 5552 μὴ

2084 5571 2422 5642 ἀμυνόμενος
2451 5575 2576 5636 τοὺς
2615 5573 3012 5643 λελυπηκότας,
3051 5571 3185 5624 ἀλλά
3219 5572 3312 5623 καὶ
3354 5568 3751 5640 προσεύχεσθαι

2091 5657 2231 5727 ὑπὲρ
2263 5660 2441 5711 αὐτῶν
2489 5659 2832 5723 σπουδάζων;
2867 5658 2958 5729 Μὴ
2991 5660 3163 5711 τοίνυν
3193 5656 3580 5725 ἀποστερῶμεν
3626 5657 3753 5706 έαυ-

2090 5743 2213 5804 τοὺς
2251 5743 2340 5794 διὰ
2389 5743 2655 5813 ρᾳθυμίαν
2703 5743 2957 5798 τοιούτων
2994 5743 3210 5814 δωρεῶν
3240 5739 3468 5795 καὶτῶν
3505 5740 3752 5792 ἐπάθλων
