4066 6140
322 262 428 323 949

323 379 654 450 stipplicabat
677 376 864 432 eodem
894 375 1052 430 modo
1071 417 1084 438 .
1116 391 1220 445 quo
1249 375 1338 430 ille
1364 384 1515 428 antea
1543 374 1758 428 domino
1777 415 1792 440 ,
1824 371 1906 427 di-

325 487 458 528 cens
482 511 495 524 .
531 468 836 523 Patientiant
857 465 983 520 habe
1000 467 1052 518 in
1074 483 1172 527 me,
1195 474 1240 518 et
1261 466 1428 518 omnia
1453 465 1539 517 tibi
1564 465 1790 518 reddam.
1815 461 1916 516 Ille

326 573 516 628 autem,
547 561 734 629 inquit,
758 575 1008 629 egressus.
1037 557 1250 624 coniecit
1279 556 1424 609 illaut
1450 555 1502 608 iu
1526 571 1798 618 carcerem,
1823 554 1916 606 do-

330 669 421 706 nec
441 668 585 704 ontne
607 649 822 703 debitum
846 649 939 702 sibi
962 657 1242 701 numeraret
1261 646 1467 716 (Matth.
1490 647 1575 700 18.
1599 646 1712 714 50).
1737 645 1780 699 Ο
1802 645 1917 697 ani-

332 759 475 796 mum
498 757 709 795 summe
741 739 1035 807 ingratum!
1063 738 1237 792 adlmc
1265 736 1464 790 recenti
1491 737 1742 790 memoria
1771 745 1919 788 tene-

332 835 445 898 bat,
477 843 671 902 quanta
701 829 950 886 dominus
975 829 1290 883 liberalitate
1312 843 1493 882 secum
1520 835 1719 896 egerat,
1745 841 1916 895 neque

333 926 410 978 sic
438 924 611 991 aliqua
642 922 1106 977 commiseratione
1147 931 1323 973 motus
1351 929 1434 973 est
1463 935 1476 971 :
1510 918 1602 971 sed
1637 918 1778 978 prius
1803 916 1920 986 qui-

332 1015 454 1071 dem
484 1014 798 1084 sntfocabat,
827 1028 969 1067 nunc
994 1026 1122 1065 vero
1149 1011 1200 1064 in
1226 1025 1497 1064 carcerem
1524 1009 1772 1076 conjecit.

407 1107 458 1162 7.
491 1105 754 1160 Cmterum
795 1104 912 1158 vide
940 1103 1062 1172 quid
1102 1111 1354 1169 sequatur
1384 1117 1396 1152 :
1433 1099 1500 1153 Ut
1529 1100 1757 1154 riderunt
1778 1137 1792 1158 ,
1833 1099 1917 1152 in.

336 1199 470 1269 quit,
499 1197 723 1250 conservi
746 1197 905 1260 illius,
937 1195 1215 1247 contristati
1252 1199 1370 1246 sunt
1394 1207 1412 1246 :
1436 1201 1485 1246 et
1511 1205 1568 1245 ut
1594 1201 1830 1244 venerunt
1855 1191 1921 1243 ad

336 1287 598 1341 dominum
623 1303 788 1351 suum,
821 1303 925 1339 rem
951 1302 1146 1338 omnem
1175 1284 1498 1337 declararunt
1525 1281 1693 1353 (Ibid.
1725 1298 1772 1336 υ.
1803 1281 1918 1347 51).

337 1380 452 1434 Νοη
481 1379 571 1433 ille
593 1376 807 1448 quidem
839 1377 925 1444 qui
954 1377 1022 1430 ita
1052 1376 1189 1429 male
1214 1375 1432 1430 affectus
1456 1383 1604 1440 erat,
1635 1373 1923 1446 (quomodo

339 1471 480 1526 enim
509 1471 788 1539 potuisset.
822 1469 874 1522 in
903 1483 1170 1522 carcerem
1199 1467 1468 1535 conjectus
1485 1465 1533 1536 ἲ)
1559 1468 1650 1520 sed
1677 1466 1763 1519 alii
1789 1481 1922 1520 eon-

343 1562 506 1623 servi,
530 1569 586 1616 et
611 1561 697 1630 qui
729 1561 870 1614 nulla
901 1558 1088 1627 injuria
1114 1557 1308 1625 affeﬂi,
1332 1558 1480 1628 quasi
1509 1559 1696 1626 injuria
1724 1556 1921 1622 affecti,

344 1653 415 1705 ita
443 1652 615 1706 maesti
648 1661 795 1705 erant
819 1691 832 1715 ,
863 1650 1241 1719 dominumque
1269 1649 1527 1704 adeuntes
1549 1687 1564 1714 ,
1599 1664 1710 1702 rem
1742 1663 1926 1702 narra-

346 1752 553 1794 veruut.
586 1741 701 1795 Jam
735 1740 853 1794 vide
877 1739 1080 1794 domini
1119 1740 1553 1809 indignationem.
1584 1739 1726 1792 Tunc
1752 1755 1926 1792 arem-

343 1834 439 1886 sito
463 1849 540 1896 eo,
572 1833 761 1900 inquit,
793 1832 910 1884 dicit
934 1847 954 1884 :
979 1831 1134 1886 Serve
1159 1847 1368 1899 nequam
1391 1831 1549 1903 (Ibid.
1573 1846 1619 1883 υ.
1650 1830 1762 1900 52).
1791 1831 1926 1886 Vere

345 1922 429 1976 llic
456 1922 636 1976 videre
676 1923 794 1975 licet
822 1937 982 1990 qnam
1017 1922 1369 1990 perniciosum
1399 1923 1468 1975 sit
1497 1921 1804 1990 injuriarum
1837 1936 1926 1974 re-

345 2013 572 2067 minisci.
595 2013 856 2081 Quoaiam
881 2027 1003 2067 cum
1034 2012 1222 2067 decem
1255 2013 1412 2065 millia
1442 2013 1634 2066 talenta
1662 2012 1924 2082 exigebat,

348 2119 450 2156 non
495 2103 704 2156 vocavit
749 2117 872 2158 eum
911 2102 1104 2155 malum
1134 2118 1150 2156 :
1181 2102 1274 2156 sed
1311 2116 1483 2166 nunc,
1518 2115 1639 2155 cum
1668 2116 1931 2156 conservo

345 2191 574 2247 crudelis
614 2192 731 2253 fuit.
768 2193 922 2248 Serve
949 2208 1181 2262 nequam,
1214 2193 1405 2262 inquit,
1434 2209 1579 2245 omne
1603 2192 1820 2246 debitum
1849 2209 1930 2246 re-

347 2285 461 2338 misi
491 2287 613 2350 tibi,
641 2287 758 2355 quia
786 2287 974 2356 rogasti
1002 2302 1097 2339 me.
1128 2286 1260 2340 Vide
1288 2286 1558 2356 quomodo
1584 2286 1817 2340 declarat
1845 2285 1928 2338 in-

352 2383 564 2444 gentem
594 2377 710 2443 ejus
747 2377 1021 2430 malitiam.
1057 2377 1192 2430 Num
1224 2377 1422 2446 aliquid
1459 2378 1684 2446 amplius
1723 2377 1929 2432 fecisti?

349 2465 536 2534 inquit.
564 2465 750 2520 Nonne
777 2467 998 2535 paucula
1029 2477 1229 2521 tantum
1259 2467 1418 2522 verba
1441 2467 1640 2530 dixisti,
1669 2477 1722 2522 et
1749 2483 1932 2522 susce—

347 2565 435 2624 pta
473 2557 728 2623 petitione
766 2565 852 2610 tua
891 2565 1057 2610 totum
1099 2557 1226 2612 illud
1272 2559 1473 2628 grande
1513 2567 1568 2612 et
1608 2558 1929 2613 immensum

346 2646 582 2700 debitum
606 2647 818 2701 remisi?
843 2645 1030 2700 Nonne
1049 2658 1094 2700 et
1118 2658 1164 2701 te
1187 2649 1412 2702 misereri
1430 2649 1685 2719 oportebat
1707 2649 1930 2702 conservi

347 2737 419 2790 tui
438 2779 452 2804 ,
483 2739 610 2791 sicut
635 2747 683 2791 et
710 2753 800 2807 ego
829 2738 905 2791 tui
942 2739 1174 2792 misertus
1210 2755 1321 2792 sum
1359 2742 1378 2809 (
1397 2737 1533 2792 Ibid.
1566 2755 1612 2792 v.
1644 2741 1791 2811 '55)?
1817 2741 1928 2806 Qua

347 2830 538 2898 dignus
564 2831 671 2885 eris
700 2831 871 2894 venia,
898 2831 942 2884 si
962 2846 1064 2902 ego
1086 2831 1330 2886 dominus
1357 2843 1475 2886 tuus
1497 2843 1696 2886 tantum
1723 2833 1931 2903 pondus

353 2921 647 2975 debitorum
686 2931 903 2991 propter
941 2923 1027 2976 illa
1065 2922 1202 2976 nuda
1231 2923 1390 2977 verba
1416 2923 1591 2978 dimisi
1625 2943 1636 2978 :
1669 2934 1724 2978 tu
1751 2934 1928 2979 autem

350 3012 590 3066 conservi
623 3012 694 3065 tui
713 3053 728 3074 ,
763 3013 851 3080 qui
882 3021 963 3066 est
988 3014 1225 3081 ejusdem
1258 3023 1459 3068 naturas
1479 3055 1492 3079 ,
1523 3029 1626 3068 non
1655 3031 1712 3068 es
1739 3017 1929 3070 miscr-

352 3111 435 3153 tns
453 3143 469 3167 ,
499 3117 671 3170 neque
700 3101 897 3156 inflecti
931 3104 1142 3171 potuisti
1169 3145 1183 3168 ,
1213 3119 1382 3172 neque
1413 3106 1718 3159 recordatus
1744 3121 1928 3160 eorum

349 3205 468 3258 quae
496 3205 526 3244 a
555 3206 638 3244 me
665 3191 755 3244 tibi
781 3207 1034 3246 concessa
1064 3203 1210 3258 sunt,
1231 3194 1388 3247 ullam
1411 3195 1928 3250 commiserationem

354 3298 462 3350 przc
493 3293 544 3336 te
573 3283 765 3348 tulisti,
795 3285 888 3338 sed
920 3285 1238 3340 inhumanus
1264 3287 1403 3340 fuisti
1431 3297 1483 3341 et
1507 3288 1736 3343 crudelis
1755 3331 1768 3351 ,
1799 3305 1930 3345 con-

351 3373 598 3442 servique
621 3374 860 3428 misereri
888 3376 1096 3428 noluisti
1119 3376 1142 3428 ?
1169 3376 1364 3430 Idcirco
1388 3377 1476 3432 hic
1499 3379 1708 3434 tandem
1736 3395 1794 3435 re
1816 3381 1930 3450 ipsa

349 3465 530 3520 disces
547 3475 866 3535 quantorutn
899 3467 989 3521 tibi
1017 3468 1115 3536 ipsi
1147 3470 1405 3523 malorum
1437 3480 1621 3525 auctor
1649 3471 1832 3526 fueris.
1863 3473 1930 3525 Et

350 3558 512 3608 iratus
537 3556 769 3609 dominus
795 3559 935 3627 ejus,
965 3559 1170 3612 tradidit
1207 3560 1352 3613 illum
1389 3562 1656 3616 tortoribus
1681 3560 1850 3629 (Ibid.
1881 3579 1931 3616 υ.

352 3646 468 3716 54).
520 3647 648 3701 Vide
691 3659 746 3702 et
791 3665 929 3704 nunc
975 3651 1143 3720 ipsum
1191 3653 1346 3706 irasci
1385 3653 1456 3706 ob
1496 3654 1930 3708 inbumanitatem

351 3750 474 3804 erga
499 3751 706 3790 servum
726 3747 779 3791 et
800 3739 1086 3794 tortoribus
1112 3742 1256 3795 illum
1279 3742 1486 3797 tradere
1512 3755 1524 3795 :
1555 3745 1604 3797 id
1625 3747 1764 3814 quod
1788 3747 1932 3813 prius

354 3841 461 3879 non
500 3826 650 3892 fecit,
687 3843 808 3882 cum
841 3838 917 3882 tot
949 3829 1246 3885 debitorum
1277 3847 1402 3886 reus
1433 3841 1612 3898 esset,
1640 3849 1780 3888 nunc
1819 3836 1930 3888 fieri

355 3914 520 3983 jubet.
551 3915 780 3972 Tradidit
805 3921 945 3973 enim
975 3919 1120 3973 illum
1149 3923 1444 3987 tortoribus,
1473 3926 1630 3978 donec
1667 3942 1812 3978 onme
1842 3926 1932 3979 de-

352 4007 510 4060 bitum
537 4009 765 4063 redderet
791 4026 817 4062 ξ
836 4011 1007 4065 donec
1025 4051 1040 4075 ,
1072 4013 1270 4080 inquit,
1300 4013 1482 4067 decem
1510 4015 1672 4069 miilia
1703 4017 1894 4072 talenta
1916 4059 1932 4083 ,

355 4112 473 4164 qua!
497 4097 606 4165 jam
639 4101 858 4154 remissa
885 4110 1069 4168 erant,
1096 4101 1475 4158 dinumeraret.
1509 4104 1691 4174 Magna
1721 4115 1775 4160 et
1803 4107 1937 4160 inef-

358 4185 530 4240 fabilis
562 4187 651 4241 Dei
677 4189 958 4245 clementia
991 4207 1004 4243 :
1035 4207 1155 4246 cum
1197 4193 1308 4261 ipse
1335 4193 1548 4261 quidem
1575 4195 1808 4249 debitum
1850 4208 1936 4250 re-

357 4286 580 4343 peteret,
608 4278 673 4332 ad
702 4279 870 4333 nudas
901 4288 1099 4335 tantum
1129 4296 1320 4351 preces
1340 4292 1506 4336 totum
1531 4285 1751 4338 remittit
1776 4302 1789 4338 :
1812 4301 1931 4340 cum

357 4374 532 4420 autem
560 4367 613 4420 in
638 4383 951 4423 conservum
993 4371 1134 4426 videt
1169 4373 1437 4426 crudelem
1466 4383 1520 4427 et
1547 4374 1890 4430 inhumanum
1915 4419 1930 4441 ,

357 4467 508 4508 suam
539 4467 757 4512 revocat
785 4459 1148 4516 liberalitatem
1172 4503 1186 4526 ,
1213 4472 1521 4517 monstrans
1543 4465 1614 4518 illi
1643 4481 1707 4520 ex
1740 4479 1798 4521 re
1822 4468 1935 4537 ipsa

358 4559 466 4612 quo
493 4555 644 4614 pacto
669 4563 776 4601 non
806 4561 911 4602 tam
939 4551 1110 4617 illum,
1137 4568 1292 4620 quam
1319 4569 1378 4606 se
1407 4553 1577 4623 ipsum
1603 4556 1928 4611 offendisset.

361 4634 426 4688 Et
453 4636 588 4690 sicut
628 4638 716 4694 ille
743 4653 1060 4694 conservum
1095 4641 1149 4694 in
1184 4657 1454 4697 carcerem
1483 4647 1736 4714 conjecit,
1765 4648 1935 4705 donec

359 4725 594 4779 debitmn
622 4728 867 4783 redderet
890 4747 904 4784 :
932 4732 1000 4784 ita
1026 4739 1080 4784 ct
1109 4733 1220 4800 ipse
1247 4735 1535 4788 tortoribus
1564 4736 1806 4803 traditur,
1835 4738 1935 4791 do-

361 4829 462 4866 nec
494 4817 633 4882 quod
668 4817 892 4873 debebat
931 4832 1250 4875 uulneraret.
1282 4823 1407 4877 Haec
1433 4833 1607 4878 autem
1636 4841 1742 4880 non
1766 4827 1833 4881 de
1859 4837 1937 4882 ta-

365 4903 524 4957 lentis
543 4914 594 4957 et
613 4907 839 4961 denariis
863 4911 1171 4980 simpliciter
1191 4913 1344 4978 dixit,
1367 4914 1464 4967 sed
1479 4914 1548 4968 de
1574 4918 1801 4984 peccatis
1823 4928 1938 4973 erat

360 5007 542 5047 sermo
565 5003 621 5048 et
646 4994 959 5052 delictorum
999 5001 1358 5067 magnitudine
1376 5039 1396 5068 ,
1420 5012 1477 5057 ut
1505 5005 1768 5060 discamus
1791 5049 1807 5074 ,
1842 5023 1938 5062 nos

361 5087 574 5150 quidem
606 5087 928 5141 inﬁnitarum
974 5102 1309 5156 peccatorum
1353 5109 1539 5161 pennas
1581 5095 1805 5151 Domino
1839 5099 1936 5152 de-

363 5180 577 5241 bentes,
608 5189 824 5249 propter
854 5181 1171 5237 ineffabilem
1204 5184 1340 5239 illius
1367 5188 1816 5256 miscricordiam,
1849 5206 1938 5244 re-

363 5269 672 5324 missionem
715 5271 781 5323 ab
822 5269 937 5338 ipso
975 5274 1234 5340 accipere.
1265 5275 1322 5328 Si
1349 5291 1475 5330 vero
1503 5292 1622 5347 erga
1653 5293 1938 5335 conservos

365 5371 414 5410 et
446 5361 736 5426 proximos,
765 5370 817 5413 et
846 5376 959 5424 eos,
990 5363 1076 5431 qui
1115 5365 1354 5419 eamdem
1383 5381 1541 5436 quam
1575 5383 1669 5422 nos
1701 5380 1936 5423 naturam

363 5451 534 5505 sortiti
561 5461 720 5518 sunt,
747 5453 990 5508 crudeles
1020 5463 1075 5509 et
1114 5454 1382 5510 inhumani
1429 5457 1679 5514 fuerimus
1702 5500 1716 5523 ,
1746 5470 1799 5515 et
1822 5478 1938 5530 quae

366 5544 418 5597 in
451 5559 548 5596 nos
576 5547 857 5600 commissa
888 5557 1008 5601 sunt
1050 5564 1154 5601 non
1183 5547 1541 5606 dimiserimus
1564 5593 1577 5612 ,
1611 5551 1703 5607 sed
1745 5567 1842 5621 pro
1882 5567 1939 5606 re

370 5637 549 5693 frivola
575 5639 780 5695 molesti
808 5639 1060 5700 fuerimus
1087 5640 1360 5710 (quantum
1391 5644 1531 5698 enim
1559 5643 1776 5698 interest
1802 5645 1937 5700 inter

1371 260 1435 316 IN
1473 260 1622 316 CAP.
1669 258 1756 314 ix.
1785 257 2026 314 GENES.
2071 258 2296 314 IIOMIL.
2342 253 2553 314 XXVII.

3495 252 3600 311 256

2019 380 2233 425 centum
2259 370 2506 425 denarios
2527 410 2543 436 ,
2575 378 2629 424 et
2654 368 2838 424 decem
2867 367 3030 423 millia
3058 368 3252 422 talenta
3279 409 3292 434 ,
3321 377 3522 423 tantum
3548 381 3602 423 et

2022 464 2161 516 inter
2181 478 2242 518 ea
2269 479 2385 532 qua:
2415 478 2512 518 nos
2539 463 2588 516 in
2620 461 2901 516 Dominum
2921 503 2935 527 ,
2963 469 3018 516 et
3043 477 3102 516 ea
3128 475 3245 531 qua:
3273 471 3604 531 congcneres

2021 555 2073 608 in
2101 569 2200 608 nos
2223 554 2602 624 deliquerunt),
2628 563 2750 608 tunc
2775 562 2828 608 ct
2856 565 2954 608 nos
2979 553 3030 606 in
3061 552 3473 621 indignationem
3501 551 3606 605 Do-

2020 645 2150 698 mini
2180 644 2502 708 incidemus,
2531 652 2584 697 et
2620 658 2684 698 ea
2712 657 2830 713 qua:
2855 641 2964 711 jam
2994 650 3149 696 antea
3177 640 3395 695 dimissa
3421 651 3606 706 erant,

2022 736 2230 791 solvere
2267 735 2457 790 iterum
2498 736 2549 788 in
2591 735 2871 790 tormentis
2906 744 3176 803 c0gemur.
3211 733 3379 788 Porro
3404 742 3461 787 ut
3487 733 3610 787 diti.

2022 837 2209 898 genter
2244 826 2511 882 discamus
2557 826 2857 896 parabolam
2901 826 3036 880 hanc
3075 826 3144 881 ob
3173 827 3475 880 ‘anlmarum
3505 838 3606 879 no-

2023 929 2253 974 strarum
2280 921 2504 973 salutem
2533 933 2560 970 a
2592 919 2817 972 Domino
2843 915 3148 982 adductam,
3181 918 3300 970 andi
3329 932 3449 986 quae
3476 917 3606 970 infeo

2023 1019 2212 1064 runtur
2239 1028 2252 1063 :
2280 1009 2369 1064 Sic
2393 1018 2439 1062 et
2471 1008 2622 1062 Pater
2647 1019 2804 1062 vester
2828 1008 3037 1062 calentis
3064 1005 3214 1076 faciet
3233 1008 3388 1069 vobis.
3412 1009 3606 1077 inquit,

2022 1102 2067 1154 si
2113 1117 2212 1153 non
2262 1101 2599 1168 unusquisque
2646 1099 2794 1170 fratri
2838 1114 2928 1151 suo
2979 1099 3265 1151 remiseritis
3308 1115 3335 1151 e
3376 1098 3610 1151 cordibus

2025 1193 2198 1246 vostris
2225 1192 2405 1246 delicta
2433 1192 2632 1244 ittorum
2658 1189 2676 1261 (
2701 1191 2882 1243 Matth.
2908 1189 2994 1244 18.
3025 1190 3094 1244 55
3112 1187 3156 1261 ).
3184 1188 3426 1258 Magnum
3456 1204 3610 1258 para-

2026 1283 2161 1336 bolae
2189 1283 2416 1345 lucrum,
2450 1281 2606 1334 modo
2635 1280 2908 1334 attendere
2931 1281 3277 1334 voluerimus.
3304 1279 3438 1344 Quid
3465 1278 3610 1333 enim

2029 1382 2230 1425 tantum
2265 1372 2555 1440 poterimus
2577 1370 2862 1435 dimittere,
2885 1379 3135 1440 quantum
3163 1370 3316 1422 nobis
3335 1383 3364 1422 a
3389 1370 3612 1422 Domino

2027 1463 2348 1518 dimittitur?
2377 1463 2445 1516 Et
2480 1477 2574 1516 nos
2603 1462 2817 1531 quidem
2865 1462 2909 1515 si
2955 1462 3055 1514 hoc
3095 1461 3451 1527 voluerimus,
3478 1476 3612 1515 eon-

2028 1557 2196 1611 servis
2225 1555 2576 1620 remittimus;
2608 1555 2707 1623 ipsi
2749 1570 2874 1607 vero
2911 1570 2939 1607 a
2978 1551 3200 1607 Domino
3244 1554 3616 1610 remissionem

2028 1645 2338 1715 accipimus.
2371 1644 2439 1698 Et
2476 1645 2597 1698 vide
2636 1653 2691 1697 ut
2730 1644 3011 1713 diligenter
3047 1642 3251 1712 singula
3292 1651 3415 1696 sunt
3449 1642 3617 1696 dicta.

2033 1735 2146 1789 Non
2179 1735 2320 1789 enim
2348 1735 2482 1789 dixit
2520 1735 2861 1804 simpliciter,
2887 1734 2943 1789 Si
2973 1749 3078 1788 non
3106 1735 3412 1789 dimiseritis
3439 1735 3613 1788 homi-

2030 1825 2184 1878 nibus
2215 1833 2425 1892 peccata
2459 1841 2472 1875 :
2506 1824 2624 1889 sed,
2654 1824 2716 1878 Si
2745 1841 2844 1878 non
2875 1825 3212 1895 unusquisque
3238 1825 3384 1894 fratri
3411 1841 3502 1878 suo
3534 1841 3615 1879 re-

2029 1919 2265 1973 miseritis
2284 1936 2311 1972 e
2329 1918 2560 1973 cordibus
2583 1919 2755 1973 uestris
2779 1918 2964 1972 delicta
2984 1918 3206 1972 illorum.
3232 1919 3462 1973 Adverte
3482 1934 3613 1988 quo-

2031 2012 2191 2066 modo
2233 2011 2344 2064 vult
2394 2026 2486 2065 cor
2535 2021 2774 2064 nostrum
2823 2011 2875 2064 in
2919 2011 3098 2080 quiete
3138 2021 3192 2066 et
3238 2010 3614 2081 tranquillitate

2031 2116 2170 2162 esse.
2192 2110 2245 2156 et
2273 2113 2501 2155 mentem
2532 2111 2766 2155 nostram
2796 2112 2825 2154 a
2855 2102 3337 2170 perturbationibus
3363 2103 3614 2168 alienam,

2031 2193 2502 2264 affectionibusqne
2535 2194 2784 2247 omnibus
2813 2193 3067 2260 liberam,
3101 2193 3490 2266 plurimumque
3517 2211 3615 2250 nos

2031 2301 2155 2355 erga
2184 2285 2478 2355 proximum
2505 2284 2805 2341 dilectionis
2832 2287 3062 2341 studium
3093 2286 3388 2346 declarare.
3419 2288 3483 2342 Et
3510 2289 3617 2342 a'io

2031 2391 2244 2445 quoque
2273 2375 2389 2430 loco
2417 2377 2606 2430 iterum
2641 2375 2908 2431 dicentem
2947 2376 3132 2431 audire
3169 2376 3294 2431 licet
3323 2394 3336 2430 :
3371 2377 3432 2432 Si
3460 2379 3615 2430 dimi-

2030 2467 2193 2520 seritis
2217 2466 2498 2521 hominibus
2523 2468 2707 2521 delicta
2731 2467 2958 2530 illorum,
2986 2467 3202 2521 dimittet
3225 2477 3271 2521 et
3296 2469 3432 2522 vobis
3460 2467 3615 2522 Pater

2030 2567 2186 2611 vester
2209 2557 2420 2611 cwlestis
2447 2555 2658 2627 (Matth.
2689 2557 2741 2611 6.
2775 2556 2883 2625 14).
2909 2556 2985 2610 Ne
3015 2557 3170 2627 igitur
3195 2567 3458 2626 putemus,
3489 2558 3615 2612 dum

2033 2647 2134 2702 hoc
2159 2648 2400 2710 facimus,
2429 2662 2526 2701 nos
2552 2647 2700 2701 alteri
2729 2647 3032 2715 gratificari,
3059 2657 3149 2701 aut
3175 2662 3422 2716 magnmn
3449 2649 3616 2717 quod-

2031 2739 2150 2794 dam
2178 2740 2489 2794 beneficium
2515 2739 2651 2806 apud
2676 2739 2822 2792 illum
2849 2738 3135 2808 deponere.
3159 2737 3287 2793 Nam
3312 2739 3411 2808 ipsi
3431 2755 3616 2794 sumus

2031 2831 2121 2901 qui
2165 2831 2423 2884 beneficio
2466 2829 2716 2893 fruimur,
2756 2838 2810 2884 et
2853 2831 3075 2883 multum
3125 2830 3256 2883 lucri
3303 2829 3425 2884 inde
3463 2831 3619 2885 nobis

2033 2919 2378 2974 conciliamus
2411 2937 2423 2971 :
2453 2918 2588 2972 sicut
2614 2919 2772 2972 etiam
2801 2919 2844 2971 si
2872 2917 2973 2971 hoc
3001 2933 3104 2972 non
3144 2917 3430 2973 fecerimus
3449 2960 3464 2984 ,
3496 2934 3616 2972 om.

2035 3009 2161 3062 nino
2189 3007 2318 3060 nihil
2353 3022 2449 3061 eos
2477 3007 2668 3062 laédere
2709 3007 2998 3076 poterimus
3023 3047 3037 3072 ,
3075 3009 3227 3063 nobis
3271 3008 3401 3077 ipsis
3437 3017 3616 3063 autem

2034 3097 2417 3152 intolerabilem
2445 3097 2700 3166 gehenme
2729 3112 2937 3166 pmnam
2964 3112 3233 3169 paramus.
3265 3097 3485 3163 Idcirco,
3519 3101 3616 3154 ob-

2034 3204 2187 3245 secro
2209 3231 2224 3257 ,
2252 3200 2309 3242 ut
2336 3192 2629 3258 coxitautes
2655 3189 2767 3243 haec
2789 3231 2804 3254 ,
2838 3205 3120 3259 numquam
3152 3191 3490 3247 admittamus
3514 3235 3528 3258 ,
3559 3202 3616 3248 ut

2034 3297 2216 3336 eorum
2253 3283 2340 3351 qui
2373 3296 2468 3335 nos
2497 3282 2877 3336 conti-istarum
2900 3321 2915 3346 ,
2954 3281 3039 3334 vel
3076 3281 3206 3334 alias
3246 3282 3617 3348 offenderunt,

2033 3375 2239 3442 injuriae
2277 3374 2712 3439 reminiscamur,
2744 3373 2828 3428 vel
2874 3374 3088 3427 inimico
3117 3373 3295 3427 animo
3331 3390 3453 3443 erga
3497 3375 3620 3430 illos

2033 3465 2326 3520 afﬁciamur
2352 3483 2364 3517 :
2395 3464 2488 3520 sed
2522 3465 2922 3519 considerantes
2947 3475 3138 3534 quanta
3181 3465 3282 3520 hoc
3312 3466 3462 3520 nobis
3487 3466 3617 3520 all‘c-

2033 3567 2116 3611 rat
2156 3554 2410 3610 beneficia
2435 3596 2450 3619 ,
2483 3564 2536 3610 et
2562 3564 2809 3624 quantam
2840 3555 2978 3624 apud
3021 3555 3298 3608 Dominum
3331 3554 3570 3610 ﬁduciam
3594 3569 3620 3621 ;

2034 3658 2088 3702 et
2123 3657 2245 3701 ante
2282 3645 2456 3699 omnia
2478 3687 2492 3711 ,
2525 3646 2663 3716 quod
2693 3645 3024 3699 reconciliari
3053 3662 3172 3700 cum
3206 3647 3268 3700 iis
3294 3647 3381 3716 qui
3412 3662 3509 3700 nos
3537 3648 3618 3700 in-

2030 3740 2168 3808 juria
2195 3737 2440 3802 aﬂecerc,
2469 3743 2803 3805 peccatorum
2829 3744 3130 3790 nostrorum
3152 3737 3454 3805 absumptio
3471 3755 3618 3808 quar-

2035 3829 2156 3883 dam
2187 3827 2256 3882 sit
2288 3846 2301 3882 :
2330 3826 2637 3882 festinemus
2673 3835 2726 3881 et
2763 3823 3075 3880 anheiemus
3113 3834 3170 3881 ut
3208 3836 3449 3896 paratum
3495 3827 3624 3883 inde

2035 3917 2238 3972 lucrum
2267 3925 2594 3986 reputantes,
2625 3925 2731 3970 tam
2758 3914 2980 3969 officiosi
3013 3915 3064 3969 in
3093 3931 3185 3969 eos
3215 3916 3379 3969 simus
3402 3915 3491 3986 qui
3520 3933 3620 3970 nos

2037 4008 2389 4073 offenderunt,
2417 4023 2573 4077 quam
2601 4021 2782 4060 sumus
2809 4007 2861 4060 in
2889 4020 2980 4059 cos
3008 4007 3096 4077 qui
3123 4022 3248 4061 vere
3276 4007 3430 4062 nobis
3457 4007 3621 4062 benc-

2039 4101 2252 4156 faciunt.
2283 4101 2413 4155 Nam
2453 4100 2495 4154 si
2527 4101 2790 4168 sapimus,
2822 4116 2926 4152 non
2956 4099 3023 4152 ita
3055 4099 3206 4152 nobis
3237 4098 3490 4168 prodesse
3520 4115 3617 4168 po-

2039 4203 2212 4248 terunt
2242 4195 2330 4265 qui
2357 4192 2598 4248 benevoli
2630 4191 2681 4246 in
2713 4207 2810 4245 nos
2845 4201 2967 4246 sunt
2993 4199 3048 4246 et
3078 4191 3337 4245 demereri
3367 4192 3578 4259 cupiunt
3597 4231 3618 4255 ,

2039 4300 2093 4340 ut
2123 4287 2344 4342 istorum
2371 4287 2544 4340 cultus
2574 4295 2626 4340 et
2653 4283 2954 4338 observatio
2978 4284 3219 4338 divinum
3243 4283 3476 4338 favorem
3518 4301 3617 4336 no.

2038 4364 2118 4431 bis
2146 4375 2466 4441 conciliabit,
2498 4388 2700 4443 nosque
2726 4373 2934 4426 sarcina
2961 4381 3295 4442 peccatorum
3328 4373 3542 4427 levabit.

2108 4467 2160 4519 8.
2188 4465 2268 4519 De
2291 4464 2693 4518 reconciliatione
2713 4473 2758 4516 et
2778 4480 2947 4516 amore
2965 4461 3299 4516 inimicorum.
3319 4491 3389 4502 —
3408 4464 3617 4531 Cogita,

2037 4558 2283 4621 obsecro,
2317 4555 2530 4618 dilecte,
2559 4562 2750 4623 quanta
2777 4553 2846 4605 sit
2871 4551 3026 4621 hujus
3055 4552 3265 4605 virtutis
3289 4553 3620 4623 magnitudo,

2038 4655 2092 4701 et
2119 4647 2264 4700 disce
2289 4644 2371 4698 vel
2402 4659 2469 4698 ex
2511 4642 2742 4711 prtemiis
2781 4657 2898 4712 qua:
2941 4650 3158 4711 propter
3201 4642 3341 4696 illam
3383 4642 3620 4696 unixersi

2044 4737 2296 4793 Dominus
2327 4736 2586 4806 promisit.
2616 4731 2745 4789 Nam
2771 4750 2890 4788 cum
2917 4734 3136 4789 dixisset
3167 4754 3179 4788 :
3212 4733 3420 4805 Ditigite
3444 4736 3617 4787 inimi-

2033 4849 2121 4886 cos
2144 4843 2346 4897 vestros,
2371 4832 2640 4886 benedicite
2660 4832 2733 4885 eis
2752 4831 2837 4900 qui
2863 4840 3223 4897 persequuntur
3242 4845 3346 4888 vos,
3370 4839 3506 4882 orate
3527 4844 3621 4896 pro

2040 4923 2463 4977 calumniantibus
2489 4939 2572 4975 vos
2597 4919 2805 4991 (Matth.
2830 4919 2880 4974 5.
2911 4919 3002 4985 44)
3031 4937 3044 4968 :
3071 4919 3189 4986 quia
3222 4917 3465 4970 sublimia
3497 4927 3620 4970 sunt

2042 5023 2302 5083 prmccpta
2324 5053 2338 5075 ,
2378 5024 2750 5076 summumque
2790 5007 3037 5059 verticem
3071 5005 3334 5075 tangentia
3357 5047 3370 5068 ,
3404 5007 3569 5075 inquit
3602 5024 3618 5060 :

2046 5103 2112 5158 Ut
2143 5101 2420 5173 cfficiamini
2446 5101 2630 5153 similes
2662 5095 2806 5150 Patri
2827 5106 3005 5158 vestro,
3027 5096 3112 5166 qui
3140 5095 3191 5148 in
3215 5095 3350 5148 ralis
3369 5105 3440 5150 est
3466 5097 3620 5164 :quia

2042 5193 2196 5248 solem
2224 5209 2369 5246 suum
2393 5190 2514 5242 oriri
2535 5188 2654 5260 facit
2683 5203 2830 5256 super
2858 5185 3011 5238 bonos
3036 5194 3082 5238 et
3107 5185 3287 5248 malos,
3313 5195 3358 5238 et
3384 5184 3510 5255 pluit
3534 5202 3622 5240 su-

2043 5302 2128 5353 prr
2163 5287 2326 5351 justas
2361 5289 2404 5334 et
2440 5280 2652 5348 injustas
2687 5275 2856 5347 (Ibid.
2893 5293 2940 5329 υ.
2982 5276 3093 5344 45).
3137 5273 3324 5328 Vidisti
3365 5285 3618 5344 quantum

2046 5374 2259 5426 incultas
2282 5373 2380 5425 fert
2402 5371 2654 5432 humana,
2670 5369 2748 5421 cui
2767 5367 2953 5420 similis
2975 5367 3061 5418 fiat
3082 5365 3168 5436 qui
3192 5381 3294 5419 non
3319 5363 3487 5420 solum
3513 5381 3618 5419 non

2046 5465 2314 5518 ulciscitur
2340 5478 2460 5515 eum
2488 5461 2576 5528 qui
2617 5459 2864 5519 oti‘endit,
2894 5457 2984 5511 sed
3014 5467 3064 5511 et
3094 5471 3188 5525 pro
3217 5471 3282 5510 eo
3310 5471 3471 5508 orare.
3503 5464 3620 5507 stu-

2045 5557 2173 5610 det?
2207 5554 2282 5608 Ne
2323 5553 2478 5621 igitur
2508 5549 2820 5620 negligemia
2851 5558 3028 5600 nostra
3057 5547 3248 5600 talibus
3283 5559 3381 5610 nos
3409 5542 3621 5596 frande-

2050 5659 2165 5699 mus
2209 5643 2359 5697 bonis
2380 5681 2395 5707 ,
2432 5651 2485 5695 et
2516 5638 2742 5709 pra-otiis
2767 5654 2882 5704 tunc
2907 5651 3117 5691 omnem
3147 5646 3451 5707 sermonem-
3475 5637 3620 5682 trau-
