4066 6140
459 232 560 292 93!

465 347 862 404 scendunt:sed
891 348 1059 402 modis
1084 348 1329 402 omnibus
1357 347 1477 400 boni
1511 345 1664 411 hujus
1689 341 1863 412 operis
1885 339 2036 393 nobis

466 455 594 493 cura
627 441 727 503 sit,
757 449 1078 508 eogaturque
1101 447 1155 493 et
1178 440 1449 493 erudiatur
1473 451 1622 492 meos
1646 447 1700 490 ut
1729 443 1912 504 pareat
1951 433 2042 486 Dei

471 529 771 598 praeceptis.
802 529 932 582 Nam
965 539 1240 599 propterea
1274 529 1409 584 hanc
1432 527 1842 582 admonitionem
1869 533 1922 578 et
1945 539 2043 594 ego

472 637 613 676 nunc
636 620 735 675 feci
755 662 769 684 ,
802 632 854 675 et
883 621 1186 690 parabolam
1214 622 1266 675 in
1289 620 1518 674 medium
1546 619 1694 672 attuli
1721 636 1735 680 ;
1768 626 1821 672 et
1848 627 2041 687 quanta

473 713 542 767 sit
587 711 744 780 hujus
789 713 908 766 boni
953 715 1131 781 operis
1174 711 1480 782 magnitudo
1505 751 1518 774 ,
1545 719 1599 785 et
1630 718 1884 779 quantum
1922 705 2044 760 inde

473 801 675 854 lucrum
706 802 860 856 nobis
893 812 1184 867 accrescat,
1215 802 1442 867 ostendi,
1480 810 1536 855 ut
1563 816 1683 855 cum
1713 799 1884 853 adhuc
1910 807 2047 852 tem-

472 906 572 958 pus
602 903 704 956 est,
730 893 774 946 si
801 893 918 960 quis
943 909 1008 947 ex
1034 893 1186 947 vobis
1211 903 1289 948 est
1315 892 1402 962 qui
1431 893 1590 946 alium
1620 891 1811 945 habeat
1840 889 1938 943 sibi
1967 889 2046 941 iu-

475 981 703 1045 fensum,
734 996 950 1050 operam
977 983 1068 1037 det
1108 993 1159 1036 ut
1185 983 1421 1038 officiose
1462 982 1851 1037 reconcilietur.
1882 982 1948 1034 At
1978 994 2044 1034 ne

471 1073 590 1140 quis
627 1073 751 1127 mihi
792 1075 933 1128 dicat
965 1091 978 1125 :
1009 1074 1182 1130 Semel
1221 1083 1378 1143 atque
1417 1075 1606 1128 iterum
1636 1073 1820 1136 oravi,
1851 1079 1905 1125 et
1939 1085 2041 1123 non

471 1165 700 1218 asseusit
729 1182 742 1216 :
771 1165 814 1218 si
842 1164 942 1219 hoc
966 1166 1171 1219 sincere
1203 1165 1473 1228 faciamus,
1507 1179 1610 1216 non
1641 1163 1784 1230 prius
1808 1161 2046 1230 quiesca-

473 1270 592 1309 mus
614 1297 629 1321 ,
658 1256 826 1311 donec
859 1257 1021 1311 multa
1047 1258 1329 1312 sedulitate
1353 1257 1626 1310 victoriam
1656 1255 1830 1322 adepti
1855 1294 1870 1315 ,
1900 1254 2042 1306 illum

473 1346 627 1400 nobis
653 1345 994 1402 eonciliemus
1016 1389 1030 1404 .
1060 1355 1112 1401 et
1140 1364 1168 1399 a
1197 1349 1307 1400 suis
1334 1348 1385 1401 iu
1419 1362 1514 1399 nos
1554 1345 1841 1400 inimicitiis
1876 1343 2042 1397 abdu-

473 1451 676 1488 camus.
703 1436 966 1505 Numquid
1007 1438 1077 1490 illi
1117 1438 1310 1506 aliquid
1343 1436 1633 1506 largimur?
1666 1435 1718 1489 In
1752 1450 1848 1488 nos
1877 1444 2047 1488 trans-

474 1535 602 1578 eunt
627 1526 881 1580 beneficia
910 1546 925 1580 :
958 1528 1046 1582 Dei
1080 1527 1310 1580 favorem
1341 1528 1462 1580 hinc
1487 1527 1834 1595 assequimur,
1866 1540 2051 1593 peceaâ€”

477 1624 650 1667 torum
677 1624 974 1669 nostrorum
999 1616 1202 1670 veniam
1229 1617 1619 1684 consequimur,
1649 1629 1888 1683 magnam
1909 1617 2045 1682 apud

482 1704 758 1757 hominum
794 1704 1034 1758 fiduciam
1065 1706 1370 1775 accipimus.
1401 1705 1455 1758 Si
1488 1705 1588 1758 hoc
1616 1704 1924 1766 fecerimus,
1957 1718 2048 1772 po-

478 1794 696 1848 terimus
738 1811 865 1863 pura
911 1797 1232 1851 conscientia
1277 1797 1340 1851 ad
1381 1806 1616 1850 sanctam
1657 1796 2049 1864 terribilemque

479 1884 614 1940 hanc
642 1902 876 1940 mensam
905 1889 1156 1941 accedere
1175 1929 1190 1953 ,
1216 1899 1270 1944 et
1299 1889 1456 1943 verba
1489 1888 1571 1940 illa
1603 1903 1721 1958 qua:
1761 1888 2048 1956 precationi

480 1977 672 2030 inserta
702 1985 845 2043 sunt,
874 1977 1096 2033 fideliter
1121 1980 1316 2033 dicere.
1347 1979 1531 2036 Sciunt.
1554 1979 1738 2032 initiati
1765 1977 1888 2047 quid
1910 1978 2051 2031 dica-

479 2075 584 2120 tur.
613 2066 839 2120 Proinde
864 2069 1274 2138 uniuscujusque
1298 2071 1634 2124 conscientire
1662 2069 1900 2138 relinquo
1921 2084 2053 2138 quo-

475 2140 636 2208 modo
665 2157 909 2210 mandato
935 2158 1026 2211 illo
1053 2160 1285 2228 impleto,
1317 2175 1412 2228 per
1437 2159 1560 2212 illud
1589 2159 1824 2214 terribile
1847 2167 2052 2227 tempus

479 2242 593 2298 lure
639 2246 861 2301 fidenter
903 2248 1080 2303 dicere
1123 2251 1408 2317 possimus.
1445 2250 1594 2317 Quod
1639 2251 1682 2304 si
1727 2250 2053 2319 negligentes

483 2335 733 2388 fuerimus
754 2376 769 2400 ,
801 2346 993 2402 quanta
1021 2337 1145 2393 hinc
1184 2340 1335 2394 nobis
1367 2340 1823 2394 condemnationis
1857 2354 2011 2393 causa
2034 2381 2048 2403 ,

479 2425 567 2490 qui
591 2440 710 2477 cum
735 2440 794 2478 ea
821 2442 937 2495 quae
957 2436 1078 2481 sunt
1099 2428 1250 2482 dictis
1277 2430 1470 2483 nostris
1490 2429 1750 2483 contraria
1775 2428 2049 2493 faciamus,

483 2513 740 2568 audemus
768 2524 965 2570 temere
995 2517 1151 2572 verba
1182 2534 1394 2587 precum
1424 2520 1780 2587 pronuntiare,
1809 2528 1865 2573 et
1889 2518 2056 2588 maje-

481 2619 594 2658 rem
627 2606 778 2659 uobis
805 2606 931 2673 ipsis
961 2608 1132 2676 ignem
1161 2618 1454 2674 exstruere,
1489 2611 1725 2678 iramque
1755 2610 1845 2663 Dei
1876 2609 1926 2662 in
1956 2623 2052 2663 nos

482 2697 801 2762 provocare?
827 2696 1040 2752 Gaudeo
1065 2708 1119 2752 et
1148 2699 1317 2766 la-tor,
1342 2699 1462 2767 quia
1485 2700 1637 2753 video
1667 2715 1762 2755 vos
1790 2709 1931 2754 tanta
1961 2715 2054 2753 vo-

482 2786 680 2852 luptate
703 2803 822 2856 qua:
848 2787 1071 2842 dicimus
1105 2790 1288 2843 audire
1307 2831 1322 2854 ,
1353 2801 1407 2843 et
1436 2791 1620 2860 plausu
1650 2791 1930 2846 ostendere
1960 2807 2054 2846 vos

481 2877 693 2931 studere
730 2888 1000 2948 promptos
1025 2894 1171 2942 esse,
1199 2889 1253 2934 ct
1280 2882 1345 2934 ad
1372 2881 1619 2936 dominici
1659 2883 1842 2936 moniti
1881 2882 2052 2935 adim-

481 2964 764 3030 plctionem
808 2976 1035 3035 paratos.
1077 2969 1198 3023 llmc
1236 2972 1376 3024 enim
1417 2971 1709 3025 animarum
1755 2979 2052 3024 nostrarum

485 3055 739 3109 medicina
768 3067 846 3110 est
872 3097 884 3118 ,
915 3057 1015 3111 hoc
1041 3060 1315 3113 vulnerum
1347 3069 1648 3114 nostrorum
1678 3061 2053 3130 pharmacum,

483 3143 596 3197 lucc
620 3147 817 3213 Optima
847 3147 954 3200 Deo
985 3149 1195 3215 placens
1224 3150 1326 3214 via,
1358 3150 1458 3204 hoe
1483 3152 1836 3206 certissimum
1864 3153 2055 3208 animae

485 3234 575 3287 Dei
602 3237 829 3289 amantis
854 3237 1126 3300 indicium,
1154 3240 1422 3307 suscipere
1442 3242 1616 3294 omnia
1647 3253 1860 3310 propter
1889 3242 2054 3310 legem

484 3325 727 3390 Domini,
762 3335 815 3379 et.
854 3342 885 3380 a
924 3329 1298 3396 cogitationqu
1337 3330 1642 3385 infirmitate
1677 3347 1780 3386 non
1823 3332 2053 3411 retrahi,

483 3413 576 3466 sed
607 3412 972 3469 affectionibus
1008 3417 1301 3486 imperare,
1333 3421 1510 3474 animo
1547 3436 1760 3475 versare
1802 3421 2056 3476 beneficia

486 3502 638 3556 nobis
665 3517 693 3555 a
733 3503 841 3559 Deo
863 3506 1098 3574 quotidie
1125 3507 1378 3564 exhibita.
1421 3511 1485 3564 Et
1520 3513 1858 3580 quantumvis
1894 3527 2057 3566 conc-

488 3607 624 3657 tnur,
652 3592 738 3646 vix
761 3594 1029 3648 minimam
1052 3607 1251 3665 partem
1275 3614 1542 3669 exponere
1565 3603 1856 3670 poterimus
1874 3617 2056 3657 eorum

484 3681 564 3735 vel
601 3697 719 3750 quae
757 3683 881 3737 olim
916 3684 965 3738 in
1005 3701 1102 3740 nos
1139 3688 1324 3742 collata
1366 3699 1518 3754 sunt,
1555 3692 1636 3746 vel
1672 3707 1790 3762 qum
1823 3692 2058 3761 quotidie

483 3772 790 3840 accipimus,
822 3775 902 3829 vel
932 3793 1049 3845 quae
1080 3777 1129 3830 in
1159 3778 1389 3834 futurum
1421 3785 1649 3852 reposita
1677 3793 1799 3838 sunt
1829 3783 1984 3849 bona,
2013 3785 2056 3838 si

484 3861 803 3917 voluerimus
841 3867 1082 3920 mamlata
1128 3869 1332 3924 Domini
1377 3888 1538 3940 opere
1575 3876 1863 3943 complere.
1898 3876 2060 3946 Igitur

487 3949 609 4004 hinc
642 3963 929 4020 exeuntes,
960 3958 1094 4010 istud
1126 3959 1174 4010 in
1205 3962 1386 4027 primis
1412 3964 1670 4030 agendum
1702 3965 1895 4034 quique
1935 3982 2057 4036 pro-

483 4051 716 4108 ponant,
749 4051 801 4098 et
830 4048 976 4113 quasi
1015 4048 1078 4100 ad
1123 4048 1422 4103 thesaurum
1466 4054 1750 4107 maximum
1780 4056 2054 4120 festinent,

483 4145 653 4198 neque
688 4132 770 4186 vel
813 4134 1085 4188 minimum
1122 4136 1384 4191 differant.
1417 4138 1631 4194 Etiamsi
1661 4142 1842 4198 labore
1868 4147 1948 4199 vel
1979 4148 2058 4199 in-

483 4221 767 4286 quisitionc
795 4222 876 4276 vel
899 4223 1053 4292 longo
1081 4227 1268 4281 itinere
1294 4246 1427 4297 Opus
1453 4233 1538 4294 sit,
1566 4233 1770 4288 etiamsi
1803 4237 2058 4291 molestia:

485 4313 665 4365 multa:
689 4313 815 4376 siut,
842 4317 1017 4369 omnia
1048 4317 1160 4371 [nec
1187 4320 1486 4375 auferamus
1515 4323 1907 4390 itm-.ediiuenta.
1935 4327 2057 4382 Uui-

484 4416 544 4454 ca
578 4402 728 4456 nobis
754 4418 878 4459 cura
908 4406 995 4472 sit,
1022 4411 1287 4479 quomodo
1319 4414 1619 4468 mandatum
1654 4413 1860 4470 Domini
1885 4419 2057 4473 adim-

483 4492 724 4559 pleamus
748 4537 762 4555 ,
794 4505 848 4550 et
873 4498 1186 4557 obedientite
1214 4505 1364 4559 nobis
1391 4505 1638 4562 efferatur
1667 4525 1893 4565 merces.
1922 4512 2054 4566 Num

485 4580 669 4649 ignoro
689 4597 845 4651 grave
866 4594 919 4640 et
941 4591 1216 4646 molestum
1243 4594 1428 4658 videri,
1454 4596 1516 4649 ad
1539 4614 1657 4652 eum
1683 4601 1770 4668 qui
1799 4598 2058 4657 hostiliter

482 4671 536 4723 in
566 4681 616 4725 te
644 4672 864 4730 affectus
889 4677 974 4742 sit,
1003 4681 1168 4748 abire,
1197 4698 1421 4752 eumque
1448 4701 1512 4739 eo
1537 4698 1676 4742 stare
1703 4699 1758 4744 et
1785 4691 1964 4759 loqui?
1992 4699 2057 4746 At

480 4760 526 4813 si
556 4761 787 4818 mandati
813 4765 1125 4835 cogitaveris
1150 4770 1457 4839 dignitatem
1487 4785 1540 4828 et
1568 4779 1827 4832 mercedis
1855 4783 2055 4850 magni-

484 4851 741 4920 tudinem,
770 4864 823 4910 et
849 4872 954 4926 quo
983 4867 1137 4927 pacto
1166 4875 1269 4916 non
1301 4862 1351 4914 in
1383 4861 1548 4929 illum,
1580 4868 1672 4921 sed
1701 4869 1753 4922 in
1791 4879 1840 4925 te
1870 4887 2054 4927 recur-

482 4951 603 4995 rant
628 4943 880 5001 beneficia
903 4988 917 5013 ,
949 4951 1126 5004 omnia
1156 4952 1246 5007 tibi
1273 4953 1403 5006 levia
1429 4963 1482 5009 et
1518 4955 1686 5012 facilia
1717 4961 2052 5018 videbuntur.

485 5032 607 5087 llaec
645 5033 802 5104 igitur
841 5038 892 5092 in
935 5041 1203 5097 mentibus
1248 5045 1443 5100 nostris
1483 5059 1782 5109 versantes.
1827 5067 2054 5110 consue-

483 5123 718 5178 tudinem
762 5139 992 5184 nostram
1030 5132 1300 5189 vincamus
1322 5177 1336 5201 ,
1367 5137 1554 5208 piaque
1585 5150 1762 5196 mente
1791 5143 2052 5201 dominica

485 5215 728 5268 mandata
761 5218 1173 5289 adimplcamus;
1204 5242 1306 5296 quo
1335 5239 1390 5282 et
1423 5246 1450 5280 a
1481 5231 1692 5286 Christo
1730 5240 2052 5294 remunerari

482 5319 800 5374 mereamur,
829 5314 991 5378 gratia
1031 5323 1084 5369 et
1113 5318 1467 5374 misericordia
1497 5322 1743 5380 bonitatis
1770 5327 1904 5395 ejus,
1932 5331 2050 5399 qui-

479 5409 598 5446 cum
623 5393 785 5463 Patri,
813 5409 865 5453 et
886 5413 1066 5458 sancto
1092 5407 1305 5476 Spiritui
1329 5411 1396 5463 sit
1420 5411 1605 5480 gloria,
1632 5393 1929 5485 imperium,
1947 5393 2053 5472 lto-

481 5499 599 5552 nor,
633 5503 768 5543 nunc
793 5499 843 5545 et
867 5507 1095 5564 semper,
1123 5507 1174 5551 et
1203 5499 1254 5552 in
1283 5501 1831 5562 sarcula'smculorum.
1857 5510 2047 5566 Arnen.

1176 235 1232 290 S.
1271 231 1548 289 JOANNIS
1596 223 2068 284 CHRYSOS'I'OMI
2125 223 2437 279 ARClllEP.
2478 223 3010 280 CONSTANTlNOP.

3615 233 3726 288 25â€˜!

2669 337 2940 393 IlOMILlA
2983 338 3216 394 XXVIII.

2153 471 2220 525 Et
2247 473 2371 526 dixit
2405 471 2651 526 Dominus
2675 472 2812 526 Deus
2832 478 2899 525 ad
2919 473 3050 536 Noe,
3075 485 3124 528 et
3142 475 3211 527 ad
3233 475 3367 544 filios
3390 479 3497 550 ejus
3511 497 3622 533 cum
3644 497 3724 540 eo.

2223 562 2391 614 dicens
2416 578 2429 616 :
2455 561 2587 615 Ecce
2609 579 2698 630 ego
2727 572 2889 615 statuo
2916 573 3438 620 testamentummeum
3455 570 3726 636 vobismet,

2221 662 2266 706 et
2295 670 2408 706 cum
2431 655 2618 707 semine
2641 665 2801 708 vestro
2829 665 2937 724 post
2962 671 3066 718 vos,
3094 667 3140 710 et
3177 660 3314 712 omni
3340 662 3524 715 anima:
3550 665 3731 720 virenti

2215 742 2477 796 vobiscum
2515 753 2616 797 tant
2648 746 2701 797 in
2733 746 3049 810 volucribus,
3086 764 3236 816 quant
3270 750 3323 802 in
3358 754 3651 824 pecudibus,
3682 770 3730 810 et

2221 833 2448 888 omnibus
2472 835 2638 889 bestiis
2663 846 2810 890 terra:
2831 835 2982 903 (Gen.
3015 837 3068 892 9.
3091 839 3125 894 8
3141 839 3315 915 -10).

2223 989 2273 1042 1.
2307 989 2430 1043 Heri
2460 992 2727 1059 proposita
2751 992 3139 1062 benedictione,
3173 1017 3330 1070 quam
3367 1018 3737 1076 consequutus

2150 1090 2232 1135 est
2262 1081 2372 1136 Noe
2399 1098 2427 1135 a
2457 1083 2712 1147 Domino;
2753 1086 2840 1154 qui
2871 1095 2990 1155 post
3017 1105 3288 1160 egressum
3319 1110 3382 1149 ex
3415 1111 3534 1150 arca
3561 1102 3728 1152 altari.-

2151 1173 2448 1240 aedificavit,
2488 1185 2543 1228 et
2579 1175 2771 1230 oblatis
2817 1177 2869 1232 in
2909 1183 3195 1250 gratiarum
3241 1187 3501 1240 aetionem
3541 1187 3727 1244 hostiis

2150 1275 2355 1332 gratum
2395 1266 2633 1321 exhibuit
2673 1268 2929 1334 animum,
2972 1273 3190 1327 ulterius
3229 1291 3400 1346 neque
3443 1279 3682 1348 progredi
3707 1321 3722 1344 ,

2153 1370 2323 1424 neque
2346 1351 2626 1412 lectionem
2660 1366 2823 1414 totam
2855 1376 3126 1428 enarrare,
3158 1381 3326 1433 neque
3351 1379 3599 1437 quantam
3628 1371 3726 1425 be-

2153 1447 2341 1515 nignus
2373 1448 2508 1502 Deus
2532 1464 2656 1518 erga
2677 1451 2876 1518 justum
2903 1453 3072 1507 virum
3101 1455 3476 1525 indulgentiam
3506 1467 3558 1512 et
3581 1461 3730 1514 solli-

2152 1536 2438 1590 citudinem
2469 1539 2787 1603 exhibuerit,
2815 1543 3099 1599 ostendere
3127 1546 3413 1613 potuimus.
3454 1547 3584 1603 Nam
3613 1564 3729 1604 ser-

2153 1643 2364 1682 monem
2413 1639 2672 1696 nostrum,
2703 1633 2824 1702 quia
2865 1633 3073 1704 longius
3114 1639 3447 1705 excurrebat,
3486 1641 3730 1696 celeriter

2151 1720 2492 1784 succidimus,
2524 1731 2583 1776 ut
2629 1738 2696 1778 ne
2737 1725 3072 1782 multitudine
3110 1728 3220 1797 jam
3260 1731 3519 1786 dictorum
3555 1746 3726 1788 vestra

2153 1813 2407 1866 memoria
2437 1800 2769 1878 obrueretur,
2804 1833 2908 1871 non
2934 1821 3049 1873 sine
3070 1821 3272 1889 jactura
3299 1838 3485 1877 eorum
3505 1840 3622 1894 qure
3647 1828 3726 1881 di-

2154 1903 2320 1957 cenda
2345 1914 2514 1959 erant.
2549 1905 2661 1960 Non
2690 1909 2831 1961 enim
2859 1909 2959 1962 hoc
2989 1911 3158 1964 solum
3182 1914 3333 1966 nobis
3359 1930 3503 1970 cum
3532 1917 3645 1983 fuit,
3676 1925 3730 1971 nt

2156 1994 2320 2046 multa
2346 1993 2643 2049 diceremus
2675 2013 2688 2048 :
2717 1997 2810 2050 sed
2852 2009 2909 2051 ut
2952 2008 3094 2053 tanta
3116 2042 3128 2062 ,
3163 2017 3277 2068 qum
3306 2003 3455 2057 vobis
3493 2005 3640 2059 facile
3664 2008 3732 2060 sit

2156 2095 2334 2138 mente
2353 2100 2542 2153 capere
2565 2127 2580 2151 ,
2611 2103 2716 2155 quo
2741 2103 2860 2142 cum
2894 2090 3042 2145 lucro
3071 2091 3193 2146 hinc
3220 2095 3368 2149 abire
3395 2095 3568 2150 liceat.
3602 2098 3729 2152 Nam

2155 2175 2197 2228 si
2232 2190 2328 2229 nos
2354 2175 2498 2243 plura
2525 2193 2680 2245 quam
2709 2193 2804 2246 par
2827 2180 2896 2234 sit
2919 2181 3235 2249 dixerimus,
3255 2191 3310 2238 et
3335 2199 3432 2240 vos
3461 2187 3589 2241 nihil
3613 2189 3733 2242 inde

2157 2263 2287 2318 lucri
2330 2267 2650 2333 percipiatis,
2695 2284 2814 2336 quae
2859 2270 3096 2324 utilitas?
3142 2272 3380 2329 Scientes
3430 2277 3604 2344 igitur,
3634 2295 3730 2332 nos

2158 2364 2372 2422 propter
2405 2365 2634 2411 vestram
2671 2359 2952 2414 utilitatem
2996 2362 3135 2416 hunc
3171 2363 3406 2418 laborem
3439 2367 3731 2435 suscipere,

2155 2452 2206 2498 et
2235 2443 2582 2501 sufficientem
2611 2462 2708 2502 nos
2734 2450 3032 2505 mercedem
3055 2453 3324 2521 accepisse
3353 2454 3616 2508 credimus
3635 2496 3650 2519 ,
3689 2457 3730 2509 si

2155 2544 2389 2590 vestrum
2428 2536 2697 2593 videamus
2736 2540 3048 2607 profectum,
3091 2550 3146 2596 et
3176 2558 3270 2597 vos
3308 2544 3588 2613 diligenter
3613 2562 3732 2614 qua:

2157 2624 2402 2680 dicuntur
2432 2636 2615 2684 tenere
2644 2631 2694 2683 in
2721 2630 2922 2685 sinibus
2949 2633 3109 2685 animi
3138 2635 3298 2687 vestri
3331 2637 3584 2702 reposita,
3606 2651 3736 2690 cono

2159 2715 2305 2770 tinuo
2329 2731 2392 2771 ea
2425 2730 2780 2775 memorantes
2819 2731 2872 2776 et
2915 2723 3261 2778 ruminantes.
3315 2725 3565 2779 Memoria
3591 2727 3732 2780 enim

2158 2808 2282 2861 olim
2313 2809 2574 2864 dictorum
2605 2810 2762 2866 faciet
2807 2822 2864 2866 ut
2901 2815 3088 2883 majori
3131 2815 3380 2871 facilitate
3399 2817 3621 2871 dicenda
3649 2833 3737 2869 Î¿Ï„Î¹.

2161 2913 2285 2965 pere
2323 2900 2550 2966 possitis,
2583 2911 2740 2970 atque
2778 2903 2850 2956 ita
2893 2919 3176 2975 progressu
3220 2907 3473 2976 temporis
3513 2917 3627 2962 cati
3647 2923 3736 2962 ros

2158 2991 2316 3043 etiam
2347 2990 2556 3046 docere.
2609 2994 2663 3046 lu
2707 2994 2806 3048 hoc
2842 2995 2983 3048 enim
3026 2996 3182 3064 plane
3217 2999 3546 3067 iuvigilamus
3573 3009 3626 3053 et
3653 3001 3735 3052 in-

2158 3081 2476 3145 cumbimus,
2512 3093 2566 3137 ut
2609 3099 2795 3139 omnes
2823 3101 2915 3142 vos
2954 3087 3173 3156 perfecti
3205 3099 3258 3143 et
3286 3092 3634 3144 consummati
3665 3092 3735 3144 si.

2159 3172 2247 3235 tis,
2270 3181 2323 3226 et
2351 3173 2482 3227 nihil
2507 3190 2688 3229 eorum
2715 3192 2831 3241 quae
2853 3177 2904 3231 in
2926 3179 3118 3233 divinis
3147 3181 3431 3250 Scripturis
3457 3185 3705 3236 contineo
3724 3215 3737 3226 -

2161 3271 2246 3316 tur
2272 3279 2364 3318 vos
2397 3266 2575 3320 lateat.
2621 3267 2826 3322 Etenim
2867 3284 3049 3324 eorum
3099 3271 3312 3336 notitia,
3355 3273 3398 3326 si
3429 3273 3613 3342 vigiles
3651 3289 3738 3326 so-

2161 3355 2365 3424 briique
2408 3372 2528 3410 esse
2567 3359 2815 3413 volumus
2839 3401 2854 3424 ,
2895 3371 2948 3414 et
2985 3361 3050 3414 ad
3097 3363 3331 3417 melioris
3365 3364 3485 3417 vita:
3533 3365 3736 3432 frugem

2162 3446 2448 3513 plurimum
2497 3449 2650 3503 nobis
2691 3451 2948 3515 conferet,
2986 3452 3376 3524 alacrioresque
3420 3455 3485 3507 ad
3532 3456 3739 3508 vit-tntis

2164 3535 2372 3590 labores
2413 3537 2627 3593 efficiet.
2671 3540 2801 3595 Nam
2831 3557 2952 3596 cum
2990 3543 3275 3599 doceamur
3304 3546 3550 3600 omnibus
3583 3546 3741 3615 jussis

2162 3642 2403 3696 magnam
2425 3630 2563 3698 apud
2593 3631 2756 3685 Deum
2783 3647 2901 3688 esse
2930 3633 3194 3700 fiduciam,
3222 3636 3310 3705 qui
3336 3635 3514 3690 afflicti
3540 3645 3595 3690 et
3619 3648 3736 3690 ten-

2165 3719 2254 3771 tati
2281 3732 2376 3787 per
2406 3729 2567 3774 totam
2592 3722 2753 3776 vitam
2784 3737 2955 3787 suam,
2991 3726 3293 3794 patientiam
3321 3735 3375 3782 et
3397 3737 3600 3797 gratum
3623 3728 3739 3782 ani-

2162 3825 2305 3862 muut
2347 3810 2700 3876 declararunt,
2732 3821 2787 3867 et
2824 3813 2900 3868 sic
2944 3817 3156 3882 praemia
3199 3826 3322 3871 sunt
3361 3817 3579 3884 adepti:
3609 3834 3740 3886 quo-

2162 3901 2320 3954 modo
2351 3917 2454 3954 non
2475 3911 2528 3957 et
2556 3903 2709 3958 nobis
2735 3920 2877 3960 cura:
2904 3906 3005 3960 erit
3027 3948 3042 3972 ,
3081 3918 3137 3960 ut
3165 3909 3406 3963 eamdem
3435 3909 3740 3964 incedanius

2162 3991 2318 4055 viam,
2347 4008 2452 4062 quo
2478 4003 2531 4048 et
2557 3994 2742 4049 eadem
2782 3998 2996 4064 pratmia
3028 3999 3401 4054 obtineamus?
3431 3999 3552 4054 Ideo
3579 4001 3738 4055 obses

2161 4097 2273 4149 cro,
2299 4094 2356 4139 ut
2376 4085 2609 4152 quotidie
2633 4087 2828 4156 aliquid
2850 4089 3067 4144 accedat
3094 4090 3214 4144 boni
3241 4092 3436 4159 operis,
3459 4101 3510 4146 et
3535 4102 3740 4145 crescat

2161 4183 2394 4229 vestrum
2421 4176 2698 4230 aedificium
2723 4179 3019 4246 spirituale,
3042 4194 3105 4233 ac
3125 4181 3258 4233 bona
3283 4195 3443 4248 Opera
3467 4197 3583 4249 quae
3611 4181 3736 4234 olim

2161 4265 2381 4330 fecistis,
2429 4278 2583 4324 caute
2624 4270 3010 4340 diligenterque
3057 4272 3397 4336 custodiatis,
3449 4283 3504 4327 et
3549 4273 3593 4326 si
3635 4288 3738 4341 qua

2161 4357 2335 4412 adhuc
2366 4358 2735 4414 desiderantur
2753 4362 3014 4428 adjiciatis
3033 4402 3047 4427 ,
3077 4372 3135 4416 ut
3157 4363 3235 4417 sic
3261 4360 3311 4416 in
3337 4378 3602 4417 summum
3634 4365 3737 4417 vir-

2162 4448 2288 4500 tutis
2328 4450 2649 4517 pervcniatis
2697 4451 2981 4521 fastigium,
3031 4454 3082 4506 in
3128 4463 3360 4508 nostram
3400 4455 3642 4524 gloriam,
3687 4457 3736 4508 iu

2161 4537 2558 4593 aedificationem
2589 4540 2854 4602 Ecclesize,
2882 4544 2932 4596 in
2959 4543 3211 4599 honorem
3234 4545 3447 4600 Christi.
3476 4547 3616 4600 Sane
3639 4563 3738 4616 ego

2160 4628 2345 4683 videns
2387 4630 2702 4700 inexplebile
2729 4642 2961 4687 vestrum
3003 4649 3124 4704 erga
3171 4635 3496 4702 spiritualem
3541 4636 3737 4691 doctri-

2161 4733 2281 4771 nam
2306 4718 2559 4786 studium,
2583 4721 2786 4775 etiamsi
2809 4724 3052 4778 conscius
3076 4725 3174 4778 sim
3198 4735 3399 4793 magna:
3420 4742 3552 4781 mea:
3575 4729 3731 4781 tcnui~

2162 4809 2301 4871 tatis,
2336 4825 2440 4865 non
2483 4812 2774 4866 intermitto
2809 4815 3042 4882 quotidie
3089 4818 3394 4872 convivium
3433 4834 3502 4873 ex
3543 4820 3736 4874 divinis

2159 4895 2443 4966 Scripturis
2462 4916 2738 4970 apparare,
2761 4911 2815 4957 et
2838 4918 3184 4974 quacumque
3209 4907 3300 4960 Dei
3325 4910 3491 4978 gratia
3521 4921 3736 4980 propter

2157 5003 2308 5042 suam
2332 4989 2702 5060 benignitatem
2727 5003 2780 5046 et
2806 5005 3033 5048 veSIram
3061 4997 3342 5052 utilitatem
3368 4999 3736 5068 suppeditave-

2159 5077 2246 5140 rit,
2273 5079 2458 5134 vestris
2483 5082 2698 5135 auribus
2724 5097 3040 5152 proponere.
3071 5087 3182 5156 Age
3207 5088 3366 5157 igitur
3389 5099 3443 5144 et
3469 5089 3625 5145 hodie
3655 5091 3736 5145 in-

2157 5167 2395 5223 dicemus
2423 5172 2627 5224 caritati
2652 5184 2843 5227 vestra:
2863 5175 3185 5231 eminentem
3217 5179 3306 5233 Dei
3335 5179 3732 5249 benignitatem,

2157 5277 2312 5329 quam
2362 5261 2594 5316 humano
2632 5266 2814 5332 generi
2857 5268 3097 5331 contulit,
3127 5279 3177 5323 et
3219 5271 3288 5323 ob
3331 5271 3379 5324 id
3417 5273 3572 5325 verba
3614 5291 3731 5339 qum

2157 5351 2297 5406 Deus
2321 5352 2384 5405 ad
2413 5352 2526 5407 Noe
2549 5353 2683 5408 dixit
2705 5355 3006 5411 atlâ€˜eramus.
3023 5359 3078 5412 8.
3104 5358 3165 5411 Et
3186 5360 3314 5413 dixit
3339 5359 3476 5413 Deus
3503 5363 3572 5414 at!
3595 5363 3728 5428 Noe,

2154 5451 2198 5494 et
2220 5443 2350 5507 ï¬lios
2366 5441 2522 5495 illius.
2553 5443 2834 5512 Postquam
2859 5445 3126 5502 benedixit
3142 5451 3306 5514 illum,
3332 5461 3384 5505 et
3408 5453 3544 5506 filios
3565 5454 3727 5520 illius,

2155 5539 2206 5584 et
2232 5530 2382 5594 dixit,
2414 5531 2630 5586 Crescite
2654 5545 2699 5587 et
2728 5537 3150 5604 multiplicamini,
3180 5551 3233 5594 et
3265 5542 3477 5594 tradidit
3503 5543 3604 5598 illis
3626 5544 3726 5599 do-

2159 5621 2375 5675 minium
2397 5637 2556 5692 super
2575 5623 2726 5679 bruta
2753 5629 2950 5692 omnia,
2981 5639 3400 5703 potestatemque
3419 5632 3562 5688 dedit
3588 5639 3737 5687 ais-ce
