4066 6140
397 233 497 290 εει
1580 221 1644 276 ΙΝ
1681 221 1832 276 CAP.
1875 218 1942 272 IX
1980 218 2055 273 ϐε

2169 218 2223 273 S.
2261 221 2488 278 IIOMIIH
2534 222 2760 279 XXVI".

398 349 507 401 τῶν
527 348 702 401 πάντα
729 345 878 414 λόγον
899 340 1498 416 ὑπερϐαινόντων,ά).λά
1524 340 1683 394 παντί
1706 337 1890 407 τρόπῳ
1909 334 2062 387 τοῦτο

400 429 743 502 κατορθῶσαι
775 429 1183 498 σπουδάξωμεν,
1213 427 1308 480 καὶ
1343 425 1657 495 βιασάμενοι
1684 423 1773 473 τὸν
1806 418 2062 488 λογισμὸν

401 516 778 586 παιδεύσωμεν
805 516 974 568 εἴκειν
1014 514 1092 583 τῷ
1119 513 1212 566 τοῦ
1246 512 1380 565 Θεοῦ
1418 510 1777 579 ἐπιτάγματι.
1813 505 1910 558 Διά
1955 503 2063 573 γὰρ

399 600 558 652 τοῦτο
603 598 756 666 κάγὼ
799 597 893 649 νῦν
940 595 1282 666 ἐποιησάμην
1329 593 1534 664 ταύτην
1575 593 1672 662 τὴν
1721 587 2061 660 παραίνεσιν,

401 682 496 734 καὶ
532 681 633 751 τὴν
671 679 986 750 παραϐολήν
1025 680 1106 734 εἰς
1146 679 1310 748 μέσον
1337 679 1564 749 ἤγαγον,
1603 673 1820 729 καὶτοῦ
1865 689 2064 742 κατορ-

403 766 651 836 θώματος
701 765 876 828 ἐδειξα
919 763 980 817 τὸ
1016 763 1265 832 μέγεθος,
1302 762 1393 815 καί
1433 761 1555 813 ὅσον
1590 760 1719 830 ἡμῖν
1766 759 1830 810 ἐκ
1873 756 2062 809 τούτου

403 850 590 921 κέρδος
621 850 852 917 γίνεται,
876 847 983 906 ἵνα,
999 848 1073 909 ὼς
1092 845 1170 898 ἐτι
1190 846 1399 915 καιρὸς,
1416 843 1644 906 ἕκαστος
1667 844 1699 913 ἡ
1709 841 1845 910 μῶν,
1877 841 1927 895 εἰ
1943 859 2061 894 τινα

401 931 514 1002 ἐχοι
536 931 815 1001 ἐχθρωδῶς
850 931 984 1002 πρὸς
1013 929 1172 982 αὑτὸν
1191 927 1547 997 διακείμενον,
1577 925 1808 994 σπουδὴν
1832 925 2061 996 ποιήση-

399 1033 490 1071 ται
514 1015 600 1067 διὰ
628 1015 726 1084 τῆς
760 1014 960 1082 πολλῆς
992 1012 1287 1082 θεραπείας
1316 1005 1641 1072 καταλλάξαι
1669 1008 1830 1062 αὐτὸν
1862 1007 2060 1077 ἐαυτῷ.

400 1097 511 1151 Καὶ
534 1098 606 1167 μή
645 1114 731 1166 μοι
759 1095 963 1164 λεγέτω
986 1113 1089 1161 τις,
1110 1096 1191 1147 ὅτι
1226 1094 1318 1146 καὶ
1345 1091 1490 1158 ἀπαξ
1520 1091 1613 1145 καὶ
1644 1091 1892 1161 δεύτερον
1921 1107 2062 1161 παρ-

399 1179 656 1245 εκάλεσα,
701 1177 794 1231 καὶ
819 1178 880 1230 οὑ
925 1177 1266 1247 προσήκατοο
1298 1176 1346 1227 εἰ
1377 1173 1484 1227 ἀπὸ
1531 1173 1874 1242 εἰλικρινείας
1907 1171 2062 1224 τοῦτο

402 1259 752 1329 πράττωμεν,
791 1259 865 1329 μή
898 1257 1044 1330 [9.68]
1085 1257 1347 1328 πρότερον
1376 1253 1732 1324 παυσώμεθα,
1773 1253 1962 1322 μέχρις
1996 1252 2061 1305 ἀν

399 1345 465 1411 τῇ
502 1342 667 1412 πολλῇ
703 1341 998 1413 προσεδρίᾳ
1026 1341 1370 1410 νικήσαντες,
1409 1335 1832 1407 ἐφελκυσώμεθα
1874 1335 2058 1397 αὑτὸν,

399 1423 494 1475 καὶ
533 1424 929 1494 ἀποστήσωμεν
974 1423 1074 1491 τῆς
1110 1422 1245 1494 πρὸς
1275 1423 1421 1491 ἡμᾶς
1467 1417 1780 1488 ἀπεχθείας.
1813 1418 1904 1487 Μὴ
1954 1417 2061 1487 γὰρ

400 1506 590 1575 ἐκείνῳ
618 1523 671 1557 τι
702 1503 1072 1575 χαριζόμεθα;
1110 1504 1202 1566 Εἰς
1236 1503 1381 1572 ἡμᾶς
1421 1500 1682 1554 διαϐαίνει
1725 1499 1793 1550 τὰ
1825 1500 1925 1568 τῆς
1967 1498 2059 1550 εὑ-

400 1590 680 1660 εργεσίας·
730 1588 823 1642 τοῦ
885 1587 1019 1641 Θεοῦ
1068 1586 1165 1658 τὴν
1224 1585 1435 1638 εὔνοιαν
1506 1580 1898 1650 ἐπισπώμεθα,
1951 1579 2059 1632 τῶν

400 1671 809 1742 ἁμαρτημάτων
830 1669 927 1739 τὴν
953 1667 1295 1738 συγχώρησιν
1321 1667 1527 1726 ἑαυτοῖς
1559 1661 2056 1734 προαποτιθέμεθα,

396 1753 706 1823 παρρησίαν
743 1752 942 1822 πολλὴν
975 1751 1110 1822 πρὸς
1141 1750 1231 1803 τὸν
1276 1749 1551 1818 Δεσπότην
1586 1750 1649 1800 ἐκ
1685 1747 1874 1798 τούτου
1921 1745 2060 1815 λαμο

389 1836 652 1905 ὔάνομεν.
686 1836 780 1887 Ἂν
830 1834 990 1886 τοῦτο
1033 1832 1488 1903 κατορθώσωμεν,
1537 1829 1876 1898 δυνησόμεθα
1925 1827 2060 1899 μετά

397 1917 640 1988 καθαροῦ
674 1917 972 1980 συνειδότος
1005 1917 1099 1969 καὶ
1126 1919 1190 1986 τῇ
1216 1918 1335 1986 ἱερᾷ
1366 1914 1538 1984 ταύτῃ
1567 1913 1660 1965 καὶ
1689 1912 1888 1982 φρικτῇ
1925 1928 2058 1982 τρα-

399 2000 536 2071 πέζῃ
576 2000 913 2070 προσελθεῖν,
962 2000 1057 2052 καὶ
1103 1998 1173 2051 τὰ
1212 2000 1429 2069 ῥήματα
1473 1998 1655 2049 ἐκεῖνα
1701 1995 1769 2048 τά
1817 1999 1884 2066 τῇ
1926 1996 2056 2066 εὐχῇ

399 2083 800 2150 συνεζευγμένα
851 2081 989 2152 μετὰ
1035 2081 1347 2152 παρρησίας
1396 2078 1748 2148 φθέγξασθαι.
1777 2078 1982 2130 Ἴσασιν
2010 2082 2056 2132 οἱ

400 2166 742 2235 μεμυημένοι
782 2165 843 2218 τὸ
887 2165 1200 2234 λεγόμενον.
1248 2163 1338 2215 Διὸ
1384 2161 1461 2232 τῷ
1515 2163 1744 2214 ἑκάστου
1799 2162 2057 2215 συνειδότι

399 2246 791 2317 καταλιμπάνω
832 2247 1051 2307 εἰδέναι,
1099 2245 1213 2308 πῶς
1256 2246 1352 2316 μέν
1383 2243 1800 2314 κατωρθωκότες
1838 2244 1934 2314 τὴν
1974 2245 2058 2296 ἐν-

387 2328 552 2399 πολὴν
588 2328 726 2399 μετά
756 2328 1062 2399 παρρησίας
1104 2328 1365 2398 προέσθαι
1405 2327 1578 2379 ταῦτα
1620 2326 1890 2396 δυνάμεθα
1919 2327 2058 2379 κατά

394 2409 488 2462 τόν
517 2411 704 2481 καιρὸν
748 2412 952 2463 ἐκεῖνον
979 2410 1070 2462 τὸν
1116 2409 1362 2480 φοϐερόν.
1416 2410 1477 2461 Εἰ
1525 2407 1581 2459 δέ
1617 2408 2053 2480 ρᾳθυμήσαιμεν,

397 2493 570 2564 πόσης
598 2497 730 2563 ἡμῖν
769 2496 866 2546 οὑκ
897 2494 962 2547 ἂν
1003 2495 1211 2562 γένοιτο
1241 2494 1615 2562 κατακρίσεως
1644 2493 1812 2544 αἴτιον
1840 2492 2058 2545 ἐναντία

395 2579 508 2639 τοῖς
551 2579 756 2646 ῥήμασι
794 2575 1296 2644 διαπραττομένοις,
1324 2575 1527 2645 τολμᾷν
1567 2574 1752 2637 ἁπλῶς
1795 2574 1888 2627 καί
1932 2574 2055 2644 είκῆ

397 2657 692 2727 προφέρειν
742 2657 808 2710 τέι
838 2657 936 2726 τῆς
977 2657 1140 2725 εὐχῆς
1187 2657 1441 2726 ῥήματα,
1496 2656 1589 2708 καί
1630 2657 1812 2724 μεῖζον
1846 2656 2058 2718 ἑαυτοῖς

395 2740 753 2810 ἐπισωρεύειν
788 2739 848 2792 τὸ
883 2740 1012 2808 πῦρ,
1044 2740 1139 2792 καὶ
1174 2739 1272 2808 τὴν
1305 2739 1674 2808 ἀγανάκτησιν
1712 2737 2056 2790 ἐκκαλεῖσθαι

396 2821 488 2873 τοῦ
516 2822 816 2886 Δεσπότου;
854 2821 1045 2899 Χαίρω
1076 2821 1169 2874 καὶ
1195 2820 1556 2891 εὐφραίνομαι
1584 2819 1722 2890 ὁρῶν
1755 2821 1898 2890 ὑμᾶς
1936 2821 2053 2890 μεθ’

397 2902 588 2973 ἡδονῆς
633 2903 928 2966 ἀκούοντας
971 2904 1041 2956 τὰ
1098 2903 1394 2974 λεγόμενα,
1445 2902 1539 2954 καὶ
1587 2901 1674 2952 διὰ
1710 2901 1804 2954 τοῦ
1862 2901 2056 2972 κρότου

395 2984 734 3049 δεικνύντας,
769 2987 848 3038 ὅτι
899 2987 1104 3056 ’έτοιμοι
1157 2986 1408 3054 γενέσθαι
1444 2984 1792 3049 σπουδάζετε,
1837 2986 1932 3038 καὶ
1979 2987 2058 3049 εἰς

398 3067 556 3137 ἔργον
580 3070 805 3137 ἀγαγεῖν
834 3070 928 3140 τὴν
951 3069 1272 3140 δεσποτικὴν
1298 3068 1499 3137 ταύτην
1526 3068 1862 3138 παραίνεσιν.
1889 3068 2058 3122 Τοῦτο

397 3149 504 3219 γάρ
534 3152 646 3202 ἐστι
677 3152 736 3204 τὸ
765 3153 993 3222 ἰατρεῖον
1023 3151 1130 3205 τῶν
1157 3151 1440 3222 ἡμετέρων
1483 3151 1692 3219 ψυχῶν,
1733 3151 1889 3204 τοῦτο
1919 3152 2057 3220 φάρ-

400 3249 572 3300 μακον
599 3235 710 3296 τοῖς
745 3234 1028 3303 ἡμετέροις
1053 3233 1380 3305 τραύμασιν,
1409 3233 1546 3302 αῦτη
1582 3231 1778 3303 ἀρίστη
1812 3232 1928 3294 ὁδὸς
1957 3233 2056 3302 τῆς

399 3314 534 3383 πρὸς
562 3315 650 3366 τὸν
697 3316 828 3368 Θεὸν
879 3317 1306 3386 εὐαρεστήσεως,
1348 3315 1505 3369 τοῦτο
1554 3315 1806 3385 μέγιστον
1860 3315 2055 3386 δεῖγμα

397 3395 644 3462 φιλοθέου
697 3399 895 3467 ψυχῆς,
940 3399 999 3451 τὸ
1029 3399 1114 3452 διά
1145 3399 1234 3451 τὸν
1265 3396 1355 3450 τοῦ
1387 3399 1653 3449 Δεσπότου
1685 3398 1846 3465 νόμον
1879 3397 2056 3453 πάντα

397 3474 817 3544 καταδέχεσθαι,
861 3478 953 3530 καὶ
995 3477 1070 3547 μὴ
1095 3476 1459 3547 ὑποσύρεσθαι
1493 3476 1598 3528 ὑπὸ
1622 3477 1720 3545 τῆς
1758 3477 1864 3529 τῶν
1910 3476 2055 3544 λογι-

399 3556 550 3624 σμῶν
576 3557 854 3620 ἀσθενείας
874 3597 890 3622 ,
926 3558 1039 3611 ἀλλ’
1067 3558 1368 3629 ἀνωτέρους
1396 3558 1640 3626 γίνεσθαι
1689 3557 1798 3610 τῶν
1845 3557 2054 3621 παθῶν,

398 3639 707 3702 ἐννοοῦντας
731 3640 828 3703 τὰς
853 3643 936 3709 ἐφ’
963 3641 1196 3710 ἑκάστης
1229 3641 1438 3711 ἡμέρας
1477 3641 1626 3709 παρὰ
1671 3641 1764 3694 τοῦ
1811 3641 1945 3694 Θεοῦ
1979 3645 2056 3706 εἰς

397 3717 545 3784 ἡμᾶς
595 3719 910 3786 εὐεργεσίας
950 3719 1338 3789 γεγενημένας.
1387 3719 1494 3770 Καὶ
1532 3720 1746 3789 ὅσῳπερ
1773 3732 1797 3759 ει
1829 3720 1895 3772 ἂν
1941 3721 2057 3772 ἐπι-

396 3793 716 3864 δειξώμεθα,
745 3797 864 3850 οὐδέ
891 3797 952 3849 τὺ
983 3797 1270 3854 πολλοστὸν
1298 3795 1497 3864 φθάσαι
1527 3797 1688 3866 μέρος
1717 3797 2056 3866 δυνησόμεθα

395 3872 503 3925 τῶν
545 3891 602 3926 τε
635 3875 736 3944 ήδη
771 3874 1221 3946 παρασχεθέντων
1262 3877 1408 3943 ἡμῖν,
1438 3873 1544 3926 τῶν
1586 3892 1641 3926 τε
1672 3874 1792 3928 καθ’
1822 3876 2057 3947 ἑκάστην

395 3951 607 4022 ἡμέραν
658 3955 739 4016 εἰς
776 3955 922 4023 ἡμᾶς
958 3953 1277 4022 γινομένων,
1327 3954 1420 4005 καὶ
1456 3952 1564 4004 τῶν
1616 3954 2056 4022 τεταμιευμένων

394 4033 526 4102 ἡμῖν
564 4035 804 4101 ἀγαθῶν,
856 4037 902 4088 εἰ
951 4034 1340 4104 βουληθείημεν
1378 4035 1456 4097 εἰς
1503 4034 1663 4105 ἔργον
1713 4036 1940 4104 ἀγαγεῖν
1987 4037 2055 4089 τὰ

397 4116 527 4184 παρ’
571 4117 734 4169 αὐτοῦ
789 4117 1258 4188 προστεταγμέναε
1286 4119 1553 4180 Ἕκαστος
1591 4117 1766 4170 τοίνυν
1805 4119 2054 4172 ἐντεῦθεν

397 4197 576 4263 ἐξιὼν,
620 4199 777 4270 ἔργον
813 4201 967 4252 τοῦτο
1001 4199 1336 4269 ποιησάσθω,
1383 4201 1476 4252 καὶ
1521 4200 1596 4263 ὡς
1642 4201 1733 4252 ἐπὶ
1783 4200 2053 4272 θησαυρὸν

398 4279 652 4346 μέγιστον
687 4279 984 4342 σπευδέτω,
1029 4282 1122 4333 καὶ
1163 4281 1294 4349 μηδὲ
1337 4281 1396 4331 τδ
1446 4281 1607 4349 τυχὸν
1653 4279 2049 4333 ἀναϐαλλέσθω.

394 4360 514 4413 Κᾶν
542 4365 733 4432 καμεῖν
775 4363 885 4433 δέῃ,
915 4363 1028 4426 ,κάν
1059 4363 1310 4433 ζητῆσαι,
1352 4364 1457 4417 κᾶν
1505 4363 1719 4435 μακρὰν
1747 4365 1864 4418 ὁδὸν
1890 4364 2054 4417 ἀπελ-

394 4443 524 4507 θεῖν,
573 4444 675 4497 κᾶν
703 4446 977 4498 δυσκολίαι
1020 4447 1162 4506 τινὲς
1191 4440 1312 4511 ὦσι,
1348 4447 1524 4500 πάντα
1566 4446 1734 4499 ταῦτα
1777 4448 1844 4500 τά
1875 4447 2053 4500 κωλύ-

395 4538 539 4588 ματα
593 4523 886 4594 ἀνέλωμεν.
928 4525 1076 4586 Ἐνὸς
1125 4527 1284 4594 μόνου
1333 4526 1629 4596 γινώμεθα,
1664 4527 1777 4590 πῶς
1815 4527 1872 4578 τὸ
1905 4526 2053 4596 παρά

392 4599 486 4652 τοῦ
528 4604 796 4657 Δεσπότου
831 4603 1116 4672 ἐπιταχθὲν
1151 4605 1230 4666 εἰς
1267 4604 1426 4675 ἔργον
1457 4607 1681 4674 ἀγαγεῖν
1711 4605 2049 4675 δυνηθῶμεν,

392 4681 486 4733 καὶ
525 4685 622 4751 τῆς
657 4685 902 4754 ὑπακοῆς
939 4685 1028 4738 τὸν
1061 4675 1250 4754 μισθὸν
1291 4686 1638 4755 κομίσασθαι.
1673 4687 1764 4754 Μὴ
1804 4686 1911 4755 γὰρ
1951 4688 2050 4739 οὑκ

390 4757 506 4812 οἶδα
539 4762 618 4813 ὅτι
655 4762 790 4833 βαρὺ
823 4765 915 4816 καί
943 4763 1176 4833 ἐπαχθὲς
1206 4764 1449 4832 φαίνεται
1478 4764 1539 4816 τὸ
1571 4763 1706 4833 πρὸς
1737 4763 1829 4815 τὸν
1855 4763 2054 4834 ἐχθρω-

390 4837 496 4899 δῶς
528 4839 864 4908 διακείμενον
891 4843 984 4894 καὶ
1029 4843 1298 4911 πολεμίως
1327 4842 1578 4894 ἀπελθεῖν
1610 4843 1703 4894 καί
1736 4841 1926 4910 στῆναι
1957 4844 2050 4894 καὶ

390 4915 766 4985 διαλεχθῆναις
805 4919 945 4971 Ἀλλ’
987 4920 1078 4972 ἐάν
1121 4921 1380 4992 ἐννοήσῃς
1417 4919 1510 4972 τοῦ
1545 4919 1956 4987 ἐπαγγέλματος
1992 4920 2051 4971 τὸ

391 4995 628 5062 ἀξίωμα,
673 4995 767 5047 καί¹
797 4997 897 5063 τῆς
921 4997 1153 5066 ἀμοιϐῆς
1196 4999 1256 5050 τὸ
1300 4998 1556 5066 μέγεθος,
1599 4999 1693 5051 καὶ
1723 4999 1806 5050 ὄτι
1842 4998 1941 5049 οὑκ
1973 4997 2052 5060 εἰς

391 5075 615 5139 ἐκεῖνον,
638 5074 750 5125 ἀλλ’
778 5075 857 5136 εἰς
890 5075 950 5126 σὲ
970 5075 1256 5145 ἀνατρέχει
1281 5075 1348 5129 τά
1379 5079 1478 5147 τῆς
1506 5077 1844 5146 εὐεργεσίας.
1875 5076 2051 5130 πάντα

391 5169 472 5205 σοι
501 5151 678 5221 κοῦφα
709 5153 803 5204 καὶ
833 5153 992 5221 ῥᾴδια
1024 5156 1289 5220 φανεῖται.
1315 5153 1496 5207 Ταῦτα
1520 5154 1698 5207 τοίνυν
1729 5155 2050 5224 στρέφοντες

388 5231 446 5284 ἐν
492 5234 601 5293 τοῖς
647 5231 921 5300 λογισμοῖς
963 5233 1074 5293 τοῖς
1121 5231 1440 5303 ἡμετέροις,
1494 5233 1900 5302 περιγινώμεθα
1948 5233 2048 5302 τῆς

390 5310 693 5380 συνηθείας,
727 5311 822 5364 καὶ
858 5309 1350 5396 εὐσεϐεῖοὶργὶισμῶ
1389 5312 1494 5364 τῶν
1533 5311 2046 5396 ἐπιξαγμάτρυνθτοῦ

391 5378 624 5450 Χριστοῦ
667 5381 949 5452 πληρωταί
978 5378 1277 5449 γινώμεθα,
1321 5378 1405 5434 ἵνα
1455 5383 1548 5433 καὶ
1585 5381 1692 5433 τῶν
1728 5378 1859 5449 παρ’
1882 5379 2046 5433 αὑτοῦ

389 5458 628 5527 ἀμοιϐῶν
674 5459 1011 5528 ἀξιωθῶμεν,
1053 5457 1232 5528 χάριτι
1265 5461 1358 5512 καί
1407 5458 1784 5529 φιλανθρωπῖᾳ
1814 5459 1912 5527 τῆς
1946 5459 2046 5512 αὑ-

389 5535 481 5587 τοῦ
503 5537 850 5606 ἀγαθότητος,
874 5536 990 5606 μεθ’
1003 5533 1064 5591 οῦ
1090 5537 1166 5606 τῷ
1191 5538 1364 5607 Πατρί
1379 5537 1493 5606 ἅμα
1509 5536 1586 5606 τῷ
1607 5536 1745 5605 ἁγίῳ
1770 5535 2046 5605 Πνεύματο.

388 5615 531 5679 δόξα,
573 5616 789 5684 κράτος,
829 5617 982 5684 τιμὴ,
1016 5616 1110 5670 νῦν
1159 5617 1250 5670 καὶ
1284 5617 1368 5669 ἀεὶ
1431 5616 1524 5689 καὶ
1569 5616 1650 5677 εἰς
1689 5616 1813 5677 τοὺς
1845 5616 2044 5676 αἰῶνας

389 5692 496 5744 τῶν
532 5693 759 5746 αἰώνων.
798 5696 848 5745 Ἀ
864 5696 992 5762 μήν.

455 5781 644 5832 ειεωιι.
678 5782 795 5844 conj.
832 5783 1022 5846 ὅσαπερ.

704 5868 974 5929 Ρηιιοι.
1011 5868 1054 5928 0
1069 5887 1124 5929 ιι.
1166 5868 1321 5932 LIII.
1911 5884 1986 5922 τρε

3724 224 3825 278 ιιςυ

2697 340 2936 393 OMIAIA
2977 340 3088 393 κη’
3125 334 3298 412 [-269].

2172 428 2276 478 Καὶ
2307 427 2474 480 εἶπεν
2508 431 2540 479 (5
2573 427 2712 492 Θεὸς
2749 427 2828 492 τῷ
2859 424 3004 488 Νῶε,
3032 429 3128 481 καί
3161 428 3284 492 τοῖς
3314 426 3463 493 υἱοῖς
3491 429 3673 481 αὑτοῦ
3701 431 3824 496 μετ’

2240 499 2444 562 αὑτοῦ,
2477 499 2670 566 λέγων
2689 513 2702 529 ·
2736 499 2841 551 Κιιί
2873 497 2999 567 ἰδοὺ
3027 496 3141 567 ἐγὼ
3164 497 3442 567 ἀνίστημι
3471 497 3586 565 τὴν
3622 498 3826 567 διαθή-

2240 584 2357 634 κην
2388 585 2506 636 μου
2539 569 2697 636 ὑμῖν,
2728 568 2824 620 καί
2856 566 2936 632 τῷ
2962 566 3256 636 σπέρματι
3298 566 3463 635 ὑμῶν
3493 569 3622 635 μεθ’
3649 566 3825 636 ὑμᾶς,

2240 637 2339 688 κ(ιί
2373 637 2540 703 πάσῃ
2577 636 2749 706 ψυχῇ
2795 637 2948 703 ζώσῃ
2982 638 3110 706 μεθ’
3131 636 3317 704 ὑμῶν,
3347 638 3467 690 ἀπό
3507 654 3570 690 τε
3607 637 3829 706 ὀρνέων

2240 706 2337 758 καί
2373 706 2492 759 ἀπὸ
2524 704 2777 775 κτηνῶν,
2811 705 2909 759 καὶ
2945 704 3096 761 πᾶσι
3137 707 3258 772 τοῖς
3293 707 3518 773 θηρίοις
3553 705 3664 774 τῆς
3692 707 3826 776 γῆς.

2236 799 2303 844 α’.
2327 794 2436 865 Τήν
2453 794 2698 862 εὐλογίαν
2725 795 2802 856 εἰς
2828 793 2890 846 τὸ
2908 793 3070 863 μέσον
3095 792 3385 863 προθέντες
3401 793 3546 862 χθὲς,
3577 789 3645 865 ἧς
3660 795 3687 846 ὁ
3704 796 3829 847 Νῶε

2169 873 2372 944 ἠξιώθη
2421 877 2570 947 παρὰ
2604 877 2696 928 τοῦ
2735 876 3002 929 Δεσπότου
3040 876 3176 944 μετά
3223 875 3321 945 τήν
3368 875 3545 939 ἔξοδον
3583 877 3679 947 τὴν
3718 877 3829 931 ἀπὸ

2169 957 2267 1024 τῆς
2300 958 2530 1011 κιϐωτοῦ
2566 958 2948 1030 θυσιαστήριον
2981 957 3364 1028 οἰκοδομήσας,
3393 959 3487 1011 καὶ
3519 959 3618 1022 τὰς
3666 960 3830 1030 εὐχα-

2172 1039 2477 1108 ριστηρίους
2521 1040 2710 1104 θυσίας
2751 1039 3062 1108 ἀναγαγὼν,
3098 1041 3192 1093 καὶ
3240 1039 3338 1111 τὴν
3372 1041 3577 1096 οἰκείαν
3620 1043 3828 1111 εὐγνω-

2172 1120 2406 1190 μοσύνην
2435 1122 2856 1193 ἐπιδειξάμενος,
2886 1123 2986 1176 οὑκ
3027 1122 3324 1193 ἰσχύσαμεν
3359 1123 3667 1196 περαιτέρω
3698 1143 3830 1197 προ-

2168 1203 2362 1264 ελθεῖν,
2411 1205 2506 1257 καὶ
2559 1206 2719 1258 παντί
2770 1205 3072 1268 ἐπεξελθεῖν
3135 1205 3212 1276 τῷ
3271 1205 3695 1274 ἀναγνώσματι,
3735 1209 3828 1261 καὶ

2166 1283 2336 1349 δεῖξαι
2361 1287 2454 1338 τοῦ
2487 1287 2865 1359 φιλανθρώπου
2899 1288 3033 1341 Θεοῦ
3055 1288 3154 1359 τὴν
3183 1291 3587 1357 συγκατάϐασιν
3613 1291 3706 1344 καὶ
3730 1292 3830 1361 τὴν

2167 1367 2510 1438 κηδεμονίαν,
2556 1371 2622 1440 ῆν
2674 1370 2803 1438 περὶ
2839 1371 2931 1423 τὸν
2977 1371 3182 1425 δίκαιον
3235 1372 3566 1438 ἐπεδείξατο.
3608 1372 3827 1444 Ἐπειδὴ

2167 1449 2275 1519 γάρ
2302 1452 2382 1514 εἰς
2415 1451 2546 1504 πολὺ
2583 1453 2754 1522 μῆκος
2796 1455 2929 1523 ἡμῖν
2956 1456 2984 1506 ὁ
3010 1454 3166 1522 λόγος
3212 1454 3460 1523 ἐξετάθη,
3491 1454 3703 1523 ταχέως
3732 1457 3829 1508 αὑο

2164 1532 2256 1585 τὸν
2291 1533 2725 1604 συνεστείλαμεν,
2754 1534 2894 1588 ὥστε
2927 1536 3000 1605 μὴ
3042 1535 3119 1606 τῷ
3149 1535 3338 1605 πλήθει
3371 1536 3688 1606 καταχῶσαι
3732 1536 3829 1608 τὴν

2170 1617 2389 1686 μνήμην
2415 1615 2587 1685 ὑμῶν,
2625 1617 2757 1686 μηδὲ
2791 1621 2903 1678 τοῖς
2938 1616 3074 1687 μετά
3113 1616 3284 1670 ταῦτα
3310 1617 3624 1686 λεγομένοις
3651 1618 3828 1687 λυμή-

2167 1698 2359 1751 νασθαι
2380 1701 2614 1770 τοῖςηήδη
2650 1700 2910 1769 ῥηθεῖσιν.
2936 1701 3070 1754 υύδέ
3102 1701 3210 1772 γὰρ
3239 1700 3396 1754 τοῦτο
3421 1701 3608 1764 ἁπλῶς
3637 1703 3829 1753 ἐσπου-

2165 1779 2404 1852 δάσαμεν
2434 1784 2614 1852 μόνον,
2643 1784 2702 1836 τὸ
2733 1784 2904 1838 πολλά
2947 1785 3139 1848 εἰπεῖν,
3168 1783 3302 1836 ἀλλά
3356 1783 3590 1837 τοσαῦτα
3642 1783 3826 1853 βουλό-

2169 1862 2307 1932 μεθα
2339 1864 2534 1933 λέγειν,
2559 1867 2658 1920 ὅσα
2689 1867 2908 1920 δυνατὸν
2943 1869 3036 1920 καὶ
3075 1867 3216 1936 ὑμᾶς
3243 1869 3309 1938 τῇ
3349 1867 3536 1938 μνήμῃ
3572 1885 3824 1937 παρακα-

2164 1947 2404 2014 τασχεῖν,
2434 1947 2528 2000 καὶ
2556 1949 2917 2017 κερδάναντας
2944 1947 3192 2002 ἐντεῦθεν
3230 1949 3502 2003 ἀπελθεῖν.
3541 1950 3601 2001 Εἰ
3627 1953 3735 2022 γὰρ
3763 1951 3825 2022 ὀὴ

2169 2027 2432 2098 μέλλομεν
2462 2029 2554 2082 καὶ
2608 2033 2767 2101 ἡμεῖς
2827 2032 3046 2086 πλείονα
3090 2029 3185 2083 τοῦ
3233 2031 3446 2094 δέοντος
3492 2031 3690 2099 λέγειν,
3732 2036 3827 2086 καὶ

2165 2111 2321 2178 ὑμεῖς
2351 2111 2515 2182 μηδὲν
2546 2115 2610 2166 ἐκ
2647 2115 2754 2167 τῶν
2784 2114 3088 2186 λεγομένων
3117 2115 3479 2184 καρποῦσθαι,
3510 2117 3563 2169 τί
3605 2117 3665 2169 τὸ
3696 2117 3825 2186 ὀφε-

2165 2190 2284 2258 λος;
2319 2193 2528 2258 Εἰδότες
2555 2196 2732 2249 τοίνυν
2772 2199 2852 2251 ὅτι
2879 2197 2968 2251 διά
3002 2197 3100 2268 τὴν
3127 2199 3392 2267 ὠφέλειαν
3431 2200 3528 2270 τὴν
3557 2201 3825 2271 ὑμετέραν

2163 2273 2351 2327 τοῦτον
2402 2275 2770 2346 ἀνεδεξάμεθα
2817 2279 2908 2332 τὸν
2967 2280 3242 2350 κάματον,
3297 2283 3391 2334 καὶ
3447 2283 3825 2353 αὑταρκοῦσαν

2165 2355 2396 2426 ἀμοιϐὴν
2429 2358 2706 2428 εἰληφέναι
2743 2360 3052 2432 νομίζομεν,
3095 2365 3143 2416 εἰ
3173 2363 3271 2434 τὴν
3305 2365 3572 2434 ὑμετέραν
3615 2367 3826 2420 θεασοί-

2167 2439 2306 2508 μεοα
2355 2442 2636 2512 προκοπὴν
2685 2445 2822 2512 μετά
2872 2445 3155 2516 ἀκριϐείας
3189 2449 3520 2517 κατέχουσαν
3553 2449 3623 2501 τὰ
3673 2451 3827 2518 λεγό-

2167 2539 2336 2590 μενα.»
2371 2525 2463 2576 καὶ
2494 2527 2552 2577 ἐν
2585 2528 2696 2589 τοῖς
2739 2527 2957 2602 κόλποις
2999 2529 3098 2596 τῆς
3146 2530 3416 2600 ὑμετέρας
3464 2531 3703 2595 διανοίας
3739 2535 3827 2585 ἐν-

2163 2603 2425 2656 απόθεσθε
2461 2607 2699 2676 συνεχῶς
2729 2608 2900 2662 ταῦτα
2944 2610 3216 2674 κινοῦντες
3250 2613 3344 2664 καὶ
3386 2605 3824 2684 ἀναμαρυκώμε-

2164 2702 2243 2737 νοι
2267 2685 2315 2739 ι).
2353 2688 2418 2740 Ἢ
2452 2689 2560 2758 γὰρ
2595 2692 2781 2761 μνήμη
2810 2693 2918 2744 τῶν
2959 2693 3060 2761 ’ήδη
3101 2694 3372 2763 ῥηθέντων
3415 2695 3823 2766 παρασκευάσει

2093 2821 2098 2827 _
2167 2767 2304 2835 μετά
2330 2767 2570 2832 πλείονος
2600 2771 2844 2836 εὐκολίας
2891 2773 3033 2843 ὑμᾶς
3062 2775 3306 2843 δέχεσθαι
3337 2777 3428 2829 καί
3463 2777 3530 2829 τά
3563 2777 3824 2846 μέλλοντα

2165 2851 2522 2919 ῥηθήσεσθαι,
2553 2853 2646 2905 καὶ
2674 2852 2816 2905 οὑτω
2839 2853 2931 2906 τοῦ
2966 2855 3159 2924 χρόνου
3191 2857 3470 2926 προϊόντος
3499 2860 3592 2911 καί
3620 2860 3822 2929 ἑτέροις

2163 2931 2467 2988 διδάσκαλοι
2498 2937 2807 3006 γενήσεσθε.
2839 2937 3008 2990 Τοῦτο
3052 2937 3161 3007 γάρ
3201 2939 3358 3008 ἡμῶν
3399 2941 3431 3010 ἡ
3466 2943 3616 2994 πᾶσα
3657 2943 3824 3012 ἀγρυ-

2164 3016 2294 3069 πνία
2329 3020 2421 3072 καί
2467 3020 2499 3089 ἡ
2549 3019 2781 3090 σπουδὴ,
2829 3018 2970 3072 ὥστε
3018 3021 3225 3084 πάντας
3259 3022 3402 3090 ὑμᾶς
3449 3024 3686 3082 τελείους
3731 3027 3824 3078 καὶ

2164 3101 2603 3172 ἀπηρτισμένους
2631 3101 2900 3170 γενέσθαι,
2927 3102 3018 3155 καὶ
3049 3103 3213 3174 μηδὲν
3239 3104 3382 3173 ὑμᾶς
3413 3104 3693 3158 λανθάνειν
3717 3107 3825 3158 τῶν

2163 3185 2221 3236 ἐν
2252 3185 2373 3246 ταῖς
2413 3184 2583 3248 θείαις
2611 3187 2853 3256 Γραφαῖς
2892 3186 3182 3255 κειμένων.
3227 3187 3287 3238 Ἢ
3323 3188 3430 3257 γάρ
3466 3188 3667 3240 τούτων
3693 3190 3824 3257 γνῶ-

2165 3283 2270 3329 σις,
2300 3268 2347 3318 εἰ
2378 3265 2769 3338 βουληθείημεν
2797 3268 2986 3337 νήφειν
3015 3269 3108 3322 καὶ
3139 3270 3514 3338 ἐγρηγορέναι,
3554 3271 3645 3323 καὶ
3686 3272 3822 3340 πρὸς

2161 3348 2262 3418 τὴν
2307 3349 2535 3420 ἀρίστην
2568 3349 2844 3402 πολιτείαν
2887 3351 2956 3403 τὰ
2995 3349 3224 3420 μέγιστα
3263 3352 3392 3420 ἡμῖν
3435 3351 3820 3420 συμϐαλεῖται,

2165 3430 2258 3484 καὶ
2298 3431 2738 3502 προθυμοτέρους
2780 3433 3071 3502 ἐργάσεται
3130 3431 3266 3502 πρὸς
3310 3434 3434 3496 τοὺς
3484 3434 3578 3502 τῆς
3625 3435 3822 3504 ἀρετῆς

2165 3513 2376 3576 πόνους.
2408 3514 2577 3567 Ὅταν
2627 3514 2736 3586 γὰρ
2784 3514 3159 3584 παιδευθῶμεν
3196 3516 3278 3565 ὅτι
3315 3514 3539 3578 ἕκαστος
3587 3516 3692 3568 τῶν
3745 3517 3822 3569 δι-

2163 3595 2334 3648 καίων
2376 3595 2486 3647 τῶν
2515 3596 2714 3666 πολλὴν
2746 3596 3058 3666 παρρησίαν
3089 3595 3222 3665 πρὸς
3256 3596 3344 3648 τὸν
3383 3597 3513 3649 Θεὸν
3547 3601 3822 3669 κτησαμέ-

2164 3695 2290 3741 νων,
2318 3676 2407 3729 διά
2449 3678 2768 3749 πειρασμῶν
2811 3680 2905 3731 καὶ
2943 3677 3171 3746 θλίψεων
3217 3678 3439 3740 ὁδεύσας
3471 3679 3688 3734 ἅπαντα
3730 3683 3821 3734 τὸν

2166 3759 2297 3827 βίον,
2342 3761 2436 3812 καὶ
2484 3759 2683 3829 πολλὴν
2725 3760 2822 3830 τὴν
2879 3760 3154 3829 ὑπομονὴν
3195 3761 3289 3811 καὶ
3331 3761 3428 3830 τὴν
3474 3761 3822 3833 εὐχαριστίαν

2163 3841 2586 3911 ἐπιδειξάμενος,
2612 3841 2754 3895 οὕτω
2777 3843 2882 3894 τῶν
2911 3842 3154 3912 ἀμοιϐὦν
3180 3842 3404 3912 ἠξιώθη,
3435 3843 3552 3905 πῶς
3578 3846 3698 3913 οὐχί
3728 3848 3823 3899 καὶ

2165 3923 2316 3975 αὐτοὶ
2351 3923 2717 3992 σπουδάσομεν
2748 3935 2768 3961 ε
2805 3923 2900 3994 τὴν
2941 3925 3109 3994 αὐτὴν
3147 3925 3326 3987 αὑτοῖς
3355 3926 3472 3978 ὁδὸν
3512 3926 3703 3992 ἐλθεῖν,
3738 3929 3823 3981 ἵνα

2165 4005 2255 4057 καὶ
2283 4007 2391 4058 τῶν
2422 4006 2597 4058 αὐτῶν
2625 4007 2804 4069 αὐτοῖς
2830 4007 3079 4076 τύχωμεν
3100 4007 3377 4077 ἀμοιϐῶν;
3406 4008 3492 4062 Διὸ
3521 4010 3823 4078 παρακαλῶ

2164 4087 2282 4140 καθ’
2308 4089 2541 4157 ἐκάστην
2581 4089 2797 4159 ἡμέραν
2836 4091 3150 4160 προσθήκην
3183 4091 3305 4145 τινὰ
3344 4093 3690 4162 ἐργάζεσθαι.
3729 4097 3821 4148 καὶ

2161 4169 2340 4234 αὔξειν
2366 4171 2518 4239 ὑμῶν
2557 4170 2653 4241 τήν
2693 4170 2832 4224 κατά
2864 4171 2994 4224 Θεὸν
3017 4174 3321 4244 οἰκοδομήν,
3355 4180 3447 4228 καί
3487 4176 3555 4228 τά
3594 4176 3691 4246 μὲν
3720 4178 3820 4246 ήδη

2161 4253 2570 4323 κατορθωθέντα
2612 4255 2746 4323 μετά
2771 4255 3066 4323 ἀσφαλείας
3097 4258 3189 4309 καὶ
3219 4257 3416 4328 πολλῆς
3456 4259 3550 4328 τῆς
3578 4259 3820 4329 φυλακῆς

2159 4337 2450 4408 διατηρεῖν,
2501 4339 2568 4390 τά
2609 4338 2665 4391 δὲ
2699 4339 2950 4392 λείποντα
3001 4341 3361 4410 προστιθέναι,
3399 4342 3485 4394 ἵνα
3531 4341 3702 4405 οὕτως
3741 4346 3821 4406 εἰς

2160 4419 2327 4489 αὐτὴν
2368 4420 2464 4489 τὴν
2499 4420 2741 4491 κορυφὴν
2777 4422 2876 4490 τῆς
2908 4423 3107 4492 ἀρετῆς
3138 4423 3397 4493 φθάσητε,
3445 4425 3525 4486 εἰς
3561 4425 3820 4494 καύχημα

2161 4501 2446 4573 ἡμέτερον,
2481 4504 2560 4565 εἰς
2589 4504 2871 4575 οἰκοδομὴν
2893 4505 2990 4574 τῆς
3023 4505 3363 4576 Ἐκκλησίας,
3399 4508 3478 4568 εἰς
3505 4507 3662 4571 δόξαν
3688 4510 3820 4578 Χρι-

2162 4584 2310 4638 στοῦ.
2340 4585 2450 4638 Καὶ
2482 4586 2589 4654 γὰρ
2619 4586 2758 4656 ὁρῶν
2793 4586 2944 4655 ὑμῶν
2974 4587 3034 4639 τὸ
3061 4587 3352 4656 ἀκόρεστον
3381 4588 3510 4658 περί
3539 4589 3635 4658 τὴν
3656 4607 3818 4642 πνευ-

2163 4667 2397 4738 ματικὴν
2433 4668 2794 4730 διδασκαλίαν,
2847 4668 2906 4720 οὑ
2947 4667 3093 4739 [270]
3136 4670 3374 4740 παύομαι
3418 4669 3538 4722 καθ’
3584 4671 3818 4738 ἐκάστην

2158 4751 2394 4820 ἡμέραν,
2441 4750 2616 4802 καίτοι
2648 4752 2835 4802 πενίαν
2872 4751 3084 4821 πολλὴν
3134 4751 3353 4822 ἐμαυτῷ
3407 4751 3676 4813 συνειδὼς.
3721 4751 3819 4821 τὴν

2157 4834 2397 4887 ἑστίασιν
2433 4833 2560 4902 ὑμῖν
2593 4833 2692 4902 τὴν
2729 4833 2835 4886 ἀπὸ
2873 4833 2979 4885 τῶν
3025 4833 3182 4886 θείων
3212 4833 3442 4903 Γραφῶν
3477 4834 3817 4902 παρατιθεὶς,

2159 4916 2252 4966 καὶ
2280 4915 2422 4985 ἅπερ
2449 4914 2514 4967 ἂν
2544 4917 2578 4984 ή
2621 4915 2714 4967 τοῦ
2744 4914 2878 4966 Θεοῦ
2908 4916 3065 4985 χάρις
3111 4915 3197 4968 διά
3239 4915 3336 4985 τὴν
3385 4916 3590 4968 οἰκείαν
3631 4916 3817 4985 φιλαν-

2159 4995 2399 5067 θρωπίαν
2422 4999 2518 5050 καὶ
2544 4997 2634 5050 διά
2659 4998 2754 5069 τὴν
2780 4998 3048 5068 ὑμετέραν
3072 4997 3334 5064 ὠφέλειαν
3359 4999 3659 5068 χορηγήσῃ,
3685 4999 3816 5052 ταῦ-

2158 5096 2224 5132 τα
2255 5083 2373 5144 ταῖς
2408 5081 2700 5149 ὑμετέραις
2736 5082 2924 5142 ἀκοαῖς
2963 5079 3412 5149 παρατιθέμενος.
3441 5081 3574 5150 Φέρε
3603 5075 3694 5134 οῦν
3723 5083 3818 5134 καὶ

2157 5161 2397 5232 σήμερον
2423 5161 2682 5230 δείξωμεν
2711 5161 2862 5230 ὑμῶν
2894 5163 2959 5230 τῇ
2986 5161 3175 5232 ἀγάπῃ
3214 5161 3312 5232 τῆς
3338 5161 3432 5214 τοῦ
3467 5163 3602 5215 Θεοῦ
3632 5163 3816 5232 φιλαν-

2156 5241 2402 5313 θρωπίας
2423 5241 2520 5312 τὴν
2547 5242 2869 5312 ὑπερϐολὴν,
2901 5244 2966 5314 ἢν
3003 5244 3129 5312 περί
3157 5243 3254 5314 τὴν
3281 5243 3623 5316 ἀνθρωπίνην
3656 5245 3816 5314 φύσιν

2156 5323 2536 5387 ἐπιδείκνυται,
2571 5323 2708 5376 αὑτά
2738 5324 2806 5376 τά
2831 5325 2980 5395 παρά
3021 5324 3116 5377 τοῦ
3149 5326 3282 5378 Θεοῦ
3326 5326 3556 5396 ῥηθέντα
3585 5327 3663 5396 τῷ
3693 5327 3814 5379 Νῶε

2155 5411 2233 5470 εἰς
2279 5413 2441 5478 μέσον
2478 5405 2843 5476 προτιθέντες.
2873 5409 2980 5461 Καὶ
3004 5405 3173 5462 εἶπεν
3198 5412 3231 5463 ό
3261 5410 3403 5475 Θεὸς
3440 5408 3520 5474 τῷ
3541 5409 3686 5472 Νῶε,
3719 5408 3814 5461 κ(ιί

2157 5487 2280 5554 τοῖς
2313 5487 2465 5553 υἱοῖς
2505 5488 2712 5541 αὑτοῦ.
2756 5489 2910 5542 Μετά
2953 5490 3014 5542 τὸ
3043 5491 3332 5561 εὐλογῆσαι
3366 5492 3524 5544 αὑτὸν
3570 5489 3660 5541 καὶ
3688 5490 3816 5552 τοῦς

2159 5573 2302 5635 vlo-‘0;
2336 5571 2524 5635 αὑτοῦ,
2553 5572 2646 5625 καὶ
2678 5573 2868 5636 εἰπεῖν,
2897 5573 3246 5638 Αὐξάνεσθε
3279 5574 3376 5628 καὶ
3411 5571 3810 5640 πληθύνεσθε,

2215 5711 2244 5748 h
2279 5712 2427 5758 anil.
2453 5713 2500 5757 in
2529 5724 2680 5772 marg.
2705 5725 2733 5759 (θ
2770 5727 2865 5761 var.
2892 5715 3003 5762 Ιθρι.
3031 5713 3227 5774 Evam-,9.

2219 5778 2239 5803 ο
2273 5775 2423 5820 Smil.
2462 5776 2751 5836 etquinque
2791 5789 2903 5823 mss.
2930 5776 3290 5833 σπουδάσωμεν,

3250 5893 3312 5912 ..ι
