4066 6140
442 257 548 312 955

440 372 586 440 quasi
629 370 859 424 oleribus
901 369 1180 422 herbarum
1210 369 1344 422 vesoi
1366 410 1379 431 ,
1415 384 1508 421 nec
1539 383 1638 419 non
1669 377 1721 418 et
1749 360 2015 417 tttandavit

441 471 495 515 ut
529 477 714 514 carnes
763 457 813 512 in
862 460 1112 524 sanguine
1153 475 1254 512 non
1297 460 1596 519 comedam,
1629 457 1799 508 adhuc
1825 467 2015 521 gerens

437 564 616 604 Curam
660 550 784 614 justi
835 559 887 602 et
943 549 1298 615 posteritatis,
1348 549 1724 615 beneﬁciisque
1775 553 2012 598 nostrum

437 654 600 705 genus
628 640 850 691 ubertim
879 637 1111 690 afﬁciens.
1130 679 1142 698 ,
1175 639 1349 691 denuo
1378 638 1573 700 majora
1602 636 1780 704 adjicit
1811 635 2009 689 beneﬁ-

439 731 536 792 cia,
561 741 612 782 et
637 730 823 800 inquit.
845 729 1080 797 Dixitque
1100 729 1344 781 Dominus
1375 728 1505 781 Deus
1532 727 1645 780 Noe
1667 738 1710 779 ct
1733 727 1851 794 ﬁliis
1875 726 2014 780 illius

435 837 545 874 cum
569 821 702 889 ipso,
747 822 955 874 dicens:
985 821 1034 875 9.
1083 821 1210 872 Ecce
1253 831 1417 873 statuo
1462 829 1807 873 testamentum
1849 834 2010 874 meum

434 909 702 970 vobiscum,
733 921 776 962 et
813 912 990 963 semini
1026 921 1184 963 vestra
1212 921 1319 979 post
1352 927 1452 972 vos,
1487 912 1567 964 10.
1594 920 1638 962 et
1666 910 1800 961 omni
1829 909 2011 962 animte

432 1002 609 1052 viventi
633 1003 904 1066 vobiscum,
933 1019 964 1053 a
993 1002 1274 1054 volucribus
1309 1012 1355 1054 et
1387 1001 1642 1068 pecoribus
1662 1043 1674 1062 ,
1708 1011 1754 1052 et
1781 999 2006 1053 omnibus

432 1092 595 1144 bestiis
624 1101 784 1155 ἱεῖσι-α’,
815 1108 1136 1162 qua’cumque
1158 1103 1273 1145 sunt
1290 1094 1556 1155 vobiscum,
1581 1102 1623 1143 et
1655 1091 1882 1144 omnibus
1898 1105 2008 1157 qua:

430 1199 625 1250 egressa
646 1193 763 1237 sunt
787 1201 848 1236 ex
874 1201 1028 1250 arca;
1056 1186 1139 1237 ll.
1161 1194 1204 1237 et
1234 1194 1447 1236 statuam
1476 1193 1819 1235 testamentum
1845 1199 2005 1234 meum

427 1272 678 1324 vobiscum
702 1292 720 1325 :
745 1285 791 1326 et
829 1292 927 1327 non
971 1277 1209 1327 morietur
1247 1277 1379 1326 ultro
1419 1276 1578 1326 omnis
1609 1291 1825 1327 caram:
1863 1274 2003 1340 aquis

427 1360 636 1427 diluvii;
661 1381 751 1418 nec
777 1367 868 1418 erit
895 1368 1027 1419 ultra
1054 1368 1292 1420 diluvium
1325 1384 1485 1441 aqua},
1511 1368 1644 1433 quod
1674 1385 1867 1421 onmem
1899 1378 1998 1420 ter-

426 1469 535 1504 ram
581 1464 887 1524 corrumpat.
952 1457 1081 1522 Quia
1127 1458 1411 1511 verisimile
1455 1467 1566 1511 erat
1604 1457 1801 1524 justum
1853 1459 1997 1511 illum

425 1541 596 1596 adhuc
627 1544 675 1596 iu
707 1560 902 1613 angore
931 1561 1080 1609 esse,
1109 1558 1160 1601 et
1189 1557 1416 1601 tuentem
1447 1548 1586 1601 illius
1612 1549 1890 1604 formidine
1921 1558 1997 1603 te-

424 1633 574 1695 neri;
613 1642 668 1688 et
701 1635 743 1688 si
788 1637 998 1704 quando
1039 1638 1302 1707 ingrueret
1347 1656 1536 1708 parvus
1576 1641 1764 1709 aliquis
1806 1641 1996 1705 imber,

425 1722 654 1776 futurum
690 1725 892 1780 tristem
922 1737 972 1780 et
1000 1729 1276 1782 attonitum
1298 1771 1310 1793 ,
1342 1731 1488 1798 quasi
1515 1730 1689 1785 denuo
1717 1731 1834 1784 talis
1865 1740 1999 1785 tem-

420 1820 596 1880 pestas
635 1815 889 1870 mundum
925 1818 1219 1874 involutura
1255 1829 1396 1876 esset
1430 1838 1442 1873 :
1475 1820 1594 1874 ideo
1623 1829 1756 1875 utet
1786 1821 1898 1890 ipse
1932 1823 1995 1876 ti-

419 1901 543 1955 dere
568 1914 745 1972 posset
777 1910 1164 1976 posteritasque
1189 1911 1380 1973 omnis,
1409 1911 1638 1978 optimus
1667 1912 1803 1966 Deus
1832 1912 1996 1981 probe

416 1994 587 2047 sciens
629 1995 772 2050 illum
804 1998 888 2052 vel
933 2001 1202 2054 minimam
1240 2018 1350 2056 rem
1393 2003 1603 2058 turbare
1651 2018 1841 2072 posse:
1871 2020 1990 2058 nam

416 2085 798 2150 przeteritornm
827 2090 1148 2156 experientia
1177 2091 1240 2144 ad
1269 2090 1606 2147 formidinem
1635 2094 1988 2148 incutiendam

417 2171 636 2225 multum
679 2173 836 2230 habet
875 2180 1162 2233 momenti:
1191 2181 1364 2248 itaque
1401 2182 1519 2250 quia
1555 2183 1840 2238 verisimile
1877 2193 1992 2238 erat

412 2261 619 2317 beatum
651 2264 788 2320 hunc
814 2284 1025 2335 parvam
1068 2271 1136 2325 ob
1179 2271 1406 2340 pluviam
1453 2272 1874 2338 formidaturum,
1906 2276 1988 2329 id-

411 2351 550 2424 circo
581 2355 835 2424 benignus
877 2358 1012 2412 Deus
1032 2401 1045 2423 ,
1085 2361 1232 2428 quasi
1260 2361 1503 2416 ﬁduciam
1533 2363 1603 2416 illi
1628 2363 1986 2429 adhibiturus,

410 2444 691 2498 etabomni
713 2446 992 2503 formidine
1019 2451 1272 2516 solutum,
1301 2453 1351 2506 in
1379 2468 1620 2522 magnam
1648 2455 1984 2509 securitatem

409 2533 856 2601 ctjucunditatcm
888 2541 1213 2605 inducturus,
1241 2545 1498 2611 promittit
1525 2545 1621 2614 ipsi
1644 2560 1700 2600 se
1722 2546 1981 2612 ejusmodi

411 2638 617 2691 penam
649 2630 784 2681 ultra
811 2645 912 2683 non
941 2646 1059 2685 csse
1089 2633 1370 2688 illaturum.

474 2717 528 2770 2.
573 2719 636 2772 Ει
671 2721 884 2788 quidem
932 2723 1133 2791 pridem
1180 2734 1234 2780 et
1268 2736 1390 2780 ante
1435 2727 1855 2783 benedictiOnem
1885 2730 1985 2784 hoc

406 2810 718 2879 promiserat
737 2813 940 2881 dicens,
962 2817 1409 2884 quemadmodum
1431 2820 1724 2884 audivistis,
1755 2820 1873 2875 Non
1893 2821 1986 2874 ad-

406 2902 573 2960 iiciam
597 2903 730 2956 ultra
761 2914 815 2958 ut
844 2908 1142 2960 maledicam
1171 2919 1315 2963 terra:
1344 2911 1496 2976 (Gen.
1528 2913 1580 2966 8.
1609 2912 1702 2980 2|)
1734 2930 1746 2964 :
1775 2915 1980 2970 etiamsi

406 2991 678 3047 hominum
701 2996 896 3050 malitia
927 2999 1206 3065 increscat,
1232 3017 1334 3056 non
1364 3011 1538 3059 tamen
1566 3020 1663 3074 ego
1694 3006 1981 3062 humanum

403 3097 569 3148 gi-nns
599 3086 684 3138 tali
713 3087 984 3154 subjiciam
1015 3105 1204 3159 poenae.
1252 3091 1382 3146 Nam
1414 3095 1761 3149 monstrando
1792 3097 1978 3152 ineffa-

404 3173 560 3228 bilem
601 3191 749 3230 suam
790 3177 1198 3250 benignitatem,
1228 3183 1454 3252 idipsum
1485 3203 1624 3242 nunc
1653 3189 1824 3244 tlcnuo
1853 3207 1980 3260 pro-

404 3265 582 3329 mittit,
614 3276 670 3320 ut
712 3266 845 3322 bene
880 3271 1111 3328 conﬁdat
1151 3275 1344 3342 jusms,
1377 3293 1474 3332 nec
1497 3281 1692 3350 cogitet
1716 3284 1853 3351 apud
1883 3298 1975 3349 se,

402 3368 463 3406 ac
491 3354 624 3409 dicat
656 3374 669 3409 :
702 3359 830 3411 Cum
867 3361 989 3414 olim
1021 3361 1439 3420 benedictionem
1467 3371 1646 3437 generi
1676 3383 1858 3427 nostro
1883 3373 1978 3428 de-

401 3441 568 3498 disset
592 3487 606 3511 ,
639 3457 692 3500 et
735 3457 789 3502 ut
832 3450 982 3505 valde
1027 3455 1466 3522 multiplicaretur
1494 3459 1703 3524 etfccit;
1737 3478 1979 3518 commu-

402 3550 521 3589 nem
552 3544 724 3593 tamen
753 3541 892 3595 illam
923 3544 1157 3599 omnium
1189 3547 1600 3605 internecionem
1641 3553 1859 3609 invexit.
1909 3555 1978 3611 Ut

402 3624 561 3694 igitur
580 3643 791 3702 omnem
818 3648 848 3686 e
876 3635 1284 3700 cogitationibus
1315 3639 1454 3693 illius
1479 3642 1764 3696 tumultum
1790 3644 1974 3713 expel-

402 3714 552 3781 leret,
580 3726 634 3772 et
662 3730 808 3774 certo
835 3732 1100 3779 constaret
1132 3727 1228 3794 ipsi
1257 3743 1361 3780 non
1392 3728 1502 3788 fore
1527 3731 1662 3785 ultra
1685 3747 1798 3786 rem
1828 3733 1977 3786 simi-

401 3807 504 3861 lem
540 3808 1051 3879 :Quemadmodum,
1077 3815 1262 3885 inquit,
1291 3817 1544 3872 diluvium
1573 3837 1636 3874 ex
1671 3820 1974 3879 misericor-

400 3896 483 3954 dia
525 3898 722 3967 induxi,
754 3913 807 3957 ut
837 3913 887 3958 et
931 3906 1126 3959 malitia
1176 3908 1512 3976 impediatur,
1545 3927 1714 3981 neque
1754 3912 1976 3968 ulterius

401 3989 641 4056 progredi
667 3993 851 4058 possit,
881 3994 951 4047 ita
983 4002 1035 4048 ct
1063 4011 1203 4050 nunc
1223 3997 1404 4052 eadem
1436 4000 1792 4059 misericordia
1824 4004 1976 4070 polli-

400 4094 523 4133 ceor
545 4096 628 4135 tne
650 4081 699 4134 id
728 4097 828 4136 non
860 4085 992 4137 ultra
1017 4085 1297 4156 facturum,
1330 4099 1383 4141 ut
1413 4092 1644 4157 seposito
1664 4091 1807 4144 onmi
1834 4107 1968 4146 mm-

402 4184 523 4222 rorc
571 4181 880 4237 praesentem
922 4174 1080 4228 vitam
1124 4176 1442 4248 transigatis.
1487 4179 1609 4232 ideo
1638 4179 1770 4234 dixit
1804 4199 1816 4232 :
1848 4181 1976 4235 Ecce

398 4267 562 4313 statuo
590 4270 935 4325 testamentum
962 4281 1142 4327 meum,
1169 4265 1270 4321 hoc
1292 4276 1395 4330 est,
1424 4279 1629 4334 pactmn
1659 4270 1798 4324 ineo.
1829 4271 1976 4327 Sicut

401 4347 452 4401 iu
482 4349 727 4404 humanis
754 4354 978 4421 negotiis
1011 4359 1053 4409 si
1084 4357 1200 4425 quis
1231 4360 1485 4425 promittit
1512 4361 1730 4430 aliquid,
1765 4373 1970 4432 pactum

400 4436 554 4502 facit,
603 4443 866 4513 magnam,
895 4444 1138 4512 pradicas
1185 4448 1560 4503 securitatem:
1590 4453 1656 4503 ita
1705 4461 1756 4504 et
1805 4453 1973 4507 bonus

403 4530 655 4584 Dominus
684 4533 851 4601 inquit
893 4551 904 4584 :
943 4533 1070 4587 Ecce
1107 4546 1271 4590 statuo
1309 4548 1652 4594 testamentum
1686 4559 1866 4598 meum.
1910 4545 1972 4598 Et

399 4621 535 4700 bene
556 4621 702 4682 dixit,
729 4623 930 4684 Statua,
958 4639 1052 4692 pro
1073 4640 1157 4690 eo,
1180 4628 1316 4696 quod
1339 4638 1437 4690 est,
1464 4629 1600 4684 Ecce
1621 4646 1718 4700 ego
1741 4633 1972 4688 instauro

398 4694 459 4763 ea
487 4728 600 4778 quae
626 4728 688 4766 ex
723 4724 1055 4782 peccatorum
1086 4718 1314 4783 pernicie
1340 4719 1672 4786 acciderant,
1699 4734 1752 4776 et
1790 4725 1972 4778 Statua

402 4807 746 4854 testamentum
774 4820 935 4855 meum
959 4806 1204 4858 vobiscum
1231 4817 1276 4859 et
1310 4824 1421 4860 cum
1455 4810 1640 4862 semine
1675 4821 1834 4864 vestro
1861 4816 1972 4883 post

398 4903 501 4940 vos.
546 4888 671 4943 Vide
719 4891 1050 4947 clementiam
1092 4895 1334 4961 Domini;
1373 4899 1518 4966 quasi
1562 4899 1758 4955 diceret
1801 4921 1815 4956 :
1857 4903 1969 4958 Non

402 4987 601 5030 tantum
632 4979 896 5034 vobiscum
938 4992 1112 5038 statuo
1155 4999 1361 5055 pactum
1384 5029 1399 5052 ,
1439 4991 1529 5042 sed
1571 5000 1624 5044 et
1660 4993 1725 5044 iis
1762 4995 1849 5062 qui
1878 5010 1971 5050 vos

399 5076 702 5134 sequentur.
727 5069 914 5123 stabile
933 5079 986 5124 et
1013 5072 1219 5128 ﬁrmum
1242 5075 1356 5130 fore
1373 5081 1670 5145 pronuntio.
1706 5082 1890 5138 Postea
1916 5095 1970 5139 ut

399 5172 548 5211 suam
586 5159 818 5212 declaret
854 5160 1238 5230 liberalitatem,
1272 5167 1474 5236 inquit:
1505 5170 1569 5223 Et
1616 5174 1752 5226 omni
1788 5174 1972 5229 animm

397 5250 576 5303 viventi
604 5251 875 5315 vobiscum,
901 5268 932 5304 a
957 5252 1239 5308 volatilibus
1261 5267 1304 5311 et
1320 5275 1350 5310 a
1372 5262 1646 5325 pecoribus,
1672 5277 1719 5315 et
1743 5265 1969 5320 omnibus

399 5340 562 5392 bestiis
585 5349 747 5404 tcrrte,
779 5356 1102 5412 qutvcumque
1123 5355 1238 5398 sunt
1267 5347 1511 5401 vobiscum
1533 5365 1593 5403 ea:
1613 5353 1842 5405 omnibus
1858 5369 1970 5421 quat

398 5445 592 5499 egressa
637 5439 751 5482 sunt
793 5447 855 5483 ρῖε
889 5448 1044 5494 ανεα;
1088 5443 1133 5485 et
1165 5444 1378 5488 statuam
1418 5448 1761 5492 testamentum
1804 5458 1967 5496 meum

398 5518 644 5571 vobiscum
677 5529 764 5573 :et
804 5537 902 5573 non
947 5523 1186 5576 morietur
1223 5528 1382 5578 onmis
1420 5544 1537 5581 caro
1573 5532 1703 5582 ultra
1738 5533 1800 5584 ab
1837 5549 1965 5601 aqua

391 5607 614 5670 diluvii;
646 5619 690 5662 et
717 5627 813 5663 non
848 5613 979 5664 ultra
1011 5614 1099 5667 erit
1123 5614 1364 5670 diluvium
1395 5635 1536 5684 aqutr
1555 5662 1568 5684 ,
1597 5632 1649 5674 ut
1677 5633 1966 5693 corrumpat

1502 256 1565 309 IN
1605 255 1750 309 ιλιι».
1795 250 1881 302 ix.
1909 205 2169 299 esses.
2215 242 2438 297 uouit.
2489 240 2720 296 XXVIII.
3595 238 3693 294 π

3601 279 3662 294 -ςν
3673 273 3696 294 f

2127 373 2318 408 omnem
2343 366 2543 408 terram.
2573 355 2755 406 Vidisti
2790 363 3058 422 pactorum
3093 354 3534 425 magnittuliucm"
3565 355 3694 407 vidi-

2121 455 2190 498 sti
2277 446 2686 514 promissionum
2727 443 3041 498 ineffabilem
3075 443 3476 498 liberalitatem?
3506 443 3694 497 Consi-

2123 535 2247 587 dera
2290 535 2554 602 quomodo
2598 535 2973 602 benignitatem
3020 550 3170 588 suam
3209 537 3382 586 denuo
3427 551 3592 603 usque
3631 535 3693 588 ad

2123 623 2271 680 bruta
2303 633 2356 676 et
2384 623 2521 676 feras
2545 623 2812 690 extendat,
2837 633 2887 677 et
2917 627 3104 677 merito
3125 624 3356 692 quidem.
3385 624 3531 691 Quod
3553 625 3692 679 enim

2120 728 2260 781 saepe
2287 713 2414 776 dixi,
2445 714 2545 766 hoc
2573 724 2624 767 et
2655 729 2794 768 nunc
2823 713 2961 769 dico.
2993 714 3122 767 Nam
3146 716 3263 782 quia
3290 725 3501 783 propter
3524 714 3694 769 homi-

2120 818 2237 855 nem
2270 803 2382 857 ιιωο
2404 803 2655 870 producta
2682 813 2822 870 sunt,
2855 804 2972 857 ideo
2999 813 3050 858 et
3089 805 3295 858 illorum
3321 805 3691 862 beneficiorum

2122 905 2321 964 partem
2359 895 2552 950 habent
2580 911 2695 964 qua:
2727 895 2926 949 homini
2956 911 3207 951 concessa
3231 907 3371 951 sunt.
3403 899 3465 952 Et
3489 899 3684 952 videtur

2117 990 2325 1056 quidem
2348 1006 2626 1043 commune
2657 1006 2774 1044 esse
2802 998 3008 1058 pactqu
3041 991 3138 1058 ipsi
3161 999 3214 1045 et
3245 991 3431 1056 brutis,
3462 991 3557 1046 sed
3583 1008 3688 1046 non

2117 1080 2182 1134 ita
2220 1091 2318 1133 est.
2368 1080 2495 1133 Nam
2525 1090 2575 1133 et
2607 1080 2705 1134 hoc
2730 1079 2791 1132 ad
2821 1079 3051 1134 hominis
3077 1081 3320 1134 solatium
3352 1083 3542 1135 factum
3570 1092 3646 1136 est
3670 1124 3686 1148 ,

2114 1181 2168 1224 ut
2199 1173 2334 1226 scire
2367 1173 2527 1238 possit
2559 1173 2610 1226 in
2643 1183 2838 1239 quanto
2869 1173 2936 1226 sit
2965 1173 3184 1235 honore,
3216 1173 3354 1242 quod
3386 1190 3486 1228 non
3517 1176 3686 1231 solum

2114 1261 2163 1314 in
2188 1278 2244 1315 se
2271 1263 2594 1316 collocentur
2617 1263 2892 1323 beneﬁcia,
2915 1263 3005 1316 sed
3031 1271 3246 1331 propter
3271 1278 3328 1317 se
3353 1264 3402 1316 iu
3432 1265 3529 1319 alia
3557 1281 3686 1335 quo-

2111 1367 2212 1420 que
2256 1353 2500 1406 animalia
2541 1355 2855 1408 extendatur
2887 1353 3174 1410 liberalitas
3205 1357 3427 1410 Domini.
3478 1359 3543 1411 Et
3587 1377 3684 1413 non

2110 1442 2379 1502 morietur,‘
2409 1444 2593 1512 inquit,
2630 1447 2789 1498 omnis
2827 1463 2943 1499 cara
2987 1447 3116 1500 ultra
3146 1448 3207 1499 ab
3237 1465 3367 1517 aqua
3409 1450 3605 1516 diluvii,
3639 1461 3685 1505 et

2107 1550 2208 1587 non
2247 1545 2338 1587 crit
2380 1536 2511 1588 ultra
2548 1536 2811 1601 diluvium,
2850 1548 2900 1589 ut
2934 1548 3220 1608 corrumpat
3257 1556 3450 1592 omnem
3479 1550 3682 1595 terram.

2108 1624 2293 1679 Vidisti
2323 1626 2589 1693 quomodo
2615 1635 2666 1678 et
2696 1628 2858 1680 senth
2896 1637 2947 1680 et
2983 1627 3172 1682 iterum
3207 1639 3259 1682 et
3296 1631 3489 1698 smpius
3527 1632 3682 1700 polli-

2105 1725 2285 1770 ceatttr
2312 1733 2367 1769 se
2395 1733 2496 1770 non
2531 1719 2663 1770 ultra
2698 1719 3052 1773 itnmissurum
3087 1735 3416 1774 communem
3444 1724 3678 1776 omnimn

2109 1807 2542 1869 internecionem,
2573 1818 2625 1861 ιιι
2653 1825 2716 1862 cx
2751 1819 2926 1863 mente
2948 1810 3073 1879 justi
3107 1811 3241 1865 hanc
3271 1813 3676 1868 sollicitudinem

2103 1898 2318 1952 adimat.
2355 1911 2404 1952 et
2445 1901 2510 1954 de
2552 1900 2735 1953 futuris
2779 1902 2968 1954 bonum
3001 1917 3145 1969 Spem
3179 1904 3264 1956 ille
3298 1904 3516 1958 habeat?
3549 1906 3676 1959 Dein

2103 2006 2204 2043 non
2249 2005 2400 2044 suam
2443 2002 2680 2044 naturam
2709 2004 2984 2064 spectans.
3015 1995 3106 2048 sed
3139 2009 3370 2049 nostram
3398 1997 3677 2052 inﬁrmita-

2102 2088 2228 2142 tem,
2263 2096 2366 2134 non
2393 2091 2671 2136 contentus
2701 2093 2778 2135 est
2808 2085 3154 2150 promissione
3189 2101 3282 2140 sua
3320 2104 3476 2158 quam
3504 2090 3677 2144 verbis

2099 2173 2245 2226 dedit
2278 2192 2290 2227 :
2331 2173 2420 2226 sed
2455 2176 2642 2227 iterum
2673 2176 2905 2229 ostendit
2934 2179 3199 2246 quomodo
3228 2195 3285 2234 se
3317 2190 3509 2235 nostrce
3533 2181 3675 2235 inﬁr-

2099 2265 2263 2320 mitati
2307 2274 2648 2334 altcmpcret,
2695 2277 2748 2321 et
2783 2269 2986 2337 signum
3033 2270 3122 2323 dat
3160 2287 3264 2340 quo
3297 2282 3550 2342 perpetuo
3575 2274 3675 2329 du-

2096 2365 2265 2417 rante,
2299 2355 2386 2408 tali
2431 2366 2572 2410 tnettt
2625 2359 2910 2412 humanum
2950 2375 3116 2428 genus
3161 2362 3371 2416 liberari
3405 2365 3584 2433 possit,
3622 2377 3676 2420 ιιι

2093 2447 2299 2501 etiamsi
2345 2464 2485 2517 εωρο
2527 2450 2713 2516 plurim
2753 2451 3086 2515 deferantur,
3124 2463 3177 2507 et
3205 2455 3445 2509 violenta:
3474 2467 3675 2527 tempe-

2092 2546 2256 2592 states
2285 2540 2429 2602 liant,
2472 2542 2568 2594 etsi
2596 2557 2847 2610 aquarum
2876 2560 3060 2610 magna
3085 2545 3152 2599 sit
3177 2547 3470 2610 inundatio,
3500 2565 3670 2618 neque

2091 2629 2170 2682 sic
2199 2630 2539 2684 metuendum
2573 2633 2678 2696 sit,
2709 2633 2798 2687 sed
2829 2634 3198 2689 conﬁdendum
3226 2637 3377 2692 nobis
3401 2639 3464 2694 ad
3479 2640 3670 2693 'datum

2091 2718 2298 2786 signum
2328 2721 2748 2787 respicientibus.
2788 2724 2865 2776 l2.
2919 2725 2982 2776 Et
3011 2726 3136 2778 dixit
3169 2726 3412 2780 Dominus
3444 2729 3575 2783 Deus
3603 2734 3669 2783 ad

2094 2805 2206 2860 Noe
2244 2823 2262 2860 :
2301 2807 2410 2860 lloc
2436 2819 2506 2862 est
2536 2812 2734 2880 signum
2764 2816 3041 2866 (esttam-uti
3067 2819 3200 2885 quod
3231 2834 3318 2886 ego
3351 2820 3414 2872 do
3441 2820 3571 2872 inter
3597 2839 3671 2874 me

2088 2907 2134 2950 et
2162 2909 2227 2951 te.
2281 2899 2410 2952 Vide
2439 2914 2634 2969 quanto
2666 2902 2865 2956 honore
2890 2905 3087 2973 justum
3117 2907 3377 2976 dignatur.
3423 2911 3496 2964 Ita
3527 2912 3667 2965 cnim

2090 3003 2208 3040 cum
2244 3004 2308 3040 co
2337 2990 2622 3057 paciscitur
2645 2995 2793 3061 quasi
2827 2994 2984 3047 homo
3013 2995 3206 3050 homini
3241 2999 3482 3068 loquens,
3510 3009 3564 3056 ct
3590 3003 3667 3054 di-

2087 3080 2158 3132 cit
2192 3097 2206 3133 :
2233 3078 2344 3133 Hoc
2373 3090 2445 3134 est
2467 3084 2666 3153 signum
2698 3088 2973 3139 testamenti
3001 3089 3136 3158 quod
3160 3106 3249 3160 ego
3275 3091 3341 3144 da
3369 3093 3497 3147 inter
3517 3112 3594 3148 me
3620 3108 3668 3150 et

2087 3178 2150 3234 te,
2189 3180 2234 3222 et
2271 3187 2464 3225 omnem
2503 3175 2726 3227 animam
2766 3177 3024 3241 viventem,
3063 3196 3175 3250 quas
3208 3183 3457 3237 vobiscum
3493 3196 3585 3250 est,
3616 3191 3668 3242 iu

2085 3265 2426 3332 generationes
2445 3275 2675 3320 retentas.
2709 3267 2894 3322 Vidisti
2915 3272 3184 3340 quomodo
3205 3274 3411 3344 signum
3434 3276 3662 3332 dandum

2083 3357 2227 3410 omni
2256 3356 2453 3411 viventi
2485 3359 2795 3414 duraturum
2824 3364 2894 3416 sit
2922 3363 2972 3417 in
2995 3367 3368 3434 generationes
3393 3378 3617 3424 :eternas
3642 3373 3664 3423 ?

2082 3445 2196 3501 Non
2239 3449 2407 3504 solum
2448 3452 2798 3508 communiter
2839 3455 3085 3509 omnibus
3129 3458 3422 3512 viventibus
3459 3461 3550 3515 dat
3586 3463 3664 3516 si.-

2081 3554 2262 3610 gnum,
2291 3543 2382 3596 sed
2411 3552 2464 3596 et
2491 3553 2796 3614 perpetuum
2820 3559 2868 3600 et
2891 3558 3145 3603 aeternum
3171 3551 3293 3604 illud
3319 3553 3458 3617 facit,
3479 3571 3663 3624 qnam-

2081 3631 2169 3686 diu
2219 3634 2446 3688 mundus
2491 3635 2759 3691 subsistet.
2815 3638 3088 3704 Quodnam
3133 3658 3258 3711 ergo
3297 3645 3503 3712 signum
3543 3649 3662 3701 est?

2084 3722 2169 3777 15.
2198 3723 2383 3775 Arcum
2413 3740 2578 3777 meum
2607 3743 2738 3794 pono
2766 3728 2818 3780 in
2843 3729 2988 3795 nube,
3015 3741 3061 3784 et
3085 3733 3177 3785 erit
3206 3734 3256 3787 in
3281 3736 3480 3804 signum
3505 3740 3662 3807 [mde-

2080 3812 2152 3866 ris
2171 3813 2299 3866 inter
2325 3829 2404 3866 me
2423 3823 2468 3866 et
2494 3823 2697 3869 terram.
2726 3817 2864 3872 Ecce
2893 3829 3010 3887 post
3035 3822 3466 3889 pollicitationem
3495 3831 3658 3883 verbo

2084 3900 2292 3964 factam,
2317 3912 2371 3957 et
2399 3903 2500 3959 hoc
2528 3906 2733 3974 signum
2758 3909 2844 3971 do,
2875 3909 3060 3964 iridem
3091 3913 3292 3978 dicens,
3317 3931 3473 3984 quam
3497 3920 3654 3990 aliqui

2085 3993 2195 4047 ﬁeri
2230 3993 2413 4048 dicunt
2439 3995 2549 4048 sole
2581 3997 2756 4051 radios
2795 4014 2920 4054 suos
2967 4013 3148 4056 contra
3191 4006 3358 4060 nubes
3394 4009 3653 4066 mittente.

2081 4083 2132 4139 Si
2177 4101 2355 4139 sermo
2394 4102 2573 4152 meus,
2614 4089 2807 4159 inquit,
2841 4108 2944 4145 non
2976 4093 3188 4159 suflicit,
3223 4113 3345 4152 ecce
3370 4109 3422 4153 et
3447 4102 3652 4171 signum

2081 4173 2170 4238 do,
2199 4192 2482 4245 numquam
2509 4179 2730 4233 ulterius
2760 4182 2915 4235 talem
2948 4200 3032 4238 me
3061 4201 3267 4254 pamam
3299 4190 3653 4249 inducturum.

2081 4265 2190 4320 Hoc
2237 4282 2363 4335 ergo
2411 4269 2618 4340 signum
2666 4272 2905 4328 videntes
2946 4290 2976 4328 a
3016 4277 3293 4334 formidine
3337 4282 3652 4338 liberemiui.

2082 4359 2164 4412 H.
2198 4357 2262 4411 Et
2287 4361 2378 4412 erit
2403 4377 2513 4412 cum
2546 4362 2850 4426 nubiluvero,
2883 4367 3066 4436 inquit,
3096 4372 3249 4426 nubes
3275 4390 3425 4443 super
3449 4385 3650 4441 terram,

2080 4457 2124 4498 et
2147 4449 2406 4516 apparebit
2435 4466 2581 4502 arcus
2609 4468 2744 4504 mens
2765 4454 2814 4505 in
2838 4455 2983 4518 nube,
3008 4459 3088 4511 15.
3115 4469 3161 4511 et
3181 4463 3481 4517 recordabar
3505 4476 3654 4519 ἰθείας

2080 4538 2232 4590 menti
2252 4539 2366 4604 mei,
2395 4541 2530 4608 quod
2549 4552 2623 4593 est
2649 4543 2775 4596 inter
2795 4561 2873 4599 me
2892 4555 2937 4597 et
2959 4563 3060 4610 vos,
3085 4558 3131 4601 et
3162 4551 3288 4604 inter
3316 4571 3511 4609 omnem
3540 4559 3649 4610 ani-

2081 4644 2213 4680 mam
2235 4629 2474 4682 viventem
2499 4631 2551 4683 in
2573 4633 2707 4686 omni
2731 4651 2896 4688 carne.
2930 4637 3062 4704 Quid
3091 4639 3240 4706 dicis,
3271 4657 3302 4695 0
3343 4643 3496 4700 bcatc
3533 4662 3654 4714 pro-

2079 4716 2271 4788 pheta?
2312 4717 2667 4780 Rceordabor,
2705 4724 2900 4793 inquit,
2937 4733 3236 4784 testamenti
3263 4734 3387 4798 mei,
3419 4735 3518 4789 hoc
3546 4747 3646 4800 est,

2079 4809 2216 4876 pacti
2250 4810 2372 4872 mei,
2399 4814 2784 4882 promissionis,
2809 4818 3234 4886 pollicitationis;
3264 4839 3367 4877 non
3392 4827 3510 4892 quia
3537 4828 3648 4895 ipse

2078 4911 2209 4966 Opus
2240 4897 2426 4952 habeat
2454 4903 2837 4970 recordatione,
2866 4907 2957 4960 sed
2990 4919 3046 4960 ut
3072 4925 3166 4963 nos
3197 4911 3260 4963 ad
3289 4912 3410 4965 illud
3439 4915 3644 4984 signum

2076 4988 2438 5054 respicientes,
2469 4990 2596 5044 nihil
2627 4991 2814 5046 durmn
2855 4997 3202 5063 suspicemur,
3229 5001 3318 5053 sed
3349 5005 3522 5057 statim
3563 5023 3647 5060 re-

2079 5078 2357 5131 cordemur
2395 5079 2584 5133 divina:
2633 5083 3014 5151 promissionis,
3046 5095 3098 5141 et
3140 5091 3470 5148 conﬁdamus
3517 5097 3644 5151 nihil

2077 5183 2173 5224 nos
2201 5171 2302 5223 tale
2331 5185 2598 5239 passuros.

2144 5262 2197 5316 5.
2241 5261 2422 5316 Vidisti
2452 5272 2700 5332 quantum
2733 5265 2866 5320 Deus
2896 5283 2952 5321 se
2982 5279 3196 5340 propter
3226 5285 3458 5330 nostram
3495 5277 3640 5334 iulir-

2075 5354 2308 5407 mitatcm
2349 5353 2608 5417 demittat,
2643 5366 2889 5424 quantam
2928 5374 3106 5413 curam
3148 5375 3296 5431 gerat
3341 5370 3503 5421 nostri
3547 5386 3638 5436 ge-

2074 5447 2234 5507 neris,
2267 5455 2513 5520 quautam
2543 5446 2920 5502 misericordia:
2948 5454 3360 5520 magnitudinem
3384 5459 3635 5520 declaret.

2073 5551 2177 5589 non
2208 5518 2338 5604 quia.
2373 5535 2643 5588 hominum
2680 5541 3076 5596 conversionem
3122 5545 3268 5607 vidit,
3314 5547 3404 5600 sed
3453 5559 3507 5600 ut
3549 5566 3639 5616 per

2073 5626 2248 5686 omnia
2278 5640 2372 5678 nos
2398 5625 2583 5680 doceat
2614 5625 2875 5696 iﬁgentcm
2909 5645 3057 5686 suam
3084 5633 3366 5690 bonitatem
3386 5637 3407 5674 ν
3447 5637 3510 5690 Et
3530 5650 3630 5690 non
