4066 6140
331 328 436 383 2-55

329 441 493 499 αὐτοῦ
537 443 632 515 τὴν
673 442 1010 514 ὑπερϐολήν;
1058 443 1168 496 Καὶ
1203 443 1315 496 οὐκ
1371 441 1541 496 ἔσται
1585 442 1674 496 ἔτι
1721 441 1876 510 ὕδωρ
1908 441 1995 506 εις

329 537 558 586 mnam
569 532 780 602 υσμόν,
805 530 963 585 ὥστε
983 529 1298 598 ἐξαλεῖψαι
1335 529 1542 584 πᾶσαν
1573 529 1792 598 σάρκα·
1821 527 1996 582 τοιοῦ-

329 637 419 684 τος
448 621 652 691 ὄμϐρος
685 620 866 672 οὐκέτι
902 619 1076 673 ἔσται.
1125 617 1344 688 Ἐπειδὴ
1371 613 1480 670 οἶδε
1513 617 1669 670 τοῦτο
1698 617 1998 671 δεδοικυῖα)

330 710 428 776 τὴν
457 708 801 779 ἀνθρωπίνην
841 706 1021 775 φύσιν,
1061 707 1160 776 ὅρα
1206 705 1322 768 πῶς
1355 705 1596 774 συνεχῶς
1626 707 1860 758 ποιεῖται
1900 720 2000 773 την

333 797 643 867 ὑπόσχεσιν,
676 797 954 866 μονονουχὶ
978 794 1173 863 λέγων’
1208 793 1312 846 κᾶν
1343 793 1487 864 ἴδητε
1519 793 1718 862 πολλὴν
1757 791 1866 845 τῶν
1895 791 1997 862 δμ-

333 885 478 954 ϐρων
517 885 614 954 τήν
657 883 848 954 φορὰν,
887 883 1020 952 μηδὲ
1054 880 1196 935 οὕτω
1230 880 1463 950 χαλεπόν
1503 898 1554 933 τι
1597 879 1995 950 ὐποπτεύσητε.

329 975 410 1026 Οὐ
443 972 550 1042 γάρ
597 972 766 1026 ἔσται
805 972 871 1024 τὸ
909 972 1065 1039 ὕδωρ
1097 972 1184 1036 εὶς
1223 969 1672 1039 κατακλυσμὸν,
1704 968 1859 1022 ὥστε
1897 968 1997 1033 ἐξ·

333 1061 576 1128 ἀλεῖψαι
623 1059 830 1113 πᾶσαν
870 1058 1084 1124 σάρκα·
1118 1055 1358 1119 τοιοῦτος
1387 1056 1590 1127 ὄμϐρος
1616 1057 1798 1109 οὐκέτι
1825 1056 1994 1118 ἔσται,

334 1148 587 1218 τοιαύτης
612 1147 1034 1214 ἀγανακτήσεως
1075 1144 1257 1196 οὐκέτι
1287 1143 1675 1213 πειραθήσεται
1704 1145 1736 1212 ἡ
1769 1143 1876 1195 τῶν
1902 1143 1996 1195 ἀν-

334 1236 569 1308 θρώπων
598 1235 775 1302 φύσις.
821 1233 924 1285 Καὶ
960 1233 1152 1294 ἔσται,
1181 1231 1334 1298 φησὶ,
1373 1230 1439 1283 τὸ
1476 1229 1656 1292 τόξον
1681 1247 1800 1296 μου
1830 1229 1899 1282 ἐν
1928 1227 1999 1296 τῇ

332 1322 583 1392 νεφέλη,
619 1322 711 1374 καὶ
755 1321 974 1387 ὄψομαι
1018 1318 1122 1370 τοῦ
1150 1315 1492 1385 μνησθῆναι
1525 1317 1816 1383 διαθήκην
1866 1317 1994 1368 (ιεὼ-

336 1428 467 1464 νιον
525 1410 640 1463 ἀνὰ
682 1408 875 1475 μέσον
921 1406 1026 1458 τι,ιῦ
1082 1404 1252 1465 Θεοῦ,
1290 1403 1387 1456 καὶ
1430 1403 1544 1457 ἀνὰ
1586 1403 1774 1470 μέσον
1799 1403 2001 1469 πάσης

334 1503 462 1566 ψυχ
474 1497 543 1564 ἧς
569 1497 759 1561 ζώσης
782 1496 850 1546 ἐν
875 1493 1042 1561 πάσῃ
1071 1492 1273 1558 σαρκί.
1302 1490 1500 1542 Σκόπει
1545 1489 1654 1552 πῶς
1685 1489 2004 1560 βουλόμενος

335 1588 414 1642 είς
435 1587 632 1656 θάρσος
656 1583 748 1635 καὶ
776 1583 854 1644 εἰς
885 1579 1252 1650 πληροφορίαν
1281 1575 1508 1645 ἀγαγεῖν
1531 1577 1628 1646 τὴν
1659 1575 2004 1646 ἀνθρωπίνην

337 1675 518 1744 φύσιν,
542 1673 684 1741 πόση
711 1668 1056 1736 ταπεινότητι
1080 1664 1188 1718 τῶν
1213 1665 1384 1733 λόγων
1414 1664 1696 1734 κέχρηται.
1743 1663 1850 1716 Καὶ
1880 1663 2006 1733 ὅψο-

340 1779 456 1832 μαι,
488 1760 641 1830 φησὶ,
671 1757 761 1811 τοῦ
796 1757 1100 1828 μνησθῆναι
1120 1752 1384 1824 διαθήκης
1409 1769 1531 1822 μου.
1572 1751 1637 1803 Ἦ
1661 1750 1782 1819 ὄψις
1811 1745 1902 1804 οῦν
1926 1752 2003 1813 εἰς

340 1850 558 1918 μνήμην
589 1846 750 1898 αὐτὸν
797 1846 954 1912 ἀγει;
1003 1844 1114 1914 Οὐχ
1149 1842 1236 1895 ἵνα
1265 1840 1420 1892 τοῦτο
1455 1838 1901 1906 ὐποπτεύσωμεν·
1931 1838 2005 1907 μὴ

338 1936 563 2003 γένοιτο”
601 1933 714 1986 ἀλλ’
743 1934 828 1985 ἵνα
849 1933 976 1984 ὅταν
1007 1931 1208 2000 ἴδωμεν
1232 1928 1292 1981 τὸ
1323 1929 1546 1996 σημεῖον
1575 1926 1750 1988 τοῦτο,
1785 1926 2006 1996 θαρρεῖν

340 2021 552 2091 ἔχωμεν
581 2021 646 2088 τῇ
674 2018 767 2070 τοῦ
790 2017 923 2068 Θεοῦ
955 2015 1280 2084 ἐπαγγελία,
1307 2013 1401 2066 καὶ
1433 2013 1508 2076 ὡς
1536 2013 1633 2081 οὐχ
1657 2008 1767 2064 οἷόν
1793 2029 1852 2063 τε
1885 2011 2002 2063 δια-

341 2110 524 2159 πεσεῖν
570 2107 667 2168 τάς
716 2105 808 2156 τοῦ
851 2103 985 2156 Θεοῦ
1042 2102 1382 2170 ὑποσχέσεις.
1428 2099 1536 2152 Καὶ
1579 2097 1748 2152 εἶπεν
1777 2102 1810 2152 ό
1841 2099 2005 2163 Θεὸς,

341 2196 494 2263 φησὶ,
541 2192 620 2258 τῷ
661 2191 805 2245 Νῶε·
855 2191 1031 2244 Τοῦτο
1064 2189 1125 2242 τὸ
1165 2187 1417 2258 σημεῖον
1450 2186 1559 2254 τῆς
1592 2185 1903 2252 διαθήκης,
1934 2181 2010 2255 ἧς

340 2280 618 2348 διεθέμην
677 2279 793 2331 ἀνὰ
838 2277 1034 2345 μέσον
1081 2276 1247 2344 ἐμοῦ,
1285 2277 1380 2330 καὶ
1414 2275 1529 2328 ἀνὰ
1559 2274 1755 2342 μέσον
1805 2271 2010 2339 πάσης

340 2367 586 2434 σαρκὸς,
629 2366 660 2431 ἢ
699 2367 868 2417 ἐστιν
897 2365 994 2416 ἐπὶ
1029 2362 1136 2430 τῆς
1180 2361 1310 2432 γῆς.
1351 2361 1600 2424 Ἔλαϐες,
1637 2360 1792 2431 φησὶ,
1823 2360 1882 2411 τὸ
1913 2377 2008 2430 ση-

344 2458 513 2526 μεῖον,
544 2455 679 2524 ὅπερ
703 2455 908 2506 δέδωκα
969 2451 1169 2520 μεταξὺ
1198 2451 1332 2521 ἐμοῦ
1357 2450 1450 2504 καὶ
1480 2451 1658 2520 πάσης
1693 2448 1892 2519 σαρκὸς
1913 2450 2010 2518 τῆς

341 2543 507 2612 οῦσης
536 2543 627 2594 ἐπὶ
653 2543 749 2611 τῆς
777 2541 899 2610 γῆς.
928 2540 1138 2610 Μηκέτι
1165 2539 1430 2608 ταράττου
1463 2537 1558 2608 τήν
1583 2537 1842 2596 διάνοιαν,
1876 2535 2009 2605 μηδέ

342 2630 574 2702 θορυϐοῦ
616 2630 706 2681 τὸν
741 2629 995 2698 λογισμὸν
1036 2627 1188 2699 [275]
1231 2626 1367 2679 ἀλλά
1421 2625 1558 2696 πρὸς
1599 2624 1755 2676 τοῦτο
1799 2625 2008 2692 βλέπων

342 2719 435 2772 καὶ
463 2719 623 2780 αὐτὸς
649 2717 738 2786 ἔχε
763 2716 1002 2785 χρηστάς
1036 2714 1134 2776 τὰς
1166 2713 1406 2777 ἐλπίδας,
1432 2713 1525 2765 καὶ
1546 2713 1594 2764 οἱ
1633 2711 1769 2781 μετά
1799 2713 1856 2763 σὲ
1887 2711 2008 2764 πάν·
2032 2777 2038 2780 _

343 2825 433 2870 τες
484 2808 582 2876 τῆς
621 2804 868 2858 ἐντεῦθεν
921 2802 1272 2872 παραμυθίας
1323 2800 1777 2861 ἀπολαυέτωσαν,
1827 2799 1920 2852 καὶ
1977 2801 2010 2869 ή

343 2894 465 2963 δψις
504 2893 595 2946 τοῦ
634 2891 860 2962 σημείου
894 2890 1178 2960 παρεχέτω
1201 2887 1442 2959 θαρρεῖν,
1466 2888 1542 2950 ὡς
1568 2885 1750 2940 οὐκέτι
1777 2884 2013 2939 τοιοῦτον

345 2979 632 3035 κλυδώνιον
649 2979 748 3048 τὴν
771 2977 1094 3048 οἰκουμένην
1120 2974 1507 3045 καταλήψεται.
1540 2974 1660 3026 Κᾶν
1684 2975 1792 3043 γὰρ
1821 2972 2014 3028 ἐπιτεί-

344 3085 504 3139 νηται
539 3067 646 3118 τῶν
689 3065 990 3137 ἀνθρώπων
1028 3064 1096 3117 τὰ
1141 3063 1534 3133 ἁμαρτήματα,
1569 3060 1684 3113 ἀλλ’
1714 3060 1824 3128 ἐγὼ
1871 3060 2013 3131 ἆπερ

347 3155 662 3225 ὑπεσχόμην
703 3152 876 3205 ταῦτα
909 3150 1202 3220 πληρώσω,
1241 3149 1334 3202 καὶ
1366 3148 1547 3201 οὐκέτι
1581 3148 1835 3215 τοιαύτην
1874 3148 2016 3201 κατά

346 3242 562 3295 πάντων
579 3241 945 3308 ἀγανάκτησιν
966 3240 1278 3307 ποιήσομαι.
1308 3236 1488 3288 Εῖδετε
1505 3235 1835 3302 ἀγαθότητος
1847 3235 2015 3304 ὐπερο

348 3330 541 3401 ϐολήνς
573 3328 740 3380 εἴδετε
772 3324 1228 3394 «mmmam;
1261 3321 1526 3392 μέγεθοςς
1566 3322 1731 3374 εἴδετε
1785 3323 2014 3392 κηδεμο-

348 3419 468 3482 νίας
498 3418 779 3482 ἐπίτασιν;
824 3414 989 3466 εἴδετε
1039 3411 1347 3481 φιλοτιμίας
1389 3410 1751 3478 ἐπαγγελίαν;
1801 3410 1874 3463 Οὐ
1908 3410 2016 3480 γάρ

354 3507 514 3576 μέχρι
557 3504 648 3556 δύο
693 3502 786 3554 καὶ
824 3501 989 3571 τριῶν
1036 3500 1129 3552 καὶ
1170 3499 1300 3552 δέκα
1330 3497 1532 3566 γενεῶν
1564 3497 1824 3562 ἐξέτεινεν
1853 3496 2014 3550 αὐτοῦ

352 3595 448 3665 τήν
493 3586 830 3663 εὐεργεσίαν,
865 3588 1000 3642 ἀλλά
1030 3589 1096 3658 τῇ
1137 3585 1392 3639 συστάσει
1441 3585 1534 3638 τοῦ
1574 3585 1778 3655 κόσμου
1815 3584 2017 3656 ταύτην

352 3677 762 3750 παρεκταθῆναι
790 3675 1076 3743 ὑπέσχετο,
1107 3673 1194 3725 ἵνα
1227 3671 1286 3734 ἐξ
1308 3671 1582 3741 ἑκατέρων
1609 3671 2005 3740 σωφρονιζώμεο

353 3769 444 3833 θα,
485 3766 579 3820 καὶ
616 3764 674 3829 ἐξ
697 3757 770 3815 ὧν
801 3763 996 3813 ἐκεῖνοι
1026 3758 1112 3812 διὰ
1141 3760 1202 3811 τὸ
1230 3758 1338 3811 τῶν
1363 3758 1779 3828 ἁμαρτημάτων
1817 3757 2018 3828 πλῆθος

349 3853 606 3922 τοιαύτην
641 3849 957 3913 ἐπεδέξαντο
980 3846 1269 3915 τιμωρίαν,
1307 3845 1400 3898 καὶ
1438 3844 1496 3908 ἐξ
1527 3838 1601 3898 ὧν
1628 3846 1786 3915 ἡμεῖς
1811 3845 1897 3898 διά
1920 3845 2019 3915 τὴν

352 3944 558 4010 ἄφατον
604 3937 768 3992 αὐτοῦ
819 3932 1226 4004 φιλανθρωπίαν
1256 3931 1509 4002 τοιαύτης
1537 3931 1846 4001 ἠξιώθημεν
1891 3933 2019 3984 ὐπο-

357 4031 610 4100 σχέσεως.
639 4027 777 4088 Τοὺς
804 4023 912 4094 γάρ
942 4021 1064 4074 νοῦν
1092 4021 1311 4090 ἔχοντας
1340 4022 1434 4073 καὶ
1454 4023 1510 4074 αί
1541 4022 1849 4090 εὐεργεσίαι
1881 4021 2019 4091 μᾶλ-

355 4117 444 4169 λον
484 4116 516 4185 ἢ
565 4117 620 4168 αἱ
653 4112 913 4182 τιμωρίαι
947 4107 1263 4178 ἐφέλκονται
1312 4107 1446 4179 1:90;
1489 4107 1586 4178 τὴν
1631 4107 1874 4176 ὑπακοὴν
1913 4108 2019 4162 τῶν

356 4203 764 4272 ἐπιταγμάτων.

425 4293 518 4362 Μὴ
546 4290 723 4343 τοίνυν
750 4285 1063 4355 ἀγνώμονες
1093 4283 1389 4353 γινώμεθα.
1417 4282 1479 4335 EI
1505 4280 1612 4351 γάρ
1639 4282 1733 4334 καὶ
1761 4281 1887 4354 πρὶν
1909 4282 1943 4352 ή
1966 4300 2017 4334 τι

355 4378 557 4446 ἀγαθὸν
587 4377 729 4446 ἡμᾶς
754 4371 1140 4436 ἐπιδείξασθαι,
1171 4371 1368 4440 μᾶλλον
1391 4369 1447 4422 δὲ
1481 4369 1574 4421 καὶ
1599 4367 1869 4430 κολάσεως
1895 4368 2030 4432 ἀξια

358 4465 761 4537 ἐργασαμένους
794 4460 1061 4530 τοσαύτης
1089 4459 1288 4528 ἠξίωσε
1328 4457 1426 4522 τῆς
1466 4458 1806 4526 εὐεργεσίας,
1835 4457 1883 4508 εί
1932 4457 2021 4508 εὐ-

359 4557 633 4628 γνώμονες
677 4550 986 4621 γενώμεθα,
1019 4548 1113 4602 καὶ
1145 4548 1242 4615 τὴν
1266 4545 1358 4598 ἐπὶ
1393 4549 1503 4608 τοῖς
1542 4545 1900 4615 προλαϐοῦσιν
1930 4545 2022 4596 εὐ-

358 4647 642 4719 χαριστίαν
677 4638 1096 4709 ἐπιδειξῶμεθα,
1124 4637 1217 4689 καὶ
1262 4635 1461 4705 πολλὴν
1489 4635 1586 4704 τὴν
1611 4634 1702 4686 ἐπὶ
1727 4633 1787 4686 τὸ
1815 4633 2021 4703 βέλτιον

363 4733 665 4804 μεταϐολὴν
691 4725 1062 4798 ποιησώμεθα,
1090 4725 1260 4794 πόσης
1288 4723 1385 4774 οὐκ
1421 4722 1487 4776 ἂν
1514 4721 1674 4774 πάλιν
1695 4723 1841 4790 ἡμᾶς
1863 4721 2023 4786 ἀξιώ-

362 4836 432 4891 σῃ
463 4820 563 4886 τῆς
600 4818 724 4887 παρ’
763 4815 924 4868 αὐτοῦ
965 4812 1310 4882 φιλοτιμίας;
1346 4812 1406 4862 Εἰ
1442 4809 1549 4879 γὰρ
1581 4807 1830 4872 ἀναξίους
1866 4809 2024 4871 ὄντας

362 4907 660 4973 εὐεργετεῖ,
707 4903 797 4955 καὶ
838 4901 1226 4971 ἡμαρτηκότας
1277 4897 1798 4966 φιλανθρωπεύεταιο
1845 4898 1893 4948 εί
1927 4897 2024 4966 τῆς

362 4993 560 5052 κακίας
579 4989 910 5050 ἀποστάντες
937 4988 1030 5058 τὴν
1060 4985 1258 5056 ἀρετὴν
1295 4983 1709 5054 μεταδιῶξομεν,
1734 4983 1890 5036 τίνων
1927 4984 2025 5036 οὐκ

362 5077 790 5146 ἐπιτευξόμεθα;
839 5075 936 5126 Διά
961 5073 1068 5143 γὰρ
1100 5072 1253 5125 τοῦτο
1281 5069 1684 5140 προλαμϐάνων
1720 5069 1917 5132 πολλάς
1947 5073 2025 5134 εἰς

365 5170 509 5239 ἡμᾶς
557 5166 655 5227 τὰς
707 5161 1024 5232 εὐεργεσίας
1077 5158 1448 5219 κατατίθεται,
1501 5156 1591 5208 καὶ
1635 5157 2026 5228 ἡμαρτηκότας

365 5257 524 5310 πάλιν
555 5253 691 5316 ἀξιοῖ
713 5247 1060 5317 συγγνώμης,
1097 5247 1191 5299 καὶ
1229 5245 1327 5308 τὰς
1365 5245 1636 5314 τιμωρίας
1680 5244 1832 5315 παρά
1860 5245 2026 5311 πόδας

363 5345 463 5394 οὐκ
518 5340 731 5406 ἐπάγει,
781 5337 866 5389 ἵνα
919 5333 1009 5388 διὰ
1057 5335 1272 5387 πάντων
1319 5334 1464 5403 ἡμᾶς
1514 5332 1901 5402 ἐφελκύσηται,
1934 5333 2026 5386 καὶ

362 5429 429 5482 δι’
474 5425 546 5478 ὧν
586 5423 882 5494 εὐεργετεῖ,
914 5421 1007 5473 καὶ
1050 5420 1118 5472 δι’
1155 5413 1229 5473 ὧν
1271 5419 1628 5490 μακροθυμεῖ.
1663 5419 1929 5483 Πολλάκις
1971 5421 2028 5473 δὲ

367 5516 456 5568 καὶ
483 5513 547 5565 δι’
575 5505 648 5564 ὧν
671 5510 846 5570 ἐνίους
872 5506 1108 5570 κολάζει,
1147 5506 1365 5576 ἐτέρους
1401 5507 1614 5573 ἐνάγειν
1642 5504 1908 5575 βούλεται,
1943 5506 2031 5560 ἵνα

364 5601 444 5671 τῷ
465 5600 684 5653 ἐκείνων
715 5597 862 5665 φόϐῳ
886 5594 1341 5665 σωφρονισθέντες
1365 5592 1464 5662 τῆς
1490 5594 1759 5665 τιμωρίας
1783 5594 1881 5664 τὴν
1911 5597 2030 5647 πεῖ-

373 5704 471 5758 ραν
487 5686 836 5754 διαφύγωσιν.
867 5682 1014 5746 Εἶδες
1038 5683 1345 5753 εὐμήχανον
1375 5680 1538 5735 αὐτοῦ
1561 5681 1964 5750 φιλανθρωπίαν
1987 5695 2028 5747 ³,

376 5779 484 5839 πῶς
519 5775 691 5829 πάντα
717 5772 781 5825 τὰ
811 5772 940 5840 παρ’
974 5771 1138 5824 αὐτοῦ
1171 5769 1427 5840 γινόμενα
1478 5769 1544 5822 δι’
1583 5769 1638 5824 ἓν
1683 5771 1835 5824 τοῦτο
1869 5772 2027 5842 μόνον

425 5906 445 5932 θ
481 5891 593 5950 Αὶὶὶκ
613 5901 874 5962 εἶμήρ-σνον
906 5898 987 5947 τοῦ
1015 5896 1137 5946 Ηιοῦ
1159 5900 1252 5962 τιλ.

1434 326 1496 381 IN
1535 324 1688 381 CAP.
1732 323 1799 378 IX
1838 321 2084 378 GENES.
2127 322 2358 379 IIOMIL.
2402 323 2632 378 XXVIII.

3657 329 3762 380 22956

2098 437 2326 507 γίνεται,
2357 439 2446 492 διὰ
2475 441 2570 511 τὴν
2603 440 2871 512 σωτηρίαν
2909 441 3002 512 τὴν
3031 441 3336 510 ἡμετέραν;
3375 440 3558 494 Ταῦτα
3588 443 3765 499 τοίνυν

2098 528 2420 593 ἐννοοῦντες,
2475 528 2548 599 μὴ
2599 528 2966 599 ρᾳθυμῶμεν,
3026 528 3159 598 μηδὲ
3204 527 3492 598 ἀμελῶμεν
3542 530 3762 600 ἀρετῆς,

2101 617 2233 687 μηδὲ
2257 619 2383 680 τοὺς
2429 619 2556 688 παρ’
2582 617 2746 670 αὐτοῦ
2776 617 3028 680 τεθέντας
3062 616 3258 685 νόμους
3306 616 3760 686 παρατρέχωμεν.

2110 705 2234 757 Ἑάν
2255 705 2361 777 γὰρ
2393 707 2473 775 ἴδῃ
2503 704 2926 774 ἐπιστρέφοντας
2949 704 3114 772 ἡμᾶς,
3139 703 3228 754 καὶ
3253 699 3640 772 ἡσυχάζοντας,
3673 706 3766 758 καὶ

2099 793 2232 856 ἰλως
2263 795 2434 864 ἀρχήν
2462 811 2581 846 τινα
2609 792 2980 860 ποιουμένους,
3005 790 3098 843 καὶ
3127 790 3288 852 αὐτὸς
3316 790 3382 843 τὰ
3415 791 3544 861 παρ’
3571 792 3767 846 ἑαυτοῦ

2102 881 2461 951 συνεισφέρει,
2485 880 2662 949 κοῦφα
2695 881 2786 932 καὶ
2823 879 2978 949 ῥᾴδια
3010 879 3138 947 ἡμῖν
3172 879 3386 931 ἅπαντα
3422 881 3764 934 κατασκευά-

2101 967 2228 1031 ζων,
2269 969 2362 1022 καὶ
2395 969 2494 1020 οὐκ
2521 969 2699 1036 ἀφιεὶς
2731 967 2850 1019 οὐδέ
2878 965 3127 1035 αἴσθησιν
3152 965 3332 1018 λαϐεῖν
3371 966 3476 1018 τῶν
3500 967 3596 1035 τῆς
3635 969 3766 1037 ἀρε-

2099 1057 2200 1125 τῆς
2231 1057 2423 1109 πόνων.
2463 1058 2629 1109 Ὅταν
2669 1055 2776 1124 γὰρ
2816 1053 2960 1123 ψυχὴ
3004 1053 3137 1122 1:90;
3172 1053 3260 1105 τὸν
3306 1053 3437 1105 Θεὸν
3484 1055 3632 1126 τείνῃ
3669 1056 3767 1125 τὴν

2100 1144 2356 1205 οιάνοιαν,
2388 1145 2486 1196 οὐκ
2522 1143 2600 1196 ἔτι
2641 1143 2827 1195 λοιπὸν
2868 1140 3207 1211 ἀπατηθῆναι
3253 1141 3473 1194 δύναται
3523 1142 3627 1194 ὐπὸ
3669 1143 3767 1212 τῆς

2101 1233 2276 1302 ὅψεως
2331 1233 2439 1285 τῶν
2507 1233 2832 1303 ὁρωμένων,
2889 1231 3024 1283 ἀλλά
3095 1230 3268 1282 πάντα
3327 1231 3766 1300 παρατρέχουσα,

2103 1321 2488 1390 ἀκριϐέστερον
2511 1319 2714 1372 τούτων
2749 1319 2855 1370 τῶν
2893 1319 2999 1387 1:90
3027 1318 3132 1369 τῶν
3159 1317 3450 1386 ὀφθαλμῶν
3478 1319 3633 1388 ήμῶν
3657 1336 3768 1370 κει-

2107 1408 2281 1478 μένων
2306 1410 2486 1460 ἐκεῖνα
2517 1408 2840 1476 φαντάζεται
2879 1407 2947 1457 τά
2983 1405 3056 1474 μὴ
3092 1405 3399 1475 βλεπόμενα
3433 1408 3543 1468 τοῖς
3580 1422 3769 1475 σωμα-

2102 1497 2272 1556 τικοῖς
2305 1495 2618 1564 ὀφθαλμοῖς,
2654 1494 2746 1546 καὶ
2783 1492 3084 1562 μεταϐολήν
3110 1492 3209 1544 οὐκ
3237 1493 3592 1562 ἐπιστάμενα,
3635 1493 3770 1546 ἀλλά

2103 1583 2363 1653 διηνεκῶς
2414 1583 2662 1652 μένοντα,
2708 1582 2801 1633 καὶ
2841 1581 3148 1650 πεπηγότα,
3183 1581 3277 1634 καὶ
3311 1581 3542 1648 ἀκίνητα
3569 1581 3771 1650 τυγχά-

2105 1688 2281 1724 νοντα.
2312 1670 2553 1723 Τοιοῦτοι
2584 1670 2690 1740 γάρ
2719 1671 2766 1720 οἱ
2797 1669 2895 1736 τῆς
2923 1669 3158 1730 διανοίας
3190 1667 3475 1738 ὀφθαλμοί·
3511 1670 3646 1738 πρὸς
3672 1670 3772 1738 τὴν

2107 1759 2328 1812 ἐκείνων
2359 1757 2486 1809 θέαν
2526 1756 2786 1824 διηνεκῶς
2818 1755 3081 1824 ἀφορῶσι,
3113 1756 3206 1807 καὶ
3240 1757 3359 1818 ταῖς
3389 1756 3597 1810 ἐκεῖθεν
3632 1775 3772 1828 μαρ-

2110 1846 2380 1916 μαρυγαῖς
2410 1841 2877 1912 καταυγαζόμενοι
2906 1841 3082 1895 πάντα
3114 1841 3182 1895 τὰ
3211 1841 3302 1894 τοῦ
3339 1844 3604 1914 παρόντος
3631 1845 3770 1913 βίου,

2109 1931 2255 2004 [274]
2279 1932 2352 1995 ὡς
2381 1931 2512 2002 ὄναρ
2541 1931 2632 1983 καὶ
2665 1929 2842 1995 σκιάν,
2874 1929 3326 2000 παρατρέχουσιν,
3355 1931 3536 1983 οὐκέτι
3559 1931 3774 2002 ἀπάτην

2109 2020 2488 2090 ὑπομένοντες.
2514 2018 2630 2071 οὐδέ
2663 2017 3121 2088 παραλογισθῆναι
3155 2017 3458 2088 δυνάμενοι·
3507 2019 3642 2073 ἀλλά
3671 2020 3773 2074 κᾶν

2109 2107 2333 2160 πλοῦτον
2361 2107 2562 2166 ἴδωσιν,
2596 2105 2797 2167 εὐθέως
2831 2103 3221 2171 καταγελῶσιν,
3247 2105 3442 2168 εἰδότες
3466 2106 3546 2159 ὃτι
3571 2107 3775 2178 δραπέ-

2108 2210 2202 2245 του
2261 2193 2462 2255 παντὺς
2522 2190 2998 2260 ἀγνωμονέστερον
3056 2191 3164 2242 ἀπὸ
3211 2191 3398 2244 τούτου
3451 2195 3528 2255 εἰς
3569 2195 3774 2246 ἐκεῖνον

2113 2281 2415 2350 μεταπηδᾷ,
2451 2279 2544 2332 καὶ
2584 2279 2836 2332 οὐδέποτε
2864 2279 3098 2341 ἵσταται,
3126 2279 3261 2331 ἀλλά
3298 2280 3388 2332 καὶ
3426 2281 3595 2351 μυρία
3629 2282 3776 2335 κακά

2108 2369 2232 2429 τοὺς
2293 2367 2659 2436 κεκτημένους
2710 2365 2998 2435 διατίθησι,
3036 2367 3129 2419 καὶ
3185 2369 3264 2428 είς
3307 2367 3490 2430 αὐτὸν,
3556 2370 3632 2432 ὼς
3693 2371 3773 2422 εί-

2112 2460 2252 2517 πεῖν,
2284 2457 2383 2527 τῆς
2411 2456 2604 2517 κακίας
2637 2455 2726 2507 τὸν
2760 2454 3002 2524 κρημνὸν
3025 2454 3221 2516 αὐτοὺς
3251 2453 3398 2516 ὦσας
3427 2455 3773 2510 καταϐάλλει.

2111 2543 2229 2595 Κᾶν
2258 2542 2504 2612 σώματος
2530 2541 2828 2610 εὐμορφίαν
2863 2541 3181 2602 θεάσωνται,
3207 2540 3367 2592 πάλιν
3396 2541 3494 2592 οὐκ
3525 2543 3777 2614 ἐπιστρέ-

2113 2649 2321 2700 φονται.
2345 2631 2678 2699 λογιζόμενοι
2714 2629 2770 2680 :0
2809 2629 3088 2698 ἐπίκηρον,
3120 2629 3180 2681 τὸ
3219 2629 3649 2701 εὐμετάϐλητον,
3685 2631 3778 2685 καὶ

2111 2721 2191 2772 ὅτι
2213 2719 2405 2787 ἀθρόον
2427 2718 2580 2779 νόσος
2603 2715 2902 2767 ἐπελθοῦσα
2927 2717 3105 2768 πᾶσαν
3125 2716 3337 2784 ἐκείνην
3358 2715 3458 2785 τὴν
3476 2717 3777 2786 εὐμορφίαν

2113 2807 2363 2876 ἠφάνισε,
2397 2805 2491 2858 καὶ
2521 2804 2626 2873 1:90
2659 2803 2758 2872 τῆς
2791 2803 2944 2854 νόσου
2975 2802 3151 2872 γῆρας
3175 2802 3478 2854 καταλαϐὸν
3518 2805 3652 2873 ἀηδῆ
3684 2807 3778 2859 καὶ

2113 2895 2324 2966 ἀτερπῆ
2353 2893 2450 2962 τὴν
2482 2893 2587 2962 πρὸ
2612 2889 2798 2944 τούτου
2827 2889 3100 2960 εὔμορφον
3124 2889 3246 2956 ὄψιν
3272 2890 3662 2959 ἀπειργάσατο,
3686 2895 3778 2945 καὶ

2115 2981 2340 3044 θάνατος
2367 2981 2422 3032 δέ
2459 2978 2700 3032 ἐπελθὼν
2737 2979 2955 3032 ἃπασαν
2982 2977 3080 3045 τὴν
3107 2976 3200 3029 τοῦ
3234 2977 3481 3046 σώματος
3511 2978 3659 3048 ὤραν
3699 2980 3776 3033 δι-

2115 3071 2352 3140 έφθειρε,
2387 3067 2498 3122 Κᾶν
2520 3067 2675 3132 δόξαν
2712 3066 2862 3120 ἴδωσί
2895 3083 3015 3118 τινα
3044 3064 3523 3136 περιϐεϐλημένον,
3552 3067 3656 3120 κᾶν
3688 3069 3779 3122 δυ-

2116 3156 2387 3217 ναστείαν,
2433 3154 2536 3208 κᾶν
2573 3155 2652 3216 είς
2684 3152 2851 3222 αὐτὴν
2895 3151 3002 3204 τῶν
3036 3151 3362 3221 ἀξιωμάτων
3395 3155 3491 3223 τὴν
3536 3156 3780 3226 κορυφὴν

2116 3242 2498 3313 ἀνεληλυθότα,
2545 3241 2636 3294 καὶ
2695 3239 2876 3308 πάσης
2917 3238 3216 3309 εὐημερίας
3269 3239 3630 3303 ἀπολαύοντα,
3687 3243 3780 3294 καὶ

2113 3328 2300 3382 τοῦτον
2351 3327 2780 3398 παρατρέχουσιν
2837 3326 2913 3388 ῶς
2965 3325 3116 3378 οὐδὲν
3154 3324 3367 3394 βέϐαιον
3416 3327 3622 3396 ἔχοντα,
3660 3329 3784 3382 οὐδέ

2117 3416 2390 3487 ἀκίνητον,
2411 3415 2525 3468 ἀλλ’
2542 3417 2626 3468 ἐπ’
2643 3414 2870 3476 ἐκείνοις
2893 3413 3034 3482 μέγα
3057 3412 3352 3483 φρονοῦντα
3370 3417 3480 3480 τοῖς
3502 3415 3782 3485 ποταμίων

2120 3503 2402 3573 ῥευμάτων
2427 3501 2623 3571 μᾶλλον
2650 3501 3066 3571 παρατρέχουσι.
3105 3499 3167 3550 Τί
3203 3499 3308 3568 γὰρ
3335 3501 3430 3570 τῆς
3456 3499 3611 3571 δόξης
3637 3503 3780 3556 ἀπά-

2120 3606 2218 3658 σης
2249 3587 2342 3640 τοῦ
2373 3587 2634 3657 παρόντος
2657 3587 2773 3656 βίου
2804 3586 3198 3654 εὐτελέστερον,
3230 3586 3358 3637 ὅταν
3392 3586 3469 3656 τῷ
3509 3588 3658 3642 ἄνθει
3687 3591 3780 3645 τοῦ

2117 3677 2310 3747 χόρτου
2340 3673 2783 3746 παραϐάλληταις
2810 3673 2980 3728 Πᾶσα
3001 3671 3110 3742 γὰρ
3134 3673 3282 3735 δόξα
3304 3674 3638 3741 ἀνθρώπου,
3676 3695 3782 3748 φη-

2121 3764 2225 3830 σὶν,
2245 3763 2324 3828 ὡς
2345 3763 2525 3827 ἄνθος
2554 3762 2786 3828 χόρτου.

2189 3880 2251 3936 δ’.
2277 3878 2922 3947 Είδετε,ἀγαπητο“ι,πῶς
2951 3877 3081 3946 μετά
3113 3877 3392 3946 ἀκριϐείας
3411 3880 3608 3948 ὁρῶσιν
3621 3884 3667 3934 οἱ
3687 3883 3783 3951 τῆς

2121 3967 2352 4028 πίστεως
2375 3965 2660 4035 ὀφθαλμοὶ,
2685 3965 2904 4018 ἐπειδὰν
2930 3967 3064 4037 1:90;
3095 3967 3184 4020 τὸν
3215 3967 3347 4019 Θεὸν
3441 3969 3708 4037 τεταμένη
3750 3972 3783 4038 ἡ

2119 4054 2325 4108 διάνοια
2349 4070 2364 4119 ;
2395 4052 2560 4106 εἴδετε
2585 4051 2703 4115 πῶς
2734 4055 2823 4105 ὐπ’
2855 4054 3068 4117 οὐδενὸς
3090 4053 3197 4106 τῶν
3225 4054 3516 4124 ὁρωμένων
3542 4056 3783 4125 παραλο-

2119 4140 2370 4210 γισθῆναι
2424 4139 2694 4200 δύνανται,
2746 4139 2880 4193 ἀλλά
2928 4140 3024 4211 τὴν
3071 4140 3235 4212 ὀρθὴν
3283 4141 3390 4193 τῶν
3441 4145 3790 4212 πραγμάτων

2121 4229 2302 4297 έχουσι
2341 4227 2541 4296 κρίσιν,
2571 4227 2824 4298 οὐδεμίαν
2859 4229 3073 4300 ἀπάτην
3099 4229 3494 4299 ὐπομένοντεςς
3545 4230 3703 4292 Ἀλλ’,
3736 4233 3784 4284 εἰ

2119 4315 2283 4379 δοκεῖ,
2316 4315 2476 4369 πάλιν
2499 4316 2590 4368 ἐπὶ
2616 4315 2714 4384 τὴν
2737 4315 3058 4368 ἀκολουθίαν
3083 4315 3465 4386 ἐπανέλθωμεν
3485 4315 3576 4368 τοῦ
3604 4316 3786 4384 λόγου,

2123 4403 2215 4456 καὶ
2242 4402 2396 4470 ὀλίγα
2431 4401 2755 4470 προσθέντες
2798 4402 3240 4473 καταπαύσωμεν
3281 4403 3378 4473 τὴν
3417 4403 3784 4469 διδασκαλίαν,

2123 4488 2262 4541 ὥστε
2313 4490 2407 4542 καὶ
2443 4488 2534 4558 τὴν
2573 4490 2792 4558 μνήμην
2834 4490 2942 4542 τῶν
2981 4491 3286 4560 εἰρημένων
3324 4491 3603 4561 ἐντεθῆναι
3635 4493 3788 4562 ὐμῶν

2122 4584 2187 4650 τῇ
2213 4579 2435 4650 διανοίᾳ.
2477 4579 2692 4649 Ἐπειδὴ
2716 4578 2824 4650 γὰρ
2855 4579 3099 4632 ἐτέλεσεν
3132 4582 3163 4648 ή
3187 4579 3304 4632 θεία
3330 4581 3514 4652 Γραφὴ
3544 4583 3640 4649 τὴν
3660 4582 3787 4652 περὶ

2122 4669 2216 4721 τοῦ
2261 4666 2678 4735 θείου,τσημείου
2723 4667 2994 4736 διήγησιν,
3061 4665 3305 4736 βούλεται
3360 4668 3520 4720 πάλιν
3580 4668 3786 4730 διδάξαι

2123 4757 2271 4826 ἡμᾶς
2317 4754 2384 4806 τά
2421 4753 2562 4807 κατά
2607 4753 2696 4806 τὸν
2740 4753 2944 4806 δίκαιον
2985 4753 3077 4806 καὶ
3113 4755 3237 4815 τοὺς
3270 4753 3459 4804 τούτου
3491 4754 3657 4815 υἱοὺς,
3697 4754 3788 4807 καί

2125 4857 2308 4912 φησιν’
2331 4836 2526 4893 τΗσαν
2569 4839 2637 4892 δὲ
2683 4844 2737 4894 οἱ
2776 4839 2888 4892 υἱοὶ
2927 4840 3033 4892 τοῦ
3081 4840 3208 4892 Νῶε
3246 4843 3299 4892 οἱ
3332 4840 3683 4902 ἐξελθόντες
3719 4839 3787 4893 ἐκ

2127 4927 2236 4995 τῆς
2273 4927 2539 4991 κιϐωτοῦ,
2579 4931 2622 4979 Σ
2631 4926 2728 4994 im,
2765 4926 2908 4994 Χὺμ,
2955 4924 3170 4992 Ἰάςςεθ.
3213 4926 3338 4991 Χὰμ
3382 4923 3448 4975 δὲ
3479 4920 3555 4992 ἦν
3591 4925 3788 4994 πατὴρ

2127 5016 2231 5069 τοῦ
2256 5013 2515 5068 Χαναὰν.
2554 5011 2710 5080 Τρεῖς
2732 5009 2899 5066 οὗτοί
2924 5014 3080 5064 εἰσιν
3105 5009 3220 5063 υἱοὶ
3250 5010 3392 5063 Νῶεσ
3418 5010 3534 5064 ἀπὸ
3568 5013 3789 5065 τούτων

2127 5101 2547 5170 διεσπάρησαν
2577 5099 2672 5150 ἐπὶ
2703 5098 2910 5151 πᾶσαν
2930 5096 3041 5164 τὴν
3067 5094 3202 5164 γῆν.
3238 5095 3417 5159 Ἀξιον
3449 5096 3680 5148 ἐνταῦθα
3701 5097 3789 5167 ζη-

2127 5189 2308 5259 τῆσαι,
2332 5189 2476 5248 τίνος
2505 5185 2690 5238 ἕνεκεν
2729 5183 2834 5236 τῶν
2861 5183 3026 5253 τριῶν
3052 5180 3181 5234 υἱῶν
3210 5179 3303 5233 τοῦ
3337 5181 3455 5233 Νῶε
3496 5183 3791 5251 μνημονεύ·

2131 5292 2270 5328 σασα
2306 5276 2339 5343 ἡ
2385 5273 2505 5326 θεία
2538 5270 2725 5341 Γραφή
2769 5271 3038 5339 ἐπήγαγε,
3075 5268 3198 5336 Χὰμ
3348 5265 3426 5337 ἦν
3454 5269 3651 5336 πατὴρ
3685 5270 3789 5324 τοῦ

2130 5360 2390 5415 Χαναὰν.
2423 5359 2514 5426 Μή
2547 5357 2824 5426 νομίσητε,
2857 5353 3175 5426 παρακαλῶ,
3211 5355 3394 5418 ἁπλῶς
3430 5356 3587 5408 τοῦτο
3626 5373 3791 5426 προσ-

2131 5449 2405 5522 ερρῖφθαι·
2433 5447 2584 5500 οὐδὲν
2617 5445 2725 5514 γάρ
2761 5447 2874 5498 ἐστι
2916 5444 3022 5498 τῶν
3046 5447 3102 5497 ἐν
3133 5447 3197 5515 τῇ
3227 5445 3345 5514 θεία
3378 5445 3565 5516 Γραφῇ
3607 5446 3790 5514 κειμέ-

2131 5555 2256 5600 νων,
2297 5537 2326 5589 ὃ
2372 5535 2446 5608 μὴ
2481 5534 2619 5604 μετά
2653 5551 2795 5595 τινος
2827 5533 3038 5604 εἴρηται
3070 5531 3253 5599 λόγου,
3296 5531 3494 5601 πολλὴν
3522 5532 3619 5601 τὴν
3648 5531 3790 5597 ὠφέ-

2130 5627 2278 5678 λειαν
2312 5618 2763 5693 ἐγκεκρυμμὲριην
2801 5619 3033 5690 ἔχοντος.
3061 5619 3216 5681 Τίνος
3252 5615 3344 5671 οὖν
3378 5620 3562 5670 ἕνεκεν,
3596 5619 3792 5687 ἐπεσηο

2137 5715 2342 5783 μήνατο
2394 5709 2485 5761 καὶ
2537 5707 2894 5778 προσέθηκεν,
2945 5706 3024 5756 ὅτι
3090 5705 3214 5772 Χὰμ
3246 5705 3312 5755 δὲ
3344 5701 3418 5769 ἦν
3463 5701 3658 5770 πατὴρ
3689 5706 3792 5756 τινῦ

2137 5798 2407 5862 Xuradr;
2458 5797 2710 5849 Βούλεται
2766 5794 2852 5846 διὰ
2898 5792 3084 5844 τούτου
3146 5789 3447 5852 αἰνίξασθαι
3510 5789 3639 5856 ἡμῖν
3703 5790 3792 5854 τῆς

2140 5887 2402 5958 ἀκρασίας
2443 5885 2602 5938 αὐτοῦ
2630 5885 2719 5956 τὴν
2757 5879 3079 5953 ὑπερϐολὴν,
3116 5876 3202 5927 καὶ
3235 5876 3311 5926 ὅτι
3353 5873 3469 5926 οὐδζ
3514 5873 3608 5943 τῆς
3657 5890 3791 5934 σνμ.

3885 5997 3982 6059 ι
