  <div class='ocr_page' id='page_1' title='image "/cluster/home/n/w/nwhite01/storage/ocr_20150623/53/mdp.39015028539479/257.png"; bbox 0 0 4066 6140; ppageno 0'>
   <div class='ocr_carea' id='block_1_1' title="bbox 258 310 361 363">
    <p class='ocr_par' dir='ltr' id='par_1_1' title="bbox 258 310 361 363">
     <span class='ocr_line' id='line_1_1' title="bbox 258 310 361 363; baseline 0 0"><span class='ocrx_word' id='word_1_1' title='bbox 258 310 361 363; x_wconf 68' lang='grc' dir='ltr'>ΞὸἹ</span> 
     </span>
    </p>
   </div>
   <div class='ocr_carea' id='block_1_2' title="bbox 260 414 1921 500">
    <p class='ocr_par' dir='ltr' id='par_1_2' title="bbox 260 414 1921 500">
     <span class='ocr_line' id='line_1_2' title="bbox 260 414 1921 500; baseline -0.01 -17"><span class='ocrx_word' id='word_1_2' title='bbox 260 428 434 500; x_wconf 60' lang='grc' dir='ltr'>φορᾶς</span> <span class='ocrx_word' id='word_1_3' title='bbox 461 425 521 480; x_wconf 89' lang='lat'>16</span> <span class='ocrx_word' id='word_1_4' title='bbox 553 424 778 496; x_wconf 87' lang='grc' dir='ltr'>μέγεθος</span> <span class='ocrx_word' id='word_1_5' title='bbox 816 418 1144 490; x_wconf 80' lang='grc' dir='ltr'>συσταλῆναι</span> <span class='ocrx_word' id='word_1_6' title='bbox 1185 417 1348 475; x_wconf 76' lang='grc' dir='ltr'>αὐτὸν</span> <span class='ocrx_word' id='word_1_7' title='bbox 1378 417 1698 489; x_wconf 85' lang='grc' dir='ltr'>πεποίηκεν,</span> <span class='ocrx_word' id='word_1_8' title='bbox 1731 414 1853 471; x_wconf 73' lang='grc' dir='ltr'>οὐδὲ</span> <span class='ocrx_word' id='word_1_9' title='bbox 1887 415 1921 484; x_wconf 91' lang='grc' dir='ltr'>ή</span> 
     </span>
    </p>
   </div>
   <div class='ocr_carea' id='block_1_3' title="bbox 261 501 1921 584">
    <p class='ocr_par' dir='ltr' id='par_1_3' title="bbox 261 501 1921 584">
     <span class='ocr_line' id='line_1_3' title="bbox 261 501 1921 584; baseline -0.008 -15"><span class='ocrx_word' id='word_1_10' title='bbox 261 514 498 584; x_wconf 77' lang='grc' dir='ltr'>τοσαύτη</span> <span class='ocrx_word' id='word_1_11' title='bbox 548 514 607 566; x_wconf 88' lang='grc' dir='ltr'>ἐν</span> <span class='ocrx_word' id='word_1_12' title='bbox 657 512 727 581; x_wconf 73' lang='grc' dir='ltr'>τῇ</span> <span class='ocrx_word' id='word_1_13' title='bbox 777 507 994 578; x_wconf 82' lang='grc' dir='ltr'>κιϐωτῷ</span> <span class='ocrx_word' id='word_1_14' title='bbox 1038 505 1390 576; x_wconf 74' lang='grc' dir='ltr'>στενοχωρίᾳ,</span> <span class='ocrx_word' id='word_1_15' title='bbox 1430 504 1567 559; x_wconf 87' lang='grc' dir='ltr'>ἀλλά</span> <span class='ocrx_word' id='word_1_16' title='bbox 1613 504 1793 558; x_wconf 88' lang='grc' dir='ltr'>καίτοι</span> <span class='ocrx_word' id='word_1_17' title='bbox 1826 501 1921 556; x_wconf 90' lang='grc' dir='ltr'>τοῦ</span> 
     </span>
    </p>
   </div>
   <div class='ocr_carea' id='block_1_4' title="bbox 262 584 1922 673">
    <p class='ocr_par' dir='ltr' id='par_1_4' title="bbox 262 584 1922 673">
     <span class='ocr_line' id='line_1_4' title="bbox 262 584 1922 673; baseline -0.007 -18"><span class='ocrx_word' id='word_1_18' title='bbox 262 600 569 673; x_wconf 82' lang='grc' dir='ltr'>πρεσϐύτου</span> <span class='ocrx_word' id='word_1_19' title='bbox 610 597 820 650; x_wconf 88' lang='grc' dir='ltr'>οὐδέ-πω</span> <span class='ocrx_word' id='word_1_20' title='bbox 860 595 951 649; x_wconf 74' lang='grc' dir='ltr'>καὶ</span> <span class='ocrx_word' id='word_1_21' title='bbox 988 592 1082 647; x_wconf 85' lang='grc' dir='ltr'>νῦν</span> <span class='ocrx_word' id='word_1_22' title='bbox 1127 592 1625 663; x_wconf 86' lang='grc' dir='ltr'>τεκνοποιήσαντος,</span> <span class='ocrx_word' id='word_1_23' title='bbox 1657 584 1811 653; x_wconf 71' lang='grc' dir='ltr'>οὗτος</span> <span class='ocrx_word' id='word_1_24' title='bbox 1853 591 1922 660; x_wconf 77' lang='grc' dir='ltr'>τῇ</span> 
     </span>
    </p>
   </div>
   <div class='ocr_carea' id='block_1_5' title="bbox 263 677 1924 757">
    <p class='ocr_par' dir='ltr' id='par_1_5' title="bbox 263 677 1924 757">
     <span class='ocr_line' id='line_1_5' title="bbox 263 677 1924 757; baseline -0.007 -17"><span class='ocrx_word' id='word_1_25' title='bbox 263 686 501 757; x_wconf 77' lang='grc' dir='ltr'>ἀκρασίᾳ</span> <span class='ocrx_word' id='word_1_26' title='bbox 521 683 710 738; x_wconf 78' lang='grc' dir='ltr'>ἐαυτὸν</span> <span class='ocrx_word' id='word_1_27' title='bbox 732 682 919 744; x_wconf 83' lang='grc' dir='ltr'>ἐκδοὺς</span> <span class='ocrx_word' id='word_1_28' title='bbox 942 681 998 733; x_wconf 85' lang='grc' dir='ltr'>ἐν</span> <span class='ocrx_word' id='word_1_29' title='bbox 1020 679 1198 750; x_wconf 83' lang='grc' dir='ltr'>καιρῷ</span> <span class='ocrx_word' id='word_1_30' title='bbox 1219 678 1483 751; x_wconf 84' lang='grc' dir='ltr'>τοσαύτης</span> <span class='ocrx_word' id='word_1_31' title='bbox 1503 677 1924 747; x_wconf 71' lang='grc' dir='ltr'>ἀγανακτήσεως</span> 
     </span>
    </p>
   </div>
   <div class='ocr_carea' id='block_1_6' title="bbox 263 762 1927 841">
    <p class='ocr_par' dir='ltr' id='par_1_6' title="bbox 263 762 1927 841">
     <span class='ocr_line' id='line_1_6' title="bbox 263 762 1927 841; baseline -0.008 -11"><span class='ocrx_word' id='word_1_32' title='bbox 263 776 358 830; x_wconf 78' lang='grc' dir='ltr'>καὶ</span> <span class='ocrx_word' id='word_1_33' title='bbox 401 770 772 841; x_wconf 75' lang='grc' dir='ltr'>πανωλεθρίας</span> <span class='ocrx_word' id='word_1_34' title='bbox 810 767 908 839; x_wconf 78' lang='grc' dir='ltr'>τήν</span> <span class='ocrx_word' id='word_1_35' title='bbox 952 766 1275 837; x_wconf 78' lang='grc' dir='ltr'>οἰκουμένην</span> <span class='ocrx_word' id='word_1_36' title='bbox 1308 763 1739 834; x_wconf 77' lang='grc' dir='ltr'>καταλαϐούσης,</span> <span class='ocrx_word' id='word_1_37' title='bbox 1794 762 1927 835; x_wconf 73' lang='grc' dir='ltr'>περὶ</span> 
     </span>
    </p>
   </div>
   <div class='ocr_carea' id='block_1_7' title="bbox 266 850 1924 927">
    <p class='ocr_par' dir='ltr' id='par_1_7' title="bbox 266 850 1924 927">
     <span class='ocr_line' id='line_1_7' title="bbox 266 850 1924 927; baseline -0.008 -13"><span class='ocrx_word' id='word_1_38' title='bbox 266 861 552 914; x_wconf 77' lang='grc' dir='ltr'>συνουσίαν</span> <span class='ocrx_word' id='word_1_39' title='bbox 584 856 886 927; x_wconf 73' lang='grc' dir='ltr'>ἠσχολεῖτο,</span> <span class='ocrx_word' id='word_1_40' title='bbox 921 854 1018 908; x_wconf 69' lang='grc' dir='ltr'>καὶ</span> <span class='ocrx_word' id='word_1_41' title='bbox 1047 854 1107 907; x_wconf 89' lang='lat'><strong>16</strong></span> <span class='ocrx_word' id='word_1_42' title='bbox 1132 853 1460 924; x_wconf 89' lang='grc' dir='ltr'>ἀχαλίνωτον</span> <span class='ocrx_word' id='word_1_43' title='bbox 1488 852 1587 924; x_wconf 78' lang='grc' dir='ltr'>τῆς</span> <span class='ocrx_word' id='word_1_44' title='bbox 1629 850 1924 921; x_wconf 65' lang='grc' dir='ltr'>ἐπιθυμίας</span> 
     </span>
    </p>
   </div>
   <div class='ocr_carea' id='block_1_8' title="bbox 263 937 1925 1011">
    <p class='ocr_par' dir='ltr' id='par_1_8' title="bbox 263 937 1925 1011">
     <span class='ocr_line' id='line_1_8' title="bbox 263 937 1925 1011; baseline -0.008 -8"><span class='ocrx_word' id='word_1_45' title='bbox 263 951 324 1002; x_wconf 85' lang='grc' dir='ltr'>οὐ</span> <span class='ocrx_word' id='word_1_46' title='bbox 365 944 739 1007; x_wconf 83' lang='grc' dir='ltr'>κατέστελλεν,</span> <span class='ocrx_word' id='word_1_47' title='bbox 789 942 903 997; x_wconf 84' lang='grc' dir='ltr'>ἀλλ’</span> <span class='ocrx_word' id='word_1_48' title='bbox 955 940 1054 1011; x_wconf 80' lang='grc' dir='ltr'>ήδη</span> <span class='ocrx_word' id='word_1_49' title='bbox 1103 939 1308 994; x_wconf 83' lang='grc' dir='ltr'>ἄνωθεν</span> <span class='ocrx_word' id='word_1_50' title='bbox 1368 940 1463 992; x_wconf 77' lang='grc' dir='ltr'>καὶ</span> <span class='ocrx_word' id='word_1_51' title='bbox 1516 941 1578 992; x_wconf 88' lang='grc' dir='ltr'>ἐκ</span> <span class='ocrx_word' id='word_1_52' title='bbox 1626 937 1925 1010; x_wconf 67' lang='grc' dir='ltr'>προοιμίων</span> 
     </span>
    </p>
   </div>
   <div class='ocr_carea' id='block_1_9' title="bbox 265 1022 1924 1101">
    <p class='ocr_par' dir='ltr' id='par_1_9' title="bbox 265 1022 1924 1101">
     <span class='ocr_line' id='line_1_9' title="bbox 265 1022 1924 1101; baseline -0.008 -12"><span class='ocrx_word' id='word_1_53' title='bbox 265 1035 473 1089; x_wconf 82' lang='grc' dir='ltr'>ἐκείνου</span> <span class='ocrx_word' id='word_1_54' title='bbox 508 1032 606 1101; x_wconf 84' lang='grc' dir='ltr'>τῆς</span> <span class='ocrx_word' id='word_1_55' title='bbox 639 1029 864 1099; x_wconf 80' lang='grc' dir='ltr'>γνώμης</span> <span class='ocrx_word' id='word_1_56' title='bbox 906 1026 1074 1080; x_wconf 89' lang='grc' dir='ltr'>αὐτοῦ</span> <span class='ocrx_word' id='word_1_57' title='bbox 1125 1027 1186 1078; x_wconf 85' lang='lat'><strong>16</strong></span> <span class='ocrx_word' id='word_1_58' title='bbox 1229 1025 1520 1097; x_wconf 89' lang='grc' dir='ltr'>μοχθηρόν.</span> <span class='ocrx_word' id='word_1_59' title='bbox 1567 1025 1723 1079; x_wconf 78' lang='grc' dir='ltr'>Ἐπεὶ</span> <span class='ocrx_word' id='word_1_60' title='bbox 1773 1022 1924 1095; x_wconf 70' lang='lat'>[275]</span> 
     </span>
    </p>
   </div>
   <div class='ocr_carea' id='block_1_10' title="bbox 263 1111 1927 1191">
    <p class='ocr_par' dir='ltr' id='par_1_10' title="bbox 263 1111 1927 1191">
     <span class='ocr_line' id='line_1_10' title="bbox 263 1111 1927 1191; baseline -0.008 -15"><span class='ocrx_word' id='word_1_61' title='bbox 263 1117 358 1176; x_wconf 77' lang='grc' dir='ltr'>οὖν</span> <span class='ocrx_word' id='word_1_62' title='bbox 386 1119 502 1191; x_wconf 83' lang='grc' dir='ltr'>μετ’</span> <span class='ocrx_word' id='word_1_63' title='bbox 527 1118 589 1172; x_wconf 87' lang='grc' dir='ltr'>οὐ</span> <span class='ocrx_word' id='word_1_64' title='bbox 621 1117 754 1171; x_wconf 85' lang='grc' dir='ltr'>πολύ</span> <span class='ocrx_word' id='word_1_65' title='bbox 794 1116 878 1170; x_wconf 79' lang='grc' dir='ltr'>διὰ</span> <span class='ocrx_word' id='word_1_66' title='bbox 904 1114 1003 1185; x_wconf 84' lang='grc' dir='ltr'>τὴν</span> <span class='ocrx_word' id='word_1_67' title='bbox 1032 1113 1186 1185; x_wconf 81' lang='grc' dir='ltr'>ὓϐριν</span> <span class='ocrx_word' id='word_1_68' title='bbox 1215 1112 1312 1183; x_wconf 84' lang='grc' dir='ltr'>τὴν</span> <span class='ocrx_word' id='word_1_69' title='bbox 1338 1114 1418 1176; x_wconf 90' lang='grc' dir='ltr'>εἰς</span> <span class='ocrx_word' id='word_1_70' title='bbox 1444 1111 1537 1165; x_wconf 86' lang='lat' dir='ltr'>16v</span> <span class='ocrx_word' id='word_1_71' title='bbox 1565 1111 1927 1181; x_wconf 82' lang='grc' dir='ltr'>γεγεννηκότα</span> 
     </span>
    </p>
   </div>
   <div class='ocr_carea' id='block_1_11' title="bbox 270 1200 1924 1280">
    <p class='ocr_par' dir='ltr' id='par_1_11' title="bbox 270 1200 1924 1280">
     <span class='ocr_line' id='line_1_11' title="bbox 270 1200 1924 1280; baseline -0.007 -18"><span class='ocrx_word' id='word_1_72' title='bbox 270 1209 451 1280; x_wconf 81' lang='grc' dir='ltr'>μέλλει</span> <span class='ocrx_word' id='word_1_73' title='bbox 485 1206 582 1277; x_wconf 83' lang='grc' dir='ltr'>τὴν</span> <span class='ocrx_word' id='word_1_74' title='bbox 609 1205 850 1277; x_wconf 82' lang='grc' dir='ltr'>κατάραν</span> <span class='ocrx_word' id='word_1_75' title='bbox 883 1200 1129 1271; x_wconf 85' lang='grc' dir='ltr'>δέχεσθαι</span> <span class='ocrx_word' id='word_1_76' title='bbox 1177 1203 1205 1254; x_wconf 99' lang='lat'>6</span> <span class='ocrx_word' id='word_1_77' title='bbox 1240 1201 1459 1254; x_wconf 78' lang='grc' dir='ltr'>Χαναὰν</span> <span class='ocrx_word' id='word_1_78' title='bbox 1499 1202 1527 1253; x_wconf 93' lang='lat'>6</span> <span class='ocrx_word' id='word_1_79' title='bbox 1557 1200 1746 1253; x_wconf 89' lang='grc' dir='ltr'>τούτου</span> <span class='ocrx_word' id='word_1_80' title='bbox 1775 1200 1924 1262; x_wconf 88' lang='grc' dir='ltr'>παῖς,</span> 
     </span>
    </p>
   </div>
   <div class='ocr_carea' id='block_1_12' title="bbox 265 1285 1925 1363">
    <p class='ocr_par' dir='ltr' id='par_1_12' title="bbox 265 1285 1925 1363">
     <span class='ocr_line' id='line_1_12' title="bbox 265 1285 1925 1363; baseline -0.008 -13"><span class='ocrx_word' id='word_1_81' title='bbox 265 1297 354 1350; x_wconf 75' lang='grc' dir='ltr'>διὰ</span> <span class='ocrx_word' id='word_1_82' title='bbox 388 1295 545 1348; x_wconf 82' lang='grc' dir='ltr'>τοῦτο</span> <span class='ocrx_word' id='word_1_83' title='bbox 571 1292 671 1363; x_wconf 76' lang='grc' dir='ltr'>ήδη</span> <span class='ocrx_word' id='word_1_84' title='bbox 704 1288 1107 1361; x_wconf 84' lang='grc' dir='ltr'>προλαϐοῦσαή</span> <span class='ocrx_word' id='word_1_85' title='bbox 1143 1287 1261 1340; x_wconf 86' lang='grc' dir='ltr'>θεία</span> <span class='ocrx_word' id='word_1_86' title='bbox 1293 1286 1481 1358; x_wconf 82' lang='grc' dir='ltr'>Γραφὴ</span> <span class='ocrx_word' id='word_1_87' title='bbox 1523 1285 1925 1356; x_wconf 87' lang='grc' dir='ltr'>ἐπεσημήνατο,</span> 
     </span>
    </p>
   </div>
   <div class='ocr_carea' id='block_1_13' title="bbox 268 1370 1925 1447">
    <p class='ocr_par' dir='ltr' id='par_1_13' title="bbox 268 1370 1925 1447">
     <span class='ocr_line' id='line_1_13' title="bbox 268 1370 1925 1447; baseline -0.008 -11"><span class='ocrx_word' id='word_1_88' title='bbox 268 1384 362 1436; x_wconf 77' lang='grc' dir='ltr'>καὶ</span> <span class='ocrx_word' id='word_1_89' title='bbox 394 1380 487 1434; x_wconf 80' lang='grc' dir='ltr'>τοῦ</span> <span class='ocrx_word' id='word_1_90' title='bbox 521 1379 708 1440; x_wconf 84' lang='grc' dir='ltr'>παιδὸς</span> <span class='ocrx_word' id='word_1_91' title='bbox 744 1378 875 1447; x_wconf 87' lang='grc' dir='ltr'>ήμίν</span> <span class='ocrx_word' id='word_1_92' title='bbox 904 1374 1000 1446; x_wconf 79' lang='grc' dir='ltr'>τὴν</span> <span class='ocrx_word' id='word_1_93' title='bbox 1034 1374 1402 1445; x_wconf 74' lang='grc' dir='ltr'>προσηγορίαν</span> <span class='ocrx_word' id='word_1_94' title='bbox 1446 1372 1610 1444; x_wconf 85' lang='grc' dir='ltr'>δήλην</span> <span class='ocrx_word' id='word_1_95' title='bbox 1653 1370 1925 1441; x_wconf 87' lang='grc' dir='ltr'>ἐποίησεν,</span> 
     </span>
    </p>
   </div>
   <div class='ocr_carea' id='block_1_14' title="bbox 266 1457 1930 1540">
    <p class='ocr_par' dir='ltr' id='par_1_14' title="bbox 266 1457 1930 1540">
     <span class='ocr_line' id='line_1_14' title="bbox 266 1457 1930 1540; baseline -0.008 -17"><span class='ocrx_word' id='word_1_96' title='bbox 266 1469 404 1540; x_wconf 78' lang='grc' dir='ltr'>ὁμοῦ</span> <span class='ocrx_word' id='word_1_97' title='bbox 456 1467 550 1521; x_wconf 74' lang='grc' dir='ltr'>καὶ</span> <span class='ocrx_word' id='word_1_98' title='bbox 593 1464 686 1518; x_wconf 88' lang='grc' dir='ltr'>τοῦ</span> <span class='ocrx_word' id='word_1_99' title='bbox 733 1462 1117 1533; x_wconf 81' lang='grc' dir='ltr'>γεγεννηκότος</span> <span class='ocrx_word' id='word_1_100' title='bbox 1149 1459 1208 1513; x_wconf 86' lang='grc' dir='ltr'>τὸ</span> <span class='ocrx_word' id='word_1_101' title='bbox 1245 1458 1499 1530; x_wconf 79' lang='grc' dir='ltr'>ἀκρατές’</span> <span class='ocrx_word' id='word_1_102' title='bbox 1544 1460 1609 1511; x_wconf 80' lang='grc' dir='ltr'>ἵν’</span> <span class='ocrx_word' id='word_1_103' title='bbox 1633 1459 1759 1512; x_wconf 85' lang='grc' dir='ltr'>ὅταν</span> <span class='ocrx_word' id='word_1_104' title='bbox 1792 1457 1930 1527; x_wconf 87' lang='grc' dir='ltr'>μετά</span> 
     </span>
    </p>
   </div>
   <div class='ocr_carea' id='block_1_15' title="bbox 267 1545 1926 1626">
    <p class='ocr_par' dir='ltr' id='par_1_15' title="bbox 267 1545 1926 1626">
     <span class='ocr_line' id='line_1_15' title="bbox 267 1545 1926 1626; baseline -0.007 -17"><span class='ocrx_word' id='word_1_105' title='bbox 267 1556 438 1610; x_wconf 82' lang='grc' dir='ltr'>ταῦτα</span> <span class='ocrx_word' id='word_1_106' title='bbox 471 1554 586 1626; x_wconf 76' lang='grc' dir='ltr'>ἴδῃς</span> <span class='ocrx_word' id='word_1_107' title='bbox 611 1551 773 1605; x_wconf 75' lang='grc' dir='ltr'>αὐτὸν</span> <span class='ocrx_word' id='word_1_108' title='bbox 803 1549 1002 1618; x_wconf 84' lang='grc' dir='ltr'>πολλὴν</span> <span class='ocrx_word' id='word_1_109' title='bbox 1038 1549 1135 1618; x_wconf 81' lang='grc' dir='ltr'>τὴν</span> <span class='ocrx_word' id='word_1_110' title='bbox 1159 1546 1549 1617; x_wconf 78' lang='grc' dir='ltr'>ἀγνωμοσύνην</span> <span class='ocrx_word' id='word_1_111' title='bbox 1584 1545 1926 1617; x_wconf 82' lang='grc' dir='ltr'>ἐπιδειξάμε-</span> 
     </span>
    </p>
   </div>
   <div class='ocr_carea' id='block_1_16' title="bbox 266 1630 1930 1710">
    <p class='ocr_par' dir='ltr' id='par_1_16' title="bbox 266 1630 1930 1710">
     <span class='ocr_line' id='line_1_16' title="bbox 266 1630 1930 1710; baseline -0.007 -14"><span class='ocrx_word' id='word_1_112' title='bbox 266 1661 357 1696; x_wconf 86' lang='grc' dir='ltr'>νον</span> <span class='ocrx_word' id='word_1_113' title='bbox 392 1640 524 1710; x_wconf 72' lang='grc' dir='ltr'>πρὸς</span> <span class='ocrx_word' id='word_1_114' title='bbox 548 1640 639 1692; x_wconf 81' lang='lat' dir='ltr'><strong>16v</strong></span> <span class='ocrx_word' id='word_1_115' title='bbox 661 1635 1044 1706; x_wconf 85' lang='grc' dir='ltr'>γεγεννηκότα,</span> <span class='ocrx_word' id='word_1_116' title='bbox 1072 1634 1269 1687; x_wconf 82' lang='grc' dir='ltr'>εἰδέναι</span> <span class='ocrx_word' id='word_1_117' title='bbox 1295 1634 1443 1703; x_wconf 74' lang='grc' dir='ltr'>ἔχῃς,</span> <span class='ocrx_word' id='word_1_118' title='bbox 1484 1635 1565 1686; x_wconf 86' lang='grc' dir='ltr'>ὅτι</span> <span class='ocrx_word' id='word_1_119' title='bbox 1598 1630 1802 1686; x_wconf 83' lang='grc' dir='ltr'>ἄνωθεν</span> <span class='ocrx_word' id='word_1_120' title='bbox 1835 1634 1930 1686; x_wconf 71' lang='grc' dir='ltr'>καὶ</span> 
     </span>
    </p>
   </div>
   <div class='ocr_carea' id='block_1_17' title="bbox 269 1718 1931 1798">
    <p class='ocr_par' dir='ltr' id='par_1_17' title="bbox 269 1718 1931 1798">
     <span class='ocr_line' id='line_1_17' title="bbox 269 1718 1931 1798; baseline -0.016 0"><span class='ocrx_word' id='word_1_121' title='bbox 269 1729 329 1794; x_wconf 64' lang='grc' dir='ltr'>ἐξ</span> <span class='ocrx_word' id='word_1_122' title='bbox 377 1726 553 1798; x_wconf 78' lang='grc' dir='ltr'>ἀρχῆς</span> <span class='ocrx_word' id='word_1_123' title='bbox 602 1724 841 1786; x_wconf 70' lang='grc' dir='ltr'>’τοιοῦτος</span> <span class='ocrx_word' id='word_1_124' title='bbox 888 1718 976 1792; x_wconf 77' lang='grc' dir='ltr'>ἦν,</span> <span class='ocrx_word' id='word_1_125' title='bbox 1009 1720 1083 1784; x_wconf 78' lang='grc' dir='ltr'>ὣς</span> <span class='ocrx_word' id='word_1_126' title='bbox 1109 1737 1172 1789; x_wconf 88' lang='grc' dir='ltr'>γε</span> <span class='ocrx_word' id='word_1_127' title='bbox 1197 1719 1318 1772; x_wconf 77' lang='grc' dir='ltr'>οὐδὲ</span> <span class='ocrx_word' id='word_1_128' title='bbox 1363 1719 1467 1772; x_wconf 77' lang='grc' dir='ltr'>ὑπὸ</span> <span class='ocrx_word' id='word_1_129' title='bbox 1499 1720 1600 1789; x_wconf 81' lang='grc' dir='ltr'>τῆς</span> <span class='ocrx_word' id='word_1_130' title='bbox 1645 1721 1931 1789; x_wconf 80' lang='grc' dir='ltr'>συμφορᾶς</span> 
     </span>
    </p>
   </div>
   <div class='ocr_carea' id='block_1_18' title="bbox 272 1804 1929 1882">
    <p class='ocr_par' dir='ltr' id='par_1_18' title="bbox 272 1804 1929 1882">
     <span class='ocr_line' id='line_1_18' title="bbox 272 1804 1929 1882; baseline -0.006 -14"><span class='ocrx_word' id='word_1_131' title='bbox 272 1811 589 1882; x_wconf 78' lang='grc' dir='ltr'>συνεστάλη.</span> <span class='ocrx_word' id='word_1_132' title='bbox 634 1808 815 1880; x_wconf 83' lang='grc' dir='ltr'>ἰκανὴ</span> <span class='ocrx_word' id='word_1_133' title='bbox 847 1808 955 1878; x_wconf 84' lang='grc' dir='ltr'>γὰρ</span> <span class='ocrx_word' id='word_1_134' title='bbox 1003 1809 1036 1877; x_wconf 89' lang='grc' dir='ltr'>ή</span> <span class='ocrx_word' id='word_1_135' title='bbox 1076 1804 1310 1876; x_wconf 84' lang='grc' dir='ltr'>τοσαύτη</span> <span class='ocrx_word' id='word_1_136' title='bbox 1345 1804 1553 1874; x_wconf 83' lang='grc' dir='ltr'>ἀθυμία</span> <span class='ocrx_word' id='word_1_137' title='bbox 1592 1807 1771 1858; x_wconf 76' lang='grc' dir='ltr'>πᾶσαν</span> <span class='ocrx_word' id='word_1_138' title='bbox 1803 1805 1929 1858; x_wconf 82' lang='grc' dir='ltr'>σϐέ-</span> 
     </span>
    </p>
   </div>
   <div class='ocr_carea' id='block_1_19' title="bbox 271 1891 1931 1970">
    <p class='ocr_par' dir='ltr' id='par_1_19' title="bbox 271 1891 1931 1970">
     <span class='ocr_line' id='line_1_19' title="bbox 271 1891 1931 1970; baseline -0.005 -17"><span class='ocrx_word' id='word_1_139' title='bbox 271 1918 360 1954; x_wconf 88' lang='grc' dir='ltr'>σαι</span> <span class='ocrx_word' id='word_1_140' title='bbox 391 1898 605 1970; x_wconf 80' lang='grc' dir='ltr'>ήδονήν,</span> <span class='ocrx_word' id='word_1_141' title='bbox 642 1896 735 1951; x_wconf 71' lang='grc' dir='ltr'>καὶ</span> <span class='ocrx_word' id='word_1_142' title='bbox 773 1894 924 1949; x_wconf 76' lang='grc' dir='ltr'>οὐδὲν</span> <span class='ocrx_word' id='word_1_143' title='bbox 963 1892 1106 1946; x_wconf 78' lang='grc' dir='ltr'>οὕτω</span> <span class='ocrx_word' id='word_1_144' title='bbox 1131 1891 1336 1962; x_wconf 86' lang='grc' dir='ltr'>ταύτην</span> <span class='ocrx_word' id='word_1_145' title='bbox 1367 1891 1464 1963; x_wconf 82' lang='grc' dir='ltr'>τὴν</span> <span class='ocrx_word' id='word_1_146' title='bbox 1501 1892 1673 1962; x_wconf 83' lang='grc' dir='ltr'>φλόγα</span> <span class='ocrx_word' id='word_1_147' title='bbox 1701 1892 1797 1946; x_wconf 68' lang='grc' dir='ltr'>καὶ</span> <span class='ocrx_word' id='word_1_148' title='bbox 1832 1892 1931 1964; x_wconf 83' lang='grc' dir='ltr'>τὴν</span> 
     </span>
    </p>
   </div>
   <div class='ocr_carea' id='block_1_20' title="bbox 272 1981 1931 2059">
    <p class='ocr_par' dir='ltr' id='par_1_20' title="bbox 272 1981 1931 2059">
     <span class='ocr_line' id='line_1_20' title="bbox 272 1981 1931 2059; baseline -0.004 -17"><span class='ocrx_word' id='word_1_149' title='bbox 272 1992 466 2059; x_wconf 82' lang='grc' dir='ltr'>μανίαν</span> <span class='ocrx_word' id='word_1_150' title='bbox 509 1985 855 2040; x_wconf 82' lang='grc' dir='ltr'>καταστεῖλαι</span> <span class='ocrx_word' id='word_1_151' title='bbox 895 1981 1136 2045; x_wconf 89' lang='grc' dir='ltr'>δύναται,</span> <span class='ocrx_word' id='word_1_152' title='bbox 1181 1981 1256 2045; x_wconf 85' lang='grc' dir='ltr'>ὡς</span> <span class='ocrx_word' id='word_1_153' title='bbox 1284 1982 1517 2052; x_wconf 83' lang='grc' dir='ltr'>ἀθυμίας</span> <span class='ocrx_word' id='word_1_154' title='bbox 1553 1982 1805 2045; x_wconf 78' lang='grc' dir='ltr'>ἐπίτασις</span> <span class='ocrx_word' id='word_1_155' title='bbox 1838 1982 1931 2035; x_wconf 80' lang='grc' dir='ltr'>καὶ</span> 
     </span>
    </p>
   </div>
   <div class='ocr_carea' id='block_1_21' title="bbox 275 2068 1931 2146">
    <p class='ocr_par' dir='ltr' id='par_1_21' title="bbox 275 2068 1931 2146">
     <span class='ocr_line' id='line_1_21' title="bbox 275 2068 1931 2146; baseline -0.004 -16"><span class='ocrx_word' id='word_1_156' title='bbox 275 2075 561 2146; x_wconf 80' lang='grc' dir='ltr'>συμφορᾶς</span> <span class='ocrx_word' id='word_1_157' title='bbox 599 2069 892 2143; x_wconf 75' lang='grc' dir='ltr'>ὑπερϐολή.</span> <span class='ocrx_word' id='word_1_158' title='bbox 947 2068 1006 2122; x_wconf 87' lang='lat'>&#39;0</span> <span class='ocrx_word' id='word_1_159' title='bbox 1062 2069 1241 2122; x_wconf 90' lang='grc' dir='ltr'>τοίνυν</span> <span class='ocrx_word' id='word_1_160' title='bbox 1298 2069 1359 2121; x_wconf 84' lang='grc' dir='ltr'>ἐν</span> <span class='ocrx_word' id='word_1_161' title='bbox 1407 2069 1647 2140; x_wconf 81' lang='grc' dir='ltr'>τοσούτῳ</span> <span class='ocrx_word' id='word_1_162' title='bbox 1710 2068 1931 2140; x_wconf 84' lang='grc' dir='ltr'>μεγέθει</span> 
     </span>
    </p>
   </div>
   <div class='ocr_carea' id='block_1_22' title="bbox 271 2160 1932 2233">
    <p class='ocr_par' dir='ltr' id='par_1_22' title="bbox 271 2160 1932 2233">
     <span class='ocr_line' id='line_1_22' title="bbox 271 2160 1932 2233; baseline -0.002 -13"><span class='ocrx_word' id='word_1_163' title='bbox 271 2166 381 2220; x_wconf 89' lang='grc' dir='ltr'>τῶν</span> <span class='ocrx_word' id='word_1_164' title='bbox 427 2164 611 2220; x_wconf 80' lang='grc' dir='ltr'>κακῶν</span> <span class='ocrx_word' id='word_1_165' title='bbox 657 2160 925 2233; x_wconf 84' lang='grc' dir='ltr'>τοσαύτην</span> <span class='ocrx_word' id='word_1_166' title='bbox 977 2160 1382 2231; x_wconf 77' lang='grc' dir='ltr'>ἐπιδειξάμενος</span> <span class='ocrx_word' id='word_1_167' title='bbox 1437 2162 1536 2232; x_wconf 84' lang='grc' dir='ltr'>τὴν</span> <span class='ocrx_word' id='word_1_168' title='bbox 1584 2160 1781 2215; x_wconf 89' lang='grc' dir='ltr'>λύτταν</span> <span class='ocrx_word' id='word_1_169' title='bbox 1836 2162 1932 2216; x_wconf 74' lang='grc' dir='ltr'>καὶ</span> 
     </span>
    </p>
   </div>
   <div class='ocr_carea' id='block_1_23' title="bbox 275 2247 1932 2323">
    <p class='ocr_par' dir='ltr' id='par_1_23' title="bbox 275 2247 1932 2323">
     <span class='ocr_line' id='line_1_23' title="bbox 275 2247 1932 2323; baseline -0.003 -18"><span class='ocrx_word' id='word_1_170' title='bbox 275 2251 471 2323; x_wconf 88' lang='grc' dir='ltr'>μανίαν</span> <span class='ocrx_word' id='word_1_171' title='bbox 513 2250 644 2319; x_wconf 82' lang='grc' dir='ltr'>περί</span> <span class='ocrx_word' id='word_1_172' title='bbox 666 2251 765 2321; x_wconf 85' lang='grc' dir='ltr'>τὴν</span> <span class='ocrx_word' id='word_1_173' title='bbox 793 2247 1158 2311; x_wconf 78' lang='grc' dir='ltr'>παιδοποιίαν,</span> <span class='ocrx_word' id='word_1_174' title='bbox 1195 2248 1353 2312; x_wconf 88' lang='grc' dir='ltr'>ποίας</span> <span class='ocrx_word' id='word_1_175' title='bbox 1383 2248 1448 2302; x_wconf 86' lang='grc' dir='ltr'>ἂν</span> <span class='ocrx_word' id='word_1_176' title='bbox 1479 2250 1564 2320; x_wconf 80' lang='grc' dir='ltr'>εἴη</span> <span class='ocrx_word' id='word_1_177' title='bbox 1607 2250 1932 2320; x_wconf 82' lang='grc' dir='ltr'>συγγνώμης</span> 
     </span>
    </p>
   </div>
   <div class='ocr_carea' id='block_1_24' title="bbox 271 2339 453 2407">
    <p class='ocr_par' dir='ltr' id='par_1_24' title="bbox 271 2339 453 2407">
     <span class='ocr_line' id='line_1_24' title="bbox 271 2339 453 2407; baseline -0.016 -13"><span class='ocrx_word' id='word_1_178' title='bbox 271 2339 419 2407; x_wconf 77' lang='grc' dir='ltr'>ἄξιος</span> <span class='ocrx_word' id='word_1_179' title='bbox 437 2352 453 2405; x_wconf 90' lang='lat'><strong>;</strong></span> 
     </span>
    </p>
   </div>
   <div class='ocr_carea' id='block_1_25' title="bbox 348 2482 1930 2556">
    <p class='ocr_par' dir='ltr' id='par_1_25' title="bbox 348 2482 1930 2556">
     <span class='ocr_line' id='line_1_25' title="bbox 348 2482 1930 2556; baseline -0.004 -15"><span class='ocrx_word' id='word_1_180' title='bbox 348 2487 489 2541; x_wconf 81' lang='grc' dir='ltr'>Ἀλλ’</span> <span class='ocrx_word' id='word_1_181' title='bbox 507 2485 756 2540; x_wconf 86' lang='grc' dir='ltr'>ἐντεῦθεν</span> <span class='ocrx_word' id='word_1_182' title='bbox 792 2486 923 2556; x_wconf 85' lang='grc' dir='ltr'>ήμϊν</span> <span class='ocrx_word' id='word_1_183' title='bbox 961 2482 1121 2538; x_wconf 87' lang='grc' dir='ltr'>πάλιν</span> <span class='ocrx_word' id='word_1_184' title='bbox 1143 2484 1326 2554; x_wconf 77' lang='grc' dir='ltr'>ἕτερον</span> <span class='ocrx_word' id='word_1_185' title='bbox 1346 2482 1587 2536; x_wconf 78' lang='grc' dir='ltr'>τίκτεται</span> <span class='ocrx_word' id='word_1_186' title='bbox 1609 2483 1847 2553; x_wconf 77' lang='grc' dir='ltr'>ζήτημα,</span> <span class='ocrx_word' id='word_1_187' title='bbox 1870 2482 1930 2535; x_wconf 89' lang='lat'><strong>16</strong></span> 
     </span>
    </p>
   </div>
   <div class='ocr_carea' id='block_1_26' title="bbox 267 2569 1932 2646">
    <p class='ocr_par' dir='ltr' id='par_1_26' title="bbox 267 2569 1932 2646">
     <span class='ocr_line' id='line_1_26' title="bbox 267 2569 1932 2646; baseline -0.004 -17"><span class='ocrx_word' id='word_1_188' title='bbox 267 2572 699 2646; x_wconf 77' lang='grc' dir='ltr'>πολυθρύλλητον</span> <span class='ocrx_word' id='word_1_189' title='bbox 719 2574 895 2625; x_wconf 86' lang='grc' dir='ltr'>ἐκεῖνο</span> <span class='ocrx_word' id='word_1_190' title='bbox 911 2571 1004 2624; x_wconf 75' lang='grc' dir='ltr'>καὶ</span> <span class='ocrx_word' id='word_1_191' title='bbox 1024 2570 1296 2641; x_wconf 82' lang='grc' dir='ltr'>πανταχοῦ</span> <span class='ocrx_word' id='word_1_192' title='bbox 1320 2572 1764 2640; x_wconf 83' lang='grc' dir='ltr'>περιφερόμενον,</span> <span class='ocrx_word' id='word_1_193' title='bbox 1790 2569 1932 2634; x_wconf 90' lang='grc' dir='ltr'>τίνος</span> 
     </span>
    </p>
   </div>
   <div class='ocr_carea' id='block_1_27' title="bbox 265 2656 1930 2731">
    <p class='ocr_par' dir='ltr' id='par_1_27' title="bbox 265 2656 1930 2731">
     <span class='ocr_line' id='line_1_27' title="bbox 265 2656 1930 2731; baseline -0.004 -16"><span class='ocrx_word' id='word_1_194' title='bbox 265 2663 452 2717; x_wconf 76' lang='grc' dir='ltr'>ἕνεκεν</span> <span class='ocrx_word' id='word_1_195' title='bbox 488 2657 582 2714; x_wconf 82' lang='grc' dir='ltr'>τοῦ</span> <span class='ocrx_word' id='word_1_196' title='bbox 621 2656 825 2731; x_wconf 81' lang='grc' dir='ltr'>πατρὸς</span> <span class='ocrx_word' id='word_1_197' title='bbox 862 2657 1194 2729; x_wconf 86' lang='grc' dir='ltr'>ἁμαρτόντος</span> <span class='ocrx_word' id='word_1_198' title='bbox 1213 2659 1241 2710; x_wconf 92' lang='lat'>6</span> <span class='ocrx_word' id='word_1_199' title='bbox 1261 2658 1373 2720; x_wconf 78' lang='grc' dir='ltr'>υίὸς</span> <span class='ocrx_word' id='word_1_200' title='bbox 1391 2656 1487 2727; x_wconf 85' lang='grc' dir='ltr'>τὴν</span> <span class='ocrx_word' id='word_1_201' title='bbox 1509 2657 1751 2727; x_wconf 82' lang='grc' dir='ltr'>κατάραν</span> <span class='ocrx_word' id='word_1_202' title='bbox 1783 2657 1930 2726; x_wconf 81' lang='grc' dir='ltr'>δέχε-</span> 
     </span>
    </p>
   </div>
   <div class='ocr_carea' id='block_1_28' title="bbox 264 2743 1932 2816">
    <p class='ocr_par' dir='ltr' id='par_1_28' title="bbox 264 2743 1932 2816">
     <span class='ocr_line' id='line_1_28' title="bbox 264 2743 1932 2816; baseline -0.002 -15"><span class='ocrx_word' id='word_1_203' title='bbox 264 2764 391 2814; x_wconf 85' lang='grc' dir='ltr'>ται;</span> <span class='ocrx_word' id='word_1_204' title='bbox 424 2747 566 2801; x_wconf 82' lang='grc' dir='ltr'>Ἀλλ’</span> <span class='ocrx_word' id='word_1_205' title='bbox 588 2745 674 2800; x_wconf 83' lang='grc' dir='ltr'>ἵνα</span> <span class='ocrx_word' id='word_1_206' title='bbox 715 2745 789 2816; x_wconf 85' lang='grc' dir='ltr'>μὴ</span> <span class='ocrx_word' id='word_1_207' title='bbox 829 2743 924 2798; x_wconf 89' lang='grc' dir='ltr'>νῦν</span> <span class='ocrx_word' id='word_1_208' title='bbox 965 2744 1173 2816; x_wconf 71' lang='grc' dir='ltr'>μακρὸν</span> <span class='ocrx_word' id='word_1_209' title='bbox 1209 2743 1450 2815; x_wconf 85' lang='grc' dir='ltr'>ποιῶμεν</span> <span class='ocrx_word' id='word_1_210' title='bbox 1472 2745 1561 2797; x_wconf 88' lang='grc' dir='ltr'>τὸν</span> <span class='ocrx_word' id='word_1_211' title='bbox 1580 2744 1754 2812; x_wconf 87' lang='grc' dir='ltr'>λόγον,</span> <span class='ocrx_word' id='word_1_212' title='bbox 1777 2743 1932 2797; x_wconf 90' lang='grc' dir='ltr'>τοῦτο</span> 
     </span>
    </p>
   </div>
   <div class='ocr_carea' id='block_1_29' title="bbox 266 2830 1933 2906">
    <p class='ocr_par' dir='ltr' id='par_1_29' title="bbox 266 2830 1933 2906">
     <span class='ocr_line' id='line_1_29' title="bbox 266 2830 1933 2906; baseline -0.004 -18"><span class='ocrx_word' id='word_1_213' title='bbox 266 2850 332 2888; x_wconf 86' lang='grc' dir='ltr'>τα</span> <span class='ocrx_word' id='word_1_214' title='bbox 340 2833 670 2906; x_wconf 85' lang='grc' dir='ltr'>μιευσόμεθα</span> <span class='ocrx_word' id='word_1_215' title='bbox 688 2832 823 2904; x_wconf 80' lang='grc' dir='ltr'>πρὸς</span> <span class='ocrx_word' id='word_1_216' title='bbox 840 2831 901 2884; x_wconf 86' lang='grc' dir='ltr'>τὸ</span> <span class='ocrx_word' id='word_1_217' title='bbox 921 2848 994 2883; x_wconf 89' lang='grc' dir='ltr'>πα</span> <span class='ocrx_word' id='word_1_218' title='bbox 1003 2831 1113 2903; x_wconf 77' lang='grc' dir='ltr'>ρδν,</span> <span class='ocrx_word' id='word_1_219' title='bbox 1137 2830 1203 2883; x_wconf 79' lang='grc' dir='ltr'>ἶν’</span> <span class='ocrx_word' id='word_1_220' title='bbox 1225 2831 1442 2884; x_wconf 81' lang='grc' dir='ltr'>ἐπειδάν</span> <span class='ocrx_word' id='word_1_221' title='bbox 1463 2832 1543 2895; x_wconf 90' lang='grc' dir='ltr'>εἰς</span> <span class='ocrx_word' id='word_1_222' title='bbox 1563 2831 1723 2885; x_wconf 89' lang='grc' dir='ltr'>αὐτὸν</span> <span class='ocrx_word' id='word_1_223' title='bbox 1742 2830 1833 2884; x_wconf 84' lang='grc' dir='ltr'>τὸν</span> <span class='ocrx_word' id='word_1_224' title='bbox 1851 2830 1933 2883; x_wconf 87' lang='grc' dir='ltr'>τό-</span> 
     </span>
    </p>
   </div>
   <div class='ocr_carea' id='block_1_30' title="bbox 267 2915 1931 2993">
    <p class='ocr_par' dir='ltr' id='par_1_30' title="bbox 267 2915 1931 2993">
     <span class='ocr_line' id='line_1_30' title="bbox 267 2915 1931 2993; baseline -0.005 -16"><span class='ocrx_word' id='word_1_225' title='bbox 267 2939 369 2977; x_wconf 86' lang='grc' dir='ltr'>πον</span> <span class='ocrx_word' id='word_1_226' title='bbox 388 2920 729 2993; x_wconf 80' lang='grc' dir='ltr'>ἀφικώμεθα,</span> <span class='ocrx_word' id='word_1_227' title='bbox 750 2919 873 2974; x_wconf 90' lang='grc' dir='ltr'>τότε</span> <span class='ocrx_word' id='word_1_228' title='bbox 905 2921 1000 2973; x_wconf 73' lang='grc' dir='ltr'>καὶ</span> <span class='ocrx_word' id='word_1_229' title='bbox 1030 2918 1128 2990; x_wconf 82' lang='grc' dir='ltr'>τὴν</span> <span class='ocrx_word' id='word_1_230' title='bbox 1147 2918 1301 2973; x_wconf 89' lang='grc' dir='ltr'>λύσιν</span> <span class='ocrx_word' id='word_1_231' title='bbox 1323 2918 1708 2989; x_wconf 89' lang='grc' dir='ltr'>ἐπαγάγωμεν,</span> <span class='ocrx_word' id='word_1_232' title='bbox 1730 2918 1796 2991; x_wconf 77' lang='grc' dir='ltr'>ὴν</span> <span class='ocrx_word' id='word_1_233' title='bbox 1818 2918 1882 2971; x_wconf 87' lang='grc' dir='ltr'>ἂν</span> <span class='ocrx_word' id='word_1_234' title='bbox 1902 2915 1931 2968; x_wconf 92' lang='lat'>6</span> 
     </span>
    </p>
   </div>
   <div class='ocr_carea' id='block_1_31' title="bbox 267 3004 1932 3080">
    <p class='ocr_par' dir='ltr' id='par_1_31' title="bbox 267 3004 1932 3080">
     <span class='ocr_line' id='line_1_31' title="bbox 267 3004 1932 3080; baseline -0.004 -17"><span class='ocrx_word' id='word_1_235' title='bbox 267 3008 400 3073; x_wconf 74' lang='grc' dir='ltr'>θεὸς</span> <span class='ocrx_word' id='word_1_236' title='bbox 436 3008 713 3080; x_wconf 81' lang='grc' dir='ltr'>παράσχῃ.</span> <span class='ocrx_word' id='word_1_237' title='bbox 737 3007 900 3060; x_wconf 78' lang='grc' dir='ltr'>Οὐδὲν</span> <span class='ocrx_word' id='word_1_238' title='bbox 921 3004 1053 3078; x_wconf 81' lang='grc' dir='ltr'>γὰρ,</span> <span class='ocrx_word' id='word_1_239' title='bbox 1074 3005 1326 3078; x_wconf 85' lang='grc' dir='ltr'>καθάπερ</span> <span class='ocrx_word' id='word_1_240' title='bbox 1347 3004 1517 3075; x_wconf 74' lang='grc' dir='ltr'>ἔφθην</span> <span class='ocrx_word' id='word_1_241' title='bbox 1537 3004 1725 3068; x_wconf 87' lang='grc' dir='ltr'>εἰπὼν,</span> <span class='ocrx_word' id='word_1_242' title='bbox 1749 3004 1854 3057; x_wconf 89' lang='grc' dir='ltr'>τῶν</span> <span class='ocrx_word' id='word_1_243' title='bbox 1873 3006 1932 3057; x_wconf 88' lang='grc' dir='ltr'>ἐν</span> 
     </span>
    </p>
   </div>
   <div class='ocr_carea' id='block_1_32' title="bbox 266 3092 1932 3173">
    <p class='ocr_par' dir='ltr' id='par_1_32' title="bbox 266 3092 1932 3173">
     <span class='ocr_line' id='line_1_32' title="bbox 266 3092 1932 3173; baseline -0.004 -23"><span class='ocrx_word' id='word_1_244' title='bbox 266 3100 334 3173; x_wconf 77' lang='grc' dir='ltr'>τῇ</span> <span class='ocrx_word' id='word_1_245' title='bbox 356 3097 475 3167; x_wconf 71' lang='grc' dir='ltr'>θεία</span> <span class='ocrx_word' id='word_1_246' title='bbox 495 3096 683 3167; x_wconf 76' lang='grc' dir='ltr'>Γραφῇ</span> <span class='ocrx_word' id='word_1_247' title='bbox 705 3093 968 3164; x_wconf 80' lang='grc' dir='ltr'>κειμένων</span> <span class='ocrx_word' id='word_1_248' title='bbox 988 3094 1111 3148; x_wconf 80' lang='grc' dir='ltr'>ἄνευ</span> <span class='ocrx_word' id='word_1_249' title='bbox 1131 3092 1289 3162; x_wconf 89' lang='grc' dir='ltr'>λόγου</span> <span class='ocrx_word' id='word_1_250' title='bbox 1310 3092 1452 3155; x_wconf 77' lang='grc' dir='ltr'>τινὸς</span> <span class='ocrx_word' id='word_1_251' title='bbox 1474 3094 1565 3145; x_wconf 82' lang='grc' dir='ltr'>καὶ</span> <span class='ocrx_word' id='word_1_252' title='bbox 1586 3093 1762 3149; x_wconf 73' lang='grc' dir='ltr'>αἰτίας</span> <span class='ocrx_word' id='word_1_253' title='bbox 1785 3092 1932 3145; x_wconf 76' lang='grc' dir='ltr'>ἐστὶν</span> 
     </span>
    </p>
   </div>
   <div class='ocr_carea' id='block_1_33' title="bbox 267 3174 1933 3255">
    <p class='ocr_par' dir='ltr' id='par_1_33' title="bbox 267 3174 1933 3255">
     <span class='ocr_line' id='line_1_33' title="bbox 267 3174 1933 3255; baseline -0.004 -17"><span class='ocrx_word' id='word_1_254' title='bbox 267 3186 445 3255; x_wconf 80' lang='grc' dir='ltr'>εὑρεῖν</span> <span class='ocrx_word' id='word_1_255' title='bbox 477 3180 945 3252; x_wconf 87' lang='grc' dir='ltr'>ἐγγεγραμμένον.</span> <span class='ocrx_word' id='word_1_256' title='bbox 970 3180 1120 3242; x_wconf 86' lang='grc' dir='ltr'>Τέως</span> <span class='ocrx_word' id='word_1_257' title='bbox 1149 3174 1241 3232; x_wconf 78' lang='grc' dir='ltr'>οὖν</span> <span class='ocrx_word' id='word_1_258' title='bbox 1269 3178 1427 3232; x_wconf 91' lang='grc' dir='ltr'>τοῦτο</span> <span class='ocrx_word' id='word_1_259' title='bbox 1446 3179 1708 3249; x_wconf 79' lang='grc' dir='ltr'>ἔγνωμεν,</span> <span class='ocrx_word' id='word_1_260' title='bbox 1731 3180 1814 3232; x_wconf 84' lang='grc' dir='ltr'>ὅτι</span> <span class='ocrx_word' id='word_1_261' title='bbox 1834 3177 1933 3250; x_wconf 87' lang='grc' dir='ltr'>οὐχ</span> 
     </span>
    </p>
   </div>
   <div class='ocr_carea' id='block_1_34' title="bbox 270 3264 1931 3337">
    <p class='ocr_par' dir='ltr' id='par_1_34' title="bbox 270 3264 1931 3337">
     <span class='ocr_line' id='line_1_34' title="bbox 270 3264 1931 3337; baseline -0.008 -13"><span class='ocrx_word' id='word_1_262' title='bbox 270 3269 476 3335; x_wconf 78' lang='grc' dir='ltr'>ἁπλῶς,</span> <span class='ocrx_word' id='word_1_263' title='bbox 498 3269 593 3322; x_wconf 68' lang='grc' dir='ltr'>καὶ</span> <span class='ocrx_word' id='word_1_264' title='bbox 625 3268 698 3330; x_wconf 87' lang='grc' dir='ltr'>ὼς</span> <span class='ocrx_word' id='word_1_265' title='bbox 735 3266 913 3336; x_wconf 71' lang='grc' dir='ltr'>ἔτυχε,</span> <span class='ocrx_word' id='word_1_266' title='bbox 935 3264 1035 3335; x_wconf 79' lang='grc' dir='ltr'>τῆς</span> <span class='ocrx_word' id='word_1_267' title='bbox 1053 3264 1420 3335; x_wconf 87' lang='grc' dir='ltr'>προσηγορίας</span> <span class='ocrx_word' id='word_1_268' title='bbox 1441 3265 1534 3318; x_wconf 90' lang='grc' dir='ltr'>τοῦ</span> <span class='ocrx_word' id='word_1_269' title='bbox 1556 3264 1671 3318; x_wconf 89' lang='grc' dir='ltr'>υίοῦ</span> <span class='ocrx_word' id='word_1_270' title='bbox 1693 3267 1828 3337; x_wconf 87' lang='grc' dir='ltr'>ἐμνη</span> <span class='ocrx_word' id='word_1_271' title='bbox 1837 3265 1931 3335; x_wconf 83' lang='grc' dir='ltr'>μό.</span> 
     </span>
    </p>
   </div>
   <div class='ocr_carea' id='block_1_35' title="bbox 267 3347 1927 3423">
    <p class='ocr_par' dir='ltr' id='par_1_35' title="bbox 267 3347 1927 3423">
     <span class='ocr_line' id='line_1_35' title="bbox 267 3347 1927 3423; baseline -0.002 -13"><span class='ocrx_word' id='word_1_272' title='bbox 267 3373 453 3411; x_wconf 85' lang='grc' dir='ltr'>νευσεν</span> <span class='ocrx_word' id='word_1_273' title='bbox 474 3358 502 3409; x_wconf 91' lang='lat'>6</span> <span class='ocrx_word' id='word_1_274' title='bbox 521 3353 760 3423; x_wconf 75' lang='grc' dir='ltr'>Μωῦσῆς</span> <span class='ocrx_word' id='word_1_275' title='bbox 782 3350 971 3418; x_wconf 76' lang='grc' dir='ltr'>εἰπὼν,</span> <span class='ocrx_word' id='word_1_276' title='bbox 991 3350 1120 3421; x_wconf 82' lang='grc' dir='ltr'>Χὰμ</span> <span class='ocrx_word' id='word_1_277' title='bbox 1148 3351 1216 3405; x_wconf 82' lang='grc' dir='ltr'>δὲ</span> <span class='ocrx_word' id='word_1_278' title='bbox 1232 3347 1310 3421; x_wconf 82' lang='grc' dir='ltr'>ἦν</span> <span class='ocrx_word' id='word_1_279' title='bbox 1327 3350 1522 3419; x_wconf 77' lang='grc' dir='ltr'>πατὴρ</span> <span class='ocrx_word' id='word_1_280' title='bbox 1544 3353 1647 3406; x_wconf 90' lang='grc' dir='ltr'>τοῦ</span> <span class='ocrx_word' id='word_1_281' title='bbox 1666 3350 1927 3407; x_wconf 69' lang='grc' dir='ltr'>Χαναὰν.</span> 
     </span>
    </p>
   </div>
   <div class='ocr_carea' id='block_1_36' title="bbox 276 3435 1929 3513">
    <p class='ocr_par' dir='ltr' id='par_1_36' title="bbox 276 3435 1929 3513">
     <span class='ocr_line' id='line_1_36' title="bbox 276 3435 1929 3513; baseline -0.002 -16"><span class='ocrx_word' id='word_1_282' title='bbox 276 3442 434 3513; x_wconf 77' lang='grc' dir='ltr'>Τρεῖς</span> <span class='ocrx_word' id='word_1_283' title='bbox 453 3444 607 3494; x_wconf 84' lang='grc' dir='ltr'>εἰσιν</span> <span class='ocrx_word' id='word_1_284' title='bbox 633 3435 797 3494; x_wconf 81' lang='grc' dir='ltr'>οὗτοι</span> <span class='ocrx_word' id='word_1_285' title='bbox 821 3438 960 3503; x_wconf 76' lang='grc' dir='ltr'>υἱοὶ,</span> <span class='ocrx_word' id='word_1_286' title='bbox 995 3439 1149 3509; x_wconf 76' lang='grc' dir='ltr'>φησὶ,</span> <span class='ocrx_word' id='word_1_287' title='bbox 1182 3437 1326 3502; x_wconf 87' lang='grc' dir='ltr'>Νῶε,</span> <span class='ocrx_word' id='word_1_288' title='bbox 1358 3438 1457 3494; x_wconf 78' lang='grc' dir='ltr'>καί</span> <span class='ocrx_word' id='word_1_289' title='bbox 1476 3438 1593 3493; x_wconf 82' lang='grc' dir='ltr'>ἀπὸ</span> <span class='ocrx_word' id='word_1_290' title='bbox 1614 3441 1837 3493; x_wconf 82' lang='grc' dir='ltr'>τούτων</span> <span class='ocrx_word' id='word_1_291' title='bbox 1854 3438 1929 3493; x_wconf 85' lang='lat'>6:-</span> 
     </span>
    </p>
   </div>
   <div class='ocr_carea' id='block_1_37' title="bbox 267 3524 1933 3597">
    <p class='ocr_par' dir='ltr' id='par_1_37' title="bbox 267 3524 1933 3597">
     <span class='ocr_line' id='line_1_37' title="bbox 267 3524 1933 3597; baseline -0.002 -14"><span class='ocrx_word' id='word_1_292' title='bbox 267 3528 625 3596; x_wconf 82' lang='grc' dir='ltr'>εσπιίρησαν</span> <span class='ocrx_word' id='word_1_293' title='bbox 641 3526 735 3578; x_wconf 83' lang='grc' dir='ltr'>ἐπὶ</span> <span class='ocrx_word' id='word_1_294' title='bbox 753 3524 956 3580; x_wconf 77' lang='grc' dir='ltr'>πᾶσαν</span> <span class='ocrx_word' id='word_1_295' title='bbox 975 3524 1089 3593; x_wconf 78' lang='grc' dir='ltr'>τὴν</span> <span class='ocrx_word' id='word_1_296' title='bbox 1107 3524 1242 3594; x_wconf 80' lang='grc' dir='ltr'>γῆν.</span> <span class='ocrx_word' id='word_1_297' title='bbox 1263 3526 1353 3595; x_wconf 83' lang='grc' dir='ltr'>Μὴ</span> <span class='ocrx_word' id='word_1_298' title='bbox 1372 3524 1555 3589; x_wconf 84' lang='grc' dir='ltr'>ἁπλῶς</span> <span class='ocrx_word' id='word_1_299' title='bbox 1574 3543 1648 3578; x_wconf 88' lang='grc' dir='ltr'>πα</span> <span class='ocrx_word' id='word_1_300' title='bbox 1657 3527 1933 3597; x_wconf 87' lang='grc' dir='ltr'>ραδράμω-</span> 
     </span>
    </p>
   </div>
   <div class='ocr_carea' id='block_1_38' title="bbox 273 3613 1930 3688">
    <p class='ocr_par' dir='ltr' id='par_1_38' title="bbox 273 3613 1930 3688">
     <span class='ocr_line' id='line_1_38' title="bbox 273 3613 1930 3688; baseline -0.004 -15"><span class='ocrx_word' id='word_1_301' title='bbox 273 3635 391 3688; x_wconf 90' lang='grc' dir='ltr'>μεν,</span> <span class='ocrx_word' id='word_1_302' title='bbox 415 3616 706 3687; x_wconf 75' lang='grc' dir='ltr'>ἀγαπητοὶ,</span> <span class='ocrx_word' id='word_1_303' title='bbox 740 3614 870 3683; x_wconf 86' lang='grc' dir='ltr'>μηδὲ</span> <span class='ocrx_word' id='word_1_304' title='bbox 888 3614 947 3668; x_wconf 84' lang='lat'><strong>16</strong></span> <span class='ocrx_word' id='word_1_305' title='bbox 966 3614 1057 3667; x_wconf 88' lang='grc' dir='ltr'>νῦν</span> <span class='ocrx_word' id='word_1_306' title='bbox 1077 3613 1259 3686; x_wconf 76' lang='grc' dir='ltr'>ῥηθὲν,</span> <span class='ocrx_word' id='word_1_307' title='bbox 1285 3616 1399 3669; x_wconf 81' lang='grc' dir='ltr'>ἀλλ’</span> <span class='ocrx_word' id='word_1_308' title='bbox 1413 3616 1749 3687; x_wconf 80' lang='grc' dir='ltr'>ἐννοήσωμεν</span> <span class='ocrx_word' id='word_1_309' title='bbox 1765 3616 1856 3668; x_wconf 88' lang='grc' dir='ltr'>καί</span> <span class='ocrx_word' id='word_1_310' title='bbox 1873 3616 1930 3683; x_wconf 78' lang='grc' dir='ltr'>ἐξ</span> 
     </span>
    </p>
   </div>
   <div class='ocr_carea' id='block_1_39' title="bbox 268 3700 1929 3774">
    <p class='ocr_par' dir='ltr' id='par_1_39' title="bbox 268 3700 1929 3774">
     <span class='ocr_line' id='line_1_39' title="bbox 268 3700 1929 3774; baseline -0.004 -15"><span class='ocrx_word' id='word_1_311' title='bbox 268 3705 430 3760; x_wconf 84' lang='grc' dir='ltr'>αὐτοῦ</span> <span class='ocrx_word' id='word_1_312' title='bbox 442 3704 627 3758; x_wconf 89' lang='grc' dir='ltr'>τούτου</span> <span class='ocrx_word' id='word_1_313' title='bbox 639 3704 737 3774; x_wconf 83' lang='grc' dir='ltr'>τῆς</span> <span class='ocrx_word' id='word_1_314' title='bbox 749 3701 1027 3771; x_wconf 88' lang='grc' dir='ltr'>δυνάμεως</span> <span class='ocrx_word' id='word_1_315' title='bbox 1039 3702 1133 3754; x_wconf 88' lang='grc' dir='ltr'>τοῦ</span> <span class='ocrx_word' id='word_1_316' title='bbox 1147 3702 1279 3756; x_wconf 82' lang='grc' dir='ltr'>Θεοῦ</span> <span class='ocrx_word' id='word_1_317' title='bbox 1293 3700 1353 3755; x_wconf 86' lang='lat'><strong>16</strong></span> <span class='ocrx_word' id='word_1_318' title='bbox 1368 3701 1616 3773; x_wconf 86' lang='grc' dir='ltr'>μέγεθος.</span> <span class='ocrx_word' id='word_1_319' title='bbox 1637 3702 1813 3770; x_wconf 81' lang='grc' dir='ltr'>Τρεῖς,</span> <span class='ocrx_word' id='word_1_320' title='bbox 1829 3719 1929 3773; x_wconf 87' lang='grc' dir='ltr'>φη-</span> 
     </span>
    </p>
   </div>
   <div class='ocr_carea' id='block_1_40' title="bbox 269 3785 1930 3862">
    <p class='ocr_par' dir='ltr' id='par_1_40' title="bbox 269 3785 1930 3862">
     <span class='ocr_line' id='line_1_40' title="bbox 269 3785 1930 3862; baseline 0 -19"><span class='ocrx_word' id='word_1_321' title='bbox 269 3792 373 3857; x_wconf 77' lang='grc' dir='ltr'>σὶν,</span> <span class='ocrx_word' id='word_1_322' title='bbox 395 3788 558 3862; x_wconf 79' lang='grc' dir='ltr'>ἦσαν</span> <span class='ocrx_word' id='word_1_323' title='bbox 576 3785 742 3845; x_wconf 86' lang='grc' dir='ltr'>οὗτοι</span> <span class='ocrx_word' id='word_1_324' title='bbox 762 3788 874 3843; x_wconf 75' lang='grc' dir='ltr'>υἱοί</span> <span class='ocrx_word' id='word_1_325' title='bbox 897 3787 1043 3852; x_wconf 83' lang='grc' dir='ltr'>Νῶε,</span> <span class='ocrx_word' id='word_1_326' title='bbox 1065 3789 1162 3842; x_wconf 77' lang='grc' dir='ltr'>καί</span> <span class='ocrx_word' id='word_1_327' title='bbox 1182 3788 1250 3842; x_wconf 84' lang='grc' dir='ltr'>ἐκ</span> <span class='ocrx_word' id='word_1_328' title='bbox 1271 3791 1497 3844; x_wconf 83' lang='grc' dir='ltr'>τούτων</span> <span class='ocrx_word' id='word_1_329' title='bbox 1515 3788 1930 3857; x_wconf 80' lang='grc' dir='ltr'>διεσπάρησαν</span> 
     </span>
    </p>
   </div>
   <div class='ocr_carea' id='block_1_41' title="bbox 267 3874 1929 3947">
    <p class='ocr_par' dir='ltr' id='par_1_41' title="bbox 267 3874 1929 3947">
     <span class='ocr_line' id='line_1_41' title="bbox 267 3874 1929 3947; baseline -0.001 -16"><span class='ocrx_word' id='word_1_330' title='bbox 267 3879 363 3931; x_wconf 80' lang='grc' dir='ltr'>ἐπὶ</span> <span class='ocrx_word' id='word_1_331' title='bbox 381 3876 587 3933; x_wconf 78' lang='grc' dir='ltr'>πᾶσαν</span> <span class='ocrx_word' id='word_1_332' title='bbox 606 3874 719 3944; x_wconf 76' lang='grc' dir='ltr'>τὴν</span> <span class='ocrx_word' id='word_1_333' title='bbox 734 3874 869 3946; x_wconf 68' lang='grc' dir='ltr'>γῆν.</span> <span class='ocrx_word' id='word_1_334' title='bbox 884 3874 1008 3939; x_wconf 86' lang='grc' dir='ltr'>Πῶς</span> <span class='ocrx_word' id='word_1_335' title='bbox 1030 3875 1135 3928; x_wconf 84' lang='grc' dir='ltr'>ἀπὸ</span> <span class='ocrx_word' id='word_1_336' title='bbox 1152 3875 1259 3928; x_wconf 86' lang='grc' dir='ltr'>τῶν</span> <span class='ocrx_word' id='word_1_337' title='bbox 1278 3876 1445 3945; x_wconf 85' lang='grc' dir='ltr'>τριῶν</span> <span class='ocrx_word' id='word_1_338' title='bbox 1459 3875 1709 3930; x_wconf 81' lang='grc' dir='ltr'>τοσοῦτον</span> <span class='ocrx_word' id='word_1_339' title='bbox 1729 3876 1929 3947; x_wconf 82' lang='grc' dir='ltr'>πλῆθος</span> 
     </span>
    </p>
   </div>
   <div class='ocr_carea' id='block_1_42' title="bbox 267 3958 1929 4033">
    <p class='ocr_par' dir='ltr' id='par_1_42' title="bbox 267 3958 1929 4033">
     <span class='ocr_line' id='line_1_42' title="bbox 267 3958 1929 4033; baseline -0.001 -15"><span class='ocrx_word' id='word_1_340' title='bbox 267 3965 505 4019; x_wconf 86' lang='grc' dir='ltr'>ἐπέδωκε</span> <span class='ocrx_word' id='word_1_341' title='bbox 523 3980 537 4029; x_wconf 91' lang='grc'><strong>;</strong></span> <span class='ocrx_word' id='word_1_342' title='bbox 562 3962 679 4026; x_wconf 84' lang='grc' dir='ltr'>πῶς</span> <span class='ocrx_word' id='word_1_343' title='bbox 699 3961 1039 4033; x_wconf 74' lang='grc' dir='ltr'>ἠδυνήθησαν</span> <span class='ocrx_word' id='word_1_344' title='bbox 1058 3960 1339 4032; x_wconf 89' lang='grc' dir='ltr'>διαρκέσαι</span> <span class='ocrx_word' id='word_1_345' title='bbox 1356 3978 1369 4027; x_wconf 91' lang='grc'><strong>;</strong></span> <span class='ocrx_word' id='word_1_346' title='bbox 1393 3960 1509 4024; x_wconf 84' lang='grc' dir='ltr'>πῶς</span> <span class='ocrx_word' id='word_1_347' title='bbox 1529 3962 1592 4015; x_wconf 86' lang='grc' dir='ltr'>ἐκ</span> <span class='ocrx_word' id='word_1_348' title='bbox 1610 3958 1716 4015; x_wconf 87' lang='grc' dir='ltr'>τῶν</span> <span class='ocrx_word' id='word_1_349' title='bbox 1736 3962 1929 4031; x_wconf 85' lang='grc' dir='ltr'>ὀλίγων</span> 
     </span>
    </p>
   </div>
   <div class='ocr_carea' id='block_1_43' title="bbox 266 4049 1929 4121">
    <p class='ocr_par' dir='ltr' id='par_1_43' title="bbox 266 4049 1929 4121">
     <span class='ocr_line' id='line_1_43' title="bbox 266 4049 1929 4121; baseline -0.001 -14"><span class='ocrx_word' id='word_1_350' title='bbox 266 4052 470 4107; x_wconf 86' lang='grc' dir='ltr'>τούτων</span> <span class='ocrx_word' id='word_1_351' title='bbox 507 4052 650 4115; x_wconf 79' lang='grc' dir='ltr'>ἄπας</span> <span class='ocrx_word' id='word_1_352' title='bbox 686 4053 713 4105; x_wconf 87' lang='lat'>6</span> <span class='ocrx_word' id='word_1_353' title='bbox 748 4051 948 4119; x_wconf 83' lang='grc' dir='ltr'>κόσμος</span> <span class='ocrx_word' id='word_1_354' title='bbox 983 4049 1247 4120; x_wconf 86' lang='grc' dir='ltr'>συνέστη;</span> <span class='ocrx_word' id='word_1_355' title='bbox 1281 4050 1398 4113; x_wconf 90' lang='grc' dir='ltr'>πῶς</span> <span class='ocrx_word' id='word_1_356' title='bbox 1416 4050 1595 4114; x_wconf 78' lang='grc' dir='ltr'>αὐτοῖς</span> <span class='ocrx_word' id='word_1_357' title='bbox 1614 4051 1682 4104; x_wconf 88' lang='lat'><strong>16</strong></span> <span class='ocrx_word' id='word_1_358' title='bbox 1702 4052 1929 4121; x_wconf 88' lang='grc' dir='ltr'>σώματα</span> 
     </span>
    </p>
   </div>
   <div class='ocr_carea' id='block_1_44' title="bbox 265 4131 1925 4212">
    <p class='ocr_par' dir='ltr' id='par_1_44' title="bbox 265 4131 1925 4212">
     <span class='ocr_line' id='line_1_44' title="bbox 265 4131 1925 4212; baseline -0.001 -18"><span class='ocrx_word' id='word_1_359' title='bbox 265 4141 528 4210; x_wconf 85' lang='grc' dir='ltr'>διέμεινεν</span> <span class='ocrx_word' id='word_1_360' title='bbox 544 4156 557 4203; x_wconf 90' lang='grc'>;</span> <span class='ocrx_word' id='word_1_361' title='bbox 577 4139 689 4191; x_wconf 87' lang='grc' dir='ltr'>Οὐκ</span> <span class='ocrx_word' id='word_1_362' title='bbox 711 4136 894 4205; x_wconf 76' lang='grc' dir='ltr'>ἰατρὸς</span> <span class='ocrx_word' id='word_1_363' title='bbox 912 4131 979 4205; x_wconf 81' lang='grc' dir='ltr'>ἦν</span> <span class='ocrx_word' id='word_1_364' title='bbox 999 4138 1026 4188; x_wconf 93' lang='lat'>6</span> <span class='ocrx_word' id='word_1_365' title='bbox 1045 4135 1340 4204; x_wconf 86' lang='grc' dir='ltr'>θεραπείαν</span> <span class='ocrx_word' id='word_1_366' title='bbox 1357 4137 1666 4206; x_wconf 87' lang='grc' dir='ltr'>προσάγων,</span> <span class='ocrx_word' id='word_1_367' title='bbox 1681 4139 1779 4190; x_wconf 89' lang='grc' dir='ltr'>οὐκ</span> <span class='ocrx_word' id='word_1_368' title='bbox 1793 4139 1925 4212; x_wconf 83' lang='grc' dir='ltr'>ἄλλη</span> 
     </span>
    </p>
   </div>
   <div class='ocr_carea' id='block_1_45' title="bbox 263 4216 1923 4295">
    <p class='ocr_par' dir='ltr' id='par_1_45' title="bbox 263 4216 1923 4295">
     <span class='ocr_line' id='line_1_45' title="bbox 263 4216 1923 4295; baseline -0.002 -16"><span class='ocrx_word' id='word_1_369' title='bbox 263 4243 347 4289; x_wconf 90' lang='grc' dir='ltr'>τις</span> <span class='ocrx_word' id='word_1_370' title='bbox 367 4224 668 4295; x_wconf 81' lang='grc' dir='ltr'>ἐπιμέλεια.</span> <span class='ocrx_word' id='word_1_371' title='bbox 690 4222 910 4274; x_wconf 82' lang='grc' dir='ltr'>Οὐδέπω</span> <span class='ocrx_word' id='word_1_372' title='bbox 930 4219 1037 4291; x_wconf 80' lang='grc' dir='ltr'>γάρ</span> <span class='ocrx_word' id='word_1_373' title='bbox 1055 4220 1173 4273; x_wconf 87' lang='grc' dir='ltr'>οὐδέ</span> <span class='ocrx_word' id='word_1_374' title='bbox 1195 4219 1376 4284; x_wconf 88' lang='grc' dir='ltr'>πόλεις</span> <span class='ocrx_word' id='word_1_375' title='bbox 1392 4216 1532 4293; x_wconf 85' lang='grc' dir='ltr'>ἦσαν</span> <span class='ocrx_word' id='word_1_376' title='bbox 1551 4223 1923 4294; x_wconf 72' lang='grc' dir='ltr'>δειμάμενοιο,</span> 
     </span>
    </p>
   </div>
   <div class='ocr_carea' id='block_1_46' title="bbox 265 4304 1926 4382">
    <p class='ocr_par' dir='ltr' id='par_1_46' title="bbox 265 4304 1926 4382">
     <span class='ocr_line' id='line_1_46' title="bbox 265 4304 1926 4382; baseline 0 -17"><span class='ocrx_word' id='word_1_377' title='bbox 265 4311 400 4366; x_wconf 68' lang='grc' dir='ltr'>ἀολλά</span> <span class='ocrx_word' id='word_1_378' title='bbox 440 4309 576 4380; x_wconf 89' lang='grc' dir='ltr'>μετά</span> <span class='ocrx_word' id='word_1_379' title='bbox 609 4307 708 4378; x_wconf 82' lang='grc' dir='ltr'>τήν</span> <span class='ocrx_word' id='word_1_380' title='bbox 746 4304 1013 4375; x_wconf 79' lang='grc' dir='ltr'>τοσαύτην</span> <span class='ocrx_word' id='word_1_381' title='bbox 1033 4305 1427 4379; x_wconf 87' lang='grc' dir='ltr'>ταλαιπωρίαν,</span> <span class='ocrx_word' id='word_1_382' title='bbox 1451 4309 1543 4361; x_wconf 75' lang='grc' dir='ltr'>καὶ</span> <span class='ocrx_word' id='word_1_383' title='bbox 1564 4309 1658 4381; x_wconf 87' lang='grc' dir='ltr'>τὴν</span> <span class='ocrx_word' id='word_1_384' title='bbox 1679 4311 1735 4363; x_wconf 88' lang='grc' dir='ltr'>ἐν</span> <span class='ocrx_word' id='word_1_385' title='bbox 1754 4313 1820 4382; x_wconf 74' lang='grc' dir='ltr'>τῇ</span> <span class='ocrx_word' id='word_1_386' title='bbox 1844 4328 1926 4364; x_wconf 82' lang='grc' dir='ltr'>κι-</span> 
     </span>
    </p>
   </div>
   <div class='ocr_carea' id='block_1_47' title="bbox 265 4395 1925 4472">
    <p class='ocr_par' dir='ltr' id='par_1_47' title="bbox 265 4395 1925 4472">
     <span class='ocr_line' id='line_1_47' title="bbox 265 4395 1925 4472; baseline 0.002 -20"><span class='ocrx_word' id='word_1_387' title='bbox 265 4398 422 4468; x_wconf 82' lang='grc' dir='ltr'>ϐωτῷ</span> <span class='ocrx_word' id='word_1_388' title='bbox 462 4397 754 4467; x_wconf 80' lang='grc' dir='ltr'>διαγωγὴν,</span> <span class='ocrx_word' id='word_1_389' title='bbox 777 4395 853 4458; x_wconf 85' lang='grc' dir='ltr'>ὡς</span> <span class='ocrx_word' id='word_1_390' title='bbox 889 4396 1326 4467; x_wconf 84' lang='grc' dir='ltr'>τεταριχευμένοι</span> <span class='ocrx_word' id='word_1_391' title='bbox 1358 4397 1452 4451; x_wconf 76' lang='grc' dir='ltr'>καὶ</span> <span class='ocrx_word' id='word_1_392' title='bbox 1472 4402 1925 4472; x_wconf 83' lang='grc' dir='ltr'>κατειργασμένοι</span> 
     </span>
    </p>
   </div>
   <div class='ocr_carea' id='block_1_48' title="bbox 264 4481 1926 4563">
    <p class='ocr_par' dir='ltr' id='par_1_48' title="bbox 264 4481 1926 4563">
     <span class='ocr_line' id='line_1_48' title="bbox 264 4481 1926 4563; baseline 0.004 -26"><span class='ocrx_word' id='word_1_393' title='bbox 264 4486 504 4559; x_wconf 74' lang='grc' dir='ltr'>ἰξῆλθον,</span> <span class='ocrx_word' id='word_1_394' title='bbox 526 4484 621 4538; x_wconf 76' lang='grc' dir='ltr'>καὶ</span> <span class='ocrx_word' id='word_1_395' title='bbox 640 4485 696 4535; x_wconf 80' lang='grc' dir='ltr'>ἐν</span> <span class='ocrx_word' id='word_1_396' title='bbox 714 4481 949 4555; x_wconf 83' lang='grc' dir='ltr'>τοσαύτῃ</span> <span class='ocrx_word' id='word_1_397' title='bbox 971 4481 1199 4554; x_wconf 86' lang='grc' dir='ltr'>μονώσει</span> <span class='ocrx_word' id='word_1_398' title='bbox 1231 4485 1587 4556; x_wconf 85' lang='grc' dir='ltr'>τυγχάνοντες</span> <span class='ocrx_word' id='word_1_399' title='bbox 1609 4489 1701 4541; x_wconf 75' lang='grc' dir='ltr'>καὶ</span> <span class='ocrx_word' id='word_1_400' title='bbox 1720 4489 1926 4563; x_wconf 77' lang='grc' dir='ltr'>ἐρημίᾳ</span> 
     </span>
    </p>
   </div>
   <div class='ocr_carea' id='block_1_49' title="bbox 263 4567 1924 4646">
    <p class='ocr_par' dir='ltr' id='par_1_49' title="bbox 263 4567 1924 4646">
     <span class='ocr_line' id='line_1_49' title="bbox 263 4567 1924 4646; baseline 0.003 -22"><span class='ocrx_word' id='word_1_401' title='bbox 263 4573 453 4643; x_wconf 76' lang='grc' dir='ltr'>άφάτῳ</span> <span class='ocrx_word' id='word_1_402' title='bbox 476 4569 591 4633; x_wconf 86' lang='grc' dir='ltr'>πῶς</span> <span class='ocrx_word' id='word_1_403' title='bbox 609 4569 669 4623; x_wconf 91' lang='grc' dir='ltr'>οὐ</span> <span class='ocrx_word' id='word_1_404' title='bbox 691 4567 1086 4639; x_wconf 75' lang='grc' dir='ltr'>διεφθάρησαν;</span> <span class='ocrx_word' id='word_1_405' title='bbox 1124 4569 1240 4634; x_wconf 88' lang='grc' dir='ltr'>πῶς</span> <span class='ocrx_word' id='word_1_406' title='bbox 1260 4570 1359 4624; x_wconf 86' lang='grc' dir='ltr'>οὐκ</span> <span class='ocrx_word' id='word_1_407' title='bbox 1378 4571 1654 4626; x_wconf 87' lang='grc' dir='ltr'>ἀπώλοντο</span> <span class='ocrx_word' id='word_1_408' title='bbox 1675 4591 1690 4642; x_wconf 90' lang='grc'><strong>;</strong></span> <span class='ocrx_word' id='word_1_409' title='bbox 1725 4575 1782 4628; x_wconf 80' lang='grc' dir='ltr'><strong>Ὀ</strong></span> <span class='ocrx_word' id='word_1_410' title='bbox 1815 4577 1924 4646; x_wconf 89' lang='grc' dir='ltr'>γάρ</span> 
     </span>
    </p>
   </div>
   <div class='ocr_carea' id='block_1_50' title="bbox 261 4656 1924 4733">
    <p class='ocr_par' dir='ltr' id='par_1_50' title="bbox 261 4656 1924 4733">
     <span class='ocr_line' id='line_1_50' title="bbox 261 4656 1924 4733; baseline 0.002 -21"><span class='ocrx_word' id='word_1_411' title='bbox 261 4658 444 4727; x_wconf 75' lang='grc' dir='ltr'>ςόϐος,</span> <span class='ocrx_word' id='word_1_412' title='bbox 465 4656 585 4710; x_wconf 87' lang='grc' dir='ltr'>εἰπέ</span> <span class='ocrx_word' id='word_1_413' title='bbox 628 4672 739 4726; x_wconf 90' lang='grc' dir='ltr'>μοι,</span> <span class='ocrx_word' id='word_1_414' title='bbox 766 4656 858 4708; x_wconf 74' lang='grc' dir='ltr'>καὶ</span> <span class='ocrx_word' id='word_1_415' title='bbox 894 4656 927 4725; x_wconf 86' lang='grc' dir='ltr'>ή</span> <span class='ocrx_word' id='word_1_416' title='bbox 971 4656 1180 4723; x_wconf 85' lang='grc' dir='ltr'>ἀγωνία</span> <span class='ocrx_word' id='word_1_417' title='bbox 1213 4656 1273 4708; x_wconf 89' lang='grc' dir='ltr'>οὐ</span> <span class='ocrx_word' id='word_1_418' title='bbox 1313 4657 1591 4713; x_wconf 82' lang='grc' dir='ltr'>κατέσειεν</span> <span class='ocrx_word' id='word_1_419' title='bbox 1626 4660 1804 4713; x_wconf 89' lang='grc' dir='ltr'>αὐτῶν</span> <span class='ocrx_word' id='word_1_420' title='bbox 1823 4660 1924 4733; x_wconf 83' lang='grc' dir='ltr'>τήν</span> 
     </span>
    </p>
   </div>
   <div class='ocr_carea' id='block_1_51' title="bbox 259 4741 1918 4819">
    <p class='ocr_par' dir='ltr' id='par_1_51' title="bbox 259 4741 1918 4819">
     <span class='ocr_line' id='line_1_51' title="bbox 259 4741 1918 4819; baseline 0.001 -20"><span class='ocrx_word' id='word_1_421' title='bbox 259 4745 527 4808; x_wconf 82' lang='grc' dir='ltr'>διάνοιαν,</span> <span class='ocrx_word' id='word_1_422' title='bbox 569 4742 664 4796; x_wconf 79' lang='grc' dir='ltr'>καὶ</span> <span class='ocrx_word' id='word_1_423' title='bbox 704 4741 1024 4813; x_wconf 85' lang='grc' dir='ltr'>διετάρασσε</span> <span class='ocrx_word' id='word_1_424' title='bbox 1059 4741 1151 4793; x_wconf 83' lang='grc' dir='ltr'>τὸν</span> <span class='ocrx_word' id='word_1_425' title='bbox 1191 4741 1483 4812; x_wconf 87' lang='grc' dir='ltr'>λογισμόν;</span> <span class='ocrx_word' id='word_1_426' title='bbox 1524 4744 1614 4816; x_wconf 81' lang='grc' dir='ltr'><strong>Μὴ</strong></span> <span class='ocrx_word' id='word_1_427' title='bbox 1654 4746 1918 4819; x_wconf 80' lang='grc' dir='ltr'>ξενισθῇς,</span> 
     </span>
    </p>
   </div>
   <div class='ocr_carea' id='block_1_52' title="bbox 258 4820 1922 4900">
    <p class='ocr_par' dir='ltr' id='par_1_52' title="bbox 258 4820 1922 4900">
     <span class='ocr_line' id='line_1_52' title="bbox 258 4820 1922 4900; baseline 0.022 -51"><span class='ocrx_word' id='word_1_428' title='bbox 258 4827 541 4899; x_wconf 62' lang='grc' dir='ltr'>ἀγαπητέ.</span> <span class='ocrx_word' id='word_1_429' title='bbox 564 4826 694 4890; x_wconf 74' lang='grc' dir='ltr'>θεὸς</span> <span class='ocrx_word' id='word_1_430' title='bbox 731 4826 841 4896; x_wconf 74' lang='grc' dir='ltr'>γὰρ</span> <span class='ocrx_word' id='word_1_431' title='bbox 875 4820 943 4895; x_wconf 85' lang='grc' dir='ltr'>ἦν</span> <span class='ocrx_word' id='word_1_432' title='bbox 982 4825 1010 4876; x_wconf 94' lang='lat'>6</span> <span class='ocrx_word' id='word_1_433' title='bbox 1046 4825 1223 4878; x_wconf 87' lang='grc' dir='ltr'>πάντα</span> <span class='ocrx_word' id='word_1_434' title='bbox 1258 4825 1642 4895; x_wconf 79' lang='grc' dir='ltr'>ἐργαζόμενος,</span> <span class='ocrx_word' id='word_1_435' title='bbox 1664 4828 1922 4900; x_wconf 80' lang='grc' dir='ltr'>καὶότῆς</span> 
     </span>
    </p>
   </div>
   <div class='ocr_carea' id='block_1_53' title="bbox 259 4908 1919 4986">
    <p class='ocr_par' dir='ltr' id='par_1_53' title="bbox 259 4908 1919 4986">
     <span class='ocr_line' id='line_1_53' title="bbox 259 4908 1919 4986; baseline -0.001 -17"><span class='ocrx_word' id='word_1_436' title='bbox 259 4916 472 4985; x_wconf 81' lang='grc' dir='ltr'>φύσεως</span> <span class='ocrx_word' id='word_1_437' title='bbox 491 4913 822 4986; x_wconf 79' lang='grc' dir='ltr'>δημιουργὸς</span> <span class='ocrx_word' id='word_1_438' title='bbox 839 4908 907 4982; x_wconf 83' lang='grc' dir='ltr'>ἦν</span> <span class='ocrx_word' id='word_1_439' title='bbox 925 4912 955 4964; x_wconf 91' lang='lat'>6</span> <span class='ocrx_word' id='word_1_440' title='bbox 974 4910 1150 4964; x_wconf 89' lang='grc' dir='ltr'>πάντα</span> <span class='ocrx_word' id='word_1_441' title='bbox 1169 4908 1341 4963; x_wconf 88' lang='grc' dir='ltr'>ταῦτα</span> <span class='ocrx_word' id='word_1_442' title='bbox 1361 4910 1429 4965; x_wconf 83' lang='lat'><strong>16</strong></span> <span class='ocrx_word' id='word_1_443' title='bbox 1450 4912 1744 4980; x_wconf 82' lang='grc' dir='ltr'>κωλύματα</span> <span class='ocrx_word' id='word_1_444' title='bbox 1765 4916 1919 4970; x_wconf 87' lang='grc' dir='ltr'>ἀναι-</span> 
     </span>
    </p>
   </div>
   <div class='ocr_carea' id='block_1_54' title="bbox 261 4999 1920 5076">
    <p class='ocr_par' dir='ltr' id='par_1_54' title="bbox 261 4999 1920 5076">
     <span class='ocr_line' id='line_1_54' title="bbox 261 4999 1920 5076; baseline 0.002 -20"><span class='ocrx_word' id='word_1_445' title='bbox 261 5003 390 5076; x_wconf 88' lang='grc' dir='ltr'>ρῶν,</span> <span class='ocrx_word' id='word_1_446' title='bbox 413 5004 507 5056; x_wconf 71' lang='grc' dir='ltr'>καὶ</span> <span class='ocrx_word' id='word_1_447' title='bbox 538 5003 598 5056; x_wconf 86' lang='lat'><strong>16</strong></span> <span class='ocrx_word' id='word_1_448' title='bbox 625 5004 955 5074; x_wconf 83' lang='grc' dir='ltr'>πρόσταγμα</span> <span class='ocrx_word' id='word_1_449' title='bbox 980 4999 1144 5053; x_wconf 87' lang='grc' dir='ltr'>αὐτοῦ</span> <span class='ocrx_word' id='word_1_450' title='bbox 1175 5001 1350 5054; x_wconf 87' lang='grc' dir='ltr'>ἐκεῖνο</span> <span class='ocrx_word' id='word_1_451' title='bbox 1384 5000 1444 5053; x_wconf 88' lang='grc' dir='ltr'>τὸ</span> <span class='ocrx_word' id='word_1_452' title='bbox 1463 5001 1637 5069; x_wconf 89' lang='grc' dir='ltr'>λέγον,</span> <span class='ocrx_word' id='word_1_453' title='bbox 1659 5004 1920 5068; x_wconf 80' lang='grc' dir='ltr'>Αὐξάνε-</span> 
     </span>
    </p>
   </div>
   <div class='ocr_carea' id='block_1_55' title="bbox 255 5085 1919 5159">
    <p class='ocr_par' dir='ltr' id='par_1_55' title="bbox 255 5085 1919 5159">
     <span class='ocr_line' id='line_1_55' title="bbox 255 5085 1919 5159; baseline -0.001 -14"><span class='ocrx_word' id='word_1_454' title='bbox 255 5093 365 5145; x_wconf 88' lang='grc' dir='ltr'>σθε</span> <span class='ocrx_word' id='word_1_455' title='bbox 380 5090 480 5143; x_wconf 79' lang='grc' dir='ltr'>καὶ</span> <span class='ocrx_word' id='word_1_456' title='bbox 499 5091 902 5157; x_wconf 71' lang='grc' dir='ltr'>πληθύνεσθε,</span> <span class='ocrx_word' id='word_1_457' title='bbox 928 5087 1020 5140; x_wconf 79' lang='grc' dir='ltr'>καί</span> <span class='ocrx_word' id='word_1_458' title='bbox 1043 5085 1398 5155; x_wconf 83' lang='grc' dir='ltr'>πληρώσατε</span> <span class='ocrx_word' id='word_1_459' title='bbox 1425 5087 1541 5156; x_wconf 77' lang='grc' dir='ltr'>τὴν</span> <span class='ocrx_word' id='word_1_460' title='bbox 1580 5088 1716 5159; x_wconf 71' lang='grc' dir='ltr'>γῆν,</span> <span class='ocrx_word' id='word_1_461' title='bbox 1738 5092 1919 5156; x_wconf 80' lang='grc' dir='ltr'>αὐτοῖς</span> 
     </span>
    </p>
   </div>
   <div class='ocr_carea' id='block_1_56' title="bbox 256 5174 1920 5249">
    <p class='ocr_par' dir='ltr' id='par_1_56' title="bbox 256 5174 1920 5249">
     <span class='ocr_line' id='line_1_56' title="bbox 256 5174 1920 5249; baseline -0.001 -18"><span class='ocrx_word' id='word_1_462' title='bbox 256 5176 393 5231; x_wconf 67' lang='grc' dir='ltr'>καὶδ</span> <span class='ocrx_word' id='word_1_463' title='bbox 430 5175 530 5247; x_wconf 84' lang='grc' dir='ltr'>τὴν</span> <span class='ocrx_word' id='word_1_464' title='bbox 570 5175 811 5228; x_wconf 82' lang='grc' dir='ltr'>ἐπίδοσιν</span> <span class='ocrx_word' id='word_1_465' title='bbox 855 5174 1165 5246; x_wconf 89' lang='grc' dir='ltr'>ἐχαρίσατο.</span> <span class='ocrx_word' id='word_1_466' title='bbox 1196 5174 1346 5228; x_wconf 75' lang='grc' dir='ltr'>Ἐπεὶ</span> <span class='ocrx_word' id='word_1_467' title='bbox 1384 5175 1477 5229; x_wconf 71' lang='grc' dir='ltr'>καὶ</span> <span class='ocrx_word' id='word_1_468' title='bbox 1513 5178 1562 5229; x_wconf 84' lang='grc' dir='ltr'>οί</span> <span class='ocrx_word' id='word_1_469' title='bbox 1595 5177 1920 5249; x_wconf 81' lang='grc' dir='ltr'>Ἰσραηλῖται</span> 
     </span>
    </p>
   </div>
   <div class='ocr_carea' id='block_1_57' title="bbox 254 5260 1919 5336">
    <p class='ocr_par' dir='ltr' id='par_1_57' title="bbox 254 5260 1919 5336">
     <span class='ocr_line' id='line_1_57' title="bbox 254 5260 1919 5336; baseline -0.005 -19"><span class='ocrx_word' id='word_1_470' title='bbox 254 5263 416 5335; x_wconf 85' lang='grc' dir='ltr'>ήνίκα</span> <span class='ocrx_word' id='word_1_471' title='bbox 454 5263 535 5326; x_wconf 89' lang='grc' dir='ltr'>εἰς</span> <span class='ocrx_word' id='word_1_472' title='bbox 570 5262 841 5331; x_wconf 78' lang='grc' dir='ltr'>Αἴγυπτον</span> <span class='ocrx_word' id='word_1_473' title='bbox 860 5263 926 5331; x_wconf 81' lang='grc' dir='ltr'>τῇ</span> <span class='ocrx_word' id='word_1_474' title='bbox 950 5260 1197 5334; x_wconf 71' lang='grc' dir='ltr'>πλινθεία</span> <span class='ocrx_word' id='word_1_475' title='bbox 1224 5262 1318 5316; x_wconf 76' lang='grc' dir='ltr'>καὶ</span> <span class='ocrx_word' id='word_1_476' title='bbox 1346 5262 1422 5332; x_wconf 81' lang='grc' dir='ltr'>τῷ</span> <span class='ocrx_word' id='word_1_477' title='bbox 1449 5262 1605 5333; x_wconf 79' lang='grc' dir='ltr'>πηλῷ</span> <span class='ocrx_word' id='word_1_478' title='bbox 1626 5265 1919 5336; x_wconf 82' lang='grc' dir='ltr'>κατειργά..</span> 
     </span>
    </p>
   </div>
   <div class='ocr_carea' id='block_1_58' title="bbox 258 5347 1917 5423">
    <p class='ocr_par' dir='ltr' id='par_1_58' title="bbox 258 5347 1917 5423">
     <span class='ocr_line' id='line_1_58' title="bbox 258 5347 1917 5423; baseline 0.001 -17"><span class='ocrx_word' id='word_1_479' title='bbox 258 5350 483 5423; x_wconf 86' lang='grc' dir='ltr'>σθησαν.</span> <span class='ocrx_word' id='word_1_480' title='bbox 504 5349 672 5421; x_wconf 81' lang='grc' dir='ltr'>ταύτῃ</span> <span class='ocrx_word' id='word_1_481' title='bbox 711 5347 890 5420; x_wconf 82' lang='grc' dir='ltr'>πολλῷ</span> <span class='ocrx_word' id='word_1_482' title='bbox 928 5349 1130 5420; x_wconf 76' lang='grc' dir='ltr'>μᾶλλον</span> <span class='ocrx_word' id='word_1_483' title='bbox 1167 5351 1246 5413; x_wconf 89' lang='grc' dir='ltr'>εἰς</span> <span class='ocrx_word' id='word_1_484' title='bbox 1280 5348 1481 5420; x_wconf 81' lang='grc' dir='ltr'>πλῆθος</span> <span class='ocrx_word' id='word_1_485' title='bbox 1500 5352 1798 5416; x_wconf 84' lang='grc' dir='ltr'>ἐπέδωκαν,</span> <span class='ocrx_word' id='word_1_486' title='bbox 1819 5351 1917 5409; x_wconf 82' lang='grc' dir='ltr'>καὶ</span> 
     </span>
    </p>
   </div>
   <div class='ocr_carea' id='block_1_59' title="bbox 257 5436 1920 5511">
    <p class='ocr_par' dir='ltr' id='par_1_59' title="bbox 257 5436 1920 5511">
     <span class='ocr_line' id='line_1_59' title="bbox 257 5436 1920 5511; baseline -0.001 -16"><span class='ocrx_word' id='word_1_487' title='bbox 257 5438 375 5496; x_wconf 67' lang='grc' dir='ltr'>οὔτε</span> <span class='ocrx_word' id='word_1_488' title='bbox 394 5439 456 5493; x_wconf 87' lang='lat'><strong>16</strong></span> <span class='ocrx_word' id='word_1_489' title='bbox 475 5437 698 5509; x_wconf 85' lang='grc' dir='ltr'>άνηλεές</span> <span class='ocrx_word' id='word_1_490' title='bbox 717 5439 894 5491; x_wconf 86' lang='grc' dir='ltr'>ἐκεῖνο</span> <span class='ocrx_word' id='word_1_491' title='bbox 913 5437 1008 5491; x_wconf 74' lang='grc' dir='ltr'>καὶ</span> <span class='ocrx_word' id='word_1_492' title='bbox 1025 5436 1174 5507; x_wconf 84' lang='grc' dir='ltr'>ὠμὸν</span> <span class='ocrx_word' id='word_1_493' title='bbox 1192 5436 1470 5508; x_wconf 77' lang='grc' dir='ltr'>ἐπίταγμα</span> <span class='ocrx_word' id='word_1_494' title='bbox 1503 5437 1596 5494; x_wconf 85' lang='grc' dir='ltr'>τοῦ</span> <span class='ocrx_word' id='word_1_495' title='bbox 1615 5439 1835 5511; x_wconf 76' lang='grc' dir='ltr'>Φαραῶ,</span> <span class='ocrx_word' id='word_1_496' title='bbox 1858 5449 1920 5503; x_wconf 77' lang='grc' dir='ltr'>τὸ</span> 
     </span>
    </p>
   </div>
   <div class='ocr_carea' id='block_1_60' title="bbox 256 5526 1908 5608">
    <p class='ocr_par' dir='ltr' id='par_1_60' title="bbox 256 5526 1908 5608">
     <span class='ocr_line' id='line_1_60' title="bbox 256 5526 1908 5608; baseline -0.001 -18"><span class='ocrx_word' id='word_1_497' title='bbox 256 5536 471 5592; x_wconf 80' lang='grc' dir='ltr'>κελεῦον</span> <span class='ocrx_word' id='word_1_498' title='bbox 489 5536 557 5591; x_wconf 84' lang='grc' dir='ltr'>τά</span> <span class='ocrx_word' id='word_1_499' title='bbox 576 5537 778 5607; x_wconf 76' lang='grc' dir='ltr'>ἄρρενα</span> <span class='ocrx_word' id='word_1_500' title='bbox 798 5535 878 5598; x_wconf 85' lang='grc' dir='ltr'>εἰς</span> <span class='ocrx_word' id='word_1_501' title='bbox 898 5533 990 5587; x_wconf 86' lang='lat' dir='ltr'>16v</span> <span class='ocrx_word' id='word_1_502' title='bbox 1011 5526 1252 5605; x_wconf 75' lang='grc' dir='ltr'>ποταμὸν</span> <span class='ocrx_word' id='word_1_503' title='bbox 1286 5534 1592 5605; x_wconf 78' lang='grc' dir='ltr'>ῥίπτεσθαι,</span> <span class='ocrx_word' id='word_1_504' title='bbox 1613 5536 1733 5592; x_wconf 79' lang='grc' dir='ltr'>οὐδὲ</span> <span class='ocrx_word' id='word_1_505' title='bbox 1755 5539 1789 5608; x_wconf 70' lang='grc' dir='ltr'>ἡ</span> <span class='ocrx_word' id='word_1_506' title='bbox 1808 5541 1908 5594; x_wconf 85' lang='grc' dir='ltr'>λοι-</span> 
     </span>
    </p>
   </div>
   <div class='ocr_carea' id='block_1_61' title="bbox 316 5773 1166 5835">
    <p class='ocr_par' dir='ltr' id='par_1_61' title="bbox 316 5773 1166 5835">
     <span class='ocr_line' id='line_1_61' title="bbox 316 5773 1166 5835; baseline -0.004 -9"><span class='ocrx_word' id='word_1_507' title='bbox 316 5781 341 5807; x_wconf 82' lang='grc'><strong>⁸</strong></span> <span class='ocrx_word' id='word_1_508' title='bbox 365 5778 461 5826; x_wconf 73' lang='lat' dir='ltr'>Alii</span> <span class='ocrx_word' id='word_1_509' title='bbox 481 5778 640 5832; x_wconf 82' lang='grc' dir='ltr'>πόλεις</span> <span class='ocrx_word' id='word_1_510' title='bbox 659 5776 782 5835; x_wconf 79' lang='grc' dir='ltr'>ἦσαν</span> <span class='ocrx_word' id='word_1_511' title='bbox 800 5773 1166 5835; x_wconf 71' lang='grc' dir='ltr'>διανειμάμενοι.</span> 
     </span>
    </p>
   </div>
   <div class='ocr_carea' id='block_1_62' title="bbox 314 5834 1097 5909">
    <p class='ocr_par' dir='ltr' id='par_1_62' title="bbox 314 5834 1097 5909">
     <span class='ocr_line' id='line_1_62' title="bbox 314 5834 1097 5909; baseline -0.006 -20"><span class='ocrx_word' id='word_1_512' title='bbox 314 5838 341 5879; x_wconf 73' lang='grc' dir='ltr'>ι’</span> <span class='ocrx_word' id='word_1_513' title='bbox 360 5839 459 5889; x_wconf 70' lang='lat' dir='ltr'>Alii</span> <span class='ocrx_word' id='word_1_514' title='bbox 480 5839 594 5888; x_wconf 80' lang='grc' dir='ltr'>αὐτὸ</span> <span class='ocrx_word' id='word_1_515' title='bbox 618 5834 717 5909; x_wconf 61' lang='grc' dir='ltr'>καί,</span> <span class='ocrx_word' id='word_1_516' title='bbox 743 5836 829 5889; x_wconf 76' lang='lat' dir='ltr'>alii</span> <span class='ocrx_word' id='word_1_517' title='bbox 849 5835 979 5902; x_wconf 75' lang='grc' dir='ltr'>αὐτῷ</span> <span class='ocrx_word' id='word_1_518' title='bbox 999 5834 1097 5884; x_wconf 81' lang='grc' dir='ltr'>καί.</span> 
     </span>
    </p>
   </div>
   <div class='ocr_carea' id='block_1_63' title="bbox 1049 296 2914 360">
    <p class='ocr_par' dir='ltr' id='par_1_63' title="bbox 1049 296 2914 360">
     <span class='ocr_line' id='line_1_63' title="bbox 1049 296 2914 360; baseline -0.005 0"><span class='ocrx_word' id='word_1_519' title='bbox 1049 305 1105 360; x_wconf 84' lang='lat' dir='ltr'>S.</span> <span class='ocrx_word' id='word_1_520' title='bbox 1148 303 1433 360; x_wconf 80' lang='lat' dir='ltr'>JOANNIS</span> <span class='ocrx_word' id='word_1_521' title='bbox 1470 299 1966 357; x_wconf 76' lang='lat' dir='ltr'>CHRYSOSTOMI</span> <span class='ocrx_word' id='word_1_522' title='bbox 2009 296 2328 354; x_wconf 74' lang='lat' dir='ltr'>ARCHIEP.</span> <span class='ocrx_word' id='word_1_523' title='bbox 2368 296 2914 354; x_wconf 71' lang='lat' dir='ltr'>GONSTANTINOP.</span> 
     </span>
    </p>
   </div>
   <div class='ocr_carea' id='block_1_64' title="bbox 3580 297 3687 352">
    <p class='ocr_par' dir='ltr' id='par_1_64' title="bbox 3580 297 3687 352">
     <span class='ocr_line' id='line_1_64' title="bbox 3580 297 3687 352; baseline 0.028 -3"><span class='ocrx_word' id='word_1_524' title='bbox 3580 297 3687 352; x_wconf 68' lang='grc' dir='ltr'>εεε</span> 
     </span>
    </p>
   </div>
   <div class='ocr_carea' id='block_1_65' title="bbox 2027 410 3690 484">
    <p class='ocr_par' dir='ltr' id='par_1_65' title="bbox 2027 410 3690 484">
     <span class='ocr_line' id='line_1_65' title="bbox 2027 410 3690 484; baseline -0.001 -16"><span class='ocrx_word' id='word_1_525' title='bbox 2027 412 2104 484; x_wconf 79' lang='grc' dir='ltr'>πὴ</span> <span class='ocrx_word' id='word_1_526' title='bbox 2125 412 2409 483; x_wconf 87' lang='grc' dir='ltr'>κακουχία,</span> <span class='ocrx_word' id='word_1_527' title='bbox 2431 412 2498 483; x_wconf 78' lang='grc' dir='ltr'>ἢν</span> <span class='ocrx_word' id='word_1_528' title='bbox 2518 412 2622 466; x_wconf 80' lang='grc' dir='ltr'>ὑπὸ</span> <span class='ocrx_word' id='word_1_529' title='bbox 2640 411 2748 464; x_wconf 89' lang='grc' dir='ltr'>τῶν</span> <span class='ocrx_word' id='word_1_530' title='bbox 2768 410 3141 483; x_wconf 83' lang='grc' dir='ltr'>ἐργοδιωκτῶν</span> <span class='ocrx_word' id='word_1_531' title='bbox 3159 412 3448 482; x_wconf 72' lang='grc' dir='ltr'>ὑπέμενον,</span> <span class='ocrx_word' id='word_1_532' title='bbox 3470 414 3690 482; x_wconf 75' lang='grc' dir='ltr'>ἴσχυσεν</span> 
     </span>
    </p>
   </div>
   <div class='ocr_carea' id='block_1_66' title="bbox 2021 498 3690 571">
    <p class='ocr_par' dir='ltr' id='par_1_66' title="bbox 2021 498 3690 571">
     <span class='ocr_line' id='line_1_66' title="bbox 2021 498 3690 571; baseline -0.001 -18"><span class='ocrx_word' id='word_1_533' title='bbox 2021 499 2322 553; x_wconf 88' lang='grc' dir='ltr'>ἐλαττῶσαι</span> <span class='ocrx_word' id='word_1_534' title='bbox 2359 498 2537 553; x_wconf 87' lang='grc' dir='ltr'>αὐτῶν</span> <span class='ocrx_word' id='word_1_535' title='bbox 2573 499 2634 553; x_wconf 87' lang='lat'><strong>16</strong></span> <span class='ocrx_word' id='word_1_536' title='bbox 2654 498 2878 568; x_wconf 82' lang='grc' dir='ltr'>πλῆθος,</span> <span class='ocrx_word' id='word_1_537' title='bbox 2901 498 3036 553; x_wconf 82' lang='grc' dir='ltr'>ἀλλὰ</span> <span class='ocrx_word' id='word_1_538' title='bbox 3056 501 3149 552; x_wconf 74' lang='grc' dir='ltr'>καὶ</span> <span class='ocrx_word' id='word_1_539' title='bbox 3171 500 3371 569; x_wconf 83' lang='grc' dir='ltr'>μᾶλλον</span> <span class='ocrx_word' id='word_1_540' title='bbox 3390 501 3469 562; x_wconf 86' lang='grc' dir='ltr'>είς</span> <span class='ocrx_word' id='word_1_541' title='bbox 3488 500 3690 571; x_wconf 70' lang='grc' dir='ltr'>πλῆθος</span> 
     </span>
    </p>
   </div>
   <div class='ocr_carea' id='block_1_67' title="bbox 2023 584 3690 659">
    <p class='ocr_par' dir='ltr' id='par_1_67' title="bbox 2023 584 3690 659">
     <span class='ocr_line' id='line_1_67' title="bbox 2023 584 3690 659; baseline 0.001 -20"><span class='ocrx_word' id='word_1_542' title='bbox 2023 586 2175 659; x_wconf 67' lang='grc'>[276]</span> <span class='ocrx_word' id='word_1_543' title='bbox 2197 587 2495 641; x_wconf 84' lang='grc' dir='ltr'>ἐπεδίδουν.</span> <span class='ocrx_word' id='word_1_544' title='bbox 2511 587 2577 640; x_wconf 88' lang='grc' dir='ltr'>Ἡ</span> <span class='ocrx_word' id='word_1_545' title='bbox 2613 586 2721 658; x_wconf 88' lang='grc' dir='ltr'>γάρ</span> <span class='ocrx_word' id='word_1_546' title='bbox 2758 585 2965 642; x_wconf 81' lang='grc' dir='ltr'>ἀνωθεν</span> <span class='ocrx_word' id='word_1_547' title='bbox 3001 588 3142 658; x_wconf 78' lang='grc' dir='ltr'>ῥοπὴ</span> <span class='ocrx_word' id='word_1_548' title='bbox 3161 584 3227 659; x_wconf 75' lang='grc' dir='ltr'>ἦν</span> <span class='ocrx_word' id='word_1_549' title='bbox 3248 588 3388 657; x_wconf 88' lang='grc' dir='ltr'>ήδιά</span> <span class='ocrx_word' id='word_1_550' title='bbox 3404 587 3515 642; x_wconf 90' lang='grc' dir='ltr'>τῶν</span> <span class='ocrx_word' id='word_1_551' title='bbox 3534 590 3690 642; x_wconf 84' lang='grc' dir='ltr'>ἐναν-</span> 
     </span>
    </p>
   </div>
   <div class='ocr_carea' id='block_1_68' title="bbox 2020 675 2786 747">
    <p class='ocr_par' dir='ltr' id='par_1_68' title="bbox 2020 675 2786 747">
     <span class='ocr_line' id='line_1_68' title="bbox 2020 675 2786 747; baseline 0.001 -19"><span class='ocrx_word' id='word_1_552' title='bbox 2020 677 2152 729; x_wconf 90' lang='grc' dir='ltr'>τίων</span> <span class='ocrx_word' id='word_1_553' title='bbox 2180 675 2394 729; x_wconf 75' lang='grc' dir='ltr'>ἅπαντα</span> <span class='ocrx_word' id='word_1_554' title='bbox 2424 675 2786 747; x_wconf 78' lang='grc' dir='ltr'>ἐργαζομένη.</span> 
     </span>
    </p>
   </div>
   <div class='ocr_carea' id='block_1_69' title="bbox 2092 861 3690 937">
    <p class='ocr_par' dir='ltr' id='par_1_69' title="bbox 2092 861 3690 937">
     <span class='ocr_line' id='line_1_69' title="bbox 2092 861 3690 937; baseline 0.006 -24"><span class='ocrx_word' id='word_1_555' title='bbox 2092 864 2333 916; x_wconf 86' lang='grc' dir='ltr'>ε’.”Οταν</span> <span class='ocrx_word' id='word_1_556' title='bbox 2346 863 2524 918; x_wconf 87' lang='grc' dir='ltr'>τοίνυν</span> <span class='ocrx_word' id='word_1_557' title='bbox 2537 867 2564 918; x_wconf 92' lang='lat'>6</span> <span class='ocrx_word' id='word_1_558' title='bbox 2576 865 2709 928; x_wconf 78' lang='grc' dir='ltr'>Θεὸς</span> <span class='ocrx_word' id='word_1_559' title='bbox 2723 861 2918 936; x_wconf 86' lang='grc' dir='ltr'>κελεύῃ</span> <span class='ocrx_word' id='word_1_560' title='bbox 2928 905 2942 927; x_wconf 93' lang='grc'>,</span> <span class='ocrx_word' id='word_1_561' title='bbox 2966 866 3041 937; x_wconf 83' lang='grc' dir='ltr'>μὴ</span> <span class='ocrx_word' id='word_1_562' title='bbox 3055 866 3203 936; x_wconf 82' lang='grc' dir='ltr'>ζήτει</span> <span class='ocrx_word' id='word_1_563' title='bbox 3217 868 3357 921; x_wconf 87' lang='grc' dir='ltr'>κατά</span> <span class='ocrx_word' id='word_1_564' title='bbox 3369 867 3690 923; x_wconf 81' lang='grc' dir='ltr'>ἀκολουθίαν</span> 
     </span>
    </p>
   </div>
   <div class='ocr_carea' id='block_1_70' title="bbox 2025 949 3689 1028">
    <p class='ocr_par' dir='ltr' id='par_1_70' title="bbox 2025 949 3689 1028">
     <span class='ocr_line' id='line_1_70' title="bbox 2025 949 3689 1028; baseline 0.005 -27"><span class='ocrx_word' id='word_1_565' title='bbox 2025 949 2369 1020; x_wconf 80' lang='grc' dir='ltr'>ἀνθρωπίνην</span> <span class='ocrx_word' id='word_1_566' title='bbox 2403 951 2775 1020; x_wconf 83' lang='grc' dir='ltr'>διερευνᾶσθαι</span> <span class='ocrx_word' id='word_1_567' title='bbox 2810 953 2878 1006; x_wconf 90' lang='grc' dir='ltr'>τά</span> <span class='ocrx_word' id='word_1_568' title='bbox 2914 954 3543 1027; x_wconf 81' lang='grc' dir='ltr'>πράγματα.Ἀνώτερος</span> <span class='ocrx_word' id='word_1_569' title='bbox 3579 956 3689 1028; x_wconf 79' lang='grc' dir='ltr'>γάρ</span> 
     </span>
    </p>
   </div>
   <div class='ocr_carea' id='block_1_71' title="bbox 2022 1036 3685 1111">
    <p class='ocr_par' dir='ltr' id='par_1_71' title="bbox 2022 1036 3685 1111">
     <span class='ocr_line' id='line_1_71' title="bbox 2022 1036 3685 1111; baseline 0.005 -23"><span class='ocrx_word' id='word_1_570' title='bbox 2022 1036 2097 1088; x_wconf 85' lang='grc' dir='ltr'>ῶν</span> <span class='ocrx_word' id='word_1_571' title='bbox 2128 1037 2227 1107; x_wconf 82' lang='grc' dir='ltr'>τῆς</span> <span class='ocrx_word' id='word_1_572' title='bbox 2266 1036 2499 1104; x_wconf 83' lang='grc' dir='ltr'>φύσεως,</span> <span class='ocrx_word' id='word_1_573' title='bbox 2520 1039 2579 1092; x_wconf 89' lang='grc' dir='ltr'>οὐ</span> <span class='ocrx_word' id='word_1_574' title='bbox 2617 1039 2790 1092; x_wconf 80' lang='grc' dir='ltr'>δεῖται</span> <span class='ocrx_word' id='word_1_575' title='bbox 2827 1039 2925 1108; x_wconf 80' lang='grc' dir='ltr'>τῆς</span> <span class='ocrx_word' id='word_1_576' title='bbox 2962 1039 3284 1103; x_wconf 81' lang='grc' dir='ltr'>ἀκολουθίας</span> <span class='ocrx_word' id='word_1_577' title='bbox 3323 1041 3420 1111; x_wconf 79' lang='grc' dir='ltr'>τῆς</span> <span class='ocrx_word' id='word_1_578' title='bbox 3451 1042 3685 1110; x_wconf 81' lang='grc' dir='ltr'>φύσεως,</span> 
     </span>
    </p>
   </div>
   <div class='ocr_carea' id='block_1_72' title="bbox 2022 1123 3679 1198">
    <p class='ocr_par' dir='ltr' id='par_1_72' title="bbox 2022 1123 3679 1198">
     <span class='ocr_line' id='line_1_72' title="bbox 2022 1123 3679 1198; baseline 0.005 -22"><span class='ocrx_word' id='word_1_579' title='bbox 2022 1123 2158 1177; x_wconf 79' lang='grc' dir='ltr'>ἀλλὰ</span> <span class='ocrx_word' id='word_1_580' title='bbox 2179 1125 2271 1177; x_wconf 66' lang='grc' dir='ltr'>καί⁵</span> <span class='ocrx_word' id='word_1_581' title='bbox 2290 1125 2357 1178; x_wconf 83' lang='grc' dir='ltr'>δι’</span> <span class='ocrx_word' id='word_1_582' title='bbox 2377 1125 2556 1179; x_wconf 89' lang='grc' dir='ltr'>αὐτῶν</span> <span class='ocrx_word' id='word_1_583' title='bbox 2576 1126 2684 1179; x_wconf 91' lang='grc' dir='ltr'>τῶν</span> <span class='ocrx_word' id='word_1_584' title='bbox 2706 1127 3021 1180; x_wconf 83' lang='grc' dir='ltr'>κωλυόντων</span> <span class='ocrx_word' id='word_1_585' title='bbox 3042 1127 3109 1181; x_wconf 84' lang='grc' dir='ltr'>τὰ</span> <span class='ocrx_word' id='word_1_586' title='bbox 3128 1131 3429 1198; x_wconf 86' lang='grc' dir='ltr'>πράγματα</span> <span class='ocrx_word' id='word_1_587' title='bbox 3458 1130 3679 1197; x_wconf 81' lang='grc' dir='ltr'>αὐξάνε·</span> 
     </span>
    </p>
   </div>
   <div class='ocr_carea' id='block_1_73' title="bbox 2026 1211 3689 1286">
    <p class='ocr_par' dir='ltr' id='par_1_73' title="bbox 2026 1211 3689 1286">
     <span class='ocr_line' id='line_1_73' title="bbox 2026 1211 3689 1286; baseline 0.006 -24"><span class='ocrx_word' id='word_1_588' title='bbox 2026 1211 2148 1263; x_wconf 80' lang='grc' dir='ltr'>σθαι</span> <span class='ocrx_word' id='word_1_589' title='bbox 2168 1212 2594 1282; x_wconf 77' lang='grc' dir='ltr'>παρασκευάζει.</span> <span class='ocrx_word' id='word_1_590' title='bbox 2618 1213 2721 1267; x_wconf 82' lang='grc' dir='ltr'>Τὸν</span> <span class='ocrx_word' id='word_1_591' title='bbox 2741 1213 2900 1267; x_wconf 76' lang='grc' dir='ltr'>αὐτὸν</span> <span class='ocrx_word' id='word_1_592' title='bbox 2919 1214 2982 1284; x_wconf 73' lang='grc' dir='ltr'>δὴ</span> <span class='ocrx_word' id='word_1_593' title='bbox 3001 1216 3196 1286; x_wconf 88' lang='grc' dir='ltr'>τρόπον</span> <span class='ocrx_word' id='word_1_594' title='bbox 3217 1218 3308 1269; x_wconf 73' lang='grc' dir='ltr'>καὶ</span> <span class='ocrx_word' id='word_1_595' title='bbox 3329 1217 3423 1270; x_wconf 87' lang='grc' dir='ltr'>νῦν</span> <span class='ocrx_word' id='word_1_596' title='bbox 3443 1219 3548 1271; x_wconf 76' lang='grc' dir='ltr'>ἀπὸ</span> <span class='ocrx_word' id='word_1_597' title='bbox 3577 1218 3689 1272; x_wconf 85' lang='grc' dir='ltr'>τῶν</span> 
     </span>
    </p>
   </div>
   <div class='ocr_carea' id='block_1_74' title="bbox 2023 1297 3689 1373">
    <p class='ocr_par' dir='ltr' id='par_1_74' title="bbox 2023 1297 3689 1373">
     <span class='ocr_line' id='line_1_74' title="bbox 2023 1297 3689 1373; baseline 0.005 -24"><span class='ocrx_word' id='word_1_598' title='bbox 2023 1297 2191 1368; x_wconf 89' lang='grc' dir='ltr'>τριῶν</span> <span class='ocrx_word' id='word_1_599' title='bbox 2210 1297 2416 1351; x_wconf 92' lang='grc' dir='ltr'>τούτων</span> <span class='ocrx_word' id='word_1_600' title='bbox 2433 1299 2531 1369; x_wconf 88' lang='grc' dir='ltr'>τὴν</span> <span class='ocrx_word' id='word_1_601' title='bbox 2552 1299 2875 1369; x_wconf 80' lang='grc' dir='ltr'>οἰκουμένην</span> <span class='ocrx_word' id='word_1_602' title='bbox 2895 1299 3110 1354; x_wconf 78' lang='grc' dir='ltr'>ἃπασαν</span> <span class='ocrx_word' id='word_1_603' title='bbox 3131 1302 3333 1372; x_wconf 87' lang='grc' dir='ltr'>ἀνεπλή</span> <span class='ocrx_word' id='word_1_604' title='bbox 3345 1321 3534 1373; x_wconf 87' lang='grc' dir='ltr'>ρωσεν.</span> <span class='ocrx_word' id='word_1_605' title='bbox 3552 1305 3599 1357; x_wconf 78' lang='grc' dir='ltr'><strong>Ἀ</strong></span> <span class='ocrx_word' id='word_1_606' title='bbox 3608 1306 3689 1358; x_wconf 77' lang='grc' dir='ltr'>πὸ</span> 
     </span>
    </p>
   </div>
   <div class='ocr_carea' id='block_1_75' title="bbox 2023 1385 3690 1456">
    <p class='ocr_par' dir='ltr' id='par_1_75' title="bbox 2023 1385 3690 1456">
     <span class='ocr_line' id='line_1_75' title="bbox 2023 1385 3690 1456; baseline 0.004 -17"><span class='ocrx_word' id='word_1_607' title='bbox 2023 1386 2251 1439; x_wconf 82' lang='grc' dir='ltr'>τούτων</span> <span class='ocrx_word' id='word_1_608' title='bbox 2268 1385 2397 1456; x_wconf 85' lang='grc' dir='ltr'>γὰρ,</span> <span class='ocrx_word' id='word_1_609' title='bbox 2420 1402 2492 1456; x_wconf 83' lang='grc' dir='ltr'>φη</span> <span class='ocrx_word' id='word_1_610' title='bbox 2500 1386 2572 1450; x_wconf 68' lang='grc' dir='ltr'>σί,</span> <span class='ocrx_word' id='word_1_611' title='bbox 2593 1385 2709 1439; x_wconf 84' lang='grc' dir='ltr'>τῶν</span> <span class='ocrx_word' id='word_1_612' title='bbox 2728 1386 2905 1454; x_wconf 81' lang='grc' dir='ltr'>τριῶν</span> <span class='ocrx_word' id='word_1_613' title='bbox 2922 1387 3339 1456; x_wconf 78' lang='grc' dir='ltr'>διεσπάρησαν</span> <span class='ocrx_word' id='word_1_614' title='bbox 3365 1391 3459 1443; x_wconf 77' lang='grc' dir='ltr'>ἐπὶ</span> <span class='ocrx_word' id='word_1_615' title='bbox 3483 1389 3690 1445; x_wconf 77' lang='grc' dir='ltr'>πᾶσαν</span> 
     </span>
    </p>
   </div>
   <div class='ocr_carea' id='block_1_76' title="bbox 2024 1468 3688 1549">
    <p class='ocr_par' dir='ltr' id='par_1_76' title="bbox 2024 1468 3688 1549">
     <span class='ocr_line' id='line_1_76' title="bbox 2024 1468 3688 1549; baseline 0.004 -25"><span class='ocrx_word' id='word_1_616' title='bbox 2024 1470 2138 1538; x_wconf 84' lang='grc' dir='ltr'>τὴν</span> <span class='ocrx_word' id='word_1_617' title='bbox 2155 1470 2291 1540; x_wconf 77' lang='grc' dir='ltr'>γῆν.</span> <span class='ocrx_word' id='word_1_618' title='bbox 2315 1468 2468 1535; x_wconf 76' lang='grc' dir='ltr'>Εἶδες</span> <span class='ocrx_word' id='word_1_619' title='bbox 2486 1471 2620 1525; x_wconf 86' lang='grc' dir='ltr'>Θεοῦ</span> <span class='ocrx_word' id='word_1_620' title='bbox 2640 1472 2866 1543; x_wconf 90' lang='grc' dir='ltr'>δύναμιν</span> <span class='ocrx_word' id='word_1_621' title='bbox 2883 1491 2895 1538; x_wconf 91' lang='grc'><strong>;</strong></span> <span class='ocrx_word' id='word_1_622' title='bbox 2918 1468 3057 1537; x_wconf 78' lang='grc' dir='ltr'>εἶδες</span> <span class='ocrx_word' id='word_1_623' title='bbox 3075 1475 3210 1538; x_wconf 88' lang='grc' dir='ltr'>πῶς.</span> <span class='ocrx_word' id='word_1_624' title='bbox 3227 1476 3331 1529; x_wconf 84' lang='grc' dir='ltr'>κᾶν</span> <span class='ocrx_word' id='word_1_625' title='bbox 3351 1476 3518 1531; x_wconf 84' lang='grc' dir='ltr'>πολλά</span> <span class='ocrx_word' id='word_1_626' title='bbox 3534 1474 3601 1549; x_wconf 81' lang='grc' dir='ltr'>ἦν</span> <span class='ocrx_word' id='word_1_627' title='bbox 3620 1479 3688 1532; x_wconf 87' lang='grc' dir='ltr'>τά</span> 
     </span>
    </p>
   </div>
   <div class='ocr_carea' id='block_1_77' title="bbox 2026 1557 3687 1635">
    <p class='ocr_par' dir='ltr' id='par_1_77' title="bbox 2026 1557 3687 1635">
     <span class='ocr_line' id='line_1_77' title="bbox 2026 1557 3687 1635; baseline 0.004 -24"><span class='ocrx_word' id='word_1_628' title='bbox 2026 1557 2342 1628; x_wconf 88' lang='grc' dir='ltr'>κωλύματα,</span> <span class='ocrx_word' id='word_1_629' title='bbox 2361 1558 2513 1611; x_wconf 89' lang='grc' dir='ltr'>οὐδέν</span> <span class='ocrx_word' id='word_1_630' title='bbox 2534 1559 2646 1612; x_wconf 84' lang='grc' dir='ltr'>ἐστι</span> <span class='ocrx_word' id='word_1_631' title='bbox 2668 1560 2729 1612; x_wconf 89' lang='lat'><strong>16</strong></span> <span class='ocrx_word' id='word_1_632' title='bbox 2746 1560 3030 1620; x_wconf 76' lang='grc' dir='ltr'>διακόπτον</span> <span class='ocrx_word' id='word_1_633' title='bbox 3050 1563 3214 1615; x_wconf 87' lang='grc' dir='ltr'>αὐτοῦ</span> <span class='ocrx_word' id='word_1_634' title='bbox 3233 1564 3293 1616; x_wconf 88' lang='grc' dir='ltr'>τὸ</span> <span class='ocrx_word' id='word_1_635' title='bbox 3315 1564 3475 1633; x_wconf 72' lang='grc' dir='ltr'>βούλῃ</span> <span class='ocrx_word' id='word_1_636' title='bbox 3486 1584 3556 1635; x_wconf 53' lang='grc' dir='ltr'>μα</span> <span class='ocrx_word' id='word_1_637' title='bbox 3577 1584 3589 1626; x_wconf 87' lang='lat'><strong>;</strong></span> <span class='ocrx_word' id='word_1_638' title='bbox 3613 1568 3687 1619; x_wconf 89' lang='lat' dir='ltr'><em>T6</em></span> 
     </span>
    </p>
   </div>
   <div class='ocr_carea' id='block_1_78' title="bbox 2027 1642 3686 1720">
    <p class='ocr_par' dir='ltr' id='par_1_78' title="bbox 2027 1642 3686 1720">
     <span class='ocr_line' id='line_1_78' title="bbox 2027 1642 3686 1720; baseline 0.006 -24"><span class='ocrx_word' id='word_1_639' title='bbox 2027 1642 2159 1697; x_wconf 73' lang='grc' dir='ltr'>αὐτὸ</span> <span class='ocrx_word' id='word_1_640' title='bbox 2176 1644 2272 1697; x_wconf 61' lang='grc' dir='ltr'>καί⁵</span> <span class='ocrx_word' id='word_1_641' title='bbox 2290 1645 2382 1697; x_wconf 76' lang='grc' dir='ltr'>ἐπὶ</span> <span class='ocrx_word' id='word_1_642' title='bbox 2402 1647 2502 1716; x_wconf 85' lang='grc' dir='ltr'>τῆς</span> <span class='ocrx_word' id='word_1_643' title='bbox 2520 1645 2754 1711; x_wconf 90' lang='grc' dir='ltr'>πίστεώς</span> <span class='ocrx_word' id='word_1_644' title='bbox 2774 1649 2918 1702; x_wconf 89' lang='grc' dir='ltr'>ἐστιν</span> <span class='ocrx_word' id='word_1_645' title='bbox 2940 1649 3066 1702; x_wconf 86' lang='grc' dir='ltr'>ἰδεῖν</span> <span class='ocrx_word' id='word_1_646' title='bbox 3091 1651 3390 1720; x_wconf 82' lang='grc' dir='ltr'>γινόμενον.</span> <span class='ocrx_word' id='word_1_647' title='bbox 3421 1652 3686 1706; x_wconf 86' lang='grc' dir='ltr'>Τοιούτων</span> 
     </span>
    </p>
   </div>
   <div class='ocr_carea' id='block_1_79' title="bbox 2025 1731 3689 1803">
    <p class='ocr_par' dir='ltr' id='par_1_79' title="bbox 2025 1731 3689 1803">
     <span class='ocr_line' id='line_1_79' title="bbox 2025 1731 3689 1803; baseline 0.006 -19"><span class='ocrx_word' id='word_1_648' title='bbox 2025 1731 2133 1801; x_wconf 82' lang='grc' dir='ltr'>γάρ</span> <span class='ocrx_word' id='word_1_649' title='bbox 2152 1731 2321 1785; x_wconf 74' lang='grc' dir='ltr'>ὄντων</span> <span class='ocrx_word' id='word_1_650' title='bbox 2340 1732 2449 1786; x_wconf 88' lang='grc' dir='ltr'>τῶν</span> <span class='ocrx_word' id='word_1_651' title='bbox 2472 1732 2867 1803; x_wconf 88' lang='grc' dir='ltr'>πολεμούντων,</span> <span class='ocrx_word' id='word_1_652' title='bbox 2885 1736 3153 1791; x_wconf 89' lang='grc' dir='ltr'>τοσούτων</span> <span class='ocrx_word' id='word_1_653' title='bbox 3168 1739 3334 1793; x_wconf 77' lang='grc' dir='ltr'>ὅντων</span> <span class='ocrx_word' id='word_1_654' title='bbox 3350 1738 3456 1793; x_wconf 86' lang='grc' dir='ltr'>τῶν</span> <span class='ocrx_word' id='word_1_655' title='bbox 3474 1741 3689 1794; x_wconf 84' lang='grc' dir='ltr'>ἐπιϐου-</span> 
     </span>
    </p>
   </div>
   <div class='ocr_carea' id='block_1_80' title="bbox 2026 1817 3687 1896">
    <p class='ocr_par' dir='ltr' id='par_1_80' title="bbox 2026 1817 3687 1896">
     <span class='ocr_line' id='line_1_80' title="bbox 2026 1817 3687 1896; baseline 0.007 -26"><span class='ocrx_word' id='word_1_656' title='bbox 2026 1817 2312 1883; x_wconf 89' lang='grc' dir='ltr'>λευόντων,</span> <span class='ocrx_word' id='word_1_657' title='bbox 2336 1819 2432 1872; x_wconf 77' lang='grc' dir='ltr'>καὶ</span> <span class='ocrx_word' id='word_1_658' title='bbox 2470 1818 2755 1890; x_wconf 84' lang='grc' dir='ltr'>βασιλέων,</span> <span class='ocrx_word' id='word_1_659' title='bbox 2777 1821 2870 1875; x_wconf 75' lang='grc' dir='ltr'>καὶ</span> <span class='ocrx_word' id='word_1_660' title='bbox 2903 1823 3200 1892; x_wconf 89' lang='grc' dir='ltr'>τυράννων,</span> <span class='ocrx_word' id='word_1_661' title='bbox 3223 1825 3316 1878; x_wconf 76' lang='grc' dir='ltr'>καὶ</span> <span class='ocrx_word' id='word_1_662' title='bbox 3351 1825 3537 1896; x_wconf 88' lang='grc' dir='ltr'>δήμων</span> <span class='ocrx_word' id='word_1_663' title='bbox 3556 1844 3687 1882; x_wconf 81' lang='grc' dir='ltr'>κατ-</span> 
     </span>
    </p>
   </div>
   <div class='ocr_carea' id='block_1_81' title="bbox 2026 1904 3687 1978">
    <p class='ocr_par' dir='ltr' id='par_1_81' title="bbox 2026 1904 3687 1978">
     <span class='ocr_line' id='line_1_81' title="bbox 2026 1904 3687 1978; baseline 0.006 -19"><span class='ocrx_word' id='word_1_664' title='bbox 2026 1904 2481 1978; x_wconf 81' lang='grc' dir='ltr'>εξανισταμένων,</span> <span class='ocrx_word' id='word_1_665' title='bbox 2503 1908 2597 1961; x_wconf 72' lang='grc' dir='ltr'>καὶ</span> <span class='ocrx_word' id='word_1_666' title='bbox 2639 1909 2815 1963; x_wconf 88' lang='grc' dir='ltr'>πάντα</span> <span class='ocrx_word' id='word_1_667' title='bbox 2850 1910 3168 1975; x_wconf 89' lang='grc' dir='ltr'>ποιούντων,</span> <span class='ocrx_word' id='word_1_668' title='bbox 3189 1912 3329 1966; x_wconf 84' lang='grc' dir='ltr'>ὥστε</span> <span class='ocrx_word' id='word_1_669' title='bbox 3368 1914 3559 1968; x_wconf 86' lang='grc' dir='ltr'>σϐέσαι</span> <span class='ocrx_word' id='word_1_670' title='bbox 3596 1915 3687 1970; x_wconf 78' lang='grc' dir='ltr'>τὸν</span> 
     </span>
    </p>
   </div>
   <div class='ocr_carea' id='block_1_82' title="bbox 2028 1994 3688 2066">
    <p class='ocr_par' dir='ltr' id='par_1_82' title="bbox 2028 1994 3688 2066">
     <span class='ocr_line' id='line_1_82' title="bbox 2028 1994 3688 2066; baseline 0.008 -20"><span class='ocrx_word' id='word_1_671' title='bbox 2028 1994 2302 2066; x_wconf 83' lang='grc' dir='ltr'>σπινθῆρα</span> <span class='ocrx_word' id='word_1_672' title='bbox 2319 1994 2418 2066; x_wconf 81' lang='grc' dir='ltr'>τῆς</span> <span class='ocrx_word' id='word_1_673' title='bbox 2440 1996 2694 2060; x_wconf 88' lang='grc' dir='ltr'>πίστεως,</span> <span class='ocrx_word' id='word_1_674' title='bbox 2711 1997 2777 2052; x_wconf 88' lang='grc' dir='ltr'>δι’</span> <span class='ocrx_word' id='word_1_675' title='bbox 2794 1998 2971 2052; x_wconf 87' lang='grc' dir='ltr'>αὐτῶν</span> <span class='ocrx_word' id='word_1_676' title='bbox 2987 1997 3094 2053; x_wconf 89' lang='grc' dir='ltr'>τῶν</span> <span class='ocrx_word' id='word_1_677' title='bbox 3114 2000 3582 2064; x_wconf 87' lang='grc' dir='ltr'>ἐπιϐουλευόντων,</span> <span class='ocrx_word' id='word_1_678' title='bbox 3599 2004 3688 2060; x_wconf 81' lang='grc' dir='ltr'>διὰ</span> 
     </span>
    </p>
   </div>
   <div class='ocr_carea' id='block_1_83' title="bbox 2025 2081 3684 2162">
    <p class='ocr_par' dir='ltr' id='par_1_83' title="bbox 2025 2081 3684 2162">
     <span class='ocr_line' id='line_1_83' title="bbox 2025 2081 3684 2162; baseline 0.006 -26"><span class='ocrx_word' id='word_1_679' title='bbox 2025 2082 2138 2136; x_wconf 87' lang='grc' dir='ltr'>τῶν</span> <span class='ocrx_word' id='word_1_680' title='bbox 2155 2081 2383 2138; x_wconf 89' lang='grc' dir='ltr'>κωλύειν</span> <span class='ocrx_word' id='word_1_681' title='bbox 2406 2083 2761 2155; x_wconf 84' lang='grc' dir='ltr'>βουλομένων,</span> <span class='ocrx_word' id='word_1_682' title='bbox 2781 2086 3014 2157; x_wconf 89' lang='grc' dir='ltr'>τοσαύτη</span> <span class='ocrx_word' id='word_1_683' title='bbox 3037 2088 3178 2159; x_wconf 85' lang='grc' dir='ltr'>ήρθη</span> <span class='ocrx_word' id='word_1_684' title='bbox 3214 2090 3313 2160; x_wconf 77' lang='grc' dir='ltr'>τῆς</span> <span class='ocrx_word' id='word_1_685' title='bbox 3344 2090 3624 2156; x_wconf 88' lang='grc' dir='ltr'>εὐσεϐείας</span> <span class='ocrx_word' id='word_1_686' title='bbox 3651 2095 3684 2162; x_wconf 82' lang='grc' dir='ltr'><strong>ἡ</strong></span> 
     </span>
    </p>
   </div>
   <div class='ocr_carea' id='block_1_84' title="bbox 2028 2168 3687 2249">
    <p class='ocr_par' dir='ltr' id='par_1_84' title="bbox 2028 2168 3687 2249">
     <span class='ocr_line' id='line_1_84' title="bbox 2028 2168 3687 2249; baseline 0.007 -28"><span class='ocrx_word' id='word_1_687' title='bbox 2028 2168 2179 2237; x_wconf 83' lang='grc' dir='ltr'>φλὸξ,</span> <span class='ocrx_word' id='word_1_688' title='bbox 2197 2170 2272 2234; x_wconf 85' lang='grc' dir='ltr'>ὡς</span> <span class='ocrx_word' id='word_1_689' title='bbox 2293 2169 2510 2224; x_wconf 76' lang='grc' dir='ltr'>ἃπασαν</span> <span class='ocrx_word' id='word_1_690' title='bbox 2529 2170 2855 2226; x_wconf 77' lang='grc' dir='ltr'>καταλαϐεῖν</span> <span class='ocrx_word' id='word_1_691' title='bbox 2874 2174 2973 2245; x_wconf 85' lang='grc' dir='ltr'>τὴν</span> <span class='ocrx_word' id='word_1_692' title='bbox 2990 2176 3138 2229; x_wconf 86' lang='grc' dir='ltr'>οἰκου</span> <span class='ocrx_word' id='word_1_693' title='bbox 3146 2174 3334 2247; x_wconf 90' lang='grc' dir='ltr'>μένην,</span> <span class='ocrx_word' id='word_1_694' title='bbox 3352 2178 3448 2232; x_wconf 71' lang='grc' dir='ltr'>καὶ</span> <span class='ocrx_word' id='word_1_695' title='bbox 3466 2178 3562 2249; x_wconf 82' lang='grc' dir='ltr'>τήν</span> <span class='ocrx_word' id='word_1_696' title='bbox 3581 2180 3687 2232; x_wconf 84' lang='grc' dir='ltr'>ἀοί-</span> 
     </span>
    </p>
   </div>
   <div class='ocr_carea' id='block_1_85' title="bbox 2028 2258 3683 2336">
    <p class='ocr_par' dir='ltr' id='par_1_85' title="bbox 2028 2258 3683 2336">
     <span class='ocr_line' id='line_1_85' title="bbox 2028 2258 3683 2336; baseline 0.006 -26"><span class='ocrx_word' id='word_1_697' title='bbox 2028 2273 2212 2327; x_wconf 89' lang='grc' dir='ltr'>κητον.</span> <span class='ocrx_word' id='word_1_698' title='bbox 2234 2258 2356 2312; x_wconf 80' lang='grc' dir='ltr'>Κᾶν</span> <span class='ocrx_word' id='word_1_699' title='bbox 2375 2259 2510 2330; x_wconf 76' lang='grc' dir='ltr'>πρὸς</span> <span class='ocrx_word' id='word_1_700' title='bbox 2542 2259 2737 2323; x_wconf 80' lang='grc' dir='ltr'>Ἰνδοὺς</span> <span class='ocrx_word' id='word_1_701' title='bbox 2754 2259 2863 2333; x_wconf 84' lang='grc' dir='ltr'>γάρ</span> <span class='ocrx_word' id='word_1_702' title='bbox 2885 2261 3142 2335; x_wconf 85' lang='grc' dir='ltr'>ἀπέλθῃς,</span> <span class='ocrx_word' id='word_1_703' title='bbox 3164 2263 3267 2318; x_wconf 75' lang='grc' dir='ltr'>κᾶν</span> <span class='ocrx_word' id='word_1_704' title='bbox 3288 2264 3425 2336; x_wconf 78' lang='grc' dir='ltr'>πρὸς</span> <span class='ocrx_word' id='word_1_705' title='bbox 3455 2264 3683 2332; x_wconf 84' lang='grc' dir='ltr'>Σκύθας,</span> 
     </span>
    </p>
   </div>
   <div class='ocr_carea' id='block_1_86' title="bbox 2028 2343 3687 2423">
    <p class='ocr_par' dir='ltr' id='par_1_86' title="bbox 2028 2343 3687 2423">
     <span class='ocr_line' id='line_1_86' title="bbox 2028 2343 3687 2423; baseline 0.008 -26"><span class='ocrx_word' id='word_1_706' title='bbox 2028 2343 2131 2398; x_wconf 81' lang='grc' dir='ltr'>κᾶν</span> <span class='ocrx_word' id='word_1_707' title='bbox 2153 2345 2289 2416; x_wconf 83' lang='grc' dir='ltr'>πρὸς</span> <span class='ocrx_word' id='word_1_708' title='bbox 2306 2346 2444 2400; x_wconf 85' lang='grc' dir='ltr'>αὑτά</span> <span class='ocrx_word' id='word_1_709' title='bbox 2463 2347 2530 2400; x_wconf 83' lang='grc' dir='ltr'>τά</span> <span class='ocrx_word' id='word_1_710' title='bbox 2548 2347 2756 2418; x_wconf 90' lang='grc' dir='ltr'>πέρατα</span> <span class='ocrx_word' id='word_1_711' title='bbox 2787 2349 2885 2419; x_wconf 84' lang='grc' dir='ltr'>τῆς</span> <span class='ocrx_word' id='word_1_712' title='bbox 2917 2351 3259 2423; x_wconf 86' lang='grc' dir='ltr'>οἰκουμένης,</span> <span class='ocrx_word' id='word_1_713' title='bbox 3290 2353 3395 2407; x_wconf 78' lang='grc' dir='ltr'>κᾶν</span> <span class='ocrx_word' id='word_1_714' title='bbox 3421 2357 3502 2417; x_wconf 86' lang='grc' dir='ltr'>εἰς</span> <span class='ocrx_word' id='word_1_715' title='bbox 3525 2355 3687 2410; x_wconf 76' lang='grc' dir='ltr'>αὐτὸν</span> 
     </span>
    </p>
   </div>
   <div class='ocr_carea' id='block_1_87' title="bbox 2025 2428 3685 2512">
    <p class='ocr_par' dir='ltr' id='par_1_87' title="bbox 2025 2428 3685 2512">
     <span class='ocr_line' id='line_1_87' title="bbox 2025 2428 3685 2512; baseline 0.008 -30"><span class='ocrx_word' id='word_1_716' title='bbox 2025 2428 2117 2482; x_wconf 82' lang='grc' dir='ltr'>τὸν</span> <span class='ocrx_word' id='word_1_717' title='bbox 2133 2431 2391 2495; x_wconf 83' lang='grc' dir='ltr'>ὠκεανὸν,</span> <span class='ocrx_word' id='word_1_718' title='bbox 2405 2433 2680 2505; x_wconf 88' lang='grc' dir='ltr'>πανταχοῦ</span> <span class='ocrx_word' id='word_1_719' title='bbox 2701 2435 2952 2507; x_wconf 85' lang='grc' dir='ltr'>εὑρήσεις</span> <span class='ocrx_word' id='word_1_720' title='bbox 2967 2436 3063 2490; x_wconf 89' lang='grc' dir='ltr'>τοῦ</span> <span class='ocrx_word' id='word_1_721' title='bbox 3079 2438 3315 2511; x_wconf 85' lang='grc' dir='ltr'>Χριστοῦ</span> <span class='ocrx_word' id='word_1_722' title='bbox 3333 2440 3431 2512; x_wconf 82' lang='grc' dir='ltr'>τὴν</span> <span class='ocrx_word' id='word_1_723' title='bbox 3444 2441 3685 2496; x_wconf 84' lang='grc' dir='ltr'>διδασκα-</span> 
     </span>
    </p>
   </div>
   <div class='ocr_carea' id='block_1_88' title="bbox 2027 2517 3685 2600">
    <p class='ocr_par' dir='ltr' id='par_1_88' title="bbox 2027 2517 3685 2600">
     <span class='ocr_line' id='line_1_88' title="bbox 2027 2517 3685 2600; baseline 0.008 -30"><span class='ocrx_word' id='word_1_724' title='bbox 2027 2517 2145 2572; x_wconf 86' lang='grc' dir='ltr'>λίαν</span> <span class='ocrx_word' id='word_1_725' title='bbox 2164 2520 2608 2590; x_wconf 82' lang='grc' dir='ltr'>καταυγάζουσαν</span> <span class='ocrx_word' id='word_1_726' title='bbox 2640 2523 2737 2587; x_wconf 84' lang='grc' dir='ltr'>τάς</span> <span class='ocrx_word' id='word_1_727' title='bbox 2768 2524 3019 2579; x_wconf 86' lang='grc' dir='ltr'>ἀπάντων</span> <span class='ocrx_word' id='word_1_728' title='bbox 3038 2525 3232 2597; x_wconf 69' lang='grc' dir='ltr'>ψυχάς.</span> <span class='ocrx_word' id='word_1_729' title='bbox 3255 2527 3328 2582; x_wconf 89' lang='lat' dir='ltr'><em>T6</em></span> <span class='ocrx_word' id='word_1_730' title='bbox 3343 2528 3453 2599; x_wconf 82' lang='grc' dir='ltr'>γάρ</span> <span class='ocrx_word' id='word_1_731' title='bbox 3471 2531 3654 2600; x_wconf 89' lang='grc' dir='ltr'>θαυμα</span> <span class='ocrx_word' id='word_1_732' title='bbox 3666 2561 3685 2572; x_wconf 81' lang='grc' dir='ltr'><strong>ο</strong></span> 
     </span>
    </p>
   </div>
   <div class='ocr_carea' id='block_1_89' title="bbox 2029 2605 3686 2690">
    <p class='ocr_par' dir='ltr' id='par_1_89' title="bbox 2029 2605 3686 2690">
     <span class='ocr_line' id='line_1_89' title="bbox 2029 2605 3686 2690; baseline 0.008 -33"><span class='ocrx_word' id='word_1_733' title='bbox 2029 2605 2152 2660; x_wconf 87' lang='lat' dir='ltr'><strong>016v</strong></span> <span class='ocrx_word' id='word_1_734' title='bbox 2173 2607 2264 2660; x_wconf 81' lang='grc' dir='ltr'>καὶ</span> <span class='ocrx_word' id='word_1_735' title='bbox 2284 2608 2603 2679; x_wconf 80' lang='grc' dir='ltr'>παράδοξον,</span> <span class='ocrx_word' id='word_1_736' title='bbox 2621 2610 2702 2663; x_wconf 82' lang='grc' dir='ltr'>ὅτι</span> <span class='ocrx_word' id='word_1_737' title='bbox 2723 2611 2814 2665; x_wconf 76' lang='grc' dir='ltr'>καὶ</span> <span class='ocrx_word' id='word_1_738' title='bbox 2833 2611 2973 2666; x_wconf 86' lang='grc' dir='ltr'>αὐτά</span> <span class='ocrx_word' id='word_1_739' title='bbox 2991 2614 3057 2666; x_wconf 88' lang='grc' dir='ltr'>τά</span> <span class='ocrx_word' id='word_1_740' title='bbox 3076 2613 3324 2686; x_wconf 86' lang='grc' dir='ltr'>βάρϐαρα</span> <span class='ocrx_word' id='word_1_741' title='bbox 3344 2616 3468 2687; x_wconf 76' lang='grc' dir='ltr'>ἔθνη</span> <span class='ocrx_word' id='word_1_742' title='bbox 3494 2620 3686 2690; x_wconf 74' lang='grc' dir='ltr'>μετερο</span> 
     </span>
    </p>
   </div>
   <div class='ocr_carea' id='block_1_90' title="bbox 2028 2691 3686 2775">
    <p class='ocr_par' dir='ltr' id='par_1_90' title="bbox 2028 2691 3686 2775">
     <span class='ocr_line' id='line_1_90' title="bbox 2028 2691 3686 2775; baseline 0.01 -31"><span class='ocrx_word' id='word_1_743' title='bbox 2028 2691 2290 2763; x_wconf 81' lang='grc' dir='ltr'>ρύθμισεν</span> <span class='ocrx_word' id='word_1_744' title='bbox 2321 2696 2349 2748; x_wconf 92' lang='lat'>6</span> <span class='ocrx_word' id='word_1_745' title='bbox 2382 2695 2482 2764; x_wconf 82' lang='grc' dir='ltr'>τῆς</span> <span class='ocrx_word' id='word_1_746' title='bbox 2520 2696 2801 2762; x_wconf 85' lang='grc' dir='ltr'>εὐσεϐείας</span> <span class='ocrx_word' id='word_1_747' title='bbox 2837 2698 3012 2768; x_wconf 87' lang='grc' dir='ltr'>λόγος,</span> <span class='ocrx_word' id='word_1_748' title='bbox 3034 2701 3127 2754; x_wconf 81' lang='grc' dir='ltr'>καὶ</span> <span class='ocrx_word' id='word_1_749' title='bbox 3159 2701 3468 2772; x_wconf 83' lang='grc' dir='ltr'>φιλοσοφεῖν</span> <span class='ocrx_word' id='word_1_750' title='bbox 3487 2705 3686 2775; x_wconf 77' lang='grc' dir='ltr'>ἔμαθον</span> 
     </span>
    </p>
   </div>
   <div class='ocr_carea' id='block_1_91' title="bbox 2028 2780 3689 2862">
    <p class='ocr_par' dir='ltr' id='par_1_91' title="bbox 2028 2780 3689 2862">
     <span class='ocr_line' id='line_1_91' title="bbox 2028 2780 3689 2862; baseline 0.008 -30"><span class='ocrx_word' id='word_1_751' title='bbox 2028 2780 2122 2833; x_wconf 63' lang='grc' dir='ltr'>καί¹</span> <span class='ocrx_word' id='word_1_752' title='bbox 2152 2781 2251 2851; x_wconf 87' lang='grc' dir='ltr'>τῆς</span> <span class='ocrx_word' id='word_1_753' title='bbox 2291 2780 2523 2846; x_wconf 76' lang='grc' dir='ltr'>παλαιᾶς</span> <span class='ocrx_word' id='word_1_754' title='bbox 2560 2784 2847 2855; x_wconf 88' lang='grc' dir='ltr'>συνηθείας</span> <span class='ocrx_word' id='word_1_755' title='bbox 2883 2787 3216 2852; x_wconf 87' lang='grc' dir='ltr'>ἀποστάντες</span> <span class='ocrx_word' id='word_1_756' title='bbox 3237 2790 3373 2861; x_wconf 81' lang='grc' dir='ltr'>πρὸς</span> <span class='ocrx_word' id='word_1_757' title='bbox 3401 2792 3500 2862; x_wconf 88' lang='grc' dir='ltr'>τὴν</span> <span class='ocrx_word' id='word_1_758' title='bbox 3535 2792 3689 2846; x_wconf 81' lang='grc' dir='ltr'>εὐσέ-</span> 
     </span>
    </p>
   </div>
   <div class='ocr_carea' id='block_1_92' title="bbox 2028 2866 3687 2948">
    <p class='ocr_par' dir='ltr' id='par_1_92' title="bbox 2028 2866 3687 2948">
     <span class='ocr_line' id='line_1_92' title="bbox 2028 2866 3687 2948; baseline 0.009 -29"><span class='ocrx_word' id='word_1_759' title='bbox 2028 2866 2182 2922; x_wconf 90' lang='grc' dir='ltr'>ϐειαν</span> <span class='ocrx_word' id='word_1_760' title='bbox 2204 2870 2580 2939; x_wconf 79' lang='grc' dir='ltr'>μετετάξαντο.</span> <span class='ocrx_word' id='word_1_761' title='bbox 2599 2872 2709 2925; x_wconf 74' lang='grc' dir='ltr'>Καὶ</span> <span class='ocrx_word' id='word_1_762' title='bbox 2729 2872 2979 2945; x_wconf 88' lang='grc' dir='ltr'>καθάπερ</span> <span class='ocrx_word' id='word_1_763' title='bbox 2997 2875 3084 2928; x_wconf 79' lang='grc' dir='ltr'>διὰ</span> <span class='ocrx_word' id='word_1_764' title='bbox 3102 2875 3210 2930; x_wconf 86' lang='grc' dir='ltr'>τῶν</span> <span class='ocrx_word' id='word_1_765' title='bbox 3229 2877 3396 2948; x_wconf 89' lang='grc' dir='ltr'>τριῶν</span> <span class='ocrx_word' id='word_1_766' title='bbox 3407 2881 3609 2934; x_wconf 87' lang='grc' dir='ltr'>τούτων</span> <span class='ocrx_word' id='word_1_767' title='bbox 3626 2881 3687 2934; x_wconf 84' lang='lat'><strong>16</strong></span> 
     </span>
    </p>
   </div>
   <div class='ocr_carea' id='block_1_93' title="bbox 2026 2954 3687 3035">
    <p class='ocr_par' dir='ltr' id='par_1_93' title="bbox 2026 2954 3687 3035">
     <span class='ocr_line' id='line_1_93' title="bbox 2026 2954 3687 3035; baseline 0.009 -29"><span class='ocrx_word' id='word_1_768' title='bbox 2026 2954 2134 3009; x_wconf 88' lang='grc' dir='ltr'>τῶν</span> <span class='ocrx_word' id='word_1_769' title='bbox 2173 2955 2473 3028; x_wconf 86' lang='grc' dir='ltr'>ἀνθρώπων</span> <span class='ocrx_word' id='word_1_770' title='bbox 2514 2959 2717 3028; x_wconf 83' lang='grc' dir='ltr'>πλῆθος</span> <span class='ocrx_word' id='word_1_771' title='bbox 2753 2961 3027 3016; x_wconf 86' lang='grc' dir='ltr'>ἐπιδοῦναι</span> <span class='ocrx_word' id='word_1_772' title='bbox 3072 2965 3481 3035; x_wconf 89' lang='grc' dir='ltr'>παρεσκεύασεν</span> <span class='ocrx_word' id='word_1_773' title='bbox 3513 2970 3544 3023; x_wconf 89' lang='lat'>6</span> <span class='ocrx_word' id='word_1_774' title='bbox 3575 2968 3687 3022; x_wconf 81' lang='grc' dir='ltr'>τῶν</span> 
     </span>
    </p>
   </div>
   <div class='ocr_carea' id='block_1_94' title="bbox 2027 3041 3682 3127">
    <p class='ocr_par' dir='ltr' id='par_1_94' title="bbox 2027 3041 3682 3127">
     <span class='ocr_line' id='line_1_94' title="bbox 2027 3041 3682 3127; baseline 0.01 -33"><span class='ocrx_word' id='word_1_775' title='bbox 2027 3041 2163 3095; x_wconf 85' lang='grc' dir='ltr'>ὅλων</span> <span class='ocrx_word' id='word_1_776' title='bbox 2199 3042 2555 3113; x_wconf 89' lang='grc' dir='ltr'>δημιουργός·</span> <span class='ocrx_word' id='word_1_777' title='bbox 2594 3046 2683 3099; x_wconf 86' lang='lat' dir='ltr'>16v</span> <span class='ocrx_word' id='word_1_778' title='bbox 2719 3047 2882 3101; x_wconf 76' lang='grc' dir='ltr'>αὐτὸν</span> <span class='ocrx_word' id='word_1_779' title='bbox 2917 3047 2980 3120; x_wconf 84' lang='grc' dir='ltr'>δὴ</span> <span class='ocrx_word' id='word_1_780' title='bbox 3015 3050 3214 3121; x_wconf 81' lang='grc' dir='ltr'>τρόπον</span> <span class='ocrx_word' id='word_1_781' title='bbox 3251 3053 3345 3106; x_wconf 73' lang='grc' dir='ltr'>καὶ</span> <span class='ocrx_word' id='word_1_782' title='bbox 3367 3055 3458 3108; x_wconf 64' lang='grc' dir='ltr'>ἐπὶ⁵</span> <span class='ocrx_word' id='word_1_783' title='bbox 3475 3056 3573 3127; x_wconf 86' lang='grc' dir='ltr'>τῆς</span> <span class='ocrx_word' id='word_1_784' title='bbox 3592 3057 3682 3110; x_wconf 81' lang='grc' dir='ltr'>πί-</span> 
     </span>
    </p>
   </div>
   <div class='ocr_carea' id='block_1_95' title="bbox 2031 3129 3684 3212">
    <p class='ocr_par' dir='ltr' id='par_1_95' title="bbox 2031 3129 3684 3212">
     <span class='ocr_line' id='line_1_95' title="bbox 2031 3129 3684 3212; baseline 0.011 -33"><span class='ocrx_word' id='word_1_785' title='bbox 2031 3143 2198 3193; x_wconf 87' lang='grc' dir='ltr'>στεως</span> <span class='ocrx_word' id='word_1_786' title='bbox 2215 3129 2304 3182; x_wconf 88' lang='grc' dir='ltr'>διὰ</span> <span class='ocrx_word' id='word_1_787' title='bbox 2322 3129 2429 3183; x_wconf 87' lang='grc' dir='ltr'>τῶν</span> <span class='ocrx_word' id='word_1_788' title='bbox 2448 3131 2660 3196; x_wconf 75' lang='grc' dir='ltr'>ἕνδεκα,</span> <span class='ocrx_word' id='word_1_789' title='bbox 2676 3132 2782 3187; x_wconf 86' lang='grc' dir='ltr'>τῶν</span> <span class='ocrx_word' id='word_1_790' title='bbox 2802 3135 3014 3200; x_wconf 85' lang='grc' dir='ltr'>ἀλιέων,</span> <span class='ocrx_word' id='word_1_791' title='bbox 3034 3136 3142 3190; x_wconf 87' lang='grc' dir='ltr'>τῶν</span> <span class='ocrx_word' id='word_1_792' title='bbox 3163 3139 3561 3212; x_wconf 88' lang='grc' dir='ltr'>ἀγραμμάτων,</span> <span class='ocrx_word' id='word_1_793' title='bbox 3576 3145 3684 3197; x_wconf 84' lang='grc' dir='ltr'>τῶν</span> 
     </span>
    </p>
   </div>
   <div class='ocr_carea' id='block_1_96' title="bbox 2032 3213 3683 3297">
    <p class='ocr_par' dir='ltr' id='par_1_96' title="bbox 2032 3213 3683 3297">
     <span class='ocr_line' id='line_1_96' title="bbox 2032 3213 3683 3297; baseline 0.01 -29"><span class='ocrx_word' id='word_1_794' title='bbox 2032 3213 2273 3279; x_wconf 90' lang='grc' dir='ltr'>ἰδιωτῶν,</span> <span class='ocrx_word' id='word_1_795' title='bbox 2294 3217 2401 3270; x_wconf 90' lang='grc' dir='ltr'>τῶν</span> <span class='ocrx_word' id='word_1_796' title='bbox 2440 3217 2576 3288; x_wconf 88' lang='grc' dir='ltr'>μηδέ</span> <span class='ocrx_word' id='word_1_797' title='bbox 2611 3219 2791 3289; x_wconf 83' lang='grc' dir='ltr'>διᾶραι</span> <span class='ocrx_word' id='word_1_798' title='bbox 2823 3221 2883 3274; x_wconf 87' lang='lat'><strong>16</strong></span> <span class='ocrx_word' id='word_1_799' title='bbox 2916 3222 3086 3292; x_wconf 90' lang='grc' dir='ltr'>στόμα</span> <span class='ocrx_word' id='word_1_800' title='bbox 3106 3225 3448 3297; x_wconf 86' lang='grc' dir='ltr'>τολμώντων,</span> <span class='ocrx_word' id='word_1_801' title='bbox 3468 3229 3683 3284; x_wconf 77' lang='grc' dir='ltr'>ἃπασαν</span> 
     </span>
    </p>
   </div>
   <div class='ocr_carea' id='block_1_97' title="bbox 2030 3303 3681 3385">
    <p class='ocr_par' dir='ltr' id='par_1_97' title="bbox 2030 3303 3681 3385">
     <span class='ocr_line' id='line_1_97' title="bbox 2030 3303 3681 3385; baseline 0.008 -31"><span class='ocrx_word' id='word_1_802' title='bbox 2030 3304 2375 3356; x_wconf 88' lang='grc' dir='ltr'>ἐπεσπάσατο</span> <span class='ocrx_word' id='word_1_803' title='bbox 2410 3303 2507 3375; x_wconf 85' lang='grc' dir='ltr'>τὴν</span> <span class='ocrx_word' id='word_1_804' title='bbox 2545 3306 2885 3378; x_wconf 87' lang='grc' dir='ltr'>οἰκουμένην.</span> <span class='ocrx_word' id='word_1_805' title='bbox 2906 3309 3017 3362; x_wconf 73' lang='grc' dir='ltr'>Καὶ</span> <span class='ocrx_word' id='word_1_806' title='bbox 3052 3313 3100 3364; x_wconf 90' lang='grc' dir='ltr'>οί</span> <span class='ocrx_word' id='word_1_807' title='bbox 3136 3312 3487 3385; x_wconf 87' lang='grc' dir='ltr'>ἀγράμματοι</span> <span class='ocrx_word' id='word_1_808' title='bbox 3518 3312 3681 3382; x_wconf 75' lang='grc' dir='ltr'>οὗτοι,</span> 
     </span>
    </p>
   </div>
   <div class='ocr_carea' id='block_1_98' title="bbox 2032 3389 3685 3474">
    <p class='ocr_par' dir='ltr' id='par_1_98' title="bbox 2032 3389 3685 3474">
     <span class='ocr_line' id='line_1_98' title="bbox 2032 3389 3685 3474; baseline 0.011 -33"><span class='ocrx_word' id='word_1_809' title='bbox 2032 3391 2122 3442; x_wconf 70' lang='grc' dir='ltr'>καὶ</span> <span class='ocrx_word' id='word_1_810' title='bbox 2141 3391 2189 3442; x_wconf 90' lang='grc' dir='ltr'>οί</span> <span class='ocrx_word' id='word_1_811' title='bbox 2211 3389 2416 3444; x_wconf 79' lang='grc' dir='ltr'>ἰδιῶται</span> <span class='ocrx_word' id='word_1_812' title='bbox 2438 3393 2530 3445; x_wconf 74' lang='grc' dir='ltr'>καὶ</span> <span class='ocrx_word' id='word_1_813' title='bbox 2549 3394 2599 3445; x_wconf 88' lang='grc' dir='ltr'>οί</span> <span class='ocrx_word' id='word_1_814' title='bbox 2619 3394 2786 3457; x_wconf 86' lang='grc' dir='ltr'>ἁλιεῖς</span> <span class='ocrx_word' id='word_1_815' title='bbox 2806 3394 2913 3449; x_wconf 85' lang='grc' dir='ltr'>τῶν</span> <span class='ocrx_word' id='word_1_816' title='bbox 2934 3396 3234 3468; x_wconf 82' lang='grc' dir='ltr'>φιλοσόφων</span> <span class='ocrx_word' id='word_1_817' title='bbox 3267 3401 3586 3474; x_wconf 85' lang='grc' dir='ltr'>ἀπέφραξαν</span> <span class='ocrx_word' id='word_1_818' title='bbox 3615 3405 3685 3459; x_wconf 83' lang='grc' dir='ltr'>τά</span> 
     </span>
    </p>
   </div>
   <div class='ocr_carea' id='block_1_99' title="bbox 2031 3478 3685 3565">
    <p class='ocr_par' dir='ltr' id='par_1_99' title="bbox 2031 3478 3685 3565">
     <span class='ocr_line' id='line_1_99' title="bbox 2031 3478 3685 3565; baseline 0.011 -35"><span class='ocrx_word' id='word_1_819' title='bbox 2031 3478 2295 3549; x_wconf 84' lang='grc' dir='ltr'>στόματα,</span> <span class='ocrx_word' id='word_1_820' title='bbox 2315 3479 2408 3532; x_wconf 73' lang='grc' dir='ltr'>καὶ</span> <span class='ocrx_word' id='word_1_821' title='bbox 2448 3480 2695 3553; x_wconf 78' lang='grc' dir='ltr'>καθάπερ</span> <span class='ocrx_word' id='word_1_822' title='bbox 2733 3482 3047 3555; x_wconf 84' lang='grc' dir='ltr'>ὑπόπτεροι.</span> <span class='ocrx_word' id='word_1_823' title='bbox 3068 3484 3211 3539; x_wconf 79' lang='grc' dir='ltr'>οὕτω</span> <span class='ocrx_word' id='word_1_824' title='bbox 3230 3487 3327 3561; x_wconf 82' lang='grc' dir='ltr'>τήν</span> <span class='ocrx_word' id='word_1_825' title='bbox 3362 3491 3685 3565; x_wconf 72' lang='grc' dir='ltr'>οἰκουμένην</span> 
     </span>
    </p>
   </div>
   <div class='ocr_carea' id='block_1_100' title="bbox 2029 3564 3685 3649">
    <p class='ocr_par' dir='ltr' id='par_1_100' title="bbox 2029 3564 3685 3649">
     <span class='ocr_line' id='line_1_100' title="bbox 2029 3564 3685 3649; baseline 0.012 -33"><span class='ocrx_word' id='word_1_826' title='bbox 2029 3564 2246 3618; x_wconf 74' lang='grc' dir='ltr'>ἅπασαν</span> <span class='ocrx_word' id='word_1_827' title='bbox 2282 3564 2566 3638; x_wconf 84' lang='grc' dir='ltr'>διέδραμον</span> <span class='ocrx_word' id='word_1_828' title='bbox 2602 3570 3062 3644; x_wconf 85' lang='grc' dir='ltr'>κατασπείραντες</span> <span class='ocrx_word' id='word_1_829' title='bbox 3079 3573 3167 3629; x_wconf 82' lang='grc' dir='ltr'>τὸν</span> <span class='ocrx_word' id='word_1_830' title='bbox 3188 3576 3283 3649; x_wconf 82' lang='grc' dir='ltr'>τῆς</span> <span class='ocrx_word' id='word_1_831' title='bbox 3302 3580 3581 3646; x_wconf 84' lang='grc' dir='ltr'>εὐσεϐείας</span> <span class='ocrx_word' id='word_1_832' title='bbox 3601 3564 3685 3636; x_wconf 84' lang='grc' dir='ltr'>λό-</span> 
     </span>
    </p>
   </div>
   <div class='ocr_carea' id='block_1_101' title="bbox 2028 3654 3673 3730">
    <p class='ocr_par' dir='ltr' id='par_1_101' title="bbox 2028 3654 3673 3730">
     <span class='ocr_line' id='line_1_101' title="bbox 2028 3654 3673 3730; baseline 0.011 -26"><span class='ocrx_word' id='word_1_833' title='bbox 2028 3668 2124 3720; x_wconf 87' lang='grc' dir='ltr'>γον</span> <span class='ocrx_word' id='word_1_834' title='bbox 2163 3655 2257 3707; x_wconf 79' lang='grc' dir='ltr'>καὶ</span> <span class='ocrx_word' id='word_1_835' title='bbox 2293 3654 2389 3718; x_wconf 88' lang='grc' dir='ltr'>τάς</span> <span class='ocrx_word' id='word_1_836' title='bbox 2423 3655 2660 3720; x_wconf 88' lang='grc' dir='ltr'>ἀκάνθας</span> <span class='ocrx_word' id='word_1_837' title='bbox 2699 3658 3069 3730; x_wconf 87' lang='grc' dir='ltr'>ἐκτέμνοντες,</span> <span class='ocrx_word' id='word_1_838' title='bbox 3091 3663 3181 3716; x_wconf 78' lang='grc' dir='ltr'>καὶ</span> <span class='ocrx_word' id='word_1_839' title='bbox 3218 3665 3284 3717; x_wconf 90' lang='grc' dir='ltr'>τά</span> <span class='ocrx_word' id='word_1_840' title='bbox 3322 3666 3525 3720; x_wconf 78' lang='grc' dir='ltr'>παλαιά</span> <span class='ocrx_word' id='word_1_841' title='bbox 3555 3669 3673 3721; x_wconf 70' lang='grc' dir='ltr'>ἀναο</span> 
     </span>
    </p>
   </div>
   <div class='ocr_carea' id='block_1_102' title="bbox 2030 3740 3675 3825">
    <p class='ocr_par' dir='ltr' id='par_1_102' title="bbox 2030 3740 3675 3825">
     <span class='ocr_line' id='line_1_102' title="bbox 2030 3740 3675 3825; baseline 0.011 -33"><span class='ocrx_word' id='word_1_842' title='bbox 2030 3740 2272 3805; x_wconf 88' lang='grc' dir='ltr'>σπῶντες</span> <span class='ocrx_word' id='word_1_843' title='bbox 2310 3741 2427 3813; x_wconf 75' lang='grc' dir='ltr'>ἔθη,</span> <span class='ocrx_word' id='word_1_844' title='bbox 2452 3743 2543 3796; x_wconf 80' lang='grc' dir='ltr'>καὶ</span> <span class='ocrx_word' id='word_1_845' title='bbox 2561 3746 2686 3807; x_wconf 83' lang='grc' dir='ltr'>τούς</span> <span class='ocrx_word' id='word_1_846' title='bbox 2704 3744 2797 3798; x_wconf 87' lang='grc' dir='ltr'>τοῦ</span> <span class='ocrx_word' id='word_1_847' title='bbox 2815 3747 3051 3817; x_wconf 85' lang='grc' dir='ltr'>Χριστοῦ</span> <span class='ocrx_word' id='word_1_848' title='bbox 3075 3749 3270 3820; x_wconf 91' lang='grc' dir='ltr'>νόμους</span> <span class='ocrx_word' id='word_1_849' title='bbox 3289 3754 3561 3825; x_wconf 81' lang='grc' dir='ltr'>πανταχοῦ</span> <span class='ocrx_word' id='word_1_850' title='bbox 3581 3773 3675 3809; x_wconf 89' lang='grc' dir='ltr'>κα-</span> 
     </span>
    </p>
   </div>
   <div class='ocr_carea' id='block_1_103' title="bbox 2027 3826 3680 3910">
    <p class='ocr_par' dir='ltr' id='par_1_103' title="bbox 2027 3826 3680 3910">
     <span class='ocr_line' id='line_1_103' title="bbox 2027 3826 3680 3910; baseline 0.008 -32"><span class='ocrx_word' id='word_1_851' title='bbox 2027 3826 2419 3894; x_wconf 88' lang='grc' dir='ltr'>ταφυτεύοντες</span> <span class='ocrx_word' id='word_1_852' title='bbox 2438 3845 2451 3857; x_wconf 93' lang='grc'><strong>·</strong></span> <span class='ocrx_word' id='word_1_853' title='bbox 2479 3829 2572 3881; x_wconf 76' lang='grc' dir='ltr'>καὶ</span> <span class='ocrx_word' id='word_1_854' title='bbox 2612 3829 2736 3882; x_wconf 80' lang='grc' dir='ltr'>οὔτε</span> <span class='ocrx_word' id='word_1_855' title='bbox 2777 3831 2838 3884; x_wconf 89' lang='lat'><strong>16</strong></span> <span class='ocrx_word' id='word_1_856' title='bbox 2873 3831 3083 3901; x_wconf 84' lang='grc' dir='ltr'>ὀλίγους</span> <span class='ocrx_word' id='word_1_857' title='bbox 3103 3835 3297 3900; x_wconf 82' lang='grc' dir='ltr'>αὐτοὺς</span> <span class='ocrx_word' id='word_1_858' title='bbox 3314 3831 3473 3903; x_wconf 71' lang='grc' dir='ltr'>εἶναι,</span> <span class='ocrx_word' id='word_1_859' title='bbox 3504 3838 3680 3910; x_wconf 78' lang='grc' dir='ltr'>οὔτεή</span> 
     </span>
    </p>
   </div>
   <div class='ocr_carea' id='block_1_104' title="bbox 2031 3911 3683 3991">
    <p class='ocr_par' dir='ltr' id='par_1_104' title="bbox 2031 3911 3683 3991">
     <span class='ocr_line' id='line_1_104' title="bbox 2031 3911 3683 3991; baseline 0.01 -27"><span class='ocrx_word' id='word_1_860' title='bbox 2031 3911 2284 3978; x_wconf 88' lang='grc' dir='ltr'>ἰδιωτεία,</span> <span class='ocrx_word' id='word_1_861' title='bbox 2305 3912 2429 3966; x_wconf 82' lang='grc' dir='ltr'>οὔτε</span> <span class='ocrx_word' id='word_1_862' title='bbox 2447 3916 2506 3968; x_wconf 84' lang='grc' dir='ltr'>τὸ</span> <span class='ocrx_word' id='word_1_863' title='bbox 2526 3916 2794 3987; x_wconf 80' lang='grc' dir='ltr'>αὐστηρὸν</span> <span class='ocrx_word' id='word_1_864' title='bbox 2813 3917 2919 3972; x_wconf 88' lang='grc' dir='ltr'>τῶν</span> <span class='ocrx_word' id='word_1_865' title='bbox 2940 3920 3344 3991; x_wconf 82' lang='grc' dir='ltr'>ἐπιταγμάτων,</span> <span class='ocrx_word' id='word_1_866' title='bbox 3365 3925 3486 3979; x_wconf 84' lang='grc' dir='ltr'>οὔτε</span> <span class='ocrx_word' id='word_1_867' title='bbox 3505 3925 3568 3979; x_wconf 83' lang='lat'>16</span> <span class='ocrx_word' id='word_1_868' title='bbox 3585 3944 3683 3979; x_wconf 81' lang='grc' dir='ltr'>πα-</span> 
     </span>
    </p>
   </div>
   <div class='ocr_carea' id='block_1_105' title="bbox 2025 3998 3683 4083">
    <p class='ocr_par' dir='ltr' id='par_1_105' title="bbox 2025 3998 3683 4083">
     <span class='ocr_line' id='line_1_105' title="bbox 2025 3998 3683 4083; baseline 0.009 -32"><span class='ocrx_word' id='word_1_869' title='bbox 2025 3998 2155 4070; x_wconf 86' lang='grc' dir='ltr'>λαιᾷ</span> <span class='ocrx_word' id='word_1_870' title='bbox 2192 4001 2448 4072; x_wconf 71' lang='grc' dir='ltr'>συνηθείᾳ</span> <span class='ocrx_word' id='word_1_871' title='bbox 2487 4003 2950 4074; x_wconf 80' lang='grc' dir='ltr'>προκατειλῆφθαι</span> <span class='ocrx_word' id='word_1_872' title='bbox 2970 4005 3114 4061; x_wconf 74' lang='grc' dir='ltr'>ἅπαν</span> <span class='ocrx_word' id='word_1_873' title='bbox 3154 4008 3216 4061; x_wconf 87' lang='lat'><strong>16</strong></span> <span class='ocrx_word' id='word_1_874' title='bbox 3252 4010 3683 4083; x_wconf 85' lang='grc' dir='ltr'>τῶνάνθρώπων</span> 
     </span>
    </p>
   </div>
   <div class='ocr_carea' id='block_1_106' title="bbox 2025 4087 3681 4163">
    <p class='ocr_par' dir='ltr' id='par_1_106' title="bbox 2025 4087 3681 4163">
     <span class='ocr_line' id='line_1_106' title="bbox 2025 4087 3681 4163; baseline 0.008 -22"><span class='ocrx_word' id='word_1_875' title='bbox 2025 4087 2198 4156; x_wconf 87' lang='grc' dir='ltr'>γένος,</span> <span class='ocrx_word' id='word_1_876' title='bbox 2224 4090 2408 4159; x_wconf 77' lang='grc' dir='ltr'>ἴσχυσε</span> <span class='ocrx_word' id='word_1_877' title='bbox 2429 4088 2654 4160; x_wconf 84' lang='grc' dir='ltr'>κώλυμα</span> <span class='ocrx_word' id='word_1_878' title='bbox 2671 4093 2850 4157; x_wconf 81' lang='grc' dir='ltr'>αὐτοῖς</span> <span class='ocrx_word' id='word_1_879' title='bbox 2868 4093 3136 4163; x_wconf 82' lang='grc' dir='ltr'>γενέσθαι,</span> <span class='ocrx_word' id='word_1_880' title='bbox 3160 4095 3292 4150; x_wconf 88' lang='grc' dir='ltr'>ἀλλά</span> <span class='ocrx_word' id='word_1_881' title='bbox 3315 4098 3486 4153; x_wconf 87' lang='grc' dir='ltr'>ταῦτα</span> <span class='ocrx_word' id='word_1_882' title='bbox 3507 4102 3681 4154; x_wconf 82' lang='grc' dir='ltr'>πάντα</span> 
     </span>
    </p>
   </div>
   <div class='ocr_carea' id='block_1_107' title="bbox 2026 4175 3682 4253">
    <p class='ocr_par' dir='ltr' id='par_1_107' title="bbox 2026 4175 3682 4253">
     <span class='ocr_line' id='line_1_107' title="bbox 2026 4175 3682 4253; baseline 0.01 -27"><span class='ocrx_word' id='word_1_883' title='bbox 2026 4175 2214 4246; x_wconf 84' lang='grc' dir='ltr'>ἀνῄρει</span> <span class='ocrx_word' id='word_1_884' title='bbox 2236 4177 2660 4247; x_wconf 82' lang='grc' dir='ltr'>προοδοποιοῦσα</span> <span class='ocrx_word' id='word_1_885' title='bbox 2680 4182 2712 4250; x_wconf 90' lang='grc' dir='ltr'>ή</span> <span class='ocrx_word' id='word_1_886' title='bbox 2733 4180 2912 4252; x_wconf 89' lang='grc' dir='ltr'>χάρις,</span> <span class='ocrx_word' id='word_1_887' title='bbox 2936 4182 3029 4235; x_wconf 79' lang='grc' dir='ltr'>καὶ</span> <span class='ocrx_word' id='word_1_888' title='bbox 3050 4186 3169 4253; x_wconf 88' lang='grc' dir='ltr'>μετ’</span> <span class='ocrx_word' id='word_1_889' title='bbox 3187 4186 3436 4250; x_wconf 82' lang='grc' dir='ltr'>εὐκολίας</span> <span class='ocrx_word' id='word_1_890' title='bbox 3467 4188 3682 4243; x_wconf 80' lang='grc' dir='ltr'>ἅπαντα</span> 
     </span>
    </p>
   </div>
   <div class='ocr_carea' id='block_1_108' title="bbox 2025 4262 3681 4346">
    <p class='ocr_par' dir='ltr' id='par_1_108' title="bbox 2025 4262 3681 4346">
     <span class='ocr_line' id='line_1_108' title="bbox 2025 4262 3681 4346; baseline 0.01 -31"><span class='ocrx_word' id='word_1_891' title='bbox 2025 4262 2360 4333; x_wconf 79' lang='grc' dir='ltr'>εἰργάζοντο,</span> <span class='ocrx_word' id='word_1_892' title='bbox 2383 4265 2449 4317; x_wconf 84' lang='grc' dir='ltr'>δι’</span> <span class='ocrx_word' id='word_1_893' title='bbox 2469 4265 2645 4319; x_wconf 85' lang='grc' dir='ltr'>αὐτῶν</span> <span class='ocrx_word' id='word_1_894' title='bbox 2665 4266 2770 4320; x_wconf 89' lang='grc' dir='ltr'>τῶν</span> <span class='ocrx_word' id='word_1_895' title='bbox 2789 4268 3125 4340; x_wconf 87' lang='grc' dir='ltr'>κωλυμάτων</span> <span class='ocrx_word' id='word_1_896' title='bbox 3166 4272 3385 4342; x_wconf 80' lang='grc' dir='ltr'>μείζονα</span> <span class='ocrx_word' id='word_1_897' title='bbox 3404 4275 3681 4346; x_wconf 83' lang='grc' dir='ltr'>δεχόμενοι</span> 
     </span>
    </p>
   </div>
   <div class='ocr_carea' id='block_1_109' title="bbox 2018 4349 3679 4432">
    <p class='ocr_par' dir='ltr' id='par_1_109' title="bbox 2018 4349 3679 4432">
     <span class='ocr_line' id='line_1_109' title="bbox 2018 4349 3679 4432; baseline 0.009 -32"><span class='ocrx_word' id='word_1_898' title='bbox 2018 4350 2122 4420; x_wconf 67' lang='grc' dir='ltr'>τὴν</span> <span class='ocrx_word' id='word_1_899' title='bbox 2143 4349 2469 4420; x_wconf 86' lang='grc' dir='ltr'>προθυμίαν.</span> <span class='ocrx_word' id='word_1_900' title='bbox 2491 4352 2601 4406; x_wconf 76' lang='grc' dir='ltr'>Καὶ</span> <span class='ocrx_word' id='word_1_901' title='bbox 2637 4352 2745 4425; x_wconf 86' lang='grc' dir='ltr'>γάρ</span> <span class='ocrx_word' id='word_1_902' title='bbox 2784 4371 2911 4408; x_wconf 89' lang='grc' dir='ltr'>ποτε</span> <span class='ocrx_word' id='word_1_903' title='bbox 2958 4356 3053 4425; x_wconf 88' lang='grc' dir='ltr'>μὲν</span> <span class='ocrx_word' id='word_1_904' title='bbox 3076 4359 3455 4429; x_wconf 78' lang='grc' dir='ltr'>μαστιζόμενοι</span> <span class='ocrx_word' id='word_1_905' title='bbox 3476 4363 3679 4432; x_wconf 85' lang='grc' dir='ltr'>ἀνεχώ-</span> 
     </span>
    </p>
   </div>
   <div class='ocr_carea' id='block_1_110' title="bbox 2025 4436 3680 4511">
    <p class='ocr_par' dir='ltr' id='par_1_110' title="bbox 2025 4436 3680 4511">
     <span class='ocr_line' id='line_1_110' title="bbox 2025 4436 3680 4511; baseline 0.009 -22"><span class='ocrx_word' id='word_1_906' title='bbox 2025 4451 2150 4506; x_wconf 86' lang='grc' dir='ltr'>ρουν</span> <span class='ocrx_word' id='word_1_907' title='bbox 2190 4436 2466 4509; x_wconf 88' lang='grc' dir='ltr'>χαίροντες</span> <span class='ocrx_word' id='word_1_908' title='bbox 2503 4439 2562 4490; x_wconf 85' lang='grc' dir='ltr'>οὐ</span> <span class='ocrx_word' id='word_1_909' title='bbox 2602 4439 2688 4493; x_wconf 82' lang='grc' dir='ltr'>διὰ</span> <span class='ocrx_word' id='word_1_910' title='bbox 2725 4439 2825 4503; x_wconf 79' lang='grc' dir='ltr'>τὰς</span> <span class='ocrx_word' id='word_1_911' title='bbox 2864 4443 3133 4511; x_wconf 83' lang='grc' dir='ltr'>μάστιγας</span> <span class='ocrx_word' id='word_1_912' title='bbox 3171 4444 3385 4509; x_wconf 85' lang='grc' dir='ltr'>ἁπλῶς,</span> <span class='ocrx_word' id='word_1_913' title='bbox 3423 4448 3537 4502; x_wconf 78' lang='grc' dir='ltr'>ἀλλ’</span> <span class='ocrx_word' id='word_1_914' title='bbox 3561 4451 3680 4504; x_wconf 79' lang='grc' dir='ltr'>Ὅτι</span> 
     </span>
    </p>
   </div>
   <div class='ocr_carea' id='block_1_111' title="bbox 2022 4521 3679 4601">
    <p class='ocr_par' dir='ltr' id='par_1_111' title="bbox 2022 4521 3679 4601">
     <span class='ocr_line' id='line_1_111' title="bbox 2022 4521 3679 4601; baseline 0.008 -27"><span class='ocrx_word' id='word_1_915' title='bbox 2022 4521 2175 4589; x_wconf 83' lang='grc' dir='ltr'>ὑπὲρ</span> <span class='ocrx_word' id='word_1_916' title='bbox 2210 4522 2317 4576; x_wconf 86' lang='grc' dir='ltr'>τοῦ</span> <span class='ocrx_word' id='word_1_917' title='bbox 2352 4524 2640 4593; x_wconf 83' lang='grc' dir='ltr'>ὀνόματος</span> <span class='ocrx_word' id='word_1_918' title='bbox 2675 4527 2780 4581; x_wconf 85' lang='grc' dir='ltr'>τοῦ</span> <span class='ocrx_word' id='word_1_919' title='bbox 2806 4529 3062 4597; x_wconf 74' lang='grc' dir='ltr'>Χριστοῦ</span> <span class='ocrx_word' id='word_1_920' title='bbox 3081 4531 3536 4601; x_wconf 76' lang='grc' dir='ltr'>κατηξιώθησαν</span> <span class='ocrx_word' id='word_1_921' title='bbox 3552 4537 3679 4591; x_wconf 83' lang='grc' dir='ltr'>άτι-</span> 
     </span>
    </p>
   </div>
   <div class='ocr_carea' id='block_1_112' title="bbox 2016 4609 3674 4691">
    <p class='ocr_par' dir='ltr' id='par_1_112' title="bbox 2016 4609 3674 4691">
     <span class='ocr_line' id='line_1_112' title="bbox 2016 4609 3674 4691; baseline 0.008 -30"><span class='ocrx_word' id='word_1_922' title='bbox 2016 4609 2360 4679; x_wconf 83' lang='grc' dir='ltr'>μασθῆναι·</span> <span class='ocrx_word' id='word_1_923' title='bbox 2403 4611 2589 4667; x_wconf 87' lang='grc' dir='ltr'>άλλοτε</span> <span class='ocrx_word' id='word_1_924' title='bbox 2641 4613 2697 4666; x_wconf 80' lang='grc' dir='ltr'>δὲ</span> <span class='ocrx_word' id='word_1_925' title='bbox 2753 4617 2834 4678; x_wconf 86' lang='grc' dir='ltr'>είς</span> <span class='ocrx_word' id='word_1_926' title='bbox 2893 4616 3259 4690; x_wconf 88' lang='grc' dir='ltr'>δεσμωτήριον</span> <span class='ocrx_word' id='word_1_927' title='bbox 3295 4621 3674 4691; x_wconf 81' lang='grc' dir='ltr'>ἐμϐληθέντες,</span> 
     </span>
    </p>
   </div>
   <div class='ocr_carea' id='block_1_113' title="bbox 2022 4696 3677 4779">
    <p class='ocr_par' dir='ltr' id='par_1_113' title="bbox 2022 4696 3677 4779">
     <span class='ocr_line' id='line_1_113' title="bbox 2022 4696 3677 4779; baseline 0.01 -32"><span class='ocrx_word' id='word_1_928' title='bbox 2022 4696 2208 4767; x_wconf 85' lang='grc' dir='ltr'>ἐπειδὴ</span> <span class='ocrx_word' id='word_1_929' title='bbox 2226 4698 2315 4750; x_wconf 83' lang='grc' dir='ltr'>ὑπ’</span> <span class='ocrx_word' id='word_1_930' title='bbox 2336 4697 2567 4767; x_wconf 87' lang='grc' dir='ltr'>ἀγγέλου</span> <span class='ocrx_word' id='word_1_931' title='bbox 2588 4699 2970 4772; x_wconf 80' lang='grc' dir='ltr'>ἐξηνέχθησαν,</span> <span class='ocrx_word' id='word_1_932' title='bbox 2994 4704 3155 4758; x_wconf 88' lang='grc' dir='ltr'>πάλιν</span> <span class='ocrx_word' id='word_1_933' title='bbox 3172 4706 3281 4761; x_wconf 87' lang='grc' dir='ltr'>τῶν</span> <span class='ocrx_word' id='word_1_934' title='bbox 3300 4708 3478 4761; x_wconf 88' lang='grc' dir='ltr'>αὐτῶν</span> <span class='ocrx_word' id='word_1_935' title='bbox 3508 4711 3677 4779; x_wconf 82' lang='grc' dir='ltr'>εἴχον-</span> 
     </span>
    </p>
   </div>
   <div class='ocr_carea' id='block_1_114' title="bbox 2020 4783 3675 4863">
    <p class='ocr_par' dir='ltr' id='par_1_114' title="bbox 2020 4783 3675 4863">
     <span class='ocr_line' id='line_1_114' title="bbox 2020 4783 3675 4863; baseline 0.008 -29"><span class='ocrx_word' id='word_1_936' title='bbox 2020 4798 2100 4848; x_wconf 87' lang='grc' dir='ltr'>το,</span> <span class='ocrx_word' id='word_1_937' title='bbox 2124 4785 2217 4836; x_wconf 79' lang='grc' dir='ltr'>καὶ</span> <span class='ocrx_word' id='word_1_938' title='bbox 2234 4785 2314 4846; x_wconf 90' lang='grc' dir='ltr'>είς</span> <span class='ocrx_word' id='word_1_939' title='bbox 2332 4783 2393 4836; x_wconf 85' lang='grc' dir='ltr'>τὸ</span> <span class='ocrx_word' id='word_1_940' title='bbox 2413 4785 2555 4855; x_wconf 79' lang='grc' dir='ltr'>ἱερὸν</span> <span class='ocrx_word' id='word_1_941' title='bbox 2576 4786 2959 4858; x_wconf 84' lang='grc' dir='ltr'>ἀφικνούμενοι</span> <span class='ocrx_word' id='word_1_942' title='bbox 2976 4791 3067 4843; x_wconf 86' lang='grc' dir='ltr'>τὸν</span> <span class='ocrx_word' id='word_1_943' title='bbox 3084 4792 3183 4863; x_wconf 81' lang='grc' dir='ltr'>τῆς</span> <span class='ocrx_word' id='word_1_944' title='bbox 3211 4792 3554 4858; x_wconf 87' lang='grc' dir='ltr'>διδασκαλίας</span> <span class='ocrx_word' id='word_1_945' title='bbox 3586 4795 3675 4847; x_wconf 84' lang='grc' dir='ltr'>λό·</span> 
     </span>
    </p>
   </div>
   <div class='ocr_carea' id='block_1_115' title="bbox 2020 4870 3672 4951">
    <p class='ocr_par' dir='ltr' id='par_1_115' title="bbox 2020 4870 3672 4951">
     <span class='ocr_line' id='line_1_115' title="bbox 2020 4870 3672 4951; baseline 0.006 -28"><span class='ocrx_word' id='word_1_946' title='bbox 2020 4886 2115 4939; x_wconf 90' lang='grc' dir='ltr'>γον</span> <span class='ocrx_word' id='word_1_947' title='bbox 2136 4870 2450 4936; x_wconf 88' lang='grc' dir='ltr'>κατέϐαλον,</span> <span class='ocrx_word' id='word_1_948' title='bbox 2474 4873 2858 4943; x_wconf 88' lang='grc' dir='ltr'>σαγηνεύοντες</span> <span class='ocrx_word' id='word_1_949' title='bbox 2875 4877 2943 4930; x_wconf 89' lang='grc' dir='ltr'>τά</span> <span class='ocrx_word' id='word_1_950' title='bbox 2966 4877 3141 4949; x_wconf 88' lang='grc' dir='ltr'>πλήθη</span> <span class='ocrx_word' id='word_1_951' title='bbox 3161 4880 3240 4942; x_wconf 89' lang='grc' dir='ltr'>εἰς</span> <span class='ocrx_word' id='word_1_952' title='bbox 3259 4879 3356 4951; x_wconf 79' lang='grc' dir='ltr'>τὴν</span> <span class='ocrx_word' id='word_1_953' title='bbox 3374 4881 3672 4935; x_wconf 84' lang='grc' dir='ltr'>εὐσέϐειαν·</span> 
     </span>
    </p>
   </div>
   <div class='ocr_carea' id='block_1_116' title="bbox 2020 4956 3669 5038">
    <p class='ocr_par' dir='ltr' id='par_1_116' title="bbox 2020 4956 3669 5038">
     <span class='ocr_line' id='line_1_116' title="bbox 2020 4956 3669 5038; baseline 0.008 -29"><span class='ocrx_word' id='word_1_954' title='bbox 2020 4957 2115 5010; x_wconf 75' lang='grc' dir='ltr'>καὶ</span> <span class='ocrx_word' id='word_1_955' title='bbox 2146 4956 2306 5013; x_wconf 86' lang='grc' dir='ltr'>πάλιν</span> <span class='ocrx_word' id='word_1_956' title='bbox 2339 4958 2706 5030; x_wconf 87' lang='grc' dir='ltr'>κατεχόμενοι,</span> <span class='ocrx_word' id='word_1_957' title='bbox 2725 4961 2784 5013; x_wconf 88' lang='grc' dir='ltr'>οὐ</span> <span class='ocrx_word' id='word_1_958' title='bbox 2809 4962 2966 5031; x_wconf 89' lang='grc' dir='ltr'>μόνον</span> <span class='ocrx_word' id='word_1_959' title='bbox 2983 4964 3105 5017; x_wconf 87' lang='grc' dir='ltr'>οὐδέ</span> <span class='ocrx_word' id='word_1_960' title='bbox 3126 4965 3373 5020; x_wconf 83' lang='grc' dir='ltr'>ἐντεῦθεν</span> <span class='ocrx_word' id='word_1_961' title='bbox 3391 4969 3519 5038; x_wconf 88' lang='grc' dir='ltr'>ὀκνη</span> <span class='ocrx_word' id='word_1_962' title='bbox 3528 4969 3669 5038; x_wconf 78' lang='grc' dir='ltr'>ρότι-</span> 
     </span>
    </p>
   </div>
   <div class='ocr_carea' id='block_1_117' title="bbox 2022 5042 3673 5125">
    <p class='ocr_par' dir='ltr' id='par_1_117' title="bbox 2022 5042 3673 5125">
     <span class='ocr_line' id='line_1_117' title="bbox 2022 5042 3673 5125; baseline 0.008 -29"><span class='ocrx_word' id='word_1_963' title='bbox 2022 5060 2105 5113; x_wconf 86' lang='grc' dir='ltr'>ροι</span> <span class='ocrx_word' id='word_1_964' title='bbox 2143 5044 2402 5113; x_wconf 87' lang='grc' dir='ltr'>ἐγίνοντο,</span> <span class='ocrx_word' id='word_1_965' title='bbox 2432 5046 2581 5100; x_wconf 85' lang='grc' dir='ltr'>ἀλλά</span> <span class='ocrx_word' id='word_1_966' title='bbox 2603 5047 2697 5100; x_wconf 69' lang='grc' dir='ltr'>καὶ</span> <span class='ocrx_word' id='word_1_967' title='bbox 2733 5048 2951 5104; x_wconf 89' lang='grc' dir='ltr'>πλείονα</span> <span class='ocrx_word' id='word_1_968' title='bbox 2985 5050 3082 5122; x_wconf 78' lang='grc' dir='ltr'>τὴν</span> <span class='ocrx_word' id='word_1_969' title='bbox 3118 5042 3429 5125; x_wconf 71' lang='grc' dir='ltr'>παρρησίαν</span> <span class='ocrx_word' id='word_1_970' title='bbox 3466 5055 3673 5109; x_wconf 82' lang='grc' dir='ltr'>ἐπεδεί-</span> 
     </span>
    </p>
   </div>
   <div class='ocr_carea' id='block_1_118' title="bbox 2018 5131 3673 5211">
    <p class='ocr_par' dir='ltr' id='par_1_118' title="bbox 2018 5131 3673 5211">
     <span class='ocr_line' id='line_1_118' title="bbox 2018 5131 3673 5211; baseline 0.006 -27"><span class='ocrx_word' id='word_1_971' title='bbox 2018 5147 2229 5194; x_wconf 90' lang='grc' dir='ltr'>κνυντο,</span> <span class='ocrx_word' id='word_1_972' title='bbox 2253 5132 2310 5183; x_wconf 91' lang='grc' dir='ltr'>ἐν</span> <span class='ocrx_word' id='word_1_973' title='bbox 2334 5131 2480 5201; x_wconf 84' lang='grc' dir='ltr'>μέσῳ</span> <span class='ocrx_word' id='word_1_974' title='bbox 2504 5133 2826 5203; x_wconf 86' lang='grc' dir='ltr'>μαινομένου</span> <span class='ocrx_word' id='word_1_975' title='bbox 2845 5136 3016 5207; x_wconf 81' lang='grc' dir='ltr'>δήμου</span> <span class='ocrx_word' id='word_1_976' title='bbox 3049 5140 3141 5191; x_wconf 73' lang='grc' dir='ltr'>καὶ</span> <span class='ocrx_word' id='word_1_977' title='bbox 3171 5139 3299 5203; x_wconf 84' lang='grc' dir='ltr'>τοὺς</span> <span class='ocrx_word' id='word_1_978' title='bbox 3324 5140 3539 5204; x_wconf 85' lang='grc' dir='ltr'>ὀδόντας</span> <span class='ocrx_word' id='word_1_979' title='bbox 3553 5143 3673 5211; x_wconf 87' lang='grc' dir='ltr'>τρί-</span> 
     </span>
    </p>
   </div>
   <div class='ocr_carea' id='block_1_119' title="bbox 2018 5215 3676 5296">
    <p class='ocr_par' dir='ltr' id='par_1_119' title="bbox 2018 5215 3676 5296">
     <span class='ocr_line' id='line_1_119' title="bbox 2018 5215 3676 5296; baseline 0.008 -29"><span class='ocrx_word' id='word_1_980' title='bbox 2018 5215 2198 5281; x_wconf 76' lang='grc' dir='ltr'>ζοντος</span> <span class='ocrx_word' id='word_1_981' title='bbox 2218 5217 2449 5281; x_wconf 81' lang='grc' dir='ltr'>ἑστῶτες</span> <span class='ocrx_word' id='word_1_982' title='bbox 2468 5219 2561 5271; x_wconf 77' lang='grc' dir='ltr'>καὶ</span> <span class='ocrx_word' id='word_1_983' title='bbox 2579 5219 2827 5287; x_wconf 90' lang='grc' dir='ltr'>λέγοντες</span> <span class='ocrx_word' id='word_1_984' title='bbox 2847 5238 2859 5250; x_wconf 70' lang='grc' dir='ltr'><strong><em>ο</em></strong></span> <span class='ocrx_word' id='word_1_985' title='bbox 2881 5224 3226 5294; x_wconf 80' lang='grc' dir='ltr'>Πειθαρχεῖν</span> <span class='ocrx_word' id='word_1_986' title='bbox 3256 5225 3353 5279; x_wconf 88' lang='grc' dir='ltr'>δεῖ</span> <span class='ocrx_word' id='word_1_987' title='bbox 3379 5226 3499 5292; x_wconf 81' lang='grc' dir='ltr'>Θεῷ</span> <span class='ocrx_word' id='word_1_988' title='bbox 3523 5226 3676 5296; x_wconf 65' lang='grc' dir='ltr'>μᾶλ-</span> 
     </span>
    </p>
   </div>
   <div class='ocr_carea' id='block_1_120' title="bbox 2014 5301 3672 5385">
    <p class='ocr_par' dir='ltr' id='par_1_120' title="bbox 2014 5301 3672 5385">
     <span class='ocr_line' id='line_1_120' title="bbox 2014 5301 3672 5385; baseline 0.007 -29"><span class='ocrx_word' id='word_1_989' title='bbox 2014 5307 2129 5356; x_wconf 77' lang='grc' dir='ltr'>λον</span> <span class='ocrx_word' id='word_1_990' title='bbox 2147 5301 2184 5368; x_wconf 77' lang='grc' dir='ltr'>ἢ</span> <span class='ocrx_word' id='word_1_991' title='bbox 2206 5302 2553 5372; x_wconf 79' lang='grc' dir='ltr'>ἀνθρώποις.</span> <span class='ocrx_word' id='word_1_992' title='bbox 2577 5302 2731 5370; x_wconf 83' lang='grc' dir='ltr'>Εἶδες</span> <span class='ocrx_word' id='word_1_993' title='bbox 2754 5308 3062 5379; x_wconf 73' lang='grc' dir='ltr'>παρρησίας</span> <span class='ocrx_word' id='word_1_994' title='bbox 3084 5311 3306 5381; x_wconf 68' lang='grc' dir='ltr'>μέγεθος</span> <span class='ocrx_word' id='word_1_995' title='bbox 3327 5330 3341 5378; x_wconf 90' lang='grc'><strong>;</strong></span> <span class='ocrx_word' id='word_1_996' title='bbox 3366 5312 3515 5385; x_wconf 56' lang='grc'>12771</span> <span class='ocrx_word' id='word_1_997' title='bbox 3535 5310 3672 5378; x_wconf 76' lang='grc' dir='ltr'>εἶδες</span> 
     </span>
    </p>
   </div>
   <div class='ocr_carea' id='block_1_121' title="bbox 2015 5389 3670 5470">
    <p class='ocr_par' dir='ltr' id='par_1_121' title="bbox 2015 5389 3670 5470">
     <span class='ocr_line' id='line_1_121' title="bbox 2015 5389 3670 5470; baseline 0.005 -27"><span class='ocrx_word' id='word_1_998' title='bbox 2015 5390 2137 5453; x_wconf 80' lang='grc' dir='ltr'>τοὺς</span> <span class='ocrx_word' id='word_1_999' title='bbox 2159 5389 2393 5456; x_wconf 84' lang='grc' dir='ltr'>ἰδιώτας,</span> <span class='ocrx_word' id='word_1_1000' title='bbox 2414 5391 2537 5456; x_wconf 77' lang='grc' dir='ltr'>τοὺς</span> <span class='ocrx_word' id='word_1_1001' title='bbox 2576 5392 2747 5457; x_wconf 86' lang='grc' dir='ltr'>ἀλιείς</span> <span class='ocrx_word' id='word_1_1002' title='bbox 2783 5395 3164 5467; x_wconf 83' lang='grc' dir='ltr'>ὑπερορῶντας</span> <span class='ocrx_word' id='word_1_1003' title='bbox 3197 5398 3465 5452; x_wconf 87' lang='grc' dir='ltr'>τοσούτων</span> <span class='ocrx_word' id='word_1_1004' title='bbox 3484 5400 3670 5470; x_wconf 82' lang='grc' dir='ltr'>δήμων</span> 
     </span>
    </p>
   </div>
   <div class='ocr_carea' id='block_1_122' title="bbox 2019 5478 3671 5557">
    <p class='ocr_par' dir='ltr' id='par_1_122' title="bbox 2019 5478 3671 5557">
     <span class='ocr_line' id='line_1_122' title="bbox 2019 5478 3671 5557; baseline 0.007 -27"><span class='ocrx_word' id='word_1_1005' title='bbox 2019 5478 2378 5549; x_wconf 86' lang='grc' dir='ltr'>μαινομένων,</span> <span class='ocrx_word' id='word_1_1006' title='bbox 2401 5480 2648 5553; x_wconf 77' lang='grc' dir='ltr'>καὶπρὸς</span> <span class='ocrx_word' id='word_1_1007' title='bbox 2669 5481 2860 5551; x_wconf 88' lang='grc' dir='ltr'>φόνους</span> <span class='ocrx_word' id='word_1_1008' title='bbox 2880 5484 2974 5538; x_wconf 78' lang='grc' dir='ltr'>καὶ</span> <span class='ocrx_word' id='word_1_1009' title='bbox 2996 5485 3206 5554; x_wconf 83' lang='grc' dir='ltr'>σφαγάς</span> <span class='ocrx_word' id='word_1_1010' title='bbox 3227 5487 3486 5557; x_wconf 87' lang='grc' dir='ltr'>ἐτοίμων;</span> <span class='ocrx_word' id='word_1_1011' title='bbox 3513 5486 3671 5542; x_wconf 74' lang='grc' dir='ltr'>Ἀλλά</span> 
     </span>
    </p>
   </div>
   <div class='ocr_carea' id='block_1_123' title="bbox 2015 5563 3668 5642">
    <p class='ocr_par' dir='ltr' id='par_1_123' title="bbox 2015 5563 3668 5642">
     <span class='ocr_line' id='line_1_123' title="bbox 2015 5563 3668 5642; baseline 0.008 -27"><span class='ocrx_word' id='word_1_1012' title='bbox 2015 5563 2080 5616; x_wconf 81' lang='grc' dir='ltr'>σὺ</span> <span class='ocrx_word' id='word_1_1013' title='bbox 2119 5563 2290 5617; x_wconf 88' lang='grc' dir='ltr'>ταῦτα</span> <span class='ocrx_word' id='word_1_1014' title='bbox 2327 5564 2560 5630; x_wconf 86' lang='grc' dir='ltr'>ἀκούων,</span> <span class='ocrx_word' id='word_1_1015' title='bbox 2582 5568 2851 5639; x_wconf 41' lang='grc' dir='ltr'>ἀγαπητὴ</span> <span class='ocrx_word' id='word_1_1016' title='bbox 2878 5567 2952 5641; x_wconf 81' lang='grc' dir='ltr'>μὴ</span> <span class='ocrx_word' id='word_1_1017' title='bbox 2983 5571 3190 5635; x_wconf 85' lang='grc' dir='ltr'>τούτοις</span> <span class='ocrx_word' id='word_1_1018' title='bbox 3208 5571 3419 5641; x_wconf 78' lang='grc' dir='ltr'>λογίζου</span> <span class='ocrx_word' id='word_1_1019' title='bbox 3440 5575 3508 5627; x_wconf 83' lang='grc' dir='ltr'>τά</span> <span class='ocrx_word' id='word_1_1020' title='bbox 3522 5572 3668 5642; x_wconf 85' lang='grc' dir='ltr'>γινό-</span> 
     </span>
    </p>
   </div>
   <div class='ocr_carea' id='block_1_124' title="bbox 2016 5649 3667 5729">
    <p class='ocr_par' dir='ltr' id='par_1_124' title="bbox 2016 5649 3667 5729">
     <span class='ocr_line' id='line_1_124' title="bbox 2016 5649 3667 5729; baseline 0.007 -29"><span class='ocrx_word' id='word_1_1021' title='bbox 2016 5665 2173 5718; x_wconf 90' lang='grc' dir='ltr'>μενα,</span> <span class='ocrx_word' id='word_1_1022' title='bbox 2193 5649 2331 5703; x_wconf 89' lang='grc' dir='ltr'>ἀλλά</span> <span class='ocrx_word' id='word_1_1023' title='bbox 2347 5654 2412 5721; x_wconf 82' lang='grc' dir='ltr'>τῇ</span> <span class='ocrx_word' id='word_1_1024' title='bbox 2434 5651 2639 5706; x_wconf 84' lang='grc' dir='ltr'>ἀνωθεν</span> <span class='ocrx_word' id='word_1_1025' title='bbox 2667 5653 2850 5728; x_wconf 80' lang='grc' dir='ltr'>χάριτι</span> <span class='ocrx_word' id='word_1_1026' title='bbox 2886 5659 2950 5728; x_wconf 75' lang='grc' dir='ltr'>τῇ</span> <span class='ocrx_word' id='word_1_1027' title='bbox 2988 5658 3248 5729; x_wconf 71' lang='grc' dir='ltr'>νευροὰσῃ</span> <span class='ocrx_word' id='word_1_1028' title='bbox 3268 5661 3360 5713; x_wconf 73' lang='grc' dir='ltr'>καὶ</span> <span class='ocrx_word' id='word_1_1029' title='bbox 3380 5659 3667 5728; x_wconf 80' lang='grc' dir='ltr'>ἀλειφούσῃ</span> 
     </span>
    </p>
   </div>
   <div class='ocr_carea' id='block_1_125' title="bbox 2021 5734 3666 5818">
    <p class='ocr_par' dir='ltr' id='par_1_125' title="bbox 2021 5734 3666 5818">
     <span class='ocr_line' id='line_1_125' title="bbox 2021 5734 3666 5818; baseline 0.007 -31"><span class='ocrx_word' id='word_1_1030' title='bbox 2021 5734 2194 5787; x_wconf 76' lang='grc' dir='ltr'>αὐτῶν</span> <span class='ocrx_word' id='word_1_1031' title='bbox 2232 5735 2329 5805; x_wconf 83' lang='grc' dir='ltr'>τήν</span> <span class='ocrx_word' id='word_1_1032' title='bbox 2369 5736 2696 5809; x_wconf 86' lang='grc' dir='ltr'>προθυμίαν.</span> <span class='ocrx_word' id='word_1_1033' title='bbox 2716 5742 2865 5794; x_wconf 78' lang='grc' dir='ltr'>Ἐπεὶ</span> <span class='ocrx_word' id='word_1_1034' title='bbox 2887 5744 2980 5796; x_wconf 74' lang='grc' dir='ltr'>καὶ</span> <span class='ocrx_word' id='word_1_1035' title='bbox 2998 5745 3158 5808; x_wconf 80' lang='grc' dir='ltr'>αὐτὸς</span> <span class='ocrx_word' id='word_1_1036' title='bbox 3186 5742 3338 5809; x_wconf 72' lang='grc' dir='ltr'>οὗτος</span> <span class='ocrx_word' id='word_1_1037' title='bbox 3357 5749 3386 5801; x_wconf 91' lang='lat'>6</span> <span class='ocrx_word' id='word_1_1038' title='bbox 3407 5747 3666 5818; x_wconf 72' lang='grc' dir='ltr'>μακάριος</span> 
     </span>
    </p>
   </div>
   <div class='ocr_carea' id='block_1_126' title="bbox 2019 5822 3663 5903">
    <p class='ocr_par' dir='ltr' id='par_1_126' title="bbox 2019 5822 3663 5903">
     <span class='ocr_line' id='line_1_126' title="bbox 2019 5822 3663 5903; baseline 0.009 -30"><span class='ocrx_word' id='word_1_1039' title='bbox 2019 5822 2239 5892; x_wconf 75' lang='grc' dir='ltr'>Πέτρος,</span> <span class='ocrx_word' id='word_1_1040' title='bbox 2262 5824 2421 5893; x_wconf 80' lang='grc' dir='ltr'>ἡνίκα</span> <span class='ocrx_word' id='word_1_1041' title='bbox 2458 5824 2546 5879; x_wconf 74' lang='grc' dir='ltr'>τὸν</span> <span class='ocrx_word' id='word_1_1042' title='bbox 2590 5828 2652 5880; x_wconf 82' lang='grc' dir='ltr'>ἐκ</span> <span class='ocrx_word' id='word_1_1043' title='bbox 2691 5829 2894 5893; x_wconf 81' lang='grc' dir='ltr'>κοιλίας</span> <span class='ocrx_word' id='word_1_1044' title='bbox 2933 5832 3137 5903; x_wconf 55' lang='grc' dir='ltr'>μητῷς</span> <span class='ocrx_word' id='word_1_1045' title='bbox 3174 5832 3472 5903; x_wconf 73' lang='grc' dir='ltr'>χωλεύοντα</span> <span class='ocrx_word' id='word_1_1046' title='bbox 3490 5835 3663 5903; x_wconf 50' lang='lat' dir='ltr'>{Mx-0v</span> 
     </span>
    </p>
   </div>
  </div>
