4066 6140
459 306 560 362 9.57

462 425 676 485 gentem
706 412 1066 478 subindicare,
1112 427 1176 467 ac
1221 427 1390 482 neque
1419 411 1736 467 Calamitatis
1780 410 2044 479 magnitu-

459 511 637 563 tlinem
667 507 812 562 illurn
839 522 1089 562 coercere
1115 505 1372 577 potuisse,
1403 523 1575 576 neque
1606 516 1802 560 tantam
1833 505 1884 560 iu
1916 521 2039 560 arca

459 599 757 670 angusdam
788 598 1157 652 irrcfreuatatu
1188 598 1332 652 illius
1371 597 1860 666 concupiscentiam
1901 596 2047 651 seda-

460 695 596 746 visse
625 709 639 745 :
673 690 767 746 sed
792 692 1035 760 quamvis
1066 689 1230 744 frater
1271 689 1388 758 ejus
1430 689 1599 758 major
1638 687 1872 742 nondum
1913 687 2046 742 lilios

459 782 866 852 procreavisset,
908 780 1048 834 hunc
1090 781 1486 834 iucontiueutim
1517 779 1776 842 deditum,
1821 779 1873 832 in
1907 788 2044 836 tem-

461 888 587 942 pore
623 882 782 927 tanta:
823 872 1218 942 indignationis,
1265 882 1318 924 et
1343 872 1609 941 generalis
1646 871 1908 936 interitus,
1940 885 2045 939 quo

458 964 601 1018 orbis
630 964 1050 1032 comprehensus
1080 971 1182 1028 est,
1213 963 1289 1017 rei
1320 977 1562 1016 venerem
1587 961 1824 1016 deditum
1858 961 2041 1027 fuisse,

457 1064 510 1108 et
549 1054 850 1132 cupiditatis
895 1053 1353 1122 intemperantiam
1397 1067 1502 1106 non
1550 1051 1921 1117 refrenavisse,
1949 1051 2042 1105 sed

455 1143 562 1212 jam
612 1145 787 1197 statim
833 1144 899 1196 ab
944 1145 1092 1197 initio
1137 1143 1300 1198 animi
1344 1143 1425 1197 sui
1471 1143 1780 1211 pravitatem
1824 1143 2045 1196 demon-

458 1246 672 1288 strasse.
710 1234 886 1302 Itaque
911 1249 1030 1286 cum
1064 1249 1165 1286 non
1189 1233 1356 1286 multo
1384 1244 1503 1300 post
1529 1243 1743 1300 propter
1772 1242 2044 1287 contume-

459 1325 578 1377 liam
631 1324 678 1376 in
725 1333 1020 1392 parentem,
1059 1321 1484 1376 maledictiouem
1528 1332 1872 1390 suscepturus
1901 1331 2043 1375 esset

422 1415 571 1490 _cjus
603 1415 738 1467 lilius
767 1411 1014 1468 Chanaan
1062 1431 1075 1468 :
1121 1414 1238 1467 ideo
1282 1412 1552 1482 Scriptura
1583 1413 1757 1466 divina
1805 1413 1855 1465 id
1899 1413 2042 1481 prius

457 1504 760 1574 assignavit,
797 1506 995 1574 liliique
1027 1519 1218 1560 nomen
1259 1503 1568 1570 declaravit,
1600 1519 1662 1558 ac
1690 1503 1844 1558 simul
1877 1504 2041 1573 patris

460 1598 916 1665 intemperantiam
951 1614 964 1648 :
1001 1607 1055 1649 ut
1085 1611 1204 1650 cum
1237 1605 1424 1664 postea
1455 1595 1649 1648 videris
1676 1595 1823 1648 illum
1855 1611 2040 1662 magna

459 1688 648 1758 ingrati
678 1705 798 1758 erga
831 1701 1034 1756 patrem
1077 1688 1240 1742 animi
1279 1688 1427 1757 signa
1471 1688 1619 1750 dare,
1665 1688 1805 1742 scire
1846 1688 2039 1756 possis,

458 1782 626 1849 ipsmu
654 1780 762 1848 jam
791 1781 915 1833 olim
964 1781 1121 1835 talem
1164 1781 1344 1844 fuisse,
1395 1788 1576 1848 utpote
1619 1794 1789 1848 neque
1827 1794 1856 1832 a
1899 1787 2040 1833 tanta

455 1871 757 1925 calamitate
804 1871 1162 1924 emendatum.
1209 1871 1466 1925 Sufticere
1515 1871 1656 1923 enim
1707 1869 1935 1923 debebat
1973 1869 2040 1923 ad

455 1963 895 2032 exstinguendam
952 1963 1221 2016 libidinem
1282 1972 1457 2016 tantus
1516 1977 1749 2026 llltBt'Ol';
1806 1962 2042 2028 nihilque

457 2058 722 2110 llamutam
748 2066 802 2110 ct
830 2058 1086 2110 insaniam
1119 2056 1257 2109 hanc
1288 2056 1355 2108 ita
1383 2055 1735 2124 comprimere
1765 2061 1957 2122 potest,
1985 2064 2038 2107 ut

459 2149 683 2202 tristitia:
714 2149 1068 2212 vehementia,
1101 2157 1153 2201 et
1178 2146 1492 2202 calamitatis
1521 2145 1845 2214 magnitudo.
1882 2145 2042 2214 Igitur

458 2243 547 2311 qui
593 2242 642 2294 iu
677 2251 818 2294 tanta
861 2242 1118 2294 malorum
1150 2240 1198 2293 vi
1230 2249 1388 2292 tanta:
1427 2239 1592 2293 rabiei
1631 2247 1684 2292 ct
1732 2238 1948 2291 insania:
1991 2239 2040 2291 iu

456 2334 799 2403 procreandis
831 2334 1009 2387 liberis
1039 2333 1150 2396 fuit,
1182 2348 1283 2402 qua
1326 2332 1478 2385 venia
1519 2332 1708 2399 dignus
1741 2329 1936 2384 fuerit?

529 2426 629 2478 Cur
655 2435 800 2494 patre
841 2425 1007 2477 Citam
1052 2433 1288 2492 peccante
1319 2424 1454 2492 [ilius
1485 2423 1732 2476 Chanaan
1781 2423 2044 2475 maledici-

456 2521 728 2573 lion—At
776 2519 860 2571 hic
905 2519 1058 2572 nobis
1101 2519 1198 2571 alia
1248 2517 1468 2586 qumstio
1519 2517 1772 2579 nascitur,
1819 2517 2043 2569 celebris

461 2612 564 2675 illa,
594 2621 646 2664 et
669 2628 784 2679 qua:
829 2611 1018 2679 ubique
1052 2608 1424 2663 circumfertur
1462 2625 1474 2659 :
1519 2608 1694 2674 Quare
1740 2619 1888 2675 patre
1921 2622 2045 2674 pec-

456 2713 630 2765 eante,
665 2702 803 2754 lilius
829 2701 1165 2755 maledictum
1195 2698 1422 2767 accipit?
1452 2697 1557 2751 Sed
1588 2712 1655 2751 ne
1681 2697 1894 2764 longqu
1923 2710 2042 2749 ser-

459 2813 672 2851 monem
705 2813 844 2850 nunc
871 2796 1150 2859 faciamus,
1186 2795 1236 2848 in
1267 2793 1411 2848 aliud
1454 2803 1662 2863 tempus
1704 2792 1844 2846 illam
1884 2807 2044 2862 repn-

459 2903 667 2952 nemus,
705 2897 758 2940 ut
787 2901 907 2940 cum
933 2885 1001 2939 ad
1029 2900 1151 2939 eum
1176 2885 1350 2939 locum
1381 2883 1801 2953 pervenerimus,
1836 2892 1961 2938 tunc
1991 2891 2044 2938 ct

459 2978 774 3032 solutionem
819 2978 1123 3041 aderamus,
1176 2991 1335 3046 quam
1380 2977 1518 3030 Deus
1555 2975 1856 3029 donaverit.
1903 2975 2041 3030 Nihil

459 3071 600 3124 enirn
631 3071 856 3123 insacra
905 3068 1203 3138 Scriptura,
1249 3069 1388 3122 sicut
1436 3067 1566 3133 dixi,
1618 3067 1855 3122 invenire
1905 3066 2039 3132 licet,

459 3160 598 3228 quod
629 3160 831 3228 absque
874 3159 1080 3213 ratione
1106 3159 1280 3228 aliqua
1322 3157 1390 3211 sit
1416 3159 1692 3226 scriptum.
1734 3157 1846 3212 lloc
1890 3158 2047 3226 igitur

462 3252 669 3304 interim
701 3251 1034 3319 exploratum
1061 3259 1163 3316 est,
1189 3264 1381 3317 nomen
1412 3249 1501 3302 lilii
1527 3266 1628 3302 non
1656 3249 1855 3317 absque
1881 3264 2041 3302 causa

462 3343 623 3396 fuis.~e
649 3359 678 3394 a
707 3340 849 3395 lllose
876 3351 1372 3405 eommemoratmn,
1403 3354 1522 3393 cum
1551 3339 1685 3393 dixit
1715 3357 1726 3390 :
1761 3337 1919 3391 Cluun
1947 3355 2044 3391 au-

461 3443 557 3485 tem
582 3441 689 3484 erat
719 3442 858 3499 pater
888 3431 1152 3484 Chanaan.
1183 3428 1328 3492 Tres,
1355 3430 1540 3499 inquit,
1567 3440 1684 3484 sunt
1710 3429 1762 3482 Ιιὶ
1789 3431 1885 3496 ﬁlii
1908 3427 1959 3482 Ν
1964 3445 2042 3494 oe,

461 3535 507 3578 et
535 3524 594 3576 ab
626 3526 684 3578 iis
711 3524 925 3594 dispersi
953 3533 1068 3576 sunt
1097 3540 1248 3593 super
1281 3539 1474 3576 omnem
1503 3532 1706 3576 (errant.
1737 3521 1921 3591 Neque
1947 3523 2046 3576 hoc

461 3617 658 3672 dictum
683 3617 856 3670 obiter
883 3626 1282 3684 praetereamus,
1314 3613 1511 3679 dilecti,
1541 3612 1631 3666 scd
1661 3612 1950 3680 cogitemus
1980 3626 2044 3666 ex

464 3709 554 3762 illo
604 3708 718 3776 ipso
773 3707 984 3760 virtutis
1033 3706 1124 3759 Dei
1173 3705 1609 3773 magnitudinem.
1668 3702 1808 3768 Tres,
1859 3701 2043 3770 inquit,

462 3811 603 3855 erant
632 3801 682 3852 lii
710 3801 803 3868 filii
839 3799 970 3863 Noe,
1003 3808 1048 3851 et
1080 3814 1143 3852 ea:
1166 3798 1269 3850 illis
1296 3797 1508 3865 dispersi
1533 3804 1646 3848 sunt
1673 3810 1824 3862 super
1852 3809 2048 3846 omnem

463 3904 670 3946 terram.
698 3891 975 3959 Quomodo
1006 3905 1070 3944 ex
1115 3889 1283 3943 tribus
1324 3897 1464 3940 tanta
1515 3885 1797 3939 multitudo
1837 3900 2046 3939 succre-

462 3987 569 4040 vit?
599 3983 866 4054 quomodo
895 3989 1180 4050 potuerunt
1206 3977 1492 4034 sufficere)
1519 3975 1786 4045 quomodo
1817 3991 1880 4029 ex
1917 3990 2046 4041 pau-

460 4082 540 4135 cis
569 4080 674 4134 illis
715 4087 855 4130 totus
898 4075 1126 4130 mundus
1158 4059 1514 4129 constitutus?
1554 4069 1822 4140 quomodo
1861 4083 2045 4123 eorum

461 4173 869 4241 permanserunt
898 4167 1165 4236 corpora?
1207 4164 1321 4218 Non
1364 4163 1599 4218 medicus
1637 4170 1770 4227 erat,
1814 4161 1900 4230 qui
1930 4161 2047 4216 tne-

461 4265 688 4318 dicinam
732 4261 1028 4324 adhiberet,
1080 4273 1250 4326 neque
1291 4256 1388 4310 alia
1429 4270 1575 4308 cura.
1622 4251 1866 4306 Nondum
1900 4253 2045 4307 enim

462 4366 614 4413 erant
641 4357 882 4409 civitates
919 4352 1168 4416 conditae,
1211 4348 1304 4402 scd
1349 4355 1469 4417 post
1509 4355 1706 4399 tantam
1756 4344 2042 4409 miseriam,

462 4459 516 4504 et
542 4449 698 4502 vitam
732 4446 871 4499 illam
905 4445 953 4496 in
986 4458 1126 4506 arca,
1160 4450 1212 4495 et
1239 4456 1341 4510 qua
1367 4439 1615 4492 macerati
1641 4446 1693 4491 et
1721 4436 1948 4490 confecti
1978 4436 2048 4489 ob

461 4539 911 4608 Compressionen't
940 4535 1210 4596 exierunt,
1243 4543 1293 4586 et
1327 4532 1378 4584 in
1410 4540 1551 4584 tanta
1591 4528 1876 4584 solitudine
1902 4528 2046 4580 exsi—

462 4640 683 4694 stentes,
727 4637 781 4682 et
807 4624 1057 4681 ineffabili
1089 4624 1351 4685 vastitate,
1383 4621 1651 4691 quomodo
1696 4634 1800 4671 non
1839 4617 2045 4671 enecati

463 4721 621 4774 sunt?
644 4717 909 4788 quomodo
937 4732 1042 4770 non
1074 4714 1378 4784 perierunt?
1399 4713 1670 4768 Timorem
1695 4711 1836 4764 enim
1865 4717 1918 4762 et
1938 4723 2050 4762 me-

467 4822 597 4874 tum,
628 4811 733 4872 dic,
761 4827 875 4874 oro,
903 4824 1004 4862 non
1031 4817 1182 4876 putas
1203 4803 1557 4858 commovisse
1583 4815 1764 4855 eorum
1789 4809 2040 4862 mentem,

467 4911 520 4955 et
550 4901 881 4952 concussisse
907 4899 1136 4950 auimtun
1155 4899 1177 4948 ’ἰ
1205 4896 1280 4950 Ne
1305 4892 1607 4955 admireris,
1639 4891 1832 4944 dilecte
1864 4908 1876 4941 :
1907 4890 2048 4942 Deus

467 4994 608 5049 enim
633 5001 746 5044 erat
775 4991 862 5060 qui
893 4991 1068 5043 omnia
1102 4988 1349 5053 faciebat,
1382 4995 1436 5041 et
1464 4985 1604 5039 Deus
1629 4993 1832 5037 naturae
1870 4981 2044 5049 epilex

466 5095 579 5140 erat
604 5084 691 5153 qui
719 5084 893 5136 ouiuia
923 5081 1295 5149 impediu'ienta
1323 5078 1597 5132 auferebat
1639 5076 1890 5131 mandato
1927 5090 2044 5140 suo,

466 5191 571 5246 quo
597 5175 750 5239 dixit,
797 5173 1013 5227 Crescite
1053 5181 1104 5225 et
1149 5169 1576 5238 multiplicamini,
1619 5177 1665 5221 et
1712 5167 1913 5234 implete
1951 5174 2048 5216 ter.

465 5287 573 5322 rem
599 5268 751 5342 (Gen.
785 5268 834 5320 l.
863 5265 982 5332 28).
1015 5265 1122 5317 Hoc
1147 5264 1287 5316 enim
1317 5263 1702 5316 incrementum
1729 5258 1890 5312 dedit.
1916 5257 2046 5324 Quia

463 5374 516 5416 et
555 5363 800 5416 Israelita:
826 5374 947 5412 cum
975 5358 1024 5410 in
1057 5357 1290 5426 {Egypto
1330 5356 1380 5408 in
1424 5355 1534 5408 luto
1583 5362 1637 5407 et
1679 5353 1846 5405 latere
1873 5349 2040 5404 confi-

461 5452 656 5507 ciendo
681 5451 888 5507 onerati
916 5461 1119 5514 essent,
1167 5449 1216 5501 iu
1264 5455 1412 5501 tanto
1455 5445 1709 5513 majorem
1755 5440 2048 5496 multitudi-

468 5560 588 5598 nem
619 5542 1016 5606 excrescebant,
1044 5555 1148 5608 quo
1188 5539 1353 5607 magis
1385 5536 1822 5606 opprimebantur
1854 5533 2042 5602 (Exod.

471 5635 519 5688 1.
548 5643 598 5686 et
634 5634 807 5702 seqq.)
837 5650 849 5686 :
878 5642 931 5686 ct
961 5647 1134 5700 neque
1166 5630 1546 5684 immiSericors
1582 5637 1635 5681 et
1665 5625 1878 5680 crudele
1909 5641 2046 5694 pra:-

456 5731 668 5791 ceptum
730 5722 1054 5786 Pharaonis,
1095 5739 1200 5790 quo
1240 5720 1646 5790 praecipiebatur
1689 5717 1948 5771 masculos
1995 5716 2043 5769 iu

1471 301 1534 356 IN
1577 301 1728 354 CAP.
1773 298 1862 352 IX.
1904 295 2145 354 GENES.
2191 298 2414 352 liUMlL.
2457 300 2693 355 XXVI“.

3636 310 3737 364 258

2156 409 2368 466 flumina
2403 411 2621 480 pt'ojici;
2657 409 2826 482 neque
2859 417 3065 468 vexatio
3098 417 3206 482 illa,
3251 434 3408 486 quam
3455 435 3483 474 a
3545 428 3732 488 prude-

2150 505 2252 558 ctis
2278 519 2557 572 operarum
2587 507 2941 573 patiebantur,
2977 509 3142 564 valuit.
3170 511 3484 568 imminuere
3525 515 3738 570 illoruut

2153 597 2565 663 multitudinem,
2594 598 2684 652 :ed
2715 601 2878 668 magis
2907 601 3177 670 magisque
3223 619 3442 659 numero
3468 607 3735 675 augeban-

2153 696 2256 741 tur.
2311 688 2435 740 Erat
2469 687 2610 741 enim
2655 688 2830 742 divina
2886 691 3231 759 dispensatio,
3283 711 3401 763 qua:
3447 697 3621 750 omnia
3669 713 3734 752 ex

2149 775 2388 831 adversis
2411 779 2743 845 operabatur.

2219 867 2272 922 5.
2335 867 2426 920 Dei
2479 879 2726 937 praecepto
2747 881 2925 923 cuneta
2975 874 3229 927 obediunt.
3295 876 3394 927 I’er
3430 877 3741 933 adrersario:

2149 960 2290 1029 efﬁcit
2327 959 2464 1014 Deus
2496 971 2546 1012 ut
2576 963 2702 1029 [idea
2732 974 2936 1015 crescat.
2966 993 3035 1002 —
3058 964 3277 1030 Quando
3305 967 3459 1036 igitur
3487 969 3742 1022 Dominus

2149 1052 2410 1120 prmcipit,
2441 1068 2506 1106 ne
2535 1067 2745 1121 qumras
2773 1062 2827 1106 ut
2856 1053 3086 1107 humano
3109 1071 3258 1110 more
3278 1073 3435 1125 opera
3463 1059 3741 1128 perﬁcian-

2155 1149 2256 1192 tur.
2293 1140 2565 1194 Potentior
2595 1142 2734 1195 enim
2766 1156 2923 1211 quam
2955 1153 3140 1196 natura
3163 1185 3176 1208 ,
3231 1161 3336 1199 non
3381 1154 3501 1214 eget
3538 1155 3740 1201 natura:

2157 1231 2296 1284 serie
2322 1246 2385 1285 ac
2411 1233 2723 1296 ttIillistet'ttt,
2756 1234 2845 1287 sed
2877 1243 2928 1287 ct
2954 1250 3050 1303 per
3075 1251 3138 1289 ea
3165 1253 3282 1304 quie
3311 1237 3541 1306 alioquin
3575 1241 3740 1306 impe-
3795 1299 3798 1302 ,

2148 1322 2331 1386 diuut,
2364 1339 2448 1377 res
2473 1326 2717 1394 adauget.
2773 1325 2850 1379 Eo
2899 1326 3057 1378 tundo
3088 1337 3138 1380 et
3167 1343 3306 1380 nunc
3337 1344 3429 1396 per
3459 1339 3566 1384 tres
3618 1331 3734 1385 illos

2153 1423 2320 1468 totum
2360 1415 2541 1469 orbem
2576 1415 2831 1485 implevit.
2886 1417 2928 1468 Α
2959 1417 3114 1471 tribus
3157 1419 3297 1472 enim
3345 1419 3467 1484 illis,
3525 1421 3728 1486 inquit,

2147 1506 2360 1574 dispersi
2388 1516 2504 1560 sunt
2529 1507 2580 1560 in
2611 1523 2892 1560 unmersam
2921 1518 3124 1560 terram.
3187 1509 3368 1564 Vidisti
3397 1510 3509 1566 .Dci
3539 1521 3724 1580 poten—

2151 1597 2274 1650 tiam
2303 1597 2325 1650 ?
2378 1597 2551 1652 vidisti
2595 1599 2862 1667 quomodo
2885 1639 2900 1663 ,
2948 1600 3048 1654 etsi
3097 1601 3203 1655 sint
3231 1602 3392 1656 multa
3422 1603 3693 1658 obstacula
3717 1647 3729 1667 ,

2150 1688 2282 1742 nihil
2313 1700 2485 1742 tamen
2516 1690 2655 1744 illius
2684 1704 2922 1744 moratur
2946 1691 3306 1747 voluntatem?
3347 1694 3574 1762 ldipsum
3599 1707 3658 1750 et
3683 1698 3731 1748 in

2152 1777 2259 1831 line
2283 1778 2459 1832 licebit
2503 1780 2701 1834 videre.
2731 1780 2865 1834 Cum
2895 1783 3034 1835 enim
3063 1781 3194 1835 tales
3231 1793 3412 1838 essent
3449 1786 3534 1853 qui
3563 1802 3647 1854 opt
3671 1802 3732 1841 u-

2145 1879 2367 1940 gnarent
2390 1912 2405 1935 ,
2437 1880 2513 1924 tot
2550 1873 2639 1941 qui
2689 1872 3098 1938 iusidiarentur,
3133 1885 3183 1928 et
3215 1891 3385 1941 reges,
3419 1888 3471 1930 cl
3502 1879 3730 1947 tyranni,

2145 1969 2198 2012 et
2224 1960 2397 2028 pepuli
2439 1961 2790 2029 insurgentes,
2835 1971 2887 2016 et
2926 1963 3104 2016 omnia
3153 1963 3404 2019 fac’cutes
3437 1974 3491 2018 ut
3527 1969 3730 2021 exstin-

2149 2057 2373 2116 guerent
2401 2049 2685 2103 scintillam
2717 2052 2859 2117 lidei,
2888 2068 2981 2121 per
3010 2053 3366 2118 insidiatores,
3393 2070 3485 2124 per
3530 2071 3621 2110 eos
3645 2059 3732 2125 qui

2103 2147 2106 2150 ’
2151 2149 2331 2194 vetare
2386 2141 2665 2204 volebant,
2722 2152 2862 2195 tanta
2921 2144 3128 2212 pietatis
3169 2145 3376 2198 flatuma
3409 2147 3619 2215 erupit,
3677 2160 3731 2200 ut

2149 2241 2316 2286 totum
2373 2235 2558 2286 orbem
2616 2234 2907 2292 habitatum
2948 2244 3001 2290 et
3033 2235 3390 2296 inhabitatum
3463 2239 3730 2293 invaserit.

2149 2325 2368 2378 Etiamsi
2395 2327 2460 2378 ad
2495 2327 2650 2380 ludos
2679 2328 2873 2381 abieris
2892 2368 2906 2392 ,
2953 2339 3004 2382 et
3033 2331 3098 2382 ad
3130 2329 3356 2400 Scythas
3375 2371 3390 2395 ,
3421 2340 3475 2384 et
3499 2331 3566 2385 ad
3603 2331 3762 2395 fine»,

2146 2416 2288 2470 orbis
2321 2426 2492 2480 terrae,
2542 2418 2744 2471 etiamsi
2785 2418 2852 2471 ad
2889 2419 3058 2486 ipsum
3102 2419 3388 2486 Oceanum,
3439 2422 3734 2491 uhiqueia-

2147 2509 2328 2562 venies
2374 2508 2568 2561 Christi
2612 2508 2906 2562 doctrinam
2948 2509 3299 2566 illustrantem
3349 2514 3582 2566 omnium
3613 2517 3728 2567 aui-

2148 2615 2284 2654 mos.
2327 2600 2476 2667 Quod
2523 2601 2663 2654 enim
2695 2601 3003 2657 admirabile
3029 2614 3083 2657 et
3111 2614 3325 2673 stupore
3351 2605 3561 2675 plenum
3584 2647 3598 2670 ,
3630 2612 3728 2676 βω

2149 2691 2419 2760 religionis
2444 2690 2684 2746 doctrina
2714 2692 2854 2760 ipsas
2885 2692 3136 2746 barbaras
3178 2695 3418 2750 nationes
3450 2699 3727 2763 convertit,

2150 2783 2221 2835 ita
2270 2791 2330 2835 ut
2381 2780 2740 2852 philosophari
2792 2783 3110 2849 didicerint,
3157 2795 3214 2840 et
3259 2787 3463 2855 abjecta
3517 2790 3734 2858 pristina

2149 2872 2532 2928 consuetudine
2553 2873 2617 2926 ad
2645 2875 2895 2942 pietatem
2925 2875 3194 2930 translata:
3221 2877 3345 2930 sint.
3379 2877 3444 2931 Et
3469 2879 3605 2932 sicut
3640 2895 3736 2948 per

2151 2977 2258 3022 tres
2286 2971 2403 3026 illos
2429 2971 2700 3024 hominum
2721 2983 2886 3037 genus
2911 2966 3277 3037 multiplicavit
3317 2970 3547 3024 universi
3583 2970 3728 3026 ϐοη-

2147 3059 2287 3114 diter
2331 3078 2345 3115 ;
2397 3061 2464 3114 ita
2493 3074 2700 3131 quoque
2730 3068 2783 3112 et
2827 3049 2876 3111 in
2910 3057 3011 3112 fide
3037 3073 3128 3126 per
3155 3059 3400 3113 undecim
3432 3059 3720 3128 piscatores

2153 3152 2431 3206 illiteratos
2455 3163 2507 3206 et
2529 3152 2717 3205 idiotas
2742 3193 2757 3217 ,
2798 3151 2886 3219 qui
2920 3165 3090 3220 neque
3125 3165 3187 3205 os
3213 3152 3420 3218 aperire
3446 3153 3732 3220 audebant,

2157 3258 2369 3296 otnnem
2399 3243 2498 3298 sibi
2543 3243 2725 3297 orbem
2755 3241 3003 3306 attraxit,
3054 3250 3211 3310 atque
3255 3225 3482 3296 illiterati
3514 3245 3630 3308 isti,
3681 3255 3735 3297 et

2151 3332 2362 3400 idiotm,
2418 3342 2472 3388 et
2517 3333 2840 3402 piscatores,
2886 3331 3322 3402 phil050phorum
3353 3334 3730 3388 obturaverunt

2148 3440 2262 3492 ora,
2305 3435 2359 3481 et.
2394 3432 2819 3480 transcurrerunt
2837 3423 3023 3479 orbem
3047 3425 3200 3494 quasi
3227 3427 3370 3490 alati,
3409 3427 3738 3482 seminautcs

2151 3519 2390 3573 veritatis
2415 3532 2744 3582 sermonem,
2773 3525 2828 3570 et
2851 3516 3028 3585 spinas
3057 3527 3383 3582 exsecautcs,
3413 3528 3466 3571 et
3491 3521 3736 3587 pristinas

2151 3610 2458 3665 atl‘ectiones
2486 3608 2828 3680 revellentes,
2860 3607 3161 3675 Christique
3191 3609 3336 3675 leges
3367 3609 3558 3677 ubique
3589 3610 3736 3678 plan-

2156 3712 2326 3756 tantes
2356 3719 2368 3756 :
2399 3715 2461 3755 ac
2489 3716 2662 3768 neque
2685 3699 2822 3768 quod
2857 3700 3004 3767 pauci
3029 3708 3225 3762 essent,
3260 3714 3432 3767 neque
3459 3701 3600 3769 quod
3633 3703 3738 3769 pt'i-

2159 3794 2262 3846 vati
2316 3801 2373 3847 et
2425 3791 2698 3853 illiterati,
2753 3805 2925 3858 neque
2977 3791 3117 3857 quod
3166 3798 3378 3844 austera
3423 3796 3478 3843 et
3520 3790 3736 3847 insolita

2152 3884 2417 3952 juberent,
2455 3896 2624 3950 neque
2664 3878 2804 3948 quod
2839 3877 3001 3932 veteri
3030 3876 3412 3932 consuetudine
3448 3878 3734 3934 humanum

2151 3989 2314 4043 genus
2341 3984 2666 4042 praevemum
2695 3979 2858 4036 csSct,
2881 3969 3151 4022 obstaculo
3168 3969 3245 4022 eis
3261 3983 3382 4023 esse
3406 3971 3574 4039 potuit
3600 3989 3611 4022 :
3637 3988 3695 4029 se
3720 3974 3730 4023 l

2151 4065 2345 4135 prmvia
2374 4063 2536 4133 gratia
2567 4061 2779 4115 sustulit
2806 4061 2921 4114 haec
2944 4059 3142 4125 omnia,
3171 4074 3464 4129 magnaque
3489 4060 3737 4114 facilitate

2152 4157 2355 4226 Operati
2384 4164 2506 4209 sunt
2532 4155 2727 4218 omnia,
2765 4166 2856 4221 per
2885 4152 2996 4221 ipsa
3024 4151 3293 4205 obstacula
3313 4151 3575 4220 majorem
3601 4152 3736 4205 acci-

2156 4247 2362 4316 pientes
2415 4246 2766 4299 alacritatem.
2836 4243 3122 4296 Enimvero
3177 4241 3438 4296 interdum
3492 4240 3674 4311 ﬂage'l:
3699 4245 3733 4296 ti

2153 4339 2486 4394 decedebant
2529 4337 2837 4407 gaudentes,
2883 4352 2985 4388 non
3031 4344 3244 4404 propter
3287 4333 3489 4403 ﬂageila
3530 4336 3732 4403 simpli-

2151 4433 2314 4496 citer,
2345 4431 2436 4484 sed
2470 4430 2602 4494 Quia
2649 4445 2742 4498 pro
2792 4427 2991 4480 nomine
3017 4425 3200 4479 Christi
3248 4426 3386 4494 digni
3419 4427 3572 4478 habiti
3615 4438 3731 4479 sunt

2153 4524 2476 4594 ignominiam
2505 4522 2608 4589 pati
2639 4519 2772 4589 (Act.
2805 4520 2856 4572 5.
2885 4517 2974 4587 41)
2999 4533 3012 4581 ;
3039 4516 3300 4571 interdum
3328 4527 3501 4570 autem
3535 4518 3584 4569 in
3612 4533 3728 4570 car-

2151 4625 2328 4669 cerem
2355 4611 2600 4680 CODjt‘Cll,
2627 4618 2967 4679 posteaquam
2995 4608 3061 4660 ab
3083 4609 3270 4676 angelo
3297 4607 3472 4661 educti
3503 4608 3726 4670 fuerunt,

2153 4705 2342 4758 iterum
2373 4701 2556 4771 eadem
2587 4701 3044 4764 continuaverunt,
3077 4708 3131 4753 et
3158 4699 3208 4752 in
3235 4699 3485 4766 te.anqu
3529 4698 3732 4750 abeun-

2154 4806 2254 4862 tes,
2302 4796 2555 4850 doctritue
2582 4808 2881 4847 setmoucm
2929 4793 3321 4846 seminaverunt
3343 4790 3363 4860 (
3389 4789 3522 4842 Ibid.
3566 4803 3613 4841 tt.
3643 4789 3729 4844 i9.

2153 4889 2306 4957 δαίμ),
2335 4886 2555 4956 pOpulos
2574 4887 2724 4954 quasi
2747 4883 3000 4952 piscando
3024 4881 3088 4935 ad
3116 4882 3362 4949 pietatem
3395 4880 3733 4944 inducentes;

2152 4992 2206 5036 et
2237 4981 2424 5035 iterum
2453 4979 2673 5043 detenti,
2706 4991 2810 5029 non
2842 4976 3010 5027 solum
3039 4988 3143 5026 non
3171 4973 3442 5042 segniores
3465 4972 3584 5026 inde
3616 4973 3735 5028 faeti

2153 5082 2304 5139 sunt,
2333 5072 2426 5126 sed
2455 5081 2509 5125 et
2535 5071 2790 5137 majorem
2821 5067 3116 5119 libertatem
3159 5080 3268 5133 prae
3299 5080 3358 5117 se
3385 5066 3615 5119 tulerunt
3637 5107 3651 5132 ,
3686 5068 3736 5120 in
3821 5091 3826 5095 ν

2153 5166 2328 5220 medio
2351 5162 2657 5217 insanientis
2683 5159 2858 5229 populi
2900 5168 2952 5211 et
2997 5156 3242 5211 dentibus
3269 5155 3542 5212 frementis
3589 5167 3736 5213 staa-
3773 5217 3779 5222 μ

2154 5267 2254 5321 tes,
2274 5269 2335 5309 ac
2359 5254 2614 5315 dicentes,
2648 5249 2861 5304 Obedire
2885 5257 3077 5316 oportet
3099 5247 3206 5300 Deo
3231 5249 3390 5318 magis
3411 5266 3563 5318 quam
3586 5252 3740 5303 [tomi-

2153 5345 2496 5417 nibusUbid.
2524 5361 2572 5398 υ.
2611 5344 2726 5413 29).
2765 5342 2948 5396 Vidisti
2981 5342 3238 5395 libertatis
3282 5342 3738 5412 magnitudinem?

2159 5440 2331 5494 vidisti
2379 5439 2656 5492 illiteratus
2688 5435 2974 5503 piseatorcs
3003 5441 3343 5487 contemnere
3390 5443 3460 5486 tot
3502 5434 3736 5488 furentes

2158 5529 2416 5600 pepulos,
2447 5537 2499 5580 et
2528 5526 2590 5579 ad
2623 5526 2795 5579 czedes
2821 5537 2882 5578 ac
2907 5524 3254 5577 mactatioues
3278 5522 3528 5592 paratos?
3553 5521 3620 5573 At
3647 5530 3732 5581 tu,

2155 5621 2367 5682 dilecte,
2401 5618 2619 5671 audiens
2649 5617 2760 5669 haec
2785 5616 3043 5669 omniane
3065 5615 3236 5666 tribue
3269 5613 3389 5675 iliis,
3421 5611 3511 5664 sed
3539 5604 3734 5660 divina:

2159 5710 2361 5780 gratim,
2395 5724 2511 5777 qua:
2542 5706 2890 5763 confirmabat
2921 5715 2972 5760 ct
3001 5704 3291 5759 instruebat
3319 5691 3737 5753 illerumalacri-
