4066 6140
308 314 454 373 "£59

351 439 533 484 tatem.
589 428 721 496 Quia
773 436 827 481 ct
876 425 965 481 illc
1016 426 1201 483 beatus
1249 429 1474 505 Petrus,
1522 446 1644 488 cum
1688 447 1754 488 ex
1782 443 1935 488 utero

352 519 539 574 matris
562 517 806 573 claudum
828 525 1032 571 rectum
1057 517 1275 583 iaceret,
1298 521 1548 577 omnibus
1567 523 1938 594 obstupescen-

354 609 495 664 tibus
515 618 570 663 et
591 606 995 673 admirantibus,
1018 617 1225 679 gratum
1248 610 1362 680 ipse
1378 612 1613 668 animum
1635 613 1933 680 declarans,

355 700 524 771 inquit
551 715 565 753 :
613 697 735 764 Viri,
770 697 893 768 quid
920 714 1011 753 nos
1038 701 1319 765 intuemini,
1350 704 1496 773 quasi
1519 713 1690 759 nostra
1718 706 1938 777 potentia

350 792 427 845 uel
479 790 663 860 pietate
712 791 981 862 fecerimus
1028 790 1175 846 illum
1222 793 1652 866 ambulare(Act.
1698 797 1752 852 5.
1800 795 1936 869 ην

348 881 523 950 Quare
544 922 561 949 ,
589 880 778 951 inquit,
805 882 883 937 sic
911 882 1280 952 obstupescitis
1297 925 1313 951 ,
1339 893 1395 941 et
1421 885 1697 956 stupefacti
1723 888 1854 943 estis
1879 888 1933 942 in

349 973 453 1030 hae
500 970 602 1028 re?
647 971 785 1028 Num
832 988 931 1029 nos
976 978 1160 1030 sut‘nus
1199 975 1302 1031 hoc
1338 977 1563 1047 operati,
1595 978 1681 1034 vel
1721 979 1932 1049 propria

349 1065 545 1120 virtute
594 1064 943 1120 incolumitati
996 1064 1142 1120 illum
1190 1067 1547 1134 restitnimus,
1578 1077 1633 1125 et
1659 1069 1934 1127 ambulare

350 1156 617 1212 fecimus?
643 1156 781 1224 Quid
804 1172 896 1212 nos
921 1156 1180 1212 intuemini
1201 1159 1227 1213 ?
1252 1157 1393 1214 Nihil
1418 1160 1645 1230 amplius
1671 1176 1768 1216 nos
1792 1169 1932 1216 attu-

348 1247 538 1312 limus,
568 1262 725 1317 quam
764 1246 907 1317 quod
931 1246 1164 1317 linguam
1191 1256 1427 1304 nostram
1457 1250 1928 1308 commodavimus.

352 1337 453 1404 Qui
481 1346 660 1393 autem
690 1337 868 1393 omnia
893 1337 1017 1393 fecit
1035 1377 1054 1407 ,
1084 1338 1341 1394 Dominus
1368 1349 1485 1406 est,
1514 1347 1571 1397 et
1596 1341 1686 1397 ille
1729 1352 1933 1398 natura:

348 1429 640 1497 Conditor,
672 1428 809 1484 Deus
834 1428 1091 1489 Abraham
1113 1471 1130 1498 ,
1157 1429 1308 1485 Isaac
1332 1473 1347 1497 ,
1372 1440 1420 1487 et
1441 1431 1603 1487 Jacob
1626 1473 1644 1501 ,
1670 1447 1805 1504 quos
1834 1449 1930 1504 pa-

349 1521 608 1578 triarchas
634 1520 884 1578 censetis.
914 1520 1005 1593 Ille
1032 1520 1190 1589 Quem
1206 1523 1689 1590 vostradidistis,et
1705 1526 1938 1597 negastis

350 1627 524 1667 coram
551 1611 684 1683 {acie
730 1609 890 1665 Pilati
919 1611 1202 1683 judicantis
1238 1611 1385 1667 illum
1421 1612 1770 1669 dimittendum
1797 1629 1817 1668 :
1843 1615 1932 1671 ille

348 1702 545 1774 estqui
575 1700 752 1756 omnia
798 1709 1049 1772 operatus
1076 1708 1195 1768 est,
1242 1715 1402 1772 quem
1466 1700 1568 1757 Vos
1611 1710 1840 1758 sanciunt
1884 1712 1930 1758 et

348 1796 548 1866 justum
593 1793 849 1865 negastis,
880 1800 928 1847 et
977 1792 1189 1863 petiistis
1241 1793 1408 1847 uirum
1451 1793 1755 1847 homicidam
1793 1793 1932 1849 vobis

351 1885 486 1940 tradi
528 1901 548 1939 :
600 1883 894 1957 Principcm
944 1894 1111 1940 autem
1163 1885 1277 1940 vita:
1325 1886 1695 1941 condemnastis
1716 1928 1733 1955 ,
1785 1903 1932 1957 quem

346 1974 485 2031 Deus
512 1977 741 2031 excitavit
765 1992 799 2030 a
822 1975 1031 2030 mortuis
1050 2017 1066 2043 ,
1096 1977 1242 2046 cujus
1270 1991 1363 2030 nos
1386 1985 1532 2031 testes
1555 1993 1748 2031 sumus.
1783 1977 1852 2032 Et
1875 1978 1930 2032 in

351 2069 454 2137 [ide
479 2070 696 2124 nominis
715 2069 874 2135 illius,
901 2068 1035 2126 hunc
1224 2069 1401 2124 videtis
1425 2080 1471 2123 et
1497 2070 1673 2134 nostis,
1695 2069 1930 2126 solidavit

346 2177 524 2215 nomen
557 2143 696 2216 illius
719 2202 735 2230 ,
762 2170 810 2216 et
837 2161 994 2231 ﬁdes,
1032 2179 1146 2234 quia
1170 2178 1259 2232 per
1302 2163 1469 2231 ipsum
1512 2171 1584 2217 est
1602 2205 1616 2224 ,
1648 2164 1784 2217 dedit
1812 2165 1929 2219 huic

344 2251 741 2307 incolumitatem
768 2268 941 2306 coram
966 2253 1195 2307 omnibus
1219 2253 1355 2308 vobis
1381 2253 1544 2322 (Ibid.
1573 2270 1620 2308 υ.
1654 2255 1873 2326 15-16).

414 2342 470 2400 6.
501 2342 684 2413 Magna
714 2342 869 2398 liberi
897 2342 1054 2414 hujus
1088 2343 1353 2398 sermonis
1376 2343 1721 2409 excellentia;
1745 2345 1928 2415 ingens

341 2446 413 2493 et.
437 2433 716 2490 ineffabilis
743 2434 823 2489 vis
861 2435 1042 2505 gratiae
1080 2449 1310 2505 superne
1350 2435 1457 2490 illis
1483 2437 1729 2503 collatae;
1758 2438 1929 2493 mani-

345 2523 628 2579 festissima
658 2524 1066 2595 resurrectionis
1098 2524 1483 2580 demonstratio
1512 2526 1648 2580 beati
1692 2527 1833 2582 illius
1875 2529 1927 2584 in

346 2614 573 2671 dicendo
607 2613 825 2671 libertas
865 2614 1041 2671 fuerit.
1073 2615 1226 2684 Quod
1248 2616 1387 2670 enim
1415 2617 1585 2687 majus
1616 2619 1924 2674 miraculum

346 2705 437 2760 illo
457 2704 576 2775 quis
616 2713 900 2775 quzereret,
944 2719 1067 2759 cum
1108 2704 1153 2759 is
1195 2704 1287 2776 qui
1336 2715 1460 2761 ante
1507 2721 1717 2762 crucem
1765 2708 1924 2765 etiam

343 2794 564 2866 abjectze
589 2795 778 2865 puellae
820 2795 990 2850 minas
1011 2793 1153 2850 ferre
1181 2810 1285 2851 non
1307 2797 1496 2866 potuit,
1522 2813 1662 2853 nunc
1699 2798 1764 2852 ad
1802 2815 1923 2857 cum

344 2887 558 2944 modum
585 2888 841 2943 adversus
869 2887 1177 2944 Judatorum
1225 2888 1477 2960 populum
1532 2889 1776 2962 insurgit,
1810 2900 1928 2947 tan-

343 2992 499 3052 taque
524 2980 735 3048 fiducia,
761 2978 907 3034 solus
925 2994 1045 3036 cum
1072 2988 1235 3046 esset,
1262 2988 1444 3036 contra
1468 2989 1688 3047 tantam,
1712 2991 1925 3053 tamque

342 3072 605 3128 furentem
631 3071 1017 3127 multitudinem
1038 3077 1143 3125 stat
1166 3071 1441 3139 adversus,
1463 3080 1518 3127 et
1546 3072 1778 3142 loquitur
1804 3087 1925 3144 quae

344 3162 605 3217 insaniam
634 3162 840 3216 illorum
872 3160 1040 3230 magis
1080 3174 1397 3230 exasperare
1420 3161 1655 3231 queant?
1698 3161 1920 3230 Vidisti,

342 3253 568 3318 dilecte,
598 3252 649 3307 id
679 3251 820 3322 quod
869 3251 923 3305 in
964 3250 1226 3322 prooemio
1270 3250 1532 3316 dicebam,
1580 3253 1737 3307 etiam
1783 3267 1923 3309 nunc

341 3346 700 3403 declaratum:
730 3344 881 3412 Quod
903 3343 948 3399 si
968 3343 1088 3413 quis
1110 3358 1290 3399 amore
1310 3343 1362 3398 in
1388 3343 1554 3400 Deum
1580 3344 1918 3412 accendatur,

345 3453 451 3494 non
493 3445 673 3507 postea
723 3436 860 3492 feret
883 3451 944 3492 ea
969 3450 1087 3506 qum
1113 3434 1212 3490 sub
1236 3449 1615 3504 corporeorum
1646 3437 1920 3493 oculorum

338 3537 611 3598 aspectum
640 3524 873 3591 cadunt;
915 3524 1008 3581 sed
1040 3524 1158 3580 aliis
1200 3524 1489 3580 instructus
1523 3526 1726 3594 oculis,
1753 3527 1922 3584 oculis

340 3617 553 3690 inquam
583 3616 723 3684 fidei,
758 3616 842 3671 illa
872 3630 1084 3686 semper
1106 3616 1427 3692 speculatur,
1450 3625 1504 3673 et
1542 3616 1610 3671 ad
1648 3616 1736 3672 illa
1767 3632 1920 3674 men-

340 3719 445 3764 tem
471 3708 630 3764 habet
658 3707 937 3773 intentam,
967 3706 1351 3776 ambulansque
1376 3707 1429 3763 in
1467 3715 1629 3774 terra,
1653 3696 1919 3779 tamquam

341 3800 721 3871 municipatum
753 3799 954 3857 habens
979 3798 1033 3854 in
1060 3798 1226 3864 caelis,
1265 3799 1336 3854 ita
1373 3798 1552 3855 omnia
1595 3798 1723 3870 agit,
1756 3800 1919 3856 nullis

345 3891 587 3948 humanis
612 3891 927 3962 priepcditus
951 3905 981 3945 a
1023 3891 1234 3946 virtutis
1282 3905 1463 3947 cursu.
1492 3890 1623 3946 Nam
1670 3892 1759 3962 qui
1800 3891 1920 3947 talis

338 3992 442 4048 est,
479 3997 582 4037 non
623 3982 846 4053 posthac
894 3981 1113 4050 respicit
1157 3981 1224 4036 ad
1266 3980 1542 4052 splendida
1573 3980 1732 4051 hujus
1759 3983 1915 4050 vitae,

340 4088 514 4144 neque
537 4073 603 4128 ad
631 4072 764 4129 dura
788 4080 843 4128 et
868 4085 1079 4139 aspera,
1108 4070 1203 4126 sed
1224 4070 1402 4126 omnia
1429 4070 1514 4125 illa
1535 4073 1916 4141 prietercurrit,

337 4165 405 4218 ad
438 4165 659 4232 patriam
689 4175 838 4216 suam
881 4160 1154 4216 festinans.
1203 4159 1269 4214 Et
1307 4159 1443 4214 sicut
1465 4160 1556 4230 qui
1587 4160 1918 4230 corporalem

340 4254 482 4309 huuc
531 4266 743 4307 cursum
796 4265 985 4320 magna
1032 4250 1373 4305 contentione
1421 4251 1652 4321 peragit,
1715 4251 1918 4308 nullum

339 4340 733 4396 occurrentium
760 4340 774 4371 ¹
801 4339 965 4408 videt,
995 4339 1202 4394 etiamsi
1228 4340 1423 4410 saepius
1443 4340 1499 4395 in
1527 4340 1673 4396 illum
1698 4341 1916 4410 incidat,

340 4434 434 4489 sed
462 4433 642 4486 animo
682 4433 748 4486 ad
775 4448 986 4487 cursum
1019 4432 1222 4487 intento
1274 4431 1430 4488 facile
1469 4434 1649 4489 omnia
1693 4434 1916 4502 transit,

342 4522 600 4578 festinans
624 4520 689 4575 ad
725 4521 1043 4579 destinatum
1072 4536 1329 4593 scopum:
1360 4522 1549 4579 eodem
1598 4524 1777 4592 modo,
1826 4524 1919 4596 qui

340 4627 555 4669 cursum
581 4612 790 4667 virtutis
816 4626 1067 4683 peragere
1095 4612 1329 4681 festinat,
1348 4623 1403 4670 et
1420 4628 1450 4667 a
1482 4622 1622 4669 terra
1650 4613 1704 4670 in
1725 4613 1916 4670 calum

340 4702 632 4759 ascendere
672 4702 1016 4771 concupiscit,
1048 4703 1223 4757 omnia
1252 4718 1371 4773 quae
1399 4700 1642 4758 videntur
1667 4703 1918 4760 deorsum

339 4795 608 4866 relinquit,
636 4805 691 4850 et
718 4802 883 4849 totum
910 4806 968 4848 se
996 4791 1173 4848 cursui
1201 4791 1368 4859 dedit,
1420 4807 1591 4862 neque
1619 4793 1765 4863 prius
1788 4792 1919 4849 sub-

342 4886 498 4949 sistit,
531 4900 702 4956 neque
729 4900 758 4939 a
787 4882 975 4940 visibili
1002 4881 1249 4953 quapiam
1276 4896 1337 4938 re
1359 4881 1646 4949 detinetur,
1667 4883 1838 4940 donec
1863 4884 1918 4939 in

343 4977 594 5031 verticem
644 4975 937 5032 ascendere
962 4973 1214 5044 petuerit.
1245 4972 1307 5028 Ei
1332 4973 1474 5029 enim
1494 4974 1683 5045 quisic
1702 4974 1919 5033 affectus

339 5076 442 5133 est,
468 5067 627 5122 etiam
674 5081 793 5136 qua:
833 5065 1079 5120 videntur
1114 5078 1235 5120 esse
1278 5064 1533 5120 terribilia
1570 5064 1625 5120 in
1671 5065 1920 5136 przesenti

342 5159 481 5223 vita,
525 5157 944 5227 contemptibilia
986 5155 1119 5212 (lunt
1144 5173 1157 5209 :
1186 5165 1239 5213 et
1283 5158 1373 5228 qui
1416 5157 1535 5213 talis
1587 5164 1700 5223 est,
1747 5171 1922 5227 neque

339 5246 569 5318 gladium
603 5248 772 5314 timet,
826 5262 999 5319 neque
1044 5247 1417 5319 pratcipitium,
1468 5264 1640 5320 neque
1687 5248 1918 5305 ferarum

339 5340 549 5408 dentes,
581 5355 752 5410 neque
774 5349 1057 5410 tormenta,
1075 5357 1246 5413 neque
1261 5341 1502 5398 lictorum
1519 5357 1727 5411 manus,
1750 5358 1921 5414 neque

339 5431 540 5503 aliquid
568 5433 719 5489 triste
764 5433 814 5487 in
843 5433 942 5489 hac
971 5434 1075 5488 vita
1110 5453 1125 5488 :
1156 5432 1253 5489 sed
1298 5442 1353 5489 et
1389 5434 1433 5488 si
1462 5433 1719 5489 carbones
1747 5434 1922 5489 videat

342 5525 658 5591 substratos,
688 5526 836 5596 quasi
866 5534 1013 5594 prata
1047 5535 1103 5580 et
1144 5525 1417 5595 paradisus
1445 5527 1629 5583 videns
1659 5527 1917 5593 transilit;

342 5626 397 5671 ct
421 5617 463 5671 si
494 5616 652 5672 aliam
681 5616 963 5686 quamdam
989 5625 1375 5672 tormentorum
1402 5617 1639 5687 speciem
1673 5618 1921 5674 intentari

408 5770 424 5801 ‘
458 5775 665 5825 Quatuor
688 5778 814 5833 διες,
839 5769 1070 5841 onmium,
1088 5782 1193 5833 pro,
1210 5767 1576 5821 occurrentium.

1066 314 1125 370 S.
1165 315 1444 373 JOANNIS
1479 316 1958 404 CliRYSOSTOMI
1999 320 2314 379 ARCHIEP.
2354 324 2888 387 CONSTANTINOP.

3513 339 3619 399 260

2046 434 2239 499 videat,
2268 453 2374 494 non
2432 439 2606 496 deficit
2647 443 2715 498 ad
2761 456 3057 515 aspectum,
3099 461 3275 520 neque
3322 469 3616 515 aversatur.

2045 526 2373 585 Desiderium
2394 533 2536 588 enim
2563 533 2857 592 futurorum
2880 552 3115 597 mentem
3142 542 3308 612 ipsius
3328 552 3615 618 transtulit,

2041 626 2094 672 et
2121 619 2268 688 quasi
2308 619 2500 677 frustra
2526 636 2751 695 corpore
2777 628 3023 698 amictus,
3055 632 3125 686 ita
3159 634 3469 695 affectiones
3495 654 3618 698 suas

2042 711 2365 780 moderatur,
2398 724 2452 770 et
2479 730 2702 786 superna
2743 720 2911 791 gratia
2940 725 3174 781 munitus
3202 730 3440 799 corporis
3468 732 3620 789 doleo

2040 814 2127 855 res
2153 816 2221 857 ne
2245 803 2403 859 sentit
2428 805 2661 876 quidem.

2110 889 2425 948 Adhortatur
2446 897 2514 949 ad
2542 913 2765 953 amorem
2793 917 2912 973 erga
2937 902 3122 961 Deum.
3140 937 3214 947 —
3234 909 3492 978 Quocirca
3519 917 3617 971 ob-

2038 994 2212 1046 secro,
2243 993 2296 1039 ut
2323 1000 2429 1056 quo
2455 987 2606 1044 facile
2632 990 2842 1047 virtutis
2888 992 3096 1051 labores
3126 997 3262 1055 ferre
3300 1004 3564 1070 possimus
3592 1048 3608 1073 ,

2039 1087 2288 1144 magnum
2315 1075 2606 1136 habeamus
2636 1080 2689 1136 in
2724 1081 2891 1138 Deum
2919 1100 3156 1144 amorem
3186 1100 3240 1146 et
3267 1092 3613 1166 desiderium,

2039 1171 2096 1219 et
2121 1165 2245 1221 illuc
2269 1177 2449 1225 mente
2491 1180 2672 1228 nostra
2702 1174 2921 1243 intenta,
2957 1192 2986 1231 a
3032 1181 3176 1236 nulla
3219 1199 3277 1238 re
3313 1186 3470 1256 hujus
3498 1165 3617 1246 vita:

2038 1258 2439 1327 supplantemur
2461 1263 2514 1318 in
2541 1278 2699 1321 cursu
2728 1266 2840 1333 illo,
2886 1270 2979 1325 sed
3016 1271 3310 1330 futurorum
3356 1279 3617 1337 bonorum

2040 1345 2342 1406 fruitionem
2394 1353 2648 1410 continuo
2696 1359 3010 1429 cogitantes,
3052 1377 3238 1420 omnes
3288 1367 3443 1438 hujus
3496 1371 3617 1427 vitae

2037 1441 2311 1498 molestias
2338 1458 2614 1503 mansuete
2639 1447 2890 1517 feramus,
2915 1462 2971 1508 et
2991 1469 3163 1525 neque
3193 1457 3476 1527 ignominia
3517 1478 3616 1520 nos

2036 1537 2330 1603 contristet,
2354 1552 2526 1610 neque
2550 1540 2724 1612 inopia
2748 1553 2952 1613 gravet,
3001 1563 3171 1618 neque
3191 1552 3405 1609 morbus
3428 1569 3617 1625 Corpo-

2037 1623 2111 1680 ris
2135 1627 2329 1682 mentis
2354 1641 2570 1684 sensum
2597 1632 2857 1701 emolliat,
2908 1650 3081 1706 neque
3125 1640 3266 1708 quod
3303 1623 3615 1700 contemna-

2036 1730 2156 1772 mur
2178 1716 2636 1793 despiciamurque
2660 1722 2729 1780 ab
2765 1723 3041 1784 hominum
3064 1731 3236 1794 turba,
3265 1732 3317 1787 id
3343 1736 3615 1805 segniores

2036 1823 2134 1864 nos
2162 1808 2319 1866 faciat
2342 1812 2396 1867 in
2421 1814 2633 1871 virtutis
2659 1815 2834 1872 studio
2862 1835 2876 1872 :
2908 1818 3004 1874 sed
3055 1822 3300 1879 onmibus
3339 1824 3436 1892 iis,
3464 1828 3615 1896 quasi

2036 1901 2207 1971 pulvis
2249 1912 2465 1971 essent,
2513 1908 2772 1977 excussis,
2821 1920 3202 1984 assumptoque
3252 1929 3514 1985 generoso
3560 1931 3615 1976 et

2034 1992 2247 2050 sublimi
2273 1995 2482 2066 spiritu,
2508 2013 2756 2070 magnttm
2780 2016 2875 2072 per
2898 2005 3075 2058 omnia
3102 2006 3422 2063 fortitudinis
3439 2013 3614 2080 speci-

2035 2098 2158 2140 men
2195 2085 2563 2158 exhibeamus,
2609 2101 2666 2147 et
2722 2092 2861 2149 sicut
2903 2094 3020 2150 heri
3068 2108 3298 2153 vestram
3341 2103 3613 2159 caritatem

2034 2175 2330 2245 obsecravi,
2377 2193 2498 2235 cum
2546 2179 2774 2238 inimicis
2819 2199 3008 2255 magna
3050 2186 3324 2245 alacritate
3360 2193 3613 2250 concilie-

2034 2282 2177 2336 mur,
2203 2277 2259 2325 et
2281 2286 2347 2326 ex
2389 2272 2668 2330 animabus
2696 2276 2894 2331 nostris
2918 2277 3254 2336 all'ectionum
3278 2282 3612 2341 eliniincmus

2017 2358 2317 2431 reliquias;
2343 2364 2456 2419 etsi
2491 2381 2594 2435 qua
2623 2369 3045 2438 concupiscentia
3081 2388 3240 2443 prava
3274 2375 3610 2444 interturbet,

2033 2464 2151 2505 eam
2202 2452 2527 2523 effugemus;
2584 2465 2639 2512 et
2685 2456 2731 2512 si
2784 2457 2932 2515 furor
2980 2460 3047 2516 ad
3090 2461 3225 2518 iram
3273 2467 3609 2534 exstimulet,

2032 2542 2445 2611 comprimamus
2475 2544 2617 2603 hunc
2639 2556 2828 2604 aestum
2863 2560 3021 2607 cantu
3046 2554 3398 2624 spiritualium
3423 2561 3611 2616 admo-

2032 2632 2314 2701 nitionum,
2353 2638 2697 2696 ostendentes
2720 2657 2877 2711 quam
2909 2646 3217 2715 perniciosa:
3242 2650 3346 2704 sint
3372 2651 3610 2708 affectio-

2030 2738 2148 2780 nes.
2181 2723 2272 2780 Vir
2317 2728 2481 2797 enim,
2524 2731 2715 2801 inquit,
2766 2733 3061 2804 iracundus,
3111 2754 3213 2792 non
3256 2740 3491 2796 honestus
3538 2754 3610 2797 est

2030 2815 2228 2886 (Prov.
2263 2820 2347 2874 11.
2377 2820 2524 2891 25);
2550 2830 2606 2878 et
2649 2823 2862 2891 iterum,
2898 2826 2997 2893 Qui
3046 2828 3282 2883 irascitur
3328 2834 3478 2901 fratri
3518 2850 3611 2888 suo

2029 2908 2139 2962 sine
2164 2924 2339 2973 causa,
2370 2927 2485 2965 reus
2524 2913 2618 2967 erit
2667 2914 2908 2984 gehennw
2947 2918 3078 2989 ignis
3122 2921 3143 2990 (
3163 2919 3347 2975 Matth.
3396 2924 3448 2978 5.
3482 2924 3607 2995 2:2).

2030 2997 2098 3053 Et
2127 2999 2170 3053 si
2205 3001 2546 3070 pecuniarum
2585 3006 2849 3075 cupiditas
2872 3009 3120 3077 incessat,
3148 3010 3336 3068 demus
3363 3028 3604 3083 operam,

2031 3098 2087 3144 ut
2114 3106 2265 3147 mens
2314 3092 2446 3148 vitet
2497 3102 2693 3150 tantam
2741 3099 3051 3167 perniciem,
3094 3111 3150 3156 et
3199 3105 3338 3158 sicut
3373 3105 3605 3162 radicem

2029 3182 2289 3239 malorum
2319 3186 2554 3243 omnium
2585 3190 2975 3248 exscindamus.
2997 3193 3082 3249 Sic
3103 3195 3411 3252 studeamus
3436 3201 3609 3271 singu-

2028 3273 2111 3329 las
2134 3274 2443 3333 all‘ectiones
2481 3279 2648 3335 malas
2668 3280 2956 3353 corrigere,
2989 3299 3094 3354 quo
3137 3294 3193 3340 et
3220 3287 3537 3345 abstinendo
3574 3307 3604 3346 a

2026 3366 2205 3434 malis,
2232 3376 2287 3422 et
2313 3371 2569 3426 sectando
2595 3385 2754 3441 opera
2800 3372 2959 3441 bona,
3015 3375 3280 3445 possimus
3319 3380 3368 3433 in
3397 3379 3486 3435 die
3515 3381 3608 3435 illo

2027 3456 2304 3513 tremendo
2324 3472 2354 3513 a
2378 3459 2488 3515 Deo
2515 3459 2933 3518 misericordiam
2962 3467 3196 3534 assequi,
3219 3467 3385 3537 gratia
3410 3478 3465 3524 et
3500 3470 3605 3524 mi-

2026 3545 2379 3604 serationibus
2414 3549 2669 3621 unigeniti
2707 3552 2822 3622 ejus
2869 3554 3007 3622 Filii,
3049 3555 3133 3610 cui
3176 3572 3297 3613 cum
3328 3559 3502 3625 Patre,
3550 3570 3604 3615 et

2027 3637 2224 3708 Spiritu
2248 3650 2433 3696 sancto
2456 3641 2524 3696 sit
2547 3643 2736 3713 gloria,
2761 3644 3060 3715 imperium,
3085 3658 3138 3703 et
3167 3647 3360 3718 honor,
3386 3667 3528 3708 nunc
3550 3662 3604 3710 et

2026 3743 2259 3799 semper,
2292 3742 2348 3787 et
2384 3731 2437 3787 in
2475 3734 2665 3789 saecula
2692 3736 3029 3794 smculorum.
3056 3740 3248 3796 Amen.

2569 3867 2846 3925 llOMlLlA
2883 3871 3074 3929 XXIX.

2025 3976 2092 4031 Et
2116 3980 2265 4049 erepit
2290 3978 2406 4034 Noe
2426 3981 2574 4036 homo
2599 3983 2823 4053 agricola
2849 3993 3012 4050 terra,
3040 3995 3086 4041 et
3111 3988 3357 4057 plantavit
3381 3993 3600 4062 vineam,

2093 4079 2141 4125 et
2165 4071 2283 4125 bibit
2305 4076 2369 4129 de
2394 4076 2508 4130 riuo
2530 4091 2549 4129 :
2574 4085 2623 4130 et
2649 4075 2920 4131 inebriatus
2944 4086 3017 4132 est
3044 4077 3197 4150 (Gen.
3220 4079 3270 4135 9.
3300 4082 3388 4138 20.
3411 4083 3525 4155 2!).

2094 4187 2146 4241 1.
2189 4185 2311 4241 Non
2339 4187 2504 4243 solum
2525 4187 2655 4242 bona
2682 4206 2834 4259 opera
2850 4231 2867 4258 ,
2894 4191 2984 4246 sed
3010 4201 3057 4246 et
3082 4205 3288 4261 peccata
3311 4206 3601 4252 sanctorum

2022 4288 2468 4347 properantur.—
2481 4279 2561 4335 Ad
2584 4280 2742 4335 linem
2769 4281 2978 4336 tandem
2999 4286 3293 4354 argumenti
3317 4286 3381 4340 ad
3397 4286 3599 4355 justum

2023 4368 2167 4428 hunc
2206 4373 2498 4442 spectantis
2539 4374 2815 4432 venimus:
2855 4376 2977 4433 ideo
3019 4379 3262 4448 obsecro,
3294 4393 3473 4439 mente
3514 4385 3600 4438 in-

2025 4470 2170 4517 tenta
2206 4462 2410 4532 adeste,
2448 4472 2503 4520 et
2528 4464 2809 4536 diligenter
2842 4483 2960 4539 quae
3000 4469 3248 4526 dicuntur
3285 4475 3597 4530 auscultate.

2022 4553 2153 4610 Nam
2180 4570 2244 4611 ex
2276 4555 2340 4611 iis
2365 4572 2482 4628 quae
2510 4557 2670 4614 hodie
2695 4559 2827 4615 lecta
2856 4569 2979 4615 sunt
3002 4575 3106 4616 non
3136 4577 3356 4631 parvum
3381 4605 3395 4627 ,
3427 4580 3601 4634 neque

2023 4646 2290 4718 vulgarem
2311 4649 2586 4719 percipere
2604 4650 2727 4706 licet
2746 4649 2974 4707 fructum
2999 4670 3013 4706 :
3036 4654 3461 4727 quandoquidem
3483 4672 3603 4727 qtae

2023 4739 2213 4809 priscis
2240 4751 2550 4808 evenerunt,
2577 4743 2622 4798 si
2647 4758 2832 4814 sapere
2861 4747 3205 4815 voluerimus,
3234 4749 3478 4804 maxima:
3500 4766 3592 4804 no-

2024 4831 2107 4887 bis
2129 4832 2384 4889 doctrinze
2406 4841 2531 4890 sunt
2548 4836 2778 4891 occasio.
2806 4834 2930 4892 Ideo
2952 4836 3095 4892 enim
3120 4853 3225 4893 non
3250 4839 3425 4894 solum
3440 4855 3597 4910 oper-

2023 4932 2328 4981 sanctorum
2357 4924 2495 4981 bona
2522 4926 2718 4997 scripta
2747 4935 2902 4991 sunt,
2941 4927 3036 4983 sed
3073 4931 3234 4984 etiam
3265 4939 3512 4999 peccata,
3544 4940 3602 4986 ut

2026 5015 2141 5071 haec
2160 5015 2374 5087 quidem
2403 5014 2682 5087 fugiamus,
2710 5016 2800 5072 illa
2825 5032 2952 5073 vero
2978 5018 3244 5076 imitemur
3268 5036 3283 5074 :
3309 5035 3483 5092 neque
3502 5021 3604 5077 hoc

2025 5106 2223 5174 solum,
2252 5106 2348 5162 sed
2377 5116 2642 5163 monstrat
2685 5109 2902 5178 insuper
2933 5109 3108 5165 divina
3140 5111 3410 5181 Scriptura
3436 5122 3491 5168 et
3511 5113 3601 5183 ju-

2025 5205 2137 5253 stos
2161 5212 2305 5268 saepe
2345 5197 2542 5270 lapsos,
2568 5209 2623 5255 et
2662 5209 2967 5269 peccatores
3003 5215 3248 5272 magnam
3293 5202 3605 5260 exhibentes

2025 5289 2150 5345 vita:
2171 5288 2597 5357 conversionem,
2617 5305 2724 5361 quo
2739 5291 2984 5361 utrinque
3002 5291 3272 5347 sufficiens
3291 5292 3444 5349 nobis
3463 5304 3605 5349 esset

2027 5381 2252 5450 cautela,
2287 5391 2341 5437 et
2382 5396 2553 5452 neque
2577 5382 2666 5452 qui
2694 5391 2798 5436 stat
2831 5381 3182 5438 confidentior
3208 5383 3314 5449 sit,
3341 5383 3527 5438 videns
3551 5395 3606 5439 et

2022 5474 2196 5544 justos
2233 5473 2508 5542 cecidisse,
2541 5488 2711 5544 neque
2734 5474 2823 5543 qui
2862 5474 2912 5528 in
2952 5474 3182 5543 peccatis
3205 5483 3288 5528 est
3321 5473 3601 5543 desperet,

2028 5568 2225 5623 multos
2249 5567 2583 5636 conspiciens
2619 5566 2707 5637 qui
2751 5566 3105 5635 resipuerunt,
3146 5573 3201 5621 et
3237 5564 3303 5619 ad
3340 5580 3603 5620 summum

2028 5660 2238 5714 virtutis
2264 5658 2469 5727 apicem
2516 5657 2791 5728 pervenire
2838 5664 3142 5726 potuerunt.
3189 5654 3368 5726 Itaque
3395 5656 3603 5720 nullus,

2034 5764 2234 5822 quaeso,
2266 5750 2477 5805 tametsi
2504 5749 2792 5805 multorum
2816 5747 3077 5804 bonorum
3107 5762 3329 5819 aperum
3352 5746 3449 5803 sibi
3474 5762 3600 5801 cou-
