4066 6140
291 440 728 512 ἀποκατέστησε,
753 439 971 493 πάντων
992 435 1442 507 ἐκπληττομένων
1462 437 1556 491 καὶ
1579 435 1966 506 θαυμαζόντων

292 530 510 593 αὐτοὺς,
534 524 976 595 ἐπιδεικνύμενος
995 521 1094 595 τὴν
1111 523 1318 578 οἰκείαν
1337 524 1757 595 εὐγνωμοσύνην
1780 522 1962 593 φησίν·

297 615 569 684 Ἀνδρες,
589 614 648 668 τι
677 609 967 672 ἀτενίζετε
999 610 1165 681 ἡμῖν,
1186 611 1263 678 ὡς
1300 611 1420 678 ἰδίᾳ
1458 610 1708 680 δυνάμει
1733 610 1770 678 ἢ
1793 611 1971 663 εὐσεα

293 705 422 770 ϐείςι
454 703 814 771 πεποιηκόσι
846 701 954 755 τοῦ
984 701 1331 770 περιπατεῖν
1348 701 1566 764 αὐτόν;
1586 700 1743 763 Τίνος
1761 699 1968 763 ἕνεκεν,

297 790 484 860 φησὶν,
501 788 643 843 οὕτω
663 789 1043 859 κατεπλάγητε
1062 787 1156 841 καὶ
1176 787 1620 858 ἐκπεπληγμένοι
1639 785 1761 840 ἐστέ
1781 784 1874 839 ἐπὶ
1893 784 1973 856 τῷ

295 877 578 946 γεγονότι;
615 875 709 947 Μὴ
751 875 860 947 γάρ
901 875 1063 945 ἡμεῖς
1101 875 1266 944 ἐσμεν
1284 871 1970 944 οίτοῦτοὲργασάμενοι,ἢ

302 965 408 1034 ἰδίᾳ
425 963 652 1034 δυνάμει
691 962 828 1032 πρὸς
866 961 1075 1030 ὑγίειαν
1095 960 1256 1014 αὑτὸν
1277 958 1737 1028 ἐπαναγαγόντες,
1761 958 1856 1010 καὶ
1879 957 1975 1026 βα-

299 1050 464 1114 δίζειν
485 1047 1004 1120 παρασκευάσαντες
1028 1064 1044 1114 ;
1063 1047 1129 1100 Τί
1147 1047 1281 1118 ἡμῖν
1301 1047 1573 1109 ἀτενίζετε
1595 1064 1610 1113 ;
1632 1045 1795 1098 Οὐδὲν
1815 1044 1974 1097 πλέον

297 1138 462 1206 ἡμεῖς
481 1135 898 1206 εἰσηνέγκαμεν,
923 1133 956 1204 ἢ
977 1134 1060 1188 ὅτι
1080 1133 1178 1204 τὴν
1197 1132 1710 1203 γλῶττανὲδανείσα
1719 1149 1818 1202 μεν
1837 1147 1852 1163 ο
1873 1133 1900 1184 ό
1919 1130 1976 1183 δὲ

298 1224 361 1277 τὸ
396 1224 504 1276 πᾶν
525 1223 920 1294 ἐργασάμενος,
943 1221 972 1274 6
991 1220 1267 1291 Δεσπότης
1288 1219 1406 1272 ἐστὶ⁹
1423 1219 1514 1272 καὶ
1534 1218 1862 1289 δημιουργὸς
1880 1217 1978 1285 τῆς

303 1309 540 1378 φύσεως.
560 1311 798 1372 Ἐκεῖνος
827 1308 880 1360 Ὀ
906 1307 1051 1372 Θεὸς
1079 1309 1337 1376 Ἀϐραὰμ
1365 1305 1463 1360 καὶ
1495 1305 1700 1360 Ἰσαὰκ
1739 1305 1836 1358 καὶ
1873 1302 1977 1359 Ἰα-

303 1395 445 1460 κὼϐ,
485 1394 578 1459 οὒς
618 1395 958 1467 πατριάρχας
999 1393 1393 1465 ἐπιγράφεσθε,
1429 1395 1636 1456 ἐκεῖνος
1671 1394 1773 1444 Ὃν
1813 1390 1981 1459 ὑμεῖς

305 1482 759 1553 παραδεδώκατε
778 1483 877 1536 καὶ
897 1482 1247 1549 ἠρνήσασθε
1281 1479 1430 1535 κατὰ
1457 1481 1780 1549 πρόσωπον
1801 1476 1955 1532 mm

307 1589 432 1635 του,
454 1572 767 1639 κρίναντος
781 1570 1018 1623 ἐκείνου
1040 1570 1356 1624 ἀπολύειν
1377 1567 1582 1630 ἐκεῖνός
1600 1569 1746 1620 ἐστιν
1767 1567 1794 1618 ό
1809 1564 1983 1618 ταῦτα

308 1659 708 1729 ἐργασάμενος·
745 1657 806 1711 ὃν
836 1656 1040 1725 Ὑμεῖς,
1064 1655 1174 1711 τὸν
1191 1656 1361 1726 ἄτιον
1380 1655 1478 1709 καὶ
1512 1655 1768 1718 δίκαιον,
1797 1653 1984 1722 ἠρνή-

311 1749 522 1807 σασθε,
546 1744 640 1797 καί
675 1741 988 1812 ᾐτήσασθε
1018 1741 1206 1810 ἄνδρα
1235 1741 1423 1811 φονέα
1442 1739 1800 1810 χαρισθῆναι
1819 1739 1982 1808 ὑμῖν,

315 1832 418 1884 τὸν
436 1830 503 1883 δὲ
522 1829 788 1898 ἀρχηγὸν
808 1829 918 1898 τῆς
936 1829 1084 1898 ζωῆς
1104 1822 1508 1898 κατεκρίνατε,
1529 1827 1601 1881 ὃν
1621 1829 1654 1881 ὀ
1676 1827 1818 1892 Θεὸς
1838 1825 1989 1896 173's:-

307 1936 416 1987 ρεν
435 1919 501 1972 ἐκ
522 1917 770 1986 νεκρῶν,
795 1913 866 1973 οὗ
893 1917 1064 1987 ἡμεῖς
1088 1916 1388 1985 μάρτυρές
1406 1916 1611 1984 ἐσμεν.
1634 1914 1744 1969 Καὶ
1777 1914 1876 1967 ἐπὶ
1915 1913 1989 1982 τῇ

315 2007 512 2060 πίστει
543 2006 648 2059 τοῦ
686 2007 978 2074 ὀνόματος
1010 2003 1196 2058 αὐτοῦ
1232 2002 1468 2067 τοῦτον,
1490 2001 1562 2056 ὃν
1598 2002 1862 2070 θεωρεῖτε
1888 2003 1988 2055 καὶ

315 2093 533 2153 οἴδατε,
555 2089 882 2159 ὲστερέωσε
901 2090 968 2144 τὸ
992 2091 1180 2159 ὄνομα
1199 2089 1385 2144 αὐτοῦ
1406 2105 1420 2120 ο
1448 2089 1546 2143 καὶ
1568 2090 1606 2157 ἡ
1630 2089 1836 2154 πίστις
1854 2087 1892 2154 ἡ
1915 2087 1989 2142 δι’

316 2180 500 2233 αὐτοῦ
520 2179 742 2232 ἔδωκεν
756 2177 915 2244 αὐτῷ
929 2177 1000 2247 τὶι
1009 2195 1044 2231 ν
1059 2177 1426 2245 ὁλοκληρίαν
1441 2177 1730 2232 ἀπέναντι
1750 2175 1992 2230 πάντων

315 2267 503 2337 ὑμῶν.

389 2411 462 2471 ς’.
479 2405 653 2476 Πολλὴ
667 2405 762 2476 τῆς
776 2407 960 2477 παρῤη
970 2405 1088 2468 σίας
1100 2407 1133 2476 ὴ
1146 2403 1438 2476 ὑπερϐολή·
1463 2402 1671 2474 μεγάλη
1685 2402 1780 2456 καὶ
1791 2403 1994 2470 ἀφατος

317 2498 415 2564 τῆς
435 2493 638 2547 ἄνωθεν
660 2494 840 2556 αὐτοῖς
860 2492 1300 2565 παρασχεθείσης
1319 2491 1541 2563 χάριτος
1560 2492 1594 2560 ὴ
1615 2490 1842 2560 δύναμις
1861 2507 1874 2520 ·
1899 2505 1994 2540 σα-

321 2581 562 2651 φεστάτη
581 2583 680 2652 τῆς
701 2580 1047 2643 ἀναστάσεως
1065 2582 1098 2649 ἡ
1121 2579 1391 2643 ἀπόδειξις
1413 2580 1446 2648 ἡ
1465 2577 1558 2631 τοῦ
1583 2577 1853 2649 μακαρίου
1873 2574 1996 2628 τού-

319 2685 412 2721 του
435 2666 715 2738 παρρησία
735 2666 931 2737 γένοιτ’
953 2667 1038 2720 ἄν.
1055 2666 1120 2718 Τί
1141 2665 1248 2736 γὰρ
1271 2665 1336 2718 ἃν
1357 2664 1543 2717 τούτου
1570 2661 1751 2734 μεῖζον
1775 2663 1996 2732 σημεῖον

323 2755 704 2826 ἐπιζητήσειεν
742 2755 806 2808 ἄν
843 2771 924 2817 τις
960 2753 1162 2814 λαϐεῖν,
1185 2753 1310 2805 ὅταν
1343 2752 1370 2804 6
1409 2750 1513 2822 πρὸ
1533 2750 1624 2804 τοῦ
1649 2748 1880 2822 σταυροῦ
1903 2749 1998 2803 καὶ

325 2841 492 2913 κόρης
529 2839 779 2904 εὐτελοῦς
815 2839 1041 2909 ἀπειλὴν
1082 2837 1156 2908 μὴ
1194 2837 1439 2909 δυνηθεὶς
1461 2837 1721 2904 ἐνεγκεῖν,
1744 2835 1838 2888 νῦν
1860 2834 2000 2888 οὕτω

326 2928 774 2993 κατεξανίσταται
812 2926 905 2979 τοῦ
942 2926 1050 2978 τῶν
1088 2923 1352 2977 Ἰουδαίων
1391 2923 1586 2994 δήμου,
1631 2922 1724 2976 καὶ
1762 2922 2001 2994 τοσαύτῃ

327 3016 610 3090 παρρησίᾳ
650 3015 744 3068 καὶ
788 3015 923 3085 πρὸς
958 3013 1210 3066 τοσοῦτον
1250 3010 1474 3082 πλῆθος,
1502 3011 1662 3081 μόνος
1702 3009 1796 3073 ὢν,
1832 3009 2002 3072 οὕτως

326 3104 578 3166 ἀτάκτως
620 3101 882 3174 μεμηνὸς,
908 3100 1292 3163 ἐπαποδύεται,
1313 3099 1408 3152 καὶ
1441 3097 1660 3152 τοιαῦτα
1683 3097 2001 3167 φθέγγεται,

328 3191 365 3245 ἃ
385 3191 483 3261 τὴν
509 3190 705 3260 μανίαν
725 3188 904 3244 αὐτῶν
926 3189 1018 3242 ἐπὶ
1038 3188 1221 3241 πλεῖον
1240 3186 1528 3256 διεγείρειν
1546 3185 1771 3239 δύναται
1792 3201 1804 3248 ;
1831 3183 2002 3246 Εἶδες,

330 3278 599 3348 ἁγαπητέ,
623 3278 758 3341 πῶς,
782 3277 920 3348 ὅπερ
940 3277 998 3330 ἐν
1018 3275 1324 3348 προοιμίοις
1361 3273 1565 3341 ἔλεγον,
1587 3270 1744 3324 τοῦτο
1782 3270 1875 3324 καὶ
1911 3269 2006 3324 νῦν

329 3365 602 3421 δείκνυται
622 3383 637 3432 ;
672 3365 922 3418 Ἐπειδὰν
940 3382 1024 3428 τις
1044 3361 1270 3435 πυρωθῇ
1294 3361 1370 3431 τῷ
1393 3360 1529 3432 πρὸς
1559 3360 1650 3412 τὸν
1669 3358 1801 3412 Θεὸν
1834 3358 2002 3430 πόθῳ,

331 3454 514 3507 οὐκέτι
551 3452 736 3507 λοιπὸν
771 3454 904 3524 όρᾷν
943 3451 1200 3522 ἀνέχεται
1226 3447 1296 3503 τὰ
1313 3452 1426 3510 τοῖς
1462 3447 1759 3516 ὀφθαλμοῖς
1796 3447 2005 3513 τούτοις

332 3543 444 3603 τοῖς
485 3540 813 3610 σωματικοῖς
855 3538 1248 3601 ὑποπίπτοντα,
1291 3535 1405 3588 ἀλλ’
1443 3533 1662 3604 ἐτέρους
1699 3531 2008 3601 ὀφθαλμοὺς

335 3627 695 3697 κτησάμενος,
718 3626 845 3688 τοὺς
880 3624 981 3693 τῆς
1019 3624 1256 3686 πίστεως
1296 3621 1460 3690 λέγω,
1484 3622 1667 3673 ἐκεῖνα
1687 3619 1772 3672 6:5:
1813 3618 2010 3680 παντὸς

338 3713 671 3782 φαντάζεται
691 3717 786 3766 καὶ
806 3711 941 3782 πρὸς
963 3712 1145 3764 ἐκεῖνα
1163 3709 1263 3780 τὴν
1283 3709 1517 3762 διάνοιαν
1552 3707 1663 3776 ἔχει
1683 3704 2010 3775 τεταμένην,

339 3802 435 3854 καὶ
453 3803 512 3854 ἐν
533 3803 601 3871 γῇ
627 3800 856 3870 βαδίζων
877 3801 952 3863 ὼς
974 3801 1031 3852 ἐν
1051 3798 1298 3868 οὐρανοῖς
1318 3795 1378 3848 τὸ
1399 3793 1704 3863 πολίτευμα
1737 3791 1896 3861 ἔχων,
1918 3790 2010 3845 οὐ·

339 3907 419 3942 τω
439 3889 616 3942 πάντα
633 3888 1036 3959 διαπράττεται,
1060 3885 1153 3938 ὐπ’
1171 3883 1382 3946 οὐδενὸς
1413 3881 1519 3933 τῶν
1540 3878 1895 3950 ἀνθρωπίνων
1916 3878 2014 3948 ἐμ-

341 3974 693 4046 ποδιζόμενος
714 3976 848 4046 πρὸς
866 3974 958 4027 τὸν
979 3973 1098 4027 κατ’
1119 3971 1317 4044 ἀρετὴν
1337 3969 1555 4040 δρόμον.
1573 3967 1630 4020 Ὀ
1649 3965 1758 4037 γὰρ
1777 3964 2016 4028 τοιοῦτος

341 4063 403 4115 οὐ
440 4064 511 4118 τὰ
541 4062 773 4134 λαμπρὰ
809 4061 900 4115 τοῦ
944 4061 1059 4132 βίου
1099 4057 1282 4112 λοιπὸν
1316 4057 1438 4127 ὁρᾷ,
1461 4056 1520 4108 οὐ
1558 4054 1626 4108 τὰ
1665 4053 1899 4124 δυσχερῆ
1922 4052 2018 4106 καὶ

343 4151 580 4214 ἐναντία,
603 4149 739 4203 ἀλλά
775 4148 953 4202 πάντα
995 4145 1350 4216 παρατρέχει,
1374 4142 1509 4212 πρὸς
1547 4142 1646 4211 τὴν
1684 4139 1877 4192 ἐαυτοῦ
1912 4155 2016 4191 πα-

344 4238 498 4309 τρίδα
519 4237 889 4307 ἐπειγόμενος.
914 4235 1024 4287 Καὶ
1042 4231 1290 4302 καθάπερ
1314 4233 1341 4284 6
1364 4229 1504 4301 μετὰ
1527 4227 1718 4282 πολλοῦ
1749 4226 1841 4280 τοῦ
1863 4227 2016 4278 τόνου

345 4328 436 4379 τὸν
474 4324 786 4396 σωματικὸν
825 4322 1012 4375 τοῦτον
1050 4321 1248 4392 δρόμον
1287 4319 1494 4389 τρέχων
1532 4315 1720 4369 οὐδένα
1741 4313 1892 4386 [278]
1914 4312 2020 4368 τῶν

345 4412 748 4468 ἀπαντώντωνα
773 4411 892 4482 ὁρᾷ,
919 4408 1022 4462 κᾶν
1048 4407 1306 4478 μυριάκις
1328 4403 1476 4474 αὐτῷ
1497 4403 1863 4476 προσπταίσῃ,
1887 4400 2023 4454 ἀλλὰ

348 4500 484 4571 πρὸς
503 4499 594 4552 τὸν
613 4498 810 4570 δρόμον
833 4494 1280 4566 ἕχωντεταμένον
1301 4489 1467 4545 αὐτοῦ
1507 4490 1598 4542 τὸν
1632 4487 1910 4559 λογισμὸν,
1931 4487 1991 4540 εὐ
2011 4519 2023 4528 -

350 4587 519 4651 κόλως
534 4586 749 4640 ἅπαντα
771 4580 1142 4655 παραδραμὼν
1163 4580 1441 4648 ἐπείγεται
1463 4577 1596 4648 πρὸς
1615 4577 1704 4629 τὸν
1725 4575 1918 4646 προκεί
1925 4591 2022 4644 με-

351 4691 438 4729 νον
456 4673 605 4744 αὐτῷ
629 4673 830 4726 σκοπόν
853 4687 867 4700 ⁸
888 4670 980 4724 τὸν
1001 4668 1160 4722 αὐτὸν
1179 4667 1244 4738 δὴ
1262 4666 1462 4739 τρόπον
1483 4665 1574 4718 καὶ
1593 4665 1620 4717 6
1639 4662 1730 4716 τὸν
1751 4664 1870 4716 κατ’
1891 4663 2022 4732 ἀρε-

348 4764 449 4833 τὴν
485 4761 684 4830 δρόμον
721 4758 936 4830 τρέχειν
976 4753 1312 4818 σπουδάζων,
1337 4752 1431 4806 καὶ
1451 4750 1559 4805 ἀπὸ
1577 4750 1682 4820 γῆς
1701 4751 1779 4812 εἰς
1798 4747 2027 4818 οὐρανὸν

359 4846 595 4902 ἀνελθεῖν
615 4845 919 4915 ἐπιθυμῶν,
942 4843 1117 4896 πάντα
1152 4841 1222 4893 τὰ
1253 4839 1506 4913 ὁρώμενα
1527 4839 1677 4892 κάτω
1697 4836 1911 4907 ἀφίησι,
1935 4835 2030 4888 καὶ

359 4937 474 4996 ὅλος
512 4931 604 4984 τοῦ
647 4932 844 5001 δρόμου
884 4930 1116 4999 γίνεται,
1138 4930 1233 4981 καὶ
1268 4927 1328 4980 οὐ
1368 4925 1632 4996 πρότερον
1651 4925 1886 4985 ἵσταται,
1908 4921 2029 4975 οὐδὲ

357 5019 645 5091 κατέχεται
683 5017 789 5071 ὐπό
822 5034 966 5080 τινος
999 5016 1105 5069 τῶν
1126 5014 1438 5087 δρωμένων,
1465 5012 1658 5083 μέχρις
1676 5011 1742 5066 ἂν
1761 5013 1842 5075 εἰς
1861 5009 2032 5080 αὐτὴν

355 5109 599 5166 ἀνελθεῖν
637 5105 840 5178 δυνηθῇ
880 5105 977 5176 τὴν
1016 5104 1280 5177 κορυφήν.
1305 5101 1520 5174 Τῷγάρ
1541 5100 1684 5155 οὕτω
1702 5098 2031 5169 διακειμένῳ

360 5198 453 5251 καὶ
488 5195 558 5250 τὰ
588 5193 846 5248 δοκοῦντα
866 5189 1007 5246 εἶναι
1027 5191 1232 5263 φοϐερά
1251 5189 1392 5243 κατά
1408 5189 1499 5242 τὸν
1523 5187 1764 5259 παρόντα
1786 5186 1920 5257 βίον,
1942 5186 2032 5238 εὐ-

361 5283 750 5357 καταφρόνητα
769 5281 1000 5350 γίνεται,
1023 5279 1118 5333 καὶ
1135 5282 1163 5333 ὁ
1180 5277 1418 5342 τοιοῦτος
1454 5276 1579 5330 οὔτε
1602 5276 1754 5344 ξίφος
1773 5274 2031 5339 δέδοικεν,

359 5371 483 5425 οὔτε
518 5369 784 5442 κρημνὸν,
804 5366 926 5422 οὐτε
950 5366 1154 5437 θηρίων
1174 5365 1411 5429 ὀδόντας,
1432 5364 1493 5416 οὐ
1535 5363 1820 5433 βασάνους,
1843 5361 1902 5413 οὐ
1938 5360 2031 5432 δη-

365 5459 502 5529 μίων
542 5461 752 5529 χεῖρας,
774 5457 874 5510 οὐκ
911 5454 1041 5509 ἀλλο
1079 5472 1132 5507 τι
1165 5453 1276 5507 τῶν
1316 5451 1460 5506 κατά
1491 5453 1582 5505 τὸν
1605 5449 1716 5520 βίον
1735 5448 1998 5520 λυπηρῶν
2018 5467 2031 5478 ·

362 5545 497 5598 ἀλλὰ
534 5544 638 5597 κᾶν
678 5543 956 5614 ἄνθρακας
997 5541 1080 5612 ἴδῃ
1118 5536 1733 5610 ὐπεστορεσμένους,ώς
1764 5535 2039 5604 λειιμῶνας
2136 5529 2331 5589 κόντας
2368 5524 2456 5576 καὶ

1413 323 1478 376 ΙΝ
1518 323 1674 378 CAP.
1718 322 1787 376 ΙΧ
1819 320 2066 376 GENES.
2099 319 2335 375 HOMIL.
2369 318 2558 374 XXIX.

3633 305 3735 359 2m

2067 434 2166 505 τὴν
2186 434 2328 504 ὄψιν,
2349 434 2467 488 οὐδέ
2487 433 2891 504 ἐπιστρέφεται,
2911 435 2968 485 '0
2989 430 3096 503 γάρ
3115 430 3220 484 τῶν
3246 429 3545 500 μελλόντων
3575 429 3737 492 πόθος

2073 521 2401 591 μετέστησεν
2423 520 2589 574 αὐτοῦ
2609 521 2706 592 τὴν
2725 521 2981 584 διάνοιαν,
3003 519 3098 573 καί¹
3125 519 3200 582 ὼς
3219 516 3406 580 ἁπλῶς
3426 517 3518 568 καὶ
3538 515 3658 584 είκῆ
3678 517 3739 568 τὸ

2071 607 2231 678 σῶμα
2249 609 2650 679 περικείμενος,
2670 608 2842 672 οὕτως
2860 607 3128 678 ἀνώτερος
3148 605 3358 674 γίνεται
3389 602 3495 657 τῶν
3530 601 3739 667 παθῶν,

2071 694 2164 748 καὶ
2182 697 2248 765 τῇ
2270 695 2474 750 ἄνωθεν
2495 696 2676 768 χάριτι
2699 694 3101 767 φρουρούμενος
3119 694 3237 748 οὐδέ
3257 691 3507 761 αἴσθησιν
3525 690 3742 761 λαμϐά-

2071 799 2152 835 νει
2173 782 2280 836 τῶν
2301 782 2612 853 ἀλγηδόνων
2631 782 2738 836 τῶν
2762 781 3110 852 σωματικῶν.

2142 925 2232 978 Διὸ
2255 922 2578 994 παρακαλῶ,
2603 923 2669 976 ἵν’
2692 922 2927 985 εὐκόλως
2946 922 3072 985 τοὺς
3095 920 3234 974 κατά
3273 920 3371 988 τὴν
3408 919 3609 992 ἀρετὴν
3649 917 3745 972 πό-

2071 1028 2195 1074 νους
2214 1011 2459 1078 ἐνεγκεῖν
2477 1008 2817 1080 δυνηθῶμεν,
2840 1008 3006 1062 πολὺν
3029 1007 3116 1060 τὸν
3138 1006 3266 1078 περὶ
3285 1006 3374 1058 τὸν
3393 1006 3525 1057 Θεὸν
3547 1004 3747 1058 ἐπιδει-

2075 1097 2294 1168 ξώμεθα
2314 1097 2495 1162 πόθον,
2521 1097 2613 1150 καὶ
2633 1097 2748 1150 ἐκεῖ
2763 1095 2863 1166 τὴν
2883 1094 3121 1148 διάνοιαν
3152 1095 3184 1164 ἡ
3193 1093 3309 1163 μῶν
3339 1091 3614 1152 τείναντες
3641 1088 3747 1144 ὐπὸ

2078 1184 2303 1255 μηδενὸς
2338 1183 2444 1237 τῶν
2485 1184 2542 1236 ἐν
2579 1181 2657 1252 τῷ
2699 1182 2926 1252 παρόντι
2967 1180 3068 1250 βίῳ
3089 1180 3227 1252 πρὸς
3245 1178 3335 1231 τὸν
3355 1179 3529 1231 ἐκεῖσε
3549 1177 3748 1249 δρόμον

2077 1269 2582 1340 ὑποσκελιζώμεθα,
2606 1267 2744 1322 ἀλλὰ
2779 1268 2889 1321 τῶν
2934 1267 3239 1337 μελλόντων
3277 1264 3498 1332 ἀγαθῶν
3516 1263 3614 1334 τὴν
3634 1263 3751 1333 διη-

2077 1358 2205 1427 νεκῆ
2229 1356 2527 1410 ἀπόλαυσιν
2547 1354 2906 1424 λογιζόμενοι,
2929 1352 3106 1406 πάντα
3126 1350 3195 1405 τὰ
3215 1350 3437 1418 ἀλγεινά
3475 1349 3570 1403 τοῦ
3608 1367 3752 1419 παρ-

2077 1444 2229 1506 όντος
2249 1443 2365 1515 βίου
2403 1442 2594 1514 πράως
2615 1441 2894 1512 φέρωμεν,
2914 1441 3010 1494 καὶ
3035 1441 3171 1510 μήτε
3192 1437 3378 1504 ἀδοξία
3399 1438 3546 1508 ἡμᾶς
3565 1435 3753 1488 λυπεί-

2078 1551 2176 1598 τω,
2215 1533 2353 1602 μὴτε
2396 1531 2553 1585 πενία
2574 1530 2828 1595 πιεζέτω,
2857 1529 2994 1599 μήτε
3014 1529 3166 1590 νόσος
3188 1525 3440 1596 σώματος
3458 1524 3557 1594 τῆς
3575 1522 3754 1593 ψυχῆς

2079 1621 2140 1672 τὸ
2161 1619 2414 1689 φρόνημα
2435 1615 2733 1687 χαυνούτω,
2760 1616 2897 1685 μήτε
2917 1613 2976 1667 τὸ
2996 1611 3455 1682 καταφρονεῖσθαι
3477 1608 3626 1680 παρὰ
3645 1608 3754 1662 τῶν

2081 1705 2291 1760 πολλῶν
2333 1704 2429 1757 καὶ
2471 1701 2897 1767 ἐξευτελίζεσθαι
2937 1699 3329 1770 ὀκνηροτέρους
3370 1698 3500 1768 περὶ
3537 1697 3637 1767 τὴν
3655 1696 3756 1766 τῆς

2083 1794 2284 1865 ἀρετῆς
2322 1791 2660 1862 κατόρθωσιν
2701 1788 3125 1859 ἀπεργαζέσθω·
3169 1786 3306 1840 ἀλλά
3348 1787 3524 1840 πάντα
3561 1784 3755 1849 ταῦτα,

2083 1881 2272 1954 ῶσπερ
2312 1881 2480 1944 κόνιν,
2501 1877 2975 1948 ἀποτιναξάμενοι,
3010 1875 3103 1929 καὶ
3141 1877 3386 1944 γενναῖον
3424 1874 3520 1926 καὶ
3557 1871 3758 1942 ὑψηλὸν

2086 1971 2342 2041 φρόνημα
2361 1967 2744 2032 ἀναλαϐόντες,
2765 1965 2906 2018 οὕτω
2926 1963 3062 2036 πρὸς
3083 1963 3296 2018 ἅπαντα
3317 1961 3518 2034 πολλὴν
3542 1960 3640 2032 τὴν
3660 1960 3757 2013 ἀν-

2085 2057 2270 2128 δρείαν
2306 2053 2721 2121 ἐπιδειξώμεθα,
2742 2053 2837 2106 καὶ
2878 2051 3126 2121 καθάπερ
3146 2050 3271 2120 χθὲς
3291 2048 3640 2120 παρεκάλεσα
3662 2048 3760 2117 τὴν

2088 2144 2360 2216 ὑμετέραν
2397 2142 2638 2213 ἀγάπην,
2671 2141 2770 2203 τὰς
2807 2138 2946 2210 πρὸς
2987 2138 3111 2201 τοὺς
3151 2136 3376 2207 ἐχθροὺς
3415 2134 3761 2202 καταλλαγὰς

2091 2233 2230 2304 μετά
2249 2231 2449 2301 πολλῆς
2489 2230 2591 2298 τῆς
2630 2228 2865 2298 σπουδῆς
2887 2224 3260 2296 ποιησώμεθα,
3281 2224 3374 2276 καὶ
3393 2222 3461 2275 τὰ
3480 2221 3641 2275 λοιπά
3662 2220 3760 2290 τῆς

2087 2319 2268 2390 ψυχῆς
2309 2317 2455 2388 πάθη
2497 2315 2832 2385 ἐξορίσωμεν
2875 2314 2976 2383 τῆς
3015 2310 3326 2381 ὴμετέρας’
3369 2308 3472 2361 κᾶν
3497 2307 3762 2376 ἐπιθυμία

2089 2407 2287 2469 ἄτοπος
2325 2404 2536 2475 ἐνοχλῇ,
2571 2402 2774 2470 ταύτην
2817 2398 3239 2470 φυγαδεύωμεν·
3279 2395 3380 2449 κᾶν
3419 2395 3588 2464 θυμὸς
3627 2393 3763 2464 πρὸς

2089 2495 2258 2565 ὀργὴν
2294 2492 2553 2562 διεγείρῃ,
2577 2486 3026 2556 καταστέλλωμεν
3065 2485 3165 2554 τὴν
3201 2481 3509 2552 φλεγμονὴν
3546 2483 3610 2551 τῇ
3650 2479 3763 2551 ᾠδῇ

2091 2579 2201 2633 τῶν
2243 2575 2623 2650 πνευματικῶν
2662 2571 3061 2645 παραινέσεων,
3083 2568 3389 2632 δεικνύντες
3426 2566 3520 2620 τοῦ
3561 2565 3764 2628 πάθους

2089 2668 2184 2720 τὸν
2221 2665 2456 2735 ὄλεθρον.
2489 2663 2668 2730 Ἀνὴρ
2700 2661 2828 2732 γὰρ,
2868 2657 3022 2729 φησὶ,
3058 2655 3352 2727 θυμώδης,
3390 2656 3502 2709 οὐκ
3542 2652 3768 2721 εὐσχή-

2095 2771 2223 2824 μων
2237 2770 2252 2784 ·
2291 2753 2383 2806 καὶ
2419 2751 2583 2803 πάλιν
2603 2766 2616 2780 ·
2653 2748 2707 2800 Ὁ
2730 2746 3101 2815 ὀργιζόμενος
3120 2743 3200 2810 τῷ
3219 2741 3461 2810 ἁδελφῴ
3480 2741 3665 2794 αὐτοῦ
3685 2742 3764 2792 εί-

2097 2840 2196 2908 κῆ,
2217 2840 2427 2908 ἔνοχος
2443 2837 2612 2890 ἔσται
2633 2837 2720 2900 εἰς
2741 2834 2855 2902 τὴν
2874 2831 3126 2903 γέενναν
3145 2831 3251 2884 τοῦ
3270 2830 3479 2897 πηρός.
3498 2827 3617 2880 Κᾶν
3636 2843 3769 2897 χρη-

2100 2928 2287 2998 μάτων
2324 2923 2585 2994 ὲπιθυμία
2617 2921 2866 2992 ταράσσῃ
2886 2920 2976 2973 τὸν
2995 2917 3274 2987 λογισμὸν,
3297 2915 3517 2985 φεύγειν
3541 2913 3770 2998 σπουδά-

2099 2996 2280 3083 ζωμεν
2315 3010 2412 3080 τὴν
2446 3007 2694 3079 ὀλεθρίαν
2731 3005 2938 3075 ταύτην
2976 3003 3292 3074 λύμην,καὶ
3331 3000 3582 3069 καθάπερ
3617 2996 3770 3068 ῥίζαν

2095 3100 2205 3153 τῶν
2246 3096 2430 3151 κακῶν
2468 3096 2721 3149 ἁπάντων
2761 3092 3134 3162 ἐκτέμνωμεν.
3159 3089 3268 3142 Καὶ
3305 3088 3534 3140 ’ἑκαστον
3571 3085 3628 3138 δέ
3662 3083 3774 3137 τῶν

2099 3186 2459 3258 ἐνοχλούντων
2493 3186 2624 3255 ἡμῖν
2662 3180 2850 3235 παθῶν
2869 3176 3114 3250 διορθοῦν
3137 3175 3546 3244 σπουδᾶζωμεν,
3571 3172 3658 3225 ἵνα
3678 3170 3775 3224 καὶ

2100 3276 2209 3330 τῶν
2231 3274 2508 3346 βλαϐερῶν
2529 3272 2879 3341 ἀπεχόμενοι,
2901 3265 3111 3330 καὶτὰς
3132 3263 3340 3332 ἀγαθὰς
3364 3261 3591 3333 πράξεις
3615 3275 3776 3329 μετα-

2102 3363 2408 3427 διώκοντες,
2429 3358 2745 3431 δυνηθῶμεν
2779 3355 2920 3409 κατά
2955 3355 3054 3426 τὴν
3091 3353 3305 3424 ἡμέραν
3327 3349 3540 3418 ἐκείνην
3558 3347 3657 3417 τὴν
3680 3362 3776 3414 φο-

2104 3449 2272 3521 ϐερὰν
2287 3449 2385 3519 τῆς
2404 3446 2554 3516 παρά
2573 3444 2666 3499 τοῦ
2679 3441 2812 3497 Θεοῦ
2829 3439 3237 3512 φιλανθρωπίας
3259 3434 3578 3505 ἀξιωθῆναι,
3592 3432 3776 3521 χάριτι

2105 3539 2200 3591 καὶ
2237 3537 2538 3606 οἰκτιρμοῖς
2575 3532 2669 3586 τοῦ
2716 3527 3038 3600 μονογενοῦς
3076 3524 3242 3579 αὐτοῦ
3283 3521 3434 3587 Υἱοῦ,
3463 3521 3580 3592 μεθ’
3600 3514 3662 3574 οὗ
3699 3518 3779 3589 τῷ

2107 3624 2302 3695 Πατρὶ,
2325 3604 2438 3692 ἅμα
2475 3618 2554 3689 τῷ
2592 3617 2732 3688 ἁγίῳ
2777 3615 3075 3684 Πνεύματι,
3095 3611 3242 3674 δόξα,
3265 3610 3487 3680 κράτος,
3509 3607 3665 3695 τιμὴ,
3685 3604 3782 3660 νῦν

2108 3711 2202 3764 καὶ
2221 3693 2329 3773 ἀεὶ,
2351 3706 2444 3760 κα)⁵
2464 3706 2544 3768 εἰς
2561 3705 2685 3766 τοὺς
2708 3701 2910 3764 αἰῶνας
2925 3699 3034 3752 τῶν
3055 3696 3288 3752 αἰώνων.
3306 3696 3498 3765 Ἀμήν.
3607 3693 3610 3696 ’

2565 3875 2810 3931 OMIAIA
2846 3872 2975 3928 κει.
3002 3870 3152 3941 [279]

2113 4037 2222 4094 Καὶ
2244 4035 2466 4105 ἤρξατο
2486 4031 2612 4105 N568
2633 4029 2938 4105 ἅνθρωπος
2961 4023 3215 4105 γεωργὸς
3253 4021 3386 4105 τῆς,
3405 4019 3504 4073 καὶ
3532 4018 3786 4105 .6532}??-

2184 4089 2296 4161 ἀέὶῖ
2317 4089 2658 4174 ἀμπελῶνα,
2682 4089 2780 4153 καὶ
2815 4089 2986 4152 ἔπιεν
3005 4089 3083 4150 ἐκ
3106 4089 3212 4148 τοῦ
3235 4089 3422 4156 οἴνου,
3450 4089 3545 4142 καί
3574 4089 3784 4159 ἐμεθύ-

2186 4180 2304 4244 σθη
2314 4215 2326 4228 .

2187 4308 2254 4354 α’.
2278 4299 2419 4370 Πρὸς
2437 4296 2497 4349 τὸ
2517 4295 2667 4358 τέλος
2687 4292 2871 4345 λοιπὸν
2893 4290 2990 4359 ἐφθ
3000 4290 3104 4342 άσα
3113 4307 3209 4358 μεν
3222 4290 3318 4358 τῆς
3331 4284 3470 4338 κατά
3483 4283 3571 4337 τὸν
3583 4281 3790 4336 δίκαιον

2118 4387 2426 4447 ὑποθέσεως
2449 4402 2461 4414 ·
2486 4383 2587 4444 διὸ,
2611 4379 2931 4452 παρακαλῶ,
2959 4376 3263 4430 συντείνατέ
3289 4391 3378 4443 μοι
3397 4372 3495 4443 τὴν
3528 4369 3788 4434 διάνοιαν,

2118 4477 2212 4530 καὶ
2248 4473 2385 4544 μετὰ
2417 4470 2700 4540 ἀκριϐείας
2732 4465 3024 4538 προσέχετε
3042 4465 3153 4527 τοῖς
3175 4460 3505 4532 λεγομένοις.
3528 4457 3661 4512 Οὐδέ
3681 4456 3792 4528 γὰρ

2125 4543 2316 4636 μικρὰ,
2339 4559 2458 4614 οὐδέ
2479 4557 2544 4611 τὰ
2564 4555 2792 4626 τυχόντα
2813 4553 2930 4606 ἐστὶ
2950 4549 3345 4622 καρπώσασθαι
3367 4548 3458 4599 καὶ
3479 4547 3542 4598 ἐκ
3562 4543 3668 4597 τῶν
3693 4545 3793 4613 σή-

2127 4633 2288 4727 μερον
2309 4647 2734 4720 ἀνεγνωσμένων
2749 4662 2764 4676 °
2781 4645 2848 4697 τὰ
2865 4643 2972 4714 γάρ
2991 4645 3098 4705 τοῖς
3121 4639 3369 4701 παλαιοῖς
3389 4633 3792 4706 συμϐεϐηκότα,

2124 4720 2173 4796 ὲι
2196 4720 2516 4812 βουλοίμεθα
2533 4737 2748 4807 νήφειν,
2773 4731 3034 4803 μεγίστης
3054 4730 3186 4800 ἡμῖν
3219 4723 3566 4812 διδασκαλίας
3600 4720 3796 4812 ὑπόθε-

2127 4804 2209 4892 σις
2227 4804 2437 4897 γίνεται
2480 4804 2704 4893 Διὰ-γὰρ
2724 4819 2881 4874 τοῦτο
2901 4819 2961 4870 οὐ
2987 4818 3145 4886 μόνον
3164 4816 3234 4866 τὰ
3253 4807 3655 4880 κατορθώματα
3686 4804 3798 4858 τῶν
3829 4845 3840 4859 .

2125 4892 2296 4985 ἁγίων
2336 4892 2822 4984 γέγραπται,νάλλά
2859 4907 2954 4958 καὶ
2989 4903 3060 4956 τὰ
3092 4900 3482 4985 ἁμαρτήματα,
3505 4894 3591 4985 ῖνα
3609 4892 3799 4985 τὰ.

2128 4977 2526 5074 φεύγωμεν-,τὰ
2562 4997 2618 5049 δέ
2657 4993 3020 5063 ζηλὼσωμεν·
3059 4987 3152 5040 καὶ
3188 4985 3249 5037 οὐ
3284 4982 3440 5035 τοῦτο
3463 4981 3639 5051 μόνον,
3664 4977 3801 5033 ἀλλὰ

2127 5067 2364 5147 δείκνυσί
2387 5105 2468 5142 σοι
2486 5087 2521 5156 ὴ
2542 5084 2660 5136 θεία
2680 5080 2872 5152 Γραφὴ
2905 5077 2999 5131 καὶ
3031 5073 3271 5136 δικαίους
3295 5069 3554 5132 πολλάκις
3573 5067 3800 5156 σφαλέν-

2128 5197 2248 5243 τας,
2271 5177 2367 5231 καὶ
2402 5154 2760 5245 ἁμαρτωλοὺς
2792 5165 2992 5235 πολλὴν
3015 5159 3315 5234 μεταϐολὴν
3335 5154 3798 5245 ἐπιδειξαμένους,

2132 5241 2221 5322 ἵνα
2256 5241 2594 5332 ἑκατέρωθεν
2633 5254 2910 5327 ἀρκοῦσαν
2947 5248 3228 5320 δεξώμεθα
3247 5248 3344 5318 τὴν
3363 5243 3680 5314 ἀσφάλειαν,
3706 5241 3802 5332 καὶ

2138 5356 2274 5426 μήτε
2289 5354 2316 5406 ὁ
2331 5328 2501 5410 έστῶς
2518 5346 2694 5416 θαρρῇ
2709 5341 2848 5413 ὁρῶν
2863 5337 3204 5399 καὶδικαίους
3224 5350 3431 5389 καταπε
3440 5331 3648 5393 σόντας,
3665 5328 3800 5398 μήτε

2133 5417 2210 5494 δι).
2239 5442 2296 5492 ἐν
2328 5435 2715 5508 ἁμαρτήμασιν
2734 5428 2808 5482 ὣν
2829 5423 3165 5496 ἀπαγορεύῃ,
3192 5421 3313 5476 ἰδὼν
3334 5419 3558 5479 πολλοὺς
3578 5417 3802 5508 ἀνενεγ-

2499 5499 2631 5591 πρὸς
2656 5517 2823 5586 αὐτὴν
2843 5513 2940 5584 τὴν
2960 5513 3133 5581 ἄκραν
3154 5507 3397 5579 κορυφὴν
3420 5504 3618 5591 φθάσαι
3639 5499 3802 5591 δυνη-

363 5582 497 5598 wn...
537 5582 635 5597 ηρ,
678 5582 953 5614 ...Νίκης
997 5582 1080 5612 ,νη
1122 5582 1638 5610 -..ηατημνηπ
1661 5582 1730 5598 --,
1765 5582 1933 5604 ---τη
1953 5582 2036 5597 ---,
2312 5582 2327 5589 -
2544 5582 2555 5591 .
2781 5582 2792 5586 _
2899 5582 2908 5584 ν
3751 5582 3762 5596 ,

363 5631 501 5702 ὁρῶν
524 5631 618 5683 καὶ
640 5629 1018 5702 παραδείσους,
1039 5627 1212 5690 οὕτως
1233 5625 1472 5696 ἐπιπηδᾷ
1487 5641 1498 5655 ·
1528 5623 1633 5676 κᾶν
1652 5623 1837 5692 ἕτερόν
1859 5640 1910 5673 τι
1929 5620 2039 5673 τῶν
2138 5615 2349 5675 θέντας.
2371 5609 2573 5678 Μηδεὶς
2609 5605 2808 5665 τοίνυν,
2833 5599 3149 5671 παρακαλῶ,
3185 5595 3302 5702 κᾶν
3324 5590 3493 5702 πολλα
3531 5582 3804 5702 κατιὲρθωο

2325 5699 2336 5702 -
2461 5697 2484 5702 .-
2683 5692 2704 5702 λ
2719 5691 2730 5702 ι
2804 5687 2827 5702 τ
2881 5689 2905 5702 Λ
2963 5690 2974 5702 ο
3001 5690 3012 5702 ι
3059 5686 3068 5699 Ι
3198 5681 3245 5702 27⁸.
3351 5686 3606 5702 -....n.n.anr
3674 5683 3785 5702 ητιιὶ

367 5717 735 5788 κνλαστηρίων
779 5712 917 5781 εἶδος
955 5717 1296 5788 ἐπαγόμενον
1317 5713 1597 5780 θεάσηται,
1623 5712 1680 5763 οὐ
1705 5729 1766 5763 να
1777 5711 1878 5780 ρκᾷ
1904 5709 2036 5780 πρὸς

430 5899 443 5921 ³
475 5899 689 5956 Quatuor
715 5908 826 5944 mss.
865 5895 1101 5943 ἁπάντων.

2147 5718 2288 5772 ματα
2320 5697 2496 5768 ἐαυτῷ
2530 5691 2780 5754 συνειδὼς
2800 5687 2855 5762 ᾖ,
2880 5686 3166 5758 θαρρείτω,
3190 5680 3302 5736 ἀλλ’
3322 5671 3606 5742 ἐναγώνιος
3642 5666 3806 5730 ἔστω,

2205 5875 2233 5917 b
2269 5875 2491 5935 Quinque
2516 5883 2630 5920 mss.
2645 5865 2722 5916 καὶ
2746 5867 2788 5914 ό.
