4066 6140
413 266 511 324 261

414 397 557 437 setas
579 421 594 445 .
623 380 973 438 conﬁdentior
1008 381 1109 449 sit,
1154 381 1249 439 sed
1277 382 1467 439 anxius
1494 383 1584 450 sit,
1611 392 1666 438 et
1699 382 1994 436 sollicitus:

413 482 468 527 et
497 471 679 527 audiat
708 473 918 527 beatum
950 473 1170 529 Paulum
1210 473 1588 530 admonentem
1612 481 1667 530 et
1693 474 1955 529 dicentem
1980 514 1996 541 ,

417 563 519 629 Qui
541 574 676 617 stare
697 564 793 618 sibi
813 566 1027 631 videtur,
1051 566 1218 619 videat
1254 583 1318 621 ne
1350 567 1498 621 cadat
1523 567 1597 637 (I.
1624 564 1743 621 Cor.
1774 565 1859 622 IO.
1885 565 1996 637 li);

414 654 590 708 nullus
618 655 764 720 item,
792 651 960 725 qtti'in
991 657 1307 725 profundum
1337 656 1506 727 ipsum
1537 656 1751 711 malitiae
1776 655 2004 711 descen-

413 747 549 801 derit
576 789 589 809 ,
614 747 801 802 salutis
825 764 935 802 sna:
966 763 1114 814 spem
1145 748 1359 818 abjiciat
1381 789 1396 814 ,
1424 747 1515 803 sed
1546 747 1864 802 ineffabilem
1904 746 1999 802 Dei

414 839 830 893 misericordiam
876 841 1151 911 cogitans,
1203 840 1383 895 audiat
1438 840 1628 895 iterum
1685 840 1850 895 Deum
1906 855 2000 909 per

414 929 724 998 prophetam
756 931 1020 985 dicentem
1048 948 1063 984 :
1110 929 1367 1002 Numqui
1405 931 1568 995 cadit,
1601 948 1703 985 non
1742 931 1999 1001 resurgit;

409 1033 458 1076 et
480 1023 565 1093 qui
591 1024 766 1077 avertit
795 1040 867 1088 se,
896 1040 994 1077 non
1020 1025 1281 1078 revertitur
1313 1022 1444 1093 (Jer.
1473 1024 1525 1079 8.
1554 1023 1611 1095 4)
1634 1024 1656 1078 ?
1677 1032 1731 1079 et
1761 1024 1951 1078 iterum
1976 1064 1994 1089 ,

413 1111 467 1166 Ν
471 1114 553 1167 olo
590 1122 800 1167 mortem
843 1115 1134 1182 peccatoris,
1174 1115 1305 1168 sicut
1350 1115 1570 1168 converti
1606 1130 1719 1168 eum
1751 1123 1800 1168 et
1838 1114 1998 1168 vivere

410 1203 624 1270 (Ezech.
673 1204 760 1259 18.
804 1205 913 1274 25).
967 1204 1179 1269 Vidisti,
1224 1205 1441 1272 dilecte,
1481 1206 1659 1260 onmia
1704 1206 1757 1260 in
1800 1205 1996 1260 divinis

406 1295 696 1365 Scripturis
721 1296 916 1366 scripta
938 1338 951 1360 ,
978 1312 1084 1352 non
1115 1297 1217 1351 alia
1237 1297 1306 1351 de
1329 1311 1491 1352 causa
1532 1297 1802 1354 memoria!
1832 1296 1995 1350 fuisse

410 1389 621 1451 tradita,
652 1405 809 1458 quam
841 1398 1057 1458 propter
1085 1401 1321 1444 nostram
1354 1388 1657 1453 utilitatem,
1690 1396 1746 1442 et
1775 1386 1993 1441 humani

405 1482 618 1550 generis
665 1482 931 1536 salutem?
961 1482 1083 1536 llaec
1125 1496 1302 1537 secum
1347 1480 1574 1551 quisque
1620 1490 1860 1534 nostrum
1900 1493 1990 1534 ex-

408 1572 639 1641 pendat,
668 1573 883 1643 suisque
921 1588 1152 1643 congrua
1178 1573 1483 1627 vulneribus
1511 1571 1795 1641 phartnaca
1825 1571 1996 1639 impo-

406 1673 518 1718 nat.
544 1661 668 1717 Ideo
691 1663 832 1716 enim
879 1662 1079 1718 haecad
1123 1662 1326 1716 libitum
1369 1661 1617 1716 omnibus
1653 1668 1779 1715 sunt
1802 1675 1995 1729 propn-

403 1756 522 1820 sita,
572 1766 626 1809 et
677 1756 800 1810 licet
850 1756 1048 1828 volenti
1089 1755 1414 1810 conveniens
1464 1754 1575 1809 suis
1623 1752 1992 1808 affectionibus

403 1846 695 1900 remedium
740 1860 1030 1915 apponere,
1071 1854 1125 1901 et
1161 1845 1441 1900 sanitatem
1484 1844 1728 1915 accipere
1773 1844 1993 1899 celerri-

404 1953 543 1991 tnatn
567 1978 584 2003 ,
614 1946 816 2003 tantum
848 1936 1124 1992 medicinae
1148 1952 1331 1992 curam
1363 1952 1430 1992 ne
1465 1938 1584 2007 quis
1608 1936 1815 2006 rejiciat
1835 1974 1850 2000 ,
1894 1935 1988 1990 sed

403 2039 613 2097 gratum
658 2043 811 2081 suum
853 2028 1102 2083 exhibeat
1146 2027 1583 2082 auimum.Nulla
1622 2027 1763 2082 enim
1806 2036 1891 2081 est
1935 2027 1988 2082 in

404 2120 631 2175 btmtana
654 2130 843 2175 natura
870 2121 949 2176 vel
975 2122 1214 2190 corporis
1239 2121 1324 2175 vel
1350 2121 1542 2175 animae
1569 2119 1849 2191 aegritudo,
1869 2133 1989 2188 qua:

404 2212 720 2267 medicinam
772 2213 895 2267 hinc
941 2213 1184 2282 accipere
1220 2219 1466 2283 nequeat.
1498 2198 1825 2277 Quomodo?
1863 2210 1986 2277 dic,

402 2303 647 2358 obsecro.
692 2302 989 2373 Ingreditur
1012 2302 1129 2374 quis
1171 2303 1275 2357 huc
1314 2302 1525 2358 tristitia
1556 2313 1612 2357 et
1653 2301 1988 2371 negotiorum

402 2393 758 2448 sollicitudine
785 2404 1034 2449 oneratus
1055 2434 1071 2460 ,
1100 2403 1154 2448 et
1177 2395 1449 2465 ingressus
1475 2393 1579 2447 huc
1602 2433 1618 2459 ,
1658 2393 1727 2447 ita
1757 2407 1988 2447 maerore

401 2486 662 2552 obrutus,
718 2486 896 2540 statim
950 2494 1008 2540 ut
1055 2485 1256 2540 audivit
1302 2484 1616 2555 prophetam
1670 2484 1984 2539 dicentem:

408 2576 575 2642 Quare
599 2577 752 2631 tristis
778 2593 861 2639 es,
895 2577 1065 2629 anima
1104 2593 1245 2642 mea,
1278 2586 1323 2630 et
1367 2592 1525 2647 quare
1558 2574 1826 2630 conturbas
1865 2576 1987 2631 me?

402 2668 568 2738 Spera
596 2669 648 2722 in
678 2667 837 2722 Deum
857 2710 871 2734 ,
899 2668 1135 2738 quoniam
1164 2668 1434 2736 conﬁtebor
1463 2668 1510 2722 ei
1530 2683 1551 2722 :
1577 2667 1796 2722 salutare
1823 2667 1989 2721 vultus

399 2762 513 2825 mei,
536 2772 582 2817 et
617 2760 749 2815 Deus
777 2777 915 2815 meus
943 2759 1111 2833 (Psal.
1140 2763 1229 2815 41.
1257 2761 1403 2831 6.7);
1434 2759 1720 2815 sufﬁcienti
1746 2760 1989 2814 consola-

401 2856 546 2911 tione
573 2863 819 2924 suscepta
851 2854 981 2918 abit,
1009 2861 1064 2909 et
1089 2868 1301 2908 omnem
1329 2853 1473 2908 illam
1499 2852 1694 2906 mentis
1715 2850 1985 2906 tristitiam

399 2948 617 3004 excutit.
668 2948 817 3001 Alius
862 2949 1009 3010 item,
1052 2947 1140 3017 qui
1187 2955 1423 3001 extrema
1469 2945 1726 3016 premitur
1768 2942 1985 3013 inopia,

398 3039 654 3109 gravatim
681 3038 781 3093 fert
814 3048 867 3092 et
893 3048 1102 3100 tlltBt‘el,
1135 3036 1320 3091 videns
1346 3035 1481 3090 alios
1503 3035 1707 3089 divitiis
1727 3032 1948 3089 afﬂuere
1966 3071 1982 3096 ,

400 3140 456 3184 et
480 3130 630 3184 valde
659 3128 853 3195 inﬂari,
884 3143 1180 3198 magnoque
1203 3136 1457 3197 apparatu
1483 3135 1537 3181 et
1565 3141 1754 3197 pompa
1776 3125 1981 3195 stipari.

402 3221 562 3275 Audit
589 3236 620 3277 e
675 3222 761 3276 hic
786 3221 1034 3277 eumdem
1069 3220 1380 3290 prophetam
1411 3220 1676 3273 dicentem
1707 3237 1719 3271 :
1752 3217 1904 3271 Jacta
1932 3217 1986 3270 in

401 3313 674 3368 Dominum
713 3330 888 3367 curam
926 3324 1100 3379 tuam,
1129 3324 1177 3366 et
1221 3313 1328 3382 ipse
1366 3321 1413 3365 te
1439 3312 1648 3365 enutrict
1685 3309 1850 3380 (Psal.
1891 3310 1981 3364 54.

397 3406 524 3476 23);
559 3419 612 3461 et
652 3407 877 3461 iterum:
912 3404 994 3459 Ne
1031 3406 1207 3459 timeas
1243 3420 1357 3457 cum
1394 3405 1581 3456 ditatus
1608 3402 1758 3472 fuerit
1794 3406 1942 3454 homo
1966 3440 1981 3463 ,

396 3497 477 3552 vel
499 3516 611 3553 cum
640 3499 973 3569 multiplicata
1002 3498 1150 3566 fuerit
1178 3497 1340 3567 gloria
1368 3496 1547 3549 domus
1571 3495 1682 3564 ejus
1706 3511 1723 3548 :
1747 3495 1984 3564 quoniam

396 3607 510 3643 cum
524 3590 784 3652 interierit,
819 3606 918 3643 non
951 3598 1110 3641 stmtet
1131 3587 1299 3641 omnia
1324 3586 1493 3659 (Psal.
1522 3586 1610 3640 48.
1634 3586 1718 3639 17.
1754 3585 1862 3651 18).
1893 3584 1984 3636 Est

398 3688 455 3734 ct
488 3679 624 3734 alius
666 3695 874 3749 quoque
914 3679 1005 3748 qui
1047 3679 1264 3733 insidias
1305 3686 1357 3731 et
1388 3677 1678 3731 calumnias
1716 3675 1985 3728 sustinens

399 3771 566 3831 dolet,
594 3779 647 3825 et
684 3771 952 3824 insuavem
984 3779 1128 3838 putat
1168 3769 1360 3832 vitam,
1394 3781 1650 3835 nnSquatn
1693 3764 1981 3817 humanum

402 3860 639 3915 invenire
684 3860 866 3916 valens
903 3861 1177 3915 auxilium.
1210 3860 1440 3914 Docetur
1473 3867 1527 3913 et
1556 3857 1643 3910 hic
1680 3856 1747 3909 ab
1793 3853 1982 3909 eodem

400 3954 556 4009 beato
584 3953 840 4024 propheta
870 3954 923 4007 in
955 3954 1149 4008 talibus
1175 3952 1432 4022 angustiis
1462 3966 1566 4004 tton
1602 3948 1666 4001 ad
1695 3948 1982 4001 humanum

399 4047 703 4117 praesidium
741 4045 1189 4115 confugiendum:
1238 4043 1387 4097 audit
1423 4040 1563 4096 enim
1596 4041 1764 4108 ipsum
1802 4037 1983 4092 dicen-

401 4150 509 4192 tem
532 4155 546 4192 :
579 4136 607 4190 1
612 4140 691 4207 psi
718 4136 1041 4190 detrahebant
1066 4134 1224 4201 mihi,
1253 4148 1346 4204 ego
1371 4141 1538 4186 autem
1566 4130 1772 4185 orabam
1807 4124 1978 4198 (Psal.

398 4229 520 4285 tos.
551 4228 626 4299 4).

467 4320 653 4376 Preces
700 4320 870 4374 omnia
926 4319 1054 4374 levia
1107 4328 1154 4372 et
1207 4316 1380 4386 facilia
1427 4314 1666 4369 reddunt.
1702 4309 1978 4365 —Vidisti

395 4415 538 4470 unde
561 4423 765 4484 qua-rat
798 4412 1094 4467 auxilium?
1123 4411 1226 4465 Alii
1251 4452 1267 4477 ,
1298 4409 1465 4479 inquit
1489 4449 1503 4473 ,
1530 4406 1683 4461 dolos
1718 4411 1980 4460 consuuttt

395 4515 450 4562 et
474 4506 768 4561 calumnias
798 4505 1157 4573 insidiasque:
1199 4517 1298 4572 ego
1339 4509 1517 4555 autem
1548 4497 1614 4551 ad
1652 4497 1979 4566 inexpugna-

396 4596 557 4652 bilem
585 4612 795 4652 murum
825 4595 1102 4665 confugio,
1135 4593 1200 4648 ad
1230 4602 1392 4646 tutam
1422 4590 1730 4654 anchoratn,
1757 4586 1823 4641 ad
1858 4601 1980 4654 por-

399 4697 508 4741 tum
539 4687 790 4742 ﬂuctuum
812 4697 1109 4758 expertem,
1137 4685 1202 4739 ad
1236 4699 1440 4754 preces,
1471 4683 1704 4751 inquam,
1733 4693 1829 4748 per
1848 4690 1980 4746 quas

397 4776 575 4829 omnia
594 4775 828 4833 difﬁcilia
850 4779 980 4832 levia
1003 4787 1057 4833 et
1073 4777 1241 4831 facilia
1266 4775 1392 4829 milti
1424 4774 1572 4826 ﬁunt.
1599 4770 1817 4836 Insuper
1844 4768 1979 4821 alius

395 4866 465 4922 ab
479 4867 638 4936 iiSqui
656 4869 802 4936 prius
819 4870 914 4937 ipsi
929 4867 1316 4930 ministrabant,
1333 4856 1982 4933 desilit-iturt-tcontemni-

397 4968 500 5022 tur,
531 4969 690 5029 atque
710 4959 778 5012 ab
797 4959 978 5013 amicis
1003 4959 1336 5027 relinquitur,
1368 4965 1421 5011 et
1442 4956 1542 5010 hoc
1561 4964 1641 5010 est
1670 4953 1810 5025 quod
1834 4969 1980 5008 men-

397 5060 503 5105 tem
530 5049 645 5118 ejus
675 5050 905 5105 maxime
927 5051 1207 5105 conturbat
1229 5059 1284 5105 et
1303 5048 1598 5105 confundit.
1623 5048 1727 5103 Sed
1749 5058 1801 5104 et
1824 5047 1909 5103 hic
1931 5047 1977 5102 si

397 5143 644 5209 voluerit,
669 5142 771 5197 huc
793 5142 1053 5198 accedens
1070 5143 1247 5198 audiet
1274 5145 1482 5197 beatum
1507 5143 1654 5196 illum
1676 5142 1974 5196 dicentem:

397 5234 556 5287 Amici
584 5234 682 5286 mei
711 5242 757 5287 et
784 5234 1001 5301 proximi
1023 5234 1120 5285 mei
1149 5233 1413 5305 aduersum
1440 5249 1516 5286 me
1540 5232 1977 5301 apprOpiuquaue-

392 5338 513 5381 runt
535 5335 580 5381 et
603 5333 860 5381 steterunt.
894 5323 962 5378 Et
1001 5326 1089 5393 qui
1125 5327 1267 5391 iuxta
1301 5341 1377 5378 me
1402 5335 1544 5379 erant
1581 5340 1612 5375 a
1642 5323 1788 5392 longe
1827 5331 1972 5375 stete-

392 5426 534 5482 ruut,
565 5426 613 5471 et
636 5418 736 5471 vim
759 5418 1008 5489 faciebant
1037 5417 1123 5481 qui
1145 5418 1429 5487 quaerebant
1455 5415 1675 5469 animam
1706 5430 1867 5466 meam
1883 5428 1903 5465 :
1931 5420 1978 5464 et

392 5507 479 5576 qui
503 5509 788 5576 qucrebant
814 5510 950 5561 male
977 5506 1099 5560 mihi
1117 5549 1131 5572 ,
1160 5507 1350 5576 loquuti
1368 5515 1484 5559 sunt
1507 5504 1748 5556 vanitates
1766 5544 1779 5566 ,
1807 5511 1852 5557 et
1881 5501 1977 5555 do-

396 5598 473 5650 los
513 5606 617 5650 tota
658 5599 741 5652 die
778 5597 1149 5652 meditabantur
1204 5595 1375 5663 (Psal.
1403 5596 1491 5652 '57.
1526 5594 1610 5648 12.
1641 5594 1752 5663 15).
1789 5590 2005 5657 Vidisti.

400 5701 666 5748 struentes
693 5691 911 5747 insidias
939 5708 1103 5762 usque
1134 5691 1199 5746 ad
1227 5700 1449 5747 mortem
1483 5692 1684 5761 ipsam,
1714 5698 1766 5741 et
1789 5701 1973 5756 perpe-

1493 265 1557 322 ΙΝ
1584 265 1733 323 ΟΜ).
1780 262 1872 318 IX.
1911 256 2152 316 GENES.
2194 258 2424 319 llOMIL.
2470 265 2657 325 XXIX.

3586 282 3688 336 26%

2117 385 2259 432 tuum
2286 378 2481 436 bellant
2511 385 2802 454 gerentes?
2827 386 2960 442 Nam
2984 387 3085 445 hoc
3111 390 3306 448 indicat
3324 433 3340 461 ,
3380 410 3499 451 cum
3520 400 3643 454 dicit
3671 421 3686 457 :

2109 469 2238 563 Tota
2256 474 2339 527 die
2356 476 2741 545 meditabantur,
2763 480 2886 550 quia
2908 497 3003 551 per
3023 491 3185 540 totam
3206 487 3385 542 vitam.
3408 488 3542 557 Quid
3564 510 3689 563 ergo

2109 559 2196 650 ille
2221 561 2453 631 interim,
2479 565 2602 620 dunt
2629 567 3004 626 insidiarentur
3029 583 3083 628 et
3103 575 3438 643 molirentur,
3469 559 3689 650 agebat?

2108 649 2220 723 Ego
2249 663 2414 709 autem
2433 696 2448 720 ,
2478 657 2674 728 inquit,
2705 662 2851 732 quasi
2877 663 3060 717 surdus
3086 681 3186 719 non
3213 668 3426 722 audiens
3444 710 3458 734 ,
3486 649 3534 724 et
3558 673 3688 725 sicut

2107 756 2274 800 mutus
2296 763 2398 801 non
2426 752 2656 821 aperiens
2675 769 2731 806 os
2755 770 2941 821 suum;
2971 766 3017 811 et
3046 761 3210 828 factus
3233 777 3346 815 sum
3368 764 3498 817 sicut
3536 766 3685 820 homo

2106 850 2205 888 non
2243 837 2488 905 audiens,
2519 851 2567 894 et
2601 858 2701 895 non
2741 843 2929 899 habens
2970 847 3023 901 in
3063 864 3147 902 ore
3173 866 3265 904 suo
3306 854 3688 925 redargutioaes

2106 925 2279 996 (Psal.
2302 930 2390 985 57.
2423 932 2507 986 14.
2538 933 2649 1004 15).
2680 934 2866 991 Vidisti
2892 940 3241 996 excellentem
3272 945 3682 1016 philosophiam,

2104 1022 2371 1088 quomodo
2396 1022 2603 1081 diversa
2642 1027 2726 1081 via
2753 1028 2919 1084 vicit?
2946 1030 3024 1085 Illi
3052 1031 3203 1088 dolos
3228 1037 3542 1105 struebant,
3574 1041 3686 1109 ipse

2102 1125 2259 1168 aures
2287 1113 2603 1180 obturabat,
2634 1133 2701 1173 ne
2725 1120 2975 1178 audiret:
3023 1122 3098 1177 illi
3123 1126 3267 1179 omni
3305 1138 3543 1197 tempore
3580 1148 3683 1187 tton

2101 1203 2382 1257 cessabant
2424 1205 2656 1276 linguam
2685 1223 2900 1273 acuere.
2932 1220 2987 1267 et
3011 1214 3270 1270 vanitates
3295 1227 3350 1271 et
3381 1218 3687 1275 fraudulen-

2103 1293 2202 1346 tias
2241 1294 2526 1363 meditari;
2570 1298 2657 1359 hic
2682 1310 2860 1355 autem
2908 1302 3123 1360 silentio
3164 1306 3373 1363 illorum
3425 1311 3682 1367 insaniam

2099 1385 2502 1452 comprimcbat.
2538 1389 2600 1443 Et
2628 1405 2796 1460 quare
2823 1393 2900 1448 sic
2924 1409 2983 1449 se
3006 1396 3177 1466 gerit,
3210 1407 3265 1452 et
3288 1399 3412 1454 licet
3439 1401 3544 1455 illis
3568 1402 3684 1458 hinc

2098 1478 2475 1545 apparentibus
2517 1481 2629 1550 ipse
2654 1484 2732 1539 sic
2767 1485 2876 1555 agit
2909 1489 3061 1556 quasi
3089 1490 3281 1545 surdus
3308 1500 3361 1546 et
3387 1505 3563 1548 mutus
3584 1536 3598 1555 ,
3630 1506 3685 1550 et

2099 1568 2248 1637 quasi
2292 1586 2464 1640 neque
2509 1587 2702 1638 aures,
2750 1589 2925 1645 neque
2973 1578 3203 1648 linguam
3263 1582 3496 1638 habeat?
3545 1587 3682 1640 Audi

2098 1657 2268 1727 ipsum
2299 1669 2457 1716 tanta:
2484 1661 2831 1732 philosophia:
2855 1682 3066 1722 causam
3085 1669 3346 1727 dicentem
3371 1692 3383 1728 :
3410 1675 3540 1740 Quia
3563 1676 3614 1729 in
3637 1688 3683 1731 te

2095 1749 2312 1818 speravi,
2339 1747 2558 1806 Domine
2600 1751 2761 1822 (Ibid.
2791 1770 2839 1808 υ.
2874 1754 2978 1828 16).
3006 1757 3140 1826 Quia
3181 1770 3288 1816 ate
3339 1764 3531 1829 pendet
3556 1780 3680 1833 spes

2096 1855 2236 1905 mea,
2271 1840 2458 1910 inquit,
2488 1850 2541 1897 et
2567 1843 2617 1897 itt
2651 1853 2703 1898 te
2731 1860 2818 1900 me
2842 1848 3062 1916 proieci,
3096 1850 3239 1904 nulla
3269 1852 3395 1905 ntihi
3427 1869 3551 1907 cura
3572 1866 3677 1919 est,

2095 1929 2221 1999 quid
2251 1931 2323 1984 illi
2353 1942 2530 2001 agant.
2568 1933 2909 1992 Tuumenitn
2949 1939 3202 1993 auxilium
3229 1943 3357 1997 satis
3390 1955 3575 2010 potens
3599 1956 3679 2002 est

2094 2019 2163 2074 ad
2185 2020 2489 2092 dissipanda
2532 2023 2646 2079 lucc
2670 2027 2848 2080 omnia
2872 2070 2886 2094 ,
2916 2027 3195 2099 irritasque
3234 2033 3529 2088 reddendas
3558 2037 3677 2090 illo-

2094 2124 2212 2167 rum
2237 2114 2654 2171 machinationes
2677 2127 2732 2173 et
2755 2118 2996 2185 insidias,
3027 2129 3084 2174 ut
3105 2121 3234 2176 nihil
3256 2139 3439 2179 eorum
3463 2126 3677 2196 implea-

2096 2212 2183 2260 tur
2204 2205 2345 2276 quod
2369 2218 2648 2278 apparant.

2162 2294 2218 2348 2.
2261 2295 2529 2367 Scriptura
2570 2314 2717 2352 sacra
2766 2299 2819 2353 in
2862 2299 3234 2356 calamitatibus
3279 2306 3577 2363 antidotum.
3605 2337 3676 2352 —-

2093 2384 2313 2441 Vidistis
2366 2388 2635 2458 quomodo
2669 2404 3002 2462 quacumque
3041 2394 3340 2451 calamitate
3388 2397 3673 2456 humanam

2091 2487 2332 2532 naturam
2378 2489 2673 2548 premente,
2716 2495 3015 2552 congruens
3043 2500 3107 2538 ex
3144 2486 3430 2556 Scripturis
3462 2490 3675 2545 antido-

2094 2576 2203 2623 tum
2226 2570 2468 2639 accipere
2506 2570 2682 2638 liceat,
2713 2581 2769 2627 et
2797 2589 3009 2628 omnem
3044 2576 3165 2631 vitae
3204 2577 3360 2647 hujus
3390 2596 3672 2637 tnuarorem

2092 2660 2355 2729 repellere
2377 2701 2392 2727 ,
2420 2677 2593 2732 neque
2619 2663 2686 2716 ab
2717 2664 2826 2719 ullo
2852 2664 2993 2735 quod
3018 2667 3230 2733 accidit,
3261 2671 3514 2737 gravari?
3542 2672 3673 2727 Pro-

2091 2759 2272 2819 pterea
2298 2753 2542 2816 obsecro,
2571 2762 2631 2807 ut
2660 2752 2966 2822 frequenter
2992 2755 3093 2810 huc
3119 2760 3365 2823 veniatis,
3393 2768 3447 2814 et
3477 2762 3672 2818 divina:

2092 2840 2378 2909 Scriptum
2401 2842 2682 2896 lectionem
2704 2844 2983 2913 diligenter
3003 2847 3341 2902 auscultetis:
3369 2865 3472 2902 non
3500 2852 3672 2907 solum

2089 2946 2210 2987 cum
2238 2931 2341 2987 huc
2370 2934 2579 2998 venitis,
2605 2934 2698 2988 sed
2726 2945 2780 2990 et
2808 2935 2948 2989 donti
2979 2936 3185 2991 divinos
3212 2939 3375 2994 libros
3406 2941 3456 2995 itt
3489 2958 3672 2998 manus

2090 3023 2316 3089 sumite,
2342 3033 2397 3078 et
2436 3025 2711 3079 utilitatem
2748 3026 2800 3080 itt
2851 3027 2956 3083 illis
2989 3029 3210 3097 positam
3265 3046 3456 3102 magno
3495 3034 3671 3089 studio

2090 3112 2359 3182 suscipite.
2393 3113 2519 3168 Inde
2548 3115 2688 3169 enim
2723 3116 2942 3170 multum
2972 3117 3101 3173 lucri
3135 3122 3369 3174 nascitur
3399 3140 3411 3177 :
3444 3124 3670 3192 primum

2088 3204 2302 3274 quidem
2350 3204 2575 3260 lcetione
2617 3207 2789 3276 lingua
2839 3207 3197 3276 reformatur;
3251 3212 3442 3282 deinde
3496 3216 3670 3272 anima

2089 3297 2351 3350 excitatur
2377 3305 2431 3350 et
2457 3297 2697 3350 sublimis
2717 3299 2964 3365 efﬁcitur,
2987 3301 3282 3372 jubareque
3307 3305 3435 3359 solis
3449 3306 3670 3374 iustitia:

2090 3388 2381 3443 illustratur
2409 3429 2423 3455 ,
2480 3405 2681 3460 perque
2733 3400 2939 3461 tempus
2984 3394 3112 3448 illud
3164 3396 3231 3448 alt
3276 3397 3667 3455 ittttnuttdarutn

2089 3480 2466 3547 Cogitationutn
2510 3480 2776 3535 illecebris
2818 3483 3107 3550 liberatur,
3156 3485 3320 3539 multa
3376 3492 3553 3555 quiete
3605 3506 3669 3547 ac

2092 3573 2468 3640 tranquillitate
2496 3571 2694 3627 fruens.
2730 3572 2950 3643 Insuper
2973 3574 3114 3643 quod
3143 3576 3207 3629 ad
3231 3581 3499 3646 augendas
3527 3582 3667 3638 vires

2089 3662 2328 3730 Corporis
2361 3660 2626 3716 sensibilis
2666 3662 2754 3716 ille
2790 3664 2938 3716 cibus
2967 3662 3121 3726 facit,
3172 3665 3221 3718 id
3269 3668 3459 3721 anima:
3509 3669 3668 3726 lectio

2090 3763 2324 3825 prtcstat.
2366 3753 2649 3823 Spirituale
2690 3756 2830 3809 enim
2878 3756 3187 3810 alimentum
3232 3768 3344 3821 est,
3396 3770 3447 3813 et
3478 3761 3665 3817 fortem

2088 3845 2262 3901 reddit
2290 3846 2543 3911 animant,
2566 3857 2616 3900 et
2637 3849 3074 3913 constantiorem,
3126 3860 3180 3904 et
3210 3851 3376 3920 magis
3418 3855 3662 3923 philoso-

2090 3936 2320 4008 phicam,
2354 3952 2456 3990 non
2493 3938 2807 4005 permittens
2837 3949 2893 3992 ut
2935 3941 3002 3993 ab
3031 3939 3398 3997 affectionibus
3424 3944 3667 4000 absurdis

2087 4028 2353 4098 capiatur:
2372 4029 2463 4083 sed
2486 4030 2650 4083 levem
2669 4038 2723 4082 et
2742 4030 2933 4082 alatam
2955 4029 3174 4095 faciens,
3210 4032 3260 4085 itt
3284 4033 3471 4088 ctelttm
3497 4037 3665 4104 ipsunt

2086 4118 2468 4188 propemodum
2500 4119 2766 4173 transfert.
2812 4119 3034 4172 Tantum
3084 4120 3238 4189 igitur
3266 4122 3499 4186 lucrum,
3531 4141 3625 4179 oro
3649 4167 3665 4192 ,

2088 4223 2157 4263 ne
2183 4224 2279 4278 prr
2310 4209 2686 4278 negligentiam
2715 4210 3040 4272 amittamus,
3073 4210 3166 4263 sed
3199 4211 3355 4264 etiam
3394 4212 3533 4266 domi
3576 4231 3666 4268 va-

2087 4316 2269 4356 cemus
2295 4300 2592 4356 divinarum
2621 4300 3010 4369 Scriptttrarutn
3052 4301 3295 4366 lectioni,
3326 4312 3379 4356 et
3416 4304 3503 4358 hic
3531 4321 3663 4373 prte-

2087 4401 2267 4447 sentes
2304 4409 2407 4445 non
2436 4392 2487 4444 itt
2525 4391 2678 4460 nugis
2720 4399 2772 4443 et
2816 4391 3090 4445 inutilibus
3126 4391 3405 4459 colloquiis
3455 4403 3661 4463 tempus

2088 4483 2418 4536 insumamus
2448 4499 2462 4535 :
2495 4481 2588 4534 sed
2619 4491 2832 4550 propter
2858 4481 2998 4549 quod
3029 4484 3394 4547 convenimus,
3426 4486 3664 4540 attenda-

2088 4586 2207 4625 mus
2248 4586 2366 4640 qua:
2395 4570 2667 4640 legantur,
2716 4579 2771 4624 ut
2813 4570 2997 4638 majori
3041 4570 3162 4625 inde
3203 4571 3370 4626 fructu
3417 4585 3664 4643 percepto

2089 4661 2364 4718 discedere
2390 4662 2562 4714 liceat.
2596 4661 2745 4727 Quod
2771 4662 2811 4713 si
2846 4660 2946 4714 huc
2974 4661 3298 4730 ingressin
3332 4662 3663 4731 intempesti-

2089 4769 2186 4807 vas
2211 4762 2265 4807 et
2287 4753 2493 4807 inutiles
2511 4751 2964 4806 confabulationes
2978 4767 3069 4805 Vtts
3096 4752 3368 4815 confertis,
3387 4762 3439 4804 et
3465 4752 3664 4821 abSqtte

2087 4847 2329 4917 ampliori
2358 4844 2530 4899 fructu
2559 4844 2680 4898 hinc
2704 4844 2880 4902 abitis.
2906 4858 3022 4911 quae
3045 4842 3280 4895 utilitas?
3303 4843 3493 4894 Annon
3521 4843 3671 4899 enint

2085 4940 2373 4997 absurdum
2401 4949 2500 5001 est,
2524 4952 2616 4992 eos
2632 4938 2719 5006 qui
2752 4936 2815 4987 ad
2844 4934 3122 4988 saeculares
3152 4932 3410 4984 nundinas
3429 4935 3673 5001 veniunt,

2086 5033 2340 5088 sollicitos
2389 5045 2508 5085 esse
2556 5038 2610 5081 ttt
2641 5037 2919 5094 antequam
2951 5023 3200 5088 redeant,
3234 5023 3408 5077 omnia
3437 5041 3553 5093 qua:
3586 5016 3668 5081 ex

2087 5125 2339 5181 nundinis
2366 5128 2571 5192 oportet
2605 5119 2848 5186 capiant,
2882 5116 3004 5169 licet
3033 5114 3266 5182 pecunia:
3297 5114 3660 5183 impendenda:

2086 5218 2194 5272 sittt
2220 5233 2235 5270 :
2262 5229 2355 5270 eos
2382 5223 2556 5266 autent
2588 5208 2676 5271 qui
2706 5209 2809 5262 huc
2832 5205 2897 5259 ad
2926 5203 3226 5272 spirituales
3270 5204 3365 5258 has
3401 5205 3660 5259 nundinas

2086 5310 2338 5373 veniunt,
2384 5318 2488 5359 non
2527 5315 2688 5356 omne
2734 5293 2970 5355 studium
3002 5296 3325 5367 impendere,
3357 5299 3661 5367 utacceptis

2087 5400 2333 5463 utilibus,
2384 5405 2440 5451 et
2490 5397 2542 5449 itt
2591 5391 2763 5446 anima
2794 5388 3070 5458 depositis,
3112 5387 3390 5453 recedant;
3433 5388 3659 5442 maxime

2085 5509 2206 5549 cum
2244 5490 2388 5546 nullo
2414 5487 2755 5557 pecuniarum
2775 5490 2987 5552 sumptu
3012 5480 3094 5534 hic
3120 5496 3255 5549 opus
3281 5490 3349 5533 su
3369 5521 3383 5543 ,
3417 5479 3509 5534 sed
3545 5478 3657 5530 ala-

2086 5585 2278 5642 critate
2303 5583 2410 5635 sola
2442 5588 2492 5633 ct
2523 5583 2722 5632 attenta
2748 5572 2963 5627 mente?
3001 5569 3071 5627 Ut
3091 5571 3250 5640 igitur
3283 5582 3349 5622 ne
3371 5567 3685 5638 deteriores

2090 5679 2256 5734 simus
2286 5674 2349 5728 iis
2376 5670 2464 5741 qui
2488 5668 2551 5723 ad
2585 5665 2864 5721 smcularcs
2890 5670 3155 5717 mercatus
3177 5650 3375 5712 vadunt
3399 5694 3412 5722 ,
3442 5667 3661 5724 operam
