4066 6140
397 302 507 357 265

402 413 584 469 demus
604 457 620 480 ,
661 423 718 467 ut
751 424 1006 481 perquam
1028 408 1309 480 vigilantes
1331 409 1500 464 simus
1519 450 1534 474 ,
1562 424 1631 464 ne
1654 408 1830 464 desint
1855 408 1981 463 hinc

397 506 699 577 migraturis
724 504 911 558 viatica
933 543 948 567 ,
975 516 1096 572 qua:
1126 517 1230 554 non
1262 501 1434 556 solum
1473 500 1628 555 nobis
1674 500 1974 562 subiciant,

392 597 499 650 sed-
515 603 572 650 et
589 609 708 664 quas
727 591 1067 662 suppeditare
1088 591 1355 662 possimus
1380 602 1435 644 et
1472 590 1590 644 aliis
1612 630 1628 656 ,
1673 602 1727 644 et
1756 604 1976 646 uxorem

391 684 727 755 corrigendo,
755 692 811 738 et
836 682 1093 748 famulos,
1116 692 1169 736 et
1192 681 1421 736 vicinum
1447 722 1462 745 ,
1493 691 1549 736 et
1571 683 1836 745 amicum,
1870 681 1978 735 imo

390 775 554 831 etiam
585 773 1041 829 iuimicum.Talia
1068 773 1211 828 enim
1242 780 1368 827 sunt
1390 772 1685 841 Spiritualia
1700 772 1976 842 dogmata,

393 878 451 923 ut
471 867 772 923 comumnia
798 865 1048 920 otnnibus
1092 874 1485 935 preponanlur,
1528 863 1777 932 nullaque
1814 863 1885 918 sit
1925 862 1976 915 iu

391 959 473 1015 eis
499 958 803 1025 diversitas,
836 957 936 1011 uisi
968 956 1181 1026 quando
1205 956 1324 1027 quis
1346 956 1516 1025 magis
1541 956 1795 1009 intentam
1824 955 1979 1009 ali'ert

392 1062 661 1117 mentem,
686 1060 741 1106 et
775 1049 1083 1106 ferventiori
1129 1048 1398 1104 desiderio
1437 1049 1600 1103 alium
1630 1048 1974 1102 transcendit.

394 1145 577 1214 Itaque
600 1144 723 1214 quia
752 1150 956 1197 tantum
982 1151 1063 1197 est
1092 1156 1159 1196 ex
1189 1140 1289 1196 hac
1321 1140 1561 1195 doctrina
1604 1139 1810 1194 lucrum
1831 1180 1847 1205 ,
1878 1155 1978 1210 age

392 1236 552 1291 hodie
597 1237 731 1291 lecta
759 1235 811 1289 in
845 1233 1078 1289 medium
1109 1249 1503 1303 preponamus,
1534 1243 1589 1288 et
1632 1232 1802 1289 fructu
1847 1249 1982 1304 quo-

393 1329 534 1399 piam
564 1328 688 1383 indc
706 1327 951 1393 collecto,
973 1326 1192 1381 domum
1219 1325 1520 1381 redeamus.

466 1424 699 1480 Ebrietas
729 1422 843 1478 Noe
864 1422 1118 1492 quomodo
1155 1422 1385 1477 excusari
1429 1419 1621 1474 debeat.
1669 1449 1740 1460 —
1779 1418 1870 1474 20.
1914 1417 1978 1473 Et

390 1517 557 1587 coepit,
587 1516 776 1585 inquit,
811 1512 928 1568 Noe
951 1516 1100 1569 homo
1127 1510 1354 1583 agricola
1376 1521 1541 1576 terrae,
1564 1521 1610 1564 et
1634 1511 1878 1579 plantavit
1902 1510 1977 1564 vi-

392 1625 562 1675 neam,
578 1608 669 1662 Si.
686 1618 731 1662 et
758 1607 875 1661 bibit
901 1605 966 1660 de
980 1605 1115 1673 vino,
1130 1614 1173 1658 et
1197 1604 1470 1658 inebriatus
1500 1612 1591 1658 est.
1610 1601 1743 1657 Vide
1766 1611 1979 1673 quanta:

393 1701 549 1757 nobis
570 1699 812 1755 utilitatis
837 1699 1048 1753 occasio
1068 1706 1150 1753 est
1179 1697 1335 1767 hujus
1364 1695 1606 1750 lectionis
1635 1694 1974 1764 prooemium.

391 1792 614 1862 Quando
637 1791 778 1845 enim
806 1789 1068 1852 audimus,
1087 1792 1288 1856 justum
1315 1787 1459 1841 illuni
1479 1794 1533 1840 et
1550 1784 1864 1855 perfectum,
1887 1786 1976 1855 qui

393 1892 597 1938 Lautum
608 1866 838 1952 superne
854 1879 1058 1949 accepit
1072 1878 1456 1943 testimonium,
1469 1876 1667 1932 bibisse
1682 1885 1736 1930 et
1752 1875 1981 1930 inebria-

393 1984 505 2029 tum
524 1988 644 2029 esse
660 1989 673 2025 :
692 1970 963 2043 quomodo
991 1985 1088 2025 nos
1115 1968 1361 2041 posthac,
1381 1967 1468 2039 qui
1488 1967 1648 2022 tantis
1676 1976 1731 2021 et
1759 1976 1864 2020 tam
1885 1982 1977 2019 va-

393 2067 491 2122 riis
514 2067 747 2137 peccatis
776 2065 1011 2120 immersi
1040 2080 1243 2127 sumus,
1281 2079 1387 2117 tton
1420 2077 1605 2133 magna
1631 2061 1977 2117 contentione

392 2157 647 2212 damnum
694 2156 968 2212 ebrietatis
1014 2154 1249 2224 ellugcre
1290 2151 1675 2208 studebimus?
1725 2151 1976 2219 Quamvis

395 2263 500 2302 non
530 2247 670 2302 idem
712 2248 882 2316 ipsum
917 2246 1005 2308 sit,
1035 2245 1234 2315 justum
1272 2245 1420 2299 illum
1467 2243 1571 2299 hoc
1611 2244 1737 2299 vitio
1763 2252 1978 2313 captant

393 2338 577 2407 fuisse,
605 2348 660 2393 ct
684 2353 783 2394 nos
814 2338 866 2392 in
896 2337 1034 2392 idem
1064 2336 1319 2392 incidere.
1346 2335 1503 2390 Multa
1531 2336 1835 2401 enimsunt,
1858 2350 1980 2404 qua:

393 2432 591 2501 justmn
623 2431 767 2484 illum
799 2431 954 2486 venia
992 2430 1208 2500 dignum
1239 2428 1532 2484 declarant.
1560 2428 1691 2496 Quae
1721 2443 1827 2482 non
1859 2428 1979 2482 dico

394 2524 545 2594 quasi
584 2524 896 2579 ebrietatem
939 2537 1225 2587 excusans,
1263 2521 1355 2576 sed
1382 2521 1753 2577 demonstrans
1778 2521 1978 2590 justum

396 2630 504 2670 non
537 2630 603 2670 ex
631 2613 1033 2683 intemperantia
1065 2654 1080 2679 ,
1110 2612 1204 2667 sed
1227 2612 1401 2680 potius
1429 2626 1493 2666 ex
1519 2610 1814 2681 ignorantia
1852 2625 1979 2679 sup-

403 2705 695 2774 plantatum
743 2703 924 2757 luisse.
966 2702 1029 2757 Et
1086 2701 1229 2772 quod
1274 2716 1381 2756 non
1433 2701 1505 2755 ita
1535 2700 1849 2770 simpliciter
1871 2700 1978 2754 viui

397 2797 723 2866 poenitionem
754 2797 1008 2850 invenerit
1035 2793 1133 2866 (a),
1167 2794 1289 2849 audi
1312 2794 1642 2863 Scripturam
1664 2794 1781 2861 ejus
1800 2793 1982 2863 apolo-

311 2881 322 2889 ’
395 2890 535 2960 giam
563 2887 896 2958 aﬂ'crcutcm,
919 2902 1040 2942 cum
1065 2886 1195 2942 dicit
1224 2904 1237 2939 :
1274 2885 1338 2940 Et
1364 2887 1510 2956 cwpit
1531 2883 1647 2939 Noe
1667 2884 1817 2938 homo
1843 2885 1981 2955 agri-

394 2981 507 3035 cola
535 2991 702 3048 terrae,
736 2989 780 3033 et
816 2979 1061 3050 plantavit
1100 2979 1317 3043 vineam,
1342 2988 1387 3032 et
1423 2978 1543 3031 bibit
1580 2978 1643 3030 de
1668 2978 1805 3043 vino,
1828 2985 1874 3030 et
1897 2976 1973 3029 in.

396 3071 617 3126 ebriattts
640 3081 730 3126 est.
758 3069 901 3126 Istud
932 3071 1102 3140 ipsum
1132 3070 1272 3140 quod
1305 3070 1493 3139 inquit,
1536 3068 1716 3138 Coepit,
1748 3067 1983 3123 ostendit

396 3161 571 3232 ipsum
598 3161 706 3215 viui
731 3160 944 3216 bibendi
971 3160 1199 3230 primum
1234 3160 1564 3214 inventorem
1589 3160 1773 3226 fuisse,
1804 3169 1859 3214 et
1888 3174 1983 3229 per

398 3252 768 3325 ignorantiam,
797 3254 1121 3308 nescientem
1149 3255 1344 3320 justam
1387 3267 1600 3309 sumere
1651 3267 1981 3320 mensuram,

398 3348 451 3400 in
482 3346 794 3400 ebrietatem
842 3344 1112 3399 incidisse.
1168 3344 1351 3413 Neque
1398 3344 1500 3398 hoc
1538 3346 1709 3399 solum
1737 3344 1790 3399 iu
1824 3360 1983 3399 causa

398 3446 501 3502 est,
534 3435 627 3491 sed
658 3435 779 3505 quia
821 3451 1010 3505 magna
1056 3436 1336 3491 tenebatur
1387 3436 1619 3500 tristitia,
1676 3445 1731 3491 ct
1780 3436 1983 3505 sibiipsi

399 3528 815 3584 consolationem
836 3528 958 3583 inde
972 3528 1280 3598 excogitare
1296 3527 1526 3595 volebat,
1546 3529 1683 3585 sicut
1702 3537 1757 3584 et
1773 3529 1985 3598 Sapiens

399 3622 616 3694 quidam
647 3621 778 3676 dicit
804 3639 817 3677 :
845 3620 979 3676 Date
1002 3623 1174 3676 vinum
1200 3622 1262 3676 iis
1287 3622 1375 3693 qui
1399 3621 1450 3675 in
1481 3622 1704 3688 tristitia,
1728 3632 1772 3675 et
1794 3637 1985 3675 merum

399 3716 463 3770 iis
503 3715 592 3785 qui
624 3714 676 3768 in
723 3714 898 3769 dolore
942 3711 1125 3785 (Prov.
1164 3714 1252 3770 51.
1282 3714 1354 3785 6)
1387 3731 1402 3769 :
1434 3706 1737 3770 monstrans
1782 3713 1984 3769 nullum

401 3821 522 3862 esse
572 3814 678 3860 tam
730 3820 965 3876 prarscns
1004 3805 1232 3860 tristitia:
1278 3806 1612 3873 remedium,
1666 3822 1825 3877 quam
1877 3806 1986 3860 vini

401 3911 555 3952 usum
593 3910 609 3960 ;
654 3905 857 3950 tantum
908 3896 1189 3951 utilitatem
1240 3896 1355 3966 ejus
1400 3898 1455 3950 ui
1497 3897 1686 3966 perdat
1729 3898 1988 3967 intempe-

403 3986 594 4041 rantia.
617 3986 768 4053 Quod
803 3996 979 4041 autetn
1011 3987 1061 4042 in
1093 3987 1302 4042 tristitia
1320 3997 1618 4044 etmterore
1635 3988 1794 4043 luerit
1811 3989 1987 4057 justus

404 4078 518 4147 ille,
559 4079 746 4134 videns
786 4081 1020 4149 seipsum
1070 4080 1122 4134 in
1165 4088 1310 4134 tanta
1355 4080 1660 4145 solitudine,
1693 4090 1748 4136 et
1776 4083 1985 4138 illorum

403 4170 677 4226 hominum
704 4186 927 4239 corpora
972 4181 1097 4225 ante
1132 4172 1316 4225 oculos
1342 4171 1597 4241 projecta,
1625 4182 1680 4228 et
1706 4189 1989 4231 commune

402 4262 639 4317 omnium
660 4262 963 4330 sepulcrum
997 4261 1298 4318 hominibus
1329 4274 1383 4319 et
1432 4263 1596 4320 brutis
1630 4266 1847 4332 factum,
1870 4269 1990 4339 quis

406 4352 726 4423 negaverit?
755 4352 867 4407 Mos
915 4353 1057 4408 cnim
1098 4355 1475 4425 prophetarum
1504 4368 1558 4414 ct
1576 4360 1841 4429 justorum
1874 4378 1989 4417 om-

408 4444 552 4498 nium
577 4453 680 4510 est,
720 4457 825 4497 non
855 4459 951 4514 pro
974 4445 1036 4500 iis
1056 4445 1331 4503 dumtaxat
1356 4450 1542 4506 dolere
1563 4494 1577 4518 ,
1607 4455 1695 4523 qui
1723 4454 1822 4509 sibi
1865 4471 1989 4526 prn-

408 4534 534 4588 ximi
561 4544 685 4589 sunt
711 4576 726 4599 ,
755 4535 848 4590 sed
879 4547 930 4591 et
958 4552 1058 4607 pro
1101 4541 1321 4610 reliquis
1362 4541 1683 4600 hominibus.
1709 4546 1775 4601 Et
1804 4548 1847 4601 si
1870 4549 1989 4617 quis

404 4638 688 4681 recensere
703 4624 849 4692 velit,
877 4625 1113 4682 inveniet
1135 4644 1321 4686 omnes
1347 4632 1485 4687 hunc
1507 4637 1988 4694 commiscrationis

405 4714 654 4772 allectum
682 4732 792 4786 pra:
819 4734 879 4773 se
902 4719 1327 4781 ferrc.ctaudict
1354 4724 1540 4779 Isaiam
1563 4729 1776 4796 quidem
1805 4732 1988 4786 dicen-

403 4818 509 4861 tem
541 4825 554 4861 :
590 4806 767 4862 Nolite
793 4810 1112 4875 contendere,
1143 4822 1194 4866 ut
1235 4831 1313 4866 me
1352 4816 1682 4872 consulamini
1712 4819 1765 4873 in
1794 4824 1985 4876 contri-

402 4900 536 4953 tione
560 4900 682 4968 ﬁlia:
704 4903 901 4972 generis
940 4903 1037 4956 mei
1065 4902 1215 4975 (lsai.
1244 4905 1335 4958 22.
1368 4905 1448 4976 4):
1473 4907 1759 4965 Jercmiam
1784 4926 1985 4983 autem,

403 4992 527 5055 Quis
562 4993 698 5046 dabit
722 4996 877 5063 capiti
907 5011 1016 5048 meo
1041 5013 1246 5067 aquam,
1277 5008 1324 5052 et
1350 5001 1509 5055 oculis
1536 5003 1657 5056 meis
1688 5009 1874 5075 fontem
1906 5010 1984 5062 la-

402 5099 690 5153 crymarum
732 5085 864 5156 (Jer.
894 5087 949 5141 9.
977 5087 1074 5160 i)?
1119 5089 1451 5147 Ezechielem
1494 5111 1642 5162 vero,
1684 5097 1798 5152 Heu
1842 5103 1984 5171 nti/ti,

466 5302 540 5384 (ai
567 5302 621 5384 itu
640 5306 1149 5384 lgrfeco-legitura'os,
1167 5327 1523 5384 έ-ρπθσὴινηειυειή
1542 5321 1766 5384 quidem,
1794 5323 1840 5372 si
1857 5325 1914 5372 ad
1934 5326 1994 5373 li-
2046 5340 2051 5343 λ

402 5368 560 5443 teram
586 5366 908 5443 intelligatur:
933 5369 1031 5422 vini
1053 5366 1339 5443 putationem
1354 5366 1766 5443 (Siguilicatlvsed,
1786 5366 1993 5436 lit-eminuit

405 5426 469 5510 ad.
501 5424 692 5510 lituram
744 5424 1076 5510 liancjvocetit
1115 5424 1991 5510 accipiebam"i§é§é"t£siitd¥"qi}&i

400 5499 561 5566 {cipiat
586 5498 689 5566 suo
712 5497 1110 5566 iunipotutionem
1132 5497 1404 5566 invenerit:
1425 5517 1531 5565 per,
1545 5519 1767 5566 οινοιοσίαν,
1779 5497 1996 5563 citri-etas

401 5549 722 5634 2:.telltgtzti.la
748 5549 841 5613 est,
870 5556 933 5634 ita
958 5565 1011 5606 ut
1041 5572 1219 5634 sensus
1248 5549 1993 5634 sit;‘tloii'iaﬁéﬁitiiﬁﬁ:

402 5616 524 5719 citur
558 5624 619 5721 Ni
637 5628 754 5725 per;
779 5622 1025 5668 auctorem
1051 5616 1338 5685 ebrirtatis,
1364 5625 1472 5677 licet
1501 5616 1992 5691 [minuam—ebrieta-

431 5688 505 5722 cm
527 5687 604 5723 mc
625 5692 639 5721 ι
658 5689 728 5723 cn
756 5711 767 5724 .

431 5688 505 5722 ειη
527 5687 767 5724 ιηυιιιυηι.

1144 295 1201 350 3.
1242 293 1522 351 JUANNIS
1556 291 2035 353 CllRYSOSTOMI
2075 295 2393 353 ARCIIIEP.
2434 295 2976 359 CONSTANTINOP.

3572 313 3675 368 Ξίὶᾶ

2088 407 2322 474 Domine,
2356 409 2543 465 dolebis
2590 421 2644 465 tu
2683 412 2923 484 reliquias
2970 414 3136 471 Israel
3162 418 3376 486 (Ezeelt.
3405 423 3461 478 9.
3498 425 3554 487 8)
3574 430 3597 479 ’ἒ
3627 440 3678 482 et

2090 501 2363 560 Danielem
2390 503 2790 573 lamentantem,
2814 517 2867 562 et
2886 508 3185 565 dicentem:
3217 511 3476 569 Paucalos
3496 533 3585 570 nas
3605 524 3679 587 [ιι.

2093 594 2203 647 cisti
2249 594 2383 648 ultra
2410 612 2580 650 omnes
2606 607 2774 667 gentes
2802 598 2966 670 (Dan.
2994 602 3084 670 7):
3126 612 3181 658 et
3212 606 3397 672 Amos,
3429 605 3679 662 Pteniteot

2081 691 2153 737 et.
2182 683 2415 752 Domine,
2438 704 2588 757 super
2608 688 2702 742 hoc
2727 690 2903 761 (Amos
2929 692 2983 744 7.
3011 693 3098 761 5):
3132 680 3480 762 et'llahacuc,
3508 699 3679 765 Quare

2091 776 2352 830 ostendisti
2397 778 2522 831 milii
2563 778 2757 834 labores
2781 792 2828 834 et
2868 783 3124 838 molestias
3161 784 3383 851 (llabac.
3420 790 3469 843 1.
3503 791 3588 859 5)?
3619 802 3672 846 et

2085 865 2275 920 iterum
2295 906 2312 933 ,
2344 865 2414 920 Et
2463 870 2688 940 facturus
2737 888 2789 926 es
2833 873 3061 927 homines
3107 877 3254 947 quasi
3305 879 3467 945 pisces
3520 883 3677 935 maris

2087 954 2245 1028 (Ibat.
2276 973 2324 1010 υ.
2354 956 2465 1029 M):
2495 968 2550 1013 et
2579 959 2790 1014 beatum
2817 960 2976 1016 istum
3015 966 3215 1021 Mosam
3248 983 3459 1037 quoque
3487 969 3672 1025 dicen-

2092 1059 2197 1103 tem
2227 1049 2408 1106 audiet
2438 1067 2453 1104 :
2482 1051 2545 1107 Si
2572 1052 2775 1121 quidem
2799 1053 3008 1109 dimittis
3034 1057 3102 1110 eis
3130 1071 3405 1126 peccaturo,
3438 1061 3633 1117 dimitte
3652 1106 3668 1130 ,

2083 1140 2164 1194 sin
2183 1140 2368 1207 minus,
2401 1159 2480 1196 me
2515 1159 2708 1214 quoque
2736 1144 2847 1199 dole
2876 1145 3068 1218 (Exod.
3100 1150 3187 1203 52.
3219 1150 3333 1219 32).
3366 1153 3432 1206 Et
3461 1155 3671 1219 iterum,

2081 1243 2202 1285 cum
2228 1231 2561 1299 promisisset
2587 1233 2662 1287 illi
2688 1235 2827 1288 Deus
2855 1236 3069 1305 majoris
3089 1241 3266 1308 pepuli
3302 1242 3667 1310 pnel‘eeturam

2082 1334 2142 1375 se
2176 1320 2530 1389 traditurum,
2552 1332 2607 1377 et
2647 1322 2905 1391 dixisset,
2934 1324 3145 1381 Dimitte
3173 1346 3279 1395 me,
3306 1342 3354 1384 et
3383 1331 3555 1386 delebo
3582 1335 3676 1387 ho-

2083 1412 2241 1467 mines
2268 1412 2409 1477 istos,
2437 1424 2483 1468 et
2510 1415 2696 1485 faciant
2724 1426 2773 1470 te
2791 1417 2845 1470 in
2870 1427 3068 1487 gentem
3099 1436 3333 1490 magnam
3360 1423 3551 1491 (Exod.
3574 1425 3667 1479 5‘2.

2086 1502 2173 1572 10)
2213 1520 2228 1557 :
2278 1519 2450 1574 neque
2503 1504 2604 1560 hoc
2649 1506 2841 1571 voluit,
2889 1508 2982 1562 sed
3026 1524 3256 1579 praeesse
3305 1513 3420 1568 istis
3465 1515 3670 1572 utaluit.

2086 1595 2216 1650 Item
2244 1595 2391 1652 orbis
2430 1596 2620 1652 doctor
2656 1598 2841 1655 beatus
2873 1600 3067 1656 Paulus
3099 1620 3112 1657 :
3148 1603 3399 1673 Optabam
3437 1607 3544 1673 ipse
3580 1624 3673 1678 ego

2081 1686 2352 1741 anathema
2394 1704 2502 1743 esse
2540 1705 2573 1743 a
2618 1688 2819 1745 Christo
2866 1710 2959 1762 pro
3007 1695 3249 1764 fratribus
3276 1698 3416 1765 meis,
3446 1701 3675 1768 cognatis

2081 1777 2205 1832 meis
2226 1779 2501 1833 secundum
2526 1796 2729 1835 carnem
2754 1781 2932 1852 (Rom.
2962 1784 2996 1838 9
3043 1784 3123 1856 5).

2155 1870 2206 1925 5.
2244 1869 2462 1926 Vidistis
2479 1871 2748 1942 quomodo
2766 1873 2892 1943 justi
2911 1889 3101 1930 otunes
3123 1892 3364 1947 magnam
3391 1881 3676 1935 commisc-

2081 1963 2342 2019 rationcm
2371 1978 2496 2035 erga
2521 1965 2801 2036 proximos
2829 1982 2939 2037 pne
2960 1981 3019 2022 se
3045 1969 3305 2024 terebant.
3331 1969 3678 2029 Cottsiderate

2084 2071 2225 2111 nunc
2273 2057 2541 2126 quomodo
2586 2067 2641 2113 ct
2675 2058 2851 2129 jusms
2880 2059 2968 2115 ille
2998 2076 3058 2115 se
3089 2061 3331 2117 halmerit
3359 2104 3374 2129 ,
3405 2065 3674 2133 quomodo

2084 2148 2372 2205 verisimile
2412 2158 2496 2205 est
2532 2164 2656 2204 eum
2696 2149 2858 2206 fuisse
2909 2151 3196 2217 allectum;
3241 2163 3297 2209 et
3335 2158 3601 2226 quomodo
3644 2174 3678 2211 a

2084 2240 2289 2296 tristitia
2325 2242 2747 2311 deprimcrctur,
2784 2261 2904 2298 cum
2951 2246 3155 2301 videret
3198 2258 3302 2301 tant
3360 2250 3677 2304 immensam

2082 2332 2441 2399 solitudinem,
2490 2343 2545 2388 et
2583 2340 2779 2389 terram
2811 2335 2975 2399 illam,
3013 2352 3133 2405 qua:
3170 2347 3323 2393 antea
3364 2349 3470 2392 tam
3512 2340 3675 2394 variis

2083 2422 2379 2478 luxuriabat
2401 2423 2615 2493 plantis,
2628 2433 2683 2479 et
2699 2424 2918 2479 ﬂoribus
2939 2426 3248 2495 ornabatur,
3277 2438 3498 2499 repente
3521 2430 3677 2499 quasi

2083 2514 2361 2584 spoliatam
2407 2515 2573 2570 comis
2608 2525 2661 2570 et
2698 2516 2891 2569 nudam
2925 2527 2980 2571 et
3022 2518 3334 2575 solitariam.
3379 2519 3514 2575 Cum
3547 2536 3679 2591 ergo

2088 2615 2194 2661 tam
2226 2607 2519 2663 iuvaluerat
2549 2623 2771 2677 maeror,
2802 2625 3017 2680 parvam
3046 2614 3330 2682 quamdam
3358 2614 3455 2669 sibi
3484 2630 3679 2670 conso-

2086 2696 2335 2753 lationem
2365 2700 2671 2770 exeogitans
2689 2743 2705 2770 ,
2736 2710 2893 2757 terra:
2922 2702 3162 2758 colendae
3201 2717 3320 2759 sese
3346 2703 3549 2761 dedidit
3576 2722 3591 2760 :
3624 2716 3681 2761 et

2085 2788 2282 2843 idcirco
2309 2790 2403 2853 ait,
2435 2787 2502 2845 Et
2528 2791 2677 2861 coepit
2708 2789 2824 2848 Noe
2843 2793 2993 2847 homo
3017 2794 3241 2865 agricola
3265 2806 3433 2865 teme,
3459 2808 3507 2851 et
3536 2799 3678 2868 plan-

2086 2882 2207 2934 tavit
2234 2881 2449 2936 vineam.

2158 2970 2299 3026 Num
2333 2973 2573 3027 invenerit
2621 2975 2768 3029 vitem
2799 2974 2933 3030 Noe.
2965 3007 3038 3017 —
3071 2976 3176 3033 Sed
3197 2978 3318 3048 jure
3356 2978 3443 3034 hic
3477 2982 3674 3050 quaeri-

2088 3070 2194 3129 tur,
2221 3076 2289 3116 an
2318 3062 2433 3132 ipse
2461 3079 2602 3119 nunc
2643 3064 2876 3134 plantam
2908 3068 3192 3136 invenerit,
3221 3069 3309 3125 vel
3338 3082 3491 3124 antea
3518 3082 3574 3126 et
3600 3074 3674 3127 ab

2086 3153 2238 3209 initio
2265 3154 2422 3209 luerit
2449 3154 2728 3224 producta.
2749 3156 3053 3215 Verisimile
3081 3171 3163 3216 est
3191 3176 3310 3216 eam
3338 3173 3490 3215 antea
3523 3172 3577 3217 et
3604 3164 3676 3219 ab

2087 3244 2237 3301 initio
2259 3244 2423 3301 fuisse
2448 3246 2501 3300 in
2532 3261 2623 3301 sex
2651 3247 2756 3303 illis
2776 3248 2964 3304 diebus
2989 3261 3246 3319 creatam,
3281 3254 3493 3321 quando
3534 3253 3673 3307 Vidit

2087 3334 2225 3389 Deus
2245 3336 2415 3390 omnia
2443 3353 2557 3409 qua:
2575 3339 2714 3408 fecit,
2733 3349 2779 3392 et
2805 3352 2947 3394 erant
2979 3342 3123 3396 ralde
3145 3343 3277 3398 bona
3305 3343 3454 3415 (Gen.
3491 3349 3536 3399 l.
3560 3348 3676 3416 5i).

2089 3428 2313 3498 (Quievit
2334 3429 2499 3495 enim,
2525 3429 2735 3487 dicente
2779 3433 3073 3505 Scriptura,
3107 3438 3240 3492 Deus
3267 3440 3349 3493 die
3376 3441 3587 3509 septimo
3613 3443 3678 3496 ab

2087 3520 2319 3575 munibus
2339 3523 2576 3592 operibus
2598 3525 2704 3579 suis
2723 3541 2834 3593 quae
2859 3528 2975 3597 fecit
2994 3526 3142 3599 [Gem
3170 3530 3228 3585 2.
3245 3530 3359 3603 2]):
3387 3550 3481 3586 uec
3499 3543 3678 3589 tamen

2089 3624 2243 3665 usum
2265 3609 2469 3667 fructus
2491 3628 2562 3668 ex
2593 3614 2677 3669 illa
2705 3617 3042 3673 manifestam
3058 3619 3241 3677 fuisse.
3266 3622 3397 3677 Nam
3419 3626 3463 3679 si
3488 3625 3675 3679 luisset

2090 3698 2158 3755 ab
2197 3700 2349 3756 initio
2395 3712 2570 3768 notus,
2612 3704 2831 3759 omnino
2880 3707 3014 3763 Abel
3060 3710 3198 3766 inter
3237 3712 3442 3767 oblatas
3478 3714 3680 3770 boStias

2090 3790 2249 3844 etiam
2276 3793 2456 3846 viuum
2495 3793 2731 3852 libasset.
2761 3797 2955 3852 Verum
2984 3801 3107 3869 quia
3139 3803 3452 3873 ignorabant
3501 3807 3677 3863 adhuc

2093 3881 2297 3940 fructus
2347 3902 2520 3953 usum,
2577 3889 2754 3958 planta
2801 3889 2901 3946 hac
2931 3893 3008 3947 usi
3051 3910 3154 3948 non
3198 3907 3340 3951 sunt.
3379 3898 3474 3953 llic
3500 3910 3679 3955 autem

2091 3975 2427 4045 agriculturae
2456 3978 2745 4047 studiosus,
2787 3992 2840 4036 et
2861 3998 3065 4054 magna:
3094 3985 3383 4058 diligentiae
3411 3991 3510 4054 vir,
3543 3992 3681 4047 forte

2092 4064 2252 4120 etiam
2283 4066 2510 4122 fructum
2540 4069 2862 4140 degustavit,
2912 4085 2966 4129 et
3006 4079 3252 4134 contritis
3303 4080 3471 4137 botris
3498 4083 3679 4138 viuum

2094 4156 2239 4223 fecit,
2270 4174 2443 4229 eoque
2471 4177 2597 4215 usus
2620 4170 2722 4218 est.
2753 4165 2815 4218 Et
2843 4167 2966 4235 quia
3004 4185 3173 4240 neque
3221 4174 3333 4243 ipse
3376 4186 3681 4244 gustaverat

2096 4249 2264 4319 prius,
2321 4268 2495 4321 neque
2533 4253 2694 4309 alium
2717 4258 2918 4314 sciebat
2955 4262 3066 4331 qui
3092 4266 3431 4333 gustavisset,
3468 4268 3682 4338 ignarus

2095 4355 2197 4410 qua
2228 4356 2477 4398 mensura
2505 4353 2560 4400 et
2582 4360 2683 4416 qua
2715 4349 2924 4406 ratione
2948 4350 3026 4405 uti
3042 4351 3293 4421 debebat,
3319 4353 3413 4427 per
3435 4357 3681 4429 ignoran-

2099 4434 2228 4489 tiam
2251 4434 2302 4489 iu
2327 4436 2642 4494 ebrietatem
2674 4441 2874 4497 incidit.
2909 4443 3194 4515 Praeterea,
3225 4450 3474 4517 quoniam
3507 4454 3682 4508 carnis

2096 4539 2222 4581 esus
2247 4525 2299 4581 iu
2325 4528 2486 4582 vitam
2508 4528 2644 4586 hanc
2661 4531 2997 4591 introductus
3017 4536 3133 4601 fuit,
3164 4551 3345 4609 postea
3370 4553 3425 4597 et
3451 4544 3560 4597 vini
3588 4559 3682 4613 po-

2097 4624 2181 4669 tus
2206 4619 2451 4673 arcessit.
2502 4621 2629 4675 \‘ide
2654 4630 2853 4691 autem,
2881 4627 3091 4692 dilecte,
3121 4632 3390 4698 quomodo
3421 4635 3676 4702 paulatim

2097 4711 2279 4764 mundi
2323 4712 2630 4793 constitutio
2667 4715 3013 4786 dispensetur
3043 4721 3192 4792 (Gen.
3225 4722 3301 4794 .i),
3334 4734 3390 4779 ct
3433 4727 3676 4796 quilibet,

2095 4800 2385 4856 secundmu
2428 4805 2738 4873 sapientiam
2778 4824 2806 4861 a
2850 4811 2956 4865 [)eo
2993 4824 3195 4867 natura:
3238 4815 3500 4885 inditam,
3534 4819 3683 4872 initio

2097 4895 2227 4947 artis
2252 4894 2477 4964 alicujus
2507 4898 2753 4954 inventor
2780 4901 2851 4955 sit
2882 4917 2896 4955 :
2934 4902 3014 4957 sic
3051 4904 3103 4957 in
3133 4903 3274 4960 hanc
3301 4908 3464 4961 vitam
3487 4910 3682 4964 artium

2096 4984 2265 5037 studia
2297 4996 2422 5039 sunt
2444 4986 2766 5043 introducta.
2801 4991 3012 5048 Primus
3029 4994 3173 5049 enim
3196 4997 3569 5067 agriculturam
3598 5000 3682 5055 in-

2097 5077 2262 5142 venit,
2287 5078 2552 5134 secundus
2571 5090 2740 5137 artem
2769 5085 3108 5152 pastoralem,
3131 5087 3265 5144 alius
3282 5092 3683 5159 aruit-marium,

2097 5166 2232 5220 alius
2254 5168 2534 5236 musicam,
2554 5171 2692 5227 alius
2718 5173 2997 5230 fabrilem:
3020 5177 3106 5232 hic
3122 5190 3299 5233 autem
3324 5180 3500 5249 justus
3517 5184 3564 5236 vi
3593 5199 3686 5238 ea:

2101 5259 2339 5314 colenda:
2368 5271 2538 5317 artem
2564 5266 2794 5320 naturali
2814 5268 3031 5322 solertia
3058 5272 3400 5341 excogitavit.
3430 5273 3494 5327 Et
3515 5277 3688 5346 erepit,

2103 5350 2292 5419 inquit,
2330 5350 2447 5406 Noe
2481 5353 2630 5408 homo
2652 5357 2879 5426 agricola
2920 5367 3087 5426 terrm,
3117 5371 3162 5414 et
3202 5362 3446 5432 plantavit
3474 5366 3689 5434 vincant,

2100 5452 2149 5495 et
2180 5442 2298 5496 bibit
2340 5460 2368 5498 e
2395 5446 2531 5513 vino,
2566 5457 2615 5501 et
2658 5449 2932 5505 inebriatus
2956 5462 3050 5507 est.
3074 5452 3258 5525 Cogita
3284 5458 3553 5523 quomodo
3591 5458 3687 5517 hoc

2103 5534 2330 5590 tristitiae
2353 5538 2825 5609 medicamentum,
2854 5545 3064 5600 sanitati
3113 5548 3362 5615 paranda:
3395 5560 3599 5620 aptum,
3643 5558 3687 5612 ei

2066 5626 2189 5691 ,qui
2222 5628 2436 5683 modum
2468 5645 2562 5700 per
2598 5631 2951 5701 ignorantiam
2996 5639 3347 5705 transcendit,
3382 5657 3487 5697 non
3516 5644 3686 5698 Solum

2110 5716 2241 5773 nihil
2273 5721 2485 5779 proluit.
2513 5722 2607 5779 scd
2627 5733 2681 5781 et
2700 5735 2896 5782 statum
2923 5727 3038 5793 eius
3063 5727 3309 5786 oﬂ‘cudit.
