4066 6140
321 213 426 269 2ϋὸ

403 326 541 381 Ἀλλ’
575 326 704 390 ἴσως
733 326 873 380 εἴποι
905 342 989 388 τις
1018 325 1082 379 ἄν
1105 342 1117 355 ⁸
1174 325 1281 380 Καὶ
1313 325 1457 388 τίνος
1488 326 1669 379 ἕνεκεν
1713 323 1981 377 τοσούτων

322 410 473 487 [2841
507 413 673 485 γέμον
701 414 883 468 κακῶν
919 412 1083 482 φυτὸν
1130 412 1210 475 εἰς
1254 410 1343 465 τὸν
1378 411 1490 482 βίον
1546 411 1863 484 εἰσηνέχθη;
1892 409 1982 484 Μὴ

319 501 505 564 ἁπλῶς
529 502 596 555 τά
623 501 841 554 ἐπιόντα
872 499 1128 570 φθέγγου,
1164 499 1440 569 ἄνθρωπε.
1474 498 1548 552 Οὐ
1576 499 1683 569 7&9
1729 497 1789 551 τδ
1818 497 1982 567 φυτὸν

322 587 505 651 κακὸν,
522 586 644 640 οὔτε
669 587 697 638 6
717 582 856 649 οἶνος
882 585 1137 656 πονηρὸν,
1160 585 1274 638 ἀλλ’
1293 587 1327 656 ἡ
1359 585 1508 655 παρά
1538 584 1601 638 τὸ
1627 585 1742 638 δέον
1764 585 1978 655 χρῆσις.

322 674 443 726 Ὅτι
473 673 580 744 γὰρ
616 673 676 725 ού
711 673 861 743 παρά
891 672 978 725 τὸν
1002 668 1142 725 οἶνον
1170 670 1238 725 τά
1262 672 1630 743 ἁμαρτήματα
1654 672 1725 725 τά
1764 671 1982 743 ὀλέθρια

316 761 574 824 τίκτεται,
602 758 736 813 ἀλλὰ
764 759 914 830 παρά
942 758 1040 829 τὴν
1074 757 1469 829 διεφθαρμένην
1507 758 1748 829 γνώμην,
1784 758 1877 811 καὶ
1904 756 1981 828 τῷ

314 847 379 915 τῇ
403 845 638 916 ἀμετρία
665 844 1020 915 λυμαίνεσθαι
1045 845 1143 916 τὴν
1165 845 1229 898 ὲκ
1250 844 1437 899 τούτου
1460 844 1816 915 ὲγγινομένην
1844 844 1982 915 ὠφέ-

314 931 462 985 λειαν
485 947 498 961 ο
528 932 615 985 διὰ
643 933 797 985 τοῦτο
826 931 921 986 νῦν
955 933 1092 1003 μετά
1119 933 1211 986 τὸν
1232 932 1611 1002 κατακλυσμὸν
1633 931 1869 986 δείκνυσί
1899 949 1979 985 σοι

313 1018 407 1072 τοῦ
433 1019 575 1072 οἴνου
609 1020 704 1090 τὴν
736 1021 975 1091 χρῆσιν,
1011 1020 1099 1073 ἴνα
1127 1020 1303 1092 μάθῃς
1335 1021 1415 1073 ὄτι
1469 1023 1564 1073 καὶ
1594 1023 1701 1091 πρὸ
1744 1020 1843 1089 τῆς
1884 1017 1979 1071 τοῦ

312 1105 455 1160 οἴνου
488 1108 734 1177 χρήσεως
756 1107 849 1159 καὶ
878 1108 957 1170 εἰς
978 1106 1263 1174 ἀσέλγειαν
1291 1106 1732 1178 ὑπερϐάλλουσαν
1767 1105 1982 1171 ἐξώκεισ

311 1190 402 1246 λεν
429 1194 462 1264 ἡ
487 1192 593 1246 τῶν
615 1192 913 1262 ἀνθρώπων
942 1194 1122 1269 φύσις,
1159 1195 1252 1247 καὶ
1277 1194 1474 1266 πολλὴν
1511 1194 1617 1247 τῶν
1650 1194 1980 1265 ἁμαρτημά-

314 1295 422 1331 των
449 1280 546 1350 τὴν
583 1279 831 1334 ἐπίτασιν
861 1281 1189 1345 ἐπεδείξατο,
1222 1281 1315 1335 καὶ
1348 1280 1521 1334 ταῦτα
1552 1283 1693 1334 οἴνου
1730 1280 1976 1352 μηδαμοῦ

314 1365 638 1436 φαινομένου
658 1382 670 1394 ⁸
713 1365 798 1420 ἵνα
823 1367 912 1420 καὶ
937 1368 1063 1420 ὅταν
1098 1366 1211 1438 ἴδῃς
1236 1367 1333 1438 τὴν
1362 1366 1454 1421 τοῦ
1486 1369 1625 1420 οἴνου
1652 1368 1867 1438 χρῆσιν,
1904 1366 1977 1438 μὴ

311 1449 388 1515 τῷ
412 1451 537 1521 οἴνῳ
567 1451 629 1504 τὸ
648 1453 754 1505 πᾶν
792 1452 1000 1525 λογίσῃ,
1028 1453 1163 1506 ἀλλά
1189 1456 1255 1525 τῇ
1290 1454 1602 1525 προαιρέσει
1636 1456 1700 1524 τῇ
1727 1452 1980 1526 διεφθαρ-

314 1537 470 1608 μένη,
503 1539 596 1592 καὶ
648 1539 785 1609 πρὸς
830 1539 927 1611 τὴν
964 1540 1160 1594 κακίαν
1191 1539 1628 1612 αὐτομολησάσῃ,
1668 1541 1873 1603 Ἀλλως
1921 1541 1976 1595 δὲ

311 1625 405 1678 καὶ
444 1625 691 1696 ἐννόησον
726 1625 828 1679 ποῦ
863 1629 1135 1698 χρήσιμος
1158 1628 1379 1697 γέγονεν
1412 1630 1439 1680 ὁ
1466 1624 1624 1693 οἰνος,
1649 1628 1739 1680 καὶ
1767 1627 1973 1698 φρῖξον,

311 1709 583 1782 ἄνθρωπε.
615 1712 678 1765 Ἠ
702 1712 805 1781 7&9
829 1713 1084 1776 ὑπόθεσις
1109 1715 1206 1784 τῆς
1225 1714 1494 1785 σωτηρίας
1522 1715 1678 1786 ἡμῶν
1703 1713 1810 1768 τῶν
1835 1716 1974 1783 ἀγα-

310 1796 418 1851 θῶν
446 1797 532 1852 διὰ
558 1798 746 1853 τούτου
780 1799 1031 1852 τελεῖται.
1072 1802 1278 1855 Ἴσασιν
1301 1802 1349 1854 οἰ
1377 1802 1715 1871 μεμυημένοι
1748 1801 1807 1854 τὸ
1833 1801 1977 1871 λεγόο

311 1902 489 1955 μενον.
519 1887 623 1941 Καί
652 1887 874 1957 ἤρξατο
918 1887 1046 1943 Νῶε
1068 1928 1082 1953 ,
1136 1890 1320 1960 φησὶν,
1377 1889 1684 1958 ἅνθρωπος
1722 1891 1974 1961 γεωργὸς

307 1968 442 2040 γῆς.
487 1974 585 2027 καὶ
641 1974 973 2043 ἐφύτευσεν
1004 1975 1326 2045 ἀμπελῶνα
1348 2015 1363 2038 ,
1411 1976 1510 2031 καὶ
1554 1976 1725 2030 ἔπιεν
1770 1978 1839 2031 ἐκ
1867 1976 1974 2031 τοῦ

305 2056 496 2121 οἴνου,
519 2058 616 2111 καὶ
651 2059 972 2127 ἐμεθύσθη,
1003 2060 1100 2115 καί
1128 2061 1438 2131 ἐγυμνώθη
1481 2061 1550 2114 ἐν
1587 2062 1666 2126 τῷ
1694 2062 1835 2128 οἴκῳ
1864 2064 1972 2117 αὐ-

306 2141 432 2196 τοῦ.
463 2145 644 2198 Δεινὸν
670 2146 795 2218 γὰρ,
844 2146 1038 2211 δεινὸν,
1085 2147 1357 2217 ἀγαπητὲ,
1395 2149 1427 2218 η
1459 2147 1618 2218 μέθη,
1663 2148 1757 2201 καὶ
1814 2149 1973 2221 ἱκανὴ

305 2229 561 2302 πηρῶσαι
586 2232 684 2295 τὰς
708 2233 1005 2305 αἰσθήσεις,
1037 2234 1130 2289 καὶ
1154 2233 1554 2288 καταϐαπτίσαι
1576 2233 1666 2287 τὸν
1692 2233 1969 2305 λογισμόν.

305 2315 349 2366 Τ
352 2316 410 2368 ὸν
438 2316 546 2387 7&9
566 2317 781 2386 λογικὸν
804 2317 1110 2390 ἄνθρωπον,
1141 2320 1235 2374 καὶ
1256 2319 1354 2390 τὴν
1383 2319 1525 2375 κατὰ
1546 2318 1761 2375 πάντων
1800 2320 1972 2392 ἀρχὴν

303 2400 746 2475 ἀναδεδεγμένον,
768 2405 1015 2475 καθάπερ
1033 2404 1224 2477 νεκρὸν
1246 2406 1340 2460 καὶ
1359 2407 1738 2479 ἀνενέργητον,
1756 2406 1974 2477 δεσμοῖς

303 2502 446 2542 τισιν
471 2489 686 2555 ἀλύτοις
728 2492 1006 2563 πεδήσασα
1044 2492 1255 2546 κεῖσθαι
1290 2493 1725 2564 παρασκευάζει·
1774 2493 1972 2564 μᾶλλον

301 2574 362 2628 δὲ
390 2578 483 2630 καὶ
511 2577 707 2648 νεκροῦ
737 2581 937 2650 χεῖρον.
982 2580 1040 2634 '0
1069 2580 1167 2651 μὲν
1196 2580 1303 2652 7&9
1326 2582 1418 2634 καὶ
1446 2580 1580 2652 πρὸς
1609 2581 1675 2635 τὰ
1705 2580 1845 2635 καλὰ
1879 2581 1972 2637 καὶ

303 2662 440 2733 πρὸς
461 2664 528 2717 τὰ
551 2666 694 2719 κακά
730 2666 1086 2738 ἀνενέργητος
1135 2667 1410 2736 τυγχάνει,
1437 2662 1589 2731 οὗτος
1623 2668 1680 2721 δὲ
1711 2669 1846 2740 πρὸς
1873 2669 1969 2740 μὲν

302 2748 372 2803 τά
396 2750 536 2804 καλὰ
568 2752 948 2825 ἀνενέργητος,
985 2753 1120 2824 πρὸς
1148 2754 1205 2807 δὲ
1230 2753 1298 2807 τά
1332 2753 1477 2807 κακά
1504 2753 1702 2823 μᾶλλον
1737 2756 1968 2824 ἐνεργεῖ,

303 2837 399 2890 καὶ
429 2837 605 2902 κοινὸς
651 2841 782 2893 πᾶσι
823 2839 994 2909 γέλως
1040 2841 1346 2909 πρόκειται,
1406 2842 1500 2894 καὶ
1528 2844 1593 2912 τῇ
1634 2842 1852 2911 γυναικὶ
1879 2842 1970 2895 καὶ

301 2924 416 2987 τοῖς
452 2925 683 2990 παιδίοις
713 2928 808 2982 καὶ⁸
830 2928 1014 2991 αὐτοῖς
1037 2931 1148 2991 τοῖς
1175 2929 1430 2992 οἰκέταις.
1468 2928 1531 2980 Ol
1564 2928 1661 2997 μὲν
1686 2929 1794 3000 7&9
1829 2929 1969 2998 φίλοι

302 3010 507 3064 οἰκείαν
537 3010 635 3083 τὴν
688 3011 947 3086 αἰσχύνην
1005 3013 1339 3084 λογιζόμενοι
1397 3013 1843 3082 ὲγκαλύπτονται,
1877 3016 1971 3069 καὶ

301 3098 668 3168 αἰσχύνονται,
703 3101 752 3159 οἱ
782 3101 841 3154 δὲ
870 3100 1052 3172 ἐχθροὶ
1089 3101 1372 3172 ὲφήδονται
1403 3099 1498 3153 καὶ
1529 3101 1845 3172 κωμῳδοῦσι
1876 3103 1970 3156 καὶ

300 3183 633 3255 ὲπαρῶνται,
667 3188 944 3257 μονονουχὶ
963 3187 1135 3242 ταῦτα
1156 3187 1402 3255 λέγοντες
1433 3186 1502 3240 τά
1551 3189 1767 3259 ῥήματα
1793 3205 1806 3219 ·
1842 3188 1970 3243 τοῦς

300 3287 392 3324 τον
412 3270 491 3325 δεῖ
519 3273 778 3327 ἀναπνεῖν
809 3272 899 3327 τὸν
929 3275 1096 3346 ἀέρας
1126 3275 1187 3328 τὸ
1222 3274 1493 3346 βόσκημα,
1523 3276 1613 3329 τὸν
1642 3280 1843 3347 χοῖρον,
1876 3279 1968 3331 καὶ

299 3356 382 3411 ἔτι
410 3358 611 3412 τούτων
638 3358 998 3430 χαλεπώτερα
1027 3361 1407 3432 φθεγγόμενοι.
1434 3363 1554 3415 Τῶν
1582 3364 1689 3434 γάρ
1722 3364 1829 3417 ἀπὸ
1862 3364 1967 3418 τῶν

304 3445 555 3514 πολέμων
583 3445 1005 3514 ἐπανελθόντων,
1030 3448 1123 3503 καὶ
1150 3448 1248 3512 τὰς
1273 3452 1461 3520 χεῖρας
1483 3451 1804 3520 ᾑμαγμένας
1828 3450 1970 3522 ἐχόν-

302 3548 429 3597 των,
477 3533 568 3586 καὶ
616 3532 856 3605 φοράδην
903 3534 1184 3605 ἀγομένων
1231 3537 1409 3606 χεῖρον
1453 3533 1595 3591 οὗτοι
1647 3537 1964 3593 διάκεινται.

314 3618 583 3685 Ἐκείνους
611 3620 713 3691 μὲν
742 3620 848 3693 7&9
878 3622 1007 3686 ἴσως
1028 3622 1118 3676 καὶ
1139 3622 1574 3694 ἐγκωμιάζουσιν
1595 3626 1642 3677 οί
1678 3625 1860 3678 πολλοὶ
1881 3626 1968 3682 διὰ

296 3705 370 3760 τὰ
398 3707 666 3778 τρόπαια,
708 3708 941 3775 διά¹τάς
984 3711 1160 3775 νίκας,
1193 3711 1280 3765 διὰ
1316 3710 1384 3765 τά
1411 3712 1698 3784 τραύματα
1748 3715 1839 3767 καὶ
1868 3714 1965 3779 τάς

300 3791 513 3860 σφαγάς
533 3808 545 3821 ·
594 3791 820 3856 τούτους
860 3793 918 3847 δὲ
949 3793 1346 3860 ταλανίςουσιν,
1364 3794 1581 3860 ἀθλίους
1609 3796 1962 3864 ἀποκαλοῦσι,

299 3876 471 3948 μυρία
488 3879 671 3943 αὐτοῖς
691 3880 1001 3951 ὲπαρῶνται
1026 3881 1191 3935 κακά.
1224 3883 1289 3935 Τί
1317 3882 1423 3953 γὰρ
1446 3882 1511 3936 ἂν
1527 3882 1613 3953 εἴη
1641 3882 1965 3955 ἀθλιώτερον

297 3963 392 4017 τοῦ
423 3967 488 4036 τῇ
513 3965 652 4039 μέθῃ
687 3967 1130 4040 προσηλωμένου,
1166 3969 1261 4022 καὶ
1313 3969 1436 4023 καθ’
1476 3969 1713 4041 ἑκάστην
1752 3971 1964 4042 ἡμέραν

296 4051 388 4105 τὸν
412 4052 650 4124 ἄκρατον
674 4053 1024 4125 ἐκχεομένου,
1049 4055 1143 4109 καὶ
1169 4054 1276 4109 τῶν
1302 4055 1580 4127 λογισμῶν
1600 4057 1660 4108 τὸ
1685 4060 1963 4128 κριτήριον

294 4137 735 4215 διαφθείροντος;
765 4140 863 4194 Διά
888 4141 1045 4195 τοῦτο
1066 4142 1160 4195 καὶ
1183 4142 1346 4212 σοφός
1370 4160 1451 4205 τις
1481 4144 1717 4213 παρῄνει
1746 4143 1918 4211 λέγων
1945 4163 1960 4179 ο

308 4223 478 4294 Ἀρχὴ
505 4224 654 4294 ζωῆς
674 4226 988 4294 ἀνθρώπου
1017 4228 1196 4296 aptae
1227 4229 1325 4283 καί
1368 4229 1524 4296 ὕδωρ
1561 4230 1657 4283 καὶ
1711 4229 1959 4299 Ιμάτιον,

294 4311 394 4366 καὶ
421 4307 588 4377 οἶκος
612 4312 933 4367 καλύπτων
956 4314 1431 4385 ἀσχημοσύνην,
1472 4317 1559 4369 ἵνα
1609 4316 1712 4369 κᾶν
1743 4317 1852 4388 ἁλῷ
1879 4337 1962 4384 τις

295 4399 401 4455 ὑπὸ
430 4398 530 4470 τῆς
558 4398 748 4471 μέθης,
781 4400 857 4472 μὴ
892 4400 1335 4475 ἐκπομπεύηται,
1389 4403 1525 4474 μηδὲ
1548 4403 1957 4477 δημοσιεύηται,

292 4491 430 4547 ἀλλὰ
460 4490 553 4543 καὶ
577 4490 681 4543 ὑπὸ
707 4489 817 4543 τῶν
841 4478 1056 4545 οἰκείων
1079 4492 1497 4565 περιστέλληται
1519 4534 1533 4559 ,
1568 4494 1664 4549 καὶ
1714 4494 1788 4565 μὴ
1824 4512 1959 4566 προ-

292 4581 487 4650 κέηται
518 4578 651 4631 πᾶσι
695 4577 928 4647 γέλωτος
970 4583 1064 4635 καὶ
1107 4582 1497 4654 ἀσχημοσύνης
1541 4584 1815 4647 ὑπόθεσις.
1848 4585 1957 4641 Kal

292 4666 536 4737 ἤρξατο,
563 4666 716 4738 φησὶ,
749 4666 879 4720 Νῶε
901 4668 1214 4736 ἄνθρωπος
1242 4671 1495 4741 γεωργὸς
1522 4670 1653 4740 γῆς,
1682 4671 1780 4727 καὶ
1818 4671 1960 4739 ἐφύ-

288 4772 508 4811 τευσεν
527 4752 875 4825 ἀμπελῶνα,
901 4756 998 4810 καὶ
1028 4755 1198 4809 ἔπιεν
1220 4757 1288 4810 ἐκ
1309 4757 1415 4812 τοῦ
1443 4758 1612 4812 οἴνου
1633 4796 1647 4821 ,
1686 4759 1785 4813 καὶ
1822 4759 1957 4829 ἐμε-

289 4845 511 4913 θύσθη.

358 4931 422 4986 ⁸⁷-
450 4932 631 5002 τὸτῆς
651 4931 820 5003 μέθης
836 4933 1030 5003 δνομα.
1050 4932 1321 5005 imm.
1346 4933 1437 4986 ἐπὶ
1452 4932 1723 5005 eaeam;
1738 4937 1957 5009 Γραφῆς

283 5019 349 5075 οὐ
376 5018 649 5089 πανταχοῦ
706 5019 800 5075 ὲπὶ
834 5019 1023 5074 τούτου
1066 5020 1300 5091 εἴρηται,
1348 5021 1485 5076 άλλά
1545 5027 1637 5077 καὶ
1673 5026 1822 5099 [285]
1865 5027 1957 5081 ἐπὶ

286 5109 628 5180 πλησμονῆς.
664 5107 833 5162 Τοῦτο
880 5103 974 5162 οὖν
1006 5106 1071 5160 ἀν
1104 5125 1187 5172 τις
1218 5108 1362 5162 εἴποι
1411 5112 1540 5182 περὶ
1607 5113 1697 5168 τοῦ
1745 5117 1955 5169 δικαίου

287 5196 498 5257 τούτου,
533 5195 614 5249 ὅτι
652 5197 713 5248 οὐ
745 5194 813 5248 δι’
846 5195 1116 5266 ἀκρασίαν
1145 5198 1225 5259 εἰς
1255 5197 1355 5269 τὴν
1410 5197 1582 5270 μέθην
1620 5203 1953 5265 κατέπεσεν,

286 5284 399 5357 ἀλλ’
429 5285 461 5354 η
485 5281 770 5354 πλησμονὴ
799 5281 958 5336 τοῦτο
987 5282 1134 5354 αύτῷ
1158 5284 1471 5355 εἰργάσατο.
1508 5289 1706 5342 Ἀκουε
1737 5291 1838 5362 γὰρ
1862 5292 1954 5344 τοῦ

285 5365 450 5421 Δαυῒδ
504 5365 753 5433 λέγοντος
775 5382 788 5397 ·
843 5365 1340 5434 Μεθυσθήσονται
1370 5369 1489 5424 ἀπὸ
1519 5369 1625 5439 τῆς
1673 5374 1957 5442 πιότητος

282 5454 391 5511 τοῦ
410 5454 582 5511 οἴκου
627 5468 766 5520 σου,
822 5453 945 5508 ἀντὶ
980 5453 1098 5522 τοῦ,
1129 5454 1547 5528 πλησθήσονται.
1578 5459 1788 5523 ’Ἄλλως
1816 5459 1874 5515 δὲ
1904 5462 1952 5513 οἰ

283 5544 351 5614 τῇ
385 5541 522 5613 μέθη
548 5540 773 5604 ἑαυτοὺς
810 5540 1103 5605 ἐκδιδόντες
1136 5543 1391 5597 οὐδέποτε
1434 5544 1595 5616 κόρον
1644 5546 1953 5616 λαμϐάνουσ-

287 5644 393 5691 σιν,
432 5628 546 5682 ἀλλ’
566 5629 676 5699 ὅσῳ
706 5627 771 5681 ἂν
800 5628 1062 5698 ἐγχέωσιν
1084 5630 1294 5693 ἑαυτοῖς
1322 5631 1413 5684 τὸν
1433 5630 1692 5703 ἄκρατον,
1714 5633 1953 5705 τοσούτῳ

291 5715 488 5779 μᾶλλον
511 5715 644 5784 πρὸς
673 5715 734 5768 τὸ
761 5715 911 5785 δίψος
945 5716 1259 5770 ὲκκαίονται
1281 5759 1296 5784 ,
1331 5720 1426 5772 καὶ
1466 5720 1502 5787 ἡ
1537 5719 1837 5789 μετάληψις
1866 5723 1953 5774 ἀεὶ

291 5800 617 5870 ὑπέκκαυμα
647 5802 851 5873 γίνεται
885 5802 979 5856 τοῦ
1006 5802 1222 5875 δίψους
1254 5805 1344 5858 καὶ
1385 5805 1452 5859 τά
1499 5804 1608 5874 μὲν
1632 5805 1734 5875 τῆς
1761 5806 1953 5877 ἡδονῆς

1121 211 1176 266 S.
1216 210 1500 267 JOANNIS
1536 206 2022 282 CllliY-SOS'IOMI
2063 203 2375 262 ARCHIEP.
2413 201 2958 261 CONSTANTINOP.

3654 202 3763 260 266

2093 317 2420 394 ἠμαύρωται
2443 318 2648 383 λοιπὸν,
2670 318 2731 371 τὸ
2744 317 2801 371 δὲ
2819 317 2971 387 δίψος
2996 315 3416 372 ἀκατάπαυστον
3436 318 3657 387 γεγονὸς
3677 323 3764 382 ετς

2090 408 2250 463 αὐτὸν
2280 407 2372 459 τὸν
2412 404 2654 477 κρημνὸν
2696 404 2796 473 τῆς
2829 402 3007 474 μέθης
3052 404 3279 474 κατάγει
3312 406 3438 470 τοὺς
3467 405 3558 458 ὑπ’
3586 406 3761 474 αὐτῆς

2090 494 2465 567 αἰχμαλώτους
2488 493 2905 563 γεγενημένους.
2937 491 3045 547 Kal
3082 493 3401 562 ἐφύτευσε,
3428 497 3589 568 φησὶν
3607 538 3623 562 ,
3645 497 3759 566 ἀμ-

2090 582 2350 646 πελῶνα,
2376 582 2476 636 καὶ
2500 582 2670 636 ἔπιεν
2706 580 2775 634 ἐκ
2806 579 2911 634 τοῦ
2937 580 3128 646 οἴνου,
3168 581 3267 634 καὶ
3294 581 3621 651 ἐμεθύσθη,
3657 583 3760 638 καὶ

2088 667 2394 738 ἐγυμνώοη
2416 668 2486 721 ἐν
2506 666 2586 735 τῷ
2613 667 2755 730 οἴκῳ
2787 666 2992 720 αὐτοῦ.
3027 666 3170 737 Ὅρα
3201 667 3363 720 αὐτὸν
3389 667 3489 721 οὐκ
3518 668 3622 733 ἔξω
3655 687 3758 723 που

2089 757 2245 812 τοῦτο
2279 756 2579 827 πάσχοντα,
2614 754 2745 808 ἀλλά
2776 756 2832 807 ἐν
2855 753 2932 824 τῷ
2959 754 3093 825 οἴκῳ
3119 754 3304 809 αὐτοῦ.
3338 756 3437 808 Διά
3462 755 3568 826 γὰρ
3597 757 3759 811 τοῦτο

2088 843 2474 915 ἐπεσημήνατο
2498 845 2531 914 η
2558 842 2677 897 θεία
2702 842 2893 913 Γραφὴ
2912 843 2991 894 ὅτι
3031 844 3135 896 Ἐν
3155 842 3235 907 τῷ
3257 843 3402 907 οἴκῳ
3428 844 3635 905 αὐτοῦ,
3670 846 3760 897 ἴνα

2089 937 2153 988 ὲκ
2182 935 2291 988 τῶν
2324 934 2681 1005 ἐπαγομένων
2706 934 2806 1004 τὴν
2828 933 3075 985 ὲπίτασιν
3103 932 3220 1003 ἴδῃς
3238 932 3334 1002 τῆς
3362 933 3624 1003 πονηρίας
3660 933 3757 986 τοῦ

2086 1022 2186 1094 τὴν
2209 1022 2485 1094 γύμνωσιν
2509 1019 3009 1090 ὲκπομπεύσαντος.
3043 1016 3150 1070 Kal
3177 1014 3320 1080 εἶδε,
3361 1019 3513 1087 φησὶ,
3558 1018 3688 1087 Χὰμ
3717 1021 3757 1072 δ

2087 1109 2282 1177 πατὴρ
2314 1106 2557 1162 Χαναὰν
2576 1107 2689 1174 τὴν
2718 1107 3024 1176 γύμνωσιν
3051 1105 3156 1158 τοῦ
3177 1105 3402 1173 πατρὸς
3421 1104 3636 1171 αὐτῶν,
3656 1105 3760 1160 καὶ

2086 1196 2355 1260 ἐξελθὼν,
2378 1194 2697 1263 ἀνήγγειλε
2726 1193 2852 1258 τοῖς
2883 1191 3067 1246 δυσίν
3085 1191 3368 1261 ἀδελφοῖς
3394 1192 3580 1245 αὑτοῦ
3611 1191 3752 1256 ἔξω.

2088 1285 2240 1354 Τάχα
2267 1285 2315 1335 εἰ
2339 1282 2430 1336 καί
2450 1298 2593 1344 τινες
2612 1280 2788 1351 ἕτεροι
2814 1275 2974 1351 ἦσαν,
3005 1279 3279 1341 κάκείνοις
3298 1280 3362 1331 ἂν
3394 1280 3626 1348 ἐμήνυσε
3655 1279 3756 1349 τὴν

2085 1371 2178 1423 τοῦ
2214 1372 2423 1440 πατρὸς
2451 1367 2840 1438 ἀσχημοσύνην
2862 1382 2875 1395 ·
2898 1365 3133 1435 τοσαύτη
3162 1361 3230 1435 ἦν
3251 1365 3344 1417 τοῦ
3379 1366 3563 1428 παιδὸς
3591 1367 3622 1435 ή
3653 1383 3754 1435 μο-

2086 1458 2304 1529 χθηρία.
2330 1456 2429 1510 Διά
2453 1457 2560 1525 7&9
2578 1454 2757 1518 τοῦτο,
2790 1453 2877 1507 ἵνα
2911 1454 3087 1524 μάθῃς
3118 1454 3200 1505 ὅτι
3220 1452 3425 1506 ἀνωθεν
3458 1454 3551 1505 καὶ
3571 1452 3630 1516 ἐξ
3652 1456 3753 1520 ἀρ-

2086 1546 2186 1616 χῆς
2224 1542 2616 1614 διεφθαρμένος
2642 1537 2710 1612 ἦν
2738 1540 2838 1611 τὴν
2867 1540 3116 1610 γνώμην,
3169 1541 3269 1610 οὐχ
3316 1540 3501 1603 ἁπλῶς
3540 1536 3693 1593 εἶπεν
3717 1542 3751 1611 ἠ

2086 1630 2292 1702 Γραφὴ,
2328 1630 2407 1683 ὅτι
2435 1626 2538 1682 εἶδε
2560 1627 2689 1698 Χάμ
2709 1627 2809 1698 τὴν
2847 1627 3127 1696 γύμνωσιν
3163 1625 3255 1679 τοῦ
3290 1626 3495 1696 πατρὸς
3538 1626 3704 1680 αὑτοῦ
3734 1666 3751 1689 ,

2084 1717 2220 1771 ἀλλά
2245 1716 2330 1781 τί;
2360 1715 2469 1770 Kal
2491 1712 2612 1768 εἶδε
2639 1715 2766 1783 Χὰμ
2785 1717 2820 1767 ό
2845 1712 3043 1781 πατὴρ
3065 1711 3324 1767 Χαναὰν.
3357 1712 3510 1775 Τίνος
3543 1711 3750 1776 ἕνεκεν,

2084 1803 2204 1857 εἰπέ
2231 1821 2340 1874 μοι,
2373 1804 2468 1855 καὶ
2495 1800 2729 1855 ἐνταῦθα
2765 1799 2859 1854 τοῦ
2884 1799 3002 1853 υίοῦ
3044 1798 3191 1868 λέγει
3222 1798 3320 1867 τὴν
3349 1798 3752 1869 προσηγορίανδ

2086 1891 2203 1944 Ἵνα
2238 1889 2413 1963 μάθῃς
2439 1890 2521 1942 ὄτι
2553 1888 2795 1960 ἀκρατής
2819 1904 2903 1952 τις
2934 1883 3002 1959 ἦν
3034 1887 3130 1940 καὶ
3160 1886 3483 1949 ἀκόλαστος,
3523 1886 3616 1939 καὶ
3642 1887 3755 1943 ἀπὸ

2082 1977 2182 2045 τῆς
2205 1976 2376 2046 αὐτῆς
2403 1974 2650 2045 γνώμης,
2686 1975 2781 2043 ἀφ’
2805 1971 2872 2048 ἦς
2902 1975 2960 2029 ὲν
2990 1973 3225 2045 τοσαύτῃ
3262 1973 3589 2027 καταστάσει
3619 1992 3751 2028 παι-

2081 2065 2317 2119 δοποιεῖν
2339 2062 2617 2133 ἠνέσχετο,
2648 2062 2757 2116 ἀπὸ
2773 2062 2873 2131 τῆς
2899 2062 3069 2131 αὐτῆς
3095 2062 3189 2114 καὶ
3207 2059 3299 2114 νῦν
3324 2062 3406 2122 εἰς
3442 2061 3532 2113 τὸν
3562 2078 3752 2129 γεγενε-

2081 2150 2283 2221 νηκότα
2305 2148 2579 2220 ἐξύϐρισε.
2604 2148 2715 2203 Kal
2748 2148 3033 2213 ἐξελθὼν,
3064 2148 3250 2218 φησὶν,
3284 2147 3602 2217 ἀνήγγειλε
3627 2149 3753 2216 τοῖς

2081 2236 2265 2291 δυσὶν
2315 2235 2596 2306 ἀδελφοῖς
2635 2235 2822 2305 αὑτοῦ
2851 2235 2986 2299 ἔξω.
3025 2236 3166 2305 Ὅρα
3196 2251 3286 2304 μοι
3324 2233 3578 2299 ἐνταῦθα,
3611 2237 3751 2302 ἀγα-

2081 2324 2240 2394 πητὲ,
2272 2323 2390 2388 πῶς
2418 2325 2518 2377 οὐκ
2545 2324 2604 2377 ὲν
2635 2325 2702 2394 τῇ
2730 2322 2890 2393 φύσει
2918 2320 2988 2376 τὰ
3011 2322 3109 2393 τῆς
3134 2322 3329 2384 κακίας
3355 2321 3618 2389 ἔγκειται,
3633 2321 3750 2376 ἀλλ’

2080 2411 2139 2463 ἄν
2176 2412 2240 2480 τῇ
2266 2409 2461 2483 γνώμῃ
2491 2410 2584 2462 καὶ
2616 2410 2676 2462 ὲν
2704 2411 2771 2479 τῇ
2821 2408 3160 2480 προαιρέσει.
3218 2407 3348 2462 Ἰδοὺ
3377 2408 3487 2479 γάρ
3515 2408 3754 2478 ἀμφότε-

2083 2513 2166 2568 ροι
2188 2497 2288 2568 τῆς
2310 2496 2477 2567 αὐτῆς
2505 2495 2739 2565 φύσεως,
2764 2496 2859 2549 καὶ
2888 2495 3125 2564 ἀδελφοὶ,
3159 2495 3250 2549 τὸν
3273 2494 3437 2549 αὑτὸν
3463 2495 3620 2565 ἔσχον
3642 2510 3751 2549 πα-

2080 2583 2235 2655 τέρα,
2265 2582 2374 2636 τῶν
2393 2583 2572 2636 αὐτῶν
2595 2582 2915 2653 ἀπήλαυσαν
2936 2581 3281 2652 ὡδίνων,τῆς
3336 2583 3507 2652 αὐτῆς
3560 2584 3754 2651 ἐπιμε-

2080 2670 2230 2733 λείας
2260 2669 2467 2740 έτυχον,
2503 2669 2617 2724 ἀλλ’
2643 2670 2703 2722 ού
2724 2669 2820 2738 τὴν
2849 2669 3018 2738 αὐτὴν
3045 2668 3360 2739 προαίρεσιν
3386 2668 3750 2736 ὲπεδείξαντνν

2078 2758 2193 2813 ἀλλ’
2222 2760 2250 2811 ὁ
2282 2760 2379 2829 μὲν
2410 2760 2543 2830 πρὸς
2561 2758 2659 2826 τὴν
2690 2758 2887 2811 κακίαν
2913 2757 3219 2823 ὲξώλισθεν,
3250 2760 3297 2811 οἱ
3325 2758 3382 2809 δὲ
3401 2758 3503 2828 τὴν
3534 2758 3750 2828 ὀφειλο-

2082 2846 2248 2917 μένην
2271 2845 2349 2916 τῷ
2377 2845 2544 2915 πατρὶ
2576 2844 2741 2916 τιμὴν
2785 2844 3108 2913 ἀπένειμαν.
3162 2846 3321 2908 Ἴσως
3352 2844 3409 2896 δὲ
3457 2846 3551 2898 καὶ
3578 2847 3755 2915 ἐπεμ-

2078 2934 2278 2989 ϐαίνων
2314 2937 2380 3006 τῇ
2402 2934 2496 2987 τοῦ
2526 2935 2730 3003 πατρὸς
2754 2933 3113 3006 ἀσχημοσύνῃ
3137 2932 3230 2987 καὶ
3255 2933 3530 3003 κωμῳδῶν
3564 2934 3624 2986 τὸ
3655 2951 3752 3002 7e-

2076 3024 2233 3092 γονὸς
2289 3022 2590 3094 ἐξήγγειλε,
2626 3023 2717 3076 καὶ⁵
2744 3023 2842 3076 οὐκ
2867 3023 3065 3093 ἢκουσε
3101 3020 3264 3090 σοφοῦ
3291 3039 3436 3086 τινος
3466 3022 3747 3090 λέγοντοςυ

2076 3112 2173 3181 Μὴ
2199 3110 2448 3177 δοξάζον
2477 3113 2546 3166 ὲν
2571 3112 2772 3181 ἀτιμίᾳ
2794 3112 3018 3180 πατρός
3044 3124 3182 3166 σου.
3237 3109 3377 3164 Ἀλλ’
3434 3112 3484 3165 οἰ
3529 3109 3750 3180 ἀδελφοὶ

2076 3201 2173 3270 οὐχ
2209 3199 2411 3263 οὕτως’
2447 3198 2583 3252 ἀλλά
2632 3198 2720 3264 τίς
2774 3197 2960 3252 Ταῦτα
3001 3197 3334 3260 ἀκούσαντες
3357 3236 3373 3261 ,
3424 3199 3745 3264 Λαϐόντες,

2077 3289 2232 3358 φησι,
2260 3287 2392 3356 Σὴμ
2409 3286 2507 3339 καί
2538 3283 2736 3354 Ἰάφεθ
2757 3284 2823 3339 τὸ
2850 3283 3101 3354 ἱμάτιον,
3123 3284 3406 3340 ἐπέθεντο
3424 3284 3525 3337 ἐπὶ
3540 3285 3613 3339 τὰ
3633 3284 3746 3340 δύο

2073 3373 2235 3429 νῶτα
2285 3373 2502 3436 αὐτῶν,
2550 3373 2650 3427 καὶ
2688 3372 3110 3440 ἐπορεύθησαν
3167 3371 3608 3441 ὁπισθοςοιινῶς,
3644 3372 3747 3428 καὶ

2075 3461 2517 3530 συνεκάλυψαν
2570 3459 2688 3528 τὴν
2738 3463 3046 3529 γύμνωσιν
3093 3460 3200 3514 τοῦ
3251 3458 3478 3527 πατρὸς
3512 3455 3745 3515 αὐτῶν

2074 3549 2171 3601 καὶ
2214 3547 2278 3601 τὸ
2317 3548 2640 3615 πρόσωπον
2660 3545 2858 3601 αὐτῶν
2882 3544 3307 3615 ὀπισθοφανὲς,
3353 3546 3451 3600 καί
3498 3544 3613 3614 τὴν
3639 3547 3747 3615 γύ-

2069 3648 2306 3702 μνωσιν
2336 3631 2443 3685 τοῦ
2464 3631 2688 3699 πατρὸς
2711 3632 2910 3687 αὐτῶν
2930 3634 3040 3686 οὐκ
3060 3628 3245 3686 εἶδον.
3278 3628 3424 3695 Εἶδες
3464 3633 3745 3700 εὐγνωμο-

2076 3720 2241 3790 σύνην
2301 3719 2539 3782 παίδων;
2586 3719 2643 3771 Ὀ
2701 3718 2798 3788 μὲν
2848 3719 2945 3772 καὶ
2975 3717 3400 3788 ὲξεπόμπιυσεν,
3439 3719 3489 3771 οἰ
3532 3717 3591 3770 δὲ
3622 3717 3745 3770 οὐδὲ

2076 3809 2205 3864 ἰδεῖν
2234 3809 2531 3877 ἀνέχονται,
2557 3806 2671 3860 ἀλλ’
2701 3805 3078 3874 ὁπισθοφανῶς
3107 3805 3434 3876 βαδίζουσιν,
3459 3807 3543 3860 ἴνα
3565 3805 3742 3874 ὀρθῶς

2075 3892 2387 3963 βαδίσαντες
2411 3890 2800 3962 συγκαλύψωσι
2826 3893 2920 3945 τοῦ
2945 3891 3148 3962 πατρὸς
3176 3891 3274 3962 τὴν
3300 3890 3601 3962 γύμνωσιν.
3631 3890 3743 3943 Καὶ

2071 3980 2173 4051 δρα
2202 3978 2382 4033 αὐτῶν
2444 3978 2583 4049 μετά
2638 3979 2739 4048 τῆς
2798 3977 2996 4049 πολλῆς
3048 3979 3466 4052 εὐγνωμοσύνης
3505 3978 3600 4031 καὶ
3643 3979 3741 4048 τὴν

2072 4062 2387 4117 ἐπιείκειαν.
2418 4060 2555 4115 Οὔτε
2579 4063 2688 4132 7&9
2714 4060 3060 4132 ἐπιτιμῶσιν,
3096 4059 3219 4114 οὔτε
3248 4059 3637 4132 ἐπιπλήττουσι
3662 4059 3742 4129 τῷ

2070 4149 2306 4221 ἀδελφῷ,
2338 4150 2452 4203 ἀλλ’
2480 4149 2836 4212 ἀκούσαντες,
2864 4149 2982 4211 ἑνὸς
3014 4148 3176 4219 μόνου
3206 4149 3465 4216 γίνονται,
3514 4144 3608 4201 τοῦ
3640 4147 3740 4217 τὴν

2068 4237 2353 4307 διόρθωσιν
2376 4238 2595 4307 ταχεῖαν
2626 4235 2980 4307 ποιήσασθαι,
3020 4233 3196 4288 καὶτὰ
3219 4234 3298 4296 εἰς
3326 4234 3491 4305 τιμὴν
3518 4232 3614 4286 τοῦ
3643 4250 3738 4301 γε·
3768 4247 3787 4267 ·

2069 4324 2391 4393 γεννηκότος
2445 4323 2785 4378 συντείνοντα
2843 4320 3236 4391 ἐπιδείξασθαι.
3310 4318 3459 4393 [9.86]
3519 4320 3623 4375 Kal
3670 4321 3739 4375 τὸ

2068 4407 2395 4475 πρόσωπον
2421 4404 2641 4470 αὐτῶν,
2672 4407 2860 4476 φησὶν,
2892 4403 3317 4473 ὀπισθοερανὲς,
3370 4404 3470 4457 καὶ
3492 4402 3608 4471 τὴν
3638 4406 3737 4473 γύ-

2062 4508 2302 4566 μνωσιν
2332 4492 2436 4548 τοῦ
2455 4493 2680 4561 πατρὸς
2709 4490 2907 4546 αὐτῶν
2929 4494 3039 4547 οὐκ
3060 4488 3245 4546 εἶδον.
3271 4491 3446 4562 Πολλὴ
3479 4491 3586 4546 τῶν
3614 4491 3736 4545 παί-

2066 4581 2173 4636 δων
2201 4583 2234 4654 ή
2261 4579 2535 4643 εὐλάϐεια,
2568 4579 2659 4633 καὶ
2687 4579 2889 4650 ταύτην
2916 4581 3050 4651 ἡμῖν
3072 4578 3342 4633 δείκνυσιν
3369 4578 3504 4633 ούτὸ
3528 4578 3736 4632 σκεπά-

2069 4687 2158 4725 σαι
2184 4670 2362 4742 μόνον,
2401 4669 2536 4724 ἀλλά
2563 4670 2658 4723 καὶ
2691 4668 2768 4741 μὴ
2800 4660 3131 4738 ἀνασχέσθαι
3168 4669 3317 4722 ἰδεῖν.
3352 4667 3738 4737 Παιδευθῶμεν

2062 4758 2244 4812 ,τοίνυν
2268 4759 2362 4812 καὶ
2391 4756 2660 4820 ἐντεῦθεν,
2696 4757 2791 4810 καὶ
2813 4757 2871 4822 ἐξ
2901 4756 3223 4826 ἀμφοτέρων
3248 4754 3620 4825 κερδάνωμεν,
3641 4756 3736 4807 καὶ

2065 4844 2285 4908 τούτους
2320 4845 2418 4916 μὲν
2451 4843 2766 4915 μιμώμεθα,
2792 4842 3001 4896 ἐκείνου
3030 4842 3086 4897 δὲ
3118 4842 3207 4896 τὸν
3228 4842 3391 4911 ζῆλον
3422 4841 3732 4911 φεύγωμεν.

2063 4932 2129 4985 Εἰ
2162 4932 2268 5002 γὰρ
2309 4930 2591 5001 γύμνωσιν
2644 4930 2907 5002 αἰσθητὴν
2952 4932 2981 4983 ὁ
3026 4928 3442 4998 ἐκπομπεύσας,
3490 4929 3735 4999 κατάρας

2065 5019 2256 5072 ἑαυτὸν
2310 5016 2611 5071 ὑπεύθυνον
2660 5019 2987 5087 κατέστησε,
3044 5016 3263 5087 καὶτῆς
3308 5016 3600 5086 ὁμοτιμίας
3627 5014 3734 5067 τῶν

2063 5104 2307 5174 ἀδελφῶν
2332 5104 2600 5169 ἐκπεσὼν,
2625 5102 2896 5157 δουλεύειν
2934 5103 3115 5167 αὐτοῖς
3154 5102 3539 5171 κατεδικάσθη,
3565 5103 3614 5153 εί
3641 5101 3736 5153 καὶ

2067 5194 2141 5264 μὴ
2171 5192 2331 5258 αὐτὸς
2357 5194 2583 5257 ἐκεῖνος,
2615 5192 2731 5246 ἀλλ’
2758 5193 2807 5244 οί
2832 5190 2889 5258 ἐξ
2913 5190 3074 5247 αὐτοῦ
3105 5191 3304 5253 πάντες
3323 5207 3338 5221 ο
3375 5191 3427 5243 τί
3455 5188 3733 5242 πείσονται

2063 5282 2110 5332 οἱ
2148 5281 2215 5333 τά
2241 5281 2612 5352 ἁμαρτήματα
2639 5279 2746 5332 τῶν
2773 5278 3019 5349 ἀδελφῶν
3062 5276 3520 5348 ἐκπομπεύοντες,
3544 5276 3639 5329 καὶ
3670 5276 3732 5330 ού

2066 5365 2225 5436 μόνον
2256 5366 2318 5418 οὐ
2352 5365 2810 5438 περιστέλλοντες,
2855 5365 2990 5419 ἀλλὰ
3029 5365 3124 5418 καὶ
3155 5364 3419 5436 μειζόνως
3453 5364 3596 5417 αὐτά
3621 5380 3732 5418 ποι-

2060 5452 2248 5515 οῦντες
2268 5451 2566 5523 κατάδηλα,
2588 5453 2683 5507 καὶ
2712 5452 2883 5507 πολλά
2927 5453 2992 5506 ἐκ
3033 5452 3221 5505 τούτου
3274 5451 3630 5521 ἐργαζόμενοι
3662 5450 3729 5503 τά

2061 5540 2468 5615 ἀμαρτήματα;
2506 5543 2673 5596 Ὅταν
2705 5541 2814 5609 γὰρ
2846 5539 3209 5612 δημοσιεύσης
3250 5539 3348 5592 τοῦ
3388 5538 3619 5608 ἀδελφοῦ
3667 5540 3728 5590 τὸ

2066 5631 2330 5696 πταῖσμα,
2360 5630 2422 5682 οὑ
2458 5629 2618 5699 μόνον
2639 5631 2842 5684 ἐκεῖνον
2875 5629 3353 5699 ἀναισχυντότερον
3378 5628 3471 5681 καὶ
3497 5628 3727 5697 ὀκνηρό-

2059 5728 2215 5785 τερον
2249 5716 2488 5784 εἰργάσω
2510 5716 2638 5779 ἴσως
2668 5717 2802 5787 πρὸς
2825 5717 2920 5786 τὴν
2944 5715 3202 5769 ἐπάνοδον
3232 5717 3329 5786 τῆς
3349 5714 3572 5787 ἀρετῆς,
3590 5714 3723 5767 ἀλλὰ

2061 5799 2154 5853 καὶ
2186 5801 2308 5864 τοὺς
2331 5801 2622 5866 ἀκούοντας
2656 5804 3056 5875 ῥᾳθυμοτέρως
3074 5804 3433 5872 κατέστησας,
3470 5803 3561 5855 καὶ
3588 5803 3717 5871 προς
