4066 6140
439 232 544 287 265

509 344 609 398 Cur
637 343 748 397 vitis
772 345 824 396 in
869 343 997 396 hanc
1018 344 1164 396 vitam
1190 342 1490 395 introducta.
1536 339 1716 392 Vinum
1743 340 1792 392 in
1823 349 2006 410 myste-

437 437 546 487 riis.
581 463 653 474 -—-
690 434 805 488 Jam
839 433 974 487 forte
1015 443 1217 503 quaerat
1249 434 1458 502 aliquis,
1488 432 1662 498 Quare
1699 433 1874 499 planta
1931 441 2007 484 tot

437 528 590 579 malis
615 527 766 596 plena
792 527 842 580 in
872 527 1007 580 lianc
1022 527 1180 580 vitam
1211 528 1462 594 producta
1487 527 1601 580 est?
1625 524 1701 578 Ne
1724 526 1789 577 ita
1811 533 2009 579 temere

439 618 690 686 loquaris,
725 617 904 683 homo,
927 618 1104 671 omnia
1140 633 1259 685 qua:
1290 618 1341 669 in
1371 617 1589 670 buccam
1623 617 1862 671 veniunt.
1891 617 2006 671 Non

436 716 518 761 est
540 708 719 778 planta
749 708 863 762 hazc
887 709 1044 774 mala,
1080 723 1250 777 neque
1278 709 1457 761 vinum
1490 709 1710 773 malmn,
1741 708 1833 762 sed
1873 708 2018 762 illius.

436 799 633 852 abusus
655 839 668 861 ,
697 799 820 868 quia
850 815 954 852 non
982 814 1044 851 ex
1076 799 1219 862 vino,
1252 797 1344 852 sed
1369 813 1435 852 ex
1460 813 1709 864 perversa
1741 799 2008 853 voluntate

438 887 638 940 nefaria
661 889 860 942 scelera
887 897 1162 955 patrantur
1195 903 1208 937 :
1237 894 1292 941 et
1319 903 1438 940 cum
1471 889 1521 940 in
1554 903 1618 942 eo
1639 888 1941 950 situtilitas,
1963 889 2004 941 si

437 986 642 1043 noceat,
687 979 736 1030 iu
777 993 934 1032 causa
963 985 1044 1031 est
1093 977 1516 1045 intemperantia.
1545 977 1804 1042 Quocirca
1859 993 2003 1032 nunc

437 1078 553 1134 post
583 1067 834 1120 diluvium
876 1066 1109 1121 ostendit
1149 1067 1241 1120 tibi
1289 1066 1398 1120 viui
1439 1082 1612 1131 nsum,
1654 1075 1709 1120 ut
1761 1068 2006 1122 ostendat

435 1157 594 1210 etiam
621 1169 744 1210 ante
774 1157 877 1208 vini
907 1170 1057 1208 usum
1087 1156 1138 1208 in
1167 1155 1504 1210 immodicam
1537 1156 1797 1208 luxuriam
1831 1156 2006 1208 buma-

434 1262 560 1300 num
590 1261 754 1315 genus
792 1244 1058 1306 incidisse.
1087 1245 1370 1314 multisque
1401 1246 1634 1312 peccatis
1659 1261 1716 1299 se
1746 1247 2005 1298 contami-

434 1339 662 1400 navisse,
690 1354 806 1392 cum
829 1339 997 1392 adhuc
1016 1339 1122 1390 vini
1146 1352 1270 1392 usus
1286 1338 1582 1392 nesciretur
1608 1348 1697 1392 :ut
1715 1347 1766 1392 et
1791 1340 2002 1407 quando

434 1428 627 1483 videris
677 1443 827 1483 usum
864 1429 994 1490 vini,
1029 1445 1134 1483 non
1159 1431 1282 1484 vino
1305 1438 1469 1484 totum
1502 1431 1723 1495 tribuas,
1755 1430 1846 1484 sed
1878 1446 1999 1484 cor-

432 1527 600 1586 ruptze
643 1518 894 1572 voluntati
933 1535 1030 1572 sua
1078 1530 1266 1588 sponte
1309 1519 1374 1574 ad
1428 1521 1622 1574 malum
1650 1522 1842 1575 ruenti.
1884 1523 1999 1575 Alia

431 1623 638 1677 quoque
666 1609 869 1663 ratione
913 1611 1211 1672 considera,
1245 1611 1333 1663 ubi
1360 1612 1538 1664 vinum
1568 1611 1723 1666 fuerit
1752 1613 1882 1666 utile
1907 1655 1920 1677 ,
1949 1623 2002 1667 et

429 1700 802 1765 contremiscc,
836 1701 907 1754 mi
937 1699 1115 1754 homo.
1149 1701 1280 1755 Nam
1311 1716 1405 1770 per
1436 1702 1536 1755 hoc
1585 1703 1802 1757 materia
1837 1704 2000 1756 bono-

429 1806 546 1844 rum
589 1791 774 1845 salutis
813 1798 1009 1845 nostra:
1059 1792 1346 1860 perficitur.
1395 1792 1576 1846 Sciunt
1613 1793 1698 1861 qui
1735 1795 2000 1862 mysteriis

430 1879 617 1934 initiati
638 1888 782 1946 sunt,
811 1881 934 1950 quid
966 1881 1188 1934 dicatur.
1225 1880 1289 1933 Et
1314 1883 1482 1952 coepit,
1507 1881 1694 1951 inquit,
1727 1882 1842 1935 Noe
1862 1885 1995 1952 agri-

427 1973 538 2032 cola
585 1981 749 2038 terrae,
799 1983 844 2026 et
887 1974 1126 2041 plantavit
1155 1975 1380 2036 vineam,
1427 1985 1472 2028 et
1511 1975 1631 2028 bibit
1671 1975 1733 2028 de
1776 1977 1918 2038 vino,
1953 1987 1999 2029 et

427 2063 699 2117 inebriatus
722 2075 813 2127 est,
840 2075 884 2116 et
901 2064 1120 2117 nudatus
1149 2073 1217 2117 est
1242 2066 1292 2118 in
1318 2065 1465 2118 domo
1487 2081 1598 2119 sua.
1619 2065 1996 2121 Gravissimum

426 2152 674 2220 quiddam
703 2163 784 2208 est
813 2153 1060 2217 ebrietas,
1085 2153 1443 2217 dilectissime,
1471 2155 1609 2224 quod
1638 2155 1997 2224 possitexrre-

425 2257 546 2296 care
561 2258 768 2307 sensus,
785 2253 838 2298 et
854 2243 1192 2315 submergere
1214 2255 1455 2301 mentem.
1500 2247 1777 2302 Hominem
1805 2249 1998 2317 quippe

424 2335 755 2397 rationalem,
782 2336 870 2404 qui
902 2351 1063 2403 super
1095 2336 1272 2390 omnia
1297 2336 1590 2390 dominium
1622 2347 1878 2407 suscepit,
1911 2340 1995 2392 in-

422 2425 574 2494 jectis
602 2427 823 2480 vinculis
850 2426 1238 2492 insolubilibus,
1269 2429 1416 2496 quasi
1441 2437 1704 2482 mortuum
1727 2437 1781 2483 et
1805 2444 1992 2498 opera-

425 2515 566 2568 tione
595 2525 862 2570 carentem
895 2517 1185 2586 prosternit
1213 2535 1226 2572 :
1260 2518 1367 2573 imo
1397 2519 1635 2572 deterius
1682 2519 1989 2586 habentem,

421 2620 578 2674 quam
627 2616 912 2660 mortuum.
950 2606 1082 2661 Nam
1127 2619 1367 2662 mortuus
1418 2623 1589 2678 neque
1627 2609 1782 2672 bona,
1818 2625 1992 2680 neque

420 2697 554 2750 mala
599 2699 804 2767 operari
860 2706 1030 2767 potest
1079 2700 1302 2754 :ebrius
1345 2710 1518 2754 autem
1560 2700 1684 2752 nihil
1711 2702 1832 2755 boni
1856 2703 1994 2756 valet

419 2791 649 2858 operari,
672 2790 736 2844 ad
769 2793 965 2845 malum
991 2801 1166 2846 tamen
1197 2791 1496 2846 faciendum
1527 2793 1646 2861 plus
1678 2803 1869 2861 potest,
1906 2795 1990 2861 ja-

417 2890 605 2949 cetque
633 2879 884 2935 ridiculus
909 2881 1172 2947 omnibus,
1203 2891 1257 2936 et
1278 2885 1424 2935 untori
1452 2891 1506 2936 ct
1532 2884 1650 2935 filiis
1676 2893 1724 2939 et
1759 2883 1987 2938 famulis.

417 2971 586 3025 Amici
617 2970 758 3026 enim
795 2987 942 3026 suam
989 2973 1326 3042 ignominiam
1359 2976 1671 3045 cogitantes,
1717 2978 1909 3032 rubore
1937 2988 1993 3032 et

417 3061 618 3129 pudore
645 3061 1054 3119 suﬂ'unduntur:
1085 3064 1279 3119 inimici
1319 3078 1494 3120 autem
1537 3068 1886 3132 oblectantur,
1936 3080 1991 3124 et

418 3150 660 3217 irrident,
688 3159 742 3206 et
769 3162 1131 3220 exsecrantur,
1156 3153 1268 3208 hmc
1283 3157 1664 3224 propemodum
1690 3159 1984 3227 loquentes:

417 3240 684 3296 Hunccine
703 3243 1166 3311 oportebatvivere
1185 3247 1207 3298 ?
1233 3255 1283 3300 et
1302 3245 1562 3303 hunccine
1583 3251 1858 3318 oportebat
1879 3253 1988 3319 spi-

415 3346 534 3386 rare
564 3347 738 3387 aerem
765 3334 790 3386 τ
817 3349 848 3386 ο
873 3349 1033 3402 pecus
1061 3335 1075 3389 ι
1104 3351 1135 3389 0
1159 3351 1376 3406 porcum
1400 3338 1412 3391 ε
1445 3347 1498 3393 et
1536 3339 1707 3395 adhuc
1745 3342 1983 3410 graviora

416 3421 719 3490 loquuntur.
754 3423 1022 3478 Deteriore
1049 3426 1188 3479 enim
1219 3427 1268 3479 in
1299 3434 1439 3481 statu
1469 3438 1774 3496 suntquam
1803 3430 1856 3493 ii,
1894 3431 1982 3500 qui

414 3527 478 3564 ex
509 3513 702 3580 pra-liis
729 3514 952 3568 redeunt
977 3516 1122 3571 caede
1149 3519 1502 3588 coinquinatis
1529 3519 1790 3585 manibus,
1819 3531 1873 3577 ct
1903 3530 1985 3574 tu-

414 3602 674 3657 multuose
704 3613 1056 3673 reportantur.
1087 3605 1208 3662 Illos
1257 3608 1399 3662 enim
1430 3607 1669 3664 fortassis
1696 3611 1846 3663 multi
1873 3611 1984 3666 lau-

413 3690 566 3747 dibus
604 3695 860 3750 extollunt
917 3707 1133 3766 propter
1179 3707 1398 3767 tronaia,
1450 3711 1667 3770 prepter
1708 3703 1978 3770 victorias,

413 3793 628 3851 propter
653 3785 867 3840 vulnera
889 3795 941 3842 et
963 3788 1135 3842 caedes
1161 3805 1174 3842 :
1201 3789 1377 3845 ebrios
1405 3800 1581 3844 autem
1603 3791 1828 3844 miseros
1855 3807 1982 3861 pro-

412 3872 656 3940 clamant,
708 3892 1040 3933 mrumnosos
1075 3888 1283 3944 vocant,
1319 3889 1369 3934 et
1407 3881 1682 3936 innumera
1720 3883 1799 3937 eis
1844 3883 1980 3938 mala

411 3965 788 4034 imprecantur.
811 3970 944 4036 Quid
973 3971 1112 4025 enim
1142 3987 1207 4024 eo
1235 3971 1476 4026 miserius
1501 3971 1677 4038 fuerit,
1695 3974 1783 4043 qui
1803 3975 1980 4029 ebrie-

410 4057 499 4107 tati
530 4055 738 4112 deditus
761 4068 864 4124 est,
895 4067 947 4112 et
973 4059 1206 4128 quotidie
1227 4060 1406 4114 vinum
1436 4060 1676 4125 eii'undit,
1706 4077 1770 4117 ac
1787 4065 1979 4118 mentis

406 4162 516 4201 suze
537 4148 793 4216 judicium
824 4151 1160 4219 corrumpit?
1210 4153 1503 4221 Eapropter
1527 4163 1581 4207 et
1620 4155 1831 4223 sapiens
1855 4157 1976 4224 qui-

406 4235 528 4289 dam
554 4237 869 4293 admonebat
896 4239 1078 4294 dicens
1115 4258 1127 4294 :
1157 4241 1470 4310 Principium
1498 4244 1610 4298 vitae
1639 4244 1854 4299 hominis
1879 4264 1974 4315 pa-

405 4329 483 4381 nis
509 4338 553 4381 et
568 4345 698 4398 aqua
709 4341 753 4382 et
775 4331 934 4392 vestis,
965 4341 1008 4384 et
1027 4333 1203 4387 domus
1220 4344 1384 4404 tegens
1405 4336 1762 4404 turpitudinem
1781 4337 1970 4408 (Eccli.

405 4415 493 4469 29.
525 4417 640 4489 28);
677 4429 730 4472 ut
766 4421 809 4472 si
859 4422 979 4490 quis
1029 4423 1284 4478 ebrietate
1325 4425 1570 4491 vincitur,
1612 4443 1678 4481 ne
1707 4427 1756 4480 in
1785 4429 1970 4497 vulgus

409 4507 712 4562 traducatur
734 4551 750 4571 .
784 4510 875 4564 sed
904 4525 933 4563 a
966 4513 1076 4566 suis
1101 4522 1410 4581 contegatur
1438 4531 1454 4570 :
1479 4525 1530 4569 et
1560 4532 1666 4570 non
1697 4517 1765 4570 sit
1803 4517 1974 4571 onmi-

405 4597 501 4652 bus
531 4599 668 4654 risus
696 4609 749 4653 et
776 4601 1111 4670 turpitudinis
1154 4616 1542 4672 argumentum.
1582 4606 1650 4659 Et
1698 4609 1866 4676 coepit,
1890 4607 1972 4661 iu-

404 4687 535 4753 quit,
569 4687 684 4742 Noe
712 4689 861 4746 homo
885 4692 1109 4761 agricola
1139 4701 1305 4758 terra,
1331 4703 1377 4748 et
1409 4695 1654 4764 plantavit
1682 4698 1890 4762 vineam,
1925 4707 1972 4752 et

403 4775 519 4828 bibit
543 4779 604 4830 de
627 4780 759 4836 vino.
783 4791 826 4833 et
847 4783 1112 4837 inebriatus
1141 4793 1232 4838 est.

473 4867 525 4920 4.
567 4867 795 4924 Ebrietas
841 4889 929 4938 pro
977 4876 1218 4928 satietate.
1259 4873 1394 4928 Vitia
1437 4893 1535 4930 non
1561 4877 1612 4932 in
1639 4888 1822 4933 natura
1846 4881 1964 4943 sita,

401 4959 488 5008 sed
514 4958 563 5010 in
595 4957 865 5012 voluntate.
891 4991 963 5002 —-
984 4963 1266 5020 Ebrietatis
1317 4981 1530 5031 nomen,
1571 4970 1869 5036 carissime,
1915 4973 1966 5026 in

400 5062 545 5102 sacra
585 5047 851 5117 Scriptura
903 5069 1004 5106 non
1058 5055 1248 5124 ubique
1296 5056 1362 5110 de
1408 5059 1713 5114 tcmttleutia
1766 5061 1964 5116 dictum

398 5145 497 5198 est,
526 5138 617 5192 sed
645 5147 696 5193 et
724 5140 1018 5196 satietatem
1049 5145 1326 5214 significat.
1362 5148 1469 5202 lloc
1490 5150 1664 5217 itaque
1686 5148 1820 5204 forte
1843 5152 1966 5220 quis

399 5227 624 5297 dejusto
650 5231 752 5285 hoc
780 5232 938 5298 dicet,
971 5237 1108 5304 quod
1133 5253 1234 5290 nou
1265 5251 1317 5292 ut
1347 5240 1705 5309 intemperans
1737 5244 1964 5297 inebria-

400 5325 482 5372 tus
530 5321 718 5386 fuerit,
754 5323 847 5376 sed
875 5325 942 5379 ob
976 5327 1268 5381 satietatem
1302 5330 1401 5384 llOC
1427 5331 1474 5385 ei
1499 5333 1794 5400 contigerit.
1831 5336 1964 5389 Audi

394 5409 534 5464 enim
565 5411 725 5466 David
755 5415 1012 5469 dicentem
1037 5435 1050 5471 :
1077 5417 1534 5474 Inebriabunturab
1559 5423 1776 5477 ubertate
1789 5424 1966 5479 domus

395 5499 675 5571 tuaz(1’sal.
699 5504 786 5558 55.
806 5505 882 5562 9);
902 5505 1001 5562 lioc
1029 5518 1130 5575 est,
1159 5509 1532 5579 implebantur.
1561 5515 1804 5583 Alioquin
1825 5515 1856 5569 ii
1875 5517 1961 5585 qui

393 5590 633 5645 ebrietati
667 5605 852 5652 vacant
881 5613 1164 5670 numquam
1196 5602 1472 5668 satiantur,
1503 5605 1594 5658 sed
1627 5617 1821 5660 ouanto
1851 5623 1962 5659 ma-

1521 225 1583 279 lN
1621 223 1773 277 CAP.
1815 221 1904 274 IX.
1946 219 2184 276 (LEAES.
2229 223 2450 280 HOMIL.
2493 227 2682 282 XXIX.

3587 237 3686 292 266

2123 337 2202 404 gis
2229 353 2349 393 sese
2376 342 2498 395 vino
2528 342 2864 412 ingurgitata,
2895 354 3039 398 tanto
3065 348 3230 417 magis
3256 350 3340 402 siti
3372 350 3609 418 nagt‘atil.
3634 363 3689 405 et

2119 425 2462 484 inﬂammatio
2487 433 2728 502 quiedam
2759 447 2840 490 est
2868 436 2947 491 eis
2979 437 3081 491 vini
3114 454 3237 492 usus
3268 457 3284 492 :
3311 454 3372 493 ac
3394 442 3685 509 voluptates

2117 517 2328 586 quidem
2358 533 2698 588 evanescunt,
2742 525 2859 580 sitis
2903 536 3076 581 autem
3109 527 3440 597 inexplebilis
3467 532 3516 584 in
3546 549 3684 602 pra-.-

2115 605 2350 673 cipittum
2384 610 2652 665 ebrietatis
2678 628 2791 678 eos,
2817 616 2901 683 qui
2941 615 3040 668 sub
3065 616 3149 669 illa
3195 619 3385 684 captivi
3411 631 3554 682 sunt,
3585 622 3681 676 de-

2115 693 2278 750 ducit.
2312 695 2378 749 Et
2403 698 2669 767 plantavit,
2698 702 2880 770 inquit,
2930 705 3144 771 vineam,
3173 717 3218 760 et
3242 707 3364 760 bibit
3389 725 3450 762 ea:
3479 711 3611 774 riuo,
3637 723 3683 764 et

2115 784 2386 841 inebriatus
2431 800 2524 855 est,
2567 802 2612 843 et
2649 792 2869 846 nudatus
2895 805 2965 847 est
2992 796 3042 848 in
3075 797 3223 850 domo
3249 815 3363 852 sua.
3395 799 3676 857 Considera

2121 875 2222 932 hoc
2246 895 2348 932 non
2382 881 2506 935 loris
2534 883 2602 934 illi
2637 885 2910 950 accidisse,
2936 887 3028 939 sed
3060 888 3110 940 in
3146 888 3448 944 domosua.
3481 892 3676 948 Idcirco

2115 969 2256 1020 enim
2306 969 2406 1024 hoc
2450 971 2744 1042 designavit
2771 975 2950 1027 divina
2979 977 3269 1045 Scriptura,
3300 979 3365 1033 In
3394 981 3541 1035 domo
3566 1001 3678 1048 sua,

2119 1067 2172 1109 ut
2205 1075 2268 1112 ex
2296 1061 2358 1113 iis
2401 1077 2516 1129 qua:
2543 1074 2854 1131 sequuntur,
2888 1066 3100 1119 malitia:
3132 1068 3417 1124 vehemens
3446 1074 3678 1127 studium

2111 1149 2291 1203 videas
2318 1151 2430 1220 ejus
2459 1155 2546 1221 qui
2579 1155 2869 1208 nuditatem
2901 1158 3149 1225 evulgare
3177 1159 3336 1214 fuerit
3362 1177 3539 1216 ausus.
3589 1165 3677 1218 ‘22.

2111 1238 2175 1292 Et
2202 1241 2342 1304 vidit,
2374 1243 2562 1310 inquit,
2595 1245 2754 1297 Clum
2792 1256 2931 1314 pater
2947 1245 3191 1300 Chanaan
3218 1249 3492 1304 nuditatem
3521 1256 3681 1321 patris

2108 1331 2208 1396 sui,
2237 1341 2281 1384 et
2311 1349 2534 1400 egressus
2549 1335 2862 1388 annuntiavit
2886 1339 3082 1390 duobus
3113 1340 3350 1408 fratribus
3393 1344 3493 1396 suis
3531 1347 3676 1414 foris.

2109 1419 2369 1475 Fortassis
2395 1426 2438 1478 si
2462 1435 2514 1476 ct
2541 1425 2626 1478 alii
2649 1427 2859 1496 quidam
2888 1428 3178 1483 adfuissent
3199 1472 3213 1494 ,
3237 1441 3291 1485 et
3312 1432 3414 1487 illis
3444 1437 3679 1490 nuntias-

2108 1521 2186 1564 set
2207 1515 2368 1580 patris
2391 1516 2471 1568 sui
2500 1518 2872 1585 turpitudinem
2904 1536 2916 1570 :
2955 1528 3094 1572 tanta
3117 1531 3229 1576 erat
3256 1525 3398 1590 pueri
3423 1527 3673 1594 nequitia.

2109 1600 2390 1669 Propterea
2419 1607 2582 1670 enim,
2603 1615 2656 1659 ut
2686 1606 2858 1660 discas
2883 1608 3192 1678 jampridem
3224 1620 3276 1665 ct
3301 1613 3367 1665 ab
3389 1614 3536 1668 initio
3556 1631 3676 1670 eum

2105 1701 2366 1759 corrupte
2406 1697 2600 1748 mentis
2643 1696 2836 1759 fuisse,
2869 1713 2970 1752 non
3027 1701 3337 1768 simpliciter
3379 1704 3505 1758 dicit
3531 1707 3676 1760 Scri-

2106 1788 2280 1848 ptura,
2308 1780 2449 1836 Vidit
2474 1785 2637 1838 Cham
2665 1787 2951 1841 nuditatem
2972 1791 3131 1857 patris
3155 1795 3232 1844 sui
3264 1810 3275 1845 :
3307 1794 3398 1846 sed
3426 1796 3584 1863 quid?
3607 1797 3676 1851 Et

2104 1873 2224 1926 vidit
2269 1875 2428 1928 Cham
2468 1888 2608 1944 pater
2648 1877 2912 1933 Chanaan.
2945 1881 3138 1948 Quare,
3187 1885 3271 1937 dic
3317 1885 3464 1948 mihi,
3493 1889 3675 1945 ethoc

2106 1962 2222 2017 loco
2252 1963 2344 2018 filii
2376 1968 2684 2022 vocabulum
2715 1971 2987 2040 assignat?
3017 1972 3078 2026 Ut
3107 1973 3277 2027 discas
3319 1977 3464 2029 illum
3511 1978 3672 2035 fuisse

2106 2055 2542 2124 intemperantem
2592 2067 2646 2112 et
2691 2059 3124 2126 incontinentem,
3171 2073 3224 2117 et
3273 2067 3456 2121 eadem
3498 2081 3671 2126 mente

2103 2162 2204 2214 qua
2261 2149 2311 2202 in
2359 2159 2497 2203 tanta
2551 2151 2849 2207 turbatione
2888 2155 3227 2222 procreanda:
3261 2160 3391 2226 proli
3444 2165 3669 2229 vacavit,

2109 2238 2295 2292 eadem
2326 2242 2484 2294 etiam
2537 2258 2674 2298 nunc
2722 2244 2772 2296 in
2804 2247 3174 2299 couttnueliam
3209 2250 3370 2315 patris
3411 2255 3670 2322 prorupit.

2102 2325 2168 2379 Et
2183 2343 2421 2396 egressus,
2441 2329 2625 2400 iuquit,
2639 2335 2949 2386 annuntiavit
2962 2335 3152 2388 duobus
3164 2327 3400 2405 fratribus
3411 2344 3514 2394 suis
3525 2346 3670 2412 foris.

2103 2415 2254 2482 Vide,
2269 2419 2512 2487 obsecro,
2539 2421 3024 2490 ltic,,dilectissime,
3050 2443 3150 2478 non
3171 2428 3220 2480 in
3241 2437 3421 2483 natura
3441 2432 3537 2485 sita
3551 2449 3671 2490 esse

2099 2507 2246 2572 vitia,
2279 2509 2369 2564 sed
2403 2511 2452 2564 iu
2480 2512 2696 2565 arbitrio
2717 2522 2770 2566 et
2802 2515 3084 2569 voluntate.
3113 2517 3248 2572 Ecce
3289 2525 3427 2572 enim
3462 2524 3670 2594 utrique

2096 2597 2287 2655 fratres
2309 2601 2853 2673 fuerunt,etejusdem
2869 2621 2903 2659 n
2923 2618 3089 2672 durae,
3109 2609 3350 2663 eumdem
3376 2609 3668 2671 balmerunt

2101 2701 2328 2757 patrem,
2357 2694 2544 2748 eodem
2574 2705 2724 2748 utero
2753 2695 2963 2750 fuerunt
2988 2699 3113 2752 editi
3135 2741 3150 2764 ,
3180 2700 3365 2754 eadem
3401 2704 3668 2775 diligentia

2098 2783 2312 2838 fuerunt
2335 2785 2562 2849 educati,
2595 2787 2688 2840 sed
2711 2803 2814 2841 non
2845 2793 3086 2843 eumdem
3108 2793 3340 2846 animum
3368 2795 3669 2853 declarave-

2098 2885 2256 2927 runt:
2287 2875 2378 2929 sed
2405 2877 2490 2930 ille
2515 2878 2725 2945 quidem
2753 2878 2803 2931 in
2829 2879 3080 2932 malitiam
3113 2882 3313 2947 incidit,
3349 2885 3379 2936 ii
3413 2901 3537 2940 vero
3573 2903 3667 2956 pa-

2097 2966 2233 3017 renti
2261 2966 2495 3019 debitum
2518 2968 2887 3036 impenderunt
2912 2969 3185 3025 honorem.
3208 2972 3469 3029 Fowassis
3490 2989 3668 3034 autem

2095 3065 2150 3108 et
2194 3055 2360 3110 irrisit
2397 3073 2459 3112 ac
2501 3060 2843 3113 subsannavit
2868 3071 3094 3129 patrem,
3127 3063 3500 3133 turpitudinem
3531 3069 3667 3126 illius

2095 3146 2384 3199 nuntiando
2415 3165 2427 3200 :
2456 3158 2509 3201 et
2559 3163 2662 3202 non
2706 3150 2901 3203 audivit
2936 3152 3224 3220 sapientem
3274 3157 3551 3223 quemdam
3582 3160 3666 3213 di-

2092 3245 2298 3289 centem
2335 3253 2347 3288 :
2382 3236 2465 3290 Ne
2477 3236 2708 3308 glorieris
2735 3241 2786 3292 in
2808 3241 3081 3310 ignominia
3115 3245 3272 3311 patris
3293 3246 3366 3298 tui
3394 3247 3578 3319 (Eccli.
3611 3252 3664 3306 5.

2094 3324 2201 3393 12).
2241 3326 2432 3381 Verum
2478 3328 2670 3384 fratres
2714 3346 2820 3384 non
2865 3331 2940 3386 sic
2989 3343 3228 3402 egerunt.
3263 3337 3328 3390 Et
3363 3341 3666 3408 quomodo?

2089 3416 2222 3470 Cum
2257 3417 2368 3472 lucc
2412 3420 2736 3476 audivissent
2766 3420 2854 3476 23.
2889 3423 3009 3476 Seni
3049 3433 3096 3476 et
3140 3423 3384 3496 Japheth,
3417 3433 3658 3501 acceptis,

2089 3506 2276 3576 inquit,
2305 3510 2516 3564 vestibus
2540 3528 2690 3580 super
2715 3512 2948 3568 humeros
2984 3530 3121 3581 suos,
3153 3515 3456 3572 incesserunt
3474 3532 3661 3576 retror-

2087 3613 2220 3661 sum,
2239 3608 2286 3650 et
2304 3608 2603 3667 operuerunt
2620 3601 2896 3654 nuditatem
2924 3605 3081 3672 patris
3107 3607 3182 3656 sui
3201 3621 3220 3659 :
3243 3618 3289 3659 et
3316 3609 3469 3677 [aries
3491 3629 3660 3668 eorum

2087 3699 2374 3754 retrorsum,
2405 3701 2451 3744 et
2480 3693 2754 3744 nuditatem
2785 3694 2939 3760 patris
2965 3695 3044 3746 sui
3073 3712 3172 3748 non
3201 3697 3447 3754 viderunt.
3474 3702 3660 3759 Vidisti

2088 3781 2402 3848 probitatem
2437 3783 2701 3838 filiorum?
2732 3785 2824 3839 llle
2859 3786 3125 3855 evolgavit
3166 3797 3220 3842 et
3265 3791 3530 3860 traduxit,
3573 3797 3658 3850 isti

2088 3885 2260 3939 neque
2291 3871 2471 3926 videre
2505 3874 2870 3928 sustinuerunt
2905 3893 2916 3928 :
2950 3876 3042 3930 sed
3081 3887 3367 3933 retrorsum
3399 3881 3572 3952 ibant,
3603 3895 3660 3941 ut

2088 3971 2232 4014 recta
2270 3961 2479 4016 adirent
2521 3963 2686 4032 patris
2732 3965 3022 4019 eontecturi
3069 3967 3380 4023 nuditatem.
3432 3972 3496 4026 Et
3538 3975 3658 4030 \ide

2087 4049 2294 4104 illorum
2319 4066 2438 4105 cum
2467 4067 2654 4122 magna
2680 4054 2941 4124 probitate
2971 4058 3452 4112 mansuetudinem.
3479 4062 3657 4132 Neque

2085 4142 2380 4219 increpant,
2411 4160 2583 4214 neque
2613 4145 2895 4199 verberant
2933 4145 3149 4201 fratrem
3186 4166 3196 4200 :
3249 4150 3338 4203 sed
3380 4153 3657 4245 nl‘audic-

2085 4243 2225 4298 runt,
2249 4250 2369 4288 mox
2402 4235 2452 4288 id
2479 4251 2638 4289 unum
2668 4245 2942 4304 curarunt,
2970 4249 3024 4291 ut
3051 4236 3244 4292 factum
3266 4235 3652 4310 quamprimum

2081 4327 2476 4393 emendarctur,
2506 4337 2559 4381 et
2591 4328 2788 4381 honore
2815 4330 3021 4398 genitor
3035 4329 3353 4384 afficeretur.
3381 4331 3427 4384 F
3429 4335 3655 4405 aciesque

2079 4417 2280 4470 illorum
2309 4433 2496 4471 aversa:
2522 4427 2685 4482 erant,
2706 4427 2750 4470 et
2789 4419 3060 4472 nuditatem
3089 4421 3244 4490 putris
3270 4423 3345 4474 sui
3381 4439 3479 4477 non
3517 4427 3650 4478 vide-

2080 4519 2217 4562 runt.
2239 4510 2418 4578 Magna
2449 4510 2670 4562 filiorum
2701 4512 3015 4577 reverentia,
3041 4502 3194 4581 quam
3215 4515 3366 4568 nubis
3385 4517 3655 4585 Scriptura

2079 4607 2370 4663 monstrat,
2400 4599 2539 4667 quod
2572 4614 2674 4652 non
2705 4599 2876 4653 solum
2907 4610 3112 4669 tegant,
3145 4603 3232 4655 sed
3263 4614 3312 4657 ct
3343 4607 3519 4661 videre
3549 4627 3649 4662 non

2077 4690 2391 4744 sustineant.
2421 4690 2738 4744 Erudiamur
2766 4689 2908 4757 hinc,
2947 4701 3103 4760 atque
3136 4709 3200 4747 ex
3232 4695 3465 4764 utrisque
3489 4700 3649 4752 lucri-

2078 4784 2330 4840 faciamus
2370 4785 2565 4854 aliquid
2607 4801 2621 4838 ε
2663 4795 2715 4838 et
2759 4785 2854 4838 bos
2904 4786 3115 4853 quidem
3161 4787 3460 4850 imitemur,
3513 4791 3646 4844 illius

2076 4880 2250 4924 autem
2291 4885 2468 4924 mores
2503 4869 2785 4941 fugiamus.
2831 4870 2960 4923 Nam
3001 4871 3044 4922 si
3086 4871 3127 4922 is
3155 4911 3170 4933 ,
3219 4871 3305 4938 qui
3344 4873 3646 4926 SCilSiliiit'lll

2078 4965 2366 5018 nuditatem
2391 4963 2669 5032 evolgavit,
2705 4960 2983 5014 maledicto
3011 4975 3067 5013 se
3095 4959 3216 5012 fecit
3243 4962 3526 5015 obnoxium
3545 5006 3557 5025 ,
3593 4976 3646 5021 et

2075 5056 2324 5115 excideris
2344 5055 2411 5107 ab
2436 5053 2636 5104 honore
2662 5065 2814 5119 quem
2845 5065 3022 5118 parem
3043 5049 3355 5103 haliuitrum
3378 5051 3644 5118 fratribus,

2075 5147 2455 5202 eondemnatus
2482 5152 2560 5196 est
2606 5150 2662 5194 ttt
2698 5140 2803 5194 illis
2852 5142 3108 5204 serviret;
3156 5141 3280 5194 licet
3319 5153 3491 5196 autem
3543 5163 3644 5200 non

2075 5240 2205 5307 ipse,
2236 5253 2419 5290 omnes
2447 5247 2618 5289 tamen
2649 5233 2735 5302 qui
2762 5247 2826 5288 ex
2856 5233 2989 5301 ipso,
3020 5233 3156 5286 servi
3191 5233 3308 5287 facti
3336 5245 3457 5289 sunt
3482 5254 3493 5288 :
3519 5239 3644 5307 quid

2075 5332 2336 5399 patientur
2358 5329 2444 5397 qui
2473 5333 2683 5396 peccata
2712 5323 2929 5378 fratrum
2960 5324 3224 5393 evulgant.
3257 5336 3308 5380 et
3340 5344 3440 5381 nou
3472 5331 3643 5385 solum

2074 5435 2179 5474 non
2210 5426 2493 5485 contegunt
2523 5423 2576 5469 et
2613 5422 2884 5476 excusant,
2928 5412 3019 5466 sed
3067 5415 3231 5482 magis
3273 5431 3334 5469 ea
3368 5419 3536 5484 palam
3572 5420 3646 5472 fa~

2072 5513 2239 5577 ciunt,
2275 5511 2542 5577 multaque
2567 5521 2630 5560 ex
2673 5505 2773 5558 hoc
2801 5515 3088 5572 operantur
3131 5508 3380 5574 peccata?
3422 5507 3642 5572 Quando

2071 5606 2210 5660 enim
2256 5601 2432 5656 fratris
2482 5607 2752 5654 oeccatum
2801 5597 3045 5665 evnlgas,
3091 5595 3194 5651 non
3246 5598 3388 5651 illum
3429 5602 3637 5647 tantum
