4066 6140
435 211 538 270 267

440 325 923 399 ignominiosiorem
951 324 1100 391 facis,
1128 334 1181 379 ct
1209 323 1509 392 segniorem
1549 321 1682 376 forte
1711 322 1778 377 ad
1809 322 2019 377 virtutis

437 423 578 476 viam
610 418 971 490 repetendam,
1005 417 1096 473 sed
1125 424 1182 471 et
1219 431 1313 471 cos
1336 416 1423 486 qui
1451 414 1706 480 audiunt,
1748 415 2020 485 negligen-

438 516 601 570 tiores
646 512 825 568 reddis
846 553 861 577 ,
907 519 962 566 ct
1000 509 1066 563 ad
1096 508 1396 565 socordiam
1427 508 1670 563 inducis:
1702 523 1875 578 neque
1916 506 2019 563 ltoc

435 605 632 667 solum,
678 601 771 659 sed
812 602 971 656 etiam
1018 600 1070 655 id
1115 598 1286 657 efficis
1331 608 1387 653 ιιι
1435 600 1571 652 Ileus
1601 597 2014 668 blaspltentetur.

442 692 581 747 Istud
603 700 781 746 autem
801 701 1056 761 quantum
1082 689 1236 745 aﬂ'ert
1259 687 1577 758 supplicium
1603 688 1667 742 iis
1685 687 1774 758 qui
1802 701 2016 743 causam

436 784 710 854 prwbcnt,
742 797 900 839 nemo
924 781 1117 851 estqui
1147 782 1374 851 ignoret.
1406 779 1689 849 Fugiamus
1716 778 1893 849 igitur,
1924 776 2020 831 ob-

435 889 613 939 secro,
644 889 825 929 mores
849 872 1040 939 Citam,
1069 871 1338 926 imitemur
1368 880 1542 925 autem
1569 869 1856 940 proborum
1897 868 2016 922 illo-

432 982 551 1021 rum
582 966 810 1020 filiorum
837 964 1113 1034 pudorem,
1144 977 1303 1034 quem
1330 962 1381 1017 in
1411 959 1740 1031 contegenda
1785 957 2019 1029 parentis

433 1058 671 1114 uttditate
695 1059 1035 1113 declararunt
1073 1074 1088 1111 :
1117 1065 1170 1111 ct
1197 1056 1266 1110 ita
1294 1055 1607 1125 obtrgamus
1644 1053 1864 1108 fratrum
1892 1065 2017 1120 pec-

430 1160 570 1214 cata,
599 1165 705 1205 non
750 1159 809 1204 ut
852 1149 996 1218 ipsos
1024 1146 1437 1217 negligentiores
1463 1159 1558 1214 per
1585 1143 1684 1198 hoc
1707 1140 2014 1206 reddamus,

431 1241 526 1296 sed
553 1248 613 1295 ut
638 1241 738 1294 liae
767 1240 973 1294 ratione
1001 1238 1258 1307 majorem
1290 1236 1392 1290 illis
1419 1234 1753 1290 occasionem
1776 1231 2014 1302 praabca-

433 1349 572 1399 mus,
603 1339 660 1386 ut
689 1332 796 1387 cito
827 1331 894 1385 ab
926 1330 1024 1384 bac
1051 1327 1283 1398 pernicie
1312 1327 1622 1390 liberentur,
1656 1325 1779 1379 etin
1809 1321 2017 1377 virtutis

430 1425 570 1477 viam
602 1422 838 1478 redeant.
884 1419 1015 1475 Nam
1040 1420 1179 1473 sicut
1215 1432 1317 1472 non
1346 1416 1543 1471 multos
1574 1414 1771 1469 habere
1790 1413 2016 1469 delicto-

430 1529 548 1568 rum
593 1521 757 1567 testes
794 1509 1125 1581 resipiscenti
1170 1507 1460 1563 faciliorem
1500 1505 1731 1561 reditum
1762 1502 1966 1575 praebet
1997 1517 2013 1557 :

427 1605 503 1658 sic
523 1645 537 1668 ,
566 1602 611 1658 si
641 1601 869 1657 frontem
901 1597 1235 1670 perfrieuerit
1261 1597 1494 1662 animus,
1525 1603 1581 1652 et
1618 1594 1809 1650 viderit
1840 1591 2015 1648 nemi-

428 1708 547 1748 nem
566 1694 810 1763 ignorare
829 1706 947 1761 qua:
969 1690 1107 1743 mala
1129 1688 1423 1751 admiserit,
1442 1702 1548 1741 non
1580 1684 1732 1740 facile
1750 1685 2017 1740 desistere

427 1787 608 1841 volet:
646 1785 740 1840 sed
765 1784 915 1855 quasi
947 1783 1000 1838 in
1040 1780 1359 1852 profundum
1387 1780 1558 1835 lutum
1603 1778 1915 1842 incidisset,
1960 1783 2017 1831 et

427 1877 676 1933 deorsum
707 1876 776 1931 ab
806 1874 1100 1930 innumeris
1142 1881 1425 1944 raperetur
1469 1870 1754 1937 ﬂuctibus,
1800 1869 2016 1926 diflicile

428 1986 704 2040 emergere
735 1969 972 2040 poterit:
1017 1967 1067 2022 in
1098 1965 1528 2036 desperationem
1570 1962 1714 2018 enim
1754 1961 1928 2028 cadit,
1959 1969 2015 2016 ct

429 2063 633 2118 nullum
665 2062 765 2117 sibi
793 2061 1018 2115 reditum
1055 2058 1331 2128 promittit.

496 2158 550 2213 5.
594 2156 832 2220 Idcirco,
882 2167 1110 2224 precor,
1163 2165 1232 2206 ne
1280 2149 1589 2220 detegamus
1649 2147 2011 2218 proximorum

426 2251 626 2320 lapsus,
650 2255 705 2302 et
733 2247 775 2301 si
803 2245 870 2300 ab
885 2245 1003 2301 aliis
1028 2259 1122 2299 eos
1149 2243 1514 2307 didicerimus,
1546 2255 1614 2296 ne
1630 2250 1931 2310 satagamus
1957 2247 2015 2294 ut

427 2340 640 2396 nuditas
665 2338 905 2392 videatur
936 2353 949 2389 :
982 2334 1075 2390 sed
1102 2336 1238 2389 sicut
1263 2331 1417 2404 probi
1446 2331 1523 2386 illi
1550 2330 1642 2386 lilii
1671 2330 2008 2401 obtegamus,

427 2431 824 2495 admnbremus,
842 2426 1204 2482 admonitione
1229 2433 1283 2480 et
1301 2424 1536 2480 consiliis
1553 2423 1755 2494 lapsam
1779 2422 2012 2475 animam

427 2522 633 2594 erigere
675 2519 1000 2584 studeamus,
1050 2515 1430 2572 misericordia:
1459 2514 1553 2569 Dei
1595 2511 2013 2584 magnitudinem

426 2615 700 2679 docentes,
743 2617 798 2665 et
840 2608 1090 2664 bonitatis
1135 2606 1251 2677 ejus
1292 2602 1661 2662 excellentiam
1705 2611 1761 2659 et
1802 2601 2012 2658 miseri-

428 2708 623 2764 cordia:
667 2704 1098 2765 immensitatem,
1149 2709 1206 2755 ut
1235 2700 1489 2769 majorem
1537 2712 1696 2769 quam
1748 2696 1823 2751 illi
1850 2696 2013 2752 bene-

426 2802 712 2857 dictionem
737 2798 806 2854 ab
832 2797 1068 2852 omnium
1100 2794 1324 2849 Domino
1343 2805 1755 2862 consequamur,
1780 2790 1881 2858 Qui
1909 2788 2013 2843 vult

426 2909 597 2947 omnes
643 2891 869 2945 homines
913 2888 1079 2942 salvos
1107 2887 1241 2955 ﬁeri,
1286 2894 1333 2940 et
1366 2883 1435 2938 ad
1461 2883 1767 2954 agnitionem
1793 2880 2013 2935 veritatis

426 2983 592 3038 venire
626 2983 703 3053 (l.
727 2981 861 3036 Tim.
883 2981 938 3033 2.
969 2979 1059 3049 4);
1083 2977 1170 3049 qui
1199 2993 1304 3031 non
1334 2975 1445 3030 vult
1470 2973 1685 3029 Mortem
1717 2972 2009 3045 peccatoris,

427 3077 515 3131 sed
547 3084 602 3130 ut
627 3082 942 3128 convertatur
961 3082 1009 3126 et
1047 3071 1176 3125 vivat
1206 3069 1420 3140 (Ezeclt.
1454 3068 1539 3124 18.
1706 3065 1775 3121 Et
1803 3066 2010 3120 nudita-

427 3178 546 3234 tem,
594 3165 782 3236 inquit,
822 3164 981 3234 patris
1019 3163 1101 3217 sui
1147 3177 1247 3215 non
1292 3160 1538 3214 viderunt.
1574 3158 1705 3213 Vide
1744 3157 2013 3229 quomodo

428 3274 524 3328 per
552 3258 722 3326 legem
751 3263 952 3309 natura:
980 3253 1197 3308 inditam
1229 3253 1373 3321 prius
1396 3259 1450 3306 et
1486 3250 1553 3306 ab
1582 3250 1733 3305 initio
1756 3250 2012 3321 impleve-

429 3357 553 3405 runt
580 3364 642 3404 ea
670 3365 785 3418 qua:
816 3356 936 3417 post
962 3345 1025 3400 ad
1068 3345 1415 3401 erudiendum
1447 3343 1733 3398 humanum
1764 3357 1932 3413 genus
1960 3341 2009 3395 in

428 3444 544 3512 lege
567 3441 761 3511 scripta
793 3441 1007 3494 fuerunt
1037 3455 1049 3491 :
1079 3446 1134 3493 et
1159 3435 1210 3492 id
1240 3438 1379 3508 quod
1409 3438 1494 3492 lex
1522 3436 1731 3492 dicebat
1756 3453 1769 3491 :
1802 3435 2012 3489 Honora

429 3542 621 3602 patrem
648 3541 788 3585 tuum
830 3538 877 3583 et
922 3537 1133 3582 matrem
1179 3537 1339 3592 tuam,
1370 3536 1425 3581 ut
1454 3528 1575 3581 bene
1598 3526 1663 3581 sit
1698 3524 1787 3579 tibi
1811 3523 2008 3597 (Exod.

424 3623 516 3678 20.
552 3623 675 3693 i2):
703 3630 776 3688 et,
809 3620 909 3686 Qui
945 3619 1198 3674 maledicit
1230 3618 1363 3690 patri
1396 3619 1472 3674 vel
1516 3618 1684 3685 matri,
1719 3625 1875 3672 morte
1898 3632 2011 3671 mo-

425 3716 588 3768 riatur
614 3711 719 3783 (Ib.
751 3710 991 3780 21.17):
1042 3710 1143 3765 hoc
1181 3709 1290 3778 jam
1337 3709 1589 3779 operibus
1635 3708 2008 3778 impleverunt.

430 3804 616 3859 Vidisti
647 3800 916 3872 quomodo
944 3809 1129 3855 natura
1152 3800 1298 3871 prius
1320 3798 1672 3856 sufficientem
1704 3798 1887 3854 habuit
1912 3798 2009 3854 do-

424 3900 648 3957 ctrinam
666 3900 689 3953 ?

499 3992 728 4045 Ebrietas
764 3990 961 4044 dromon
992 3984 1508 4042 voluntarium—‘21.
1536 3983 1801 4054 Evigilavit
1820 3994 2008 4048 autent,

426 4084 617 4154 inquit,
670 4080 785 4135 Noe
812 4099 843 4133 α
874 4081 1010 4145 vino,
1060 4088 1108 4132 et
1136 4077 1364 4149 cognovit
1407 4091 1520 4143 qua:
1546 4076 1733 4144 facerm
1757 4074 1849 4129 sibi
1874 4076 2012 4145 [ilius

416 4171 935 4246 junioraEvigilavit
981 4180 1145 4223 autem
1176 4209 1192 4234 ,
1244 4168 1433 4238 inquit.
1479 4166 1712 4221 Audiant
1752 4168 1840 4236 qui
1885 4167 2010 4223 totis

429 4266 614 4319 diebus
654 4264 706 4317 in
737 4261 993 4315 conviviis
1038 4270 1316 4313 versantur
1354 4259 1533 4329 lapsus
1560 4262 1894 4327 gravitatem,
1924 4257 2010 4313 fu-

427 4355 677 4425 giantque
719 4349 858 4420 quod
909 4365 973 4403 ex
1019 4347 1275 4403 ebrietate
1299 4359 1379 4403 est
1402 4349 1674 4402 damnum.
1723 4346 1820 4401 Sui
1844 4355 2021 4423 autem

423 4447 590 4517 factus
635 4458 856 4511 compos.
901 4439 1089 4512 inqttit.
1120 4439 1254 4508 Quid
1283 4448 1386 4504 est,
1431 4438 1529 4494 Sui
1556 4441 1721 4511 factus
1765 4438 2012 4508 compos?

429 4537 483 4590 Id
499 4535 637 4605 quod
658 4548 752 4588 nos
769 4533 975 4589 discere
999 4533 1234 4588 solemus
1250 4531 1316 4587 de
1333 4530 1564 4597 furiosis,
1583 4531 1625 4585 si
1644 4528 1855 4600 quando
1867 4529 1932 4583 ad
1950 4543 2009 4584 se

426 4626 647 4682 redeant
674 4642 687 4674 :
723 4623 818 4678 llic
844 4638 874 4677 a
901 4624 1145 4678 daemone
1173 4632 1450 4692 correptus
1470 4622 1551 4676 sui
1574 4635 1795 4691 compos
1817 4621 2004 4685 factus,

425 4730 481 4773 et
505 4717 574 4771 ab
615 4715 754 4771 illius
785 4712 1065 4785 tyrannide
1094 4713 1346 4767 liberatus
1388 4723 1473 4767 est
1503 4729 1516 4764 :
1552 4712 1599 4766 id
1641 4713 1740 4766 sibi
1768 4713 1884 4766 vult
1909 4712 2011 4768 hoc

423 4808 544 4868 loco
585 4808 880 4879 Scriptura.
932 4804 1069 4862 Vere
1114 4805 1256 4860 enim
1302 4804 1532 4860 ebrietas
1575 4804 1903 4860 voluntarius
1925 4813 2010 4861 est

425 4905 658 4968 dromon,
686 4912 736 4957 et
759 4901 970 4973 gravius
995 4913 1153 4969 quam
1180 4896 1387 4952 damon
1415 4906 1647 4951 utentem
1669 4897 2004 4964 obtenebrat,

422 5007 475 5052 et
503 5006 716 5066 captant
765 4993 908 5047 omni
957 4989 1324 5047 benevolentia
1371 4989 1632 5045 destituit.
1682 4990 1836 5059 Saepe
1864 4992 2005 5047 enim

426 5088 809 5143 daunoniacum
833 5086 1072 5140 videntes
1097 5083 1457 5138 misericordia
1486 5098 1780 5150 movemur,
1804 5093 1856 5138 et
1880 5100 2007 5140 con-

422 5182 689 5246 dolcmus,
737 5193 1086 5249 magnamque
1132 5192 1256 5248 erga
1303 5175 1447 5231 illum
1487 5176 2004 5234 conuuiserationem

428 5270 791 5337 declaramus;
841 5281 1025 5325 contra
1064 5280 1241 5325 autem
1269 5268 1489 5324 facimus
1519 5269 1657 5325 circa
1684 5268 1860 5324 ebrios
1884 5286 1899 5325 :
1927 5270 2006 5324 in-

419 5359 703 5431 diguamur
720 5362 882 5425 enim,
912 5377 1048 5431 a-gre
1066 5360 1303 5426 ferimus,
1327 5360 1604 5416 innunn-ra
1630 5361 1981 5430 imprecantur

421 5451 597 5519 Quare
625 5462 678 5508 rt
702 5469 802 5524 qua
834 5454 900 5509 de
925 5455 1121 5508 causa?
1147 5455 1277 5521 Quia
1311 5455 1395 5509 ille
1417 5454 1503 5524 qui
1530 5468 1560 5508 a
1599 5455 1737 5509 malo
1762 5453 2003 5510 daemone

422 5546 669 5616 agitatur,
703 5546 1084 5600 involuntarins
1132 5557 1385 5616 operatur
1409 5561 1471 5599 ca
1499 5561 1616 5615 quze
1643 5554 1913 5616 operatur,
1941 5560 2003 5600 ac

428 5637 553 5694 licet
593 5639 911 5706 recalcitret,
957 5638 1079 5693 licet
1124 5647 1333 5708 rumpat
1377 5648 1599 5705 vestem,
1647 5647 1701 5691 et
1749 5637 1999 5693 obscmna

1199 209 1259 266 S.
1297 208 1575 266 JOANNIS
1612 206 2080 267 CllliYSOSTOMI
2118 208 2434 266 ARCIIIEP.
2476 169 3009 271 (ΞΟΝΒΤᾸΝΤΙΝΟΡ.

3609 222 3716 280 263

2126 322 2388 393 qumpiam
2438 323 2704 393 loquatur,
2754 328 2908 381 venia
2952 327 3145 400 dignus
3184 339 3477 387 censetur:
3526 343 3582 390 at
3625 337 3716 406 qui

2124 413 2303 469 ebrius
2345 421 2448 480 est,
2492 414 2749 486 quidquid
2793 417 3000 484 fecerit,
3047 433 3152 474 non
3181 429 3264 476 est
3289 422 3440 477 venia
3477 424 3713 495 dignus:

2122 503 2218 559 sed
2260 512 2314 559 et
2359 505 2512 560 valde
2557 506 2800 562 incusant
2842 508 2989 563 illum
3018 510 3323 578 familiares,
3350 516 3528 581 amici,
3557 528 3611 572 et
3636 519 3717 573 vi-

2123 595 2251 662 cini,
2279 606 2333 653 et
2363 598 2413 653 in
2441 613 2650 655 summa
2678 614 2899 666 omnes;
2943 603 3064 672 quia
3097 613 3288 672 sponte
3331 616 3387 661 et
3415 608 3718 666 Voluntarfe

2068 740 2089 762 ,
2125 685 2177 741 in
2221 685 2359 743 banc
2410 688 2701 759 nequitiam
2751 692 2978 758 transiit,
3024 701 3080 748 et
3123 694 3398 753 ebrietatis
3449 702 3716 770 tyrannidi

2121 776 2356 848 seipsum
2386 778 2608 836 dedidit.
2639 781 2702 835 Et
2723 780 2837 836 haec
2859 782 2979 837 dico
3002 799 3109 839 non
3136 796 3193 838 ut
3232 786 3432 856 justum
3457 789 3715 845 incusem:

2123 870 2286 924 multa
2332 872 2475 925 enim
2524 882 2677 928 erant
2721 885 2939 945 propter
2966 891 3085 946 qua:
3114 879 3186 933 illi
3218 881 3371 935 venia
3398 882 3713 950 debebatur,

2122 969 2178 1015 et
2219 975 2340 1015 cum
2389 962 2598 1032 primis,
2623 966 2765 1035 quod
2814 981 2919 1021 non
2955 966 3006 1021 in
3038 968 3087 1022 id
3119 970 3231 1024 vitii
3262 980 3441 1040 postea
3472 974 3714 1043 relapsus

2123 1058 2224 1115 est,
2268 1050 2317 1106 id
2345 1053 2487 1122 quod
2529 1056 2814 1110 maximum
2843 1056 3002 1112 fuerit
3032 1059 3284 1116 indicium
3309 1078 3432 1117 cum
3461 1080 3524 1117 ex
3559 1065 3716 1135 igno-

2124 1144 2313 1206 rantia,
2361 1159 2465 1198 non
2515 1160 2580 1200 ex
2626 1147 2941 1217 negligentia
2986 1150 3130 1219 prius
3162 1151 3474 1223 deliquisse.
3507 1154 3634 1209 Nam
3666 1156 3713 1211 si

2123 1231 2225 1286 hoc
2246 1231 2429 1289 fuisset
2461 1236 2814 1306 negligentiae,
2845 1241 3122 1308 oportebat
3150 1258 3272 1296 eum
3300 1245 3490 1299 iterum
3522 1245 3737 1300 eudem‘

2124 1322 2312 1378 morbo
2345 1324 2503 1395 capi:
2534 1326 2585 1380 id
2628 1328 2769 1397 quod
2817 1344 2922 1384 non
2965 1332 3167 1387 evenit.
3208 1333 3339 1388 Nam
3384 1336 3428 1389 si
3456 1335 3630 1390 denuo
3661 1337 3713 1392 id

2122 1414 2425 1483 accidisset,
2477 1417 2748 1489 Scriptura
2793 1422 2974 1492 utique
3019 1439 3124 1479 non
3155 1425 3485 1493 obticuisset,
3519 1430 3610 1483 sed
3638 1432 3714 1484 si-

2118 1504 2427 1575 gniﬁcasset
2455 1508 2626 1564 nobis.
2657 1510 2802 1569 Unus
2826 1513 2968 1567 enim
2993 1528 3184 1585 scopus
3205 1525 3259 1570 et
3290 1519 3546 1574 terminus
3567 1519 3714 1576 Scri-

2121 1605 2290 1667 ptura:
2335 1597 2529 1655 divina:
2568 1609 2670 1665 est,
2701 1618 2767 1657 ne
2796 1603 2923 1673 quid
2965 1604 3223 1661 factorum
3255 1607 3588 1678 intermittat,
3617 1613 3712 1667 sed

2122 1690 2401 1746 veritatem
2448 1706 2547 1748 nos
2585 1693 2791 1750 doceat.
2825 1696 3008 1766 Neque
3034 1699 3177 1753 enim
3222 1704 3711 1770 proptcrinvidiam

2114 1780 2384 1852 justorum
2440 1783 2663 1840 virtutes
2719 1789 2975 1857 prtetcrit,
3007 1805 3179 1859 neque
3220 1801 3437 1862 propter
3486 1795 3711 1863 gratiam

2121 1882 2337 1942 peccata
2365 1873 2645 1931 adumbrat
2674 1895 2688 1932 :
2715 1877 2809 1933 sed
2850 1879 3026 1934 omnia
3061 1880 3116 1935 in
3146 1882 3379 1936 medium
3412 1883 3565 1938 nobis
3591 1900 3714 1954 pro-

2118 1965 2285 2035 ponit,
2316 1976 2373 2020 ut
2394 1967 2629 2038 regulam
2655 1978 2709 2025 ει
2745 1970 3041 2027 doctrinam
3070 1974 3354 2044 quamdam
3396 1975 3708 2044 habeamus,

2118 2065 2172 2112 et
2213 2064 2272 2112 ut
2322 2057 2367 2112 si
2397 2059 2609 2128 quando
2637 2061 2796 2116 etimit
2828 2078 2926 2119 nos
2956 2079 3050 2134 per
3072 2066 3376 2122 socordiam
3405 2069 3458 2123 in
3484 2069 3610 2139 quid
3633 2072 3712 2123 vi-

2118 2148 2176 2202 tii
2229 2148 2598 2218 inciderimus,
2648 2153 2915 2210 cautiores
2964 2156 3132 2211 simus
3179 2167 3382 2229 postea,
3429 2174 3498 2215 ne
3532 2160 3711 2216 denuo

2117 2238 2433 2297 incidamus.
2465 2241 2646 2313 Neque
2670 2247 2812 2301 enim
2840 2255 2946 2302 tam
2967 2262 3134 2318 grave
3154 2258 3239 2306 est
3266 2265 3507 2321 peccare,
3544 2268 3704 2323 quam

2118 2323 2171 2379 in
2216 2328 2449 2397 peccatis
2497 2344 2861 2399 perseverare.
2911 2332 3093 2404 Itaque
3134 2350 3241 2390 non
3267 2336 3484 2393 attende
3526 2339 3701 2395 solum

2116 2417 2258 2488 quod
2289 2417 2580 2476 inebriatus
2621 2422 2691 2477 sit
2729 2422 2937 2492 justus,
2975 2424 3070 2480 sed
3100 2427 3242 2496 quod
3271 2438 3455 2497 postea
3483 2445 3588 2485 non
3610 2431 3711 2487 ite-

2115 2522 2233 2562 rum
2263 2507 2367 2564 hoc
2394 2508 2443 2564 ei
2484 2511 2760 2567 acciderit.
2809 2513 2944 2569 Illud
2987 2530 3116 2572 vero
3143 2518 3424 2573 considera
3447 2561 3464 2588 ,
3495 2535 3589 2576 eos
3616 2522 3710 2592 qui

2118 2598 2171 2654 in
2217 2600 2452 2657 tabernis
2482 2604 2699 2658 vinariis
2735 2607 2972 2674 quotidie
2997 2621 3384 2665 consumuntur
3406 2652 3422 2678 ,
3453 2622 3510 2667 et
3539 2613 3711 2668 ferme

2115 2687 2360 2758 dixerim,
2375 2692 2610 2762 quotidie
2628 2697 2927 2751 moriuntur
2950 2716 2963 2751 :
2983 2698 3189 2754 etiantsi
3217 2701 3430 2770 quando
3452 2703 3533 2763 sui
3559 2717 3712 2758 como

2117 2788 2267 2848 potes
2309 2779 2505 2836 fuerint
2549 2782 2674 2838 facti
2697 2825 2711 2847 ,
2745 2801 2917 2856 neque
2938 2787 3014 2842 sic
3058 2789 3159 2843 sibi
3200 2802 3385 2846 cavent
3417 2793 3486 2848 ab
3511 2793 3706 2849 eodem

2116 2870 2353 2938 periculo
2372 2911 2389 2938 ,
2418 2872 2511 2927 sed
2541 2876 2689 2944 quasi
2727 2875 2792 2930 ad
2823 2892 2959 2946 opus
2988 2879 3256 2949 quoddam
3285 2891 3559 2939 strenuum
3590 2886 3711 2940 red-

2113 2969 2261 3055 eunt.
2307 2961 2526 3034 Insuper
2560 2974 2639 3055 ⁸ει
2685 2965 2784 3021 hoc
2837 2970 2956 3039 quis
2993 2971 3116 3040 jure
3155 2974 3439 3043 cogitabit,
3499 2977 3703 3045 justum

2116 3050 2285 3116 illum,
2332 3054 2431 3108 etsi
2473 3050 2614 3125 quo]
2647 3071 2750 3111 non
2791 3069 3044 3130 expertus
3083 3072 3246 3128 esset,
3279 3079 3376 3120 nec
3416 3068 3578 3121 sciret
3603 3083 3711 3139 qua

2115 3155 2368 3197 mensura
2404 3153 2549 3199 esset
2571 3147 2820 3201 utendum
2841 3191 2857 3213 ,
2890 3149 3179 3206 inebriatus
3198 3153 3299 3220 sit;
3331 3163 3561 3217 attamen
3585 3172 3710 3215 cum

2112 3230 2291 3301 justus
2320 3244 2481 3300 esset,
2530 3245 2585 3290 et
2625 3239 2803 3292 multis
2831 3239 2983 3297 bonis
3025 3243 3248 3312 polleret
3285 3248 3553 3315 operibus,
3588 3264 3709 3319 pec-

2113 3332 2313 3390 eatum,
2369 3327 2507 3396 quod
2559 3344 2684 3384 casu
2721 3334 2918 3399 evenit,
2977 3335 3228 3406 obtegere
3281 3339 3559 3408 potuisse:
3610 3358 3708 3398 nos

2114 3422 2290 3469 autem
2332 3432 2452 3472 cum
2486 3418 2862 3478 abinnumeris
2910 3424 3028 3480 aliis
3080 3427 3448 3484 affectionibus
3488 3432 3707 3489 infeste-

2115 3528 2254 3581 mur,
2295 3524 2349 3570 ει
2392 3514 2491 3570 hoc
2529 3516 2809 3585 addamus,
2842 3529 2896 3574 ut
2925 3530 2978 3575 et
3006 3521 3074 3575 ab
3106 3522 3363 3581 ebrietate
3391 3526 3705 3598 submerga-

2116 3620 2253 3670 mur,
2306 3607 2431 3676 quid
2474 3609 2786 3664 excusabit?
2818 3611 2899 3666 vel
2936 3613 3076 3681 quis,
3108 3613 3212 3677 die,
3243 3630 3361 3682 oro,
3394 3633 3491 3670 nos
3517 3618 3706 3688 digna-

2114 3697 2256 3752 bitur
2276 3700 2450 3767 venia,
2475 3715 2610 3771 quos
2639 3702 2778 3757 nulla
2807 3705 3135 3772 experientia
3162 3706 3284 3761 facit
3304 3711 3707 3779 castigatior-cs"

2114 3786 2388 3859 Evigilavit
2426 3801 2593 3844 autem
2639 3790 2772 3858 Noe,
2820 3793 3008 3864 inquit,
3037 3812 3068 3848 a
3096 3796 3230 3861 vino,
3262 3808 3311 3850 et
3334 3803 3563 3870 cognovit
3589 3819 3705 3871 qua:

2116 3880 2231 3950 fecit
2250 3880 2346 3935 sibi
2362 3882 2504 3950 ﬁlius
2522 3898 2642 3938 suus
2657 3884 2857 3952 junior.
2875 3885 3024 3941 Unde
3043 3891 3323 3958 cognovit?
3338 3891 3495 3948 Forte
3517 3894 3706 3950 fratres

2114 3973 2566 4044 signiticaverunt,
2613 3990 2718 4030 non
2747 3987 2805 4031 ut
2846 3976 3062 4034 fratrem
3091 3993 3425 4047 accusarent,
3457 3986 3551 4041 sed
3591 4004 3703 4042 rem

2115 4074 2173 4119 ut
2201 4065 2334 4122 facta
2359 4075 2475 4129 erat
2502 4067 2776 4135 docentes,
2824 4079 2881 4124 ut
2907 4073 3229 4128 conveniens
3256 4076 3344 4130 ille
3369 4093 3467 4133 suo
3498 4081 3704 4136 vulneri

2114 4157 2410 4212 remedium
2458 4158 2743 4229 acciperet.
2788 4159 2861 4214 Et
2903 4165 3151 4234 cognovit,
3199 4167 3385 4236 inquit,
3431 4169 3546 4223 Noe
3564 4189 3703 4239 qum-

2114 4262 2327 4319 cumque
2365 4248 2551 4318 fecerat
2596 4250 2692 4304 sibi
2718 4252 2858 4319 [ilius
2883 4269 3005 4307 suus
3020 4255 3216 4324 junior.
3251 4256 3387 4324 Quid
3412 4268 3514 4325 est,
3545 4261 3701 4327 QUIB-

2112 4358 2320 4411 cumque
2346 4343 2574 4412 fecerat?
2605 4343 2845 4413 Magnam
2876 4354 2929 4400 et
2967 4346 3352 4403 intolerabilem
3380 4366 3491 4405 rem
3519 4352 3703 4409 dicere

2117 4434 2248 4486 vult.
2279 4433 2657 4489 Animadverte
2682 4435 2822 4489 enim
2853 4437 3119 4505 quomodo
3145 4439 3284 4493 intus
3314 4440 3366 4494 in
3398 4440 3559 4495 domo
3588 4444 3700 4497 visa

2114 4524 2281 4594 patris
2311 4524 2655 4595 turpitudine,
2684 4540 2805 4581 cum
2847 4527 3118 4583 debuisset
3154 4531 3426 4601 obtegere,
3453 4547 3701 4601 egressus

2113 4616 2395 4685 evolgavit,
2423 4625 2476 4671 et
2501 4617 2633 4671 risui
2662 4626 2819 4687 atque
2842 4618 3238 4675 subsannatloni
3268 4631 3495 4692 patrem,
3531 4640 3700 4694 quan-

2114 4715 2224 4760 tum
2256 4706 2307 4760 in
2333 4706 2449 4777 ipso
2476 4717 2610 4774 erat,
2641 4708 2911 4778 exposuit,
2944 4708 3237 4781 fratresque
3265 4727 3440 4780 prava:
3465 4730 3577 4769 suae
3601 4731 3699 4769 vo-

2112 4796 2328 4853 luntatis
2353 4797 2525 4854 socios
2554 4812 2672 4854 esse
2696 4799 2891 4855 voluit:
2913 4816 3032 4855 cum
3055 4803 3395 4870 oportuisset,
3413 4805 3457 4858 si
3479 4806 3698 4860 omnino

2113 4889 2449 4945 nuntiaturus
2492 4900 2627 4960 erat,
2669 4890 2789 4947 illos
2822 4892 2957 4947 intra
3008 4893 3224 4948 domum
3270 4910 3486 4963 vocare,
3538 4906 3591 4952 et
3618 4899 3697 4952 sic

2114 4978 2405 5033 nuditatem
2433 4979 2584 5035 effari
2617 4998 2630 5032 :
2659 4981 2753 5036 sed
2784 4983 2896 5051 ipse
2927 4982 3067 5038 foras
3092 4984 3248 5054 exiit,
3279 4985 3573 5042 nuditatem
3600 4989 3692 5043 dc-

2110 5069 2352 5134 claravit,
2399 5070 2549 5141 quasi
2585 5073 2745 5126 etiam
2793 5073 2891 5127 alia
2931 5073 3143 5129 adesset
3192 5076 3343 5130 turba
3396 5078 3693 5144 bomitmm,

2109 5175 2243 5231 quos
2267 5161 2425 5215 etiam
2452 5160 2687 5216 facturus
2706 5172 2849 5218 esset
2879 5174 3110 5233 paternas
3133 5166 3470 5235 turpitudinis
3493 5177 3654 5222 testes
3679 5185 3695 5222 :

2112 5265 2329 5324 propter
2372 5255 2471 5309 hoc
2516 5255 2702 5325 inquit,
2739 5256 2866 5322 Qua:
2891 5261 3107 5327 fecerat;
3137 5258 3187 5313 id
3216 5269 3317 5326 cst,
3348 5262 3695 5314 contumelio-

2110 5361 2201 5399 sus
2226 5345 2362 5414 patri
2387 5344 2500 5408 fuit,
2530 5346 2725 5400 oblitus
2754 5355 2837 5401 cst
2864 5347 3081 5402 honoris
3108 5363 3264 5418 quem
3289 5349 3480 5403 debent
3505 5365 3695 5415 parcu-

2111 5436 2250 5491 tibus
2279 5436 2391 5500 ftlii,
2436 5435 2667 5506 prodidit
2708 5446 2941 5506 peccata,
2976 5438 3115 5493 fratri
3136 5451 3165 5492 s
3189 5438 3348 5492 voluit
3377 5439 3612 5505 allicere,
3640 5452 3695 5494 et

2110 5528 2283 5582 socios
2309 5530 2481 5583 facere
2504 5545 2614 5583 sum
2635 5531 2990 5584 contumelia).
3021 5531 3145 5596 Qum
3160 5532 3343 5600 fecerat
3365 5530 3474 5592 sibi,
3502 5530 3689 5599 inquit,

2110 5619 2248 5688 ﬁlius
2293 5636 2413 5674 suns
2453 5619 2639 5685 iunior.
2672 5621 2827 5690 Atqui
2860 5637 2964 5674 non
2990 5620 3075 5675 hic
3102 5631 3213 5675 erat
3250 5622 3461 5691 junior;
3495 5637 3688 5677 secun—
