4066 6140
310 298 422 356 963

311 412 413 466 dus
438 410 580 467 enim
610 420 744 479 erat,
775 420 830 466 et
859 410 1029 481 major
1058 417 1183 464 natu
1211 423 1370 479 quam
1396 407 1623 478 .laphetli
1652 425 1665 461 ε
1691 414 1745 461 at
1772 406 1899 463 licet

315 512 472 557 aetate
499 504 588 557 illo
616 505 763 573 prior
781 512 914 564 erat.
946 503 1219 559 voluntate
1242 512 1419 557 tamen
1440 501 1627 563 minor,
1651 510 1705 555 et
1733 507 1899 551 teme-

314 595 444 649 ritas
472 596 619 649 illum
646 595 857 663 deiecit.
890 592 1021 647 Nam
1052 595 1177 663 quia
1201 594 1372 647 noluit
1397 593 1538 646 intra
1553 604 1678 646 suos
1703 589 1897 642 limites

315 698 553 749 insuere,
605 684 781 737 amisit
824 682 1083 736 honorem
1112 682 1211 737 sibi
1257 696 1289 734 a
1314 687 1498 735 natura
1526 679 1773 733 traditum
1799 694 1813 730 :
1842 685 1899 730 et

314 774 450 828 sicut
483 773 572 828 ille
614 773 666 827 id
711 772 853 843 quod
884 782 1074 827 natura
1119 772 1323 838 habuit,
1350 770 1582 840 nequitia
1611 767 1896 824 voluntatis

314 864 510 930 amisit,
544 865 614 919 ita
640 863 867 934 Japheth
887 863 1029 934 quod
1056 874 1243 919 natura
1270 878 1376 919 non
1399 862 1599 928 habuit,
1627 860 1893 917 saniorem

312 955 385 1009 ob
410 963 640 1010 mentem
668 954 892 1023 accepit.

386 1044 440 1099 6.
481 1043 587 1099 Car
625 1045 765 1112 [ilius
790 1044 1086 1099 antedictos
1112 1044 1177 1098 sit
1199 1044 1264 1097 ob
1285 1042 1442 1112 patris
1474 1050 1747 1112 peccatum.
1780 1038 1891 1092 Pa-

315 1143 414 1187 tres
439 1150 536 1204 pro
556 1134 727 1188 liberis
750 1135 919 1203 puniri
938 1143 1132 1205 optant.
1150 1162 1220 1174 —-
1248 1132 1434 1187 Vidisti
1456 1131 1727 1202 quomodo
1742 1129 1874 1183 nihil

315 1234 518 1280 temere
541 1232 594 1279 et
616 1223 835 1279 fortuito
860 1223 911 1279 in
941 1224 1118 1279 divina
1134 1224 1405 1293 Scriptum
1425 1221 1728 1292 reperitur?
1763 1219 1895 1287 Quae

311 1314 502 1379 {erant
529 1315 655 1380 sibi,
687 1316 886 1384 inquit,
914 1315 1055 1384 ﬁlius
1085 1330 1211 1369 suus
1254 1314 1441 1380 iunior.
1474 1312 1566 1369 25.
1602 1311 1668 1365 Et
1716 1310 1844 1363 dixit
1871 1324 1890 1363 :

312 1404 617 1460 Haledictns
659 1407 907 1461 Characa
947 1406 1107 1475 ﬁlius,
1133 1422 1306 1461 servas
1342 1407 1438 1460 erit
1477 1405 1721 1475 fratribus
1764 1402 1887 1458 suis.

311 1497 451 1551 Ecce
473 1497 813 1567 pervenimus
831 1497 898 1551 ad
919 1497 1266 1568 quaestionem
1293 1496 1439 1550 illam
1453 1495 1649 1564 ubique
1667 1503 1886 1547 motam.

310 1587 501 1642 Multos
524 1588 667 1642 enim
693 1588 940 1643 audimus
967 1588 1205 1643 dicentes
1243 1607 1256 1643 :
1288 1586 1463 1655 Quare
1491 1599 1614 1639 eum
1638 1598 1889 1653 peccave-

308 1677 379 1731 rit
402 1687 574 1746 pater,
599 1686 653 1732 et
681 1678 977 1748 prodiderit
1000 1678 1317 1743 nuditatem,
1372 1676 1519 1731 ﬁlius
1544 1674 1888 1729 maledictum

306 1767 564 1837 suscipit?
587 1768 843 1837 Obsecro,
872 1768 1133 1825 attendite
1157 1769 1459 1839 diligenter,
1489 1774 1544 1822 et
1571 1766 1892 1821 solutionem

306 1858 547 1927 accipite.
576 1859 668 1912 Illa
690 1860 831 1912 enim
854 1857 1115 1918 dicemus.
1134 1874 1252 1929 qua:
1271 1856 1687 1927 suppeditaverit
1712 1854 1889 1909 divina

304 1950 471 2018 gratia
499 1960 713 2020 propter
740 1960 971 2005 vestram
1005 1951 1307 2006 utilitatem.
1354 1949 1419 2003 Et
1457 1949 1586 2002 dixit
1615 1964 1633 2001 :
1670 1947 1890 2001 Maledi-

303 2047 414 2091 σιω
436 2037 681 2093 Chanaan
706 2040 861 2109 filius,
886 2056 1056 2094 servus
1079 2040 1170 2093 erit
1195 2039 1438 2109 fratribus
1454 2039 1576 2093 suis.
1609 2036 1726 2092 Non
1755 2036 1885 2090 sim-

304 2127 534 2195 pliciter,
559 2144 731 2199 neque
748 2130 802 2184 in
825 2145 1019 2185 vanum
1037 2130 1474 2185 commemoravit
1494 2129 1685 2193 ﬁlium,
1706 2127 1800 2182 scd
1818 2127 1889 2182 ob

307 2218 559 2275 latentem
582 2223 862 2277 rationem.
892 2222 1120 2277 Volebat
1144 2222 1288 2277 enim
1306 2222 1464 2276 simul
1491 2231 1545 2276 et
1568 2221 1743 2291 ipsum
1769 2234 1888 2273 cor-

303 2309 479 2378 ripere
507 2321 724 2381 propter
742 2323 1037 2381 peccatum,
1068 2322 1121 2369 et
1146 2313 1525 2368 contumeliam
1546 2328 1648 2382 qua
1670 2328 1729 2368 se
1752 2311 1885 2367 alle-

301 2409 484 2453 ccrat:
516 2410 570 2455 et
610 2403 766 2456 simul
813 2403 1027 2458 nolebat
1071 2402 1391 2459 labefactare
1439 2402 1885 2468 benedictionem,

300 2505 423 2560 quae
443 2492 521 2547 illi
544 2493 746 2561 pridem
772 2510 802 2549 a
827 2496 937 2550 Deo
968 2494 1105 2550 facta
1147 2495 1320 2550 fuerat
1354 2511 1372 2550 ;
1397 2494 1665 2550 Beuedixit
1704 2495 1844 2550 enim
1869 2533 1885 2560 ,

303 2582 495 2652 inquit,
527 2584 663 2641 Deus
712 2586 826 2641 Noe
848 2589 1053 2658 quando
1073 2589 1219 2642 exivit
1244 2604 1308 2642 ex
1332 2604 1472 2653 arca,
1498 2597 1544 2642 et
1574 2588 1708 2656 ﬁlios
1747 2585 1888 2640 illius

305 2675 461 2745 (Gen.
483 2677 542 2731 9.
568 2678 591 2732 l
625 2679 669 2747 ).
700 2678 769 2734 Ut
809 2679 968 2748 igitur
1010 2696 1079 2736 ne
1101 2680 1346 2736 videatur
1384 2680 1703 2736 maledicere
1728 2694 1887 2749 quem

303 2767 447 2822 Deus
471 2770 646 2824 semei
678 2770 1040 2837 benedixerat,
1083 2773 1354 2841 prmterito
1380 2771 1472 2825 illo
1496 2772 1586 2842 qui
1619 2786 1679 2827 se
1704 2780 1888 2827 contu-

300 2861 458 2914 melia
489 2861 760 2925 affecerat,
792 2863 901 2917 ﬁlio
927 2863 1268 2919 maledictum
1312 2864 1508 2917 intulit.
1540 2863 1693 2930 Esto,
1734 2863 1887 2918 dixe-

300 2952 413 3017 ris,
468 2951 571 3008 hoe
619 2954 835 3023 quidem
889 2954 1125 3009 ostendit
1167 2964 1447 3023 propterea
1503 2953 1667 3008 Citam
1721 2953 1888 3008 male-

300 3044 503 3100 dictum
522 3060 627 3100 non
648 3045 831 3113 fuisse,
850 3047 973 3116 quia
998 3047 1146 3116 prius
1168 3060 1198 3099 a
1219 3046 1327 3100 Deo
1344 3044 1769 3099 benedictionem
1795 3058 1889 3099 ac-

301 3146 522 3208 ceperat
558 3154 575 3192 :
603 3154 771 3208 quare
795 3150 973 3192 autem
1000 3153 1125 3192 cum
1150 3138 1243 3192 ille
1271 3137 1589 3207 peccaverit,
1638 3136 1723 3190 hic
1771 3151 1888 3205 pte-

301 3243 431 3282 nam
454 3228 587 3283 luit?
610 3228 793 3299 Neque
820 3232 922 3283 hoc
941 3227 1147 3299 absque
1172 3228 1376 3282 ratione
1396 3226 1595 3281 factum
1622 3236 1726 3282 est.
1756 3226 1893 3281 Nam

302 3327 456 3389 pater
500 3334 606 3373 non
650 3320 910 3375 minorem
944 3333 1152 3388 penam
1187 3319 1388 3384 habuit,
1416 3333 1577 3388 quam
1629 3318 1766 3373 ﬁlius
1792 3359 1808 3383 ,
1836 3327 1891 3372 et

302 3410 595 3465 cruciamur
623 3410 808 3465 sensit.
856 3410 1015 3466 Scitis
1042 3410 1211 3475 enim,
1238 3409 1389 3464 scitis
1425 3408 1692 3479 quomodo
1718 3422 1890 3477 saepe-

303 3516 530 3555 numero
569 3511 745 3571 patres
784 3502 982 3571 precati
1025 3509 1151 3556 sunt
1187 3509 1245 3555 ut
1300 3499 1533 3555 ﬁliorum
1582 3514 1767 3569 poenas
1792 3499 1892 3567 ipsi

306 3591 546 3657 ferrent;
579 3602 633 3646 et
673 3593 885 3660 gravius
936 3592 1038 3647 illis
1084 3606 1208 3647 esse
1236 3591 1416 3646 videre
1466 3590 1601 3645 ﬁlios
1630 3588 1893 3659 supplicio

305 3682 468 3751 afﬁci,
494 3698 655 3754 quam
680 3686 723 3739 si
755 3686 857 3754 ipsi
882 3685 946 3740 iis
972 3684 1149 3739 forent
1167 3684 1404 3739 obnoxii.
1434 3683 1656 3737 Factum
1684 3691 1765 3735 cst
1789 3681 1894 3735 hoc

309 3774 490 3845 igitur,
521 3787 578 3829 ut
607 3775 697 3830 ille
726 3776 795 3829 ob
821 3775 1120 3829 naturalem
1162 3775 1216 3828 in
1251 3774 1419 3828 tilium
1439 3787 1702 3837 amorem,
1726 3771 1892 3840 majo-

308 3881 425 3923 rem
472 3868 697 3923 sentiret
724 3869 986 3933 dolorem,
1031 3876 1086 3921 et
1116 3865 1418 3921 benedictio
1447 3865 1543 3920 Dei
1587 3871 1895 3919 servaretur

309 3962 581 4026 inviolata,
609 3970 663 4015 et
688 3960 824 4014 ﬁlius
845 3967 1060 4028 accepta
1093 3957 1489 4020 maledictioue,
1517 3970 1738 4011 suorum
1762 3969 1890 4026 pro-

310 4053 551 4121 primum
574 4067 762 4122 poenas
789 4059 1129 4121 peccatorum
1154 4051 1345 4104 lueret.
1374 4049 1509 4103 Nam
1534 4050 1655 4103 licet
1680 4057 1896 4117 propter

312 4145 477 4214 patris
501 4152 779 4214 peceatum
804 4156 946 4195 nunc
973 4140 1330 4195 maledictioni
1358 4139 1427 4194 sit
1449 4140 1731 4205 obnoxius,
1760 4146 1897 4191 atta-

313 4253 439 4291 men
465 4236 758 4291 verisimile
784 4244 889 4301 est,
920 4248 1047 4289 eum
1088 4233 1247 4288 etiam
1293 4242 1515 4303 propter
1558 4247 1651 4286 sua
1698 4231 1891 4286 delicta

313 4330 527 4386 dedisse
570 4342 802 4398 prunam.
848 4326 967 4381 Non
992 4325 1137 4381 enim
1160 4324 1334 4380 solum
1359 4333 1580 4394 propter
1622 4331 1895 4392 peccatum

313 4420 479 4490 patris
526 4418 958 4473 maledictioncm
992 4417 1214 4486 accepit,
1245 4415 1341 4470 sed
1388 4414 1628 4469 fortassis
1653 4416 1813 4468 etiam
1842 4422 1899 4466 ut

316 4526 413 4583 per
443 4511 617 4580 ipsum
640 4509 730 4564 ille
754 4510 1011 4578 majorem
1030 4522 1245 4579 poenam
1272 4506 1553 4576 penderet.
1586 4505 1718 4559 Nam
1755 4503 1897 4573 quod

316 4617 491 4672 neque
507 4612 682 4673 patres
706 4616 803 4672 pro
826 4601 968 4667 ﬁliis,
996 4614 1171 4670 neque
1192 4597 1284 4652 filii
1310 4610 1406 4667 pro
1423 4597 1661 4666 patribus
1687 4610 1899 4665 penam

317 4693 484 4759 luant,
528 4693 623 4748 sed
661 4694 1026 4763 unusquisque
1064 4705 1163 4761 pro
1189 4689 1305 4743 suis
1343 4688 1573 4757 peccatis
1621 4701 1794 4756 ptume
1831 4686 1901 4741 sit

329 4783 618 4849 obnoxius,
643 4784 826 4838 multis
852 4784 905 4837 in
936 4783 1067 4837 locis
1090 4797 1117 4835 a
1144 4779 1418 4851 prophetis
1446 4778 1644 4832 dictum
1698 4776 1900 4833 inveni-

320 4888 465 4934 mus,
490 4882 547 4930 ut
574 4889 692 4927 cum
714 4875 894 4929 dicunt
927 4892 941 4930 :
965 4874 1282 4929 Comedcntis
1320 4888 1447 4925 uvas
1462 4871 1691 4938 acerbas,
1728 4871 1899 4925 dentes

320 4965 674 5032 obstupescunt
702 4963 831 5032 (Jer.
861 4966 948 5018 5|.
973 4965 1066 5035 29)
1089 4982 1103 5031 ;
1154 4973 1227 5031 et,
1255 4963 1437 5016 Anima
1465 4978 1575 5033 qua
1606 4963 1898 5031 peccaverit,

320 5058 437 5128 ipsa
484 5066 532 5112 et
576 5056 816 5110 morietur
854 5054 1063 5124 (Ezech.
1091 5057 1177 5111 18.
1226 5056 1364 5127 20);
1405 5065 1460 5111 et
1508 5056 1698 5111 iterum
1737 5054 1903 5109 :Non

323 5152 601 5205 morientur
642 5158 809 5218 patres
848 5164 938 5218 pro
982 5149 1140 5217 ﬁliis,
1192 5164 1352 5219 neque
1396 5149 1493 5217 ﬁlii
1544 5162 1635 5217 pro
1678 5148 1902 5218 patribus

322 5243 500 5316 (Deut.
530 5241 619 5295 9.4.
648 5239 714 5293 16
734 5236 777 5311 ).
800 5236 985 5292 Nullus
1030 5238 1188 5307 igitur
1217 5249 1478 5305 vestrum,
1503 5255 1711 5307 qumso,
1753 5239 1903 5308 quasi

320 5336 573 5407 ignorans
593 5332 786 5386 divina:
814 5330 1103 5399 Scriptura:
1130 5344 1370 5399 seupum,
1397 5331 1591 5385 audeat
1617 5332 1733 5385 haec
1774 5331 1907 5385 scri-

325 5439 413 5498 pta
453 5424 869 5496 reprehendere,
916 5423 1009 5479 sed
1055 5431 1211 5494 grato
1261 5424 1442 5478 animo
1493 5439 1611 5493 qua:
1656 5424 1907 5480 dicuntur

324 5521 569 5591 accipiat,
600 5520 999 5589 admireturque
1022 5516 1218 5573 divinae
1248 5515 1538 5586 Scriptor-.e
1564 5518 1754 5571 miram
1780 5517 1904 5572 dili—

327 5614 579 5684 gentiam,
615 5620 672 5668 et
692 5611 967 5682 espendat
991 5620 1245 5681 quantum
1270 5609 1469 5666 malum
1497 5611 1567 5665 sit
1604 5620 1899 5679 peccatum.

330 5704 465 5763 Ecce
509 5704 657 5764 enim
695 5702 919 5761 fratrem
975 5702 1165 5761 eadem
1221 5712 1407 5760 natum
1458 5717 1716 5773 puerpera
1744 5746 1760 5775 ,
1812 5717 1903 5761 co-

1412 294 1476 348 ll'i
1513 293 1665 349 CAP.
1709 292 1799 347 ιι.
1841 290 2084 348 GENES.
2127 290 2353 349 HOMIL.
2398 293 2585 349 XXIX.

3479 297 3583 354 270

2009 406 2131 461 dem
2167 422 2439 477 egressum
2492 417 2663 475 utero,
2714 408 3113 479 subingressum
3153 419 3427 480 peccatum
3478 428 3588 468 ser-

2007 513 2131 551 vum
2161 497 2313 564 fecit,
2342 508 2398 552 et
2422 498 2596 553 ablata
2623 500 2889 565 libertate,
2921 501 2977 554 in
3001 500 3387 571 subiectionem
3436 503 3583 558 illum

2002 589 2211 642 induxit
2238 607 2251 643 :
2284 591 2423 644 unde
2450 599 2631 659 postea
2658 593 2888 645 servitus
2907 594 3130 660 sumpsit
3151 592 3432 662 originem.
3462 593 3566 647 Ne-

2002 693 2108 748 que
2131 682 2275 734 enim
2300 690 2456 736 antea
2504 682 2747 736 solebant
2776 683 2849 737 ita
2887 683 3121 739 molliter
3139 698 3319 753 agere,
3344 685 3579 739 deliciari

2001 778 2055 824 et
2096 770 2319 825 aliorum
2356 772 2661 827 ministeriis
2709 772 2966 844 indigere.
3003 772 3108 829 Sed
3130 776 3361 845 sibiipsis
3384 777 3580 845 quiquo

2002 859 2397 927 ministrabant,
2428 872 2647 932 eratque
2672 878 2770 933 par
2813 865 3051 919 omnium
3102 864 3292 931 honor,
3322 876 3377 921 et
3403 867 3577 920 ablata

1999 967 2032 1007 e
2055 953 2235 1009 medio
2251 962 2367 1010 erat
2385 956 2560 1010 omnis
2582 956 2947 1025 inaequalitas;
2971 956 3065 1011 ubi
3097 966 3275 1013 autem
3306 967 3577 1027 peccatum

2001 1043 2237 1109 intravit,
2276 1045 2572 1101 libertatem
2603 1045 2853 1116 perdidit,
2882 1053 2937 1101 et
2983 1046 3292 1117 dignitatem
3320 1063 3351 1101 a
3382 1057 3572 1103 natura

1998 1132 2177 1188 datam
2204 1134 2560 1202 labefactavit,
2584 1137 3007 1207 servitutemqne
3026 1138 3341 1205 introduxit,
3365 1147 3421 1192 ut
3448 1153 3576 1193 con-

1998 1224 2144 1279 tinua
2167 1225 2239 1280 sit
2262 1225 2502 1282 doctrina
2540 1237 2594 1283 et
2622 1227 2913 1283 admonitio
2959 1227 3203 1283 humana:
3246 1237 3471 1294 naturai,
3521 1240 3577 1284 ut

1996 1313 2260 1386 fugiamus
2284 1318 2597 1374 servitutem
2620 1320 2843 1389 peccati,
2876 1329 2932 1375 et
2953 1318 3021 1374 ad
3048 1320 3256 1374 virtutis
3280 1319 3576 1375 libertatem

1996 1407 2298 1463 redeamus.
2326 1409 2479 1475 Quod
2510 1412 2651 1466 enim
2678 1427 2868 1469 servus
2893 1421 2947 1468 et
2971 1413 3220 1469 dominus
3261 1413 3385 1469 hinc
3409 1416 3580 1469 conti-

1997 1513 2179 1565 nuam,
2206 1500 2251 1554 si
2273 1500 2457 1567 velint,
2487 1500 2717 1558 habeout
2751 1504 3032 1559 utilitatem
3055 1545 3071 1573 ,
3105 1505 3357 1577 cogitent,
3390 1520 3579 1561 servus

1994 1587 2207 1658 quidem
2229 1589 2348 1645 ideo
2366 1590 2419 1645 in
2444 1593 2753 1647 servitutem
2778 1604 2837 1649 se
2864 1593 3159 1660 redactum,
3187 1596 3309 1666 quia
3328 1595 3497 1651 Citam
3524 1597 3575 1650 in

1996 1686 2193 1735 tantam
2223 1691 2537 1750 pervenerat
2569 1684 2917 1740 temeritatem
2952 1702 2965 1737 :
2997 1694 3051 1741 ct
3075 1687 3321 1741 dominus
3365 1700 3577 1756 quoque

1993 1772 2211 1840 cogitet,
2233 1787 2339 1828 non
2370 1774 2587 1830 aliunde
2621 1775 3005 1844 subiectionem
3031 1785 3085 1832 et
3111 1778 3427 1833 servitutem
3451 1792 3565 1832 coe-

1994 1861 2155 1932 pisse,
2184 1878 2342 1934 quam
2372 1866 2515 1936 quod
2540 1867 2627 1922 ille
2656 1882 2967 1937 perversam
2998 1868 3300 1924 exhibuerit
3329 1868 3571 1923 volunta-

1995 1963 2124 2022 tem,
2155 1966 2211 2012 et
2233 1972 2263 2011 a
2294 1959 2406 2027 pari
2433 1958 2657 2014 fratrum
2689 1960 2946 2031 dignitate
2974 1960 3257 2017 exciderit.

2065 2046 2097 2099 7
2150 2046 2368 2114 Verum,
2399 2049 2444 2103 si
2473 2049 2639 2103 sobrii
2673 2063 2858 2104 sumus
2894 2059 2951 2105 et
2978 2051 3285 2120 prudentes,
3317 2049 3451 2105 nihil
3480 2065 3578 2106 nos

1994 2136 2266 2193 olfendent
2295 2140 2409 2194 haec
2428 2150 2647 2210 propter
2678 2150 2892 2210 peccata
2944 2150 3225 2213 parentum
3266 2152 3572 2197 nostrorum

1994 2229 2292 2286 introducta
2319 2231 2374 2286 in
2402 2232 2538 2287 hanc
2565 2234 2748 2300 vitam,
2773 2248 2896 2289 cum
2926 2247 3013 2289 res
3042 2234 3094 2288 in
3116 2234 3423 2288 nominibus
3448 2234 3577 2288 solis

1993 2332 2257 2377 versetur.
2280 2323 2414 2390 Quia
2436 2332 2490 2378 et
2517 2326 2719 2393 primus
2741 2339 2932 2394 parens
2957 2331 3177 2393 propter
3201 2325 3578 2394 transgressio-

1994 2426 2115 2466 nem
2139 2414 2325 2467 mortis
2345 2428 2554 2483 prunam
2578 2415 2844 2484 vitamque
2864 2415 2915 2468 in
2943 2414 3211 2469 laboribus
3232 2414 3579 2469 meroribus-

1992 2518 2099 2574 que
2126 2507 2546 2565 consumendam
2596 2506 2792 2570 intulit,
2823 2515 2878 2561 et
2899 2506 2983 2559 hic
3011 2506 3319 2560 servitutem
3354 2520 3576 2560 :verum

1992 2598 2370 2665 superveniens
2411 2597 2666 2651 Dominus
2704 2597 2953 2652 Christus
2974 2596 3086 2650 haec
3112 2596 3289 2650 omnia
3315 2610 3436 2650 esse
3459 2610 3580 2664 per-

1994 2689 2137 2741 misit
2155 2687 2220 2741 ad
2238 2689 2449 2741 nomina
2463 2703 2631 2757 usque
2652 2696 2876 2751 tantum,
2896 2687 2940 2741 si
2956 2687 3216 2741 volumus.
3238 2686 3419 2757 Neque
3434 2687 3575 2740 enim

1993 2794 2158 2844 mors,
2191 2793 2332 2833 mors
2356 2780 2493 2832 ultra
2513 2788 2613 2844 est,
2631 2778 2725 2832 sed
2754 2792 2949 2832 nomen
2965 2786 3169 2831 tantum
3188 2777 3347 2832 habet
3369 2776 3575 2841 mortis,

1996 2868 2104 2922 imo
2135 2877 2189 2923 et
2216 2869 2388 2938 ipsum
2420 2883 2613 2922 nomen
2644 2867 2909 2921 sublatum
2941 2874 3043 2922 est.
3075 2866 3206 2921 Nam
3235 2881 3407 2934 neque
3433 2880 3579 2919 mor—

1997 2965 2105 3012 tem
2132 2958 2303 3027 ipsam
2342 2959 2481 3012 ultra
2509 2957 2753 3022 dicimus,
2796 2955 2891 3010 sed
2930 2970 3179 3025 soporem
3228 2966 3279 3009 et
3310 2969 3577 3009 somnum.

1994 3048 2224 3104 Proinde
2250 3058 2304 3103 et
2349 3049 2593 3103 Christus
2639 3049 2755 3118 ipse
2797 3047 3011 3103 dicebat
3050 3063 3064 3100 :
3116 3046 3344 3100 Lazarus
3385 3047 3582 3100 amicus

1994 3151 2162 3195 noster
2190 3142 2373 3195 dormit
2397 3139 2572 3211 (Joan.
2613 3143 2700 3194 il.
2726 3141 2785 3194 il
2816 3140 2835 3210 )
2869 3157 2883 3194 :
2925 3148 2979 3194 et
3005 3138 3203 3193 Paulus
3232 3138 3578 3192 Thessaloni-

1995 3232 2242 3286 censibus
2285 3232 2563 3297 scribens,
2610 3231 2783 3300 inquit
2822 3248 2835 3283 :
2884 3227 2963 3283 De
3004 3229 3365 3283 dormientibus
3413 3236 3580 3281 autem

1995 3325 2111 3377 nolo
2142 3339 2230 3377 vos
2252 3325 2509 3394 ignorare,
2536 3324 2721 3394 fratres
2759 3324 2851 3393 (1.
2885 3322 3063 3376 Thess.
3096 3322 3150 3375 ὅ.
3175 3319 3293 3391 12).
3323 3320 3390 3374 Et
3415 3320 3580 3376 servi-

1998 3423 2083 3469 tus
2109 3428 2319 3485 quoque
2344 3414 2589 3469 similiter
2615 3428 2807 3468 nomen
2833 3421 2916 3469 est
2942 3429 2955 3465 :
2986 3412 3078 3467 ille
3101 3411 3242 3465 enim
3265 3418 3348 3466 est
3371 3422 3578 3474 servus,

1995 3506 2085 3574 qui
2114 3515 2388 3574 peccatum
2411 3512 2682 3574 operatur.
2715 3503 2783 3558 Et
2804 3503 2948 3573 quod
2985 3506 3146 3557 etiam
3176 3502 3316 3556 hanc
3340 3502 3579 3556 abstule-

1998 3596 2064 3648 rit
2092 3594 2327 3649 adventu
2354 3608 2453 3650 suo
2479 3594 2740 3657 Christus,
2774 3608 2872 3647 nec
2898 3593 2995 3648 nisi
3017 3607 3214 3646 nomen
3241 3605 3364 3646 esse
3386 3591 3582 3659 permi-

1998 3684 2148 3750 serit,
2176 3687 2284 3740 lmo
2314 3696 2367 3740 et
2396 3686 2710 3740 vocabulum
2738 3686 2913 3754 ipsum
2948 3684 3237 3750 deleverit,
3281 3682 3403 3737 audi
3448 3682 3584 3736 Pau-

2000 3776 2112 3831 lum
2142 3776 2407 3831 dicentem
2443 3792 2456 3831 :
2490 3777 2590 3840 Qui
2610 3787 2777 3830 autem
2798 3775 2973 3842 fideles
2997 3775 3182 3828 habent
3204 3774 3457 3836 dominos,
3481 3788 3584 3825 non

1997 3876 2318 3921 contemnant
2336 3883 2440 3930 eos,
2463 3867 2579 3934 quia
2600 3867 2784 3936 fratres
2803 3876 2921 3920 sunt
2943 3866 3028 3936 (i.
3053 3864 3191 3921 Tim.
3220 3866 3274 3921 6.
3303 3867 3339 3919 2
3358 3866 3398 3935 ).
3421 3865 3584 3919 Vides

1999 3956 2269 4025 quomodo
2294 3957 2385 4010 ubi
2413 3957 2583 4010 virtus
2625 3956 2980 4022 subintravit,
3006 3969 3099 4011 eos
3145 3955 3201 4010 in
3239 3955 3586 4010 fraternitatis

2001 4060 2199 4101 nomen
2222 4048 2580 4118 congregavit,
2604 4047 2697 4117 qui
2718 4047 2870 4118 prius
2884 4048 3154 4102 servitutis
3182 4048 3400 4103 nomine
3427 4057 3584 4101 erant

2000 4139 2263 4194 obnoxii?
2289 4138 2360 4192 Et
2377 4140 2490 4206 erit,
2519 4139 2706 4208 inquit,
2756 4138 3005 4192 Chanaan
3034 4139 3171 4207 ﬁlius
3199 4154 3371 4192 servus
3405 4138 3582 4208 fratri-

2003 4232 2092 4284 bus
2113 4232 2237 4284 suis.
2262 4228 2472 4285 Abusus
2498 4245 2582 4295 es,
2608 4230 2795 4300 inquit,
2826 4229 3047 4297 honore,
3086 4244 3191 4284 non
3222 4231 3360 4284 bene
3391 4237 3442 4282 te
3467 4242 3584 4298 ges-

2002 4322 2137 4387 sisti,
2166 4335 2285 4375 cum
2310 4336 2403 4389 par
2431 4335 2577 4376 esses
2607 4320 2897 4391 dignitate;
2944 4329 3226 4391 propterea
3253 4319 3586 4387 subiectione

2003 4412 2277 4467 emendari
2322 4421 2376 4466 te
2413 4411 2556 4467 volo.
2589 4412 2702 4466 lioe
2746 4412 2815 4467 ab
2844 4412 2994 4465 initio
3023 4422 3078 4465 et
3105 4410 3319 4466 mulieri
3344 4410 3583 4478 contigit.

2003 4506 2267 4573 Quoniam
2295 4504 2437 4559 enim
2484 4520 2581 4574 par
2625 4512 2741 4560 erat
2791 4504 2905 4558 viro
2956 4504 3234 4573 dignitate,
3276 4511 3333 4557 et
3384 4503 3587 4557 honore

2003 4598 2170 4654 abusa
2197 4604 2296 4663 est,
2331 4606 2609 4665 propterea
2649 4596 2818 4650 ablata
2873 4604 2955 4649 est
2999 4596 3065 4651 ab
3106 4596 3194 4649 illa
3234 4604 3491 4666 potestas,
3535 4601 3588 4649 et

2004 4690 2205 4746 audivit
2238 4708 2251 4742 :
2295 4690 2375 4743 Ad
2434 4690 2599 4742 virum
2633 4699 2773 4743 tuum
2812 4689 3067 4744 conversio
3103 4698 3220 4752 tua;
3268 4694 3319 4740 et
3366 4689 3475 4757 ipse
3516 4691 3588 4738 tut

2006 4781 2347 4835 dominabitur
2386 4778 2535 4850 (Gen.
2581 4781 2633 4834 5.
2698 4780 2821 4851 16).
2872 4780 3005 4846 Quia
3058 4778 3345 4843 nescivisn,
3396 4776 3584 4845 inquit,

2007 4874 2230 4943 imperio
2260 4882 2406 4927 recte
2432 4873 2525 4937 uti,
2560 4872 2707 4926 disce
2736 4871 2911 4941 potius
2931 4879 3077 4925 recte
3105 4870 3326 4938 imperio
3371 4865 3585 4935 subjici,

2006 4981 2169 5035 quam
2218 4965 2357 5020 male
2401 4964 2687 5034 imperare.
2734 4961 2962 5015 Proinde
3002 4960 3162 5013 etiam
3219 4958 3306 5012 hic
3342 4973 3482 5013 nunc
3523 4957 3588 5011 ad

2008 5057 2432 5113 emendationem
2478 5070 2687 5125 prunam
2740 5053 2951 5122 accipit,
3006 5060 3060 5107 et
3107 5066 3205 5122 per
3256 5050 3421 5105 lilium
3480 5050 3593 5119 ipse

2008 5151 2316 5206 cruciatur:
2344 5160 2402 5204 ut
2436 5148 2631 5211 discas,
2670 5146 2771 5201 etsi
2826 5160 2990 5201 senex
3046 5154 3171 5199 tunc
3216 5156 3405 5208 esset,
3457 5153 3591 5199 atta-

2008 5258 2150 5307 men,
2197 5242 2320 5312 quia
2355 5251 2513 5310 pruna
2550 5240 2602 5293 in
2654 5237 2817 5291 filium
2857 5236 3081 5301 transiit,
3134 5236 3188 5289 id
3222 5236 3320 5305 ipsi
3371 5235 3590 5291 luctuo—

2010 5350 2125 5391 sam
2145 5342 2201 5390 et
2228 5334 2501 5387 insuavem
2524 5330 2685 5384 vitam
2716 5328 2928 5393 fecisse,
2977 5327 3229 5397 cogitanti
3259 5327 3419 5381 etiam
3474 5338 3594 5394 post

2010 5436 2162 5480 Suam
2207 5430 2439 5478 mortem
2487 5420 2658 5474 ﬁlium
2706 5433 2925 5490 pennam
2965 5418 3215 5472 luiturum
3268 5432 3408 5472 esse.
3459 5415 3593 5471 Nam

2010 5517 2152 5588 quod
2179 5516 2323 5570 ﬁlius
2354 5523 2449 5584 per
2475 5526 2535 5568 se
2578 5512 2770 5579 malus,
2809 5520 2863 5566 et
2907 5525 3094 5567 omnes
3130 5510 3217 5580 qui
3256 5511 3325 5565 ab
3354 5511 3443 5563 illo
3483 5506 3593 5560 nati

2013 5609 2210 5664 fuerint
2236 5604 2640 5669 abominabiles,
2667 5612 2723 5660 et
2750 5603 2819 5659 ad
2843 5603 3038 5658 malum
3063 5615 3327 5673 propense
3348 5597 3590 5654 declina-

2011 5702 2139 5774 rint,
2166 5698 2291 5758 audi
2315 5699 2643 5770 Scriptorum
2678 5697 2945 5757 dicentem
2983 5710 3078 5767 per
3101 5694 3319 5752 modum
3357 5683 3587 5771 maledi-
