4066 6140
463 286 564 341 27.!

465 394 537 447 eti
551 392 866 448 :‘l’atcrturts
889 392 1233 458 Amorrlta’us;
1245 403 1292 449 et
1314 404 1472 449 mater
1484 405 1571 449 tua
1588 395 1807 450 Chattica
1829 394 2039 468 (Ezech.

473 487 562 543 16.
585 488 622 543 5
641 486 684 553 ).
706 486 942 541 -Et~alius
970 487 1356 543 contumeliose
1381 488 1530 553 dicit,
1559 488 1746 543 Semen
1771 487 2039 550 Chanaan,

464 587 517 631 et
566 594 668 631 non
715 578 859 630 Juda
902 576 1063 647 (Dan.
1116 579 1204 633 i5.
1236 578 1366 646 56).
1401 580 1566 633 Porro
1592 593 1769 649 operte
1814 580 2043 648 pretium

466 666 628 721 fuerit
652 667 836 722 audire
864 683 1006 723 nunc
1031 679 1150 738 post
1179 683 1415 738 poenam,
1437 686 1597 740 quam
1619 671 1826 741 accepit
1869 671 1914 725 is
1954 670 2042 739 qui

464 755 757 811 nuditatem
799 757 1081 827 evulgavit,
1133 773 1254 827 qua:
1306 759 1522 828 praimia
1567 760 1835 830 asseqnuti
1868 760 1973 813 sint
2007 760 2040 813 ii

462 847 553 915 qui
585 856 786 903 tantam
822 848 1175 904 reverentiam
1215 858 1274 905 et
1302 850 1556 906 honorem
1602 853 1734 921 patri
1783 852 2043 906 exhibita-

466 949 612 993 runt.
639 941 731 996 26.
766 939 832 995 Et
857 941 1008 1007 dixit,
1053 941 1245 1011 inquit,
1277 941 1583 997 Benedictus
1616 942 1864 997 Dominus
1911 942 2045 997 Deus

465 1032 611 1099 Sent,
629 1044 675 1087 et
692 1033 785 1087 erit
805 1032 1052 1088 Chanaan
1071 1051 1244 1089 servus
1259 1034 1419 1089 illius.
1445 1036 1576 1100 Hoc,
1598 1034 1732 1090 forte
1750 1035 1869 1104 quis
1893 1035 2047 1090 dixe-

465 1129 556 1194 rit,
587 1142 691 1182 non
717 1137 799 1182 est
828 1129 1144 1184 benedicere
1169 1128 1313 1184 Seni.
1363 1130 1473 1183 lmo
1498 1129 1652 1183 valde
1682 1128 1952 1183 benediint
1976 1129 2043 1181 il-

464 1220 598 1273 lum.
626 1219 849 1286 Quando
873 1220 1016 1274 enim
1050 1221 1187 1275 Deus
1214 1220 1545 1275 henedieitnr
1578 1262 1593 1287 ,
1621 1230 1677 1275 et
1702 1230 1931 1290 aguntur
1970 1221 2044 1274 illi

465 1306 1093 1376 gratim-ab-hominibus,
1127 1318 1250 1363 tunc
1275 1308 1493 1365 uberior
1534 1310 1602 1364 ab
1629 1310 1723 1364 illo
1749 1309 1888 1364 solet
1929 1309 2044 1364 istis

465 1398 769 1454 benedictio
792 1399 928 1464 dari,
960 1409 1177 1469 propter
1198 1416 1333 1471 quos
1356 1401 1467 1471 ipse
1492 1401 1841 1455 benedicitur.
1868 1401 2046 1469 Itaque

459 1486 792 1546 benedicens
839 1491 1005 1546 Deum
1030 1493 1325 1548 debitorem
1358 1493 1529 1562 ipsum
1559 1491 1680 1546 fecit
1704 1491 1920 1561 majoris
1948 1491 2045 1546 be-

467 1579 806 1646 nedictionis,
839 1589 1128 1652 auctorque
1146 1582 1242 1636 fuit
1259 1581 1387 1637 Sem
1410 1582 1628 1651 majoris
1653 1582 2039 1645 retributionis,

465 1683 625 1732 quam
650 1669 694 1723 si
736 1686 857 1725 eum
893 1672 1004 1741 ipse
1044 1687 1136 1741 per
1179 1686 1238 1727 se
1286 1671 1674 1727 bettedixiSSet.
1707 1672 1854 1727 Sicut
1901 1672 2044 1726 enim

465 1758 681 1827 quando
736 1760 1066 1816 benedicitur
1112 1769 1329 1831 preptcr
1369 1777 1487 1828 nos,
1539 1762 1763 1817 multum
1807 1762 1857 1816 id
1891 1763 2044 1817 nobis

463 1848 714 1903 conciliat
754 1849 991 1906 favoris:
1037 1851 1106 1905 ita
1146 1860 1200 1907 et
1241 1860 1425 1906 contra
1456 1852 1669 1922 quando
1715 1862 1928 1923 promer
1949 1865 2045 1906 nos

470 1940 559 1996 alii
595 1941 743 1996 illum
772 1943 1166 2012 blasphemant,
1195 1944 1366 2014 major
1385 1944 1509 1998 hinc
1549 1953 1729 1999 nostra
1776 1943 1830 1998 [it
1850 1943 2047 1997 condc-

465 2033 689 2098 mnatio,
722 2033 812 2102 qui
839 2047 1052 2087 causam
1079 2033 1341 2089 dedimus.
1366 2034 1645 2101 Quocirca,
1674 2035 1917 2100 obsecro,
1946 2034 2043 2088 de-

465 2136 586 2176 mus
611 2136 848 2191 Operam,
880 2132 937 2178 ut
963 2125 1034 2178 ita
1061 2126 1303 2179 vivztmus
1323 2165 1339 2192 ,
1370 2135 1423 2178 et
1451 2134 1609 2179 tanta:
1632 2125 1841 2178 virtutis
1869 2126 2043 2193 speci-

465 2227 588 2267 men
608 2214 975 2280 exhibeamus,
1008 2224 1067 2270 ut
1085 2230 1291 2282 omnes,
1323 2215 1411 2285 qui
1434 2230 1531 2270 nos
1555 2216 1798 2281 viderint,
1828 2214 2046 2269 benedi-

463 2303 671 2360 ctiones
699 2304 870 2359 laudis
903 2305 1129 2360 oil'erant
1157 2306 1386 2359 Domino
1418 2306 1544 2359 Deo.
1576 2305 1704 2358 Nam
1731 2306 1853 2374 quia
1875 2304 2044 2357 bonus

466 2404 523 2450 ct
546 2395 802 2465 benignus
822 2405 923 2461 est,
957 2412 1049 2466 per
1076 2412 1173 2450 nos
1199 2397 1308 2451 vult
1332 2397 1494 2466 gloria
1525 2394 1664 2450 allici
1715 2411 1730 2448 :
1771 2412 1875 2448 nntt
1901 2393 2041 2463 quod

466 2486 567 2554 ipsi
593 2487 788 2555 aliquid
814 2486 880 2541 ad
909 2501 1058 2540 suam
1103 2487 1326 2557 gloriam
1369 2486 1623 2544 accedat:
1670 2485 1866 2539 nullius
1900 2484 2043 2539 enim

468 2577 677 2647 indigus
705 2586 821 2638 est;
869 2577 962 2631 sed
1011 2586 1068 2631 ut
1096 2578 1405 2632 occasiones
1449 2577 1546 2646 ipsi
1579 2577 1931 2647 praebeamus,
1986 2583 2047 2629 ut

467 2667 652 2737 majori
684 2683 780 2721 nos
803 2667 1171 2723 benevolentia
1216 2675 1583 2736 prosequatur.
1610 2665 1909 2720 Benedictus
1938 2664 2045 2718 Do-

466 2761 632 2815 minus
670 2759 810 2825 Scin,
838 2769 885 2813 et
928 2761 1018 2814 crit
1044 2759 1288 2813 Chanaan
1316 2774 1484 2813 servus
1535 2758 1696 2813 illius.
1726 2756 1884 2811 Vides
1909 2770 2046 2826 quo-

467 2853 628 2908 modo
659 2862 930 2922 paternam
954 2867 1164 2923 pinnam
1195 2852 1414 2922 protert,
1444 2866 1562 2920 qna‘
1593 2860 1770 2906 tamen
1795 2848 2046 2903 emenda-

466 2945 545 3000 tio
587 2946 763 3014 potius
799 2952 943 3010 erat,
986 2958 1144 3013 quam
1203 2944 1402 3012 gmina?
1440 2942 1595 2997 Pater
1634 2941 1775 2996 enim
1819 2950 1954 3005 erat,
1990 2948 2048 2995 et

465 3036 862 3090 amantissimus
914 3043 1083 3103 pater,
1138 3048 1308 3102 neque
1349 3032 1545 3103 justam
1595 3046 1806 3102 poenam
1837 3032 2047 3086 volebat

466 3128 740 3192 inducere,
769 3127 863 3182 sed
890 3127 961 3181 ita
1007 3135 1063 3181 ut
1090 3126 1395 3181 ulteriorem
1426 3125 1681 3179 malitiam
1710 3125 2042 3193 reprimeret.

468 3219 614 3283 Ideo,
644 3218 738 3284 ait,
769 3217 841 3272 ad
887 3216 1194 3271 servitutem
1222 3225 1276 3270 te
1317 3214 1637 3281 condemno,
1682 3223 1740 3268 ut
1779 3214 1961 3284 jugem
1990 3222 2047 3269 et

466 3309 809 3363 indelebilem
846 3308 1044 3363 habeas
1090 3308 1212 3361 facti
1252 3307 1585 3361 memoriam.
1628 3306 1827 3361 .Postea
1856 3304 1984 3359 dicit
2025 3321 2042 3359 :

465 3399 559 3453 2-7.
605 3396 793 3450 Dilatet
821 3396 955 3451 Deus
978 3396 1225 3463 Japheth,
1274 3406 1322 3449 et
1367 3396 1550 3450 habitet
1609 3396 1662 3448 in
1711 3395 2045 3449 tabernaculis

469 3488 609 3553 Sam,
641 3485 1065 3556 inﬂat-Chanaan
1088 3504 1257 3541 servus
1280 3487 1437 3541 illius.
1464 3487 1674 3542 'lterum
1698 3486 1810 3540 haec
1837 3500 2047 3556 quoque

467 3580 697 3633 maxima
727 3578 1028 3633 benedictio
1068 3587 1171 3643 est,
1200 3578 1333 3633 forte
1377 3579 1628 3633 latentem
1668 3578 1900 3647 aliquem
1949 3579 2046 3632 ha-

466 3670 601 3725 hens
649 3670 975 3724 thesaurum.
1010 3668 1218 3734 Ditutet,
1260 3670 1446 3739 inquit,
1479 3669 1611 3723 Deus
1655 3668 1898 3740 Japheth.
1929 3668 2045 3725 Non

466 3762 737 3817 aberrabit
761 3762 902 3832 quis,
931 3761 975 3816 si
1006 3763 1201 3816 dixerit
1236 3761 1632 3817 benedictiones
1657 3761 1784 3831 jnsd
1815 3758 2055 3831 propbe-v

468 3854 571 3907 tias
598 3867 738 3908 esse.
769 3852 901 3907 Nam
933 3852 977 3907 si
1007 3861 1157 3923 pater
1186 3852 1300 3908 Noe
1344 3867 1449 3907 non
1486 3852 1832 3922 simpliciter,
1872 3866 2046 3921 neque

466 3945 660 3998 frustra
686 3944 997 3999 vocabulum
1026 3943 1214 3997 indidit
1240 3941 1374 4007 Noe,
1403 3943 1496 3998 sed
1519 3941 1832 3996 vaticinatus
1852 3950 1934 3996 est
1952 3956 2047 4010 per

467 4054 661 4092 nomen
690 4036 920 4091 futurum
947 4036 1222 4091 diliuvium
1260 4051 1276 4089 :
1326 4035 1493 4088 multo
1540 4034 1707 4104 magis
1730 4033 1907 4102 justus
1955 4033 2046 4088 ille

468 4145 574 4184 non
595 4128 928 4197 simpliciter,
966 4142 1137 4196 neque
1164 4126 1357 4179 frustra
1382 4124 1777 4180 benedictioues
1804 4125 2043 4194 protulit.

466 4221 665 4289 Opinor
685 4220 827 4273 enim
858 4233 979 4272 eum
1010 4217 1107 4272 hos
1126 4218 1256 4271 duos
1287 4217 1667 4282 benedicendo,
1698 4217 1920 4271 duorum
1949 4233 2049 4288 po-

476 4313 725 4382 pulorum
757 4311 1087 4365 vocationem
1118 4309 1413 4380 significare
1435 4309 1665 4364 voluisse
1694 4327 1709 4365 :
1734 4319 1787 4364 et
1807 4324 1903 4379 per
1923 4310 2044 4364 Sent

465 4401 683 4472 quidem
709 4400 956 4459 Iudaeos:
985 4416 1050 4456 ex
1072 4401 1162 4455 illo
1190 4401 1330 4455 enim
1356 4412 1409 4455 et
1429 4399 1720 4465 Abraham,
1745 4409 1800 4455 et
1829 4399 2045 4455 ludam-

469 4510 588 4549 rum
634 4508 804 4563 genus
833 4492 1236 4564 multiplicatum
1277 4500 1361 4549 est
1390 4513 1403 4549 :
1427 4507 1522 4563 per
1564 4492 1793 4563 .lapheth
1841 4501 2043 4559 autem,

468 4588 705 4658 gentium
731 4586 1082 4641 vocationem.
1112 4586 1243 4641 Vide
1270 4595 1446 4641 autem
1475 4584 1901 4641 benedictionem
1930 4581 2046 4639 hmc

473 4676 829 4748 pramuntiare
863 4693 879 4732 :
906 4675 1098 4731 ‘Dilatet
1138 4678 1303 4740 enim,
1342 4677 1530 4745 inquit,
1561 4675 1696 4730 Deus
1717 4674 1964 4744 Japheth,
1999 4684 2048 4729 et

469 4770 658 4825 habitet
700 4770 755 4824 in
796 4768 1131 4823 tabernaculis
1181 4768 1321 4822 Sent.
1363 4768 1474 4821 Hoc
1518 4767 1569 4820 in
1597 4768 1844 4836 gentibus
1877 4768 2047 4822 adim—

470 4863 669 4931 pictum
715 4860 978 4915 videmus.
1018 4857 1159 4913 Cum
1208 4857 1337 4911 dicit
1382 4857 1545 4920 enim,
1583 4855 1810 4922 Ditatet,
1856 4873 2047 4914 omnes

469 4963 655 5022 gentes
678 4949 1058 5013 subindicavit;
1082 4948 1175 5004 sed
1206 4948 1458 5014 dicendo,
1494 4946 1699 5001 Ilabitet
1725 4948 1777 5001 in
1805 4948 2045 5002 taberna-

464 5050 598 5103 culis
616 5046 756 5116 Sent,
776 5051 1221 5111 siniticargentes
1249 5039 1349 5094 frui
1369 5039 1598 5108 cmpisse
1621 5039 1686 5095 iis
1709 5055 1827 5108 qua:
1851 5039 2048 5095 Iudaeis

470 5144 649 5203 parata
677 5144 731 5188 et
749 5133 1001 5188 adornata
1022 5141 1192 5187 erant.
1223 5132 1284 5186 Et
1308 5133 1415 5187 erit
1448 5132 1692 5188 Chanaan
1718 5149 1886 5187 servus
1915 5134 2043 5202 ejus.

536 5225 592 5278 8.
640 5222 860 5276 Vidistis
902 5222 1113 5290 qualem
1158 5233 1212 5277 et
1262 5224 1296 5278 ii
1340 5224 1480 5293 grati
1525 5224 1685 5278 animi
1728 5234 2048 5293 acceperunt

472 5315 795 5378 mercedem,
826 5323 880 5369 ct
907 5324 1101 5385 quanta
1123 5315 1213 5370 ille
1243 5324 1460 5385 propter
1486 5316 1835 5372 temeritatem
1861 5326 1917 5372 et
1944 5318 2046 5371 im-

473 5404 807 5476 prudentiam
852 5404 1137 5475 ignoutinia
1164 5406 1387 5462 allectus
1404 5406 1523 5461 est?
1552 5407 1670 5461 Sint
1713 5406 1829 5463 haec
1859 5423 2048 5477 perpe-

474 5504 570 5551 tuo
597 5497 650 5549 in
678 5504 859 5550 nostra
888 5504 1067 5552 mente
1088 5498 1305 5567 scripta,
1339 5505 1406 5551 ut
1468 5496 1658 5552 horum
1708 5500 2049 5553 aemulatores

469 5597 527 5643 et
550 5589 846 5643 imitatores
870 5588 980 5644 fieri
1011 5591 1276 5659 possimus
1310 5608 1325 5645 :
1352 5589 1509 5658 hujus
1535 5598 1710 5645 autem
1742 5588 2043 5659 improbam

470 5689 704 5735 mentem
730 5719 746 5745 ,
779 5687 834 5735 et
861 5680 1127 5752 ingentem
1153 5679 1495 5751 petulantiam
1527 5676 1807 5751 fugiamus.
1852 5680 1943 5735 ‘28.
1977 5679 2043 5735 Et

1178 285 1238 341 S.
1265 285 1543 343 JOANNIS
1579 284 2048 344 CHRYSOSTOMI
2090 286 2409 343 ARCIIIEP.
2449 287 2977 345 CONSTANTINOP.

3626 287 3737 344 972

2157 398 2298 461 uixit,
2334 396 2519 467 inquit,
2550 396 2665 452 Noe
2698 408 2809 468 post
2845 397 3090 452 dilaniant
3116 413 3277 453 annos
3303 408 3551 454 trecentos
3569 403 3724 470 quin-

2150 490 2430 557 quaginta;
2454 488 2544 543 9.9.
2566 499 2613 543 et
2636 491 2839 560 fuerunt
2864 506 3036 543 attines
3056 489 3164 542 dies
3196 488 3311 543 Noe
3323 492 3565 560 nongenti
3586 492 3733 560 quia-

2149 579 2387 647 quuginta
2414 581 2559 643 anni,
2583 589 2627 633 et
2666 590 2893 633 mortuus
2920 591 3015 633 est.
3061 580 3138 635 Ne
3181 579 3286 635 hac
3327 590 3481 652 putes
3532 582 3738 648 absque

2158 682 2319 722 causa
2353 669 2656 739 assignasse
2695 669 3043 740 Scripturam,
3074 670 3168 726 sed
3197 671 3314 725 vide
3359 682 3412 726 et
3461 671 3563 726 hoc
3615 672 3733 727 loco

2145 755 2273 824 justi
2294 757 2696 813 continentiam.
2728 758 2864 826 Quia
2889 775 3010 814 cum
3038 768 3178 814 tanta
3201 760 3461 815 frueretur
3490 761 3732 817 ubertate

2150 855 2206 899 et
2251 850 2662 917 aprOSperitate,
2725 851 3194 920 superviverttque
3256 859 3403 906 tanto
3469 868 3730 907 annorum

2150 949 2374 990 numero
2400 947 2516 1006 post
2557 953 2830 1007 egressum
2873 939 2943 994 ab
2976 955 3124 1007 arca,
3158 941 3329 995 noluit
3372 941 3509 997 ultra
3559 943 3734 998 indul-

2149 1042 2275 1097 gere
2300 1027 2586 1083 liberorum
2617 1031 2995 1099 procreationi.
3036 1032 3152 1087 Non
3182 1034 3323 1088 enim
3343 1044 3731 1089 commemorat

2151 1118 2421 1187 Scriptura
2465 1120 2612 1175 illum
2640 1121 2773 1176 alios
2794 1131 3114 1203 prastertres
3152 1123 3284 1183 istos
3327 1124 3575 1180 habuisse
3595 1126 3731 1181 libe-

2149 1226 2257 1266 ros.
2281 1211 2576 1267 Hiciterum
2594 1215 2763 1282 cogita
2774 1229 3017 1284 magnam
3037 1215 3362 1270 salaoitatem
3382 1215 3588 1277 Cbami,
3603 1219 3729 1286 quia

2151 1318 2324 1372 neque
2354 1313 2557 1372 patrem
2594 1305 2781 1360 videns
2807 1314 2967 1359 tantae
2986 1306 3326 1361 continentia:
3347 1348 3364 1373 ,
3393 1308 3591 1362 castior
3614 1309 3730 1377 ipse

2149 1393 2319 1449 factus
2335 1405 2435 1461 est,
2451 1395 2541 1450 sed
2559 1397 2738 1451 omnia
2764 1397 2980 1453 diverso
3001 1398 3160 1453 modo
3177 1414 3334 1470 quam
3348 1410 3499 1468 pater
3512 1400 3723 1470 agebat.

2149 1484 2380 1540 Proinde
2402 1486 2593 1541 merito
2616 1501 2775 1542 omne
2801 1489 2967 1557 ipsius
2987 1503 3158 1559 genus
3187 1489 3240 1543 in
3263 1490 3574 1546 servitutem
3593 1505 3728 1545 eon-

2148 1577 2455 1633 demnatum
2484 1588 2585 1646 est,
2610 1588 2668 1634 ut
2694 1581 2952 1650 improba:
2992 1581 3280 1636 voluntatis
3307 1580 3514 1638 frenum
3563 1581 3729 1638 habe-

2152 1680 2251 1725 ret.
2281 1670 2484 1726 Deinde
2505 1671 2590 1728 hic
2615 1683 2793 1727 narrat
2820 1673 3095 1745 Scriptura
3122 1690 3218 1730 eos
3244 1677 3335 1745 qui
3365 1691 3432 1731 ex
3459 1677 3582 1731 filiis
3607 1678 3718 1732 nati

2148 1772 2294 1829 sunt,
2322 1772 2376 1817 et
2402 1764 2570 1833 inquit
2597 1783 2610 1819 :
2637 1765 2797 1819 Citam
2821 1776 2992 1819 autem
3013 1768 3185 1836 genuit
3219 1768 3393 1833 Chus;
3417 1775 3472 1823 et
3514 1783 3725 1840 rursus,

2149 1851 2284 1906 Chus
2307 1855 2474 1923 genuit
2496 1853 2745 1921 Nemrod,
2769 1857 2852 1926 qui
2876 1857 3023 1926 coepit
3039 1873 3148 1912 esse
3166 1858 3311 1928 gigas
3333 1874 3487 1929 super
3513 1867 3725 1912 terram.

2150 1941 2252 1995 llic
2282 1945 2379 2014 fuit
2406 1945 2551 2016 gigas
2587 1957 2797 2000 venator
2830 1963 3001 2001 coram
3036 1947 3258 2002 Domino
3286 1947 3434 2021 (Cap.
3467 1949 3555 2004 10.
3591 1949 3643 2004 6.
3669 1949 3728 2004 8.

2148 2034 2243 2105 9).
2284 2036 2513 2103 Quidam
2567 2038 2750 2092 dicunt
2791 2038 2896 2104 hic,
2940 2038 3121 2094 Coram
3168 2039 3405 2105 Domina,
3443 2039 3581 2094 idem
3607 2054 3730 2095 esse

2148 2129 2287 2197 quod
2314 2140 2495 2185 contra
2527 2131 2691 2185 Deum
2723 2148 2737 2187 :
2767 2147 2866 2202 ego
2894 2143 3073 2187 autem
3104 2147 3208 2187 non
3248 2142 3377 2203 puto
3399 2131 3728 2201 Scripturam

2148 2221 2251 2276 hoc
2273 2222 2559 2288 insinuare,
2591 2225 2683 2278 sed
2715 2226 2885 2294 ipsum
2911 2225 3100 2280 fortem
3131 2225 3514 2295 robustumque
3545 2224 3727 2278 fuisse.

2147 2313 2298 2381 Quod
2324 2323 2499 2369 autem
2522 2314 2668 2383 dicit,
2699 2314 2883 2370 Coram
2906 2316 3123 2370 Domino
3138 2315 3271 2381 Deo,
3304 2315 3407 2370 hoc
3430 2325 3530 2375 est.
3556 2314 3624 2368 ab
3659 2327 3729 2369 eo

2150 2407 2491 2471 constitutus,
2549 2420 2615 2461 eo
2662 2407 2802 2476 quod
2859 2416 3139 2476 acceperat
3187 2405 3609 2461 benedictionem
3659 2406 3730 2459 ab

2152 2496 2285 2550 illo:
2316 2495 2400 2550 νει
2431 2496 2571 2566 quod
2598 2497 2738 2551 Deus
2765 2513 2865 2567 per
2907 2498 3049 2553 hunc
3092 2505 3236 2554 esset
3286 2497 3339 2552 in
3379 2496 3731 2553 admiratione

2148 2585 2445 2654 habendus,
2478 2586 2616 2656 quod
2658 2588 2815 2642 talem
2841 2588 3205 2657 produxisset,
3244 2596 3299 2643 et
3325 2602 3487 2658 super
3527 2596 3727 2642 terram

2151 2684 2518 2733 mon~trassct.
2553 2677 2658 2733 Sed
2688 2678 2775 2733 hic
2795 2679 2986 2733 iterum
3009 2695 3262 2749 proavum
3289 2691 3445 2734 suum
3462 2678 3725 2746 imitatus,

2148 2777 2203 2823 et
2225 2767 2424 2823 abusus
2451 2779 2653 2824 natura:
2698 2771 3080 2840 praerogativis,
3108 2771 3268 2825 alium
3295 2770 3569 2825 servitutis
3611 2783 3730 2824 mo—

2145 2858 2271 2912 dum
2310 2859 2579 2914 adinvenit
2603 2900 2618 2924 ,
2648 2869 2807 2930 atque
2852 2861 3205 2930 principatum
3240 2875 3569 2930 regnumque
3593 2859 3724 2915 affe-

2147 2950 2327 3003 ctavit.
2360 2949 2471 3003 lle!
2525 2951 2665 3005 enim
2710 2967 2995 3021 numquam
3020 2951 3203 3018 fuerit,
3234 2952 3278 3005 si
3322 2966 3425 3007 non
3459 2952 3567 3006 sint
3595 2952 3727 3006 sub-

2149 3040 2244 3095 diti
2275 3058 2289 3094 :
2319 3050 2441 3095 tunc
2461 3050 2637 3095 autem
2660 3057 2786 3098 vere
2814 3042 3024 3098 videtur
3058 3057 3180 3098 esse
3206 3043 3422 3098 libertas
3452 3060 3466 3097 :
3498 3044 3729 3098 servitus

2151 3145 2310 3200 porro
2329 3130 2647 3201 gravissima
2680 3142 2763 3188 est
2805 3134 2856 3187 in
2880 3133 3070 3189 ordine
3113 3135 3394 3198 libertatis,
3426 3135 3723 3203 pmsertim

2150 3225 2193 3279 si
2225 3224 2405 3279 liberis
2447 3225 2759 3295 imperetur.
2788 3228 2865 3281 Ae
2892 3226 3012 3281 vide
3038 3236 3233 3297 quanta
3275 3225 3433 3279 faciat
3464 3224 3685 3278 ambitio
3708 3240 3743 3279 :.

2149 3315 2270 3369 vide
2306 3316 2548 3385 corporis
2595 3317 2758 3371 robur
2786 3332 2890 3372 non
2937 3331 3165 3371 manens
3195 3320 3332 3370 intra
3357 3330 3481 3371 suos
3510 3316 3726 3381 limites,

2149 3407 2244 3460 sed
2286 3407 2433 3477 plura
2460 3415 2717 3478 expetens
2739 3449 2754 3475 ,
2797 3418 2852 3464 et
2895 3409 3077 3479 gloria:
3104 3417 3439 3478 appetentem
3463 3418 3727 3463 naturam.

2148 3497 2264 3553 Non
2292 3499 2516 3553 enimut
2545 3498 2856 3555 defenderet
2880 3501 2998 3554 illos
3028 3541 3044 3567 ,
3094 3500 3427 3569 imperabat;
3456 3499 3549 3555 sed
3574 3507 3629 3554 et
3652 3498 3733 3554 ci-

2150 3590 2342 3645 vitates
2387 3590 2685 3645 tediiicabat
2727 3601 2783 3645 ut
2819 3590 3058 3645 hostibus
3105 3591 3409 3659 imperaret.
3464 3591 3553 3645 li.
3598 3588 3733 3643 Inde

2148 3681 2303 3746 enim,
2350 3681 2537 3750 inquit,
2581 3696 2643 3734 ea:
2681 3689 2813 3735 terra
2845 3682 2937 3735 illa
2971 3681 3119 3735 exivit
3161 3679 3341 3744 Assur,
3391 3689 3436 3733 et
3454 3678 3731 3746 adi/imit

2154 3771 2397 3826 Niniven.
2430 3773 2807 3828 Animadverte
2827 3773 2913 3827 hic
2939 3788 3151 3843 quoque
3191 3772 3321 3827 nihil
3350 3772 3541 3827 ltedere
3569 3781 3729 3826 natu-

2150 3877 2262 3916 ram
2309 3871 2549 3917 nostram
2592 3864 2990 3932 progenitorum
3040 3864 3316 3918 malitiam.
3353 3863 3412 3917 lli
3440 3864 3606 3929 enim,
3631 3862 3730 3916 Ni-

2153 3955 2347 4009 nivitas
2385 3954 2525 4020 dico,
2555 3957 2971 4011 misericordiam
3004 3957 3096 4011 Dei
3141 3956 3449 4024 paenitentia
3477 3955 3575 4010 sibi
3600 3969 3732 4007 con-

2151 4046 2416 4111 ciliarunt,
2441 4056 2684 4101 revocata
2713 4046 2854 4101 illius
2882 4046 3149 4101 sententia
3200 4062 3214 4099 :
3239 4045 3314 4111 bi,
3345 4046 3581 4114 inquam,
3606 4060 3733 4113 pro-

2149 4139 2442 4208 genitorem
2465 4138 2762 4193 habuerunt
2788 4137 2955 4193 Cham
2982 4136 3320 4206 parricidam,
3342 4135 3536 4191 deinde
3566 4135 3730 4189 Nem-

2152 4232 2248 4286 rod
2270 4231 2539 4286 hominem
2574 4241 2854 4302 tyrannum
2887 4239 2943 4284 et
2979 4237 3336 4299 arrogantem,
3360 4244 3428 4283 ex
3451 4244 3558 4297 quo
3579 4238 3731 4283 ortus

2152 4326 2323 4378 Assur
2348 4322 2441 4394 (η).
2477 4323 2732 4377 Dicuntur
2777 4331 2956 4376 autem
2986 4320 3125 4376 forte
3178 4329 3233 4376 et
3257 4320 3345 4374 alii
3392 4319 3552 4374 fuisse
3592 4319 3732 4372 inter

2153 4416 2272 4471 illos
2300 4415 2488 4470 molles
2539 4424 2594 4470 et
2619 4414 2860 4480 delicati,
2889 4423 2944 4470 et
2967 4413 3284 4469 dissolutam
3330 4428 3393 4467 ac
3421 4422 3729 4481 corruptam

2152 4517 2369 4580 agentes
2391 4508 2552 4563 vitam
2566 4548 2584 4573 ,
2608 4506 2870 4572 ebrietati,
2892 4515 2951 4561 et
2968 4506 3119 4571 risui,
3137 4515 3192 4560 et
3207 4503 3727 4569 subsannationibus,

2152 4612 2206 4657 et
2231 4602 2536 4657 scommatis
2559 4599 2747 4655 dediti.
2775 4599 2881 4655 Sed
2908 4599 3030 4669 quia
3059 4599 3324 4653 sinceram
3363 4612 3474 4667 prie
3499 4610 3561 4651 se
3587 4593 3729 4651 ferre

2152 4695 2368 4752 voluere
2393 4693 2783 4763 paenitentiam,
2814 4691 2945 4745 nihil
2973 4692 3101 4761 ipsis
3130 4689 3303 4745 obfuit
3328 4693 3728 4759 progenitorum

2152 4783 2393 4851 malitia,
2443 4781 2539 4837 sed
2587 4791 2791 4836 tantum
2837 4782 2940 4836 sibi
2984 4781 3212 4836 cazlestis
3244 4779 3443 4834 favoris
3475 4777 3731 4833 concilia-

2217 4896 2290 4959 (a)
2321 4895 2377 4944 In
2404 4908 2565 4958 gra-oo
2588 4895 2768 4957 legitur
2786 4933 2799 4953 ,
2821 4906 2966 4958 ιπονσν
2990 4907 3166 4957 tmte”
3186 4905 3254 4959 τδνῄ
3273 4896 3434 4956 Ᾰσσοῦρ.
3458 4890 3617 4942 Vetus
3648 4890 3731 4959 ln-

2153 4957 2364 5019 terpres,
2388 4957 2604 5017 nepotem
2623 4969 2807 5020 quoque
2834 4957 3009 5020 assur;
3028 4969 3116 5005 nos
3134 4957 3383 5020 vertimus,
3402 4966 3468 5003 ex.
3483 4965 3579 5020 quo
3599 4958 3733 5003 ortus

2152 5017 2317 5069 Assur.
2341 5020 2491 5068 Assur
2515 5017 2642 5081 ergo
2652 5017 2793 5081 putat
2810 5018 3173 5081 Chrysostomus
3197 5030 3261 5065 ex
3304 5017 3551 5068 Ncmrodo
3572 5021 3733 5062 ortum

2154 5093 2286 5139 esse,
2305 5087 2469 5141 contra
2491 5078 2634 5141 quam
2652 5078 2835 5141 legitur
2864 5078 2913 5127 in
2937 5078 3110 5127 eodem
3136 5090 3262 5126 nono
3283 5085 3442 5138 capite
3459 5082 3731 5141 peneseos,

2148 5142 2236 5191 ubi
2260 5134 2410 5189 Assur
2426 5134 2554 5189 ﬁlius
2573 5134 2912 5191 Semi'dicitur.
2938 5147 3085 5189 lncus
3105 5144 3267 5188 autem
3289 5134 3436 5200 quem
3459 5137 3537 5185 hic
3560 5134 3733 5197 expia;

2152 5203 2641 5265 natrchrysostomus,
2660 5215 2868 5265 nempe:
2890 5210 2957 5265 De
2975 5209 3103 5251 terra
3126 5199 3213 5265 illa
3232 5199 3450 5265 egressus
3472 5203 3542 5265 cst
3568 5209 3730 5257 Assur,

2154 5264 2288 5313 varie
2314 5257 2583 5324 esplicatnr
2608 5257 2668 5312 ab
2692 5257 3072 5324 intérpretilms;
3098 5261 3176 5310 alii
3212 5257 3381 5324 putant
3403 5258 3479 5306 hic
3499 5257 3566 5307 de
3591 5265 3731 5307 Nem-

2159 5326 2282 5374 rodo
2303 5322 2409 5386 agi,
2446 5322 2639 5385 dicique
2662 5322 3108 5386 ipsum'profectuin
3135 5335 3248 5371 esse
3269 5322 3490 5386 de‘terra
3519 5326 3731 5386 senuaar

2152 5376 2406 5442 Assurf'id'
2426 5390 2503 5433 est
2526 5376 2573 5432 iii
2598 5376 2857 5443 Assyriam,
2885 5392 2937 5434 et
2960 5384 3222 5435 tedificasse
3252 5383 3476 5443 sinit-en,
3506 5385 3603 5429 etc.
3636 5376 3731 5429 Alii

2151 5447 2317 5495 dicunt
2339 5446 2414 5495 his
2437 5446 2628 5494 indicari
2653 5442 2804 5495 Assur
2827 5442 2973 5494 tilium
2996 5453 3105 5495 Sem
3130 5446 3341 5493 exivisse
3367 5442 3431 5491 de
3465 5450 3595 5490 terra
3616 5448 3730 5489 sen-

2152 5519 2297 5567 naar,
2321 5513 2374 5556 et
2406 5506 2667 5567 aedificasse
2699 5508 2916 5565 uiniven,
2936 5515 3053 5566 etc.,
3074 5507 3152 5556 cui
3182 5503 3591 5567 Opinioniul'avcnt
3620 5507 3730 5567 Lxlt

2153 5561 2489 5628 Interpretes,
2524 5566 2657 5616 favet
2690 5569 2836 5617 etiam
2857 5561 3081 5628 Vulgata.
3107 5561 3228 5616 Huic'
3248 5578 3368 5628 ergo
3392 5563 3622 5628 libentius
3643 5561 3729 5611 ad-

2153 5626 2355 5689 stipulor
2372 5626 2537 5677 multis
2549 5629 2613 5676 de
2627 5632 2801 5687 causis,
2813 5641 2935 5689 quas
2957 5626 3036 5679 hic
3050 5626 3325 5678 recensere
3342 5626 3574 5687 longioris
3593 5630 3733 5689 esset.

2157 5688 2322 5752 Operae
2335 5703 2346 5738 :
2359 5690 2675 5754 quamobrem
2691 5703 2776 5743 res
2788 5688 2918 5744 aliud
2939 5705 2991 5747 ut
3012 5698 3203 5753 tempus
3221 5690 3497 5741 remittatur
3517 5688 3726 5747 oportet.
