4066 6140
274 315 372 372 271

275 430 627 503 πραγμένων.
678 434 802 487 Ὅτι
862 433 971 507 γάρ
1018 435 1119 489 καῖ
1156 435 1193 491 6'
1230 437 1358 501 παῖς
1403 437 1614 492 οἴκοθεν
1664 437 1933 509 μοχθηρὸς

274 519 507 591 ὑπῆρχε,
541 522 637 575 καὶ
666 523 715 575 σί
763 521 823 587 ἐξ
853 522 1062 577 ἐκείνου
1112 524 1313 587 πάντες
1368 523 1644 594 βδελυκτοὶ
1679 524 1930 593 γεγόνασι

273 607 412 678 πρὸς
448 607 646 662 κακίαν
670 609 1077 676 ἀποκλίναντες,
1102 610 1267 664 ἄκουε
1302 614 1403 683 τῆς
1427 612 1646 683 Γραφῆς
1671 611 1932 683 λεγούσης

271 694 333 748 ἐν
352 694 502 762 τάξει
526 696 791 768 κατάρας⁸
831 697 892 751 '0
924 698 1119 767 πατήρ
1154 714 1271 753 σου
1298 698 1448 771 [291]
1465 699 1816 768 Ἀμορῤαἷος,
1839 698 1939 753 καὶ

271 782 314 851 ἡ
348 782 547 853 μήτηρ
568 798 686 839 σου
709 786 979 841 Χετταία.
1003 787 1112 839 Καὶ¹
1128 785 1289 841 πάλιν
1312 786 1499 858 ἕτερός
1513 804 1595 851 τις
1621 786 1938 857 ἐνυϐρίζων,

270 870 513 940 Σπέρμα
536 873 779 927 Χαναὰν
801 873 899 927 καί
925 874 1038 928 οὐκ
1083 873 1297 927 Ἰούδα.
1323 873 1483 927 Ἀλλά
1511 873 1621 944 γὰρ
1648 872 1798 939 ἀξιον
1829 873 1941 927 λοι-

276 958 378 1013 πὸν
422 957 654 1013 ἀκοῦσαι
710 960 850 1031 μετά
894 961 994 1032 τὴν
1031 960 1366 1032 ἐπιτίμησιν,
1418 960 1487 1032 ἢν
1526 961 1744 1029 ἐδέξατο
1784 963 1813 1016 6
1839 962 1940 1033 τὴν

270 1045 553 1119 γύμνωσιν
606 1048 699 1103 τοῦ
745 1048 951 1121 πατρὸς
1012 1049 1431 1121 ἐκπομπεύσας,
1477 1049 1636 1104 τίνων
1665 1049 1939 1117 ἀξιοῦνται

268 1134 381 1188 τῶν
404 1134 648 1206 ἀμοιϐῶν
675 1136 722 1189 οί
756 1135 856 1208 τὴν
894 1136 1165 1207 τοσαύτην
1210 1137 1343 1190 αἰδῶ
1380 1136 1473 1191 καὶ
1491 1137 1590 1209 τὴν
1614 1138 1778 1209 τιμὴν
1806 1140 1939 1192 ἀποο

268 1221 559 1292 νείμαντες
588 1222 665 1293 τῷ
693 1223 877 1294 πατρίζ
901 1223 1010 1277 Καὶ
1036 1220 1186 1289 εἶπε,
1216 1224 1402 1293 φησὶν,
1434 1223 1778 1293 Εὐλογητὸς
1806 1225 1937 1278 Κύ-

264 1325 411 1379 ριοςν
429 1313 477 1364 δ’
496 1311 640 1377 Θεὸς
667 1311 775 1367 τοῦ
793 1311 941 1381 Σὴμ,
975 1311 1085 1366 καί
1101 1313 1272 1368 ἔσται
1302 1311 1545 1366 Χαναὰν
1559 1313 1699 1379 παῖς
1726 1313 1932 1368 αὐτοῦ.

256 1395 461 1463 Τοῦτο,
485 1398 616 1462 ἴσως
644 1398 711 1453 ἄν
735 1416 822 1463 τις
852 1399 1016 1464 είποι,
1051 1400 1152 1454 οὐκ
1203 1400 1317 1455 ἐστι
1341 1400 1433 1453 τὸν
1462 1400 1582 1472 Σήμ
1622 1400 1930 1470 εὐλογῆσαι.

267 1482 383 1537 Καὶ
413 1483 639 1557 σφόδρα
663 1486 760 1556 μὲν
810 1486 1104 1557 εὐλόγησεν
1152 1487 1337 1544 αὐτόν.
1385 1488 1553 1542 Ὅταν
1579 1487 1689 1559 γὰρ
1732 1488 1762 1541 6
1803 1488 1935 1553 Θεὸς

268 1569 675 1642 εὐχαριστεϊται
704 1573 807 1625 καὶ·
841 1572 1139 1641 εὐλογεῖται
1186 1574 1281 1628 διὰ
1304 1572 1413 1627 τῶν
1457 1574 1777 1643 ἀνθρώπων,
1810 1575 1932 1628 τότε

267 1657 658 1731 δαψιλεστέραν
687 1658 788 1730 τὴν
828 1664 956 1732 παρ’
982 1661 1177 1715 ἑαυτοῦ
1211 1661 1458 1730 εὐλογίαν
1493 1662 1650 1715 εἴωθε
1678 1664 1934 1733 χορηγεῖν

269 1744 521 1809 ἐκείνοις,
555 1745 620 1799 δι’
642 1746 735 1812 οὒς
764 1748 925 1812 αὐτὸς
945 1749 1265 1817 εὐλογεῖται.
1295 1750 1609 1819 Εὐλογήσας
1645 1749 1820 1803 τοίνυν
1843 1749 1933 1804 τὸν

267 1830 424 1896 Θεὸν,
456 1832 737 1905 ὀφειλέτην
777 1835 937 1889 αὐτὸν
958 1835 1263 1906 κατέστησε
1298 1836 1539 1907 μείζονος
1562 1835 1809 1904 εὐλογίας
1840 1836 1933 1889 καὶ

266 1916 442 1982 αἴτιος
464 1920 653 1989 γέγονε
678 1921 753 1991 τῷ
778 1922 900 1994 Σὴμ
928 1921 1170 1988 πλείονος
1199 1923 1451 1995 ἀμοιϐῆς,
1476 1920 1543 1995 ἦς
1567 1924 1726 1987 αὐτὸς
1751 1924 1932 1987 αὐτὸν,

267 2005 318 2056 εί
338 2006 404 2058 δι’
438 2006 629 2061 ἐαυτοῦ
649 2015 676 2043 ⁸
695 2009 1004 2080 εὐλόγησεν,
1034 2011 1246 2081 Ὥσπερ
1273 2011 1380 2082 γάρ
1412 2012 1539 2065 ὅταν
1562 2010 1846 2080 εὐλογῆται
1867 2010 1932 2065 δι’

266 2093 439 2163 ἡμᾶς,
470 2094 673 2165 πολλῆς
707 2098 1026 2167 ἡμᾶς.ἀξιοῖ
1058 2101 1156 2169 τῆς
1185 2099 1314 2168 παρ’
1346 2098 1510 2152 αὐτοῦ
1538 2099 1767 2165 εὐνοίας,
1791 2098 1932 2152 οὕτω

265 2178 430 2233 πάλιν
458 2182 674 2237 ἐπειδάν
697 2184 764 2236 δι’
793 2186 940 2255 ἡμᾶς
955 2185 1131 2257 ἕτεροι
1155 2185 1314 2239 αὐτὸν
1346 2184 1702 2257 βλασφημῶσι
1734 2186 1934 2257 μείζων

265 2265 517 2321 ἐντεῦθεν
569 2271 701 2339 ἡμῖν
731 2271 765 2340 ἠ
818 2271 1141 2342 κατάκρισις
1189 2270 1397 2340 γίνεται
1450 2276 1562 2336 τοῖς
1611 2274 1709 2344 τὴν
1755 2274 1931 2327 αἰτίαν

265 2354 684 2425 παρεχομένοις.
744 2357 1148 2428 Σπουδάζωμεν
1175 2359 1373 2422 τοίνυν,
1420 2359 1737 2430 παρακαλῶ,
1791 2359 1931 2413 οὕτω

266 2437 420 2508 βιοῦν
439 2442 532 2495 καὶ
561 2443 828 2515 τοσαύτην
857 2445 1258 2500 ἐπιδείκνυσθαι
1285 2447 1381 2518 τῆς
1400 2448 1601 2519 ἀρετῆς
1628 2448 1725 2519 τὴν
1750 2447 1932 2501 ἐπίτα-

267 2541 379 2591 σιν,
402 2528 477 2591 ώς
507 2530 635 2593 τούς
656 2532 734 2594 είς
763 2532 908 2601 ἡμᾶς
940 2531 1182 2602 ὁρῶντας
1215 2534 1461 2603 εὐλογίας
1492 2535 1693 2605 ὕμνους
1729 2534 1929 2603 ἀναφέ-

267 2628 385 2683 ρειν
416 2613 494 2683 τῷ
521 2617 763 2689 Δεσπότῃ
788 2617 926 2688 Θεῷ.
957 2619 1214 2673 Βούλεται
1247 2621 1355 2692 γάρ
1382 2622 1583 2690 ἀγαθὸς
1618 2621 1693 2674 ῶν
1724 2622 1814 2675 καὶ
1846 2639 1931 2691 φι-

260 2699 588 2771 λάνθρωπος
618 2702 936 2770 δοξάζεσθαι
965 2705 1033 2758 δι’
1061 2707 1241 2778 ἡμῶν,
1285 2709 1384 2762 οὐκ
1438 2710 1625 2779 ἐπειδὴ
1673 2710 1832 2772 αὐτός
1878 2727 1930 2763 τι

263 2787 673 2860 προσλαμϐάνει
701 2792 780 2855 είς
804 2792 902 2862 τὴν
928 2794 1135 2848 οἰκείαν
1161 2794 1336 2863 δόξαν
1364 2797 1615 2867 ἀνενδεὴς
1630 2797 1737 2869 γάρ
1760 2798 1927 2850 ἐστιν⁹

262 2878 393 2933 ἀλλ’
412 2880 499 2934 ἶνα
530 2880 783 2952 ἀφορμὰς
821 2884 967 2955 αὐτῷ
990 2886 1357 2958 παράσχωμεν
1378 2887 1472 2942 τοῦ
1516 2889 1760 2953 πλείονος
1785 2891 1931 2961 ἡμᾶς

263 2966 452 3033 ἀξιοῦν
479 2968 578 3039 τῆς
608 2971 738 3042 παρ’
769 2971 934 3025 αὐτοῦ
972 2973 1201 3037 εὐνοίας.
1245 2976 1586 3045 Εὐλογητὸς
1641 2978 1855 3044 Κύριος
1898 2980 1931 3031 δ

266 3055 413 3121 Θεὸς
443 3055 549 3111 τοῦ
599 3057 751 3128 Σὴμ,
790 3059 888 3112 καὶ
930 3061 1102 3116 ἔσται
1138 3062 1378 3116 Χαναὰν
1408 3061 1548 3128 παῖς
1576 3060 1751 3132 αὐτῷ.
1771 3065 1931 3136 Ὁρᾷς

263 3141 386 3205 πῶς
421 3143 694 3215 πατρικὴν
716 3145 1081 3201 ἐπιδείκνυται
1102 3148 1200 3219 τὴν
1231 3150 1518 3220 τιμωρίαν,
1554 3154 1931 3223 σωφρονισμὸν

263 3224 432 3284 οὖσαν
457 3231 654 3302 μᾶλλον
680 3231 713 3304 ἢ
746 3234 1046 3306 τιμωρίαν;
1092 3237 1281 3308 Πατὴρ
1313 3238 1421 3308 γάρ
1452 3234 1541 3310 ἦν,
1589 3240 1685 3293 καὶ
1748 3240 1930 3313 πατὴρ

266 3316 636 3391 φιλόστοργος,
652 3320 746 3374 καὶ
773 3321 837 3374 οὐ
857 3321 954 3394 τὴν
975 3323 1132 3390 ἀξίαν
1160 3324 1410 3378 ἐϐούλετο
1437 3325 1591 3396 δίκην
1610 3328 1927 3397 ἐπαγαγεῖν,

264 3402 383 3457 ἀλλ’
415 3403 554 3459 ὥστε
574 3407 674 3479 τὴν
699 3410 776 3473 είς
810 3409 871 3462 τὸ
894 3411 1082 3482 πρόσω
1112 3411 1309 3465 κακίαν
1342 3414 1591 3484 ἐγκόψαι.
1630 3416 1728 3470 Διά
1750 3416 1926 3483 τοῦτο,

264 3492 422 3563 φησὶ,
445 3492 657 3567 δουλείᾳ
691 3512 750 3549 σε
772 3498 1139 3565 καταδικάζω,
1179 3499 1266 3553 ἵνα
1292 3501 1514 3573 διηνεκῆ
1541 3504 1633 3556 καὶ
1655 3503 1928 3569 ἀνεξάλει-

263 3598 398 3634 πτον
428 3581 557 3655 ἔχῃς
581 3583 679 3657 τὴν
707 3585 1030 3659 ὑπόμνησιν.
1058 3583 1192 3642 Εἶτά
1219 3605 1372 3661 φησιο
1400 3592 1705 3646 Πλατύναι
1725 3596 1758 3647 ὀ
1787 3593 1931 3660 Θεὸς

262 3666 349 3734 τῷ
391 3668 595 3739 Ἱὰςρεθ,
629 3672 727 3726 καὶ
755 3675 1160 3742 κατοικησάτω
1197 3676 1269 3730 ἐν
1295 3677 1419 3743 τοῖς
1445 3678 1796 3748 σκηνώμασι
1823 3683 1929 3735 τοῦ

263 3754 418 3825 Σὴμ,
478 3758 575 3812 καὶ
628 3761 930 3830 γενηθήτω
987 3765 1229 3817 Χαναὰν
1265 3765 1407 3829 παῖς
1434 3766 1645 3822 αὐτοῦ.
1683 3769 1928 3841 Μεγίστη

264 3841 431 3897 πάλιν
482 3844 619 3917 αῦτη
650 3848 683 3917 ἡ
732 3848 969 3917 εὐλογία,
1001 3850 1142 3919 τάχα
1176 3851 1297 3903 τινά
1331 3853 1704 3924 κεκρυμμένον
1734 3854 1929 3926 ἔχουσα

265 3929 558 4004 θησαυρόν.
591 3935 895 3988 Πλατύναι
947 3935 1077 4005 γάρ,
1128 3937 1313 4008 φησὶν,
1345 3941 1377 3991 d
1420 3938 1563 4005 Θεὸς
1604 3939 1683 4005 τῷ
1710 3942 1927 4011 Ἰάφεθ.

265 4020 382 4073 οὐκ
408 4020 473 4074 ἄν
500 4038 583 4084 τις
602 4021 836 4094 ἀμάρτοι
868 4022 1035 4077 είπὼν
1053 4025 1385 4095 προφητείαν
1408 4020 1547 4080 εἶναι
1572 4027 1931 4098 τάςεύλογίας

260 4106 359 4160 τοῦ
384 4107 612 4163 δικαίου.
629 4108 691 4162 El
703 4110 811 4181 γὰρ
825 4112 853 4163 ό
871 4110 1051 4182 πατὴρ
1066 4112 1228 4165 αὐτοῦ
1247 4112 1345 4182 οὐχ
1360 4113 1544 4179 άπλῶς
1556 4115 1673 4168 οὐδέ
1688 4116 1810 4187 εἰκῆ
1831 4116 1927 4188 τὴν

261 4195 636 4267 προσηγορίαν
660 4196 810 4267 αὐτῷ
848 4197 1137 4269 ἐπέθηκεν,
1169 4199 1305 4253 ἀλλὰ
1343 4204 1696 4272 προφητεύων
1725 4204 1813 4259 διὰ
1833 4206 1927 4259 τοῦ

261 4281 525 4353 ὀνόματος
553 4284 613 4337 τὸ
640 4284 830 4355 μέλλον
859 4285 1078 4339 ἔσεσθαι
1111 4287 1419 4341 κλυδώνιονο
1456 4289 1633 4361 πολλῷ
1675 4292 1874 4363 μᾶλλον
1899 4297 1928 4349 ὁ

261 4369 470 4435 δίκαιος
516 4364 672 4437 οὗτος
712 4374 815 4426 οὐκ
862 4374 929 4427 ἂν
963 4374 1149 4439 ἁπλῶς
1196 4375 1317 4429 οὐδέ
1343 4376 1520 4446 μάτην
1551 4380 1649 4439 τὰς
1678 4380 1927 4450 εὐλογίας

263 4454 577 4527 ἐποιήσατο.
619 4456 719 4510 Διά
742 4458 849 4529 γάρ
870 4457 979 4511 τῶν
1018 4459 1281 4527 εὐλογιῶν
1307 4461 1529 4525 τούτων,
1561 4462 1652 4517 τοῦ
1680 4464 1799 4536 Σὴμ
1833 4468 1927 4522 καὶ

262 4541 355 4595 τοῦ
398 4543 596 4613 Ἰάφεθ,
622 4545 731 4599 τῶν
759 4545 851 4600 δύο
884 4545 1028 4600 λαῶν
1063 4547 1390 4603 αἰνίττεσθαι
1425 4550 1586 4603 αὐτὸν
1629 4546 1781 4622 οἶμαι
1828 4552 1926 4626 τὴν

264 4628 473 4700 κλῆσινο
502 4632 595 4686 καὶ⁵
623 4631 711 4687 διά
751 4633 850 4704 μὲν
883 4632 973 4687 τοῦ
1011 4632 1150 4703 Σὴμ,
1177 4634 1302 4698 τοὺς
1355 4635 1663 4701 Ἰουδαίους·
1693 4637 1750 4705 ἐξ
1780 4639 1925 4693 ἐκεί-

264 4731 355 4769 νου
387 4716 493 4787 γάρ
524 4720 552 4771 6
602 4720 945 4790 πατριάρχης
1001 4720 1269 4793 Ἀϐραὰμ,
1309 4722 1484 4775 καὶτὸ
1514 4723 1621 4775 τῶν
1661 4724 1926 4779 Ἰουδαίων

265 4800 554 4857 ἐπιδέδωκε
574 4806 746 4872 γένος’
775 4807 863 4860 διὰ
900 4808 955 4861 δέ
984 4807 1077 4861 τοῦ
1106 4808 1305 4878 Ἰάφεί),
1335 4809 1433 4880 τὴν
1463 4809 1569 4862 τῶν
1595 4810 1762 4865 ἐθνῶν
1796 4812 1926 4883 κλῆ-

268 4903 368 4941 σιν.
409 4889 549 4961 Ὅρα
576 4891 683 4961 γάρ
708 4895 801 4946 καὶ
842 4895 1044 4965 ταύτην
1088 4897 1184 4968 τὴν
1218 4898 1465 4965 εὐλογίαν
1507 4895 1664 4952 τοῦτο
1711 4916 1924 4971 προμη-

264 4975 515 5031 νύουσαν.
548 4980 851 5034 Πλατύναι
875 4981 1002 5052 γάρ,
1030 4985 1213 5055 φησὶν,
1241 4987 1274 5039 ὁ
1305 4985 1447 5052 Θεὸς
1463 4986 1542 5052 τῷ
1577 4985 1791 5057 ’1ιίφεθ,
1825 4987 1924 5043 καὶ

264 5064 677 5133 κατοικησάτω
705 5066 775 5118 ἐν
800 5067 925 5132 τοῖς
948 5070 1301 5140 σκηνώμασι
1327 5073 1433 5127 τοῦ
1458 5073 1606 5142 Σήμ.
1636 5074 1806 5127 Τοῦτο
1832 5075 1925 5128 ἐπὶ

262 5151 372 5205 τῶν
402 5150 569 5205 ἐθνῶν
598 5154 675 5214 είς
699 5152 857 5224 ἔργον
880 5154 1173 5225 ἐκϐεϐηκὸς
1199 5157 1431 5228 ὁρῶμεν.
1457 5161 1555 5213 Διά
1576 5161 1674 5229 μὲν
1704 5162 1811 5232 γάρ
1830 5161 1924 5215 τοῦ

262 5240 458 5302 είπεῖν,
479 5239 806 5301 Πλατῦναι,
824 5239 891 5292 τά
905 5240 1032 5310 ἔθνη
1044 5241 1219 5294 πάντα
1234 5243 1469 5315 ᾐνίξατοσ
1488 5246 1576 5300 διά
1593 5247 1651 5303 δέ
1665 5248 1758 5301 τοῦ
1772 5248 1924 5323 [292]

263 5329 456 5392 εἰπεῖν,
491 5326 915 5395 Κατοικησάτω
962 5329 1032 5382 ἐν
1076 5329 1203 5395 τοῖς
1231 5334 1587 5404 σκηνώμασι
1636 5336 1743 5391 τοῦ
1773 5338 1920 5407 Σὴμ,

261 5412 472 5467 ὅτιτῶν
496 5416 610 5478 τοῖς
643 5414 916 5479 Ἰουδαίοις
938 5416 1397 5485 εὐτρεπισθέντων
1443 5422 1538 5474 καὶ
1575 5424 1801 5488 ἐκείνοις
1822 5443 1927 5479 πα-

266 5502 741 5572 ρασκευασθέντων
768 5503 836 5557 τά
860 5503 987 5574 έθνη
1008 5504 1106 5575 τὴν
1144 5505 1438 5561 ἀπόλαυσιν
1458 5508 1605 5580 ἔσχε.
1621 5512 1731 5565 Καὶ
1748 5530 1923 5582 γενη-

264 5586 419 5657 θήτω
454 5589 693 5645 Χαναὰν
723 5592 861 5658 παῖς
885 5592 1093 5648 αὑτοῦ.

334 5676 402 5746 η’.
430 5673 580 5742 Εἶδες
609 5680 725 5743 οἵας
752 5679 939 5737 ἔλαϐον
967 5682 1061 5735 καὶ
1089 5672 1231 5737 οὗτοι
1257 5682 1357 5754 τῆς
1387 5685 1794 5761 εὐγνωμοσύνης
1828 5691 1921 5755 τὰς

330 5866 357 5897 ⁸
384 5866 464 5918 Ξευ
479 5867 530 5917 il.
544 5867 590 5917 in
610 5880 760 5927 marg.
790 5871 909 5930 conj.
936 5868 991 5930 ἧς
1012 5871 1051 5918 εἰ
1073 5869 1210 5928 αὐτὸς
1229 5869 1370 5920 αὐτὸν
1390 5873 1448 5921 δι’
1467 5870 1655 5922 ἑαυτοῦ.

1409 318 1481 377 ΙΝ
1511 321 1663 377 εΑικ
1699 319 1773 376 IX
1808 318 2072 380 GENES..
2096 320 2327 381 HOMIL.
2367 320 2561 380 XXIX.

3601 318 3713 373 272

2041 439 2296 511 ἀμοιϐὰς,
2335 438 2430 493 καὶ
2462 437 2633 509 πόσην
2662 437 2865 501 ἐκεῖνος
2903 435 2991 492 διά
3015 435 3115 509 τῆς
3160 434 3488 509 προπετείας
3508 433 3706 490 ἐαυτοῦ

2046 527 2406 580 κατεσκέδασε
2421 525 2519 594 τὴν
2548 525 2791 596 ἀτιμίαν.
2836 524 3027 578 Ταῦτα
3054 524 3317 595 διηνεκῶς
3343 523 3555 595 ἔχωμεν
3586 522 3711 576 ἐπυ-

2044 613 2403 686 γεγραμμένα
2426 616 2493 684 τῇ
2517 612 2725 684 διανοίᾳ
2751 614 2818 683 τῇ
2839 613 3107 684 ἡμετέρα,
3149 612 3237 667 ἵνα
3263 612 3370 666 τῶν
3404 610 3501 680 μὲν
3536 625 3710 681 μιμη-

2041 701 2133 755 ταὶ
2157 701 2250 755 καὶ
2286 700 2524 772 ζηλωταὶ
2572 700 2822 770 γενέσθαι
2862 700 3197 772 δυνηθῶμεν,
3227 700 3322 754 τοῦ
3347 700 3407 754 δὲ
3445 699 3709 768 φύγωμεν

2040 788 2107 841 τὸ
2138 788 2409 860 μοχθηρὸν
2432 791 2529 859 τῆς
2548 787 2791 860 γνώμης,
2819 787 2915 842 καὶ
2938 788 3035 858 τῆς
3057 786 3389 859 προπετείας
3412 784 3511 857 τὴν
3545 786 3710 857 ὑπερ-

2041 875 2226 948 ϐολήν.
2260 877 2370 931 Καὶ
2392 875 2587 944 ἔζησε,
2627 876 2781 947 φησὶ,
2807 874 2937 930 Νῶε
2957 874 3109 945 μετὰ
3137 874 3246 929 τὸν
3272 873 3708 944 κατακλυσμὸν

2041 964 2145 1033 ἐτη
2175 966 2484 1035 τριακόσια
2526 964 2920 1031 πεντήκοντα·
2975 964 3073 1018 καί
3106 963 3385 1034 ἐγένοντο
3413 963 3603 1019 πᾶσαι
3644 968 3708 1019 αι

2040 1053 2251 1122 ἡμέραι
2272 1051 2399 1107 Νῶε
2428 1053 2755 1107 ἐννακόσια
2768 1051 3146 1123 πεντήκοντα
3159 1052 3283 1120 ἐτη,
3298 1052 3398 1106 καὶ
3410 1051 3703 1107 ἀπέθανε.

2040 1138 2132 1209 Μὴ
2168 1138 2396 1209 νομίσῃς
2436 1137 2689 1193 δὲ’τοῦτσ
2726 1138 2913 1201 ἁπλῶς
2959 1137 3374 1209 ἐκσημήνασθαι
3420 1137 3521 1207 τὴν
3553 1136 3703 1192 θείαν

2039 1225 2282 1297 Γραφὴν,
2315 1226 2558 1297 ἀλλ’ίόρα
2586 1227 2682 1279 καὶ
2728 1224 2978 1279 ἐντεῦθεν
3016 1224 3111 1278 τοῦ
3152 1224 3359 1279 δικαίου
3378 1225 3479 1296 τὴν
3508 1224 3705 1295 ἐγκρά-

2037 1329 2187 1366 τειαν
2217 1314 2300 1367 ὅτι
2335 1311 2458 1367 οὔτε
2486 1312 2671 1376 ἀδείας
2707 1312 2799 1365 καὶ
2833 1311 3067 1375 ἀνέσεως
3096 1311 3426 1375 ἀπολαύσας,
3448 1310 3545 1365 καὶ
3579 1322 3701 1365 103‘-

2034 1399 2194 1454 οῦτον
2218 1400 2452 1472 ἀριθμὸν
2483 1399 2617 1454 ἐτῶν
2646 1400 2930 1471 ἐπιζήσας,
2967 1400 3107 1470 μετά
3136 1400 3234 1470 τὴν
3267 1399 3376 1454 ἀπὸ
3408 1400 3507 1470 τῆς
3537 1399 3705 1453 κιϐω-

2036 1486 2130 1539 τοῦ
2178 1486 2388 1553 ἔξοδον,
2443 1485 2789 1548 παιδοποιίας
2843 1486 3101 1555 ἠνέσχετο
3148 1485 3353 1540 λοιπὸν.
3404 1485 3539 1538 οὐδὲ
3594 1484 3706 1555 γάρ

2037 1573 2440 1645 ἐμνημόνευσεν
2489 1574 2523 1644 ἡ
2558 1572 2769 1641 Γραφὴ,
2800 1572 2881 1625 ὃτι
2910 1572 3126 1644 ἐτέρους
3149 1572 3272 1642 ἔσχε
3316 1571 3535 1635 παῖδας,
3566 1571 3710 1640 πλὴν

2035 1659 2240 1713 τούτων
2290 1659 2400 1713 τῶν
2440 1658 2628 1733 τριῶν.
2666 1658 2941 1712 Ἐντεῦθεν
2990 1659 3148 1712 πάλιν
3196 1658 3705 1728 λογίζουιτοῦκΧάμ

2037 1747 2136 1817 τὴν
2165 1746 2364 1817 πολλὴν
2393 1745 2596 1818 ταύτην
2628 1745 2940 1808 ἀκολασίαν,
2968 1746 3051 1799 ὅτι
3071 1744 3193 1798 οὔτε
3213 1745 3303 1799 τὸν
3337 1744 3546 1815 πατέρα
3564 1745 3712 1817 ὁρῶν

2035 1834 2304 1905 τοσαύτην
2329 1833 2768 1904 ἐπιδεικνύμενον
2793 1832 3118 1904 ἐγκράτειαν
3153 1832 3568 1904 ἐσωφρονίζετο,
3590 1833 3708 1885 ἀλλ’

2036 1921 2130 1974 ἀπ’
2161 1921 2405 1984 ἐναντίας
2453 1921 2530 1991 τῷ
2562 1920 2912 1991 γεγεννηκότι
2948 1920 3162 1973 ἅπαντα
3195 1919 3564 1991 διεπράττετο.
3615 1918 3709 1971 Διὸ

2036 2008 2131 2060 καὶ
2154 2007 2378 2071 είκότως
2410 2006 2552 2061 ἆπαν
2579 2007 2639 2060 τὸ
2670 2005 2728 2071 ἐξ
2752 2004 2919 2059 αὐτοῦ
2957 2006 3112 2074 γένος
3142 2010 3207 2078 τῇ
3236 2006 3454 2078 δουλεία
3491 2005 3709 2059 κατεδιι

2035 2093 2252 2159 κάζετο,
2276 2093 2362 2147 ἴνα
2385 2093 2599 2164 χαλινὸν
2626 2092 2721 2164 έχῃ
2746 2093 2842 2163 τῆς
2866 2092 3146 2164 μοχθηρᾶς
3166 2092 3555 2164 προαιρέσεως.
3573 2087 3718 2146 Eira-

2033 2181 2287 2235 ἐντεῦθεν
2304 2182 2634 2253 διηγουμένη
2665 2184 2698 2251 ἠ
2736 2181 2854 2234 θεία
2887 2180 3077 2253 Γραφὴ
3102 2182 3229 2245 τοὺς
3251 2182 3315 2235 ἐκ
3357 2180 3480 2235 τῶν.
3497 2181 3704 2235 παίδων

2032 2268 2342 2338 τεχθέντας,
2363 2269 2516 2341 φησί·
2537 2269 2663 2338 Χὰμ
2690 2268 2757 2321 δὲ
2776 2268 3068 2338 ἐγέννησε
3092 2268 3198 2322 τὸν
3223 2269 3395 2334 Χούς’
3416 2269 3508 2322 καὶ
3521 2267 3704 2321 πάλιψ

2032 2355 2187 2421 Χοὺς
2215 2355 2282 2409 δὲ
2296 2355 2587 2425 ἐγέννησε
2610 2356 2719 2409 τὸν
2759 2354 3009 2425 Νεϐρώδ.
3080 2351 3268 2423 Οὗτος
3293 2355 3515 2424 ἤρξατο
3552 2350 3705 2410 εἶναι

2032 2443 2200 2513 γίγας
2228 2442 2324 2495 ἐπὶ
2354 2441 2464 2511 τῆς
2512 2443 2642 2511 γῆς.
2687 2438 2874 2510 Οὗτος
2919 2439 2999 2513 ἦν
3026 2443 3196 2513 γίγας
3234 2443 3497 2512 κυνηγὸς
3525 2443 3704 2496 ἐναν-

2031 2531 2163 2584 τίον
2193 2531 2435 2599 Κυρίου.
2481 2530 2590 2586 Καί
2641 2547 2786 2594 τινες
2839 2530 2936 2602 μέν
2980 2547 3111 2601 φασι
3148 2529 3210 2583 τὸ
3243 2530 3554 2585 Ἐναντίων
3590 2533 3705 2583 Κυ-

2023 2627 2183 2694 ρίου,
2236 2627 2353 2679 ἀντὶ
2411 2627 2504 2680 τοῦ
2558 2626 2965 2698 ἐναντιούμενος
3008 2625 3087 2697 τῷ
3142 2624 3282 2697 Θεῷ·
3344 2625 3453 2694 ἐγὼ
3505 2625 3561 2678 δέ
3607 2625 3706 2693 οὐχ

2032 2720 2271 2790 ἡγοῦμαι
2323 2719 2481 2773 τοῦτο
2548 2721 2875 2775 αἰνίττεσθαι
2917 2722 3017 2792 τὴν
3076 2720 3225 2774 θείαν
3288 2719 3532 2791 Γραφὴν,
3586 2718 3705 2772 ἀλλ’

2032 2815 2112 2868 ὅτι
2137 2815 2351 2885 ἰσχυρός
2367 2832 2449 2878 τις
2468 2810 2534 2886 ἦν
2563 2816 2655 2869 καὶ
2689 2817 2948 2887 ἀνδρεῖος.
2981 2814 3055 2868 Τὸ
3075 2814 3131 2868 δὲ
3159 2813 3446 2870 ἀπέναντι
3484 2815 3710 2883 Κυρίου

2032 2910 2139 2964 τοῦ
2177 2908 2348 2976 Θεοῦ,
2379 2910 2499 2963 ἀντὶ
2544 2910 2662 2976 τοῦ,
2694 2909 2785 2964 ὑπ’
2834 2908 2997 2963 αὐτοῦ
3050 2909 3373 2982 παραχθεὶς,
3423 2907 3514 2962 ὑπ’
3539 2907 3707 2961 αὐτοῦ

2032 3004 2323 3075 δεξάμενος
2375 3003 2467 3057 τοῦ
2510 3003 2661 3057 Θεοῦ
2705 3004 2803 3075 τὴν
2853 3003 3102 3073 εὐλογίαν
3139 3005 3189 3069 ι’,
3222 3004 3255 3073 ἢ
3294 3004 3375 3056 ὅτι
3405 3003 3639 3074 ἤμελλεν
3676 3006 3707 3057 ὁ

2033 3100 2165 3164 Θεὸς
2186 3100 2254 3153 δι’
2275 3100 2439 3154 αὐτοῦ
2470 3099 2863 3170 θαυμάζεσθαι,
2889 3099 2965 3164 ὼς
2982 3099 3223 3153 τοιοῦτον
3244 3095 3582 3169 παραγαγὼν
3610 3099 3705 3150 καὶ

2033 3196 2210 3263 δείξας
2248 3196 2341 3249 ἐπὶ
2380 3196 2477 3267 τῆς
2511 3198 2633 3268 γῆς.
2674 3195 2833 3249 Ἀλλά
2874 3195 2969 3250 καὶ
2999 3188 3153 3260 οὗτος
3180 3195 3342 3250 πάλιν
3374 3193 3710 3265 μιμούμενος

2032 3293 2120 3347 τὸν
2148 3292 2430 3367 πρόγονον,
2468 3293 2562 3346 κα)⁵
2592 3291 2691 3345 οὐκ
2718 3293 2798 3355 είς
2821 3292 2938 3345 δέον
2971 3291 3311 3365 χρησάμενος
3341 3292 3454 3353 τοῖς
3479 3289 3579 3359 τῆς
3606 3286 3709 3357 φύ-

2034 3407 2169 3455 σεως
2196 3390 2629 3461 προτερήμασιν,
2665 3388 2851 3461 ἕτερον
2872 3388 3113 3453 δουλείας
3141 3387 3336 3458 ἐφεῦρε
3368 3386 3586 3457 τρόπον,
3612 3382 3707 3437 καὶ

2030 3487 2211 3558 ἄρχων
2242 3486 2333 3541 καὶ
2361 3485 2611 3556 βασιλεὺς
2639 3485 2887 3554 γενέσθαι
2921 3485 3265 3557 ἐπεχείρησε.
3300 3481 3562 3545 Βασιλεὺς
3592 3480 3704 3550 γὰρ

2030 3583 2129 3636 οὐκ
2166 3582 2232 3637 ἂν
2265 3581 2475 3650 γένοιτό
2505 3598 2635 3633 ποτε
2661 3581 2734 3652 μὴ
2765 3580 2932 3633 ὄντων
2960 3580 3068 3634 τῶν
3096 3579 3434 3650 ἀρχομένων.
3462 3577 3609 3646 Αῦτη
3647 3575 3712 3629 δέ

2030 3678 2177 3732 δοκεῖ
2203 3679 2300 3749 μὲν
2327 3678 2524 3748 μᾶλλον
2550 3675 2831 3746 ἐλευθερία
2859 3672 2995 3729 εἶναι
3019 3691 3030 3703 °
3067 3674 3279 3728 δουλεία
3307 3673 3364 3727 δέ
3398 3674 3514 3726 ἐστι
3549 3671 3709 3742 χαλε-

2031 3774 2253 3843 πωτάτη
2292 3773 2350 3826 ἐν
2394 3771 2701 3842 ἐλευθερίας
2744 3770 2916 3837 τάξει,
2957 3770 3068 3840 ὅσῳ
3113 3770 3207 3822 καὶ
3252 3769 3360 3822 τῶν
3405 3767 3707 3838 ἐλευθέρων

2002 3871 2244 3941 ·κρατεϊ.
2281 3867 2391 3920 Καὶ
2412 3867 2514 3937 ὅρα
2536 3866 2636 3937 τὴν
2666 3864 2995 3931 πλεονεξίαν,
3027 3866 3126 3919 ὅσα
3156 3866 3318 3917 ποιεῖ·
3355 3864 3457 3934 ὅρα
3480 3861 3571 3915 τοῦ
3600 3861 3707 3915 σώ-

2034 3980 2200 4035 ματος
2224 3961 2318 4034 τὴν
2343 3963 2495 4034 ίσχύν
2524 3962 2584 4016 οὐ
2619 3963 2886 4032 μένουσαν
2911 3963 3003 4016 ἐπὶ
3032 3960 3139 4014 τῶν
3162 3960 3373 4014 οἰκείων
3394 3960 3556 4030 ὅρων,
3586 3956 3702 4011 ἀλλ’

2029 4061 2116 4114 ἀεὶ
2139 4056 2232 4113 τοῦ
2271 4058 2511 4121 πλείονος
2534 4057 2844 4128 ἐφιεμένην,
2874 4057 3083 4128 καὶτῆς
3109 4056 3267 4127 δόξης
3291 4054 3625 4126 ὀρεγομένην
3648 4063 3699 4107 ε’.

2030 4156 2105 4208 Οὐ
2130 4153 2236 4226 γὰρ
2258 4154 2332 4217 ὡς
2357 4153 2748 4224 προϊστάμενος
2771 4151 2968 4219 αὐτῶν,
2993 4153 3311 4218 ὐπέταττεν,
3336 4149 3470 4205 ἀλλά
3491 4150 3583 4204 καὶ
3607 4150 3705 4203 πό-

2027 4249 2141 4314 λεις
2165 4248 2451 4322 ᾠκοδόμει,
2489 4249 2576 4302 ἵνα
2606 4248 2746 4319 ἄρχῃ
2786 4249 2894 4302 τῶν
2934 4247 3227 4320 πολεμίων.
3280 4246 3541 4302 Ἐκεῖθεν
3568 4244 3702 4316 γὰρ,

2029 4345 2214 4417 φησὶν,
2254 4345 2323 4398 ἐκ
2369 4342 2480 4412 τῆς
2525 4341 2635 4411 γῆς
2664 4343 2902 4411 ἐκείνης
2939 4343 3199 4411 ἐξῆλθεν
3229 4346 3262 4397 ό
3296 4340 3573 4409 Ἀσσοὺρ,
3604 4337 3705 4394 καὶ

2026 4438 2375 4508 ᾠκοδόμησε
2394 4437 2512 4505 τὴν
2533 4438 2757 4493 Νινευί.
2787 4438 2984 4491 Σκόπει
3016 4455 3104 4508 μοι
3124 4436 3285 4491 πάλιν
3307 4434 3559 4498 ἐνταῦθα,
3584 4433 3703 4498 πῶς

2026 4534 2176 4589 οὐδὲν
2209 4533 2526 4606 λυμαίνεται
2559 4533 2657 4604 τὴν
2690 4534 2964 4606 ἡμετέραν
2993 4534 3207 4605 φύσινῆ
3243 4532 3409 4588 κακία
3432 4531 3541 4585 τῶν
3570 4546 3706 4602 προ-

2026 4630 2219 4699 γόνων.
2250 4621 2408 4683 Οὗτοι
2424 4629 2531 4700 γὰρ
2552 4630 2601 4682 οί
2624 4627 2919 4695 Νινευῖται,
2947 4630 2995 4682 οί
3016 4630 3114 4700 τὴν
3136 4629 3228 4682 τοῦ
3253 4626 3388 4681 Θεοῦ
3409 4625 3706 4697 φιλανθρω-

2028 4727 2156 4781 πίαν
2178 4723 2327 4798 [295]
2343 4724 2431 4778 διὰ
2445 4724 2543 4795 τῆς
2565 4725 2853 4796 μετανοίας
2868 4726 3321 4797 ἐπισπασάμενοι,
3344 4724 3438 4778 καὶ
3457 4723 3555 4794 τὴν
3575 4721 3706 4776 ἀπόέ

2027 4839 2189 4893 φασιν
2208 4821 2298 4877 τοῦ
2319 4821 2587 4874 Δεσπότου
2618 4821 3100 4893 ἀνακαλεσάμενοι,
3136 4816 3280 4874 οὗτοι
3317 4820 3414 4890 μὲν
3439 4818 3703 4891 πρότερον

2027 4915 2182 4988 ἔσχον
2211 4916 2531 4988 προπάτορα
2560 4914 2652 4969 τὸν
2688 4915 2838 4986 Χάμ,
2873 4915 2963 4968 τὸν
2994 4912 3326 4985 πατραλοίαν
3354 4914 3581 4965 ἐκεῖνον·
3607 4911 3703 4965 ἒπ-

2028 5030 2143 5067 ειτα
2173 5012 2262 5066 τὸν
2293 5010 2538 5083 Νεϐρὼδ,
2563 5010 2847 5081 ἄνθρωπον
2874 5008 3132 5080 τύραννον
3160 5010 3253 5062 καὶ
3283 5006 3513 5077 αὐθάδη,
3538 5008 3699 5077 ἔγγο-

2025 5126 2114 5165 νον
2168 5108 2438 5180 ἐσχηκότα
2480 5105 2570 5161 τὸν
2604 5105 2854 5177 Ἀσσούρ.
2879 5104 3139 5175 Λέγονται
3164 5104 3218 5157 δὲ
3250 5103 3379 5167 ἴσως
3406 5102 3498 5157 καὶ
3520 5102 3699 5176 ἐτεροι

2026 5204 2350 5277 γεγενῆσθαι
2378 5206 2434 5256 ἐν
2459 5203 2641 5265 αὐτοῖς
2669 5200 2865 5271 βλᾶκες
2885 5200 2977 5254 καὶ
2999 5199 3469 5273 διατεθρυμμένοι,
3489 5199 3582 5253 καὶ
3606 5198 3697 5253 τὸν

2028 5303 2193 5375 ύγρὺν
2227 5301 2322 5355 καὶ
2355 5298 2672 5372 διαρρέοντα
2696 5296 2894 5362 ζῶντες
2918 5297 3050 5368 βίον,
3086 5298 3223 5371 μέθῃ
3255 5299 3346 5351 καὶ
3377 5296 3570 5366 γέλωτι
3601 5297 3696 5350 καὶ

2026 5399 2234 5471 κώμοις
2264 5398 2354 5452 καὶ
2381 5395 2690 5467 χλευασίαις
2719 5395 2943 5456 ἑαυτοὺς
2964 5393 3336 5457 ἐκδεδωκότες’
3368 5393 3481 5447 ἀλλ’
3510 5389 3692 5462 ἐπειδὴ

2024 5494 2400 5565 ἠϐουλήθησαν
2427 5490 2626 5562 ἀκριϐῆ
2656 5489 2751 5562 τὴν
2792 5489 3080 5562 μετάνοιαν
3113 5488 3501 5553 ἐπιδείξασθαι,
3541 5484 3693 5538 οὐδὲν

2024 5589 2220 5653 αὐτοὺς
2254 5588 2553 5659 ἐλυμήνατο
2573 5585 2681 5639 τῶν
2704 5586 2981 5658 προγόνων
3001 5587 3036 5656 ἡ
3060 5586 3246 5651 κακία,
3270 5583 3406 5639 ἀλλά
3425 5577 3693 5650 τοσαύτην

2089 5747 2116 5786 ιι
2152 5750 2263 5799 l‘res
2288 5762 2403 5797 mss.
2427 5749 2512 5805 τὴν
2534 5746 2802 5809 ἀναλογίαν,
2830 5750 2985 5809 ειίιιιοΔ
3001 5746 3065 5794 ita
3087 5742 3212 5803 legit
3236 5744 3497 5809 ἰιιίειγιιτδε2

2024 5815 2109 5921 in:
2131 5798 2351 5868 ῥυειιιοι·
2378 5798 2491 5859 mss'.
2520 5798 2800 5872 ὀρεγομένην
2822 5798 2910 5866 τὴ(
2932 5806 3085 5870 φύσιν,
3123 5798 3271 5864 εὗίιυο
3294 5798 3377 5851 ίίεῐ
3400 5798 3523 5861 ιεείι
3548 5798 3690 5844 "cum

2100 5884 2288 5935 crprcs.
