4066 6140
329 227 438 283 275

327 358 443 405 erat
485 343 647 400 omnis
685 351 818 399 terra
861 340 1049 395 labium
1089 357 1243 396 unum
1265 381 1279 406 ,
1310 337 1434 395 audi
1462 337 1786 408 Scripturam
1815 336 1920 391 alio

340 437 459 491 loco
495 434 798 491 dicentem:
857 432 1108 487 Venenum
1145 430 1379 502 aspidum
1419 428 1510 483 sub
1559 428 1704 483 labiis
1749 444 1922 481 eorum

338 529 361 596 ί
392 526 538 584 Psul.
575 526 697 582 l59.
726 527 760 581 4
781 525 821 597 ).
856 525 932 580 ita
957 525 1096 579 solet
1122 523 1395 592 Scriptum
1422 522 1678 576 labiorum
1707 519 1922 574 nomine

338 619 604 689 loquelam
635 619 924 689 appellare.
954 616 1010 671 2.
1038 615 1103 670 Et
1118 620 1309 687 factum
1334 623 1408 669 est
1432 631 1546 669 cum
1572 620 1821 667 mouerent
1846 610 1922 665 illi

336 712 399 763 ab
428 710 654 777 Oriente,
683 711 975 763 inuenerunt
995 723 1232 777 campum
1249 706 1302 760 in
1325 715 1462 760 terra
1483 704 1740 769 Sennaar,
1763 710 1811 755 et
1830 700 1923 754 ha-

336 796 615 855 bitaverunt
642 801 769 856 illic.

404 891 462 944 52.
505 890 744 946 Humana
764 900 951 946 natura
974 905 1171 962 majora
1196 905 1393 959 semper
1416 887 1625 959 appetit.
1662 884 1924 940 Meritoria

336 993 540 1037 tet-eruo:
581 983 851 1052 cupiditas.
885 1011 957 1025 -—
986 981 1119 1037 Vide
1156 979 1422 1052 quomodo
1461 979 1690 1033 humana
1736 985 1922 1030 natura

338 1087 445 1126 non
476 1081 651 1142 potest
675 1073 968 1128 subsistere
1000 1072 1136 1127 intra
1163 1085 1289 1126 suos
1316 1070 1534 1135 limites,
1565 1067 1661 1123 sed
1696 1067 1923 1136 amplius

338 1164 742 1233 concupiscens,
776 1164 980 1234 majora
1008 1178 1168 1233 supra
1197 1177 1258 1219 se
1275 1163 1497 1232 appetit.
1525 1163 1698 1232 Atque
1724 1159 1825 1214 hoc
1842 1167 1925 1214 est

338 1253 482 1324 quod
522 1255 810 1310 humanum
855 1269 1023 1326 genus
1050 1255 1380 1325 potissimum
1425 1253 1620 1324 perdit,
1666 1253 1787 1322 quia
1819 1266 1921 1307 non

338 1346 453 1400 vult
485 1354 685 1401 natum
724 1361 838 1401 sua:
877 1361 1184 1402 mensuram
1226 1359 1552 1416 agnoscere,
1582 1343 1676 1400 sed
1715 1358 1927 1413 semper

341 1436 546 1507 majora
589 1438 819 1508 appetit,
868 1445 925 1494 et
952 1452 1070 1509 qua:
1099 1452 1257 1509 supra
1285 1452 1434 1494 suam
1461 1443 1588 1492 sunt
1612 1435 1921 1505 dignitatem

340 1528 482 1584 votis
521 1530 768 1599 concipit.
812 1528 947 1585 llinc
985 1537 1041 1585 et
1067 1530 1161 1600 qui
1211 1528 1476 1585 mundana
1502 1528 1831 1597 suspiciunt,
1880 1526 1925 1582 si

340 1620 557 1688 quando
579 1621 745 1675 multo
763 1620 1148 1677 abundaverint
1174 1635 1327 1687 auro,
1355 1629 1409 1675 et
1434 1627 1678 1689 potentes
1706 1617 1922 1684 fuerint,

339 1711 493 1781 quasi
515 1711 666 1767 obliti
689 1727 800 1767 sum
822 1722 1046 1777 natura;
1076 1712 1130 1766 in
1154 1720 1352 1766 tantum
1371 1726 1431 1767 se
1458 1710 1721 1782 fastigium
1745 1709 1926 1765 cll'erri

341 1802 560 1868 volunt,
607 1803 778 1858 donec
826 1803 877 1856 in
926 1801 1245 1872 profundum
1276 1802 1449 1871 ipsum
1478 1801 1810 1871 dejieiantur.
1858 1799 1924 1856 Et

333 1893 449 1950 hoc
493 1893 733 1950 videmus
777 1895 1013 1965 quotidie
1053 1895 1395 1966 contingere,
1421 1893 1662 1964 quamvis
1702 1908 1801 1948 nec
1827 1891 1927 1948 hac

342 1985 547 2041 ratione
594 1986 986 2041 emendatiores
1022 1983 1252 2040 evadant
1296 1984 1386 2038 alii
1414 2002 1427 2038 :
1455 1983 1549 2039 sed
1579 1984 1676 2038 etsi
1707 1983 1772 2037 ad
1804 1998 1925 2052 par-

342 2092 467 2132 vum
490 2085 699 2147 tempus
720 2076 1102 2147 reprimantur,
1120 2076 1294 2131 subito
1312 2083 1487 2129 tamen
1503 2074 1738 2129 omnium
1754 2073 1924 2137 obliti,

342 2169 535 2224 iterum
561 2167 802 2223 eamdem
833 2167 1085 2223 incedunt
1110 2165 1278 2233 viam,
1309 2174 1363 2220 et
1389 2166 1441 2220 in
1466 2164 1654 2220 eadem
1682 2164 1926 2234 praecipi—

344 2260 416 2312 tia
440 2257 750 2314 deferuntur
798 2273 813 2310 :
865 2257 917 2312 id
960 2257 1102 2327 quod
1139 2266 1194 2312 et
1221 2271 1361 2311 nunc
1397 2256 1582 2311 videre
1624 2256 1750 2315 licet
1790 2255 1926 2325 apud

344 2350 476 2404 istos
507 2348 722 2403 factum.
754 2347 820 2402 Et
842 2350 1033 2418 factum
1061 2356 1134 2401 est
1162 2363 1276 2400 cum
1296 2356 1545 2401 moverent
1564 2346 1641 2401 illi
1663 2345 1724 2400 ab
1749 2344 1928 2400 Orien-

346 2451 418 2507 te,
442 2441 734 2494 invenerunt
763 2456 999 2510 campum
1025 2439 1076 2492 in
1097 2448 1230 2492 ten'a
1247 2438 1498 2505 Sennaar,
1520 2449 1568 2493 et
1587 2439 1930 2492 habitaverunt

344 2533 474 2587 illic.
503 2531 633 2586 Vide
657 2531 924 2602 quomodo
951 2531 1203 2602 paulatim
1230 2531 1386 2586 docet
1409 2546 1503 2585 nos
1536 2530 1781 2585 instabile
1809 2531 1930 2585 illo-

346 2637 465 2678 rum
497 2621 847 2692 propositum.
874 2621 1133 2690 Quoniam
1154 2621 1421 2686 viderunt,
1446 2622 1631 2692 inquit,
1660 2636 1927 2692 campum,

346 2715 637 2786 migrantes
659 2756 676 2782 ,
708 2724 761 2771 et
790 2714 977 2770 relicto
1012 2715 1177 2786 priori
1204 2714 1320 2769 loco
1342 2757 1356 2782 ,
1387 2714 1495 2770 illic
1538 2714 1927 2770 habitaverunt.

346 2808 552 2865 Deinde
575 2808 739 2863 dicit:
770 2808 823 2863 5.
862 2806 1001 2862 Dixit
1025 2808 1365 2878 unusquisque
1391 2809 1621 2873 proximo
1650 2823 1742 2861 suo
1775 2823 1794 2862 :
1830 2806 1929 2861 Ve-

346 2903 466 2967 nite,
499 2902 825 2971 con/Sciamus
850 2903 1045 2965 lateres,
1078 2910 1124 2955 et
1150 2917 1419 2971 coquamus
1447 2917 1532 2955 eos
1559 2901 1682 2971 igni.
1716 2899 1782 2953 Et
1808 2899 1931 2970 facti

346 3002 463 3048 sunt
490 2993 594 3048 illis
617 2993 798 3048 lateres
823 2994 877 3047 in
901 2992 1146 3063 lapidem,
1170 3002 1217 3045 et
1238 2991 1458 3046 bitumen
1483 3000 1587 3045 erat
1617 2991 1719 3046 illis
1744 2991 1927 3045 lutum.

349 3087 404 3139 4.
438 3082 502 3138 Et
527 3083 764 3139 dixerunt
792 3102 806 3137 :
848 3082 1020 3137 Venite
1038 3125 1054 3150 ,
1083 3083 1390 3153 wdiﬁcemus
1418 3083 1559 3137 nobis
1583 3082 1829 3136 civitatem
1848 3123 1861 3145 ,
1887 3091 1933 3134 et

347 3176 549 3241 turrim,
589 3177 736 3245 cujus
761 3183 914 3245 caput
942 3175 1034 3227 erit
1060 3190 1215 3245 usque
1249 3175 1301 3228 in
1338 3174 1554 3241 civium,
1596 3182 1642 3227 et
1686 3174 1932 3244 faciamus

348 3267 492 3321 nobis
531 3267 655 3336 ipsis
685 3283 897 3332 nomen,
931 3269 1223 3336 priusquam
1262 3268 1611 3338 disperguntur
1652 3283 1803 3336 super
1826 3282 1934 3320 om—

350 3375 465 3413 nem
490 3368 691 3414 terram.
726 3359 856 3414 Vide
885 3360 1151 3430 quomodo
1179 3360 1465 3415 abutuntur
1485 3358 1750 3414 communi
1781 3373 1928 3424 voce,

350 3460 405 3506 et
424 3452 690 3523 quomodo
714 3468 908 3508 vanum
932 3453 1051 3508 vitae
1077 3454 1404 3523 prepositum
1428 3452 1494 3508 sit
1517 3453 1799 3507 multorum
1823 3466 1935 3506 ma-

352 3546 526 3600 iorum
561 3547 790 3601 occasio.
831 3545 1022 3614 Venite,
1058 3548 1243 3618 inquit,
1279 3546 1523 3617 faciamus
1552 3547 1746 3611 lateres,
1777 3555 1824 3600 et
1849 3562 1935 3601 co—

350 3653 563 3702 quamus
588 3654 671 3691 eos
697 3637 821 3709 igni.
855 3638 918 3692 Et
945 3639 1067 3708 facti
1092 3648 1209 3693 sunt
1242 3638 1344 3692 illis
1380 3638 1556 3692 lateres
1586 3638 1636 3691 in
1680 3636 1930 3709 lapidem,

350 3741 397 3784 et
436 3730 655 3785 bitumen
694 3732 746 3785 in
791 3748 1003 3786 coenant.
1056 3732 1186 3788 Vide
1215 3743 1407 3801 quanta
1440 3734 1723 3788 securitate
1754 3733 1934 3786 volunt

351 3822 637 3889 :rdilicare,
680 3825 979 3879 nescientes
1011 3824 1136 3878 illud
1153 3859 1167 3882 ,
1193 3824 1309 3879 Nisi
1336 3823 1588 3879 Dominus
1613 3825 1936 3893 ludiﬁcaverit

350 3914 574 3978 domum,
603 3914 656 3967 in
677 3931 859 3968 vanum
876 3914 1226 3969 laboraverunt
1245 3917 1331 3985 qui
1349 3915 1602 3983 a'diﬁcant
1623 3932 1733 3968 eam
1759 3914 1931 3986 (Psal.

352 4006 478 4062 126.
516 4008 585 4078 l).
620 4006 682 4060 Et
711 4008 1034 4077 aadiﬁcemus,
1061 4008 1323 4077 inquiunt,
1354 4007 1495 4061 nobis
1517 4009 1800 4062 civitatem:
1829 4024 1934 4063 non

349 4100 483 4162 Deo,
515 4099 607 4153 sed
643 4098 805 4153 Nobis
833 4101 975 4169 ipsis.
1004 4098 1158 4163 Vide,
1191 4112 1309 4164 oro,
1340 4113 1495 4168 quam
1536 4098 1755 4153 invaluit
1781 4099 1936 4153 mali-

351 4192 421 4244 tia
449 4208 461 4243 :
493 4190 750 4243 habentes
773 4188 950 4243 adhuc
969 4197 1238 4243 recentem
1260 4189 1572 4243 memoriam
1598 4189 1862 4258 generalis
1884 4190 1935 4243 in

350 4282 555 4338 diltnio
582 4282 854 4341 interitus.
907 4282 957 4335 in
993 4290 1189 4335 tantam
1227 4282 1523 4338 inciderunt
1560 4284 1836 4338 insaniam.
1871 4282 1939 4337 Et

351 4376 683 4443 tedi/icemus,
713 4373 902 4444 inquit,
928 4374 1068 4428 nobis
1096 4375 1361 4441 civitatem,
1385 4385 1432 4429 et
1464 4377 1660 4440 turrim,
1688 4377 1834 4446 cujus
1855 4392 1940 4429 ca—

353 4476 443 4536 put
464 4468 555 4520 erit
575 4482 730 4533 usque
758 4466 809 4521 in
830 4468 1027 4521 cwlum.
1052 4465 1274 4522 Nomine
1294 4467 1409 4523 cmli
1438 4481 1697 4521 summam
1726 4467 1937 4521 illorum

354 4558 630 4614 audaciam
678 4557 948 4629 Scriptura
979 4559 1153 4613 divina
1185 4561 1440 4615 declarat.
1472 4557 1536 4613 Et
1560 4560 1830 4630 faciamus,
1860 4561 1940 4614 iu-

353 4653 501 4721 quit,
544 4652 812 4721 nobisipsis
855 4669 1054 4706 nomen.
1097 4651 1317 4706 Vidistis
1372 4651 1603 4706 radicem
1649 4653 1805 4707 mali?
1837 4652 1937 4719 Ut,

354 4749 548 4819 inquit,
578 4756 888 4819 perpetuam
916 4746 1229 4800 memoriam
1251 4759 1662 4813 consequamur,
1691 4753 1749 4799 ut
1773 4746 1940 4800 nostri

357 4850 614 4912 perpetuo
665 4853 932 4895 memores
978 4837 1086 4892 sint
1127 4837 1326 4906 posteri
1359 4852 1376 4891 :
1409 4835 1513 4890 tale
1561 4835 1663 4890 erit
1701 4845 1941 4890 nostrum

356 4948 523 5002 opus,
554 4942 613 4986 ut
658 4946 946 5001 numquam
973 4928 1226 4985 oblivioni
1259 4926 1514 4982 tradatur.
1564 4926 1627 4981 Et
1656 4924 1757 4981 hoc
1789 4926 1945 4980 iacia-

356 5039 476 5079 mus
506 5024 814 5095 Priusquam
847 5024 1194 5091 dispcrgamur
1214 5037 1364 5091 super
1387 5021 1565 5091 facient
1592 5019 1755 5073 cumis
1777 5029 1940 5073 terra.

357 5116 577 5181 Adhuc,
613 5116 780 5186 inquit
802 5156 817 5181 ,
844 5115 1148 5185 congregati
1177 5113 1318 5185 quod
1340 5112 1494 5168 nobis
1519 5113 1688 5168 visum
1715 5122 1797 5168 est
1823 5111 1945 5167 elli-

358 5210 558 5262 ciamus
580 5248 595 5273 ,
628 5218 685 5261 ut
716 5208 946 5278 posteris
973 5217 1287 5278 perpetuum
1330 5222 1522 5263 nomen
1561 5208 1938 5278 relinquamus.

360 5304 499 5357 Sunt
528 5301 675 5356 multi
704 5302 863 5357 etiam
892 5300 1051 5358 hodie
1077 5300 1167 5373 qui
1195 5301 1315 5356 illos
1346 5301 1637 5366 imitantur,
1667 5309 1724 5355 et
1754 5299 1945 5356 talibus

358 5393 610 5464 Operihus
629 5393 888 5449 celebrari
912 5396 1115 5461 volunt,
1143 5393 1231 5462 qui
1262 5391 1570 5462 Splendidas
1595 5391 1786 5446 domus
1812 5392 1944 5446 ardi-
1982 5417 1991 5422 ν

362 5487 544 5553 ticam,
568 5493 623 5541 et
651 5485 879 5553 lavacra,
908 5494 961 5541 et
987 5487 1220 5556 porticus
1241 5526 1257 5551 ,
1300 5494 1355 5540 et
1382 5484 1775 5540 deambulacra.
1803 5485 1947 5550 Quo-

363 5594 479 5634 rum
506 5579 549 5634 si
570 5579 798 5651 aliquem
824 5578 1124 5650 rogaveris,
1157 5592 1323 5647 quare
1344 5576 1415 5630 ita
1452 5575 1654 5630 laboret
1676 5583 1732 5631 et
1755 5574 1943 5646 fatige-

363 5679 472 5740 tur,
524 5681 805 5748 tantosque
863 5672 1205 5745 pecuniarum
1257 5677 1498 5741 sumptus
1539 5668 1711 5738 iaciat,
1746 5683 1943 5742 eosque

1010 225 1067 280 S.
1106 221 1383 280 JOANNIS
1410 218 1881 278 CHRYSOSTOMI
1919 217 2237 276 ARCIHEP.
2278 172 2811 281 CONSTANTINOli.

3500 228 3609 286 276

2031 338 2246 395 inutiles
2274 357 2289 396 :
2318 340 2450 396 nihil
2490 341 2634 397 aliud
2663 342 2866 412 audies,
2896 357 3054 415 quam
3081 342 3196 400 brec
3223 342 3404 412 verba,
3427 354 3484 400 ut
3513 346 3617 400 im-

2030 432 2269 487 mortalis
2293 444 2538 489 servetur
2563 436 2839 502 memoria,
2866 444 2922 491 et
2940 420 3150 491 dicatur
3176 436 3317 491 illius
3334 452 3455 492 esse
3476 437 3616 493 hanc

2029 524 2264 591 domum,
2292 526 2433 583 illius
2462 525 2604 582 hunc
2626 542 2834 598 agrum.
2866 528 2936 583 At
2959 528 3062 584 hoc
3085 543 3191 585 non
3216 538 3300 585 est
3323 530 3533 585 laudem
3559 544 3617 588 et

2030 617 2374 683 memoriam,
2402 619 2496 673 sed
2529 619 2732 674 crimen
2775 618 2875 674 sibi
2914 635 3126 689 parare.
3167 620 3298 676 Nam
3340 622 3517 677 statim
3547 622 3615 679 ad

2030 704 2147 762 haec
2172 707 2560 779 subjungentur
2584 708 2932 779 plurimarum
2954 712 3396 767 contumeliarum
3424 714 3609 778 verba;

2028 810 2222 866 nempe
2242 796 2399 868 hujus
2419 807 2502 854 est
2520 799 2687 865 avari,
2725 798 2883 868 hujus
2909 802 3136 871 rapacis,
3165 801 3320 872 hujus
3339 803 3616 860 viduarum

2029 899 2084 946 et
2111 892 2469 962 orphauorum
2500 892 2820 963 spoliatoris.
2850 891 3014 964 igitur
3039 895 3141 951 hoc
3168 910 3273 950 non
3299 906 3383 954 est
3406 912 3616 952 memo-

2030 982 2160 1036 riam
2176 983 2408 1052 assequi,
2433 983 2527 1039 sed
2556 985 2826 1054 perpetuis
2850 984 3009 1055 objici
3030 985 3361 1054 criminibus,
3380 997 3437 1043 et
3454 990 3617 1044 etiam

2031 1081 2151 1142 post
2177 1083 2402 1129 mortem
2433 1073 2697 1142 infamari,
2722 1090 2787 1131 ac
2804 1085 3163 1147 spectatorum
3184 1079 3390 1151 linguas
3416 1095 3608 1137 acuere

2031 1164 2083 1216 in
2112 1160 2494 1233 blasphemiam
2513 1205 2529 1233 ,
2557 1175 2612 1221 et
2638 1166 3031 1222 accusationem
3067 1168 3185 1239 ejus
3214 1170 3302 1240 qui
3329 1170 3415 1226 illa
3445 1173 3616 1241 possi-

2030 1252 2140 1310 det.
2171 1254 2324 1323 Quod
2366 1256 2411 1312 si
2442 1257 2660 1313 omnino
2687 1266 2942 1313 teternam
2972 1260 3284 1316 memoriam
3315 1276 3480 1328 amas,
3513 1278 3615 1333 ego

2032 1345 2123 1400 tibi
2156 1347 2292 1400 viam
2322 1347 2651 1412 monstrabo,
2674 1362 2775 1419 qua
2797 1349 2999 1420 poteris
3019 1364 3232 1420 semper
3255 1351 3529 1419 celebrari,
3559 1362 3621 1408 et

2029 1450 2150 1506 quas
2173 1435 2319 1492 dab.t
2342 1436 2436 1492 tibi
2461 1437 2707 1493 ﬁduciam
2735 1439 2788 1494 in
2811 1439 2989 1496 futuro
3015 1440 3234 1496 saaculo.
3256 1440 3496 1510 Quonam
3520 1457 3616 1512 pa-

2031 1539 2118 1584 cto
2141 1529 2299 1600 igitur
2325 1530 2527 1600 poteris
2553 1539 2608 1586 et
2632 1532 3060 1597 commemorari,
3088 1540 3143 1587 et
3164 1533 3419 1588 celebrari
3440 1534 3618 1602 quoti-

2030 1621 2139 1691 die,
2164 1621 2525 1693 encomiisque
2545 1621 2699 1679 evehi
2721 1624 2880 1680 etiam
2906 1635 3025 1695 post
3050 1624 3190 1680 hanc
3217 1624 3378 1680 vitam
3396 1626 3419 1678 ἲ
3439 1625 3496 1682 Si
3520 1626 3619 1681 has

2031 1714 2282 1784 pecunias
2308 1714 2358 1769 in
2388 1729 2579 1770 manus
2607 1716 2825 1786 inopum
2856 1716 3153 1788 dispenses,
3187 1719 3390 1775 relictis
3427 1719 3618 1789 lapidi-

2030 1807 2150 1874 bus,
2175 1808 2377 1879 magnis
2402 1808 2660 1876 :editieiis,
2698 1810 2851 1876 villis,
2876 1819 2929 1866 et
2954 1810 3178 1867 balneis.
3207 1811 3334 1867 limo
3359 1812 3616 1868 memoria

2031 1900 2342 1956 innumeros
2368 1901 2458 1956 tibi
2486 1900 2765 1957 thesauros
2789 1902 3059 1966 conciliat,
3086 1903 3202 1959 haec
3220 1905 3474 1959 memoria
3502 1920 3620 1959 sar-

2030 1991 2203 2045 cinam
2235 2000 2571 2061 peccatorum
2602 1992 2831 2057 alleviat,
2863 1995 2976 2048 haec
3001 1994 3218 2049 multam
3247 1994 3340 2049 tibi
3371 1993 3616 2050 fiduciam

2031 2085 2170 2154 apud
2217 2085 2494 2139 Dominum
2543 2085 2809 2140 conciliat.
2853 2084 3059 2156 Cogita,
3111 2087 3369 2151 obsecro,
3401 2095 3457 2142 et
3502 2087 3618 2143 iure

2032 2178 2192 2233 verba
2221 2193 2341 2247 qua:
2380 2177 2570 2249 singuli
2614 2178 2805 2233 dicturi
2845 2186 3002 2243 sunt,
3033 2188 3285 2235 vocantes
3311 2179 3619 2233 misericor-

2032 2269 2175 2338 dem,
2195 2271 2499 2341 benignum,
2523 2279 2876 2337 mansuetum,
2896 2286 3134 2338 suavem,
3162 2280 3268 2325 tam
3290 2271 3490 2341 largum
3510 2270 3618 2325 dis-

2031 2371 2390 2433 pensatorem.
2422 2361 2673 2431 Dispersit
2715 2363 2881 2429 enim,
2912 2361 3101 2430 inquit,
3136 2362 3273 2415 dedit
3294 2361 3619 2432 pauperibus;

2024 2453 2225 2522 justitia
2253 2454 2360 2522 ejus
2385 2462 2553 2508 manet
2589 2454 2643 2508 in
2672 2455 2913 2508 steculum
2943 2452 3112 2526 (l’sal.
3147 2455 3270 2509 lli.
3299 2451 3379 2525 9).
3422 2453 3619 2523 llujus-

2033 2541 2337 2597 modienim
2366 2552 2492 2598 sunt
2541 2544 2882 2613 pecuniarum
2923 2544 3150 2610 divitia);
3205 2543 3464 2616 dispersa:
3503 2558 3619 2598 ma-

2035 2642 2193 2696 nent;
2241 2635 2284 2688 si
2330 2634 2659 2689 retineantur
2683 2643 2739 2689 et
2765 2634 3169 2700 concludantur,
3208 2636 3368 2690 etiam
3412 2650 3471 2689 se
3500 2649 3620 2689 ser-

2034 2731 2248 2778 vantem
2275 2738 2455 2779 secum
2501 2724 2749 2794 perdunt.
2800 2725 3049 2795 Dispersit
3077 2726 3239 2790 enim,
3270 2726 3459 2794 inquit,
3486 2724 3620 2779 dedit

2036 2817 2359 2889 pauperibus.
2382 2816 2484 2873 Sed
2513 2817 2632 2871 audi
2653 2833 2773 2887 qua:
2793 2826 3085 2887 sequuntur
3111 2834 3125 2870 :
3154 2816 3363 2871 Iustitia
3387 2818 3494 2887 ejus
3513 2832 3621 2869 ina-

2035 2919 2116 2963 net
2129 2910 2179 2963 in
2193 2908 2452 2964 steculum.
2473 2908 2591 2964 Uno
2605 2908 2693 2963 die
2708 2908 2918 2964 divitias
2937 2908 3205 2978 dispersit,
3225 2917 3276 2961 et
3288 2907 3490 2978 justitia
3506 2907 3624 2976 ejus

2036 3011 2217 3057 manet
2253 3001 2305 3056 in
2341 3001 2629 3068 saeculum,
2670 3008 2725 3055 et
2753 3001 3064 3056 memoriam
3096 3000 3219 3054 facit
3244 2999 3617 3054 immortalem.

2112 3094 2164 3148 3.
2199 3092 2461 3147 Memoria:
2485 3094 2564 3146 sui
2586 3091 2928 3162 relinquenda:
2954 3092 3083 3145 ratio
3112 3093 3323 3162 optima.
3340 3120 3413 3132 —
3431 3090 3621 3146 Vidisti

2037 3185 2371 3251 memoriam,
2396 3200 2515 3256 qua:
2542 3199 2601 3240 se
2616 3184 2667 3239 iu
2687 3199 2847 3239 omne
2866 3184 3118 3238 smculum
3141 3183 3419 3238 extendit?
3445 3181 3621 3237 vidisti

2036 3276 2347 3330 memoriam
2377 3275 2580 3345 magnis
2602 3282 2657 3329 et
2681 3273 3037 3329 ineliabiIibus
3066 3273 3277 3342 plenam
3300 3273 3494 3328 bonis?
3520 3272 3622 3328 Ta-

2036 3365 2176 3422 libus
2197 3366 2434 3421 zediliciis
2452 3366 2617 3421 nostri
2637 3368 2947 3421 memoriam
2977 3365 3279 3436 relinquere
3291 3366 3621 3420 studeanms.

2039 3461 2172 3516 Nam
2195 3459 2457 3530 lapidibus
2482 3459 2794 3524 :ediﬁcasse,
2817 3473 2924 3513 non
2951 3458 3119 3512 solum
3140 3457 3266 3511 nihil
3293 3458 3445 3512 nobis
3464 3456 3624 3527 prod-

2039 3567 2159 3608 esse
2206 3550 2438 3622 poterit,
2484 3549 2581 3606 sed
2608 3565 2707 3605 nos
2746 3550 3001 3605 continuo
3030 3558 3297 3620 tamquam
3343 3550 3621 3614 columna,

2043 3644 2187 3699 clara
2218 3659 2348 3698 voce
2380 3641 2676 3697 iuiamabit.
2709 3642 2774 3696 Et
2799 3655 2897 3696 nos
2936 3641 3059 3696 hinc
3085 3641 3295 3695 abimus
3321 3639 3626 3695 deferentes

2039 3742 2253 3807 peccata
2283 3734 2405 3789 inde
2432 3742 2603 3803 parta,
2625 3742 2679 3788 et
2700 3733 2923 3787 :ndilicia
2950 3732 3036 3787 hic
3064 3730 3417 3801 relinquimus
3447 3747 3461 3784 :
3497 3730 3623 3799 quin

2040 3841 2140 3883 nec
2169 3825 2430 3896 frigidam
2483 3825 2627 3879 illam
2675 3833 2731 3879 et
2785 3823 3023 3877 inutilem
3075 3822 3389 3878 memoriam
3437 3836 3626 3876 conse-

2040 3916 2276 3988 quimur,
2304 3913 2397 3969 sed
2427 3913 2605 3984 potius
2654 3912 2864 3984 probris
2906 3912 3273 3982 deturpamur,
3326 3924 3627 3979 nomenque

2041 4010 2218 4065 statim
2249 4007 2439 4062 transit
2471 4006 2536 4061 ad
2563 4006 2811 4061 altermn.
2839 4005 3048 4060 Etenim
3080 4004 3158 4059 sic
3187 4018 3244 4058 se
3279 4018 3366 4057 res
3392 4002 3588 4056 habent
3607 4041 3622 4065 ,

2041 4111 2101 4156 ut
2128 4101 2195 4155 ab
2235 4100 2337 4154 hoc
2374 4098 2441 4153 ad
2470 4097 2632 4153 alium
2685 4105 2993 4162 transeant,
3025 4104 3080 4151 et
3116 4096 3183 4151 ab
3210 4095 3300 4150 illo
3339 4096 3531 4149 iterum
3573 4094 3625 4148 in

2043 4193 2225 4247 alium.
2273 4191 2340 4246 Et
2390 4189 2551 4245 hodie
2597 4188 2810 4258 quidem
2863 4188 3053 4242 domus
3102 4186 3379 4242 dicebatur
3432 4185 3624 4255 hujus,

2043 4298 2163 4338 cras
2229 4281 2368 4336 illius
2401 4323 2415 4349 ,
2471 4279 2763 4350 postridie,
2819 4279 3026 4334 dicetur
3081 4278 3322 4333 alterius.
3408 4276 3627 4331 Interim

2043 4383 2233 4445 sponte
2282 4388 2380 4428 nos
2427 4373 2570 4442 ipsos
2621 4370 2949 4440 decipimus,
3010 4378 3258 4439 putantes
3306 4382 3404 4423 nos
3450 4367 3626 4422 domi-

2044 4469 2190 4524 nium
2221 4466 2484 4537 quoddam
2517 4464 2789 4535 possidere
2809 4504 2823 4529 ,
2849 4464 3150 4518 nescientes
3193 4477 3289 4516 nos
3314 4460 3487 4515 solum
3531 4475 3629 4514 usu

2047 4559 2225 4630 potiri,
2250 4567 2303 4612 et
2325 4557 2567 4622 velimus,
2594 4555 2845 4620 nolimus,
2865 4553 2982 4607 aliis
3009 4553 3123 4608 haec
3143 4551 3438 4608 concedere
3468 4569 3481 4604 :
3508 4566 3627 4605 nam

2046 4653 2188 4725 quod
2217 4653 2406 4722 quibus
2448 4650 2714 4711 nolumus,
2747 4645 2797 4700 id
2834 4646 2943 4716 jam
2974 4656 3257 4717 prmtereo.
3289 4642 3520 4700 Omnino
3550 4652 3630 4698 ta-

2048 4762 2194 4810 men,
2226 4745 2271 4799 si
2302 4743 2613 4799 memoriam
2645 4739 3005 4808 concupiscis,
3037 4747 3092 4794 et
3121 4738 3276 4810 hujus
3307 4737 3400 4791 tibi
3428 4746 3631 4791 tantmn

2050 4840 2282 4895 studium
2326 4847 2407 4893 est
2438 4855 2451 4892 :
2480 4837 2601 4891 audi
2645 4834 2916 4906 quomodo
2958 4832 3130 4887 vidua:
3176 4842 3443 4884 memores
3485 4836 3636 4883 erant

2049 4932 2327 4999 Tabithm,
2380 4938 2434 4985 et
2475 4929 2745 5000 quomodo
2784 4924 3202 4981 circumstabant
3235 4922 3453 4978 Petrum
3496 4920 3631 4975 lien-

2051 5035 2165 5091 tes,
2205 5033 2260 5080 et
2315 5024 2740 5079 demonstrantes
2791 5021 2994 5076 tunicas
3032 5027 3088 5074 et
3131 5027 3341 5079 vestes,
3381 5031 3514 5087 quas
3557 5014 3633 5069 la-

2050 5119 2224 5174 ciebat
2261 5116 2366 5171 illis
2409 5117 2633 5180 Dorcas,
2675 5130 2796 5170 cum
2839 5113 3012 5167 adhuc
3051 5119 3358 5181 superesset
3413 5110 3547 5180 (Act.
3581 5109 3632 5166 9.

2051 5209 2263 5282 59-41).
2308 5208 2496 5263 Vidisti
2532 5208 2721 5263 domus
2758 5206 3020 5260 animatas
3058 5218 3243 5259 vocem
3300 5202 3635 5268 emittentes,

2050 5313 2106 5359 et
2157 5310 2317 5357 tantae
2370 5301 2618 5367 virtutis,
2670 5310 2728 5353 ut
2773 5313 2805 5353 a
2844 5306 3017 5353 morte
3066 5297 3132 5352 ad
3181 5297 3339 5350 vitam
3385 5308 3633 5350 revocare

2049 5395 2284 5466 queant?
2309 5393 2440 5448 Nam
2473 5401 2749 5463 postquam
2775 5390 3247 5445 circumsteterunt
3277 5387 3517 5452 Petrum,
3548 5400 3629 5441 ca-

2051 5486 2188 5541 lidas
2242 5486 2505 5557 lacrymas
2553 5481 2975 5554 profundentes,
3020 5480 3307 5550 cibumque
3348 5488 3406 5534 et
3447 5477 3638 5548 quibus

2052 5593 2186 5647 Opus
2209 5577 2473 5632 habebant
2492 5582 2820 5646 quaerentes,
2855 5572 3045 5628 Petrus
3066 5571 3255 5638 ejectis
3277 5570 3551 5635 omnibus,
3580 5577 3635 5624 et

2056 5669 2243 5741 positis
2280 5669 2504 5741 genibus
2526 5666 2733 5735 oravit;
2777 5672 2978 5721 etcum
3008 5664 3295 5721 excitasset
3324 5662 3504 5731 illam,
3539 5675 3629 5717 vo-
