4066 6140
300 267 411 326 275

300 383 422 448 λιᾶς
452 383 668 456 εἴρηται
695 388 777 452 τὺ,
806 387 914 442 Kal
953 382 1033 457 ἦν
1057 378 1228 445 πᾶσα
1267 387 1306 455 ἡ
1340 387 1415 457 γῆ
1449 387 1650 457 χεῖλος
1674 386 1764 453 ἐν,
1795 386 1959 441 ἄκουε

297 467 397 537 τῆς
429 471 468 521 Γ
473 473 650 542 ραφῆς
676 472 906 543 ἀλλαχοῦ
932 473 1200 545 λεγούσης
1222 490 1235 504 ο
1278 474 1393 539 Ἰὸς
1430 474 1705 529 ἀσπίδων
1742 471 1859 527 ὑπὸ
1889 470 1963 526 τὰ

299 556 472 624 χείλη
494 556 707 614 αὐτῶν.
738 558 924 623 Οὕτως
948 557 1088 614 οἶδεν
1113 563 1146 632 ή
1180 560 1219 612 Γ
1224 560 1367 631 ραφὴ
1386 560 1463 630 τῷ
1487 561 1580 614 τοῦ
1608 560 1817 630 χείλους
1840 558 1961 611 ὀνό-

302 658 430 711 ματι
457 643 552 715 τὴν
573 644 758 699 λαλιὰν
778 647 1223 717 προσαγορεύειν.
1264 647 1372 701 Kal
1400 646 1635 717 ἐγένετο
1667 647 1736 700 ἐν
1756 645 1835 712 τῷ
1872 663 1964 701 κι-

295 726 483 796 νῆσαι
511 730 731 797 αὐτοὺς
765 732 885 787 ἀπὸ
921 732 1256 798 ἀνατολῶν,
1303 728 1488 801 εὗρον
1518 732 1727 788 πεδίον
1763 733 1834 787 ἐν
1887 732 1965 805 τῇ

298 816 585 885 Σενναὰρ,
612 819 713 873 καί
736 819 1092 888 κατῴκησαν
1113 820 1259 877 ἐκεῖ.

371 902 588 976 β’.”ορα
614 906 783 978 πῶςή
813 907 1124 979 ἀνθρωπίνη
1148 907 1312 977 φύσις
1339 907 1438 961 οὐκ
1452 907 1964 978 ἀνέχεταιίστασθαι

298 988 391 1042 ἐπὶ
437 990 544 1044 τῶν
585 993 802 1047 οἰκείων
833 995 995 1065 ὅρων,
1029 994 1144 1048 ἀλλ’
1177 995 1264 1049 ἀεὶ
1290 994 1389 1049 τοῦ
1430 994 1672 1059 πλείονος
1702 996 1964 1068 ἐφιεμένη

297 1074 546 1144 ὀρέγεται
582 1078 691 1132 τῶν
753 1079 1030 1150 μειζόνων.
1074 1081 1185 1135 Kal
1226 1081 1381 1134 τοῦτό
1437 1082 1584 1135 ἐστιν
1640 1082 1669 1135 δ
1725 1084 1963 1153 μάλιστα

297 1160 559 1217 ἀπόλλυσι
612 1164 673 1218 τὸ
708 1165 1048 1236 ἀνθρώπινον
1092 1166 1268 1236 γένος,
1306 1166 1367 1221 τὸ
1400 1165 1480 1239 μὴ
1532 1165 1817 1237 βούλεσθαι
1864 1170 1963 1239 τῆς

296 1248 504 1313 οίκείας
542 1249 756 1320 φύσεως
797 1252 1181 1322 ἐπιγινώσκειν
1211 1252 1280 1307 τά
1332 1254 1532 1326 μέτρα,
1586 1254 1695 1310 ἀλλ’
1728 1256 1815 1309 ἀεὶ
1852 1255 1962 1308 τῶν

301 1334 562 1403 μειζόνων
590 1337 854 1405 ἐφίεσθαι,
869 1340 963 1393 καὶ
991 1342 1060 1394 τά
1089 1340 1228 1411 ὑπὲρ
1262 1341 1361 1413 τὴν
1395 1341 1554 1406 ἀξίαν
1576 1341 1963 1410 φαντάζεσθαι.

312 1420 589 1476 Ἐντεῦθεν
627 1425 721 1478 καὶ
748 1426 798 1478 ol
828 1427 956 1497 περὶ
992 1425 1061 1480 τά
1092 1428 1186 1480 τοῦ
1222 1427 1429 1498 κόσμου
1463 1428 1791 1498 ἐπτοημένοι
1828 1429 1965 1500 πρά-

297 1523 503 1576 γματα,
533 1508 749 1568 ἐπειδὰν
786 1512 950 1568 πολὺν
977 1513 1409 1586 περιϐάλλωνται
1433 1514 1663 1568 πλοῦτον
1688 1514 1782 1568 καὶ
1805 1516 1967 1569 δυνα-

300 1594 518 1665 στείαν,
567 1598 755 1672 ὥσπερ
811 1600 1291 1672 ἐπιλανθανόμενοι
1327 1602 1429 1673 τῆς
1473 1603 1679 1665 οἰκείας
1727 1601 1962 1671 φύσεως,

302 1688 464 1760 μέχρι
494 1687 749 1742 τοσούτου
780 1688 861 1751 εἰς
892 1686 1022 1757 ὕψος
1068 1687 1390 1759 ἐπαίρεσθαι
1422 1687 1735 1758 βούλονται,
1771 1690 1965 1760 μέχρις

298 1776 365 1829 ἂν
390 1777 470 1840 είς
502 1777 666 1831 αὐτὸν
692 1776 783 1829 τὸν
817 1776 1066 1846 πυθμένα
1112 1774 1499 1846 κατενεχθῶσι.
1541 1776 1652 1830 Καὶ
1677 1775 1837 1832 τοῦτο
1865 1778 1964 1832 ῑδοι

296 1862 476 1926 τιςᾶν
503 1862 587 1930 ἐφ’
616 1861 852 1932 ἑκάστης
883 1862 1178 1932 συμϐαῖνον
1213 1861 1445 1933 ἡμέρας.
1485 1864 1581 1917 καὶ
1621 1864 1743 1917 ούδέ
1789 1864 1959 1938 ταύτῃ

296 1951 423 2014 τοὺς
476 1950 694 2014 λοιποὺς
746 1951 1267 2022 σωφρονιζομένους,
1315 1950 1451 2006 ἀλλά
1480 1953 1611 2023 πρὸς
1657 1954 1832 2026 βραχὺ
1861 1956 1962 2026 μὲν

299 2037 771 2109 συστελλομένους,
807 2038 1001 2110 ἀθρόον
1028 2040 1084 2092 δὲ
1114 2039 1328 2092 πάντων
1379 2037 1546 2110 λήθην
1582 2045 1958 2112 ποιουμένους,

298 2126 392 2178 καὶ
413 2124 573 2180 πάλιν
602 2125 699 2197 τὴν
719 2125 889 2197 αὐτὴν
935 2126 1163 2191 ἐκείνοις
1208 2124 1523 2196 βαδίζοντας
1569 2128 1705 2193 ὁδὸν,
1742 2132 1835 2184 καὶ
1880 2135 1961 2197 εἰς

296 2211 465 2266 αὐτὸν
492 2212 582 2265 τὸν
610 2212 850 2283 κρημνὸν
891 2214 1298 2283 καταγομένους
1319 2232 1332 2246 ·
1379 2214 1512 2286 ὅπερ
1543 2217 1635 2270 καὶ⁵
1665 2218 1759 2271 νῦν
1812 2218 1960 2274 ἐστιν

300 2296 427 2349 ἰδεῖν
456 2295 548 2349 ἐπὶ
580 2296 784 2349 τούτων
814 2297 1054 2364 γεγονός.
1086 2298 1192 2351 Kal
1221 2299 1455 2368 ἐγένετο
1484 2302 1553 2355 ἐν
1588 2300 1667 2366 τῷ
1715 2301 1960 2370 κινῆσαι

294 2384 512 2451 αὐτοὺς
534 2385 649 2439 ἀπὸ
673 2384 1002 2451 ἀνατολῶν,
1034 2382 1218 2455 εὖρον
1243 2390 1453 2444 πεδίον
1477 2393 1545 2445 ἐν
1574 2390 1650 2460 γῇ
1673 2390 1956 2460 Σενναὰρ,

296 2470 397 2525 καί
424 2470 782 2540 κατῴκησαν
801 2471 943 2527 ἐκεῖ.
977 2473 1119 2544 Ὅρα
1144 2475 1261 2539 πῶς
1293 2477 1434 2530 κατά
1480 2478 1671 2547 μικρὸν
1703 2479 1847 2548 ἡμᾶς
1884 2478 1960 2531 δι-

292 2558 484 2613 δάσκει
506 2563 603 2630 τῆς
651 2560 875 2631 γνώμης
920 2561 1099 2615 αὐτῶν
1148 2564 1209 2617 τὸ
1238 2565 1485 2619 ἄστατον.
1535 2566 1753 2637 Ἐπειδὴ
1798 2562 1956 2632 εἶδον,

295 2645 451 2715 φησὶ,
482 2644 631 2717 [296]
653 2645 713 2697 τὸ
731 2646 931 2711 πεδίον,
959 2650 1390 2717 μεταναστάντες
1440 2652 1532 2705 καὶ
1572 2653 1962 2717 καταλιπόντες

294 2733 394 2802 τὴν
431 2731 703 2803 προτέραν
743 2732 975 2804 οἴκησιν,
1012 2736 1128 2787 ἐκεῖ
1166 2736 1514 2807 κατῴκησαν.
1578 2735 1709 2795 Εἶτά
1763 2756 1959 2810 φησιν·

294 2815 480 2873 Εζτεν
532 2818 789 2885 ἕκαστος
828 2819 908 2885 τῷ
955 2821 1222 2887 πλησίον
1264 2822 1479 2878 αὐτοῦ·
1540 2826 1738 2891 Δεῦτε,
1786 2830 1962 2880 πλιν-

294 2906 601 2975 θεύσωμεν
649 2907 964 2974 πλίνθους,
1022 2909 1119 2961 καὶ
1167 2910 1522 2980 όπτήσωμεν
1570 2915 1755 2979 αὑτὰς
1794 2913 1955 2981 πυρί.

295 2993 404 3047 Kal
435 2993 669 3062 ἐγένετο
698 2993 900 3059 αὐτοῖς
934 2995 972 3061 ἡ
999 2996 1250 3061 πλίνθος
1271 2999 1358 3062 εἱς
1383 2999 1577 3063 λίθον,
1609 2999 1706 3051 καὶ
1733 2999 1961 3067 ἄσφαλ-

296 3096 399 3146 τος
434 3076 513 3150 ἦν
540 3078 742 3146 αὐτοῖς
770 3082 803 3133 ὁ
836 3081 1048 3148 πηλός.
1078 3083 1189 3135 Kal
1214 3080 1387 3137 εἶπον
1406 3102 1420 3115 ·
1461 3085 1658 3148 Δεῦτε,
1686 3086 1780 3139 καὶ
1801 3088 1958 3139 οἱκο-

294 3166 649 3238 δομήσωμεν
669 3167 905 3234 ἑαυτοῖς
938 3169 1141 3235 πόλιν,
1175 3170 1273 3225 καὶ
1317 3173 1565 3243 πύργον,
1607 3170 1679 3229 οὗ
1708 3174 1879 3227 ἔσται
1920 3174 1958 3242 ἡ

294 3255 527 3324 κεφαλὴ
562 3255 672 3322 ἕως
704 3255 806 3310 τοῦ
861 3257 1153 3324 οὐρανοῦ·
1198 3260 1297 3313 καὶ
1344 3262 1689 3331 ποιήσωμεν
1726 3261 1960 3328 ἑαυτοῖς

299 3340 485 3410 ὄνομα
530 3340 642 3410 πρὸ
690 3341 793 3395 τοῦ
824 3340 1229 3411 διὰσπαρῆναι
1272 3346 1430 3414 ἡμᾶς
1473 3348 1571 3400 ἐπὶ
1621 3349 1824 3415 πάσης
1849 3350 1959 3418 τῆς

296 3426 425 3497 γῆς.
458 3429 596 3498 Ὅρα
628 3428 743 3491 πῶς
771 3428 871 3481 οὐκ
894 3431 973 3492 είς
992 3430 1107 3483 δέον
1136 3432 1430 3503 ἐκέχρηντο
1449 3438 1514 3505 τῇ
1537 3436 1836 3506 ὁμοφωνίξι,
1867 3440 1960 3491 καὶ

294 3516 375 3568 ὅτι
405 3516 439 3585 ή
468 3515 670 3586 ματαία
694 3516 785 3570 τοῦ
827 3515 942 3585 βίου
972 3517 1162 3571 τούτου
1198 3518 1362 3591 βουλὴ
1399 3521 1606 3589 γίνεται
1630 3522 1739 3575 τῶν
1773 3522 1959 3577 κακῶν

295 3602 571 3667 ὑπόθεσις.
626 3604 823 3669 Δεῦτε,
880 3606 1052 3675 φησὶ,
1102 3605 1445 3675 ποιήσωμεν
1493 3609 1817 3675 πλίνθους,
1860 3610 1961 3664 καὶ

294 3688 652 3759 ὀπτήσωμεν
675 3692 861 3758 αὐτὰς
885 3693 1047 3759 πυρί.
1084 3692 1196 3744 Kal
1224 3692 1460 3761 ἐγένετο
1485 3694 1687 3759 αὐτοῖς
1716 3697 1753 3760 ἡ
1787 3697 1959 3748 πλίν-

294 3772 400 3835 θος
429 3772 517 3835 είς
552 3772 726 3825 λίθον
750 3812 766 3837 ,
819 3774 917 3827 καὶ
959 3772 1270 3841 ἄσφαλτος
1315 3771 1395 3843 ἦν
1432 3775 1635 3842 αὐτοῖς
1665 3779 1697 3829 ό
1740 3778 1955 3843 πηλός.

292 3855 495 3908 Σκόπει
521 3855 690 3927 πόσην
712 3858 1008 3926 ἀσφάλειαν
1045 3859 1327 3927 ἐπινοῆσαι
1379 3859 1652 3928 βούλονται
1676 3863 1738 3931 τῇ
1767 3863 1962 3915 οἰκοδο-

296 3946 413 4014 μῇ,
447 3944 546 3998 οὐκ
589 3945 790 4009 εἰδότες
835 3946 917 3998 ὅτι
946 3986 963 4011 ,
1008 3945 1148 3998 Ἐὰν
1185 3944 1271 4012 μὴ
1321 3946 1536 4014 Κύριος
1588 3947 1956 4019 οίκοδομήση

290 4032 480 4098 οἷκον,
501 4035 586 4097 είς
601 4030 802 4101 μάτην
830 4032 1168 4085 ἐκοπίασαν
1189 4034 1242 4084 οἱ
1266 4032 1719 4101 οἰκοδομοῦντες
1747 4037 1954 4092 αὐτόν.

291 4118 401 4171 Καὶ
439 4117 944 4187 οἰκοδομήσωμεν,
998 4119 1182 4188 φησὶν,
1228 4118 1463 4185 ἑαυτοῖς
1512 4121 1712 4187 πόλιν,
1741 4122 1838 4190 οὐχ
1875 4122 1957 4176 δτι

290 4203 430 4275 Θεῷ,
471 4203 584 4257 ἁλλ’
617 4203 903 4269 Ἐαυτοῖς.
938 4204 1081 4274 Ὅρα
1109 4205 1248 4276 πόση
1270 4204 1367 4275 τῆς
1397 4204 1591 4269 κακίας
1616 4208 1648 4277 ή
1685 4206 1954 4271 ἐπίτασιςο

291 4293 513 4347 ἔναυλον
551 4292 765 4363 ἔχοντες
792 4291 891 4363 τὴν
925 4294 1143 4365 μνήμην
1164 4296 1262 4365 τῆς
1297 4294 1689 4365 πανωλεθρίας
1715 4297 1952 4369 ἐκείνης,

290 4381 385 4435 ἐπὶ
410 4381 677 4453 τοσαύτην
710 4382 906 4452 μανίαν
948 4382 1258 4448 ἐξώκειλαν.
1296 4382 1406 4436 Kal
1447 4383 1952 4455 οίκοδομήσωμεν,

292 4470 478 4540 φησὶν,
513 4467 750 4535 ἑαυτοῖς
778 4469 957 4522 πόλιν
977 4469 1075 4523 καὶ
1093 4471 1342 4540 πύργον,
1368 4465 1439 4525 οὗ
1462 4469 1632 4525 ἔσται
1654 4474 1692 4541 ἡ
1715 4474 1951 4543 κεφαλὴ

290 4556 400 4622 ἕως
431 4556 537 4611 τοῦ
559 4556 838 4625 οὐρανοῦ.
859 4556 948 4627 Τῷ
966 4556 1187 4627 ὀνόματι
1209 4556 1299 4610 τοῦ
1322 4558 1601 4630 ούρανοῦή
1626 4558 1745 4613 θεία
1764 4560 1953 4633 Γραφὴ

288 4646 390 4714 τῆς
439 4644 645 4714 τόλμης
694 4644 875 4698 αὐτῶν
938 4642 1035 4715 τὴν
1074 4643 1377 4716 ὑπερϐολὴν
1413 4648 1545 4716 ἡμῖν
1599 4649 1950 4720 παραστῆσαι

292 4729 578 4801 ἐϐουλήθη.
631 4730 740 4785 Kal
799 4730 1160 4801 ποιήσωμεν,
1214 4733 1378 4801 φησιν
1401 4772 1417 4798 ,
1473 4733 1709 4799 ἑαυτοῖς
1743 4736 1952 4806 ὄνομα.

292 4814 446 4882 Εἶδες
466 4818 564 4890 τὴν
603 4819 756 4889 ῥίζαν
785 4822 882 4891 τῆς
917 4821 1149 4886 κακίας;
1179 4820 1316 4887 Ἵνα,
1344 4821 1496 4893 φησὶ,
1528 4824 1748 4894 μνήμης
1774 4826 1953 4896 διηνε-

292 4906 425 4969 κοῦς
450 4905 866 4977 ἀπολαύσωμεν,
896 4910 981 4962 ἵνα
1010 4911 1087 4972 είς
1120 4910 1181 4963 τὸ
1212 4909 1458 4981 διηνεκὲς
1489 4910 1702 4982 ἔχωμεν
1737 4931 1952 4984 μνημο-

290 4992 561 5047 νεύεσθαι.
586 4993 818 5061 Τοιαύτη
843 4994 996 5064 ἡμῶν
1031 4996 1183 5049 ἔσται
1236 4997 1270 5067 ή
1302 4997 1501 5068 πρᾶξις
1528 4999 1621 5052 καὶ
1672 4999 1734 5052 τὸ
1770 4999 1952 5072 ἔργον,

288 5081 366 5146 ώς
393 5082 660 5153 μηδέποτε
678 5082 819 5154 λήθῃ
846 5084 1333 5156 παραπεμφθῖψαι.
1363 5088 1476 5142 Καὶ
1505 5087 1662 5143 τοῦτο
1710 5092 1955 5161 ποιήσω-

293 5187 396 5241 μεν
417 5170 539 5238 Πρύ
566 5169 672 5224 τοῦ
699 5168 1101 5237 διασπαρῆναι
1126 5172 1222 5225 ἐπὶ
1245 5174 1569 5241 προσώπου
1600 5176 1806 5245 πάσης
1843 5177 1955 5245 τῆς

289 5248 425 5320 γῆς.
471 5250 558 5314 Ὠς
583 5248 682 5312 ἐτι,
707 5248 863 5318 φησὶ,
891 5248 1032 5302 κατά
1060 5248 1253 5305 ταύτόν
1283 5253 1469 5322 ἐσμεν,
1497 5255 1577 5316 είς
1614 5253 1775 5324 ἔργον
1814 5256 1954 5324 ἀγά-

289 5347 478 5401 γωμεν
510 5329 571 5383 τὸ
600 5330 756 5397 δόξαν
784 5330 938 5400 ἡμῖν,
971 5328 1056 5382 ἵνα
1090 5328 1427 5383 ἀδιάλειπτον
1474 5333 1693 5401 μνήμην
1731 5336 1953 5388 καταλί-

292 5426 484 5480 πωμεν
535 5410 655 5473 ταῖς
706 5409 787 5473 εἰς
835 5406 898 5459 τὸ
924 5406 1053 5476 ἐξῆς
1090 5408 1324 5474 γενεαῖς.
1368 5408 1487 5460 Εἰσὶ
1524 5409 1707 5463 πολλοὶ
1735 5413 1830 5465 καὶ
1859 5411 1953 5466 νῦν

288 5489 508 5551 τούτους
542 5487 886 5559 μιμούμενοι,
927 5485 1021 5540 καὶ
1059 5485 1168 5540 ἀπὸ
1190 5484 1443 5540 τοιούτων
1473 5487 1723 5557 πράξεων
1747 5507 1955 5562 μνημοο

290 5567 541 5621 νεύεσθαι
591 5565 951 5637 βουλόμενοι,
991 5564 1041 5617 ol
1092 5562 1193 5626 τάς
1242 5562 1501 5634 λαμπρὰς
1550 5566 1955 5637 οἰκοδομοῦντες

290 5647 487 5712 οἰκίας,
518 5646 615 5699 καὶ
649 5645 718 5699 τὰ
744 5645 965 5715 λουτρὰ,
987 5642 1082 5697 καὶ
1109 5641 1206 5704 τάς
1236 5642 1416 5707 στοάς,
1439 5644 1535 5697 καὶ
1570 5644 1695 5708 τοὺς
1721 5647 1954 5717 περιπάο

291 5744 434 5789 τους.
479 5726 607 5780 Ἐὰν
632 5725 740 5796 γάρ
762 5724 856 5778 καὶ
883 5724 1086 5778 τούτων
1112 5722 1341 5776 ἕκαστον
1370 5724 1654 5797 ἐρωτήσῃς
1677 5726 1818 5791 τίνος
1838 5729 1954 5782 ἔνι-

297 5821 391 5860 κεν
426 5806 575 5859 πονεῖ
598 5804 692 5860 καὶ
709 5802 1158 5880 ταλαιπωρεῖται,
1183 5800 1275 5878 καί
1301 5801 1564 5875 τοσαύτην
1594 5805 1953 5881 ἐπιδείκνυται

1421 269 1491 328 ΙΝ
1525 272 1677 330 CAP.
1712 270 1782 328 XI
1817 266 2062 329 GENES.
2101 267 2336 327 HOMIL.
2366 270 2534 328 XXX.

3620 272 3725 330 27B

2061 385 2360 455 χρημάτων
2384 385 2630 458 δαπάνην
2657 386 2737 451 είς
2763 385 2915 440 οὐδὲν
2943 386 3078 450 δέον,
3104 385 3256 441 οὐδὲν
3282 384 3469 458 ἕτερον
3491 388 3724 460 ἀκούσῃ,

2063 465 2096 537 ἢ
2129 467 2302 522 ταῦτα
2333 468 2401 522 τά
2421 469 2660 539 ῥήματα,
2704 468 2847 531 ὥστε
2867 470 2966 539 τήν
2995 470 3214 540 μνήμην
3246 470 3506 541 διηνεκῶς
3555 470 3723 533 σώζέ⁸

2065 553 2208 619 σθαι,
2238 555 2333 609 καὶ
2364 555 2580 610 ἀκούειν
2607 556 2689 609 ὅτι
2712 556 2805 610 τοῦ
2838 556 3006 620 δεῖνος
3037 559 3070 628 ή
3100 556 3269 625 οίκία,
3304 558 3394 609 καὶ
3435 557 3529 610 τοῦ
3557 557 3727 619 δεῖνος

2063 643 2093 696 ό
2124 644 2312 716 ἀγρός.
2356 644 2514 699 Ἀλλά
2558 645 2718 699 τοῦτο
2737 646 2836 699 οὐκ
2862 645 2977 699 ἔστι
3011 648 3229 719 μνήμης
3260 645 3561 711 ἀξιοῦσθαι,
3592 646 3727 699 ἀλλὰ

2067 730 2265 800 μᾶλλον
2322 732 2674 803 κατηγορίας.
2732 732 2946 797 Εὐθέως
2986 735 3094 804 γὰρ
3142 737 3254 797 τοῖς
3284 734 3462 801 λόγοις
3523 732 3727 797 τούτοις

2063 817 2443 889 ἐπεισέρχεται
2467 819 2560 874 καὶ
2591 820 2661 874 τά
2693 820 2901 892 μυρίων
2943 821 3285 892 κατηγοριῶν
3312 822 3437 886 ἀξια
3472 823 3724 893 ῥήματαο
3796 862 3806 868 .

2063 902 2155 956 τοῦ
2188 904 2358 970 δεῖνος
2387 906 2480 960 τοῦ
2505 906 2847 972 πλεονέκτου,
2868 906 2960 961 τοῦ
2999 906 3263 978 ἅρπαγος,
3296 907 3389 961 τοῦ
3428 911 3600 979 χήρας
3630 908 3726 962 καὶ

2063 989 2331 1060 ὀρφανοὺς
2356 991 2759 1063 γυμνώσαντος.
2813 994 2928 1048 Ούκ
2952 993 3065 1048 ἐστι
3112 995 3290 1048 τοίνυν
3315 995 3471 1049 τοῦτο
3506 997 3725 1066 μνήμης

2064 1076 2380 1142 ἀπολαύειν,
2410 1077 2544 1133 ἀλλά
2576 1081 2930 1152 κατηγορίαις
2970 1080 3238 1151 διηνεκέσι
3277 1080 3584 1150 βάλλεσθαι,
3630 1081 3724 1133 καὶ

2067 1162 2205 1233 μετά
2261 1163 2488 1219 θάνατον
2529 1166 2954 1237 στηλιτεύεσθαι,
3011 1167 3104 1220 καὶ
3161 1166 3259 1231 τὰς
3318 1165 3426 1219 τῶν
3473 1165 3724 1238 ὁρώντων

2066 1248 2309 1317 γλώττας
2372 1251 2574 1323 ἀκονᾷν
2630 1254 2711 1315 είς
2747 1252 3092 1323 βλασφημίαν
3124 1255 3219 1307 καὶ
3253 1253 3582 1324 κατηγορίαν
3628 1254 3722 1307 τοῦ

2065 1334 2235 1389 ταῦτα
2259 1338 2620 1408 κτησαμένου.
2646 1340 2709 1393 Εἰ
2742 1339 2799 1393 δέ
2833 1338 2967 1402 ὅλως
2996 1342 3214 1411 μνήμης
3244 1340 3373 1411 ἐρᾷς
3424 1339 3719 1410 διηνεκοῦς,

2062 1419 2174 1488 ἐγώ
2206 1438 2287 1476 σοι
2321 1423 2584 1489 ὑποδείξω
2604 1424 2740 1490 ὁδὸν,
2770 1426 2837 1480 δι’
2863 1420 2931 1498 ἧς
2951 1426 3153 1499 δυνήσῃ
3179 1427 3272 1479 καὶ
3294 1426 3723 1498 μνημονεύεσθαι

2060 1505 2149 1560 διά
2178 1507 2398 1575 παντὸς,
2439 1509 2532 1563 καὶ
2569 1511 2686 1580 μετ’
2732 1512 3007 1583 εὐφημίας
3037 1511 3238 1583 πολλῆς
3284 1512 3379 1567 καὶ
3412 1511 3610 1583 πολλήν
3641 1529 3724 1566 σοι

2061 1593 2162 1665 τὴν
2207 1596 2522 1668 παρρησίαν
2554 1598 2613 1651 ἐν
2647 1597 2727 1668 τῷ
2777 1599 3025 1668 μέλλοντι
3060 1598 3235 1670 καιρῷ
3282 1599 3555 1671 παρέξεις.
3598 1599 3721 1663 Πῶς

2061 1673 2153 1731 οὖν
2195 1679 2396 1753 δυνήσῃ
2445 1682 2540 1736 καὶ
2580 1683 3012 1754 μνημονεύεσθαι
3062 1685 3183 1738 καθ’
3220 1685 3454 1756 ἐκάστην
3487 1686 3719 1756 ἡμέραν,

2062 1766 2157 1819 καὶ
2179 1768 2292 1830 τοῖς
2332 1767 2624 1839 ἐγκωμίοις
2673 1769 2961 1839 βάλλεσθαι
3008 1772 3102 1825 καί⁵
3150 1772 3291 1849 ,μετά
3324 1772 3420 1843 τὴν
3444 1772 3543 1844 τῆς
3575 1772 3722 1843 ζωῆς

2065 1855 2394 1924 μετάστασιν
2416 1873 2431 1923 ;
2456 1856 2518 1910 El
2545 1861 2703 1913 ταυτὶ
2725 1858 2795 1914 τά
2821 1862 3076 1932 χρήματα
3101 1862 3179 1926 είς
3206 1862 3305 1924 τάς
3335 1863 3442 1915 τῶν
3474 1864 3721 1933 πενήτων

2060 1942 2341 2017 διανείμῃς
2391 1948 2600 2018 χεῖρας,
2638 1947 2796 2016 ἀφεὶς
2832 1950 2956 2012 τοὺς
2988 1948 3167 2013 λίθους
3199 1951 3293 2003 καὶ
3338 1951 3437 2013 τὰς
3476 1951 3721 2020 μεγάλας

2059 2031 2362 2101 οἰκοδομὰς,
2389 2034 2625 2098 καὶτοὺς
2649 2033 2796 2107 [297]
2814 2036 3030 2106 ἀγροὺς,
3062 2037 3152 2091 καὶ
3181 2037 3250 2089 τὰ
3273 2036 3547 2107 βαλανεῖα.
3572 2037 3720 2108 Λῦτη

2060 2116 2092 2187 ή
2130 2120 2316 2190 μνήμη
2340 2121 2623 2185 ἀθάνατος,
2652 2121 2788 2194 αὕτη
2819 2126 2851 2195 ἡ
2879 2125 3065 2194 μνήμη
3097 2124 3301 2195 μυρίων
3324 2142 3404 2177 σοι
3435 2124 3722 2196 θησαυρῶν

2060 2206 2317 2276 πρόξενος
2340 2208 2568 2277 γίνεται,
2601 2208 2739 2280 αὕτη
2772 2211 2805 2280 ή
2832 2212 3019 2284 μνήμη
3040 2211 3132 2264 τοῦ
3165 2212 3385 2282 φορτίου
3414 2211 3521 2264 τῶν
3552 2214 3725 2283 ἀμαρο

2058 2294 2317 2364 τημάτων
2351 2295 2701 2363 κουφίζουσα,
2747 2296 2947 2369 πολλήν
2988 2315 3069 2350 σοι
3116 2297 3211 2368 τὴν
3245 2298 3556 2370 παρρησίαν
3590 2316 3725 2371 προ-

2060 2379 2202 2443 ξενεῖ
2224 2380 2375 2451 παρὰ
2408 2380 2484 2451 τῷ
2515 2382 2782 2453 Δεσπότῃ.
2824 2383 3104 2452 Ἐννόησον
3126 2385 3233 2453 γάρ
3264 2402 3352 2455 μοι
3382 2384 3472 2438 καὶ
3495 2386 3632 2439 αὐτὰ
3656 2386 3725 2440 τὰ

2061 2469 2299 2538 ῥήματα,
2332 2468 2472 2540 ἆπερ
2506 2469 2734 2532 ἕκαστος
2771 2469 2951 2539 μέλλει
2987 2470 3187 2538 λέγειν.
3214 2473 3305 2525 τὸν
3333 2472 3600 2543 ἐλεήμονα
3633 2475 3725 2527 καὶ

2059 2555 2460 2626 φιλάνθρωπον,
2491 2554 2582 2608 τὶν
2611 2556 2849 2627 ἐπιεικῆ,
2882 2556 2973 2609 τὸν
3023 2557 3273 2630 χρηστὸν,
3306 2559 3397 2611 τὸν
3428 2560 3565 2629 μετά
3598 2560 3725 2613 πολ-

2058 2641 2154 2711 λῆς
2181 2641 2457 2710 δαψιλείας
2504 2641 2871 2710 διανείμαντα.
2933 2644 3297 2712 Ἐσκόρπισε
3328 2645 3436 2716 γὰρ
3458 2685 3475 2711 ,
3520 2648 3682 2718 φησὶν
3705 2688 3721 2713 ,

2058 2728 2243 2782 ἔδωκε
2272 2729 2395 2794 τοῖς
2419 2728 2703 2797 πένησιν·
2744 2730 2781 2797 ή
2813 2729 3164 2798 δικαιοσύνη
3208 2733 3394 2785 αὐτοῦ
3431 2732 3598 2801 μένει
3636 2738 3724 2801 είς

2060 2816 2167 2870 τὸν
2195 2815 2399 2870 αἰῶνα.
2459 2817 2709 2869 Τοιοῦτον
2738 2817 2845 2887 γὰρ
2878 2819 2906 2870 ὁ
2952 2818 3060 2870 τῶν
3107 2819 3405 2888 χρημάτων
3451 2820 3681 2885 πλοῦτος
3704 2838 3721 2854 ο

2064 2902 2486 2972 σκορπιζόμενος
2514 2902 2711 2973 μᾶλλον
2751 2903 3087 2974 παραμένειο
3128 2906 3475 2975 συνεχόμενος
3520 2907 3577 2960 δὲ
3628 2909 3723 2961 καὶ

2059 2988 2205 3042 ἔνδον
2233 2987 2650 3059 ἀποκλειόμενος
2679 2989 2774 3041 καὶ
2799 2992 2923 3053 τοὺς
2951 2990 3275 3060 κατέχοντας
3310 2993 3718 3050 συναπόλλυσιν.

2071 3078 2426 3144 Ἐσκόρπισε
2462 3077 2591 3148 γὰρ,
2630 3076 2813 3147 φησὶν,
2857 3076 3041 3130 ἔδωκε
3084 3079 3204 3143 τοῖς
3248 3078 3524 3147 πένησιν.
3581 3081 3722 3135 Ἀλλ⁹

2060 3162 2222 3216 ἄκουε
2244 3165 2334 3215 καὶ
2366 3164 2474 3217 τῶν
2502 3165 2627 3233 ἑξῆς
2648 3180 2661 3193 ·
2705 3165 2776 3217 Ἦ
2798 3164 3153 3233 δικαιοσύνη
3201 3167 3389 3221 αὐτοῦ
3429 3167 3596 3238 μένει
3636 3173 3721 3234 είς

2060 3250 2167 3304 τὸν
2190 3248 2394 3305 αἰῶνα.
2442 3251 2529 3305 Ἐν
2568 3253 2666 3323 μιᾷ
2699 3252 2882 3323 ἡμέρᾳ
2902 3252 2990 3307 τὸν
3023 3253 3247 3308 πλοῦτον
3291 3254 3602 3326 ἐσκόρπισε,
3628 3258 3721 3310 καὶ

2060 3341 2093 3409 ή
2121 3340 2427 3409 δικαιοσύνη
2455 3340 2620 3392 αὑτοῦ
2663 3341 2742 3403 είς
2775 3339 2949 3393 πάντα
2993 3340 3082 3396 τὸν
3128 3340 3296 3395 αἰῶνα
3329 3342 3592 3413 διαμένει,
3627 3346 3721 3398 καὶ

2056 3428 2155 3496 τὴν
2188 3426 2403 3495 μνήμην
2421 3425 2681 3479 ἀθάνατον
2707 3423 3016 3496 ἐργάζεται.

2128 3517 2198 3578 γ’.
2222 3508 2375 3575 Εἶδες
2393 3514 2611 3584 μνήμην
2626 3514 2789 3566 παντὶ
2800 3513 2874 3583 τῷ
2888 3513 3041 3567 αἰῶνι
3055 3517 3566 3589 παρεκτεινομένην;
3585 3515 3721 3583 εἶδες

2062 3600 2283 3671 μνήμην
2310 3601 2557 3669 μεγάλων
2591 3601 2683 3653 xal
2703 3601 3028 3672 ἀπορρήτων
3055 3604 3330 3673 γέμουσαν
3347 3606 3562 3672 ἀγαθῶν
3583 3623 3597 3672 ;
3623 3608 3720 3661 Διὰ

2058 3684 2309 3737 τοιούτων
2347 3686 2641 3755 οἰκοδομῶν
2689 3687 3119 3757 μνημονεύεσθαι
3185 3690 3594 3760 σπουδάζωμεν.
3653 3694 3722 3745 A‘l

2058 3771 2165 3843 γὰρ
2191 3771 2278 3824 διὰ
2314 3771 2422 3825 τῶν
2466 3772 2625 3825 λίθων
2655 3775 2715 3826 ού
2751 3774 2911 3843 μόνον
2951 3776 3096 3846 ἡμᾶς
3128 3775 3276 3829 οὐδὲν
3328 3776 3601 3848 ὠφελῆσαι
3629 3778 3724 3831 δύ-

2059 3876 2264 3921 νανται,
2300 3858 2435 3912 ἀλλὰ
2463 3859 2557 3911 καὶ
2588 3859 2709 3911 ἀντὶ
2757 3860 2956 3931 στήλης
2988 3861 3267 3929 διηνεκοῦς
3296 3863 3450 3935 ήμῶν
3493 3864 3720 3938 λαμπρᾷ

2057 3947 2122 4015 τῇ
2154 3948 2304 4016 φωνῇ
2329 3944 2655 3998 καταϐοῶσι.
2687 3945 2795 3998 Kal
2820 3946 2887 3999 τὰ
2912 3945 3011 4017 μὲν
3038 3949 3101 4001 ἐκ
3126 3947 3328 4001 τούτων
3348 3950 3717 4021 ἁμαρτήματα

2058 4032 2211 4085 αὐτοὶ⁹
2244 4031 2458 4102 ἔχοντες
2515 4031 2739 4102 ἄπιμεν,
2781 4032 2920 4086 αύτά
2961 4033 3017 4087 δέ
3039 4033 3426 4100 καταλιπόντες
3462 4037 3716 4104 ἐνταῦθα,

2056 4119 2177 4173 οὐδὲ
2208 4119 2310 4189 τῆς
2335 4118 2548 4192 ψυχρᾶς
2576 4119 2791 4190 ἐκείνης
2818 4120 2911 4173 καὶ
2946 4121 3201 4192 ἀνονήτου
3225 4123 3356 4193 παρ’
3385 4122 3562 4176 αὐτῶν
3590 4126 3720 4197 μνή-

2059 4223 2165 4277 μης
2192 4206 2486 4277 ἀξιούμεοα
2505 4223 2518 4235 ·
2549 4206 2685 4260 ἀλλά
2719 4210 2835 4271 ταῖς
2861 4207 2961 4278 μὲν
2988 4209 3352 4280 κατηγορίαις
3389 4208 3716 4281 βαλλόμεθα,

2056 4295 2090 4364 ή
2109 4294 2165 4346 δὲ
2194 4292 2534 4364 προσηγορία
2565 4294 2882 4364 μεθίσταται
2905 4294 3108 4359 εὐθέως
3128 4297 3207 4359 είς
3237 4295 3441 4366 ἕτερον.
3472 4298 3583 4350 Kal
3609 4298 3717 4369 γὰρ

2054 4377 2225 4444 οὕτως
2254 4380 2398 4451 ἔχει·
2433 4380 2541 4433 ἀπὸ
2566 4380 2755 4434 τούτου
2782 4383 2860 4445 εἰς
2882 4381 3066 4453 ἕτερον
3099 4383 3432 4452 μεταϐαίνει,
3483 4385 3573 4437 καὶ
3620 4386 3716 4438 ἀπ’

2054 4468 2264 4521 ἐκείνου
2290 4470 2369 4530 είς
2398 4466 2554 4522 ἀλλον
2581 4468 2763 4522 πάλιν.
2813 4468 2925 4521 Καὶ
2958 4454 3214 4540 ’σήμερον
3243 4470 3340 4540 μὲν
3373 4471 3407 4541 ή
3432 4470 3574 4523 οἰκία
3598 4471 3717 4524 ἐλέ-

2054 4571 2182 4624 γετο
2204 4555 2297 4608 τοῦ
2326 4555 2513 4620 δεῖνος,
2543 4554 2730 4626 αὕριον
2752 4555 2808 4608 δὲ
2837 4554 2931 4607 τοῦ
2950 4554 3137 4621 δεῖνος,
3170 4556 3263 4609 καὶ
3296 4556 3557 4628 μετά,τὴν
3586 4559 3714 4629 ἐξῆς

2055 4640 2216 4694 πάλιν
2258 4640 2468 4712 ἐτέρου.
2498 4642 2604 4695 Καὶ
2634 4641 2927 4712 ἁπατῶμεν
2960 4642 3174 4706 ἑκόντες
3202 4643 3446 4710 ἐαυτοὺς,
3481 4644 3719 4714 νομίζον-

2052 4745 2142 4792 τες
2168 4727 2484 4781 δεσποτείαν
2527 4727 2648 4783 τινὰ
2673 4728 2993 4799 κεκτῆσθαι,
3048 4729 3147 4782 οὐκ
3198 4729 3398 4793 εἰδότες
3433 4731 3515 4783 ὄτι
3555 4730 3717 4801 μόνον

2054 4820 2153 4888 τῆς
2180 4817 2427 4887 χρήσεως
2454 4814 2817 4885 ἀπολαύομεν,
2850 4815 2943 4869 καὶ
2977 4816 3191 4877 ἑκόντες
3217 4815 3311 4867 καὶ
3348 4816 3569 4878 ἄκοντες
3599 4815 3716 4868 ἐτέ-

2058 4921 2170 4973 ροις
2194 4903 2395 4957 τούτων
2420 4901 2881 4974 παραχωροῦμεν’
2917 4903 2999 4955 ὅτι
3032 4901 3140 4972 γὰρ
3190 4903 3285 4954 καὶ
3312 4896 3393 4963 οἷς
3440 4900 3501 4953 οὐ
3529 4902 3715 4972 βουλό-

2057 4990 2216 5063 μεθα,
2249 4991 2405 5045 τοῦτο
2431 4990 2570 5053 τέως
2600 4990 2859 5060 παρίημι.
2892 4989 3069 5052 Ὅλως
3091 4989 3147 5042 δὲ
3193 4990 3242 5041 εἰ
3270 4989 3490 5060 μνήμης
3520 4989 3714 5043 ἐπιθυ-

2057 5082 2199 5149 μείς,
2238 5079 2333 5132 καὶ
2354 5076 2511 5131 τοῦτό
2538 5093 2619 5129 σοι
2641 5074 3123 5146 περισπούδαστον,
3140 5075 3304 5129 ἄκουε
3335 5074 3453 5138 πῶς
3477 5076 3533 5129 al
3548 5077 3715 5148 χῆραι

2056 5166 2361 5238 ἐμέμνηντο
2389 5167 2487 5235 τῆς
2516 5162 2776 5227 Ταϐιθᾶς,
2798 5162 2891 5215 καὶ
2918 5161 3035 5225 πῶς
3069 5161 3161 5215 τὸν
3191 5162 3394 5233 Πέτρον
3427 5165 3715 5236 περιεστή-

2054 5271 2243 5308 κεισαν
2270 5252 2550 5307 κλαίουσαι
2577 5251 2670 5304 καὶ
2717 5248 3158 5320 ἐπιδεικνύμεναι
3186 5248 3418 5319 χιτῶνας
3448 5250 3545 5304 καὶ
3598 5251 3715 5322 ἱμά-

2053 5358 2164 5403 τια,
2189 5341 2290 5395 ὅσα
2315 5338 2485 5392 ἐποίει
2518 5336 2634 5407 μετ’
2655 5335 2834 5390 αὐτῶν
2861 5332 2996 5388 οὖσα
3023 5335 3057 5405 ἡ
3082 5336 3312 5405 Δορκάς.
3366 5331 3520 5399 Εἶδες
3570 5336 3715 5389 οἰκο-

2053 5419 2220 5491 δομάς
2246 5416 2520 5489 ἐμψύχους
2555 5416 2737 5485 φωνὰς
2780 5414 3030 5484 ἀφιείσας
3053 5454 3069 5480 ,
3108 5416 3202 5469 καὶ
3251 5413 3520 5482 τοσαύτην
3562 5414 3713 5483 ἰσχὺν

2055 5498 2303 5570 ἐχούσας,
2343 5496 2419 5559 ὡς
2447 5496 2542 5549 καὶ
2596 5494 2704 5549 ἀπὸ
2741 5493 2973 5547 θανάτου
3016 5496 3097 5557 εἰς
3136 5494 3281 5564 ζωήν
3312 5494 3710 5570 ἐπαναγαγετνς

2067 5569 2284 5648 Ἐπειδὴ
2299 5575 2424 5648 ῌγάρ
2453 5574 2816 5648 περιέστησαν
2847 5572 2937 5626 τὸν
2963 5572 3208 5648 ΔΠέτρον.
3267 5572 3361 5648 καὶ
3387 5572 3455 5648 τά
3503 5569 3713 5648 δάκρυα

2058 5645 2237 5717 θερμά
2263 5637 2502 5714 ἐξέχεαν,
2525 5637 2630 5714 ’τὴν
2658 5637 2865 5713 τροφὴν
2895 5642 2988 5696 καὶ
3021 5637 3119 5713 τὴν
3146 5641 3406 5712 χορηγίαν
3425 5637 3714 5717 ἐπιζητοῦ-

2061 5714 2173 5792 σαι,
2203 5722 2446 5779 ἐκϐαλὼν
2478 5722 2708 5785 πάντας,
2743 5720 2927 5792 φησὶν,
2957 5722 2985 5773 ό
3013 5722 3237 5790 Πέτρος,
3273 5717 3387 5779 θεὶς
3414 5715 3483 5768 τά
3512 5714 3714 5792 γόνατα

2062 5790 2426 5875 προσηύξατο,
2460 5801 2553 5858 καὶ
2573 5790 2883 5873 ἀναστήσας
2905 5796 3074 5866 αὐτὴν
3095 5794 3338 5864 ἐφώνησε
3366 5792 3491 5856 τοὺς
3527 5790 3717 5859 ἁγίους
