4066 6140
437 311 540 366 9.77

431 425 573 480 cavit
615 431 828 480 sanctos
867 429 921 477 et
960 420 1165 486 viduas,
1209 427 1264 477 et
1301 419 1533 475 reddidit
1560 434 1680 477 eam
1708 419 1905 474 vivam.
1948 419 2009 474 Si

434 515 747 571 memoriam
769 513 983 584 quaeris,
1011 513 1060 569 si
1084 527 1264 569 veram
1292 511 1514 581 gloriam
1531 525 1705 577 amas,
1734 509 1873 564 hanc
1898 508 2016 566 imi-

434 618 579 671 tare,
609 606 742 661 tales
766 605 956 661 domus
980 613 1199 659 exstrue
1219 644 1233 668 ,
1265 603 1374 657 noli
1411 611 1660 670 sumptus
1691 609 1811 655 suos
1839 597 2012 656 inani-

435 700 590 756 matis
624 696 952 768 impendere,
977 695 1075 752 sed
1103 710 1224 750 cum
1255 695 1361 752 illis
1386 695 1476 764 qui
1501 693 1741 764 ejusdem
1766 700 1893 746 sunt
1916 705 2016 762 ge-

433 791 578 845 neris
627 786 1047 844 miscricordiam
1099 787 1277 843 tacito.
1332 785 1458 841 llaec
1508 783 1665 839 laude
1717 782 1879 854 digna
1933 791 2017 836 est

429 882 712 946 memoria,
745 881 858 936 haec
895 893 1146 952 magnum
1191 877 1397 934 lucrum
1433 875 1608 931 aliert.
1649 873 1913 928 Caeterum
1947 871 2016 928 ad

434 975 739 1030 institutum
771 972 1054 1028 redeamus
1075 1011 1090 1036 ,
1123 979 1178 1026 et
1203 968 1478 1024 videamus
1505 967 1716 1021 illorum
1757 965 2014 1031 virorum,

434 1067 520 1135 qui
551 1075 674 1118 tunc
699 1073 872 1128 erant,
900 1061 1199 1119 audaciam.
1241 1059 1457 1114 Illoan
1486 1057 1630 1114 enim
1665 1055 2014 1122 all‘ectiones,

436 1169 654 1226 nostrae,
687 1159 733 1213 si
763 1172 950 1227 sapere
996 1154 1340 1217 voluerimus,
1367 1149 1729 1208 emendationi
1756 1150 2016 1204 serviunt.

434 1254 488 1308 4.
523 1250 585 1304 Et
630 1251 960 1318 wdiﬁccmus,
1005 1249 1194 1318 inquit,
1242 1246 1386 1300 nobis
1425 1245 1703 1310 civitatem,
1732 1251 1779 1297 et
1818 1241 2015 1304 turrim,

433 1344 580 1413 cujus
609 1350 762 1411 caput
786 1341 878 1394 erit
904 1355 1058 1410 usque
1076 1339 1130 1393 iu
1157 1337 1358 1400 caelum,
1387 1345 1434 1390 et
1459 1335 1710 1405 [acianuts
1738 1332 1880 1388 nobis
1893 1333 2019 1402 ipsis

436 1450 617 1487 nomen
662 1433 955 1502 priusquam
1000 1431 1352 1500 disperguntur
1391 1443 1546 1497 super
1597 1435 1802 1481 terram.
1857 1423 2019 1480 Vides

437 1525 705 1596 quomodo
730 1525 1130 1594 corruptionem
1156 1522 1350 1576 anima:
1378 1535 1489 1576 sua:
1524 1519 1718 1590 ubique
1743 1517 2016 1572 exhibent.

441 1621 506 1673 Et
551 1619 898 1686 azdiﬁcemus,
940 1616 1131 1685 inquit,
1177 1613 1318 1668 uobis
1355 1612 1644 1667 civitatem:
1671 1617 1726 1666 et
1767 1609 1960 1662 iterum
2005 1624 2019 1661 :

440 1712 714 1768 Faciamus
734 1709 874 1763 nobis
897 1708 1026 1776 ipsis
1049 1722 1249 1760 nomen.
1280 1703 1408 1759 Vide
1433 1700 1702 1773 quomodo
1719 1701 1880 1756 etiam
1904 1709 2024 1768 post

439 1803 748 1872 generalem
776 1801 1016 1855 omnium
1058 1797 1332 1852 interitum
1361 1810 1470 1850 non
1508 1795 1716 1849 minora
1760 1792 1898 1849 mala
1927 1806 2022 1860 ag—

433 1893 766 1964 grediantur.
799 1890 936 1958 Quid
976 1905 1104 1960 ergo
1133 1889 1267 1944 ﬁet?
1296 1887 1564 1957 quomodo
1599 1885 1667 1940 ab
1696 1885 1900 1941 insania
1927 1896 2022 1937 sua

446 1982 840 2054 reprimuntur?
865 1981 1143 2037 Pollicitus
1162 1989 1248 2035 est
1277 1980 1438 2042 Deus,
1470 1992 1528 2032 se
1557 1991 1664 2031 non
1691 1976 1830 2030 ultra
1855 1975 2023 2028 lactu-

441 2093 556 2133 rum
581 2076 865 2140 diluvium,
905 2074 1159 2128 nimirum
1189 2070 1574 2126 misericordiae
1599 2083 1710 2123 sua:
1737 2075 2026 2123 consuetu-

435 2170 619 2223 dinem
648 2182 873 2223 servans
897 2184 910 2220 :
937 2167 1010 2221 illi
1034 2175 1215 2221 autem
1239 2179 1414 2233 neque
1439 2163 1611 2232 pretiis
1631 2159 2025 2219 ernendatiores

441 2260 563 2315 lacti
591 2269 736 2326 sunt,
766 2274 940 2328 neque
969 2256 1242 2314 beneliciis
1271 2256 1541 2311 meliores.

514 2351 635 2406 Non
677 2361 790 2406 sunt
817 2361 999 2404 temere
1023 2349 1393 2404 condemnandi
1422 2347 1628 2416 (renes,
1656 2361 1816 2416 neque
1839 2359 1903 2400 ea:
1928 2359 2027 2396 au-

441 2445 551 2498 ditu
587 2444 946 2516 judicandum.
972 2472 1045 2483 —
1069 2442 1206 2498 Audi
1229 2456 1348 2511 qua:
1389 2449 1722 2510 sequuntur,
1748 2446 1808 2494 ut
1848 2437 2027 2492 discas

443 2535 729 2591 int-ﬂabilis
773 2534 1162 2590 misericordis
1210 2533 1303 2588 Dei
1351 2530 1797 2602 magnitudinem.
1851 2529 1909 2585 5.
1961 2526 2026 2582 Et

445 2627 722 2690 descendit,
755 2626 944 2694 inquit,
978 2623 1230 2678 Dominus
1258 2622 1396 2676 Deus
1417 2663 1431 2688 ,
1456 2631 1512 2676 ut
1539 2621 1728 2675 videret
1753 2620 2025 2683 civitatem,

447 2731 494 2774 et
521 2719 727 2783 turrim,
754 2733 908 2788 quam
935 2715 1252 2783 redi/icabant
1285 2714 1382 2782 ﬁlii
1421 2713 1700 2766 hominum.
1734 2709 1870 2764 Vide
1895 2723 2031 2776 quo-

441 2810 604 2866 modo
628 2810 858 2862 hmnano
888 2821 1038 2862 more
1078 2805 1352 2876 Scriptura
1385 2804 1638 2873 loquitur.
1661 2800 1732 2856 Et
1752 2800 2027 2864 descendit,

448 2907 644 2976 inquit,
679 2903 930 2959 Dominus
956 2901 1126 2965 Deus;
1153 2915 1261 2955 non
1307 2906 1365 2954 ut
1394 2898 1627 2952 humano
1655 2895 1816 2949 modo
1839 2892 2030 2948 intelli-

439 3014 653 3070 gamus,
681 2996 777 3053 sed
804 3005 864 3051 ut
891 3010 986 3065 per
1011 2993 1116 3048 hoc
1143 2989 1468 3056 erudiamur,
1503 3000 1792 3056 numquam
1825 2993 2032 3038 temere

445 3092 638 3146 lintres
665 3084 1122 3151 condemnandos,
1153 3095 1330 3153 neque
1349 3079 1530 3136 auditu
1549 3077 1666 3133 solo
1685 3072 2031 3146 iudicandum

443 3197 587 3247 esse,
620 3180 724 3236 nisi
753 3177 998 3248 pluribus
1023 3173 1356 3246 argumentis
1382 3169 1531 3240 prius
1558 3168 1689 3224 certi
1715 3166 2028 3224 reddamur.

447 3273 634 3330 Omnia
656 3274 797 3327 enim
821 3286 855 3326 a
886 3271 995 3324 Deo
1023 3267 1143 3323 ideo
1169 3267 1317 3329 liunt,
1339 3271 1394 3319 et
1417 3263 1489 3318 ob
1509 3262 1612 3317 hoc
1637 3269 1784 3315 tanta
1810 3257 1877 3314 ad
1907 3272 2032 3314 eru-

445 3365 702 3420 diendum
745 3363 1033 3417 humanum
1061 3372 1230 3428 genus
1264 3357 1430 3410 utitur
1471 3351 1738 3409 sermonis
1772 3359 2035 3417 attempe-

450 3459 678 3512 ratione.
736 3453 805 3510 Et
849 3452 1135 3516 descendit,
1195 3448 1398 3518 inquit,
1447 3445 1700 3499 Dominus
1748 3440 1922 3505 Deus,
1978 3447 2034 3492 ut

455 3551 642 3604 videret
669 3548 919 3602 ciuitatem
945 3554 992 3598 et
1022 3543 1218 3597 turrim.
1257 3539 1388 3594 Vide
1414 3535 1682 3608 quomodo
1705 3549 1814 3589 non
1853 3532 2033 3586 statim

451 3644 520 3696 ab
552 3641 701 3696 initio
727 3640 940 3694 illorum
967 3635 1210 3707 reprimit
1237 3633 1522 3699 insaniam,
1554 3628 1649 3685 sed
1675 3628 1925 3683 diuturna
1953 3625 2033 3680 le-

452 3737 622 3789 nitate
663 3735 850 3799 utitur,
899 3739 953 3785 et
997 3734 1274 3798 exspectat
1306 3725 1478 3779 donec
1515 3735 1730 3776 onmem
1777 3717 2035 3773 malitiam

455 3841 605 3881 suam
642 3838 805 3893 opere
845 3821 1140 3885 declarent,
1189 3824 1246 3873 et
1285 3825 1414 3871 tunc
1455 3823 1678 3870 conatus
1715 3824 1900 3866 eorum
1939 3809 2037 3862 im-

455 3916 602 3985 pedit
650 3914 724 3968 Ne
747 3913 888 3967 enim
917 3912 1036 3982 quis
1061 3909 1244 3964 dicere
1261 3907 1452 3978 possit,
1473 3904 1796 3959 deliberasse
1819 3900 2038 3970 quidem

458 4008 596 4071 illos,
623 4005 717 4059 sed
763 4021 881 4073 qua:
917 4003 1302 4064 decreverant,
1331 3999 1384 4052 in
1423 4011 1693 4066 opusnon
1729 3993 2036 4060 deduxisse,

459 4099 796 4168 prmstoiatur
833 4095 1006 4150 donec
1062 4091 1244 4145 animo
1291 4089 1617 4144 destinatum
1669 4099 1804 4155 opus
1847 4097 2038 4153 aggre-

462 4189 709 4251 diantur,
741 4196 798 4239 ut
836 4195 962 4238 tunc
999 4189 1263 4237 monstret
1299 4179 1378 4236 eis
1417 4193 1576 4249 quam
1619 4176 1824 4234 inutilia
1869 4185 2042 4232 atten-

462 4282 642 4335 tarint.
677 4278 744 4332 Et
783 4277 1060 4344 descendit,
1094 4275 1296 4346 inquit,
1327 4273 1576 4328 Dominus
1601 4277 1759 4332 Deus.
1777 4279 1831 4324 ut
1855 4269 2042 4325 videret

457 4374 733 4437 civitatum,
760 4387 822 4424 ac
851 4370 1059 4434 turrim,
1088 4385 1241 4438 quam
1272 4367 1597 4435 cediﬁcabant
1637 4364 1731 4431 ﬁlii
1757 4363 2039 4418 hominum.

462 4462 595 4518 Vide
621 4459 1004 4517 misericordia:
1030 4457 1436 4514 excellentiam:
1468 4455 1710 4526 permisit
1744 4453 1863 4508 illos
1889 4452 2041 4507 labo-

463 4557 609 4610 rilms
635 4569 754 4610 sese
782 4551 1040 4624 afﬂigere,
1066 4560 1124 4607 ut
1140 4566 1317 4606 rerum
1340 4547 1672 4619 esperientia
1700 4544 2042 4618 praeceptoris

464 4652 581 4704 loco
621 4648 725 4704 illis
757 4654 922 4703 esset.
973 4643 1043 4698 Et
1085 4644 1337 4713 quoniam
1371 4641 1503 4696 vidit
1545 4639 1803 4695 malitiam
1839 4637 2044 4692 invale-

463 4757 630 4807 scere,
661 4751 716 4798 et
743 4739 988 4796 morbum
1026 4736 1260 4802 intendi,
1289 4751 1394 4790 non
1436 4747 1606 4804 usque
1633 4732 1702 4787 ad
1737 4730 1896 4787 ﬁnem
1926 4745 2046 4801 per-

465 4837 649 4902 mittit,
677 4835 771 4889 sed
794 4849 943 4888 suam
965 4831 1202 4887 declarat
1225 4829 1516 4885 bonitatem
1548 4844 1562 4880 :
1593 4823 2044 4896 quemadmodum

466 4927 702 4981 medicus
727 4925 899 4979 bonus
922 4923 1109 4980 videns
1135 4921 1380 4978 morbum
1405 4919 1608 4990 augeri,
1637 4928 1692 4973 et
1711 4917 1863 4973 ulcus
1893 4916 2044 4969 ineu-

466 5017 633 5073 rabile
661 5017 796 5082 lieri,
833 5015 1010 5070 statim
1054 5015 1295 5070 sectione
1319 5013 1512 5077 utitur,
1547 5019 1604 5066 ut
1628 5023 1844 5065 omnem
1872 5005 2044 5062 morbi

465 5124 685 5165 causam
735 5108 900 5165 tollat.
934 5107 986 5162 ϐ.
1034 5106 1101 5160 Ει
1138 5106 1290 5174 dixit,
1335 5105 1525 5175 inquit,
1571 5103 1821 5156 Dominus
1861 5100 1998 5154 Deus
2025 5113 2046 5154 :

472 5203 602 5257 Ecce
629 5217 786 5272 genus
817 5216 971 5253 unum
999 5208 1047 5252 et
1080 5198 1267 5252 labium
1303 5213 1465 5252 unum
1490 5197 1714 5252 omnium
1739 5211 1758 5248 :
1801 5195 1901 5248 hoc
1932 5201 2044 5257 est,

469 5313 574 5351 vox
597 5311 698 5350 una
726 5301 781 5350 et
805 5293 981 5363 lingua
1006 5307 1131 5346 una.
1159 5292 1224 5345 Et
1251 5292 1344 5345 hoc
1361 5300 1615 5361 coeperunt
1637 5294 1822 5361 facere,
1841 5299 1889 5342 et
1913 5304 2048 5341 nunc

468 5407 568 5445 non
595 5388 861 5443 cessabunt
887 5385 950 5439 ab
978 5386 1041 5439 iis
1063 5399 1174 5455 qua
1197 5385 1516 5438 decreverunt
1545 5384 1726 5451 facere.

538 5485 593 5538 4.
633 5483 776 5538 Solet
824 5480 959 5534 Deus
994 5479 1269 5532 admonere
1313 5488 1583 5547 antequam
1625 5475 1821 5545 puniat.
1849 5501 1920 5514 --
1949 5474 2046 5527 At-

471 5574 628 5629 tende
661 5572 868 5626 Domini
905 5568 1348 5625 misericordiam.
1388 5567 1649 5634 Quoniam
1690 5575 1914 5619 conatus
1942 5565 2046 5618 im-

473 5667 750 5737 pediturus
774 5674 907 5730 erat,
952 5664 1180 5735 primum
1219 5661 1585 5732 purgationem
1631 5659 1730 5714 sibi
1775 5667 1956 5729 parat,
1995 5669 2049 5714 et

473 5758 624 5831 quasi
650 5756 880 5815 ostendit
915 5754 1117 5828 peccati
1145 5768 1331 5811 eorum
1377 5751 1791 5823 magnitudinem
1815 5792 1828 5817 ,
1861 5759 1914 5807 et
1945 5751 2044 5806 im-
2097 5787 2102 5794 -

1452 304 1513 361 ΙΝ
1549 303 1704 362 CAP.
1745 302 1836 359 XI.
1880 302 2123 362 GENES.
2165 305 2394 374 liOMlL,
2436 309 2597 371 XXX.

3599 333 3703 392 278

2129 423 2412 524 probitatis
2437 441 2748 524 excessum,
2769 430 3020 504 ipsosque
3055 436 3253 493 abusos
3287 455 3408 497 esse
3434 443 3626 515 lingua:
3649 461 3708 507 et

2127 519 2276 568 vocis
2317 519 2687 573 cortsonautia.
2720 519 2850 576 Ecce
2886 525 3064 590 enim,
3099 528 3302 598 inquit,
3341 550 3498 602 genus
3545 555 3704 594 unum

2122 609 2169 652 et
2225 602 2415 658 labium
2461 623 2615 662 unum
2653 613 2897 667 ontnium.
2948 614 3017 669 Et
3059 617 3153 671 hoc
3186 635 3445 690 creperum
3499 631 3700 697 facere,

2119 699 2170 744 et
2397 712 2496 789 non
2544 699 2808 756 cessabunt
2859 703 2925 757 ab
2974 707 3039 761 iis
3077 725 3191 776 qua
3243 711 3566 771 decreuerunt
3622 722 3704 789 {u-

2119 796 2252 838 cae.
2282 783 2377 838 llic
2394 787 2537 842 enim
2567 789 2657 844 Dei
2686 807 2804 846 tuos
2822 803 2928 862 est,
2960 809 3016 849 ut
3038 799 3316 866 pusiiturus
3344 805 3490 872 prius
3508 783 3708 864 indicet

2122 891 2281 945 quam
2311 893 2502 949 magna
2528 882 2632 937 sint
2659 896 2875 953 peccata
2893 929 2908 954 ,
2941 899 2996 943 et
3021 892 3184 946 veluti
3209 894 3580 954 defensionem
3611 903 3710 955 ali-

2119 981 2282 1036 quam
2303 969 2402 1025 sibi
2425 981 2598 1040 parct,
2627 990 2688 1032 ac
2714 985 2840 1032 tunc
2871 979 3082 1036 tandem
3108 987 3381 1055 corripiat.
3404 989 3536 1043 Nam
3566 999 3709 1046 tcm~

2121 1072 2254 1149 pore
2276 1059 2493 1128 diluvii,
2546 1079 2669 1121 cum
2713 1070 2984 1125 terribiles
3027 1073 3142 1129 illas
3186 1077 3360 1131 minas
3399 1079 3706 1149 intentat-et,

2123 1147 2254 1204 dicit
2289 1151 2565 1222 Scriptura
2612 1175 2624 1210 :
2660 1156 2728 1212 Ut
2763 1169 2930 1214 autem
2975 1163 3098 1219 vidit
3135 1165 3296 1233 Deus,
3347 1171 3485 1238 quod
3530 1147 3708 1225 multi-

2121 1239 2325 1332 plicata:
2351 1253 2468 1296 sunt
2494 1245 2705 1302 maliliw
2742 1249 3022 1316 hominum,
3051 1263 3100 1306 et
3143 1260 3482 1328 unusquisque
3519 1263 3709 1332 cogitat

2121 1329 2176 1420 in
2197 1331 2347 1386 corde
2371 1349 2465 1388 suo
2491 1335 2758 1406 diligenter
2777 1341 2831 1394 in
2853 1340 2992 1396 mala
3013 1360 3047 1396 a
3064 1344 3329 1412 iuuentute
3359 1348 3512 1419 (Gen.
3624 1353 3704 1420 5).

2126 1419 2314 1476 Vidisti
2338 1426 2608 1494 quomodo
2635 1429 2783 1497 prius
2810 1433 3122 1488 monstravit
3147 1437 3362 1493 nmlitia:
3384 1455 3569 1494 eorqu
3595 1419 3712 1496 ma-

2119 1513 2455 1580 gnitudinem
2474 1556 2490 1582 ,
2521 1525 2576 1575 et
2615 1530 2801 1587 pOStea
2845 1521 2972 1578 dicit
3000 1541 3012 1577 :
3036 1522 3225 1580 Delebo
3268 1527 3520 1583 hominem
3547 1531 3708 1601 (Ibid.

2125 1620 2173 1661 ν.
2200 1606 2299 1670 'l)?
2326 1607 2400 1663 lla
2435 1617 2493 1664 et
2519 1625 2661 1667 nunc
2687 1629 2700 1664 :
2730 1612 2861 1666 Ecce
2891 1631 3048 1683 genus
3075 1633 3232 1670 unum
3263 1628 3309 1672 et
3337 1620 3529 1676 latium
3551 1639 3712 1677 unum

2124 1700 2374 1766 omnium,
2421 1702 2591 1757 ethoc
2635 1715 2892 1773 ceperunt
2921 1707 3110 1775 facere.
3151 1709 3207 1765 Si
3236 1725 3362 1766 cum
3406 1723 3549 1769 tanta
3585 1732 3714 1772 con-

2125 1790 2331 1855 cordia,
2362 1800 2419 1846 ct
2462 1793 2654 1862 linguae
2693 1796 2898 1851 unitate
2945 1798 2998 1852 in
3037 1807 3238 1855 tantam
3283 1803 3584 1860 inciderunt
3629 1811 3713 1862 in-

2126 1884 2372 1940 Saniam:
2401 1885 2488 1939 ubi
2527 1895 2740 1954 tempus
2786 1892 3132 1956 processerit,
3175 1895 3445 1964 quomodo
3489 1913 3594 1952 non
3621 1899 3716 1954 de-

2127 1977 2326 2033 teriora
2363 1981 2736 2037 attentabunt‘!
2762 1983 2884 2039 Non
2925 1987 3186 2041 cessabunt
3224 1990 3369 2045 enim
3407 1993 3472 2045 ab
3515 1993 3577 2046 iis
3603 2010 3720 2063 quae

2127 2068 2456 2126 decreverunt
2483 2077 2652 2142 facere
2676 2090 2695 2128 :
2722 2077 2854 2131 nihil
2882 2093 3067 2132 eorum
3099 2080 3354 2150 impetum
3383 2093 3440 2138 et
3467 2084 3715 2140 ardorem

2127 2164 2331 2219 morari
2357 2168 2572 2235 poterit,
2592 2167 2686 2224 sed
2709 2171 2886 2223 omnia
2908 2188 3026 2240 quae
3047 2182 3353 2228 statuerunt
3371 2191 3575 2242 secum,
3603 2187 3716 2231 stn-

2123 2255 2331 2310 debunt
2381 2259 2661 2329 perﬁcere,
2709 2262 2763 2317 ni
2812 2265 2991 2318 statim
3041 2280 3139 2334 pro
3177 2269 3459 2323 attentatis
3502 2284 3718 2338 prauam

2129 2348 2299 2404 luant.
2329 2349 2384 2404 ω
2416 2367 2630 2422 quoque
2675 2355 2908 2410 inveniet
2951 2357 3144 2426 aliquis
3180 2367 3239 2414 et
3279 2359 3347 2414 de
3385 2363 3719 2430 protoplasto

2128 2439 2332 2495 factum
2385 2456 2527 2498 esse.
2553 2443 2838 2514 Ejecturus
2873 2447 3020 2502 enim
3050 2448 3194 2502 illum
3239 2449 3379 2504 Deus
3413 2465 3448 2503 a
3487 2451 3718 2519 paradisi

2129 2532 2366 2588 incolatu
2387 2575 2402 2599 ,
2444 2536 2554 2600 ait,
2589 2538 2716 2604 Quis
2761 2540 3077 2593 annuntiavit
3109 2540 3195 2593 tibi
3224 2541 3356 2608 quod
3381 2542 3548 2595 nudus
3588 2558 3721 2596 esses

2129 2623 2296 2693 (Ibid.
2327 2627 2381 2679 3.
2417 2627 2504 2696 ll)
2522 2627 2549 2680 ?
2575 2627 2643 2681 Et
2671 2627 2862 2683 iterum
2887 2648 2901 2682 :
2936 2629 3069 2685 Ecce
3093 2631 3256 2686 Adam
3285 2636 3449 2702 factus
3477 2644 3550 2688 est
3575 2637 3722 2704 quasi

2131 2731 2265 2768 unus
2285 2731 2348 2768 es:
2373 2716 2514 2770 nobis
2540 2733 2558 2771 :
2584 2728 2638 2771 ut
2663 2721 2789 2772 sciat
2820 2720 3010 2773 bonum
3049 2730 3099 2775 et
3127 2721 3338 2775 malum.
3386 2723 3451 2777 Et
3487 2740 3620 2778 nunc
3659 2741 3722 2778 ne

2133 2805 2267 2873 forte
2292 2809 2534 2859 extendat
2561 2823 2768 2860 ntanum
2798 2825 2965 2874 suam,
2992 2819 3039 2862 et
3077 2812 3294 2880 accipiat
3317 2812 3382 2866 de
3411 2812 3549 2883 ligno
3583 2814 3720 2880 uiue,

2131 2904 2184 2950 et
2208 2896 2458 2961 comedat,
2487 2906 2534 2950 et
2575 2897 2705 2951 vivat
2729 2899 2784 2952 in
2820 2900 3081 2954 sazculum.
3126 2901 3190 2954 Et
3231 2902 3394 2956 emisit
3424 2903 3570 2956 illum
3617 2903 3724 2958 Do-

2134 2991 2304 3045 minus
2328 2992 2392 3044 de
2408 2992 2646 3061 paradiso
2670 2991 2831 3064 (Ibid.
2853 3009 2902 3048 It.
2921 2993 3011 3047 22.
3031 2995 3146 3066 25).
3169 2995 3340 3049 Etiam
3359 3011 3499 3051 nunc
3516 2997 3719 3066 inquit:

2135 3083 2269 3138 Ecce
2291 3101 2450 3154 genus
2481 3102 2638 3138 unum
2663 3095 2710 3139 et
2740 3086 2928 3140 labiunt
2954 3104 3112 3141 unum
3142 3089 3387 3154 omnium,
3418 3099 3463 3143 et
3491 3091 3586 3144 hoc
3614 3107 3720 3146 coe-

2137 3187 2320 3246 perum
2347 3177 2514 3247 facere
2543 3193 2562 3231 :
2586 3187 2636 3231 et
2662 3194 2799 3231 nunc
2827 3195 2930 3233 non
2955 3179 3218 3234 cessabunt
3241 3181 3304 3234 ab
3330 3181 3391 3236 iis
3417 3199 3532 3252 qum
3555 3183 3726 3238 decre-

2136 3277 2311 3320 verunt
2337 3271 2526 3337 facere.
2558 3269 2612 3320 7.
2651 3267 2852 3335 Venite,
2881 3278 2929 3322 et
2959 3270 3315 3325 descendentes
3349 3274 3725 3345 confundam“

2133 3359 2342 3413 illorum
2354 3360 2577 3430 linguas,
2598 3369 2651 3412 ut
2670 3377 2731 3413 ne
2744 3360 2922 3414 audiat
2939 3363 3459 3433 unusquisquevocent
3479 3364 3721 3433 proximi.

2137 3450 2272 3508 Vide
2310 3452 2504 3507 iterum
2534 3454 2823 3508 verborum
2851 3463 3258 3524 attemperatam
3303 3459 3586 3511 rationem.
3628 3456 3727 3512 Ve-

2137 3544 2259 3609 nite,
2287 3543 2490 3612 inquit,
2518 3552 2564 3596 et
2603 3543 2980 3599 descendentes.
3011 3545 3149 3611 Quid
3190 3546 3378 3600 volunt
3416 3547 3515 3601 sibi
3564 3547 3726 3602 verba

2139 3633 2256 3687 hwc
2280 3635 2302 3687 ?
2325 3633 2544 3704 Opusne
2572 3633 2734 3688 habet
2757 3636 3139 3704 cooperatione
3168 3637 3422 3692 Dominus
3444 3637 3513 3692 ad
3539 3652 3726 3694 corre-

2138 3726 2372 3780 ctionem
2391 3727 2414 3778 il
2433 3741 2502 3782 an
2523 3726 2760 3780 subsidio
2773 3727 2840 3781 ad
2856 3728 3063 3781 illorum
3079 3727 3496 3783 destructionem
3513 3730 3537 3782 ἲ
3553 3731 3725 3785 Absit.

2139 3815 2244 3870 Sed
2287 3818 2424 3871 sicut
2461 3817 2570 3886 jam
2615 3817 2749 3872 dixit
2784 3817 3096 3887 Scriptura:
3125 3817 3399 3873 Descendit
3425 3818 3674 3876 Dominus
3703 3837 3722 3876 :

2141 3905 2340 3962 docens
2371 3921 2470 3963 nos
2497 3921 2591 3978 per
2617 3907 2798 3964 hocse
2813 3909 3092 3964 evidenter
3118 3909 3334 3964 malitiae
3370 3910 3584 3965 illorum
3614 3927 3728 3965 ma-

2142 4001 2479 4070 gnitudinem
2497 4000 2698 4056 vidisse
2721 4019 2735 4055 :
2761 4001 2831 4055 ita
2851 4010 2904 4055 et
2926 4000 3014 4056 hic
3031 4001 3162 4056 dicit
3183 4017 3197 4053 :
3233 4000 3424 4067 Venite,
3449 4014 3495 4056 et
3519 4003 3728 4057 descen-

2143 4096 2335 4152 dentes.
2377 4095 2586 4150 Dictum
2616 4094 2757 4149 haud
2785 4095 2945 4150 dubie
2971 4104 3052 4150 est
3083 4110 3181 4150 ceu
3209 4095 3276 4149 ad
3313 4095 3515 4151 honore
3551 4109 3726 4165 pares.

2159 4188 2349 4254 Venite,
2397 4189 2588 4258 inquit,
2630 4199 2677 4242 et
2712 4188 3068 4242 descendentes
3110 4187 3481 4258 confundamus
3525 4187 3729 4243 illorum

2146 4281 2368 4351 linguas,
2386 4291 2441 4333 ut
2463 4297 2524 4334 ne
2539 4281 2716 4333 audiat
2735 4280 3077 4349 unusquisque
3093 4295 3260 4332 vocem
3274 4279 3511 4348 proximi.
3537 4278 3727 4346 Quem-

2146 4371 2467 4435 admodum,
2521 4370 2726 4440 inquit,
2771 4371 2986 4440 cippum
3033 4368 3321 4438 quemdam
3372 4379 3726 4438 perpetuum,

2149 4463 2313 4517 talem
2370 4462 2476 4516 illis
2513 4470 2694 4515 statuo
2720 4475 2934 4531 patriam
2967 4460 3114 4515 omni
3155 4460 3353 4514 sarculo
3397 4459 3730 4527 duraturam,

2148 4563 2207 4609 ut
2238 4553 2385 4607 nullo
2412 4560 2656 4620 tempore
2682 4551 2797 4605 haec
2823 4551 3227 4606 obliviscantur.
3251 4549 3386 4605 Nam
3430 4551 3552 4620 quia
3582 4553 3734 4608 abusi

2147 4655 2273 4702 sunt
2299 4646 2446 4701 vocis
2465 4643 2750 4700 concordia
2771 4685 2786 4710 ,
2823 4643 2944 4699 ideo
2966 4644 3112 4699 vocis
3140 4643 3451 4698 diversitate
3486 4642 3736 4712 castigari

2150 4753 2246 4794 eos
2271 4736 2415 4791 volo.
2447 4735 2538 4790 Sic
2562 4736 2705 4790 enim
2729 4735 2926 4804 ubique
2951 4734 3126 4788 facere
3147 4733 3426 4788 consuevit
3454 4734 3730 4787 Dominus.

2151 4829 2266 4884 Hoc
2285 4828 2352 4882 ab
2383 4826 2543 4881 initio.
2559 4826 2700 4881 circa
2729 4826 3012 4890 mulierem
3029 4822 3226 4877 factum
3253 4831 3337 4876 est
3365 4838 3378 4874 :
3407 4822 3728 4878 abutebatur

2149 4923 2242 4977 illa
2270 4923 2475 4977 honore
2498 4933 2778 4985 concesso,
2810 4917 2952 4973 unde
2980 4916 3209 4984 subjecit
3233 4929 3352 4969 eam
3381 4914 3518 4968 viro.
3551 4915 3617 4969 Et
3653 4916 3734 4972 si-

2151 5015 2354 5071 militer
2395 5013 2528 5069 Atla:
2565 5011 2830 5078 contigit:
2863 5007 2986 5077 quia
3030 5005 3172 5061 enim
3212 5020 3280 5060 ex
3310 5005 3475 5059 multa
3515 5021 3737 5077 prospe-

2152 5111 2330 5172 ritate,
2363 5101 2951 5176 paradisiqueincolalu
2979 5097 3112 5153 nihil
3142 5097 3272 5152 lucri
3301 5097 3446 5165 fecit,
3474 5099 3570 5154 sed
3603 5115 3738 5169 pm.

2151 5197 2444 5253 varicando
2470 5209 2642 5264 pretia:
2670 5191 2936 5246 obnoxius
2963 5197 3045 5245 est
3089 5188 3289 5254 iactus,
3338 5188 3494 5258 eiecit
3517 5206 3640 5246 eum
3670 5207 3736 5249 ex

2155 5289 2434 5360 paradiso:
2466 5297 2520 5340 et
2546 5297 2756 5354 pugnam
2783 5281 2832 5335 ei
2870 5289 3180 5350 perpetuam
3221 5279 3474 5349 injunxit,
3502 5281 3686 5336 dicens
3721 5301 3736 5338 :

2154 5379 2348 5450 Spinas
2387 5385 2434 5429 et
2475 5375 2684 5428 tribulos
2723 5371 3021 5442 germinabit
3058 5369 3147 5424 tibi
3174 5380 3306 5423 terra
3331 5369 3486 5439 (Gen.
3519 5373 3577 5427 '5.
3623 5371 3735 5439 i8).

2157 5471 2356 5526 llorum
2383 5481 2594 5538 quoque
2629 5465 2843 5519 malitia:
2889 5476 3124 5528 cursum,
3155 5462 3276 5530 quia
3313 5463 3517 5515 unitate
3547 5462 3738 5530 linguae

2159 5559 2424 5624 honorati,
2456 5557 2658 5611 honore
2705 5567 2964 5609 concesso
3009 5553 3061 5605 in
3105 5551 3300 5604 malum
3345 5550 3732 5617 abluebantur,

2161 5658 2298 5710 Deus
2326 5669 2420 5724 per
2455 5651 2750 5720 linguarum
2783 5648 3091 5701 varietatem
3131 5643 3386 5700 cohibuit.
3419 5639 3486 5692 Et
3515 5645 3732 5708 confun-

2159 5751 2355 5815 dumus,
2408 5743 2595 5814 Inquit,
2639 5740 2842 5795 illorum
2889 5740 3135 5809 linguam,
3183 5745 3234 5787 ut
3261 5749 3322 5786 ne
3361 5731 3535 5784 audiat
3584 5735 3744 5780 unus-
