4066 6140
350 317 460 374 279
1072 315 1130 371 S.
1168 310 1943 371 lOANNlS-CHRYSOSTOMI
1980 311 2295 370 ARCHIEP.
2334 314 2871 376 CONRTANTINOP.
3514 330 3619 390 Qa)

347 441 557 511 quisque
579 451 748 491 vocem
773 432 991 503 ρωτῆπί
1014 446 1033 486 :
1060 439 1119 486 ut
1149 432 1288 487 sicut
1316 430 1509 501 lingua:
1540 429 1717 484 unitas
1741 436 1929 483 contu-

352 530 596 586 bernium
642 525 784 590 fecit,
814 524 885 578 ita
913 523 1107 592 linguae
1144 521 1427 577 diversitas
1460 520 1751 589 dispergat.
1796 518 1927 573 Nam

350 618 546 687 quibus
577 629 680 669 non
700 623 783 669 est
806 613 945 666 idem
967 620 1218 666 sermo—et
1247 610 1446 680 lingua,
1478 609 1746 680 quomodo
1771 607 1928 663 simul

356 709 596 763 habitare
616 704 945 777 pessumis.
970 703 1033 756 Et
1057 703 1291 772 dispersit
1312 701 1451 767 illos,
1474 701 1661 769 inquit,
1685 698 1929 752 Dominus

350 798 490 853 Deus
510 797 572 850 ab
593 795 686 849 illo
715 796 827 850 loco
844 811 996 864 super
1016 795 1196 864 [aciem
1226 793 1471 846 uniuersa
1496 800 1662 855 terrte,
1690 798 1738 843 et
1760 804 1929 842 cessa-

350 896 526 942 verunt
550 886 862 955 wdiﬁcautes
888 886 1142 939 ciuitatem
1176 893 1224 938 et
1260 883 1459 936 turrim.
1489 880 1781 935 Considera
1824 879 1930 933 Do-

349 980 479 1034 mini
513 978 958 1045 misericordiam,
986 977 1040 1032 in
1069 985 1322 1047 quantam
1346 973 1516 1029 animi
1537 971 1927 1027 haisitationem

348 1070 498 1140 ipsos
534 1069 763 1139 impulit.
796 1068 1115 1123 Amentibus
1158 1066 1304 1123 enim
1346 1075 1527 1136 postea
1567 1063 1773 1120 similes
1817 1063 1933 1118 fue-

348 1173 494 1218 runt.
526 1163 596 1217 Et
621 1164 710 1218 ille
750 1162 964 1232 quidem
1008 1160 1304 1230 imperabat
1330 1159 1451 1224 hoc,
1481 1167 1537 1213 et
1577 1158 1714 1214 alius
1739 1170 1931 1227 suppe-

348 1256 554 1311 ditabat
577 1254 717 1310 aliud
740 1270 757 1320 ;
781 1254 1088 1323 inutilisque
1108 1252 1207 1307 fuit
1234 1255 1411 1307 omnis
1438 1250 1650 1305 illorum
1673 1258 1927 1305 conatus:

351 1346 475 1403 ideo
506 1346 838 1403 Cossaeorum
880 1345 1139 1414 ediﬁcare
1174 1344 1422 1397 ciuitatem
1449 1351 1496 1396 et
1534 1341 1734 1396 turrim.
1777 1339 1835 1395 9.
1864 1337 1932 1392 Et

350 1439 543 1492 idcirco
560 1448 791 1491 vocatum
835 1445 908 1490 est
938 1452 1119 1489 nomen
1154 1434 1317 1499 illius,
1356 1432 1636 1505 Confusio,
1662 1431 1781 1502 quia
1822 1429 1930 1484 illic

349 1529 580 1599 confudit
603 1527 854 1581 Dominus
901 1526 1038 1580 Deus
1066 1526 1200 1580 labia
1232 1526 1398 1579 omnis
1419 1532 1570 1577 terra!
1591 1538 1610 1576 :
1632 1531 1679 1576 et
1709 1522 1825 1576 hinc
1850 1520 1933 1574 din-

273 1659 280 1666 -
348 1621 532 1692 sparsit
574 1621 710 1689 ipsos
750 1618 1001 1674 Dominus
1040 1616 1177 1672 Deus
1210 1618 1264 1671 in
1303 1631 1499 1670 onmem
1544 1623 1752 1668 terram.
1800 1612 1949 1668 Vide

347 1724 544 1784 quanta
578 1714 725 1781 ﬁant,
756 1723 814 1768 ut
844 1711 1099 1767 memoria
1126 1710 1281 1780 hujus
1304 1709 1427 1764 facti
1458 1709 1509 1762 in
1537 1706 1715 1763 omnia
1736 1705 1930 1761 saacul'a

349 1800 621 1870 pervadat.
652 1798 885 1852 Primum
909 1798 1201 1865 linguarum
1228 1794 1284 1847 ﬁt
1308 1794 1522 1859 divisio,
1547 1793 1655 1849 imo
1674 1799 1799 1845 ante
1828 1790 1931 1845 hoc

351 1893 583 1947 nominis
608 1891 929 1962 appellatio:
959 1889 1152 1943 Phalec
1176 1888 1317 1943 enim
1347 1898 1562 1949 nomen,
1592 1885 1732 1955 quod
1755 1884 1931 1940 liebcr

355 1986 465 2039 ﬁlio
496 1985 766 2053 imposuit,
796 1982 1135 2052 partitionem
1165 1980 1448 2049 signiﬁcat.
1473 1978 1676 2032 Deinde
1707 1977 1808 2031 loci
1830 1991 1929 2046 ap-

350 2074 570 2144 pellatio
599 2070 874 2143 :Confusio
900 2074 1041 2126 enim
1064 2080 1283 2124 vocatus
1310 2078 1414 2135 est,
1442 2067 1496 2122 id
1523 2068 1662 2137 quod
1693 2066 1927 2138 Babylon

347 2174 525 2219 sonat.
558 2165 890 2219 Postremum
928 2162 1103 2217 lleber
1144 2163 1257 2231 ipso
1303 2160 1498 2215 mansit
1534 2160 1674 2214 idem
1710 2171 1930 2213 servans

352 2255 572 2320 idioma,
597 2255 740 2324 quod
780 2263 835 2309 et
869 2262 1023 2308 antea
1072 2251 1337 2316 habebat,
1370 2259 1429 2304 ut
1472 2249 1810 2305 manifestum
1850 2248 1931 2303 di-

348 2347 573 2400 visionis
601 2346 761 2415 bujus
799 2346 1004 2415 signum
1034 2343 1174 2397 foret
1200 2343 1300 2412 (α).
1335 2342 1523 2398 Vidisti
1571 2358 1663 2411 per
1686 2350 1816 2411 quot
1843 2356 1930 2396 res

350 2436 709 2491 immortalem
740 2436 988 2504 nullaque
1018 2433 1283 2488 oblivione
1308 2433 1589 2487 delendam
1619 2433 1777 2502 hujus
1806 2431 1929 2486 facti

349 2528 664 2582 memoriam
706 2526 908 2581 servari
958 2524 1219 2579 voluerit?
1262 2523 1413 2578 llinc-
1441 2524 1584 2579 enim
1629 2531 1781 2592 pater
1822 2522 1930 2577 ﬁlio

353 2627 537 2685 postea
565 2617 853 2687 cogebatur
891 2616 1070 2671 dicere
1097 2630 1311 2670 causam
1360 2625 1464 2669 tam
1494 2615 1723 2669 diversa:
1763 2615 1926 2669 vocis.

355 2708 420 2763 Et
451 2723 584 2777 puer
604 2723 634 2762 a
668 2717 816 2778 patre
839 2706 1112 2777 qumrebat
1143 2721 1308 2776 quare.
1341 2706 1422 2760 sic
1449 2705 1596 2759 locus
1635 2705 1723 2759 ille
1748 2704 1933 2774 appel-

351 2800 552 2853 laretur
577 2816 590 2853 :
621 2797 738 2853 ideo
764 2812 991 2866 namque
1013 2796 1247 2868 Babylon
1275 2795 1449 2850 dictus
1472 2804 1555 2850 est
1578 2795 1763 2861 locus;
1787 2794 1931 2865 quod

340 2896 429 2946 ‘cst
450 2888 720 2955 confusio,
748 2889 887 2960 quod
910 2890 1015 2944 illic
1043 2889 1297 2943 Dominus
1318 2889 1457 2942 Deus
1473 2886 1772 2942 confuderit
1789 2887 1929 2942 labia

354 2982 615 3036 universae
643 2992 818 3049 terrre,
849 2990 901 3037 et
931 2982 998 3036 ab
1025 2982 1115 3035 illo
1145 2982 1262 3036 loco
1289 2981 1601 3050 disperserit
1628 2980 1765 3035 illos.
1794 2981 1926 3035 Nam

347 3083 631 3143 utrumque
661 3073 762 3128 loci
790 3073 1075 3141 appellatio
1102 3072 1230 3126 mihi
1260 3072 1565 3142 signiﬁcare
1595 3072 1842 3137 videtur,
1874 3080 1931 3128 et

347 3163 491 3233 quod
511 3164 714 3233 linguas
726 3163 1045 3229 confuderit,
1064 3171 1119 3217 et
1133 3162 1274 3232 quod
1297 3163 1419 3216 inde
1430 3161 1694 3231 dispersio
1711 3171 1824 3217 orta
1837 3163 1927 3218 sit.

417 3256 470 3310 5.
499 3255 807 3317 Audivistis,
837 3255 1038 3320 dilecti,
1070 3255 1209 3309 unde
1242 3255 1366 3324 ipsis
1391 3253 1738 3323 dispersionis
1758 3256 1931 3311 varie-

348 3346 576 3414 tatisque
601 3345 897 3414 linguarum
919 3353 1033 3399 orta
1054 3345 1123 3399 sit
1148 3360 1324 3399 causa.
1347 3344 1655 3414 Fugiamus,
1677 3344 1927 3412 obsecro,

352 3450 422 3489 ne
452 3436 548 3487 hos
579 3433 883 3489 imitemur:
916 3443 970 3488 et
994 3432 1060 3488 iis
1074 3449 1191 3503 qua:
1214 3434 1367 3489 nobis
1393 3434 1533 3490 Deus
1559 3436 1824 3490 concessit
1862 3451 1931 3492 ne

349 3524 632 3579 abutamur
660 3541 678 3582 :
706 3539 768 3580 ac
798 3535 1038 3580 naturam
1083 3525 1371 3580 humanam
1398 3525 1823 3593 considerantes,
1864 3541 1928 3583 ea

350 3617 715 3673 consultcmus
751 3634 870 3687 quae
900 3619 1152 3674 mortales
1191 3617 1433 3674 homines
1459 3617 1685 3674 deceant
1713 3637 1729 3674 :
1757 3628 1812 3676 et
1839 3635 1930 3675 co-

346 3711 578 3781 gitantes
630 3713 907 3780 praesentis
941 3713 1066 3767 vita)
1115 3711 1471 3781 fragilitatem,
1496 3727 1561 3768 ac
1584 3728 1741 3783 quam
1767 3714 1929 3768 breve

345 3795 414 3850 sit
447 3804 655 3865 tempus
690 3799 811 3851 vitae
835 3809 1052 3861 nostrae,
1099 3798 1319 3852 multam
1369 3813 1465 3867 per
1491 3797 1753 3853 bonorum
1797 3812 1928 3867 ope-

344 3901 463 3941 rum
490 3888 799 3942 exercitium
826 3888 1072 3943 fiduciam
1101 3888 1487 3943 rccondamus:
1527 3896 1584 3944 et
1624 3903 1730 3943 non
1755 3888 1925 3942 Solum

348 3992 444 4048 per
473 3978 569 4033 hos
597 3979 713 4035 dies
754 3994 1027 4035 servemus
1076 3979 1263 4050 jejunii
1310 3978 1597 4044 fervorem,
1629 3979 1721 4035 sed
1767 3980 1927 4034 etiam

347 4071 706 4144 eleemosynze
745 4074 1040 4142 largitatem
1079 4081 1135 4127 et
1181 4086 1396 4141 precum
1423 4070 1808 4126 assiduitatem.
1833 4071 1926 4126 Et-

353 4164 491 4216 enim
516 4162 719 4233 jejunio
746 4178 932 4232 preces
957 4179 1170 4232 semper
1199 4162 1507 4231 conjunctas
1547 4177 1666 4218 esse
1696 4172 1923 4232 Oportet.

348 4254 418 4308 Et
445 4255 585 4324 quod
616 4254 716 4309 hoc
753 4271 936 4309 verum
988 4255 1077 4321 sit,
1132 4255 1250 4309 audi
1290 4254 1561 4310 Christum
1615 4254 1924 4311 dicentem:

351 4345 462 4398 Hoc
488 4362 644 4416 genus
668 4345 1028 4399 dwmwiorum
1051 4363 1151 4400 non
1179 4347 1430 4418 egreditur
1456 4346 1554 4401 nisi
1574 4349 1624 4401 in
1645 4348 1932 4416 precatione

345 4448 391 4491 et
410 4438 606 4508 jejunio
627 4437 840 4511 (Matth.
871 4438 957 4494 17.
988 4437 1098 4511 20).
1124 4438 1191 4493 Et
1216 4440 1403 4494 iterum
1433 4439 1499 4493 de
1513 4439 1768 4509 apostolis
1793 4439 1928 4494 dici-

351 4537 438 4582 tur
470 4547 484 4583 :
514 4526 653 4581 Nam
680 4545 795 4583 cum
816 4540 1062 4597 orassent,
1094 4531 1282 4601 inquit,
1315 4540 1362 4586 et
1402 4532 1742 4603 jejunassent,
1787 4548 1926 4585 com-

350 4619 714 4673 ntendaverunt
748 4636 833 4675 eos
878 4617 1122 4686 Domino,
1165 4623 1218 4674 in
1243 4639 1390 4691 quem
1428 4624 1746 4677 crediderant
1789 4622 1926 4694 (Act.

353 4713 440 4766 14.
471 4707 584 4784 22).
619 4710 686 4765 Et
705 4712 892 4766 itemm
914 4709 1081 4779 inquit
1106 4712 1391 4780 Apostolus
1420 4728 1434 4765 :
1470 4712 1549 4766 Ne
1574 4713 1822 4782 fraudetis
1850 4713 1923 4767 in-

342 4808 515 4873 uicem,
550 4807 647 4860 nisi
670 4807 722 4860 in
740 4805 1023 4877 precatione
1041 4813 1088 4860 et
1106 4805 1300 4873 ieiunio
1321 4805 1396 4875 (l.
1419 4802 1537 4858 Cor.
1561 4806 1611 4859 7.
1635 4805 1712 4875 5).
1744 4805 1928 4861 Vidisti

348 4897 614 4968 quomodo
631 4897 894 4969 jejunium
925 4898 1026 4953 hoc
1043 4896 1282 4953 subsidio
1308 4894 1576 4965 indigeat?
1607 4895 1756 4950 Tunc
1784 4897 1927 4951 enim

351 4989 681 5059 potissimum
712 5002 900 5059 preces
932 5003 1052 5043 cum
1083 4986 1376 5042 attentione
1407 4984 1560 5053 fiunt,
1595 5001 1715 5040 cum
1766 5001 1932 5056 expc—

351 5079 513 5132 ditior
534 5089 617 5133 est
663 5095 815 5134 mens
844 5087 1050 5143 nostra,
1092 5092 1265 5148 neque
1287 5086 1523 5147 gravata,
1565 5092 1738 5146 neque
1783 5077 1926 5132 malo

350 5169 660 5225 deliciarum
680 5185 844 5226 onere
865 5184 1046 5240 pressa
1072 5169 1249 5225 fuerit.
1278 5169 1463 5240 Magna
1489 5184 1635 5224 arma
1651 5178 1777 5223 sunt
1805 5184 1929 5239 prc-

410 5364 485 5426 (a)
516 5363 570 5414 Id
593 5364 721 5428 quod
746 5365 824 5432 hic
845 5368 913 5416 ait
931 5367 1317 5432 chrysostomus,
1353 5368 1599 5432 Hebemm
1622 5371 1928 5432 nempegpri-

340 5440 472 5500 scam
492 5427 715 5500 servasse
733 5427 1008 5500 (inlectum,
1024 5427 1228 5500 qualem
1240 5430 1456 5500 Adamus
1471 5427 1778 5493 loquebatur,
1793 5427 1928 5490 illud,

339 5491 561 5553 inquam,
583 5486 771 5553 aliquot
791 5486 1150 5541 difﬁcultatibus
1185 5493 1450 5542 obnoxium
1483 5486 1561 5541 est
1586 5506 1599 5542 :
1624 5506 1734 5542 nam
1767 5486 1929 5543 utrum

339 5503 390 5539 tn
443 5503 561 5548 iam,
586 5503 771 5553 anquot
791 5503 1150 5541 dtlllCllllallDuS
1185 5503 1450 5542 onnoxnum
1483 5503 1561 5541 est
1586 5506 1599 5542 :
1624 5506 1734 5542 nam
1767 5503 1928 5543 utrum

339 5503 504 5600 “($16?
524 5551 725 5613 priscam
752 5550 963 5614 linguam
983 5555 1273 5610 servaverit,
1298 5567 1395 5603 non
1420 5554 1484 5614 ita
1507 5563 1695 5604 certum
1716 5561 1810 5604 est.
1824 5554 1928 5603 Dis-

338 5620 545 5677 putatur
558 5619 723 5677 autem
747 5613 853 5662 utra
875 5613 1113 5663 disiectus
1132 5615 1419 5677 primigenia
1440 5613 1615 5675 fuerit,
1629 5617 1929 5665 Hebraicane

340 5672 400 5721 an
435 5672 711 5734 cbaldaica;
748 5687 834 5741 pro
865 5683 1073 5741 utraque
1103 5672 1329 5741 o'pinigne
1360 5684 1492 5727 stant
1522 5672 1620 5727 non
1650 5677 1927 5741 spernenda

337 5743 644 5798 argumenta,
666 5748 778 5800 qua:
802 5735 1005 5800 longius
1018 5735 1153 5788 esset
1175 5735 1387 5789 referre.

2036 442 2150 497 eos,
2196 443 2382 501 magna
2425 433 2713 500 securitas,
2762 448 2985 505 magnus
3031 434 3346 509 thesaurus,
3397 458 3631 516 magnus

2040 531 2242 590 portus,
2268 523 2561 579 tutissimus
2589 524 2739 580 locus
2770 542 2786 580 :
2824 526 2987 583 modo
3012 527 3176 585 sobrii
3206 542 3260 587 et
3286 532 3474 605 vigiles
3504 539 3613 593 Do-

2038 610 2237 665 minum
2268 611 2542 681 adeamus,
2585 623 2766 671 mente
2787 625 2968 672 nostra
2991 619 3221 690 undique
3246 623 3488 692 collecta,
3512 627 3617 683 ini-

2037 700 2283 772 mieoque
2312 711 2510 775 nostra:
2535 705 2723 760 salutis
2769 706 2917 763 nullo
2965 707 3112 764 aditu
3155 714 3436 782 permisso.
3483 715 3617 772 Cum

2037 789 2172 843 sciat
2200 790 2343 845 enim
2368 791 2614 848 inimicus
2643 804 2844 861 noster,
2869 811 2968 851 nos
2996 812 3092 868 per
3119 808 3328 871 tempus
3355 804 3480 860 illud
3500 821 3619 877 pos-

2035 895 2096 936 se
2137 882 2205 938 de
2234 882 2298 938 iis
2322 900 2439 955 quae
2466 885 2533 941 ad
2579 895 2816 943 nostram
2847 889 3072 946 salutem
3098 893 3326 951 attinent
3358 897 3530 968 loqui,
3561 906 3631 954 et‘

2037 982 2249 1042 peccata
2269 975 2530 1044 conﬁteri,
2556 978 2842 1034 et'vulnera
2870 981 3077 1038 medico
3102 986 3406 1055 ostendere,
3447 997 3501 1045 ct
3525 1006 3624 1046 saw

2036 1066 2257 1121 nitatem
2298 1068 2550 1138 consequi
2582 1085 2596 1122 :
2626 1069 2746 1125 ideo
2795 1072 3026 1129 maxime
3067 1084 3193 1131 tunc
3219 1078 3448 1140 obsistit.
3499 1095 3618 1136 om-

2035 1155 2226 1226 niaque
2254 1156 2380 1212 facit
2407 1168 2465 1214 et
2493 1169 2704 1225 tractat,
2736 1169 2795 1217 ut
2833 1177 2931 1218 nos
2983 1166 3286 1234 supplantet
3305 1209 3322 1233 ,
3350 1170 3619 1240 negligem-

2037 1252 2222 1316 ttesque
2240 1246 2445 1302 reddat.
2472 1248 2702 1305 Proinde
2726 1251 3023 1320 vigilemus,
3042 1254 3287 1323 obsecro,
3314 1267 3364 1313 et
3388 1258 3643 1317 scientes-

2036 1338 2179 1396 illius
2210 1340 2448 1408 insidias,
2477 1342 2707 1398 maxime
2725 1353 2968 1415 tempore
2996 1346 3085 1402 illo
3105 1363 3333 1417 operam
3349 1351 3537 1407 demus
3559 1362 3619 1408 ut

2035 1429 2186 1498 quasi
2219 1439 2534 1500 prtesentem
2560 1432 2712 1488 illum
2740 1444 2866 1490 ante
2891 1436 3077 1491 oculos
3103 1447 3332 1494 Stantem
3377 1442 3621 1498 videntes

2035 1534 2423 1590 oppugnemus,
2455 1531 2509 1578 et
2530 1524 2902 1594 cogitationem
2930 1542 3164 1592 omnem,
3188 1546 3306 1600 qum
3336 1547 3431 1586 nos
3452 1533 3618 1588 inter-

2037 1611 2253 1669 turbare
2279 1615 2464 1683 possit,
2493 1616 2811 1685 repellamus
2842 1635 2857 1673 :
2889 1619 3090 1689 totique
3113 1621 3345 1678 nitamur
3363 1624 3526 1679 Deum
3555 1635 3622 1681 ut

2036 1690 2191 1757 decet
2211 1703 2426 1773 alloqui,
2446 1714 2505 1760 ut
2532 1721 2639 1760 non
2662 1708 2837 1762 solum
2866 1709 3046 1776 verba,
3078 1711 3170 1766 sed
3192 1720 3410 1769 ctmens
3436 1716 3620 1770 verbo-

2036 1809 2152 1849 rum
2182 1810 2363 1851 comes
2385 1797 2450 1851 ad
2482 1799 2647 1854 Deum
2673 1801 2948 1856 accedant.
2976 1802 3104 1857 Nam
3131 1805 3174 1859 si
3202 1806 3376 1875 lingua
3403 1810 3649 1878 quideme

2037 1884 2270 1954 proferat
2314 1886 2497 1952 verba,
2532 1904 2683 1944 mens
2712 1901 2888 1945 autem
2920 1891 3049 1946 foris
3076 1906 3346 1964 evagetur,
3375 1912 3493 1966 qua:
3518 1898 3633 1952 do~

2036 1976 2106 2028 Ini
2137 1985 2259 2030 sunt
2285 1976 2546 2042 lustrans,
2574 1989 2628 2033 et
2659 1980 2953 2050 imaginans
2989 1998 3109 2052 qua:
3150 1984 3199 2037 in
3231 1986 3347 2038 foro
3366 1997 3615 2056 aguntur,

2034 2069 2181 2123 nulla
2211 2069 2364 2123 nobis
2386 2069 2709 2139 utilitas-est,
2731 2072 2969 2128 fortassis
2997 2083 3247 2131 autem-et
3291 2078 3462 2148 major
3487 2095 3637 2134 conv

2033 2159 2321 2214 demnatio.
2379 2160 2666 2216 Enimvero
2709 2163 2753 2217 si
2808 2179 2928 2216 cmn
2964 2165 3207 2219 homines
3237 2167 3475 2233 adimus,
3512 2179 3617 2222 tam

2034 2251 2271 2306 studiose
2296 2250 2345 2305 id
2364 2252 2587 2319 agimus,
2620 2261 2677 2306 ut
2697 2268 2861 2322 prepe
2887 2262 3089 2309 stantes
3113 2270 3485 2325 saepenumero
3510 2275 3615 2313 non

2036 2341 2329 2409 videamus,
2379 2343 2472 2397 sed
2502 2342 2802 2412 colligimus
2827 2355 3091 2411 mentem,
3122 2355 3178 2400 ct
3201 2347 3414 2401 adeum
3445 2349 3618 2402 slum

2034 2441 2336 2499 spectamus
2371 2431 2437 2485 ad
2480 2447 2638 2502 quem
2669 2433 2972 2489 accedimus
3004 2447 3241 2505 :quanto
3270 2436 3437 2507 magis
3477 2438 3637 2507 apud

2036 2520 2202 2574 Deum
2236 2521 2374 2575 idem
2411 2521 2585 2576 facere
2615 2531 2861 2590 oportet,
2894 2534 2945 2578 et
2972 2524 3167 2594 jugiter
3198 2527 3444 2593 precibus
3486 2528 3619 2582 insib

2033 2611 2214 2667 stcrc?
2235 2613 2458 2683 Propter
2475 2613 2577 2669 hoc
2602 2623 2655 2669 et
2684 2614 2877 2670 Paulus
2896 2616 3136 2671 scribens
3162 2617 3370 2673 dicebat
3401 2637 3413 2672 :
3444 2619 3615 2673 Orata»

2034 2713 2105 2758 tes
2134 2706 2187 2758 in
2212 2706 2354 2759 omni
2380 2717 2629 2776 tempore,
2669 2716 2810 2761 orate
2844 2719 2890 2761 et
2919 2709 2971 2760 in
3001 2709 3182 2775 spiritu
3211 2708 3371 2780 (Ep/1.
3400 2710 3452 2765 6.
3490 2713 3620 2780 18):

2035 2811 2139 2850 non
2170 2797 2345 2866 lingua
2378 2806 2601 2866 tantum,
2631 2807 2826 2854 etcum
2852 2811 3129 2870 perpetua,
3163 2802 3354 2873 inquit,
3386 2804 3615 2875 vigilan-

2035 2888 2126 2955 tia,
2156 2888 2248 2943 sed
2275 2886 2342 2942 Et
2363 2889 2417 2942 in
2459 2890 2657 2960 spiritu.
2691 2890 3007 2960 Spiritualcs
3043 2894 3183 2948 enim
3206 2935 3243 2960 ν.
3277 2894 3463 2966 inquit,
3510 2897 3620 2951 sint

2032 2989 2223 3034 vestrm
2255 2981 2556 3049 petitiones,
2583 2984 2767 3038 sobria
2791 2986 2867 3038 sit
2915 2985 3074 3052 ratio,
3108 2993 3161 3041 et
3187 2986 3253 3040 iis
3281 3003 3400 3058 qua:
3426 2990 3619 3044 dicunt-

2035 3079 2122 3125 tur
2149 3086 2305 3126 meas.
2326 3073 2584 3126 attendat.
2616 3073 2764 3128 Talia
2794 3075 2976 3144 petite,
3000 3077 3176 3147 qualia
3205 3092 3236 3132 a
3287 3078 3394 3134 Deo
3432 3089 3621 3150 petere

2033 3163 2303 3229 convenit,
2356 3172 2411 3217 ut
2436 3172 2487 3218 et
2510 3165 2673 3235 petita
2701 3165 2984 3222 obtineatis
3015 3184 3031 3221 :
3059 3177 3114 3223 et
3150 3171 3205 3224 in
3228 3169 3376 3225 illud
3414 3172 3621 3227 incum-

2034 3253 2242 3322 bentes,
2271 3262 2332 3308 et
2372 3255 2466 3310 toti
2501 3255 2876 3327 expecgefacti,
2903 3258 3069 3313 sobrii
3113 3268 3169 3314 ct
3195 3269 3373 3316 mente
3409 3263 3619 3333 vigiles,

2033 3362 2139 3402 non
2168 3349 2485 3415 oscitantes,
2506 3364 2604 3405 nec
2634 3364 2729 3404 vos
2760 3349 3043 3418 fricantes,
3072 3360 3128 3407 et
3153 3352 3280 3408 hine
3315 3353 3438 3410 inde
3463 3371 3623 3411 mcu-

2035 3449 2141 3494 tem
2174 3448 2486 3495 vertentes:
2534 3440 2630 3495 sed
2656 3456 2776 3496 cum
2818 3442 3009 3497 timore
3037 3451 3092 3497 et
3119 3451 3354 3500 tremore
3392 3446 3621 3501 salutem

2035 3539 2266 3586 vestram
2296 3530 2610 3600 operemini.
2641 3529 2828 3584 Beatus
2855 3531 3020 3594 enim,
3048 3531 3239 3601 inquit,
3283 3533 3374 3604 qui
3416 3544 3629 3604 propter

2036 3621 2270 3692 pietatem
2294 3623 2467 3675 metuit
2494 3622 2663 3676 omnia
2695 3621 2876 3695 (Prov.
2904 3621 2996 3679 28.
3023 3623 3135 3695 14).
3155 3623 3398 3695 Magnum
3420 3626 3631 3681 bonum-

2036 3712 2292 3783 precatio.
2309 3711 2442 3767 Nam
2463 3712 2506 3766 si
2531 3712 2733 3767 homini
2760 3713 2882 3784 quis
2904 3713 3130 3784 loquens
3151 3717 3345 3772 virtute
3373 3718 3637 3787 prtedito,

2036 3818 2139 3857 non
2166 3819 2384 3873 parvum
2406 3803 2530 3859 inde
2558 3804 2782 3860 fructum
2808 3806 3031 3876 percipit
3054 3824 3070 3862 :
3093 3809 3306 3878 quantis
3336 3808 3490 3864 bonis
3506 3826 3615 3865 non

2035 3895 2239 3950 fruetur
2289 3897 2356 3963 is,
2400 3898 2483 3952 cui
2523 3912 2642 3953 cum
2684 3899 2795 3953 Deo
2826 3899 3147 3969 colloquium
3198 3901 3395 3957 fuerit?
3437 3902 3639 3959 Oratio-

2035 3990 2178 4043 cnim
2205 3990 2525 4061 colloquium
2548 3999 2631 4044 est
2673 4005 2794 4045 cmn
2834 3992 2962 4047 Deo.
2994 3991 3146 4060 Quod
3190 4003 3248 4047 ut
3288 3995 3444 4062 scias,
3493 3997 3619 4051 audi

2036 4083 2350 4153 prophetam
2403 4083 2667 4138 dicentem
2699 4101 2712 4137 :
2740 4082 3036 4137 Iucundum
3089 4085 3155 4139 sit
3214 4086 3322 4140 Deo
3366 4087 3633 4159 eloquiunr

2035 4192 2198 4230 meum
2226 4176 2397 4248 (Psal.
2422 4177 2546 4232 105.
2569 4177 2660 4245 δι)
2691 4195 2704 4230 :
2733 4176 2837 4231 hoc
2856 4185 2957 4240 est,
2981 4192 3159 4232 sermo
3189 4178 3635 4249 meusjueundus

2035 4278 2285 4336 appareat
2318 4268 2445 4322 Deo.
2471 4268 2659 4322 Annua
2684 4268 2825 4322 enim
2843 4277 3096 4337 pra'stare
3118 4279 3290 4338 potest
3313 4270 3618 4339 priusquam

2037 4358 2318 4426 petamus?
2343 4357 2539 4412 Verum
2578 4367 2795 4428 prOptcr
2821 4357 2921 4413 hoc
2940 4356 3120 4413 diﬁ‘crt
3140 4367 3192 4413 et
3217 4371 3510 4430 exspectat,
3564 4371 3631 4414 ut.

2035 4449 2369 4503 occasionem
2416 4449 2661 4518 accipiat,
2692 4464 2794 4519 qua
2820 4453 2963 4518 juste
3007 4463 3105 4504 nos
3154 4464 3248 4504 sua
3288 4451 3629 4520 providentia

2034 4537 2223 4607 dignos
2245 4537 2420 4592 faciat.
2442 4538 2566 4594 Sive
2581 4548 2759 4593 autem
2785 4554 3177 4609 consequamur
3201 4541 3341 4610 quod
3369 4544 3615 4611 petimus,

2034 4630 2146 4683 sive
2176 4645 2279 4683 non
2308 4644 2720 4700 consequamur,
2749 4644 3151 4699 perseveremus
3175 4646 3389 4702 semper
3413 4633 3476 4688 in.
3495 4650 3625 4688 oru—

2036 4722 2180 4776 tione
2209 4738 2224 4775 :
2258 4731 2314 4778 et
2338 4739 2443 4777 non
2470 4722 2639 4778 solum
2667 4724 2863 4793 gratias
2890 4738 3107 4794 agamus
3134 4724 3177 4779 si
3204 4740 3616 4796 consequamur,

2033 4814 2127 4869 sed
2155 4815 2359 4870 etiamsi
2383 4816 2648 4885 repulsam
2675 4815 2820 4885 passi
2852 4813 3130 4871 fuerimus.
3159 4815 3294 4871 Nam
3331 4817 3619 4888 denegare,

2034 4920 2155 4961 cmn
2185 4907 2320 4962 Deus
2346 4906 2478 4974 vult,
2518 4922 2628 4962 non
2657 4907 2831 4962 minus
2860 4915 2943 4962 est
2969 4922 3127 4977 quam
3154 4908 3199 4962 si
3241 4910 3627 4965 concessisset.

2034 4996 2312 5053 Nescimus
2337 4999 2480 5053 enim
2507 5013 2608 5053 nos
2634 5015 2754 5069 quze
2797 4998 2950 5054 nobis
2976 4999 3296 5065 conducant,
3329 5002 3467 5057 sicut
3506 5003 3623 5072 ipse

2035 5091 2201 5144 novit.
2232 5090 2413 5160 Itaque
2437 5090 2551 5146 sive
2576 5092 2684 5145 voti
2712 5102 3010 5161 compotes,
3039 5105 3152 5147 snve
3176 5094 3404 5163 imputes
3432 5094 3621 5159 simus,

2035 5182 2232 5251 gratias
2256 5195 2415 5251 agere
2433 5181 2710 5238 debemus.
2737 5181 2805 5236 Et
2829 5181 2955 5251 quid
2985 5182 3219 5249 miraris,
3246 5185 3293 5239 si
3323 5199 3421 5238 nos
3451 5186 3631 5241 nesci~

2037 5286 2155 5326 tuus
2179 5272 2304 5342 quid
2332 5273 2486 5328 nobis
2521 5273 2724 5344 prosit?
2763 5273 2958 5327 Paulus
2981 5314 2997 5339 ,
3045 5273 3165 5329 talis
3199 5283 3253 5328 ct
3303 5283 3480 5329 tantus
3518 5276 3622 5342 vir,

2035 5378 2227 5419 arcana
2263 5364 2449 5419 audire
2489 5363 2680 5435 dignus
2716 5364 2947 5428 habitus,
2998 5364 3274 5434 ignorabat
3297 5379 3357 5419 se
3394 5380 3456 5419 ea
3499 5382 3623 5436 qua:

2037 5472 2141 5511 non
2181 5457 2542 5526 expediebant
2594 5458 2820 5528 precari.
2867 5456 2999 5511 Nam
3029 5458 3152 5527 quia
3196 5458 3412 5514 videbat
3442 5473 3501 5513 sc
3545 5467 3623 5514 tut

2033 5546 2297 5603 molestiis
2338 5548 2502 5618 cingi,
2539 5562 2605 5604 ac
2629 5548 2946 5604 circumdari
2972 5549 3178 5604 crebris
3217 5549 3622 5617 tentationibus,

2034 5637 2223 5692 orabat
2247 5646 2303 5692 ut
2331 5636 2400 5701 ab
2426 5638 2503 5692 eis
2523 5637 2871 5704 liberaretur,
2914 5638 3074 5709 idque
3102 5656 3206 5693 non
3253 5641 3419 5695 semel
3451 5655 3621 5709 neque

1943 5775 1957 5788 .
2041 5729 2258 5797 iterum,
2312 5729 2406 5785 scd
2434 5738 2489 5786 et
2527 5728 2742 5801 smpius.
2773 5727 2872 5785 Ter
2900 5729 3068 5800 enim,
3115 5730 3311 5802 inquit,
3353 5729 3623 5786 Dominum

4054 0 4059 43 i

4039 125 4066 208 ε
