  <div class='ocr_page' id='page_1' title='image "/cluster/home/n/w/nwhite01/storage/ocr_20150623/53/mdp.39015028539479/280.png"; bbox 0 0 4066 6140; ppageno 0'>
   <div class='ocr_carea' id='block_1_1' title="bbox 356 256 465 313">
    <p class='ocr_par' dir='ltr' id='par_1_1' title="bbox 356 256 465 313">
     <span class='ocr_line' id='line_1_1' title="bbox 356 256 465 313; baseline 0.009 -1"><span class='ocrx_word' id='word_1_1' title='bbox 356 256 465 313; x_wconf 75' lang='lat'>279</span> 
     </span>
    </p>
   </div>
   <div class='ocr_carea' id='block_1_2' title="bbox 366 354 2025 445">
    <p class='ocr_par' dir='ltr' id='par_1_2' title="bbox 366 354 2025 445">
     <span class='ocr_line' id='line_1_2' title="bbox 366 354 2025 445; baseline -0.01 -21"><span class='ocrx_word' id='word_1_2' title='bbox 366 366 707 445; x_wconf 77' lang='grc' dir='ltr'>ήδμοφωνία</span> <span class='ocrx_word' id='word_1_3' title='bbox 748 367 847 439; x_wconf 83' lang='grc' dir='ltr'>τὴν</span> <span class='ocrx_word' id='word_1_4' title='bbox 895 365 1204 436; x_wconf 77' lang='grc' dir='ltr'>συνοίκησιν</span> <span class='ocrx_word' id='word_1_5' title='bbox 1253 360 1558 435; x_wconf 77' lang='grc' dir='ltr'>εἰργάζετο,</span> <span class='ocrx_word' id='word_1_6' title='bbox 1604 360 1776 420; x_wconf 78' lang='grc' dir='ltr'>οὕτως</span> <span class='ocrx_word' id='word_1_7' title='bbox 1816 358 1850 427; x_wconf 86' lang='grc' dir='ltr'>ή</span> <span class='ocrx_word' id='word_1_8' title='bbox 1883 354 2025 445; x_wconf 80' lang='grc' dir='ltr'>διαίο</span> 
     </span>
    </p>
   </div>
   <div class='ocr_carea' id='block_1_3' title="bbox 363 444 2022 530">
    <p class='ocr_par' dir='ltr' id='par_1_3' title="bbox 363 444 2022 530">
     <span class='ocr_line' id='line_1_3' title="bbox 363 444 2022 530; baseline -0.009 -18"><span class='ocrx_word' id='word_1_9' title='bbox 363 475 512 530; x_wconf 88' lang='grc' dir='ltr'>ρεσις</span> <span class='ocrx_word' id='word_1_10' title='bbox 552 457 655 527; x_wconf 85' lang='grc' dir='ltr'>τῆς</span> <span class='ocrx_word' id='word_1_11' title='bbox 699 458 884 527; x_wconf 86' lang='grc' dir='ltr'>φωνῆς</span> <span class='ocrx_word' id='word_1_12' title='bbox 925 454 1026 525; x_wconf 79' lang='grc' dir='ltr'>τὴν</span> <span class='ocrx_word' id='word_1_13' title='bbox 1074 451 1372 524; x_wconf 79' lang='grc' dir='ltr'>διασπορὰν</span> <span class='ocrx_word' id='word_1_14' title='bbox 1403 451 1585 512; x_wconf 83' lang='grc' dir='ltr'>αὐτοῖς</span> <span class='ocrx_word' id='word_1_15' title='bbox 1618 444 2022 530; x_wconf 67' lang='grc' dir='ltr'>κατασκευάσῃ.</span> 
     </span>
    </p>
   </div>
   <div class='ocr_carea' id='block_1_4' title="bbox 363 528 2028 617">
    <p class='ocr_par' dir='ltr' id='par_1_4' title="bbox 363 528 2028 617">
     <span class='ocr_line' id='line_1_4' title="bbox 363 528 2028 617; baseline -0.011 -16"><span class='ocrx_word' id='word_1_16' title='bbox 363 528 425 601; x_wconf 68' lang='grc' dir='ltr'>ὑί</span> <span class='ocrx_word' id='word_1_17' title='bbox 462 547 536 617; x_wconf 82' lang='grc' dir='ltr'>μὴ</span> <span class='ocrx_word' id='word_1_18' title='bbox 579 547 678 617; x_wconf 83' lang='grc' dir='ltr'>τὴν</span> <span class='ocrx_word' id='word_1_19' title='bbox 713 542 884 615; x_wconf 81' lang='grc' dir='ltr'>αὐτὴν</span> <span class='ocrx_word' id='word_1_20' title='bbox 919 541 1132 613; x_wconf 68' lang='grc' dir='ltr'>ἔχοντες</span> <span class='ocrx_word' id='word_1_21' title='bbox 1165 540 1351 611; x_wconf 84' lang='grc' dir='ltr'>φωνὴν</span> <span class='ocrx_word' id='word_1_22' title='bbox 1380 538 1475 593; x_wconf 77' lang='grc' dir='ltr'>καὶ</span> <span class='ocrx_word' id='word_1_23' title='bbox 1514 534 1767 600; x_wconf 81' lang='grc' dir='ltr'>διάλεξιν,</span> <span class='ocrx_word' id='word_1_24' title='bbox 1799 531 1917 594; x_wconf 89' lang='grc' dir='ltr'>πῶς</span> <span class='ocrx_word' id='word_1_25' title='bbox 1946 528 2028 617; x_wconf 13' lang='grc' dir='ltr'>Ῠᾶν</span> 
     </span>
    </p>
   </div>
   <div class='ocr_carea' id='block_1_5' title="bbox 362 616 2026 703">
    <p class='ocr_par' dir='ltr' id='par_1_5' title="bbox 362 616 2026 703">
     <span class='ocr_line' id='line_1_5' title="bbox 362 616 2026 703; baseline -0.009 -17"><span class='ocrx_word' id='word_1_26' title='bbox 362 616 797 703; x_wconf 60' lang='grc' dir='ltr'>⁴ἠδύναντοκατά</span> <span class='ocrx_word' id='word_1_27' title='bbox 838 628 1004 683; x_wconf 80' lang='grc' dir='ltr'>ταύτὸ</span> <span class='ocrx_word' id='word_1_28' title='bbox 1036 630 1239 693; x_wconf 84' lang='grc' dir='ltr'>οίκεϊν;</span> <span class='ocrx_word' id='word_1_29' title='bbox 1278 626 1388 680; x_wconf 75' lang='grc' dir='ltr'>Καὶ</span> <span class='ocrx_word' id='word_1_30' title='bbox 1422 623 1763 690; x_wconf 83' lang='grc' dir='ltr'>διέσπειρεν</span> <span class='ocrx_word' id='word_1_31' title='bbox 1785 616 2026 683; x_wconf 82' lang='grc' dir='ltr'>αὐτοὺς,</span> 
     </span>
    </p>
   </div>
   <div class='ocr_carea' id='block_1_6' title="bbox 364 704 2031 791">
    <p class='ocr_par' dir='ltr' id='par_1_6' title="bbox 364 704 2031 791">
     <span class='ocr_line' id='line_1_6' title="bbox 364 704 2031 791; baseline -0.01 -18"><span class='ocrx_word' id='word_1_32' title='bbox 364 721 518 791; x_wconf 79' lang='grc' dir='ltr'>φησὶ,</span> <span class='ocrx_word' id='word_1_33' title='bbox 544 719 755 787; x_wconf 81' lang='grc' dir='ltr'>Κύριος</span> <span class='ocrx_word' id='word_1_34' title='bbox 784 719 818 771; x_wconf 82' lang='grc' dir='ltr'>ό</span> <span class='ocrx_word' id='word_1_35' title='bbox 852 715 997 783; x_wconf 86' lang='grc' dir='ltr'>Θεὸς</span> <span class='ocrx_word' id='word_1_36' title='bbox 1029 714 1259 769; x_wconf 80' lang='grc' dir='ltr'>ἐκεῖθεν</span> <span class='ocrx_word' id='word_1_37' title='bbox 1285 712 1385 767; x_wconf 77' lang='grc' dir='ltr'>ἐπὶ</span> <span class='ocrx_word' id='word_1_38' title='bbox 1443 708 1798 779; x_wconf 78' lang='grc' dir='ltr'>προσώπουι</span> <span class='ocrx_word' id='word_1_39' title='bbox 1826 704 2031 771; x_wconf 82' lang='grc' dir='ltr'>πάσης</span> 
     </span>
    </p>
   </div>
   <div class='ocr_carea' id='block_1_7' title="bbox 361 794 2033 878">
    <p class='ocr_par' dir='ltr' id='par_1_7' title="bbox 361 794 2033 878">
     <span class='ocr_line' id='line_1_7' title="bbox 361 794 2033 878; baseline -0.011 -14"><span class='ocrx_word' id='word_1_40' title='bbox 361 809 475 877; x_wconf 82' lang='grc' dir='ltr'>τῆς</span> <span class='ocrx_word' id='word_1_41' title='bbox 512 807 645 878; x_wconf 76' lang='grc' dir='ltr'>τῆς,</span> <span class='ocrx_word' id='word_1_42' title='bbox 683 807 783 860; x_wconf 80' lang='grc' dir='ltr'>καὶ</span> <span class='ocrx_word' id='word_1_43' title='bbox 823 806 1169 860; x_wconf 80' lang='grc' dir='ltr'>ἐπαύσαντο</span> <span class='ocrx_word' id='word_1_44' title='bbox 1212 799 1669 870; x_wconf 82' lang='grc' dir='ltr'>οίκοδομοῦντες</span> <span class='ocrx_word' id='word_1_45' title='bbox 1692 795 1807 864; x_wconf 82' lang='grc' dir='ltr'>τὴν</span> <span class='ocrx_word' id='word_1_46' title='bbox 1850 794 2033 847; x_wconf 79' lang='grc' dir='ltr'>πόλιν</span> 
     </span>
    </p>
   </div>
   <div class='ocr_carea' id='block_1_8' title="bbox 362 881 2030 965">
    <p class='ocr_par' dir='ltr' id='par_1_8' title="bbox 362 881 2030 965">
     <span class='ocr_line' id='line_1_8' title="bbox 362 881 2030 965; baseline -0.011 -14"><span class='ocrx_word' id='word_1_47' title='bbox 362 897 462 951; x_wconf 81' lang='grc' dir='ltr'>καί</span> <span class='ocrx_word' id='word_1_48' title='bbox 500 896 607 950; x_wconf 86' lang='grc' dir='ltr'>τὸν</span> <span class='ocrx_word' id='word_1_49' title='bbox 655 895 907 965; x_wconf 74' lang='grc' dir='ltr'>πύργον.</span> <span class='ocrx_word' id='word_1_50' title='bbox 954 892 1097 963; x_wconf 86' lang='grc' dir='ltr'>Ὅρα</span> <span class='ocrx_word' id='word_1_51' title='bbox 1142 888 1412 943; x_wconf 89' lang='grc' dir='ltr'>Δεσπότου</span> <span class='ocrx_word' id='word_1_52' title='bbox 1467 882 1897 955; x_wconf 83' lang='grc' dir='ltr'>φιλανθρωπίαν,</span> <span class='ocrx_word' id='word_1_53' title='bbox 1949 881 2030 944; x_wconf 85' lang='grc' dir='ltr'>εἰς</span> 
     </span>
    </p>
   </div>
   <div class='ocr_carea' id='block_1_9' title="bbox 362 969 2034 1057">
    <p class='ocr_par' dir='ltr' id='par_1_9' title="bbox 362 969 2034 1057">
     <span class='ocr_line' id='line_1_9' title="bbox 362 969 2034 1057; baseline -0.012 -17"><span class='ocrx_word' id='word_1_54' title='bbox 362 987 493 1057; x_wconf 78' lang='grc' dir='ltr'>ὅσην</span> <span class='ocrx_word' id='word_1_55' title='bbox 523 984 721 1046; x_wconf 81' lang='grc' dir='ltr'>αὐτοὺς</span> <span class='ocrx_word' id='word_1_56' title='bbox 749 980 1001 1035; x_wconf 91' lang='grc' dir='ltr'>ἐνέϐαλεν</span> <span class='ocrx_word' id='word_1_57' title='bbox 1033 977 1363 1050; x_wconf 81' lang='grc' dir='ltr'>ἀμηχανίαν.</span> <span class='ocrx_word' id='word_1_58' title='bbox 1392 975 1504 1028; x_wconf 96' lang='lat' dir='ltr'>Kal</span> <span class='ocrx_word' id='word_1_59' title='bbox 1535 973 1645 1044; x_wconf 84' lang='grc' dir='ltr'>γὰρ</span> <span class='ocrx_word' id='word_1_60' title='bbox 1690 969 2034 1042; x_wconf 84' lang='grc' dir='ltr'>μαινομένοις</span> 
     </span>
    </p>
   </div>
   <div class='ocr_carea' id='block_1_10' title="bbox 362 1057 2033 1139">
    <p class='ocr_par' dir='ltr' id='par_1_10' title="bbox 362 1057 2033 1139">
     <span class='ocr_line' id='line_1_10' title="bbox 362 1057 2033 1139; baseline -0.011 -10"><span class='ocrx_word' id='word_1_61' title='bbox 362 1073 547 1128; x_wconf 70' lang='grc' dir='ltr'>λοιπὸν</span> <span class='ocrx_word' id='word_1_62' title='bbox 598 1071 858 1125; x_wconf 86' lang='grc' dir='ltr'>ἐοίκασιν.</span> <span class='ocrx_word' id='word_1_63' title='bbox 900 1070 958 1122; x_wconf 90' lang='lat'><strong>&#39;0</strong></span> <span class='ocrx_word' id='word_1_64' title='bbox 996 1067 1094 1139; x_wconf 79' lang='grc' dir='ltr'>μὲν</span> <span class='ocrx_word' id='word_1_65' title='bbox 1124 1066 1417 1119; x_wconf 73' lang='grc' dir='ltr'>ἐπέταττεν</span> <span class='ocrx_word' id='word_1_66' title='bbox 1456 1061 1663 1131; x_wconf 71' lang='grc' dir='ltr'>ἕτερον,</span> <span class='ocrx_word' id='word_1_67' title='bbox 1699 1062 1727 1113; x_wconf 90' lang='lat'>6</span> <span class='ocrx_word' id='word_1_68' title='bbox 1756 1057 1813 1111; x_wconf 83' lang='grc' dir='ltr'>δὲ</span> <span class='ocrx_word' id='word_1_69' title='bbox 1845 1057 2033 1128; x_wconf 80' lang='grc' dir='ltr'>ἓτερον</span> 
     </span>
    </p>
   </div>
   <div class='ocr_carea' id='block_1_11' title="bbox 364 1141 2032 1224">
    <p class='ocr_par' dir='ltr' id='par_1_11' title="bbox 364 1141 2032 1224">
     <span class='ocr_line' id='line_1_11' title="bbox 364 1141 2032 1224; baseline -0.011 -11"><span class='ocrx_word' id='word_1_70' title='bbox 364 1158 607 1213; x_wconf 73' lang='grc' dir='ltr'>ἐπεδίδου</span> <span class='ocrx_word' id='word_1_71' title='bbox 628 1174 642 1187; x_wconf 87' lang='grc'>·</span> <span class='ocrx_word' id='word_1_72' title='bbox 693 1155 788 1210; x_wconf 80' lang='grc' dir='ltr'>καὶ</span> <span class='ocrx_word' id='word_1_73' title='bbox 836 1153 1091 1224; x_wconf 90' lang='grc' dir='ltr'>ἀνόνητος</span> <span class='ocrx_word' id='word_1_74' title='bbox 1134 1151 1316 1212; x_wconf 77' lang='grc' dir='ltr'>αὐτοῖς</span> <span class='ocrx_word' id='word_1_75' title='bbox 1344 1146 1531 1201; x_wconf 76' lang='grc' dir='ltr'>λοιπὸν</span> <span class='ocrx_word' id='word_1_76' title='bbox 1560 1141 1629 1218; x_wconf 78' lang='grc' dir='ltr'>ἦν</span> <span class='ocrx_word' id='word_1_77' title='bbox 1661 1146 1808 1198; x_wconf 83' lang='grc' dir='ltr'>πᾶσα</span> <span class='ocrx_word' id='word_1_78' title='bbox 1840 1144 1874 1213; x_wconf 82' lang='grc' dir='ltr'>ἡ</span> <span class='ocrx_word' id='word_1_79' title='bbox 1910 1145 2032 1195; x_wconf 87' lang='grc' dir='ltr'>ἐπι-</span> 
     </span>
    </p>
   </div>
   <div class='ocr_carea' id='block_1_12' title="bbox 364 1229 2035 1318">
    <p class='ocr_par' dir='ltr' id='par_1_12' title="bbox 364 1229 2035 1318">
     <span class='ocr_line' id='line_1_12' title="bbox 364 1229 2035 1318; baseline -0.011 -18"><span class='ocrx_word' id='word_1_80' title='bbox 364 1247 637 1318; x_wconf 88' lang='grc' dir='ltr'>χείρησις.</span> <span class='ocrx_word' id='word_1_81' title='bbox 690 1244 781 1297; x_wconf 84' lang='grc' dir='ltr'>Διὸ</span> <span class='ocrx_word' id='word_1_82' title='bbox 833 1241 941 1296; x_wconf 81' lang='grc' dir='ltr'>Καὶ</span> <span class='ocrx_word' id='word_1_83' title='bbox 993 1239 1339 1293; x_wconf 78' lang='grc' dir='ltr'>ἐπαύσαντο</span> <span class='ocrx_word' id='word_1_84' title='bbox 1410 1231 1879 1318; x_wconf 75' lang='grc' dir='ltr'>οἰκοδομοῦντες</span> <span class='ocrx_word' id='word_1_85' title='bbox 1918 1229 2035 1296; x_wconf 80' lang='grc' dir='ltr'>τὴν</span> 
     </span>
    </p>
   </div>
   <div class='ocr_carea' id='block_1_13' title="bbox 363 1317 2035 1397">
    <p class='ocr_par' dir='ltr' id='par_1_13' title="bbox 363 1317 2035 1397">
     <span class='ocr_line' id='line_1_13' title="bbox 363 1317 2035 1397; baseline -0.012 -10"><span class='ocrx_word' id='word_1_86' title='bbox 363 1317 546 1387; x_wconf 67' lang='grc' dir='ltr'>πόλιν</span> <span class='ocrx_word' id='word_1_87' title='bbox 581 1332 678 1386; x_wconf 80' lang='grc' dir='ltr'>καὶ</span> <span class='ocrx_word' id='word_1_88' title='bbox 711 1330 819 1384; x_wconf 86' lang='grc' dir='ltr'>τὸν</span> <span class='ocrx_word' id='word_1_89' title='bbox 856 1329 1105 1397; x_wconf 65' lang='grc' dir='ltr'>πύρνον.</span> <span class='ocrx_word' id='word_1_90' title='bbox 1133 1324 1237 1379; x_wconf 81' lang='grc' dir='ltr'>Διὰ</span> <span class='ocrx_word' id='word_1_91' title='bbox 1278 1322 1453 1377; x_wconf 84' lang='grc' dir='ltr'>τοῦτο</span> <span class='ocrx_word' id='word_1_92' title='bbox 1488 1319 1713 1386; x_wconf 79' lang='grc' dir='ltr'>ἐκλήθη</span> <span class='ocrx_word' id='word_1_93' title='bbox 1754 1317 1819 1371; x_wconf 86' lang='grc' dir='ltr'>τὸ</span> <span class='ocrx_word' id='word_1_94' title='bbox 1848 1317 2035 1385; x_wconf 74' lang='grc' dir='ltr'>ὄνομα</span> 
     </span>
    </p>
   </div>
   <div class='ocr_carea' id='block_1_14' title="bbox 362 1402 2035 1488">
    <p class='ocr_par' dir='ltr' id='par_1_14' title="bbox 362 1402 2035 1488">
     <span class='ocr_line' id='line_1_14' title="bbox 362 1402 2035 1488; baseline -0.011 -13"><span class='ocrx_word' id='word_1_95' title='bbox 362 1418 575 1488; x_wconf 83' lang='grc' dir='ltr'>αὐτῆς,</span> <span class='ocrx_word' id='word_1_96' title='bbox 603 1417 907 1487; x_wconf 71' lang='grc' dir='ltr'>Σύγχυσις</span> <span class='ocrx_word' id='word_1_97' title='bbox 930 1432 944 1445; x_wconf 77' lang='grc' dir='ltr'><strong>ο</strong></span> <span class='ocrx_word' id='word_1_98' title='bbox 978 1413 1067 1467; x_wconf 84' lang='grc' dir='ltr'>ὅτι</span> <span class='ocrx_word' id='word_1_99' title='bbox 1108 1414 1238 1465; x_wconf 77' lang='grc' dir='ltr'>ἐκεῖ</span> <span class='ocrx_word' id='word_1_100' title='bbox 1272 1408 1531 1479; x_wconf 73' lang='grc' dir='ltr'>συνέχεε</span> <span class='ocrx_word' id='word_1_101' title='bbox 1578 1406 1792 1475; x_wconf 85' lang='grc' dir='ltr'>Κύριος</span> <span class='ocrx_word' id='word_1_102' title='bbox 1818 1408 1851 1459; x_wconf 84' lang='grc' dir='ltr'>ό</span> <span class='ocrx_word' id='word_1_103' title='bbox 1891 1402 2035 1471; x_wconf 82' lang='grc' dir='ltr'>Θεὸς</span> 
     </span>
    </p>
   </div>
   <div class='ocr_carea' id='block_1_15' title="bbox 364 1493 2036 1576">
    <p class='ocr_par' dir='ltr' id='par_1_15' title="bbox 364 1493 2036 1576">
     <span class='ocr_line' id='line_1_15' title="bbox 364 1493 2036 1576; baseline -0.011 -14"><span class='ocrx_word' id='word_1_104' title='bbox 364 1507 437 1562; x_wconf 83' lang='grc' dir='ltr'>τὰ</span> <span class='ocrx_word' id='word_1_105' title='bbox 487 1509 659 1576; x_wconf 78' lang='grc' dir='ltr'>χείλη</span> <span class='ocrx_word' id='word_1_106' title='bbox 693 1504 897 1572; x_wconf 83' lang='grc' dir='ltr'>πάσης</span> <span class='ocrx_word' id='word_1_107' title='bbox 928 1502 1046 1569; x_wconf 68' lang='grc' dir='ltr'>τῆς</span> <span class='ocrx_word' id='word_1_108' title='bbox 1088 1499 1229 1571; x_wconf 78' lang='grc' dir='ltr'>τῆς·</span> <span class='ocrx_word' id='word_1_109' title='bbox 1275 1498 1374 1552; x_wconf 80' lang='grc' dir='ltr'>καί</span> <span class='ocrx_word' id='word_1_110' title='bbox 1424 1495 1654 1550; x_wconf 77' lang='grc' dir='ltr'>ἐκεῖθεν</span> <span class='ocrx_word' id='word_1_111' title='bbox 1696 1493 2036 1560; x_wconf 84' lang='grc' dir='ltr'>διέσπειρεν</span> 
     </span>
    </p>
   </div>
   <div class='ocr_carea' id='block_1_16' title="bbox 363 1580 2034 1660">
    <p class='ocr_par' dir='ltr' id='par_1_16' title="bbox 363 1580 2034 1660">
     <span class='ocr_line' id='line_1_16' title="bbox 363 1580 2034 1660; baseline -0.011 -10"><span class='ocrx_word' id='word_1_112' title='bbox 363 1594 584 1659; x_wconf 85' lang='grc' dir='ltr'>αὐτοὺς</span> <span class='ocrx_word' id='word_1_113' title='bbox 620 1593 835 1660; x_wconf 85' lang='grc' dir='ltr'>Κύριος</span> <span class='ocrx_word' id='word_1_114' title='bbox 876 1593 908 1644; x_wconf 85' lang='grc' dir='ltr'><em>ὁ</em></span> <span class='ocrx_word' id='word_1_115' title='bbox 942 1588 1085 1654; x_wconf 80' lang='grc' dir='ltr'>Θεὸς</span> <span class='ocrx_word' id='word_1_116' title='bbox 1131 1586 1231 1640; x_wconf 73' lang='grc' dir='ltr'>ἐπὶ</span> <span class='ocrx_word' id='word_1_117' title='bbox 1275 1583 1479 1651; x_wconf 85' lang='grc' dir='ltr'>πάσης</span> <span class='ocrx_word' id='word_1_118' title='bbox 1508 1581 1619 1651; x_wconf 84' lang='grc' dir='ltr'>τῆς</span> <span class='ocrx_word' id='word_1_119' title='bbox 1666 1580 1799 1651; x_wconf 78' lang='grc' dir='ltr'>γῆς.</span> <span class='ocrx_word' id='word_1_120' title='bbox 1835 1580 2034 1632; x_wconf 82' lang='grc' dir='ltr'>Σκόπει</span> 
     </span>
    </p>
   </div>
   <div class='ocr_carea' id='block_1_17' title="bbox 365 1666 2037 1748">
    <p class='ocr_par' dir='ltr' id='par_1_17' title="bbox 365 1666 2037 1748">
     <span class='ocr_line' id='line_1_17' title="bbox 365 1666 2037 1748; baseline -0.011 -12"><span class='ocrx_word' id='word_1_121' title='bbox 365 1681 507 1736; x_wconf 85' lang='grc' dir='ltr'>πόσα</span> <span class='ocrx_word' id='word_1_122' title='bbox 545 1680 775 1748; x_wconf 87' lang='grc' dir='ltr'>γίνεται,</span> <span class='ocrx_word' id='word_1_123' title='bbox 819 1677 957 1730; x_wconf 82' lang='grc' dir='ltr'>ὥστε</span> <span class='ocrx_word' id='word_1_124' title='bbox 989 1675 1087 1746; x_wconf 79' lang='grc' dir='ltr'>τὴν</span> <span class='ocrx_word' id='word_1_125' title='bbox 1130 1675 1351 1745; x_wconf 82' lang='grc' dir='ltr'>μνήμην</span> <span class='ocrx_word' id='word_1_126' title='bbox 1389 1670 1552 1725; x_wconf 76' lang='grc' dir='ltr'>παντὶ</span> <span class='ocrx_word' id='word_1_127' title='bbox 1581 1669 1659 1738; x_wconf 84' lang='grc' dir='ltr'>τῷ</span> <span class='ocrx_word' id='word_1_128' title='bbox 1698 1666 1855 1720; x_wconf 77' lang='grc' dir='ltr'>αἰῶνι</span> <span class='ocrx_word' id='word_1_129' title='bbox 1901 1682 2037 1734; x_wconf 89' lang='grc' dir='ltr'>συμ-</span> 
     </span>
    </p>
   </div>
   <div class='ocr_carea' id='block_1_18' title="bbox 365 1753 2035 1841">
    <p class='ocr_par' dir='ltr' id='par_1_18' title="bbox 365 1753 2035 1841">
     <span class='ocr_line' id='line_1_18' title="bbox 365 1753 2035 1841; baseline -0.011 -17"><span class='ocrx_word' id='word_1_130' title='bbox 365 1766 836 1841; x_wconf 87' lang='grc' dir='ltr'>παρεκτείνεσθαι.</span> <span class='ocrx_word' id='word_1_131' title='bbox 864 1762 1085 1835; x_wconf 87' lang='grc' dir='ltr'>Πρῶτον</span> <span class='ocrx_word' id='word_1_132' title='bbox 1126 1760 1223 1831; x_wconf 84' lang='grc' dir='ltr'>μὲν</span> <span class='ocrx_word' id='word_1_133' title='bbox 1256 1761 1290 1829; x_wconf 84' lang='grc' dir='ltr'>ἠ</span> <span class='ocrx_word' id='word_1_134' title='bbox 1318 1758 1425 1812; x_wconf 92' lang='grc' dir='ltr'>τῶν</span> <span class='ocrx_word' id='word_1_135' title='bbox 1452 1754 1710 1825; x_wconf 81' lang='grc' dir='ltr'>γλωσσῶν</span> <span class='ocrx_word' id='word_1_136' title='bbox 1749 1753 2035 1841; x_wconf 82' lang='grc' dir='ltr'>διαίρεσις,</span> 
     </span>
    </p>
   </div>
   <div class='ocr_carea' id='block_1_19' title="bbox 369 1837 2031 1926">
    <p class='ocr_par' dir='ltr' id='par_1_19' title="bbox 369 1837 2031 1926">
     <span class='ocr_line' id='line_1_19' title="bbox 369 1837 2031 1926; baseline -0.011 -18"><span class='ocrx_word' id='word_1_137' title='bbox 369 1837 568 1926; x_wconf 71' lang='grc' dir='ltr'>μᾶλλον</span> <span class='ocrx_word' id='word_1_138' title='bbox 597 1852 654 1905; x_wconf 84' lang='grc' dir='ltr'>δέ</span> <span class='ocrx_word' id='word_1_139' title='bbox 681 1852 775 1903; x_wconf 74' lang='grc' dir='ltr'>καὶ</span> <span class='ocrx_word' id='word_1_140' title='bbox 808 1849 915 1920; x_wconf 82' lang='grc' dir='ltr'>πρὸ</span> <span class='ocrx_word' id='word_1_141' title='bbox 948 1846 1139 1901; x_wconf 90' lang='grc' dir='ltr'>τούτου</span> <span class='ocrx_word' id='word_1_142' title='bbox 1166 1847 1200 1917; x_wconf 87' lang='grc' dir='ltr'>ή</span> <span class='ocrx_word' id='word_1_143' title='bbox 1229 1844 1322 1898; x_wconf 87' lang='grc' dir='ltr'>τοῦ</span> <span class='ocrx_word' id='word_1_144' title='bbox 1357 1842 1622 1913; x_wconf 86' lang='grc' dir='ltr'>ὀνόματος</span> <span class='ocrx_word' id='word_1_145' title='bbox 1650 1837 1990 1926; x_wconf 79' lang='grc' dir='ltr'>προσηγορία</span> <span class='ocrx_word' id='word_1_146' title='bbox 2017 1854 2031 1869; x_wconf 93' lang='grc'>·</span> 
     </span>
    </p>
   </div>
   <div class='ocr_carea' id='block_1_20' title="bbox 365 1925 2034 2009">
    <p class='ocr_par' dir='ltr' id='par_1_20' title="bbox 365 1925 2034 2009">
     <span class='ocr_line' id='line_1_20' title="bbox 365 1925 2034 2009; baseline -0.011 -14"><span class='ocrx_word' id='word_1_147' title='bbox 365 1941 427 1995; x_wconf 78' lang='grc' dir='ltr'>τὸ</span> <span class='ocrx_word' id='word_1_148' title='bbox 452 1941 628 1994; x_wconf 81' lang='grc' dir='ltr'>Φαλὲκ</span> <span class='ocrx_word' id='word_1_149' title='bbox 656 1939 764 2009; x_wconf 85' lang='grc' dir='ltr'>γὰρ</span> <span class='ocrx_word' id='word_1_150' title='bbox 791 1936 979 2005; x_wconf 79' lang='grc' dir='ltr'>δνομα,</span> <span class='ocrx_word' id='word_1_151' title='bbox 1020 1935 1157 2004; x_wconf 82' lang='grc' dir='ltr'>ὅπερ</span> <span class='ocrx_word' id='word_1_152' title='bbox 1184 1935 1213 1986; x_wconf 87' lang='lat'>6</span> <span class='ocrx_word' id='word_1_153' title='bbox 1239 1931 1410 2000; x_wconf 81' lang='grc' dir='ltr'>Ἔϐερ</span> <span class='ocrx_word' id='word_1_154' title='bbox 1452 1928 1690 1999; x_wconf 81' lang='grc' dir='ltr'>ἐπέθηκε</span> <span class='ocrx_word' id='word_1_155' title='bbox 1732 1926 1811 1998; x_wconf 81' lang='grc' dir='ltr'>τῷ</span> <span class='ocrx_word' id='word_1_156' title='bbox 1845 1925 1999 1980; x_wconf 74' lang='grc' dir='ltr'>παιδὶ</span> <span class='ocrx_word' id='word_1_157' title='bbox 2017 1964 2034 1990; x_wconf 88' lang='grc'>,</span> 
     </span>
    </p>
   </div>
   <div class='ocr_carea' id='block_1_21' title="bbox 372 2012 2034 2099">
    <p class='ocr_par' dir='ltr' id='par_1_21' title="bbox 372 2012 2034 2099">
     <span class='ocr_line' id='line_1_21' title="bbox 372 2012 2034 2099; baseline -0.009 -19"><span class='ocrx_word' id='word_1_158' title='bbox 372 2026 639 2099; x_wconf 78' lang='grc' dir='ltr'>μερισμὸν</span> <span class='ocrx_word' id='word_1_159' title='bbox 673 2022 950 2093; x_wconf 88' lang='grc' dir='ltr'>σημαίνει.</span> <span class='ocrx_word' id='word_1_160' title='bbox 976 2021 1207 2073; x_wconf 87' lang='grc' dir='ltr'>Ἔπειτα</span> <span class='ocrx_word' id='word_1_161' title='bbox 1249 2019 1282 2090; x_wconf 82' lang='grc' dir='ltr'>ή</span> <span class='ocrx_word' id='word_1_162' title='bbox 1322 2015 1417 2071; x_wconf 90' lang='grc' dir='ltr'>τοῦ</span> <span class='ocrx_word' id='word_1_163' title='bbox 1448 2017 1613 2070; x_wconf 86' lang='grc' dir='ltr'>τόπου</span> <span class='ocrx_word' id='word_1_164' title='bbox 1656 2012 1997 2086; x_wconf 80' lang='grc' dir='ltr'>προσηγορία</span> <span class='ocrx_word' id='word_1_165' title='bbox 2019 2029 2034 2045; x_wconf 89' lang='grc'>·</span> 
     </span>
    </p>
   </div>
   <div class='ocr_carea' id='block_1_22' title="bbox 367 2099 2033 2182">
    <p class='ocr_par' dir='ltr' id='par_1_22' title="bbox 367 2099 2033 2182">
     <span class='ocr_line' id='line_1_22' title="bbox 367 2099 2033 2182; baseline -0.009 -14"><span class='ocrx_word' id='word_1_166' title='bbox 367 2115 634 2182; x_wconf 88' lang='grc' dir='ltr'>Σύγχυσις</span> <span class='ocrx_word' id='word_1_167' title='bbox 664 2111 773 2181; x_wconf 83' lang='grc' dir='ltr'>γάρ</span> <span class='ocrx_word' id='word_1_168' title='bbox 806 2111 834 2161; x_wconf 96' lang='lat'>6</span> <span class='ocrx_word' id='word_1_169' title='bbox 868 2108 1031 2170; x_wconf 89' lang='grc' dir='ltr'>τόπος</span> <span class='ocrx_word' id='word_1_170' title='bbox 1071 2104 1385 2176; x_wconf 83' lang='grc' dir='ltr'>ὠνομάσθη,</span> <span class='ocrx_word' id='word_1_171' title='bbox 1410 2104 1547 2173; x_wconf 85' lang='grc' dir='ltr'>ὅπερ</span> <span class='ocrx_word' id='word_1_172' title='bbox 1595 2102 1712 2154; x_wconf 76' lang='grc' dir='ltr'>ἐστὶ</span> <span class='ocrx_word' id='word_1_173' title='bbox 1756 2099 2033 2154; x_wconf 83' lang='grc' dir='ltr'>Βαϐυλών.</span> 
     </span>
    </p>
   </div>
   <div class='ocr_carea' id='block_1_23' title="bbox 371 2184 2035 2265">
    <p class='ocr_par' dir='ltr' id='par_1_23' title="bbox 371 2184 2035 2265">
     <span class='ocr_line' id='line_1_23' title="bbox 371 2184 2035 2265; baseline -0.01 -10"><span class='ocrx_word' id='word_1_174' title='bbox 371 2202 603 2255; x_wconf 83' lang='grc' dir='ltr'>Ἔπειτα</span> <span class='ocrx_word' id='word_1_175' title='bbox 658 2198 821 2259; x_wconf 84' lang='grc' dir='ltr'>αὐτὸς</span> <span class='ocrx_word' id='word_1_176' title='bbox 862 2196 891 2249; x_wconf 89' lang='lat'>6</span> <span class='ocrx_word' id='word_1_177' title='bbox 914 2194 1084 2265; x_wconf 84' lang='grc' dir='ltr'>Ἔϐερ</span> <span class='ocrx_word' id='word_1_178' title='bbox 1109 2192 1266 2260; x_wconf 76' lang='grc' dir='ltr'>ἔμενε</span> <span class='ocrx_word' id='word_1_179' title='bbox 1296 2191 1395 2263; x_wconf 80' lang='grc' dir='ltr'>τὴν</span> <span class='ocrx_word' id='word_1_180' title='bbox 1420 2190 1590 2257; x_wconf 81' lang='grc' dir='ltr'>αὐτὴν</span> <span class='ocrx_word' id='word_1_181' title='bbox 1619 2187 1756 2258; x_wconf 81' lang='grc' dir='ltr'>ἔχων</span> <span class='ocrx_word' id='word_1_182' title='bbox 1781 2184 2035 2252; x_wconf 80' lang='grc' dir='ltr'>διάλεξιν,</span> 
     </span>
    </p>
   </div>
   <div class='ocr_carea' id='block_1_24' title="bbox 366 2274 2040 2359">
    <p class='ocr_par' dir='ltr' id='par_1_24' title="bbox 366 2274 2040 2359">
     <span class='ocr_line' id='line_1_24' title="bbox 366 2274 2040 2359; baseline -0.01 -17"><span class='ocrx_word' id='word_1_183' title='bbox 366 2290 545 2359; x_wconf 73' lang='grc' dir='ltr'>ἥνπερ</span> <span class='ocrx_word' id='word_1_184' title='bbox 587 2285 682 2340; x_wconf 67' lang='grc' dir='ltr'>καὶ</span> <span class='ocrx_word' id='word_1_185' title='bbox 719 2283 1005 2354; x_wconf 84' lang='grc' dir='ltr'>πρότερον,</span> <span class='ocrx_word' id='word_1_186' title='bbox 1039 2281 1127 2334; x_wconf 84' lang='grc' dir='ltr'>ίνα</span> <span class='ocrx_word' id='word_1_187' title='bbox 1171 2280 1265 2333; x_wconf 75' lang='grc' dir='ltr'>καὶ</span> <span class='ocrx_word' id='word_1_188' title='bbox 1325 2278 1484 2333; x_wconf 89' lang='grc' dir='ltr'>τοῦτο</span> <span class='ocrx_word' id='word_1_189' title='bbox 1534 2277 1759 2347; x_wconf 88' lang='grc' dir='ltr'>σημεῖον</span> <span class='ocrx_word' id='word_1_190' title='bbox 1813 2274 2040 2345; x_wconf 82' lang='grc' dir='ltr'>ἐναργὲς</span> 
     </span>
    </p>
   </div>
   <div class='ocr_carea' id='block_1_25' title="bbox 367 2360 2039 2446">
    <p class='ocr_par' dir='ltr' id='par_1_25' title="bbox 367 2360 2039 2446">
     <span class='ocr_line' id='line_1_25' title="bbox 367 2360 2039 2446; baseline -0.01 -18"><span class='ocrx_word' id='word_1_191' title='bbox 367 2376 590 2446; x_wconf 87' lang='grc' dir='ltr'>γένηται</span> <span class='ocrx_word' id='word_1_192' title='bbox 634 2373 734 2443; x_wconf 81' lang='grc' dir='ltr'>τῆς</span> <span class='ocrx_word' id='word_1_193' title='bbox 788 2369 1127 2441; x_wconf 87' lang='grc' dir='ltr'>διαιρέσεως.</span> <span class='ocrx_word' id='word_1_194' title='bbox 1179 2364 1333 2430; x_wconf 71' lang='grc' dir='ltr'>Εἶδες</span> <span class='ocrx_word' id='word_1_195' title='bbox 1386 2364 1476 2419; x_wconf 89' lang='grc' dir='ltr'>διά</span> <span class='ocrx_word' id='word_1_196' title='bbox 1528 2364 1711 2417; x_wconf 89' lang='grc' dir='ltr'>πόσων</span> <span class='ocrx_word' id='word_1_197' title='bbox 1762 2360 2039 2432; x_wconf 81' lang='grc' dir='ltr'>ἠϐουλήθη</span> 
     </span>
    </p>
   </div>
   <div class='ocr_carea' id='block_1_26' title="bbox 367 2448 2037 2532">
    <p class='ocr_par' dir='ltr' id='par_1_26' title="bbox 367 2448 2037 2532">
     <span class='ocr_line' id='line_1_26' title="bbox 367 2448 2037 2532; baseline -0.008 -17"><span class='ocrx_word' id='word_1_198' title='bbox 367 2463 586 2532; x_wconf 80' lang='grc' dir='ltr'>διηνεκῆ</span> <span class='ocrx_word' id='word_1_199' title='bbox 630 2460 728 2527; x_wconf 78' lang='grc' dir='ltr'>τὴν</span> <span class='ocrx_word' id='word_1_200' title='bbox 781 2458 1000 2528; x_wconf 89' lang='grc' dir='ltr'>μνήμην</span> <span class='ocrx_word' id='word_1_201' title='bbox 1046 2452 1424 2518; x_wconf 79' lang='grc' dir='ltr'>διασώζεσθαι,</span> <span class='ocrx_word' id='word_1_202' title='bbox 1456 2452 1553 2507; x_wconf 75' lang='grc' dir='ltr'>καὶ</span> <span class='ocrx_word' id='word_1_203' title='bbox 1600 2450 1869 2523; x_wconf 87' lang='grc' dir='ltr'>μηδέποτε</span> <span class='ocrx_word' id='word_1_204' title='bbox 1898 2448 2037 2520; x_wconf 79' lang='grc' dir='ltr'>λήθῃ</span> 
     </span>
    </p>
   </div>
   <div class='ocr_carea' id='block_1_27' title="bbox 369 2536 2037 2619">
    <p class='ocr_par' dir='ltr' id='par_1_27' title="bbox 369 2536 2037 2619">
     <span class='ocr_line' id='line_1_27' title="bbox 369 2536 2037 2619; baseline -0.007 -19"><span class='ocrx_word' id='word_1_205' title='bbox 369 2545 738 2619; x_wconf 80' lang='grc' dir='ltr'>παραδοθῆναι</span> <span class='ocrx_word' id='word_1_206' title='bbox 765 2543 825 2596; x_wconf 84' lang='grc' dir='ltr'>τὸ</span> <span class='ocrx_word' id='word_1_207' title='bbox 854 2543 975 2596; x_wconf 88' lang='grc' dir='ltr'>τότε</span> <span class='ocrx_word' id='word_1_208' title='bbox 1010 2540 1373 2612; x_wconf 80' lang='grc' dir='ltr'>γεγενημένον</span> <span class='ocrx_word' id='word_1_209' title='bbox 1391 2555 1406 2605; x_wconf 92' lang='grc'>;</span> <span class='ocrx_word' id='word_1_210' title='bbox 1440 2539 1552 2594; x_wconf 89' lang='lat' dir='ltr'>Kal</span> <span class='ocrx_word' id='word_1_211' title='bbox 1583 2538 1693 2610; x_wconf 87' lang='grc' dir='ltr'>γάρ</span> <span class='ocrx_word' id='word_1_212' title='bbox 1724 2538 1783 2602; x_wconf 84' lang='grc' dir='ltr'>ἐξ</span> <span class='ocrx_word' id='word_1_213' title='bbox 1828 2536 2037 2590; x_wconf 80' lang='grc' dir='ltr'>ἐκείνου</span> 
     </span>
    </p>
   </div>
   <div class='ocr_carea' id='block_1_28' title="bbox 370 2623 2041 2700">
    <p class='ocr_par' dir='ltr' id='par_1_28' title="bbox 370 2623 2041 2700">
     <span class='ocr_line' id='line_1_28' title="bbox 370 2623 2041 2700; baseline -0.005 -13"><span class='ocrx_word' id='word_1_214' title='bbox 370 2633 554 2688; x_wconf 76' lang='grc' dir='ltr'>λοιπὸν</span> <span class='ocrx_word' id='word_1_215' title='bbox 583 2630 764 2700; x_wconf 74' lang='grc' dir='ltr'>πατὴρ</span> <span class='ocrx_word' id='word_1_216' title='bbox 789 2629 940 2682; x_wconf 67' lang='grc' dir='ltr'>παιδὶ</span> <span class='ocrx_word' id='word_1_217' title='bbox 965 2629 1209 2698; x_wconf 82' lang='grc' dir='ltr'>ἀνάγκην</span> <span class='ocrx_word' id='word_1_218' title='bbox 1248 2623 1361 2698; x_wconf 71' lang='grc' dir='ltr'>εἶχε</span> <span class='ocrx_word' id='word_1_219' title='bbox 1395 2627 1495 2697; x_wconf 85' lang='grc' dir='ltr'>τὴν</span> <span class='ocrx_word' id='word_1_220' title='bbox 1529 2625 1709 2680; x_wconf 87' lang='grc' dir='ltr'>αἰτίαν</span> <span class='ocrx_word' id='word_1_221' title='bbox 1733 2624 1911 2693; x_wconf 86' lang='grc' dir='ltr'>λέγειν</span> <span class='ocrx_word' id='word_1_222' title='bbox 1939 2623 2041 2693; x_wconf 83' lang='grc' dir='ltr'>τῆς</span> 
     </span>
    </p>
   </div>
   <div class='ocr_carea' id='block_1_29' title="bbox 371 2711 2040 2791">
    <p class='ocr_par' dir='ltr' id='par_1_29' title="bbox 371 2711 2040 2791">
     <span class='ocr_line' id='line_1_29' title="bbox 371 2711 2040 2791; baseline -0.005 -18"><span class='ocrx_word' id='word_1_223' title='bbox 371 2716 758 2791; x_wconf 78' lang='grc' dir='ltr'>ἑτεροφωνίας,</span> <span class='ocrx_word' id='word_1_224' title='bbox 790 2716 886 2769; x_wconf 78' lang='grc' dir='ltr'>καὶ</span> <span class='ocrx_word' id='word_1_225' title='bbox 917 2717 1047 2778; x_wconf 89' lang='grc' dir='ltr'>παῖς</span> <span class='ocrx_word' id='word_1_226' title='bbox 1088 2713 1237 2785; x_wconf 87' lang='grc' dir='ltr'>παρά</span> <span class='ocrx_word' id='word_1_227' title='bbox 1271 2713 1477 2785; x_wconf 77' lang='grc' dir='ltr'>πατρὸς</span> <span class='ocrx_word' id='word_1_228' title='bbox 1524 2712 1813 2784; x_wconf 80' lang='grc' dir='ltr'>μανθάνειν</span> <span class='ocrx_word' id='word_1_229' title='bbox 1860 2711 2040 2782; x_wconf 87' lang='grc' dir='ltr'>ἐζήτει</span> 
     </span>
    </p>
   </div>
   <div class='ocr_carea' id='block_1_30' title="bbox 370 2796 2040 2876">
    <p class='ocr_par' dir='ltr' id='par_1_30' title="bbox 370 2796 2040 2876">
     <span class='ocr_line' id='line_1_30' title="bbox 370 2796 2040 2876; baseline -0.006 -17"><span class='ocrx_word' id='word_1_230' title='bbox 370 2806 472 2876; x_wconf 85' lang='grc' dir='ltr'>τῆς</span> <span class='ocrx_word' id='word_1_231' title='bbox 499 2804 593 2856; x_wconf 89' lang='grc' dir='ltr'>τοῦ</span> <span class='ocrx_word' id='word_1_232' title='bbox 626 2803 793 2856; x_wconf 87' lang='grc' dir='ltr'>τόπου</span> <span class='ocrx_word' id='word_1_233' title='bbox 837 2800 1205 2871; x_wconf 78' lang='grc' dir='ltr'>προσηγορίας</span> <span class='ocrx_word' id='word_1_234' title='bbox 1253 2798 1350 2869; x_wconf 82' lang='grc' dir='ltr'>τὴν</span> <span class='ocrx_word' id='word_1_235' title='bbox 1394 2797 1601 2851; x_wconf 81' lang='grc' dir='ltr'>αἰτίαν·</span> <span class='ocrx_word' id='word_1_236' title='bbox 1635 2796 1891 2851; x_wconf 84' lang='grc' dir='ltr'>Βαϐυλὼν</span> <span class='ocrx_word' id='word_1_237' title='bbox 1933 2796 2040 2868; x_wconf 73' lang='grc' dir='ltr'>γὰρ</span> 
     </span>
    </p>
   </div>
   <div class='ocr_carea' id='block_1_31' title="bbox 370 2883 2041 2958">
    <p class='ocr_par' dir='ltr' id='par_1_31' title="bbox 370 2883 2041 2958">
     <span class='ocr_line' id='line_1_31' title="bbox 370 2883 2041 2958; baseline -0.006 -11"><span class='ocrx_word' id='word_1_238' title='bbox 370 2893 459 2947; x_wconf 90' lang='grc' dir='ltr'>διά</span> <span class='ocrx_word' id='word_1_239' title='bbox 488 2890 645 2945; x_wconf 89' lang='grc' dir='ltr'>τοῦτο</span> <span class='ocrx_word' id='word_1_240' title='bbox 676 2891 704 2944; x_wconf 92' lang='lat'>6</span> <span class='ocrx_word' id='word_1_241' title='bbox 735 2888 900 2951; x_wconf 84' lang='grc' dir='ltr'>τόπος</span> <span class='ocrx_word' id='word_1_242' title='bbox 940 2884 1233 2956; x_wconf 84' lang='grc' dir='ltr'>ὠνομάσθη</span> <span class='ocrx_word' id='word_1_243' title='bbox 1252 2924 1266 2948; x_wconf 94' lang='grc'>,</span> <span class='ocrx_word' id='word_1_244' title='bbox 1314 2886 1448 2958; x_wconf 85' lang='grc' dir='ltr'>ὅπερ</span> <span class='ocrx_word' id='word_1_245' title='bbox 1488 2884 1603 2937; x_wconf 69' lang='grc' dir='ltr'>ἐστὶ</span> <span class='ocrx_word' id='word_1_246' title='bbox 1634 2883 1913 2954; x_wconf 89' lang='grc' dir='ltr'>σύγχυσις,</span> <span class='ocrx_word' id='word_1_247' title='bbox 1959 2885 2041 2937; x_wconf 78' lang='grc' dir='ltr'>ὅτι</span> 
     </span>
    </p>
   </div>
   <div class='ocr_carea' id='block_1_32' title="bbox 372 2971 2039 3048">
    <p class='ocr_par' dir='ltr' id='par_1_32' title="bbox 372 2971 2039 3048">
     <span class='ocr_line' id='line_1_32' title="bbox 372 2971 2039 3048; baseline -0.004 -15"><span class='ocrx_word' id='word_1_248' title='bbox 372 2981 487 3032; x_wconf 70' lang='grc' dir='ltr'>ἐκεῖ</span> <span class='ocrx_word' id='word_1_249' title='bbox 526 2978 743 3048; x_wconf 88' lang='grc' dir='ltr'>συνέχεε</span> <span class='ocrx_word' id='word_1_250' title='bbox 778 2974 977 3046; x_wconf 85' lang='grc' dir='ltr'>Κύριος</span> <span class='ocrx_word' id='word_1_251' title='bbox 1011 2976 1039 3028; x_wconf 91' lang='lat'>6</span> <span class='ocrx_word' id='word_1_252' title='bbox 1076 2974 1207 3037; x_wconf 78' lang='grc' dir='ltr'>Θεὸς</span> <span class='ocrx_word' id='word_1_253' title='bbox 1238 2972 1308 3027; x_wconf 85' lang='grc' dir='ltr'>τά</span> <span class='ocrx_word' id='word_1_254' title='bbox 1346 2973 1498 3043; x_wconf 89' lang='grc' dir='ltr'>χείλη</span> <span class='ocrx_word' id='word_1_255' title='bbox 1540 2971 1720 3042; x_wconf 80' lang='grc' dir='ltr'>πάσης</span> <span class='ocrx_word' id='word_1_256' title='bbox 1763 2973 1862 3042; x_wconf 81' lang='grc' dir='ltr'>τῆς</span> <span class='ocrx_word' id='word_1_257' title='bbox 1906 2971 2039 3041; x_wconf 83' lang='grc' dir='ltr'>γῆς,</span> 
     </span>
    </p>
   </div>
   <div class='ocr_carea' id='block_1_33' title="bbox 373 3050 2041 3133">
    <p class='ocr_par' dir='ltr' id='par_1_33' title="bbox 373 3050 2041 3133">
     <span class='ocr_line' id='line_1_33' title="bbox 373 3050 2041 3133; baseline -0.005 -13"><span class='ocrx_word' id='word_1_258' title='bbox 373 3067 469 3121; x_wconf 72' lang='grc' dir='ltr'>καὶ</span> <span class='ocrx_word' id='word_1_259' title='bbox 495 3064 704 3119; x_wconf 88' lang='grc' dir='ltr'>ἐκεῖθεν</span> <span class='ocrx_word' id='word_1_260' title='bbox 747 3063 1055 3133; x_wconf 85' lang='grc' dir='ltr'>διέσπειρεν</span> <span class='ocrx_word' id='word_1_261' title='bbox 1084 3050 1301 3124; x_wconf 76' lang='grc' dir='ltr'>αὐτούς.</span> <span class='ocrx_word' id='word_1_262' title='bbox 1342 3059 1648 3130; x_wconf 84' lang='grc' dir='ltr'>Ἀμφότερα</span> <span class='ocrx_word' id='word_1_263' title='bbox 1683 3059 1719 3125; x_wconf 87' lang='grc' dir='ltr'>ή</span> <span class='ocrx_word' id='word_1_264' title='bbox 1751 3058 1845 3111; x_wconf 90' lang='grc' dir='ltr'>τοῦ</span> <span class='ocrx_word' id='word_1_265' title='bbox 1876 3058 2041 3111; x_wconf 85' lang='grc' dir='ltr'>τόπου</span> 
     </span>
    </p>
   </div>
   <div class='ocr_carea' id='block_1_34' title="bbox 375 3142 2044 3223">
    <p class='ocr_par' dir='ltr' id='par_1_34' title="bbox 375 3142 2044 3223">
     <span class='ocr_line' id='line_1_34' title="bbox 375 3142 2044 3223; baseline -0.004 -18"><span class='ocrx_word' id='word_1_266' title='bbox 375 3151 711 3223; x_wconf 86' lang='grc' dir='ltr'>προσηγορία</span> <span class='ocrx_word' id='word_1_267' title='bbox 750 3149 1037 3219; x_wconf 84' lang='grc' dir='ltr'>σημαίνειν</span> <span class='ocrx_word' id='word_1_268' title='bbox 1090 3165 1180 3218; x_wconf 89' lang='grc' dir='ltr'>μοι</span> <span class='ocrx_word' id='word_1_269' title='bbox 1208 3148 1371 3214; x_wconf 84' lang='grc' dir='ltr'>δοκεῖ,</span> <span class='ocrx_word' id='word_1_270' title='bbox 1403 3146 1499 3199; x_wconf 70' lang='grc' dir='ltr'>καὶ</span> <span class='ocrx_word' id='word_1_271' title='bbox 1533 3146 1614 3198; x_wconf 86' lang='grc' dir='ltr'>ὅτι</span> <span class='ocrx_word' id='word_1_272' title='bbox 1647 3144 1745 3208; x_wconf 89' lang='grc' dir='ltr'>τὰς</span> <span class='ocrx_word' id='word_1_273' title='bbox 1793 3142 2044 3214; x_wconf 80' lang='grc' dir='ltr'>γλώσσας</span> 
     </span>
    </p>
   </div>
   <div class='ocr_carea' id='block_1_35' title="bbox 378 3232 1803 3308">
    <p class='ocr_par' dir='ltr' id='par_1_35' title="bbox 378 3232 1803 3308">
     <span class='ocr_line' id='line_1_35' title="bbox 378 3232 1803 3308; baseline -0.005 -17"><span class='ocrx_word' id='word_1_274' title='bbox 378 3238 614 3308; x_wconf 87' lang='grc' dir='ltr'>συνέχεε,</span> <span class='ocrx_word' id='word_1_275' title='bbox 643 3235 737 3289; x_wconf 78' lang='grc' dir='ltr'>καὶ</span> <span class='ocrx_word' id='word_1_276' title='bbox 763 3234 988 3288; x_wconf 79' lang='grc' dir='ltr'>αὐτόθεν</span> <span class='ocrx_word' id='word_1_277' title='bbox 1020 3234 1120 3305; x_wconf 84' lang='grc' dir='ltr'>τὴν</span> <span class='ocrx_word' id='word_1_278' title='bbox 1155 3233 1455 3305; x_wconf 79' lang='grc' dir='ltr'>διασπορὰν</span> <span class='ocrx_word' id='word_1_279' title='bbox 1486 3232 1803 3303; x_wconf 83' lang='grc' dir='ltr'>ὑπέμειναν.</span> 
     </span>
    </p>
   </div>
   <div class='ocr_carea' id='block_1_36' title="bbox 448 3390 2043 3463">
    <p class='ocr_par' dir='ltr' id='par_1_36' title="bbox 448 3390 2043 3463">
     <span class='ocr_line' id='line_1_36' title="bbox 448 3390 2043 3463; baseline -0.002 -16"><span class='ocrx_word' id='word_1_280' title='bbox 448 3393 507 3448; x_wconf 90' lang='grc' dir='ltr'>ε’.</span> <span class='ocrx_word' id='word_1_281' title='bbox 524 3392 841 3460; x_wconf 82' lang='grc' dir='ltr'>Ἠκούσατε,</span> <span class='ocrx_word' id='word_1_282' title='bbox 868 3390 1159 3463; x_wconf 73' lang='grc' dir='ltr'>ἀγαπητοὶ,</span> <span class='ocrx_word' id='word_1_283' title='bbox 1178 3391 1338 3444; x_wconf 86' lang='grc' dir='ltr'>πόθεν</span> <span class='ocrx_word' id='word_1_284' title='bbox 1360 3391 1541 3454; x_wconf 84' lang='grc' dir='ltr'>αὐτοῖς</span> <span class='ocrx_word' id='word_1_285' title='bbox 1567 3392 1600 3462; x_wconf 86' lang='grc' dir='ltr'><strong>ἡ</strong></span> <span class='ocrx_word' id='word_1_286' title='bbox 1626 3393 1722 3462; x_wconf 86' lang='grc' dir='ltr'>τῆς</span> <span class='ocrx_word' id='word_1_287' title='bbox 1747 3391 2043 3462; x_wconf 79' lang='grc' dir='ltr'>διασπορᾶς</span> 
     </span>
    </p>
   </div>
   <div class='ocr_carea' id='block_1_37' title="bbox 378 3486 2044 3559">
    <p class='ocr_par' dir='ltr' id='par_1_37' title="bbox 378 3486 2044 3559">
     <span class='ocr_line' id='line_1_37' title="bbox 378 3486 2044 3559; baseline -0.001 -18"><span class='ocrx_word' id='word_1_288' title='bbox 378 3489 631 3551; x_wconf 81' lang='grc' dir='ltr'>ὑπόθεσις</span> <span class='ocrx_word' id='word_1_289' title='bbox 664 3489 873 3556; x_wconf 84' lang='grc' dir='ltr'>γέγονε,</span> <span class='ocrx_word' id='word_1_290' title='bbox 904 3489 998 3541; x_wconf 70' lang='grc' dir='ltr'>καὶ</span> <span class='ocrx_word' id='word_1_291' title='bbox 1033 3487 1140 3541; x_wconf 91' lang='grc' dir='ltr'>τῶν</span> <span class='ocrx_word' id='word_1_292' title='bbox 1173 3486 1427 3556; x_wconf 89' lang='grc' dir='ltr'>γλωττῶν</span> <span class='ocrx_word' id='word_1_293' title='bbox 1470 3488 1503 3558; x_wconf 80' lang='grc' dir='ltr'>ὴ</span> <span class='ocrx_word' id='word_1_294' title='bbox 1542 3487 1823 3559; x_wconf 87' lang='grc' dir='ltr'>διαίρεσις.</span> <span class='ocrx_word' id='word_1_295' title='bbox 1853 3487 2044 3555; x_wconf 86' lang='grc' dir='ltr'>Φύγω-</span> 
     </span>
    </p>
   </div>
   <div class='ocr_carea' id='block_1_38' title="bbox 381 3572 2042 3646">
    <p class='ocr_par' dir='ltr' id='par_1_38' title="bbox 381 3572 2042 3646">
     <span class='ocr_line' id='line_1_38' title="bbox 381 3572 2042 3646; baseline -0.001 -19"><span class='ocrx_word' id='word_1_296' title='bbox 381 3592 499 3646; x_wconf 91' lang='grc' dir='ltr'>μεν,</span> <span class='ocrx_word' id='word_1_297' title='bbox 539 3572 864 3645; x_wconf 71' lang='grc' dir='ltr'>παρακαλῶ,</span> <span class='ocrx_word' id='word_1_298' title='bbox 895 3574 993 3644; x_wconf 86' lang='grc' dir='ltr'>τὴν</span> <span class='ocrx_word' id='word_1_299' title='bbox 1032 3574 1283 3644; x_wconf 88' lang='grc' dir='ltr'>μίμησιν,</span> <span class='ocrx_word' id='word_1_300' title='bbox 1318 3574 1413 3627; x_wconf 74' lang='grc' dir='ltr'>καὶ</span> <span class='ocrx_word' id='word_1_301' title='bbox 1441 3577 1553 3636; x_wconf 83' lang='grc' dir='ltr'>τοῖς</span> <span class='ocrx_word' id='word_1_302' title='bbox 1587 3575 1739 3645; x_wconf 84' lang='grc' dir='ltr'>παρὰ</span> <span class='ocrx_word' id='word_1_303' title='bbox 1783 3572 1875 3626; x_wconf 89' lang='grc' dir='ltr'>τοῦ</span> <span class='ocrx_word' id='word_1_304' title='bbox 1909 3573 2042 3626; x_wconf 89' lang='grc' dir='ltr'>Θεοῦ</span> 
     </span>
    </p>
   </div>
   <div class='ocr_carea' id='block_1_39' title="bbox 378 3659 2044 3733">
    <p class='ocr_par' dir='ltr' id='par_1_39' title="bbox 378 3659 2044 3733">
     <span class='ocr_line' id='line_1_39' title="bbox 378 3659 2044 3733; baseline -0.001 -20"><span class='ocrx_word' id='word_1_305' title='bbox 378 3662 793 3733; x_wconf 83' lang='grc' dir='ltr'>παρασχεθεῖσιν</span> <span class='ocrx_word' id='word_1_306' title='bbox 827 3663 958 3730; x_wconf 81' lang='grc' dir='ltr'>ἡμῖν</span> <span class='ocrx_word' id='word_1_307' title='bbox 992 3661 1071 3723; x_wconf 82' lang='grc' dir='ltr'>είς</span> <span class='ocrx_word' id='word_1_308' title='bbox 1097 3660 1212 3714; x_wconf 89' lang='grc' dir='ltr'>δέον</span> <span class='ocrx_word' id='word_1_309' title='bbox 1249 3659 1598 3731; x_wconf 85' lang='grc' dir='ltr'>χρησώμεθα,</span> <span class='ocrx_word' id='word_1_310' title='bbox 1633 3661 1725 3713; x_wconf 80' lang='grc' dir='ltr'>καὶ</span> <span class='ocrx_word' id='word_1_311' title='bbox 1753 3660 1853 3730; x_wconf 79' lang='grc' dir='ltr'>τὴν</span> <span class='ocrx_word' id='word_1_312' title='bbox 1884 3661 2044 3728; x_wconf 87' lang='grc' dir='ltr'>φύσιν</span> 
     </span>
    </p>
   </div>
   <div class='ocr_carea' id='block_1_40' title="bbox 377 3744 2043 3816">
    <p class='ocr_par' dir='ltr' id='par_1_40' title="bbox 377 3744 2043 3816">
     <span class='ocr_line' id='line_1_40' title="bbox 377 3744 2043 3816; baseline -0.001 -17"><span class='ocrx_word' id='word_1_313' title='bbox 377 3747 476 3816; x_wconf 80' lang='grc' dir='ltr'>τὴν</span> <span class='ocrx_word' id='word_1_314' title='bbox 506 3745 849 3815; x_wconf 79' lang='grc' dir='ltr'>ἀνθρωπίνην</span> <span class='ocrx_word' id='word_1_315' title='bbox 885 3747 939 3797; x_wconf 82' lang='grc' dir='ltr'>ἐν</span> <span class='ocrx_word' id='word_1_316' title='bbox 962 3744 1187 3808; x_wconf 67' lang='grc' dir='ltr'>-ισῦντες</span> <span class='ocrx_word' id='word_1_317' title='bbox 1219 3745 1360 3797; x_wconf 81' lang='grc' dir='ltr'>οὕτω</span> <span class='ocrx_word' id='word_1_318' title='bbox 1408 3744 1810 3814; x_wconf 79' lang='grc' dir='ltr'>βουλευώμεθα,</span> <span class='ocrx_word' id='word_1_319' title='bbox 1845 3745 1920 3807; x_wconf 91' lang='grc' dir='ltr'>ώς</span> <span class='ocrx_word' id='word_1_320' title='bbox 1964 3746 2043 3798; x_wconf 89' lang='grc' dir='ltr'>εἰ-</span> 
     </span>
    </p>
   </div>
   <div class='ocr_carea' id='block_1_41' title="bbox 380 3829 2045 3903">
    <p class='ocr_par' dir='ltr' id='par_1_41' title="bbox 380 3829 2045 3903">
     <span class='ocr_line' id='line_1_41' title="bbox 380 3829 2045 3903; baseline -0.002 -15"><span class='ocrx_word' id='word_1_321' title='bbox 380 3833 476 3897; x_wconf 77' lang='grc' dir='ltr'>κὸς</span> <span class='ocrx_word' id='word_1_322' title='bbox 511 3831 829 3903; x_wconf 83' lang='grc' dir='ltr'>ἀνθρώπους</span> <span class='ocrx_word' id='word_1_323' title='bbox 856 3829 1242 3899; x_wconf 83' lang='grc' dir='ltr'>βουλεύσασθαι</span> <span class='ocrx_word' id='word_1_324' title='bbox 1273 3830 1499 3901; x_wconf 76' lang='grc' dir='ltr'>θνητοὺς</span> <span class='ocrx_word' id='word_1_325' title='bbox 1528 3831 1919 3901; x_wconf 86' lang='grc' dir='ltr'>τυγχάνοντας·</span> <span class='ocrx_word' id='word_1_326' title='bbox 1952 3834 2045 3886; x_wconf 86' lang='grc' dir='ltr'>καὶ</span> 
     </span>
    </p>
   </div>
   <div class='ocr_carea' id='block_1_42' title="bbox 379 3919 2046 3994">
    <p class='ocr_par' dir='ltr' id='par_1_42' title="bbox 379 3919 2046 3994">
     <span class='ocr_line' id='line_1_42' title="bbox 379 3919 2046 3994; baseline -0.001 -18"><span class='ocrx_word' id='word_1_327' title='bbox 379 3922 714 3994; x_wconf 83' lang='grc' dir='ltr'>λογιζόμενοι</span> <span class='ocrx_word' id='word_1_328' title='bbox 763 3919 855 3973; x_wconf 91' lang='grc' dir='ltr'>τοῦ</span> <span class='ocrx_word' id='word_1_329' title='bbox 906 3919 1172 3990; x_wconf 86' lang='grc' dir='ltr'>παρόντος</span> <span class='ocrx_word' id='word_1_330' title='bbox 1224 3919 1338 3990; x_wconf 82' lang='grc' dir='ltr'>βίου</span> <span class='ocrx_word' id='word_1_331' title='bbox 1385 3920 1448 3972; x_wconf 74' lang='grc' dir='ltr'>τὸ</span> <span class='ocrx_word' id='word_1_332' title='bbox 1500 3920 1786 3990; x_wconf 81' lang='grc' dir='ltr'>ἐπίκηρον,</span> <span class='ocrx_word' id='word_1_333' title='bbox 1835 3922 1929 3975; x_wconf 78' lang='grc' dir='ltr'>καὶ</span> <span class='ocrx_word' id='word_1_334' title='bbox 1970 3922 2046 3986; x_wconf 89' lang='grc' dir='ltr'>ώς</span> 
     </span>
    </p>
   </div>
   <div class='ocr_carea' id='block_1_43' title="bbox 379 4004 2048 4081">
    <p class='ocr_par' dir='ltr' id='par_1_43' title="bbox 379 4004 2048 4081">
     <span class='ocr_line' id='line_1_43' title="bbox 379 4004 2048 4081; baseline 0.001 -21"><span class='ocrx_word' id='word_1_335' title='bbox 379 4008 587 4081; x_wconf 78' lang='grc' dir='ltr'>βραχὺς</span> <span class='ocrx_word' id='word_1_336' title='bbox 618 4009 646 4060; x_wconf 93' lang='lat'>6</span> <span class='ocrx_word' id='word_1_337' title='bbox 675 4006 774 4076; x_wconf 92' lang='grc' dir='ltr'>τῆς</span> <span class='ocrx_word' id='word_1_338' title='bbox 811 4005 956 4074; x_wconf 85' lang='grc' dir='ltr'>ζωῆς</span> <span class='ocrx_word' id='word_1_339' title='bbox 993 4004 1148 4074; x_wconf 82' lang='grc' dir='ltr'>ἡμῶν</span> <span class='ocrx_word' id='word_1_340' title='bbox 1177 4005 1388 4076; x_wconf 89' lang='grc' dir='ltr'>χρόνος,</span> <span class='ocrx_word' id='word_1_341' title='bbox 1428 4005 1624 4077; x_wconf 81' lang='grc' dir='ltr'>πολλὴν</span> <span class='ocrx_word' id='word_1_342' title='bbox 1658 4008 1867 4070; x_wconf 82' lang='grc' dir='ltr'>ἑαυτοῖς</span> <span class='ocrx_word' id='word_1_343' title='bbox 1907 4010 2048 4080; x_wconf 81' lang='grc' dir='ltr'>παῤ-</span> 
     </span>
    </p>
   </div>
   <div class='ocr_carea' id='block_1_44' title="bbox 382 4090 2046 4167">
    <p class='ocr_par' dir='ltr' id='par_1_44' title="bbox 382 4090 2046 4167">
     <span class='ocr_line' id='line_1_44' title="bbox 382 4090 2046 4167; baseline 0.001 -19"><span class='ocrx_word' id='word_1_344' title='bbox 382 4096 577 4167; x_wconf 79' lang='grc' dir='ltr'>ρησίαν</span> <span class='ocrx_word' id='word_1_345' title='bbox 620 4090 1061 4164; x_wconf 84' lang='grc' dir='ltr'>προαποθώμεθα</span> <span class='ocrx_word' id='word_1_346' title='bbox 1103 4090 1191 4144; x_wconf 85' lang='grc' dir='ltr'>διά</span> <span class='ocrx_word' id='word_1_347' title='bbox 1229 4094 1330 4163; x_wconf 80' lang='grc' dir='ltr'>τῆς</span> <span class='ocrx_word' id='word_1_348' title='bbox 1375 4092 1484 4147; x_wconf 90' lang='grc' dir='ltr'>τῶν</span> <span class='ocrx_word' id='word_1_349' title='bbox 1531 4093 1754 4162; x_wconf 79' lang='grc' dir='ltr'>ἀγαθῶν</span> <span class='ocrx_word' id='word_1_350' title='bbox 1795 4095 2046 4166; x_wconf 83' lang='grc' dir='ltr'>πράξεων</span> 
     </span>
    </p>
   </div>
   <div class='ocr_carea' id='block_1_45' title="bbox 380 4177 2048 4253">
    <p class='ocr_par' dir='ltr' id='par_1_45' title="bbox 380 4177 2048 4253">
     <span class='ocr_line' id='line_1_45' title="bbox 380 4177 2048 4253; baseline 0 -17"><span class='ocrx_word' id='word_1_351' title='bbox 380 4180 667 4253; x_wconf 73' lang='grc' dir='ltr'>ἐργασίας·</span> <span class='ocrx_word' id='word_1_352' title='bbox 692 4177 787 4230; x_wconf 74' lang='grc' dir='ltr'>καὶ</span> <span class='ocrx_word' id='word_1_353' title='bbox 813 4177 888 4249; x_wconf 78' lang='grc' dir='ltr'>μὴ</span> <span class='ocrx_word' id='word_1_354' title='bbox 922 4178 1079 4248; x_wconf 87' lang='grc' dir='ltr'>μόνον</span> <span class='ocrx_word' id='word_1_355' title='bbox 1100 4180 1198 4248; x_wconf 85' lang='grc' dir='ltr'>τῆς</span> <span class='ocrx_word' id='word_1_356' title='bbox 1220 4179 1472 4250; x_wconf 83' lang='grc' dir='ltr'>νηστείας</span> <span class='ocrx_word' id='word_1_357' title='bbox 1505 4180 1605 4250; x_wconf 78' lang='grc' dir='ltr'>τὴν</span> <span class='ocrx_word' id='word_1_358' title='bbox 1630 4180 1880 4235; x_wconf 75' lang='grc' dir='ltr'>ἐπίτασιν</span> <span class='ocrx_word' id='word_1_359' title='bbox 1908 4181 2048 4236; x_wconf 89' lang='grc' dir='ltr'>κατά</span> 
     </span>
    </p>
   </div>
   <div class='ocr_carea' id='block_1_46' title="bbox 379 4263 2047 4339">
    <p class='ocr_par' dir='ltr' id='par_1_46' title="bbox 379 4263 2047 4339">
     <span class='ocr_line' id='line_1_46' title="bbox 379 4263 2047 4339; baseline 0 -18"><span class='ocrx_word' id='word_1_360' title='bbox 379 4267 478 4331; x_wconf 83' lang='grc' dir='ltr'>τὰς</span> <span class='ocrx_word' id='word_1_361' title='bbox 526 4265 737 4338; x_wconf 74' lang='grc' dir='ltr'>ἡμέρας</span> <span class='ocrx_word' id='word_1_362' title='bbox 767 4264 992 4328; x_wconf 88' lang='grc' dir='ltr'>,ταύτας</span> <span class='ocrx_word' id='word_1_363' title='bbox 1040 4263 1453 4335; x_wconf 72' lang='grc' dir='ltr'>ἐπιδειΕώμεθα,</span> <span class='ocrx_word' id='word_1_364' title='bbox 1496 4265 1633 4319; x_wconf 86' lang='grc' dir='ltr'>ἀλλά</span> <span class='ocrx_word' id='word_1_365' title='bbox 1668 4267 1763 4319; x_wconf 75' lang='grc' dir='ltr'>καὶ</span> <span class='ocrx_word' id='word_1_366' title='bbox 1815 4267 2047 4339; x_wconf 74' lang='grc' dir='ltr'>ἐλεημοη</span> 
     </span>
    </p>
   </div>
   <div class='ocr_carea' id='block_1_47' title="bbox 383 4351 2045 4426">
    <p class='ocr_par' dir='ltr' id='par_1_47' title="bbox 383 4351 2045 4426">
     <span class='ocr_line' id='line_1_47' title="bbox 383 4351 2045 4426; baseline -0.001 -18"><span class='ocrx_word' id='word_1_367' title='bbox 383 4354 548 4425; x_wconf 90' lang='grc' dir='ltr'>σύνης</span> <span class='ocrx_word' id='word_1_368' title='bbox 583 4351 861 4423; x_wconf 78' lang='grc' dir='ltr'>δαψίλειαν</span> <span class='ocrx_word' id='word_1_369' title='bbox 910 4353 1005 4404; x_wconf 72' lang='grc' dir='ltr'>καὶ</span> <span class='ocrx_word' id='word_1_370' title='bbox 1055 4351 1362 4423; x_wconf 82' lang='grc' dir='ltr'>προσευχάς</span> <span class='ocrx_word' id='word_1_371' title='bbox 1398 4352 1655 4415; x_wconf 74' lang='grc' dir='ltr'>ἐκτενεῖς.</span> <span class='ocrx_word' id='word_1_372' title='bbox 1692 4354 1803 4407; x_wconf 85' lang='lat' dir='ltr'>Kal</span> <span class='ocrx_word' id='word_1_373' title='bbox 1841 4353 1950 4425; x_wconf 79' lang='grc' dir='ltr'>γὰρ</span> <span class='ocrx_word' id='word_1_374' title='bbox 1978 4358 2045 4426; x_wconf 82' lang='grc' dir='ltr'>τῇ</span> 
     </span>
    </p>
   </div>
   <div class='ocr_carea' id='block_1_48' title="bbox 381 4435 2048 4512">
    <p class='ocr_par' dir='ltr' id='par_1_48' title="bbox 381 4435 2048 4512">
     <span class='ocr_line' id='line_1_48' title="bbox 381 4435 2048 4512; baseline 0.007 -28"><span class='ocrx_word' id='word_1_375' title='bbox 381 4440 605 4512; x_wconf 67' lang='grc' dir='ltr'>νηστείᾳ</span> <span class='ocrx_word' id='word_1_376' title='bbox 648 4437 746 4509; x_wconf 80' lang='grc' dir='ltr'>τὴν</span> <span class='ocrx_word' id='word_1_377' title='bbox 795 4435 1101 4508; x_wconf 76' lang='grc' dir='ltr'>προσευχὴν</span> <span class='ocrx_word' id='word_1_378' title='bbox 1139 4437 1226 4491; x_wconf 81' lang='grc' dir='ltr'>ἀεὶ</span> <span class='ocrx_word' id='word_1_379' title='bbox 1277 4436 1626 4508; x_wconf 80' lang='grc' dir='ltr'>συνεζεῦχθαι</span> <span class='ocrx_word' id='word_1_380' title='bbox 1667 4438 1766 4494; x_wconf 87' lang='grc' dir='ltr'>δεῖ.</span> <span class='ocrx_word' id='word_1_381' title='bbox 1809 4440 1920 4494; x_wconf 88' lang='lat' dir='ltr'>Kal</span> <span class='ocrx_word' id='word_1_382' title='bbox 1965 4442 2048 4495; x_wconf 84' lang='grc' dir='ltr'>ὅτι</span> 
     </span>
    </p>
   </div>
   <div class='ocr_carea' id='block_1_49' title="bbox 379 4523 2049 4597">
    <p class='ocr_par' dir='ltr' id='par_1_49' title="bbox 379 4523 2049 4597">
     <span class='ocr_line' id='line_1_49' title="bbox 379 4523 2049 4597; baseline 0 -15"><span class='ocrx_word' id='word_1_383' title='bbox 379 4527 537 4582; x_wconf 87' lang='grc' dir='ltr'>τοῦτό</span> <span class='ocrx_word' id='word_1_384' title='bbox 566 4530 711 4580; x_wconf 88' lang='grc' dir='ltr'>ἐστιν</span> <span class='ocrx_word' id='word_1_385' title='bbox 735 4524 954 4596; x_wconf 82' lang='grc' dir='ltr'>ἀληθὲς,</span> <span class='ocrx_word' id='word_1_386' title='bbox 977 4526 1139 4579; x_wconf 77' lang='grc' dir='ltr'>ἄκουε</span> <span class='ocrx_word' id='word_1_387' title='bbox 1172 4523 1268 4578; x_wconf 89' lang='grc' dir='ltr'>τοῦ</span> <span class='ocrx_word' id='word_1_388' title='bbox 1292 4524 1530 4597; x_wconf 81' lang='grc' dir='ltr'>Χριστοῦ</span> <span class='ocrx_word' id='word_1_389' title='bbox 1555 4525 1801 4595; x_wconf 84' lang='grc' dir='ltr'>λέγοντος</span> <span class='ocrx_word' id='word_1_390' title='bbox 1817 4544 1831 4558; x_wconf 88' lang='grc'>·</span> <span class='ocrx_word' id='word_1_391' title='bbox 1867 4528 2049 4582; x_wconf 88' lang='grc' dir='ltr'>Τοῦτο</span> 
     </span>
    </p>
   </div>
   <div class='ocr_carea' id='block_1_50' title="bbox 380 4610 2048 4685">
    <p class='ocr_par' dir='ltr' id='par_1_50' title="bbox 380 4610 2048 4685">
     <span class='ocr_line' id='line_1_50' title="bbox 380 4610 2048 4685; baseline 0 -16"><span class='ocrx_word' id='word_1_392' title='bbox 380 4615 446 4669; x_wconf 81' lang='grc' dir='ltr'>τὸ</span> <span class='ocrx_word' id='word_1_393' title='bbox 472 4615 646 4684; x_wconf 79' lang='grc' dir='ltr'>γένος</span> <span class='ocrx_word' id='word_1_394' title='bbox 673 4615 785 4668; x_wconf 85' lang='grc' dir='ltr'>οὐκ</span> <span class='ocrx_word' id='word_1_395' title='bbox 813 4610 961 4685; x_wconf 77' lang='grc'>[501]</span> <span class='ocrx_word' id='word_1_396' title='bbox 997 4612 1397 4681; x_wconf 79' lang='grc' dir='ltr'>ἐκπορεύεται,</span> <span class='ocrx_word' id='word_1_397' title='bbox 1425 4613 1478 4666; x_wconf 88' lang='grc' dir='ltr'>εί</span> <span class='ocrx_word' id='word_1_398' title='bbox 1520 4611 1608 4682; x_wconf 82' lang='grc' dir='ltr'>μὴ</span> <span class='ocrx_word' id='word_1_399' title='bbox 1641 4613 1712 4667; x_wconf 87' lang='grc' dir='ltr'>ἐν</span> <span class='ocrx_word' id='word_1_400' title='bbox 1734 4612 2048 4684; x_wconf 82' lang='grc' dir='ltr'>προσευχῇ</span> 
     </span>
    </p>
   </div>
   <div class='ocr_carea' id='block_1_51' title="bbox 383 4698 2046 4769">
    <p class='ocr_par' dir='ltr' id='par_1_51' title="bbox 383 4698 2046 4769">
     <span class='ocr_line' id='line_1_51' title="bbox 383 4698 2046 4769; baseline 0.001 -15"><span class='ocrx_word' id='word_1_401' title='bbox 383 4700 482 4754; x_wconf 76' lang='grc' dir='ltr'>καί</span> <span class='ocrx_word' id='word_1_402' title='bbox 518 4700 785 4769; x_wconf 82' lang='grc' dir='ltr'>νηστείᾳ.</span> <span class='ocrx_word' id='word_1_403' title='bbox 822 4699 931 4754; x_wconf 88' lang='lat' dir='ltr'>Kal</span> <span class='ocrx_word' id='word_1_404' title='bbox 962 4698 1127 4754; x_wconf 89' lang='grc' dir='ltr'>πάλιν</span> <span class='ocrx_word' id='word_1_405' title='bbox 1165 4698 1257 4753; x_wconf 81' lang='grc' dir='ltr'>ἐπὶ</span> <span class='ocrx_word' id='word_1_406' title='bbox 1283 4698 1391 4753; x_wconf 90' lang='grc' dir='ltr'>τῶν</span> <span class='ocrx_word' id='word_1_407' title='bbox 1422 4700 1753 4754; x_wconf 86' lang='grc' dir='ltr'>ἀποστόλων·</span> <span class='ocrx_word' id='word_1_408' title='bbox 1780 4703 2046 4768; x_wconf 84' lang='grc' dir='ltr'>Προσευ-</span> 
     </span>
    </p>
   </div>
   <div class='ocr_carea' id='block_1_52' title="bbox 385 4785 2047 4857">
    <p class='ocr_par' dir='ltr' id='par_1_52' title="bbox 385 4785 2047 4857">
     <span class='ocr_line' id='line_1_52' title="bbox 385 4785 2047 4857; baseline 0.002 -18"><span class='ocrx_word' id='word_1_409' title='bbox 385 4786 627 4855; x_wconf 78' lang='grc' dir='ltr'>ξόμενοι</span> <span class='ocrx_word' id='word_1_410' title='bbox 672 4787 802 4856; x_wconf 75' lang='grc' dir='ltr'>γὰρ,</span> <span class='ocrx_word' id='word_1_411' title='bbox 856 4786 1023 4857; x_wconf 79' lang='grc' dir='ltr'>φησὶ,</span> <span class='ocrx_word' id='word_1_412' title='bbox 1065 4785 1190 4841; x_wconf 82' lang='grc' dir='ltr'>καί·</span> <span class='ocrx_word' id='word_1_413' title='bbox 1221 4786 1682 4855; x_wconf 83' lang='grc' dir='ltr'>νηστεύσαντες⁹</span> <span class='ocrx_word' id='word_1_414' title='bbox 1723 4787 2047 4855; x_wconf 74' lang='grc' dir='ltr'>παρέθεντο</span> 
     </span>
    </p>
   </div>
   <div class='ocr_carea' id='block_1_53' title="bbox 383 4872 2048 4941">
    <p class='ocr_par' dir='ltr' id='par_1_53' title="bbox 383 4872 2048 4941">
     <span class='ocr_line' id='line_1_53' title="bbox 383 4872 2048 4941; baseline 0.004 -16"><span class='ocrx_word' id='word_1_415' title='bbox 383 4872 605 4938; x_wconf 82' lang='grc' dir='ltr'>αὐτοὺς</span> <span class='ocrx_word' id='word_1_416' title='bbox 641 4872 723 4938; x_wconf 83' lang='grc' dir='ltr'>τῷ</span> <span class='ocrx_word' id='word_1_417' title='bbox 758 4874 970 4941; x_wconf 83' lang='grc' dir='ltr'>Κυρίῳ,</span> <span class='ocrx_word' id='word_1_418' title='bbox 1001 4875 1090 4940; x_wconf 79' lang='grc' dir='ltr'>εἰς</span> <span class='ocrx_word' id='word_1_419' title='bbox 1116 4874 1190 4928; x_wconf 81' lang='grc' dir='ltr'>ὃν</span> <span class='ocrx_word' id='word_1_420' title='bbox 1222 4875 1748 4930; x_wconf 83' lang='grc' dir='ltr'>πεπιστεύκεισαν.</span> <span class='ocrx_word' id='word_1_421' title='bbox 1780 4875 1889 4929; x_wconf 89' lang='lat' dir='ltr'>Kal</span> <span class='ocrx_word' id='word_1_422' title='bbox 1938 4877 2048 4931; x_wconf 89' lang='grc' dir='ltr'>πά-</span> 
     </span>
    </p>
   </div>
   <div class='ocr_carea' id='block_1_54' title="bbox 384 4958 2045 5033">
    <p class='ocr_par' dir='ltr' id='par_1_54' title="bbox 384 4958 2045 5033">
     <span class='ocr_line' id='line_1_54' title="bbox 384 4958 2045 5033; baseline 0.004 -21"><span class='ocrx_word' id='word_1_423' title='bbox 384 4959 469 5013; x_wconf 91' lang='grc' dir='ltr'>λιν</span> <span class='ocrx_word' id='word_1_424' title='bbox 494 4961 522 5013; x_wconf 91' lang='lat'>6</span> <span class='ocrx_word' id='word_1_425' title='bbox 555 4958 894 5021; x_wconf 78' lang='grc' dir='ltr'>’Δπόστολοςο</span> <span class='ocrx_word' id='word_1_426' title='bbox 924 4959 1021 5028; x_wconf 78' lang='grc' dir='ltr'>Μὴ</span> <span class='ocrx_word' id='word_1_427' title='bbox 1058 4960 1462 5030; x_wconf 80' lang='grc' dir='ltr'>ἀποστερεῖτε,</span> <span class='ocrx_word' id='word_1_428' title='bbox 1493 4964 1679 5033; x_wconf 74' lang='grc' dir='ltr'>φησὶν,</span> <span class='ocrx_word' id='word_1_429' title='bbox 1711 4963 2045 5030; x_wconf 80' lang='grc' dir='ltr'>ἀλλήλους,</span> 
     </span>
    </p>
   </div>
   <div class='ocr_carea' id='block_1_55' title="bbox 383 5043 2049 5117">
    <p class='ocr_par' dir='ltr' id='par_1_55' title="bbox 383 5043 2049 5117">
     <span class='ocr_line' id='line_1_55' title="bbox 383 5043 2049 5117; baseline 0.003 -17"><span class='ocrx_word' id='word_1_430' title='bbox 383 5048 437 5101; x_wconf 79' lang='grc' dir='ltr'>εί</span> <span class='ocrx_word' id='word_1_431' title='bbox 462 5045 550 5116; x_wconf 79' lang='grc' dir='ltr'>μὴ</span> <span class='ocrx_word' id='word_1_432' title='bbox 603 5046 674 5099; x_wconf 87' lang='grc' dir='ltr'>ἐν</span> <span class='ocrx_word' id='word_1_433' title='bbox 708 5046 1018 5115; x_wconf 75' lang='grc' dir='ltr'>προσευχῇ</span> <span class='ocrx_word' id='word_1_434' title='bbox 1064 5047 1163 5099; x_wconf 77' lang='grc' dir='ltr'>καὶ</span> <span class='ocrx_word' id='word_1_435' title='bbox 1218 5050 1489 5117; x_wconf 82' lang='grc' dir='ltr'>νηστείᾳ.</span> <span class='ocrx_word' id='word_1_436' title='bbox 1524 5043 1678 5113; x_wconf 80' lang='grc' dir='ltr'>Εἶδες</span> <span class='ocrx_word' id='word_1_437' title='bbox 1720 5050 1837 5113; x_wconf 90' lang='grc' dir='ltr'>πῶς</span> <span class='ocrx_word' id='word_1_438' title='bbox 1879 5049 2049 5105; x_wconf 89' lang='grc' dir='ltr'>δεῖται</span> 
     </span>
    </p>
   </div>
   <div class='ocr_carea' id='block_1_56' title="bbox 383 5131 2049 5210">
    <p class='ocr_par' dir='ltr' id='par_1_56' title="bbox 383 5131 2049 5210">
     <span class='ocr_line' id='line_1_56' title="bbox 383 5131 2049 5210; baseline 0.004 -24"><span class='ocrx_word' id='word_1_439' title='bbox 383 5135 484 5205; x_wconf 83' lang='grc' dir='ltr'>τῆς</span> <span class='ocrx_word' id='word_1_440' title='bbox 524 5131 769 5185; x_wconf 80' lang='grc' dir='ltr'>ἐντεῦθεν</span> <span class='ocrx_word' id='word_1_441' title='bbox 800 5133 1113 5203; x_wconf 87' lang='grc' dir='ltr'>συμμαχίας</span> <span class='ocrx_word' id='word_1_442' title='bbox 1153 5135 1187 5204; x_wconf 88' lang='grc' dir='ltr'>ή</span> <span class='ocrx_word' id='word_1_443' title='bbox 1218 5136 1470 5206; x_wconf 83' lang='grc' dir='ltr'>νηστεία;</span> <span class='ocrx_word' id='word_1_444' title='bbox 1507 5137 1641 5190; x_wconf 87' lang='grc' dir='ltr'>Τότε</span> <span class='ocrx_word' id='word_1_445' title='bbox 1673 5138 1782 5210; x_wconf 88' lang='grc' dir='ltr'>γάρ</span> <span class='ocrx_word' id='word_1_446' title='bbox 1816 5138 2049 5210; x_wconf 83' lang='grc' dir='ltr'>μάλιστα</span> 
     </span>
    </p>
   </div>
   <div class='ocr_carea' id='block_1_57' title="bbox 385 5218 2048 5298">
    <p class='ocr_par' dir='ltr' id='par_1_57' title="bbox 385 5218 2048 5298">
     <span class='ocr_line' id='line_1_57' title="bbox 385 5218 2048 5298; baseline 0.004 -24"><span class='ocrx_word' id='word_1_447' title='bbox 385 5222 480 5275; x_wconf 75' lang='grc' dir='ltr'>καὶ</span> <span class='ocrx_word' id='word_1_448' title='bbox 526 5220 665 5290; x_wconf 85' lang='grc' dir='ltr'>μετὰ</span> <span class='ocrx_word' id='word_1_449' title='bbox 704 5218 916 5290; x_wconf 74' lang='grc' dir='ltr'>νήψεως</span> <span class='ocrx_word' id='word_1_450' title='bbox 949 5221 1004 5273; x_wconf 82' lang='grc' dir='ltr'>αἱ</span> <span class='ocrx_word' id='word_1_451' title='bbox 1052 5222 1352 5293; x_wconf 71' lang='grc' dir='ltr'>προσευχαὶ</span> <span class='ocrx_word' id='word_1_452' title='bbox 1398 5223 1658 5291; x_wconf 89' lang='grc' dir='ltr'>γίνονται,</span> <span class='ocrx_word' id='word_1_453' title='bbox 1711 5227 2048 5298; x_wconf 79' lang='grc' dir='ltr'>κουφοτέρας</span> 
     </span>
    </p>
   </div>
   <div class='ocr_carea' id='block_1_58' title="bbox 384 5306 2048 5383">
    <p class='ocr_par' dir='ltr' id='par_1_58' title="bbox 384 5306 2048 5383">
     <span class='ocr_line' id='line_1_58' title="bbox 384 5306 2048 5383; baseline 0.004 -22"><span class='ocrx_word' id='word_1_454' title='bbox 384 5309 483 5380; x_wconf 82' lang='grc' dir='ltr'>τῆς</span> <span class='ocrx_word' id='word_1_455' title='bbox 517 5308 754 5370; x_wconf 84' lang='grc' dir='ltr'>διανοίας</span> <span class='ocrx_word' id='word_1_456' title='bbox 780 5306 1173 5377; x_wconf 79' lang='grc' dir='ltr'>τυγχανούσης,</span> <span class='ocrx_word' id='word_1_457' title='bbox 1206 5309 1299 5361; x_wconf 70' lang='grc' dir='ltr'>καὶ</span> <span class='ocrx_word' id='word_1_458' title='bbox 1330 5309 1504 5363; x_wconf 81' lang='grc' dir='ltr'>οὐδενὶ</span> <span class='ocrx_word' id='word_1_459' title='bbox 1534 5310 1894 5383; x_wconf 85' lang='grc' dir='ltr'>βαρουμένης,</span> <span class='ocrx_word' id='word_1_460' title='bbox 1928 5314 2048 5367; x_wconf 78' lang='grc' dir='ltr'>οὐδὲ</span> 
     </span>
    </p>
   </div>
   <div class='ocr_carea' id='block_1_59' title="bbox 388 5392 2048 5470">
    <p class='ocr_par' dir='ltr' id='par_1_59' title="bbox 388 5392 2048 5470">
     <span class='ocr_line' id='line_1_59' title="bbox 388 5392 2048 5470; baseline 0.004 -21"><span class='ocrx_word' id='word_1_461' title='bbox 388 5396 492 5449; x_wconf 84' lang='grc' dir='ltr'>ὑπὸ</span> <span class='ocrx_word' id='word_1_462' title='bbox 519 5394 612 5449; x_wconf 88' lang='grc' dir='ltr'>τοῦ</span> <span class='ocrx_word' id='word_1_463' title='bbox 639 5392 875 5465; x_wconf 85' lang='grc' dir='ltr'>πονηροῦ</span> <span class='ocrx_word' id='word_1_464' title='bbox 903 5395 1001 5464; x_wconf 84' lang='grc' dir='ltr'>τῆς</span> <span class='ocrx_word' id='word_1_465' title='bbox 1021 5396 1232 5466; x_wconf 82' lang='grc' dir='ltr'>τρυφῆς</span> <span class='ocrx_word' id='word_1_466' title='bbox 1262 5395 1482 5466; x_wconf 84' lang='grc' dir='ltr'>φορτίου</span> <span class='ocrx_word' id='word_1_467' title='bbox 1511 5398 1860 5469; x_wconf 80' lang='grc' dir='ltr'>πιεζομένης.</span> <span class='ocrx_word' id='word_1_468' title='bbox 1884 5400 2048 5470; x_wconf 87' lang='grc' dir='ltr'>Μέγα</span> 
     </span>
    </p>
   </div>
   <div class='ocr_carea' id='block_1_60' title="bbox 385 5480 2047 5560">
    <p class='ocr_par' dir='ltr' id='par_1_60' title="bbox 385 5480 2047 5560">
     <span class='ocr_line' id='line_1_60' title="bbox 385 5480 2047 5560; baseline 0.002 -23"><span class='ocrx_word' id='word_1_469' title='bbox 385 5483 494 5554; x_wconf 85' lang='grc' dir='ltr'>γὰρ</span> <span class='ocrx_word' id='word_1_470' title='bbox 525 5482 685 5538; x_wconf 82' lang='grc' dir='ltr'>ὅπλον</span> <span class='ocrx_word' id='word_1_471' title='bbox 710 5483 744 5553; x_wconf 83' lang='grc' dir='ltr'>ὴ</span> <span class='ocrx_word' id='word_1_472' title='bbox 783 5481 936 5552; x_wconf 80' lang='grc' dir='ltr'>εὐχὴ,</span> <span class='ocrx_word' id='word_1_473' title='bbox 978 5480 1186 5553; x_wconf 83' lang='grc' dir='ltr'>μεγάλη</span> <span class='ocrx_word' id='word_1_474' title='bbox 1232 5482 1520 5552; x_wconf 87' lang='grc' dir='ltr'>ἀσφάλεια,</span> <span class='ocrx_word' id='word_1_475' title='bbox 1552 5484 1724 5553; x_wconf 89' lang='grc' dir='ltr'>μέγας</span> <span class='ocrx_word' id='word_1_476' title='bbox 1754 5485 2047 5560; x_wconf 80' lang='grc' dir='ltr'>θησαυρὸς,</span> 
     </span>
    </p>
   </div>
   <div class='ocr_carea' id='block_1_61' title="bbox 388 5568 2051 5647">
    <p class='ocr_par' dir='ltr' id='par_1_61' title="bbox 388 5568 2051 5647">
     <span class='ocr_line' id='line_1_61' title="bbox 388 5568 2051 5647; baseline 0.004 -23"><span class='ocrx_word' id='word_1_477' title='bbox 388 5571 563 5645; x_wconf 85' lang='grc' dir='ltr'>μέγας</span> <span class='ocrx_word' id='word_1_478' title='bbox 597 5568 780 5641; x_wconf 77' lang='grc' dir='ltr'>λιμὴν,</span> <span class='ocrx_word' id='word_1_479' title='bbox 801 5570 999 5625; x_wconf 85' lang='grc' dir='ltr'>ἄσυλον</span> <span class='ocrx_word' id='word_1_480' title='bbox 1023 5569 1251 5641; x_wconf 85' lang='grc' dir='ltr'>χωρίον·</span> <span class='ocrx_word' id='word_1_481' title='bbox 1285 5570 1446 5642; x_wconf 86' lang='grc' dir='ltr'>μόνον</span> <span class='ocrx_word' id='word_1_482' title='bbox 1472 5570 1569 5628; x_wconf 84' lang='grc' dir='ltr'>ἐὰν</span> <span class='ocrx_word' id='word_1_483' title='bbox 1594 5573 1856 5645; x_wconf 80' lang='grc' dir='ltr'>νήφοντες</span> <span class='ocrx_word' id='word_1_484' title='bbox 1889 5592 2051 5647; x_wconf 73' lang='grc' dir='ltr'>προσο</span> 
     </span>
    </p>
   </div>
   <div class='ocr_carea' id='block_1_62' title="bbox 449 5800 1465 5866">
    <p class='ocr_par' dir='ltr' id='par_1_62' title="bbox 449 5800 1465 5866">
     <span class='ocr_line' id='line_1_62' title="bbox 449 5800 1465 5866; baseline 0.004 -15"><span class='ocrx_word' id='word_1_485' title='bbox 449 5805 474 5834; x_wconf 76' lang='grc'><strong>⁸</strong></span> <span class='ocrx_word' id='word_1_486' title='bbox 498 5802 715 5864; x_wconf 82' lang='lat' dir='ltr'>Qualuor</span> <span class='ocrx_word' id='word_1_487' title='bbox 734 5814 853 5854; x_wconf 81' lang='lat' dir='ltr'>mss.</span> <span class='ocrx_word' id='word_1_488' title='bbox 872 5805 925 5853; x_wconf 74' lang='lat' dir='ltr'><strong>et</strong></span> <span class='ocrx_word' id='word_1_489' title='bbox 944 5800 1075 5853; x_wconf 80' lang='lat' dir='ltr'>Bibl.</span> <span class='ocrx_word' id='word_1_490' title='bbox 1097 5801 1173 5853; x_wconf 80' lang='grc' dir='ltr'>ἐπὶ</span> <span class='ocrx_word' id='word_1_491' title='bbox 1190 5802 1465 5866; x_wconf 78' lang='grc' dir='ltr'>πρόσωπον.</span> 
     </span>
    </p>
   </div>
   <div class='ocr_carea' id='block_1_63' title="bbox 1502 235 2635 301">
    <p class='ocr_par' dir='ltr' id='par_1_63' title="bbox 1502 235 2635 301">
     <span class='ocr_line' id='line_1_63' title="bbox 1502 235 2635 301; baseline -0.003 -2"><span class='ocrx_word' id='word_1_492' title='bbox 1502 242 1571 299; x_wconf 85' lang='grc' dir='ltr'>ΙΝ</span> <span class='ocrx_word' id='word_1_493' title='bbox 1607 242 1762 301; x_wconf 82' lang='lat' dir='ltr'>CAP.</span> <span class='ocrx_word' id='word_1_494' title='bbox 1796 235 1867 295; x_wconf 81' lang='lat' dir='ltr'>XI</span> <span class='ocrx_word' id='word_1_495' title='bbox 1911 237 2155 295; x_wconf 72' lang='lat' dir='ltr'>GENES.</span> <span class='ocrx_word' id='word_1_496' title='bbox 2194 237 2423 299; x_wconf 75' lang='lat' dir='ltr'>HOMIL.</span> <span class='ocrx_word' id='word_1_497' title='bbox 2464 239 2635 296; x_wconf 75' lang='lat' dir='ltr'><strong>XXX.</strong></span> 
     </span>
    </p>
   </div>
   <div class='ocr_carea' id='block_1_64' title="bbox 3689 242 3795 299">
    <p class='ocr_par' dir='ltr' id='par_1_64' title="bbox 3689 242 3795 299">
     <span class='ocr_line' id='line_1_64' title="bbox 3689 242 3795 299; baseline 0 -2"><span class='ocrx_word' id='word_1_498' title='bbox 3689 242 3795 299; x_wconf 61' lang='lat'>280</span> 
     </span>
    </p>
   </div>
   <div class='ocr_carea' id='block_1_65' title="bbox 2133 352 3793 428">
    <p class='ocr_par' dir='ltr' id='par_1_65' title="bbox 2133 352 3793 428">
     <span class='ocr_line' id='line_1_65' title="bbox 2133 352 3793 428; baseline 0.001 -20"><span class='ocrx_word' id='word_1_499' title='bbox 2133 353 2299 426; x_wconf 84' lang='grc' dir='ltr'>ίωμεν</span> <span class='ocrx_word' id='word_1_500' title='bbox 2327 355 2405 421; x_wconf 79' lang='grc' dir='ltr'>τῷ</span> <span class='ocrx_word' id='word_1_501' title='bbox 2438 355 2703 428; x_wconf 79' lang='grc' dir='ltr'>Δεσπότῃ,</span> <span class='ocrx_word' id='word_1_502' title='bbox 2732 355 2826 410; x_wconf 74' lang='grc' dir='ltr'>καὶ</span> <span class='ocrx_word' id='word_1_503' title='bbox 2858 354 3194 427; x_wconf 85' lang='grc' dir='ltr'>πανταχόθεν</span> <span class='ocrx_word' id='word_1_504' title='bbox 3231 352 3554 424; x_wconf 77' lang='grc' dir='ltr'>συνάγοντες</span> <span class='ocrx_word' id='word_1_505' title='bbox 3586 355 3793 410; x_wconf 71' lang='grc' dir='ltr'>ἑαυτῶν</span> 
     </span>
    </p>
   </div>
   <div class='ocr_carea' id='block_1_66' title="bbox 2130 441 3793 521">
    <p class='ocr_par' dir='ltr' id='par_1_66' title="bbox 2130 441 3793 521">
     <span class='ocr_line' id='line_1_66' title="bbox 2130 441 3793 521; baseline 0.002 -27"><span class='ocrx_word' id='word_1_506' title='bbox 2130 443 2232 511; x_wconf 85' lang='grc' dir='ltr'>τὴν</span> <span class='ocrx_word' id='word_1_507' title='bbox 2280 442 2537 507; x_wconf 82' lang='grc' dir='ltr'>διάνοιαν,</span> <span class='ocrx_word' id='word_1_508' title='bbox 2569 443 2712 498; x_wconf 77' lang='grc' dir='ltr'>οὕτω</span> <span class='ocrx_word' id='word_1_509' title='bbox 2749 444 2846 521; x_wconf 77' lang='grc' dir='ltr'>τὴν</span> <span class='ocrx_word' id='word_1_510' title='bbox 2889 442 3152 514; x_wconf 88' lang='grc' dir='ltr'>πρόσοδον</span> <span class='ocrx_word' id='word_1_511' title='bbox 3192 441 3492 513; x_wconf 86' lang='grc' dir='ltr'>ποιώμεθα,</span> <span class='ocrx_word' id='word_1_512' title='bbox 3527 443 3793 514; x_wconf 87' lang='grc' dir='ltr'>μηδεμίαν</span> 
     </span>
    </p>
   </div>
   <div class='ocr_carea' id='block_1_67' title="bbox 2132 530 3795 603">
    <p class='ocr_par' dir='ltr' id='par_1_67' title="bbox 2132 530 3795 603">
     <span class='ocr_line' id='line_1_67' title="bbox 2132 530 3795 603; baseline -0.001 -21"><span class='ocrx_word' id='word_1_513' title='bbox 2132 530 2483 601; x_wconf 86' lang='grc' dir='ltr'>παρείσδυσιν</span> <span class='ocrx_word' id='word_1_514' title='bbox 2518 531 2748 595; x_wconf 84' lang='grc' dir='ltr'>διδόντες</span> <span class='ocrx_word' id='word_1_515' title='bbox 2788 530 2866 601; x_wconf 80' lang='grc' dir='ltr'>τῷ</span> <span class='ocrx_word' id='word_1_516' title='bbox 2899 530 3077 603; x_wconf 83' lang='grc' dir='ltr'>ἐχθρῷ</span> <span class='ocrx_word' id='word_1_517' title='bbox 3106 531 3207 600; x_wconf 87' lang='grc' dir='ltr'>τῆς</span> <span class='ocrx_word' id='word_1_518' title='bbox 3237 530 3508 600; x_wconf 84' lang='grc' dir='ltr'>σωτηρίας</span> <span class='ocrx_word' id='word_1_519' title='bbox 3533 530 3630 602; x_wconf 88' lang='grc' dir='ltr'>τῆς</span> <span class='ocrx_word' id='word_1_520' title='bbox 3657 531 3795 600; x_wconf 84' lang='grc' dir='ltr'>ήμε-</span> 
     </span>
    </p>
   </div>
   <div class='ocr_carea' id='block_1_68' title="bbox 2128 614 3796 689">
    <p class='ocr_par' dir='ltr' id='par_1_68' title="bbox 2128 614 3796 689">
     <span class='ocr_line' id='line_1_68' title="bbox 2128 614 3796 689; baseline 0.001 -19"><span class='ocrx_word' id='word_1_521' title='bbox 2128 617 2313 689; x_wconf 84' lang='grc' dir='ltr'>τέρας.</span> <span class='ocrx_word' id='word_1_522' title='bbox 2351 618 2568 689; x_wconf 86' lang='grc' dir='ltr'>Ἐπειδὴ</span> <span class='ocrx_word' id='word_1_523' title='bbox 2602 619 2710 689; x_wconf 84' lang='grc' dir='ltr'>γὰρ</span> <span class='ocrx_word' id='word_1_524' title='bbox 2753 614 2892 672; x_wconf 73' lang='grc' dir='ltr'>οἶδεν</span> <span class='ocrx_word' id='word_1_525' title='bbox 2933 620 3014 672; x_wconf 78' lang='grc' dir='ltr'>δτι</span> <span class='ocrx_word' id='word_1_526' title='bbox 3065 617 3207 671; x_wconf 84' lang='grc' dir='ltr'>κατὰ</span> <span class='ocrx_word' id='word_1_527' title='bbox 3237 617 3327 671; x_wconf 77' lang='grc' dir='ltr'>τὸν</span> <span class='ocrx_word' id='word_1_528' title='bbox 3369 617 3555 687; x_wconf 84' lang='grc' dir='ltr'>καιρὸν</span> <span class='ocrx_word' id='word_1_529' title='bbox 3587 618 3796 671; x_wconf 84' lang='grc' dir='ltr'>ἐκεῖνον</span> 
     </span>
    </p>
   </div>
   <div class='ocr_carea' id='block_1_69' title="bbox 2128 703 3796 776">
    <p class='ocr_par' dir='ltr' id='par_1_69' title="bbox 2128 703 3796 776">
     <span class='ocr_line' id='line_1_69' title="bbox 2128 703 3796 776; baseline 0.001 -19"><span class='ocrx_word' id='word_1_530' title='bbox 2128 703 2403 776; x_wconf 85' lang='grc' dir='ltr'>δυνάμεθα</span> <span class='ocrx_word' id='word_1_531' title='bbox 2436 704 2693 776; x_wconf 75' lang='grc' dir='ltr'>περὶτῶν</span> <span class='ocrx_word' id='word_1_532' title='bbox 2729 705 3059 776; x_wconf 90' lang='grc' dir='ltr'>συνεχόντων</span> <span class='ocrx_word' id='word_1_533' title='bbox 3088 707 3233 776; x_wconf 80' lang='grc' dir='ltr'>ἡμᾶς</span> <span class='ocrx_word' id='word_1_534' title='bbox 3276 704 3661 776; x_wconf 83' lang='grc' dir='ltr'>διαλεχθέντες,</span> <span class='ocrx_word' id='word_1_535' title='bbox 3705 703 3796 759; x_wconf 74' lang='grc' dir='ltr'>καὶ</span> 
     </span>
    </p>
   </div>
   <div class='ocr_carea' id='block_1_70' title="bbox 2129 789 3797 864">
    <p class='ocr_par' dir='ltr' id='par_1_70' title="bbox 2129 789 3797 864">
     <span class='ocr_line' id='line_1_70' title="bbox 2129 789 3797 864; baseline 0.001 -21"><span class='ocrx_word' id='word_1_536' title='bbox 2129 790 2199 844; x_wconf 90' lang='grc' dir='ltr'>τά</span> <span class='ocrx_word' id='word_1_537' title='bbox 2248 793 2612 863; x_wconf 77' lang='grc' dir='ltr'>ἡμαρτημένα</span> <span class='ocrx_word' id='word_1_538' title='bbox 2662 792 3139 863; x_wconf 82' lang='grc' dir='ltr'>ἐξαγορεύσαντες,</span> <span class='ocrx_word' id='word_1_539' title='bbox 3170 794 3264 846; x_wconf 79' lang='grc' dir='ltr'>καὶ</span> <span class='ocrx_word' id='word_1_540' title='bbox 3303 794 3372 846; x_wconf 76' lang='grc' dir='ltr'>τὰ</span> <span class='ocrx_word' id='word_1_541' title='bbox 3407 792 3698 864; x_wconf 87' lang='grc' dir='ltr'>τραύματα</span> <span class='ocrx_word' id='word_1_542' title='bbox 3721 789 3797 862; x_wconf 88' lang='grc' dir='ltr'>τῷ</span> 
     </span>
    </p>
   </div>
   <div class='ocr_carea' id='block_1_71' title="bbox 2135 879 3796 951">
    <p class='ocr_par' dir='ltr' id='par_1_71' title="bbox 2135 879 3796 951">
     <span class='ocr_line' id='line_1_71' title="bbox 2135 879 3796 951; baseline -0.001 -19"><span class='ocrx_word' id='word_1_543' title='bbox 2135 879 2304 950; x_wconf 76' lang='grc' dir='ltr'>ἰατρῷ</span> <span class='ocrx_word' id='word_1_544' title='bbox 2330 880 2621 945; x_wconf 78' lang='grc' dir='ltr'>δείξαντες,</span> <span class='ocrx_word' id='word_1_545' title='bbox 2653 880 2854 950; x_wconf 85' lang='grc' dir='ltr'>πολλῆς</span> <span class='ocrx_word' id='word_1_546' title='bbox 2891 880 3167 949; x_wconf 81' lang='grc' dir='ltr'>ἐπιτυχεῖν</span> <span class='ocrx_word' id='word_1_547' title='bbox 3198 880 3296 951; x_wconf 86' lang='grc' dir='ltr'>τῆς</span> <span class='ocrx_word' id='word_1_548' title='bbox 3322 879 3640 951; x_wconf 89' lang='grc' dir='ltr'>θεραπείας,</span> <span class='ocrx_word' id='word_1_549' title='bbox 3676 879 3796 932; x_wconf 82' lang='grc' dir='ltr'>τότε</span> 
     </span>
    </p>
   </div>
   <div class='ocr_carea' id='block_1_72' title="bbox 2135 967 3797 1038">
    <p class='ocr_par' dir='ltr' id='par_1_72' title="bbox 2135 967 3797 1038">
     <span class='ocr_line' id='line_1_72' title="bbox 2135 967 3797 1038; baseline -0.001 -17"><span class='ocrx_word' id='word_1_550' title='bbox 2135 967 2369 1038; x_wconf 88' lang='grc' dir='ltr'>μάλιστα</span> <span class='ocrx_word' id='word_1_551' title='bbox 2399 968 2680 1038; x_wconf 78' lang='grc' dir='ltr'>ἐφίσταται</span> <span class='ocrx_word' id='word_1_552' title='bbox 2711 970 2807 1022; x_wconf 81' lang='grc' dir='ltr'>καὶ</span> <span class='ocrx_word' id='word_1_553' title='bbox 2838 969 3014 1024; x_wconf 84' lang='grc' dir='ltr'>πάντα</span> <span class='ocrx_word' id='word_1_554' title='bbox 3038 971 3181 1021; x_wconf 87' lang='grc' dir='ltr'>ποιεῖ</span> <span class='ocrx_word' id='word_1_555' title='bbox 3210 969 3304 1021; x_wconf 79' lang='grc' dir='ltr'>καὶ</span> <span class='ocrx_word' id='word_1_556' title='bbox 3329 968 3797 1038; x_wconf 86' lang='grc' dir='ltr'>πραγματεύεται,</span> 
     </span>
    </p>
   </div>
   <div class='ocr_carea' id='block_1_73' title="bbox 2132 1055 3798 1128">
    <p class='ocr_par' dir='ltr' id='par_1_73' title="bbox 2132 1055 3798 1128">
     <span class='ocr_line' id='line_1_73' title="bbox 2132 1055 3798 1128; baseline -0.001 -20"><span class='ocrx_word' id='word_1_557' title='bbox 2132 1055 2274 1108; x_wconf 82' lang='grc' dir='ltr'>ὥστε</span> <span class='ocrx_word' id='word_1_558' title='bbox 2301 1056 2597 1128; x_wconf 77' lang='grc' dir='ltr'>ἐκκροῦσαι</span> <span class='ocrx_word' id='word_1_559' title='bbox 2638 1059 2786 1128; x_wconf 85' lang='grc' dir='ltr'>ήμᾶς</span> <span class='ocrx_word' id='word_1_560' title='bbox 2831 1057 2926 1111; x_wconf 67' lang='grc' dir='ltr'>καλ⁵</span> <span class='ocrx_word' id='word_1_561' title='bbox 2963 1058 3042 1119; x_wconf 87' lang='grc' dir='ltr'>είς</span> <span class='ocrx_word' id='word_1_562' title='bbox 3086 1056 3666 1128; x_wconf 79' lang='grc' dir='ltr'>ῥᾳθυμίαν.ἐμϐαλεῖν.</span> <span class='ocrx_word' id='word_1_563' title='bbox 3709 1055 3798 1108; x_wconf 82' lang='grc' dir='ltr'>Διὸ</span> 
     </span>
    </p>
   </div>
   <div class='ocr_carea' id='block_1_74' title="bbox 2131 1143 3797 1216">
    <p class='ocr_par' dir='ltr' id='par_1_74' title="bbox 2131 1143 3797 1216">
     <span class='ocr_line' id='line_1_74' title="bbox 2131 1143 3797 1216; baseline 0.001 -20"><span class='ocrx_word' id='word_1_564' title='bbox 2131 1144 2410 1213; x_wconf 83' lang='grc' dir='ltr'>νήφωμεν,</span> <span class='ocrx_word' id='word_1_565' title='bbox 2449 1144 2775 1216; x_wconf 88' lang='grc' dir='ltr'>παρακαλῶ,</span> <span class='ocrx_word' id='word_1_566' title='bbox 2806 1146 2900 1199; x_wconf 64' lang='grc' dir='ltr'>καὶ⁵</span> <span class='ocrx_word' id='word_1_567' title='bbox 2941 1144 3140 1209; x_wconf 86' lang='grc' dir='ltr'>εἰδότες</span> <span class='ocrx_word' id='word_1_568' title='bbox 3165 1143 3329 1199; x_wconf 85' lang='grc' dir='ltr'>αὐτοῦ</span> <span class='ocrx_word' id='word_1_569' title='bbox 3362 1145 3459 1208; x_wconf 79' lang='grc' dir='ltr'>τὰς</span> <span class='ocrx_word' id='word_1_570' title='bbox 3486 1143 3797 1207; x_wconf 77' lang='grc' dir='ltr'>ἐπιϐουλὰς,</span> 
     </span>
    </p>
   </div>
   <div class='ocr_carea' id='block_1_75' title="bbox 2137 1230 3799 1306">
    <p class='ocr_par' dir='ltr' id='par_1_75' title="bbox 2137 1230 3799 1306">
     <span class='ocr_line' id='line_1_75' title="bbox 2137 1230 3799 1306; baseline -0.001 -22"><span class='ocrx_word' id='word_1_571' title='bbox 2137 1230 2371 1299; x_wconf 88' lang='grc' dir='ltr'>μάλιστα</span> <span class='ocrx_word' id='word_1_572' title='bbox 2399 1231 2541 1285; x_wconf 89' lang='grc' dir='ltr'>κατά</span> <span class='ocrx_word' id='word_1_573' title='bbox 2569 1231 2659 1284; x_wconf 84' lang='grc' dir='ltr'>τὸν</span> <span class='ocrx_word' id='word_1_574' title='bbox 2687 1232 2875 1306; x_wconf 81' lang='grc' dir='ltr'>καιρὸν</span> <span class='ocrx_word' id='word_1_575' title='bbox 2910 1234 3116 1286; x_wconf 87' lang='grc' dir='ltr'>ἐκεῖνον</span> <span class='ocrx_word' id='word_1_576' title='bbox 3153 1232 3563 1303; x_wconf 79' lang='grc' dir='ltr'>σπουδάζωμεν,</span> <span class='ocrx_word' id='word_1_577' title='bbox 3602 1230 3799 1285; x_wconf 75' lang='grc' dir='ltr'>ὡσανεὶ</span> 
     </span>
    </p>
   </div>
   <div class='ocr_carea' id='block_1_76' title="bbox 2136 1317 3799 1390">
    <p class='ocr_par' dir='ltr' id='par_1_76' title="bbox 2136 1317 3799 1390">
     <span class='ocr_line' id='line_1_76' title="bbox 2136 1317 3799 1390; baseline 0.001 -20"><span class='ocrx_word' id='word_1_578' title='bbox 2136 1318 2377 1388; x_wconf 90' lang='grc' dir='ltr'>παρόντα</span> <span class='ocrx_word' id='word_1_579' title='bbox 2413 1317 2509 1370; x_wconf 76' lang='grc' dir='ltr'>καὶ</span> <span class='ocrx_word' id='word_1_580' title='bbox 2548 1318 2654 1390; x_wconf 76' lang='grc' dir='ltr'>πρὸ</span> <span class='ocrx_word' id='word_1_581' title='bbox 2675 1318 2784 1372; x_wconf 87' lang='grc' dir='ltr'>τῶν</span> <span class='ocrx_word' id='word_1_582' title='bbox 2805 1318 3097 1389; x_wconf 81' lang='grc' dir='ltr'>ὀφθαλμῶν</span> <span class='ocrx_word' id='word_1_583' title='bbox 3122 1318 3278 1389; x_wconf 88' lang='grc' dir='ltr'>ήμῶν</span> <span class='ocrx_word' id='word_1_584' title='bbox 3303 1318 3512 1372; x_wconf 78' lang='grc' dir='ltr'>ἑστῶτα</span> <span class='ocrx_word' id='word_1_585' title='bbox 3543 1318 3799 1390; x_wconf 86' lang='grc' dir='ltr'>ὁρῶντες,</span> 
     </span>
    </p>
   </div>
   <div class='ocr_carea' id='block_1_77' title="bbox 2133 1403 3798 1477">
    <p class='ocr_par' dir='ltr' id='par_1_77' title="bbox 2133 1403 3798 1477">
     <span class='ocr_line' id='line_1_77' title="bbox 2133 1403 3798 1477; baseline 0.002 -19"><span class='ocrx_word' id='word_1_586' title='bbox 2133 1403 2306 1468; x_wconf 71' lang='grc' dir='ltr'>οὕτως</span> <span class='ocrx_word' id='word_1_587' title='bbox 2342 1405 2503 1458; x_wconf 84' lang='grc' dir='ltr'>αὑτὸν</span> <span class='ocrx_word' id='word_1_588' title='bbox 2535 1405 2938 1477; x_wconf 78' lang='grc' dir='ltr'>διακρούεσθαι,</span> <span class='ocrx_word' id='word_1_589' title='bbox 2989 1407 3085 1459; x_wconf 74' lang='grc' dir='ltr'>καὶ</span> <span class='ocrx_word' id='word_1_590' title='bbox 3118 1406 3297 1459; x_wconf 87' lang='grc' dir='ltr'>πάντα</span> <span class='ocrx_word' id='word_1_591' title='bbox 3326 1406 3582 1476; x_wconf 79' lang='grc' dir='ltr'>λογισμὸν</span> <span class='ocrx_word' id='word_1_592' title='bbox 3614 1407 3798 1461; x_wconf 75' lang='grc' dir='ltr'>διατα-</span> 
     </span>
    </p>
   </div>
   <div class='ocr_carea' id='block_1_78' title="bbox 2138 1493 3785 1566">
    <p class='ocr_par' dir='ltr' id='par_1_78' title="bbox 2138 1493 3785 1566">
     <span class='ocr_line' id='line_1_78' title="bbox 2138 1493 3785 1566; baseline 0.001 -19"><span class='ocrx_word' id='word_1_593' title='bbox 2138 1493 2400 1565; x_wconf 87' lang='grc' dir='ltr'>ράττοντα</span> <span class='ocrx_word' id='word_1_594' title='bbox 2425 1495 2580 1566; x_wconf 83' lang='grc' dir='ltr'>ήμῶν</span> <span class='ocrx_word' id='word_1_595' title='bbox 2603 1494 2700 1566; x_wconf 82' lang='grc' dir='ltr'>τὴν</span> <span class='ocrx_word' id='word_1_596' title='bbox 2724 1495 2959 1548; x_wconf 83' lang='grc' dir='ltr'>διάνοιαν</span> <span class='ocrx_word' id='word_1_597' title='bbox 2992 1493 3348 1558; x_wconf 82' lang='grc' dir='ltr'>ἀπωθεῖσθαι,</span> <span class='ocrx_word' id='word_1_598' title='bbox 3372 1494 3466 1548; x_wconf 81' lang='grc' dir='ltr'>καὶ</span> <span class='ocrx_word' id='word_1_599' title='bbox 3496 1495 3648 1559; x_wconf 84' lang='grc' dir='ltr'>ὅλους</span> <span class='ocrx_word' id='word_1_600' title='bbox 3676 1496 3785 1549; x_wconf 86' lang='grc' dir='ltr'>ἐαυ-</span> 
     </span>
    </p>
   </div>
   <div class='ocr_carea' id='block_1_79' title="bbox 2133 1581 3800 1654">
    <p class='ocr_par' dir='ltr' id='par_1_79' title="bbox 2133 1581 3800 1654">
     <span class='ocr_line' id='line_1_79' title="bbox 2133 1581 3800 1654; baseline 0.001 -19"><span class='ocrx_word' id='word_1_601' title='bbox 2133 1583 2259 1645; x_wconf 81' lang='grc' dir='ltr'>τοὺς</span> <span class='ocrx_word' id='word_1_602' title='bbox 2289 1581 2602 1644; x_wconf 87' lang='grc' dir='ltr'>συντείνειν,</span> <span class='ocrx_word' id='word_1_603' title='bbox 2643 1584 2738 1636; x_wconf 78' lang='grc' dir='ltr'>καὶ</span> <span class='ocrx_word' id='word_1_604' title='bbox 2769 1582 2973 1653; x_wconf 82' lang='grc' dir='ltr'>ἀκριϐῆ</span> <span class='ocrx_word' id='word_1_605' title='bbox 3003 1581 3275 1635; x_wconf 87' lang='grc' dir='ltr'>ποιεῖσθαι</span> <span class='ocrx_word' id='word_1_606' title='bbox 3304 1581 3401 1654; x_wconf 81' lang='grc' dir='ltr'>τὴν</span> <span class='ocrx_word' id='word_1_607' title='bbox 3429 1581 3686 1648; x_wconf 75' lang='grc' dir='ltr'>ἔντευξιν,</span> <span class='ocrx_word' id='word_1_608' title='bbox 3715 1584 3800 1637; x_wconf 74' lang='grc' dir='ltr'>ἵνα</span> 
     </span>
    </p>
   </div>
   <div class='ocr_carea' id='block_1_80' title="bbox 2138 1667 3799 1742">
    <p class='ocr_par' dir='ltr' id='par_1_80' title="bbox 2138 1667 3799 1742">
     <span class='ocr_line' id='line_1_80' title="bbox 2138 1667 3799 1742; baseline 0.001 -21"><span class='ocrx_word' id='word_1_609' title='bbox 2138 1667 2212 1739; x_wconf 81' lang='grc' dir='ltr'>μὴ</span> <span class='ocrx_word' id='word_1_610' title='bbox 2244 1669 2404 1738; x_wconf 88' lang='grc' dir='ltr'>μόνον</span> <span class='ocrx_word' id='word_1_611' title='bbox 2433 1671 2467 1739; x_wconf 88' lang='grc' dir='ltr'>ή</span> <span class='ocrx_word' id='word_1_612' title='bbox 2500 1668 2716 1738; x_wconf 82' lang='grc' dir='ltr'>γλῶττα</span> <span class='ocrx_word' id='word_1_613' title='bbox 2745 1669 3066 1739; x_wconf 89' lang='grc' dir='ltr'>φθέγγηται,</span> <span class='ocrx_word' id='word_1_614' title='bbox 3094 1669 3231 1723; x_wconf 88' lang='grc' dir='ltr'>ἀλλά</span> <span class='ocrx_word' id='word_1_615' title='bbox 3254 1669 3349 1723; x_wconf 74' lang='grc' dir='ltr'>καὶ</span> <span class='ocrx_word' id='word_1_616' title='bbox 3377 1670 3637 1741; x_wconf 84' lang='grc' dir='ltr'>ήδιάνοια</span> <span class='ocrx_word' id='word_1_617' title='bbox 3666 1688 3727 1723; x_wconf 91' lang='grc' dir='ltr'>συ</span> <span class='ocrx_word' id='word_1_618' title='bbox 3737 1688 3799 1742; x_wconf 81' lang='grc' dir='ltr'>μ·</span> 
     </span>
    </p>
   </div>
   <div class='ocr_carea' id='block_1_81' title="bbox 2135 1755 3800 1829">
    <p class='ocr_par' dir='ltr' id='par_1_81' title="bbox 2135 1755 3800 1829">
     <span class='ocr_line' id='line_1_81' title="bbox 2135 1755 3800 1829; baseline 0.001 -20"><span class='ocrx_word' id='word_1_619' title='bbox 2135 1756 2295 1827; x_wconf 79' lang='grc' dir='ltr'>ϐαίνῃ</span> <span class='ocrx_word' id='word_1_620' title='bbox 2327 1758 2441 1820; x_wconf 89' lang='grc' dir='ltr'>τοῖς</span> <span class='ocrx_word' id='word_1_621' title='bbox 2463 1756 2794 1826; x_wconf 86' lang='grc' dir='ltr'>λεγομένοις.</span> <span class='ocrx_word' id='word_1_622' title='bbox 2831 1757 2957 1811; x_wconf 83' lang='grc' dir='ltr'>Ἐὰν</span> <span class='ocrx_word' id='word_1_623' title='bbox 2984 1755 3094 1828; x_wconf 75' lang='grc' dir='ltr'>γάρ</span> <span class='ocrx_word' id='word_1_624' title='bbox 3124 1757 3157 1827; x_wconf 87' lang='grc' dir='ltr'><strong>ἡ</strong></span> <span class='ocrx_word' id='word_1_625' title='bbox 3184 1756 3401 1825; x_wconf 88' lang='grc' dir='ltr'>γλῶττα</span> <span class='ocrx_word' id='word_1_626' title='bbox 3427 1757 3526 1827; x_wconf 82' lang='grc' dir='ltr'>μὲν</span> <span class='ocrx_word' id='word_1_627' title='bbox 3553 1759 3800 1829; x_wconf 57' lang='grc' dir='ltr'>προφέρῃ</span> 
     </span>
    </p>
   </div>
   <div class='ocr_carea' id='block_1_82' title="bbox 2134 1842 3803 1916">
    <p class='ocr_par' dir='ltr' id='par_1_82' title="bbox 2134 1842 3803 1916">
     <span class='ocr_line' id='line_1_82' title="bbox 2134 1842 3803 1916; baseline 0.001 -20"><span class='ocrx_word' id='word_1_628' title='bbox 2134 1842 2204 1896; x_wconf 77' lang='grc' dir='ltr'>τὰ</span> <span class='ocrx_word' id='word_1_629' title='bbox 2238 1845 2478 1915; x_wconf 78' lang='grc' dir='ltr'>ῥήματα,</span> <span class='ocrx_word' id='word_1_630' title='bbox 2523 1846 2557 1915; x_wconf 87' lang='grc' dir='ltr'>ή</span> <span class='ocrx_word' id='word_1_631' title='bbox 2600 1844 2655 1897; x_wconf 87' lang='grc' dir='ltr'>δὲ</span> <span class='ocrx_word' id='word_1_632' title='bbox 2701 1845 2906 1899; x_wconf 90' lang='grc' dir='ltr'>διάνοια</span> <span class='ocrx_word' id='word_1_633' title='bbox 2954 1844 3060 1908; x_wconf 79' lang='grc' dir='ltr'>ἔξω</span> <span class='ocrx_word' id='word_1_634' title='bbox 3106 1845 3398 1916; x_wconf 74' lang='grc' dir='ltr'>ῥέμϐηται,</span> <span class='ocrx_word' id='word_1_635' title='bbox 3429 1843 3496 1898; x_wconf 83' lang='grc' dir='ltr'>τὰ</span> <span class='ocrx_word' id='word_1_636' title='bbox 3524 1846 3668 1899; x_wconf 90' lang='grc' dir='ltr'>κατά</span> <span class='ocrx_word' id='word_1_637' title='bbox 3702 1846 3803 1916; x_wconf 82' lang='grc' dir='ltr'>τὴν</span> 
     </span>
    </p>
   </div>
   <div class='ocr_carea' id='block_1_83' title="bbox 2135 1929 3800 2004">
    <p class='ocr_par' dir='ltr' id='par_1_83' title="bbox 2135 1929 3800 2004">
     <span class='ocr_line' id='line_1_83' title="bbox 2135 1929 3800 2004; baseline 0.001 -21"><span class='ocrx_word' id='word_1_638' title='bbox 2135 1930 2312 1984; x_wconf 84' lang='grc' dir='ltr'>οίκίαν</span> <span class='ocrx_word' id='word_1_639' title='bbox 2332 1929 2762 2002; x_wconf 88' lang='grc' dir='ltr'>περισκοποῦσα,</span> <span class='ocrx_word' id='word_1_640' title='bbox 2790 1931 2857 1985; x_wconf 84' lang='grc' dir='ltr'>τά</span> <span class='ocrx_word' id='word_1_641' title='bbox 2882 1931 3021 1985; x_wconf 87' lang='grc' dir='ltr'>κατά</span> <span class='ocrx_word' id='word_1_642' title='bbox 3051 1930 3148 2002; x_wconf 86' lang='grc' dir='ltr'>τὴν</span> <span class='ocrx_word' id='word_1_643' title='bbox 3169 1931 3374 2004; x_wconf 76' lang='grc' dir='ltr'>ἀγορὰν</span> <span class='ocrx_word' id='word_1_644' title='bbox 3399 1932 3800 2004; x_wconf 86' lang='grc' dir='ltr'>φανταζομένη,</span> 
     </span>
    </p>
   </div>
   <div class='ocr_carea' id='block_1_84' title="bbox 2134 2016 3802 2090">
    <p class='ocr_par' dir='ltr' id='par_1_84' title="bbox 2134 2016 3802 2090">
     <span class='ocr_line' id='line_1_84' title="bbox 2134 2016 3802 2090; baseline 0.002 -20"><span class='ocrx_word' id='word_1_645' title='bbox 2134 2017 2286 2071; x_wconf 79' lang='grc' dir='ltr'>οὐδὲν</span> <span class='ocrx_word' id='word_1_646' title='bbox 2308 2019 2438 2087; x_wconf 84' lang='grc' dir='ltr'>ἡμῖν</span> <span class='ocrx_word' id='word_1_647' title='bbox 2466 2016 2655 2086; x_wconf 77' lang='grc' dir='ltr'>ὄφελος</span> <span class='ocrx_word' id='word_1_648' title='bbox 2677 2017 2849 2084; x_wconf 79' lang='grc' dir='ltr'>ἔσται,</span> <span class='ocrx_word' id='word_1_649' title='bbox 2879 2018 3021 2089; x_wconf 86' lang='grc' dir='ltr'>τάχα</span> <span class='ocrx_word' id='word_1_650' title='bbox 3047 2017 3104 2071; x_wconf 83' lang='grc' dir='ltr'>δὲ</span> <span class='ocrx_word' id='word_1_651' title='bbox 3134 2020 3228 2072; x_wconf 79' lang='grc' dir='ltr'>καὶ</span> <span class='ocrx_word' id='word_1_652' title='bbox 3251 2018 3450 2072; x_wconf 89' lang='grc' dir='ltr'>πλείων</span> <span class='ocrx_word' id='word_1_653' title='bbox 3478 2021 3511 2090; x_wconf 88' lang='grc' dir='ltr'>ή</span> <span class='ocrx_word' id='word_1_654' title='bbox 3539 2021 3802 2090; x_wconf 87' lang='grc' dir='ltr'>κατάκρι-</span> 
     </span>
    </p>
   </div>
   <div class='ocr_carea' id='block_1_85' title="bbox 2138 2102 3803 2177">
    <p class='ocr_par' dir='ltr' id='par_1_85' title="bbox 2138 2102 3803 2177">
     <span class='ocr_line' id='line_1_85' title="bbox 2138 2102 3803 2177; baseline 0.001 -20"><span class='ocrx_word' id='word_1_655' title='bbox 2138 2121 2242 2168; x_wconf 91' lang='grc' dir='ltr'>σις.</span> <span class='ocrx_word' id='word_1_656' title='bbox 2283 2105 2347 2158; x_wconf 88' lang='grc' dir='ltr'>Εί</span> <span class='ocrx_word' id='word_1_657' title='bbox 2376 2104 2485 2176; x_wconf 81' lang='grc' dir='ltr'>γάρ</span> <span class='ocrx_word' id='word_1_658' title='bbox 2532 2102 2803 2175; x_wconf 87' lang='grc' dir='ltr'>ἀνθρώπῳ</span> <span class='ocrx_word' id='word_1_659' title='bbox 2850 2106 3162 2175; x_wconf 85' lang='grc' dir='ltr'>προσιόντες</span> <span class='ocrx_word' id='word_1_660' title='bbox 3203 2105 3471 2177; x_wconf 87' lang='grc' dir='ltr'>τοσαύτην</span> <span class='ocrx_word' id='word_1_661' title='bbox 3504 2104 3803 2160; x_wconf 85' lang='grc' dir='ltr'>ἐπιδεικνύ-</span> 
     </span>
    </p>
   </div>
   <div class='ocr_carea' id='block_1_86' title="bbox 2140 2192 3804 2267">
    <p class='ocr_par' dir='ltr' id='par_1_86' title="bbox 2140 2192 3804 2267">
     <span class='ocr_line' id='line_1_86' title="bbox 2140 2192 3804 2267; baseline 0.001 -22"><span class='ocrx_word' id='word_1_662' title='bbox 2140 2192 2279 2265; x_wconf 85' lang='grc' dir='ltr'>μεθα</span> <span class='ocrx_word' id='word_1_663' title='bbox 2328 2192 2425 2264; x_wconf 78' lang='grc' dir='ltr'>τὴν</span> <span class='ocrx_word' id='word_1_664' title='bbox 2453 2192 2706 2264; x_wconf 75' lang='grc' dir='ltr'>σπουδὴν,</span> <span class='ocrx_word' id='word_1_665' title='bbox 2745 2193 2821 2257; x_wconf 90' lang='grc' dir='ltr'>ώς</span> <span class='ocrx_word' id='word_1_666' title='bbox 2868 2194 3003 2264; x_wconf 83' lang='grc' dir='ltr'>μηδέ</span> <span class='ocrx_word' id='word_1_667' title='bbox 3030 2194 3155 2258; x_wconf 82' lang='grc' dir='ltr'>τοὺς</span> <span class='ocrx_word' id='word_1_668' title='bbox 3192 2194 3420 2266; x_wconf 83' lang='grc' dir='ltr'>πλησίον</span> <span class='ocrx_word' id='word_1_669' title='bbox 3447 2193 3804 2267; x_wconf 86' lang='grc' dir='ltr'>παρεστῶτας</span> 
     </span>
    </p>
   </div>
   <div class='ocr_carea' id='block_1_87' title="bbox 2136 2281 3801 2354">
    <p class='ocr_par' dir='ltr' id='par_1_87' title="bbox 2136 2281 3801 2354">
     <span class='ocr_line' id='line_1_87' title="bbox 2136 2281 3801 2354; baseline 0.001 -21"><span class='ocrx_word' id='word_1_670' title='bbox 2136 2281 2396 2345; x_wconf 88' lang='grc' dir='ltr'>πολλάκις</span> <span class='ocrx_word' id='word_1_671' title='bbox 2444 2282 2595 2353; x_wconf 79' lang='grc' dir='ltr'>ὁρᾷν,</span> <span class='ocrx_word' id='word_1_672' title='bbox 2646 2282 2782 2336; x_wconf 90' lang='grc' dir='ltr'>ἀλλά</span> <span class='ocrx_word' id='word_1_673' title='bbox 2816 2281 3106 2336; x_wconf 82' lang='grc' dir='ltr'>συντείνειν</span> <span class='ocrx_word' id='word_1_674' title='bbox 3148 2282 3355 2337; x_wconf 74' lang='grc' dir='ltr'>ἑαυτῶν</span> <span class='ocrx_word' id='word_1_675' title='bbox 3400 2283 3500 2354; x_wconf 80' lang='grc' dir='ltr'>τὴν</span> <span class='ocrx_word' id='word_1_676' title='bbox 3544 2284 3801 2351; x_wconf 86' lang='grc' dir='ltr'>διάνοιαν,</span> 
     </span>
    </p>
   </div>
   <div class='ocr_carea' id='block_1_88' title="bbox 2137 2364 3804 2442">
    <p class='ocr_par' dir='ltr' id='par_1_88' title="bbox 2137 2364 3804 2442">
     <span class='ocr_line' id='line_1_88' title="bbox 2137 2364 3804 2442; baseline -0.001 -19"><span class='ocrx_word' id='word_1_677' title='bbox 2137 2368 2385 2423; x_wconf 84' lang='grc' dir='ltr'>κάκεῖνον</span> <span class='ocrx_word' id='word_1_678' title='bbox 2455 2370 2615 2438; x_wconf 83' lang='grc' dir='ltr'>μόνον</span> <span class='ocrx_word' id='word_1_679' title='bbox 2681 2370 3078 2439; x_wconf 76' lang='grc' dir='ltr'>φαντάζεσθαι,</span> <span class='ocrx_word' id='word_1_680' title='bbox 3133 2364 3178 2438; x_wconf 83' lang='grc' dir='ltr'>ᾧ</span> <span class='ocrx_word' id='word_1_681' title='bbox 3226 2370 3540 2442; x_wconf 86' lang='grc' dir='ltr'>προσίωμεν</span> <span class='ocrx_word' id='word_1_682' title='bbox 3561 2385 3578 2403; x_wconf 88' lang='grc'>·</span> <span class='ocrx_word' id='word_1_683' title='bbox 3624 2370 3804 2442; x_wconf 80' lang='grc' dir='ltr'>πολλῷ</span> 
     </span>
    </p>
   </div>
   <div class='ocr_carea' id='block_1_89' title="bbox 2140 2455 3804 2529">
    <p class='ocr_par' dir='ltr' id='par_1_89' title="bbox 2140 2455 3804 2529">
     <span class='ocr_line' id='line_1_89' title="bbox 2140 2455 3804 2529; baseline 0 -19"><span class='ocrx_word' id='word_1_684' title='bbox 2140 2456 2343 2527; x_wconf 81' lang='grc' dir='ltr'>μᾶλλον</span> <span class='ocrx_word' id='word_1_685' title='bbox 2380 2458 2471 2509; x_wconf 75' lang='grc' dir='ltr'>ἐπὶ</span> <span class='ocrx_word' id='word_1_686' title='bbox 2498 2455 2592 2510; x_wconf 89' lang='grc' dir='ltr'>τοῦ</span> <span class='ocrx_word' id='word_1_687' title='bbox 2621 2456 2757 2510; x_wconf 86' lang='grc' dir='ltr'>Θεοῦ</span> <span class='ocrx_word' id='word_1_688' title='bbox 2784 2457 2942 2511; x_wconf 88' lang='grc' dir='ltr'>τοῦτο</span> <span class='ocrx_word' id='word_1_689' title='bbox 2971 2461 3142 2512; x_wconf 83' lang='grc' dir='ltr'>ποιεῖν</span> <span class='ocrx_word' id='word_1_690' title='bbox 3169 2461 3318 2529; x_wconf 81' lang='grc' dir='ltr'>ἡμᾶς</span> <span class='ocrx_word' id='word_1_691' title='bbox 3345 2459 3473 2529; x_wconf 80' lang='grc' dir='ltr'>χρὴ,</span> <span class='ocrx_word' id='word_1_692' title='bbox 3514 2459 3609 2512; x_wconf 77' lang='grc' dir='ltr'>καὶ</span> <span class='ocrx_word' id='word_1_693' title='bbox 3648 2475 3804 2511; x_wconf 72' lang='grc' dir='ltr'>συνεο</span> 
     </span>
    </p>
   </div>
   <div class='ocr_carea' id='block_1_90' title="bbox 2138 2543 3801 2617">
    <p class='ocr_par' dir='ltr' id='par_1_90' title="bbox 2138 2543 3801 2617">
     <span class='ocr_line' id='line_1_90' title="bbox 2138 2543 3801 2617; baseline 0.001 -20"><span class='ocrx_word' id='word_1_694' title='bbox 2138 2543 2250 2615; x_wconf 89' lang='grc' dir='ltr'>χῶς</span> <span class='ocrx_word' id='word_1_695' title='bbox 2282 2545 2376 2598; x_wconf 67' lang='grc' dir='ltr'>καλ⁸</span> <span class='ocrx_word' id='word_1_696' title='bbox 2426 2544 2785 2608; x_wconf 86' lang='grc' dir='ltr'>ἀδιαλείπτως</span> <span class='ocrx_word' id='word_1_697' title='bbox 2829 2547 2945 2608; x_wconf 90' lang='grc' dir='ltr'>ταῖς</span> <span class='ocrx_word' id='word_1_698' title='bbox 2980 2548 3304 2617; x_wconf 87' lang='grc' dir='ltr'>προσευχαῖς</span> <span class='ocrx_word' id='word_1_699' title='bbox 3352 2547 3801 2617; x_wconf 82' lang='grc' dir='ltr'>προσκαρτερεῖν.</span> 
     </span>
    </p>
   </div>
   <div class='ocr_carea' id='block_1_91' title="bbox 2138 2631 3806 2703">
    <p class='ocr_par' dir='ltr' id='par_1_91' title="bbox 2138 2631 3806 2703">
     <span class='ocr_line' id='line_1_91' title="bbox 2138 2631 3806 2703; baseline 0.001 -19"><span class='ocrx_word' id='word_1_700' title='bbox 2138 2631 2237 2685; x_wconf 88' lang='grc' dir='ltr'>Διὰ</span> <span class='ocrx_word' id='word_1_701' title='bbox 2266 2632 2373 2701; x_wconf 86' lang='grc' dir='ltr'>γὰρ</span> <span class='ocrx_word' id='word_1_702' title='bbox 2402 2631 2558 2685; x_wconf 87' lang='grc' dir='ltr'>τοῦτο</span> <span class='ocrx_word' id='word_1_703' title='bbox 2590 2633 2683 2685; x_wconf 69' lang='grc' dir='ltr'>καὶ</span> <span class='ocrx_word' id='word_1_704' title='bbox 2728 2632 2940 2696; x_wconf 83' lang='grc' dir='ltr'>Παῦλος</span> <span class='ocrx_word' id='word_1_705' title='bbox 2979 2632 3208 2703; x_wconf 85' lang='grc' dir='ltr'>γράφων</span> <span class='ocrx_word' id='word_1_706' title='bbox 3250 2633 3425 2700; x_wconf 77' lang='grc' dir='ltr'>ἔλεγε,</span> <span class='ocrx_word' id='word_1_707' title='bbox 3462 2632 3806 2701; x_wconf 78' lang='grc' dir='ltr'>Προσευχό-</span> 
     </span>
    </p>
   </div>
   <div class='ocr_carea' id='block_1_92' title="bbox 2135 2718 3803 2788">
    <p class='ocr_par' dir='ltr' id='par_1_92' title="bbox 2135 2718 3803 2788">
     <span class='ocr_line' id='line_1_92' title="bbox 2135 2718 3803 2788; baseline 0.001 -16"><span class='ocrx_word' id='word_1_708' title='bbox 2135 2735 2307 2788; x_wconf 79' lang='grc' dir='ltr'>μενοι</span> <span class='ocrx_word' id='word_1_709' title='bbox 2354 2718 2423 2771; x_wconf 82' lang='grc' dir='ltr'>ἐν</span> <span class='ocrx_word' id='word_1_710' title='bbox 2452 2719 2631 2771; x_wconf 80' lang='grc' dir='ltr'>παντί</span> <span class='ocrx_word' id='word_1_711' title='bbox 2670 2718 2872 2785; x_wconf 81' lang='grc' dir='ltr'>καιρῷ,</span> <span class='ocrx_word' id='word_1_712' title='bbox 2915 2722 3326 2788; x_wconf 77' lang='grc' dir='ltr'>προσεύχεσθε</span> <span class='ocrx_word' id='word_1_713' title='bbox 3371 2720 3471 2774; x_wconf 78' lang='grc' dir='ltr'>καί</span> <span class='ocrx_word' id='word_1_714' title='bbox 3518 2721 3589 2774; x_wconf 87' lang='grc' dir='ltr'>ἐν</span> <span class='ocrx_word' id='word_1_715' title='bbox 3621 2720 3803 2774; x_wconf 79' lang='grc' dir='ltr'>πνεύ-</span> 
     </span>
    </p>
   </div>
   <div class='ocr_carea' id='block_1_93' title="bbox 2134 2804 3806 2880">
    <p class='ocr_par' dir='ltr' id='par_1_93' title="bbox 2134 2804 3806 2880">
     <span class='ocr_line' id='line_1_93' title="bbox 2134 2804 3806 2880; baseline 0.002 -22"><span class='ocrx_word' id='word_1_716' title='bbox 2134 2822 2305 2876; x_wconf 82' lang='grc' dir='ltr'>ματι·</span> <span class='ocrx_word' id='word_1_717' title='bbox 2355 2806 2429 2877; x_wconf 88' lang='grc' dir='ltr'>μὴ</span> <span class='ocrx_word' id='word_1_718' title='bbox 2481 2804 2701 2878; x_wconf 79' lang='grc' dir='ltr'>γλώσσῃ</span> <span class='ocrx_word' id='word_1_719' title='bbox 2737 2807 2915 2876; x_wconf 89' lang='grc' dir='ltr'>μόνον,</span> <span class='ocrx_word' id='word_1_720' title='bbox 2948 2809 3041 2860; x_wconf 80' lang='grc' dir='ltr'>καὶ</span> <span class='ocrx_word' id='word_1_721' title='bbox 3092 2811 3228 2878; x_wconf 85' lang='grc' dir='ltr'>μετά</span> <span class='ocrx_word' id='word_1_722' title='bbox 3277 2810 3581 2880; x_wconf 72' lang='grc' dir='ltr'>ἀγρυπνίας</span> <span class='ocrx_word' id='word_1_723' title='bbox 3626 2808 3806 2877; x_wconf 85' lang='grc' dir='ltr'>διηνε-</span> 
     </span>
    </p>
   </div>
   <div class='ocr_carea' id='block_1_94' title="bbox 2141 2892 3803 2966">
    <p class='ocr_par' dir='ltr' id='par_1_94' title="bbox 2141 2892 3803 2966">
     <span class='ocr_line' id='line_1_94' title="bbox 2141 2892 3803 2966; baseline 0.001 -18"><span class='ocrx_word' id='word_1_724' title='bbox 2141 2893 2292 2957; x_wconf 89' lang='grc' dir='ltr'>κοῦς,</span> <span class='ocrx_word' id='word_1_725' title='bbox 2323 2894 2506 2961; x_wconf 75' lang='grc' dir='ltr'>φησὶν,</span> <span class='ocrx_word' id='word_1_726' title='bbox 2539 2892 2676 2945; x_wconf 84' lang='grc' dir='ltr'>ἀλλά</span> <span class='ocrx_word' id='word_1_727' title='bbox 2706 2894 2795 2946; x_wconf 75' lang='grc' dir='ltr'>καὶ</span> <span class='ocrx_word' id='word_1_728' title='bbox 2820 2895 2876 2947; x_wconf 82' lang='grc' dir='ltr'>ἐν</span> <span class='ocrx_word' id='word_1_729' title='bbox 2905 2895 3041 2966; x_wconf 81' lang='grc' dir='ltr'>αὐτῇ</span> <span class='ocrx_word' id='word_1_730' title='bbox 3070 2898 3136 2966; x_wconf 81' lang='grc' dir='ltr'>τῇ</span> <span class='ocrx_word' id='word_1_731' title='bbox 3157 2895 3325 2966; x_wconf 73' lang='grc' dir='ltr'>ψυχῇ,</span> <span class='ocrx_word' id='word_1_732' title='bbox 3352 2898 3454 2949; x_wconf 84' lang='grc' dir='ltr'>Ἕν</span> <span class='ocrx_word' id='word_1_733' title='bbox 3494 2897 3803 2964; x_wconf 76' lang='grc' dir='ltr'>πνεύματι.</span> 
     </span>
    </p>
   </div>
   <div class='ocr_carea' id='block_1_95' title="bbox 2141 2980 3809 3053">
    <p class='ocr_par' dir='ltr' id='par_1_95' title="bbox 2141 2980 3809 3053">
     <span class='ocr_line' id='line_1_95' title="bbox 2141 2980 3809 3053; baseline 0.001 -19"><span class='ocrx_word' id='word_1_734' title='bbox 2141 2981 2489 3052; x_wconf 90' lang='grc' dir='ltr'>Πνευματικά</span> <span class='ocrx_word' id='word_1_735' title='bbox 2526 2981 2656 3051; x_wconf 77' lang='grc' dir='ltr'>γάρ,</span> <span class='ocrx_word' id='word_1_736' title='bbox 2692 2982 2876 3051; x_wconf 74' lang='grc' dir='ltr'>φησὶν,</span> <span class='ocrx_word' id='word_1_737' title='bbox 2907 2980 3047 3035; x_wconf 79' lang='grc' dir='ltr'>ἔστω</span> <span class='ocrx_word' id='word_1_738' title='bbox 3085 2983 3237 3052; x_wconf 85' lang='grc' dir='ltr'>ὑμῶν</span> <span class='ocrx_word' id='word_1_739' title='bbox 3273 2982 3344 3034; x_wconf 88' lang='grc' dir='ltr'>τά</span> <span class='ocrx_word' id='word_1_740' title='bbox 3381 2984 3676 3053; x_wconf 77' lang='grc' dir='ltr'>αἰτήματα,</span> <span class='ocrx_word' id='word_1_741' title='bbox 3711 3000 3809 3053; x_wconf 90' lang='grc' dir='ltr'>νη-</span> 
     </span>
    </p>
   </div>
   <div class='ocr_carea' id='block_1_96' title="bbox 2141 3068 3807 3141">
    <p class='ocr_par' dir='ltr' id='par_1_96' title="bbox 2141 3068 3807 3141">
     <span class='ocr_line' id='line_1_96' title="bbox 2141 3068 3807 3141; baseline 0.001 -18"><span class='ocrx_word' id='word_1_742' title='bbox 2141 3070 2288 3138; x_wconf 88' lang='grc' dir='ltr'>φέτω</span> <span class='ocrx_word' id='word_1_743' title='bbox 2318 3071 2346 3122; x_wconf 83' lang='grc' dir='ltr'>ὁ</span> <span class='ocrx_word' id='word_1_744' title='bbox 2389 3068 2666 3138; x_wconf 80' lang='grc' dir='ltr'>λογισμὸς,</span> <span class='ocrx_word' id='word_1_745' title='bbox 2703 3068 3058 3122; x_wconf 88' lang='grc' dir='ltr'>συντεινέσθω</span> <span class='ocrx_word' id='word_1_746' title='bbox 3091 3071 3124 3140; x_wconf 84' lang='grc' dir='ltr'>ή</span> <span class='ocrx_word' id='word_1_747' title='bbox 3170 3070 3375 3123; x_wconf 88' lang='grc' dir='ltr'>διάνοια</span> <span class='ocrx_word' id='word_1_748' title='bbox 3417 3073 3527 3134; x_wconf 86' lang='grc' dir='ltr'>τοῖς</span> <span class='ocrx_word' id='word_1_749' title='bbox 3579 3070 3807 3141; x_wconf 84' lang='grc' dir='ltr'>λεγομέ-</span> 
     </span>
    </p>
   </div>
   <div class='ocr_carea' id='block_1_97' title="bbox 2141 3142 3803 3225">
    <p class='ocr_par' dir='ltr' id='par_1_97' title="bbox 2141 3142 3803 3225">
     <span class='ocr_line' id='line_1_97' title="bbox 2141 3142 3803 3225; baseline 0 -16"><span class='ocrx_word' id='word_1_750' title='bbox 2141 3172 2271 3218; x_wconf 89' lang='grc' dir='ltr'>νοις.</span> <span class='ocrx_word' id='word_1_751' title='bbox 2311 3154 2548 3208; x_wconf 88' lang='grc' dir='ltr'>Τοιαῦτα</span> <span class='ocrx_word' id='word_1_752' title='bbox 2577 3153 2832 3217; x_wconf 75' lang='grc' dir='ltr'>αἰτεῖσθε,</span> <span class='ocrx_word' id='word_1_753' title='bbox 2863 3149 2949 3207; x_wconf 80' lang='grc' dir='ltr'>οἷα</span> <span class='ocrx_word' id='word_1_754' title='bbox 2978 3154 3123 3217; x_wconf 77' lang='grc' dir='ltr'>εἰκὸς</span> <span class='ocrx_word' id='word_1_755' title='bbox 3151 3142 3301 3225; x_wconf 81' lang='grc' dir='ltr'>παρά</span> <span class='ocrx_word' id='word_1_756' title='bbox 3328 3155 3424 3209; x_wconf 81' lang='grc' dir='ltr'>τοῦ</span> <span class='ocrx_word' id='word_1_757' title='bbox 3449 3155 3582 3208; x_wconf 85' lang='grc' dir='ltr'>Θεοῦ</span> <span class='ocrx_word' id='word_1_758' title='bbox 3612 3160 3803 3220; x_wconf 80' lang='grc' dir='ltr'>αἰτεῖν,</span> 
     </span>
    </p>
   </div>
   <div class='ocr_carea' id='block_1_98' title="bbox 2143 3241 3809 3314">
    <p class='ocr_par' dir='ltr' id='par_1_98' title="bbox 2143 3241 3809 3314">
     <span class='ocr_line' id='line_1_98' title="bbox 2143 3241 3809 3314; baseline 0.001 -19"><span class='ocrx_word' id='word_1_759' title='bbox 2143 3242 2229 3296; x_wconf 76' lang='grc' dir='ltr'>ἵνα</span> <span class='ocrx_word' id='word_1_760' title='bbox 2260 3241 2485 3295; x_wconf 79' lang='grc' dir='ltr'>καὶτῶν</span> <span class='ocrx_word' id='word_1_761' title='bbox 2513 3242 2848 3311; x_wconf 85' lang='grc' dir='ltr'>αἰτουμένων</span> <span class='ocrx_word' id='word_1_762' title='bbox 2877 3241 3169 3312; x_wconf 82' lang='grc' dir='ltr'>ἐπιτύχητε</span> <span class='ocrx_word' id='word_1_763' title='bbox 3188 3260 3201 3272; x_wconf 79' lang='grc'>·</span> <span class='ocrx_word' id='word_1_764' title='bbox 3243 3243 3339 3295; x_wconf 73' lang='grc' dir='ltr'>καὶ</span> <span class='ocrx_word' id='word_1_765' title='bbox 3373 3246 3452 3307; x_wconf 91' lang='grc' dir='ltr'>είς</span> <span class='ocrx_word' id='word_1_766' title='bbox 3485 3244 3613 3297; x_wconf 80' lang='grc' dir='ltr'>αὐτὸ</span> <span class='ocrx_word' id='word_1_767' title='bbox 3639 3245 3809 3314; x_wconf 90' lang='grc' dir='ltr'>ἀγρυ-</span> 
     </span>
    </p>
   </div>
   <div class='ocr_carea' id='block_1_99' title="bbox 2143 3326 3808 3399">
    <p class='ocr_par' dir='ltr' id='par_1_99' title="bbox 2143 3326 3808 3399">
     <span class='ocr_line' id='line_1_99' title="bbox 2143 3326 3808 3399; baseline 0.001 -18"><span class='ocrx_word' id='word_1_768' title='bbox 2143 3326 2312 3396; x_wconf 86' lang='grc' dir='ltr'>πνῆτε</span> <span class='ocrx_word' id='word_1_769' title='bbox 2358 3327 2789 3397; x_wconf 84' lang='grc' dir='ltr'>διεγηγερμένοι,</span> <span class='ocrx_word' id='word_1_770' title='bbox 2824 3329 3104 3397; x_wconf 83' lang='grc' dir='ltr'>νήφοντες,</span> <span class='ocrx_word' id='word_1_771' title='bbox 3148 3328 3511 3398; x_wconf 81' lang='grc' dir='ltr'>ἐγρηγορότες</span> <span class='ocrx_word' id='word_1_772' title='bbox 3546 3329 3644 3399; x_wconf 73' lang='grc' dir='ltr'>τήν</span> <span class='ocrx_word' id='word_1_773' title='bbox 3688 3330 3808 3383; x_wconf 82' lang='grc' dir='ltr'>διά-</span> 
     </span>
    </p>
   </div>
   <div class='ocr_carea' id='block_1_100' title="bbox 2142 3410 3808 3486">
    <p class='ocr_par' dir='ltr' id='par_1_100' title="bbox 2142 3410 3808 3486">
     <span class='ocr_line' id='line_1_100' title="bbox 2142 3410 3808 3486; baseline 0.001 -19"><span class='ocrx_word' id='word_1_774' title='bbox 2142 3431 2307 3477; x_wconf 74' lang='grc' dir='ltr'>νοιαν,</span> <span class='ocrx_word' id='word_1_775' title='bbox 2340 3415 2415 3485; x_wconf 84' lang='grc' dir='ltr'>μὴ</span> <span class='ocrx_word' id='word_1_776' title='bbox 2449 3414 2823 3486; x_wconf 84' lang='grc' dir='ltr'>χασμώμενοι,</span> <span class='ocrx_word' id='word_1_777' title='bbox 2875 3415 2968 3468; x_wconf 77' lang='grc' dir='ltr'>καὶ</span> <span class='ocrx_word' id='word_1_778' title='bbox 3008 3414 3295 3485; x_wconf 88' lang='grc' dir='ltr'>κνώμενοι,</span> <span class='ocrx_word' id='word_1_779' title='bbox 3329 3418 3423 3469; x_wconf 75' lang='grc' dir='ltr'>καὶ</span> <span class='ocrx_word' id='word_1_780' title='bbox 3451 3410 3548 3470; x_wconf 75' lang='grc' dir='ltr'>ὦδε</span> <span class='ocrx_word' id='word_1_781' title='bbox 3586 3418 3808 3472; x_wconf 86' lang='grc' dir='ltr'>κάκεῖσε</span> 
     </span>
    </p>
   </div>
   <div class='ocr_carea' id='block_1_101' title="bbox 2141 3501 3810 3575">
    <p class='ocr_par' dir='ltr' id='par_1_101' title="bbox 2141 3501 3810 3575">
     <span class='ocr_line' id='line_1_101' title="bbox 2141 3501 3810 3575; baseline 0.001 -21"><span class='ocrx_word' id='word_1_782' title='bbox 2141 3502 2233 3555; x_wconf 84' lang='grc' dir='ltr'>τὸν</span> <span class='ocrx_word' id='word_1_783' title='bbox 2272 3501 2530 3571; x_wconf 78' lang='grc' dir='ltr'>λογισμὸν</span> <span class='ocrx_word' id='word_1_784' title='bbox 2563 3502 2970 3573; x_wconf 84' lang='grc' dir='ltr'>περιαγόμενοι,</span> <span class='ocrx_word' id='word_1_785' title='bbox 3005 3502 3141 3555; x_wconf 86' lang='grc' dir='ltr'>ἀλλά</span> <span class='ocrx_word' id='word_1_786' title='bbox 3176 3503 3314 3572; x_wconf 84' lang='grc' dir='ltr'>μετά</span> <span class='ocrx_word' id='word_1_787' title='bbox 3343 3503 3509 3571; x_wconf 86' lang='grc' dir='ltr'>φόϐου</span> <span class='ocrx_word' id='word_1_788' title='bbox 3553 3504 3645 3557; x_wconf 78' lang='grc' dir='ltr'>καὶ</span> <span class='ocrx_word' id='word_1_789' title='bbox 3683 3503 3810 3575; x_wconf 78' lang='grc' dir='ltr'>τρό-</span> 
     </span>
    </p>
   </div>
   <div class='ocr_carea' id='block_1_102' title="bbox 2147 3588 3804 3660">
    <p class='ocr_par' dir='ltr' id='par_1_102' title="bbox 2147 3588 3804 3660">
     <span class='ocr_line' id='line_1_102' title="bbox 2147 3588 3804 3660; baseline 0.002 -21"><span class='ocrx_word' id='word_1_790' title='bbox 2147 3605 2248 3659; x_wconf 86' lang='grc' dir='ltr'>μου</span> <span class='ocrx_word' id='word_1_791' title='bbox 2267 3588 2364 3659; x_wconf 87' lang='grc' dir='ltr'>τὴν</span> <span class='ocrx_word' id='word_1_792' title='bbox 2385 3589 2591 3641; x_wconf 78' lang='grc' dir='ltr'>ἑαυτῶν</span> <span class='ocrx_word' id='word_1_793' title='bbox 2614 3589 2882 3659; x_wconf 90' lang='grc' dir='ltr'>σωτηρίαν</span> <span class='ocrx_word' id='word_1_794' title='bbox 2908 3589 3332 3660; x_wconf 75' lang='grc' dir='ltr'>κατεργάζεσθε.</span> <span class='ocrx_word' id='word_1_795' title='bbox 3356 3589 3653 3659; x_wconf 76' lang='grc' dir='ltr'>Μακάριος</span> <span class='ocrx_word' id='word_1_796' title='bbox 3676 3590 3804 3660; x_wconf 81' lang='grc' dir='ltr'>γὰρ,</span> 
     </span>
    </p>
   </div>
   <div class='ocr_carea' id='block_1_103' title="bbox 2146 3674 3809 3747">
    <p class='ocr_par' dir='ltr' id='par_1_103' title="bbox 2146 3674 3809 3747">
     <span class='ocr_line' id='line_1_103' title="bbox 2146 3674 3809 3747; baseline 0.002 -19"><span class='ocrx_word' id='word_1_797' title='bbox 2146 3677 2331 3747; x_wconf 78' lang='grc' dir='ltr'>φησὶν,</span> <span class='ocrx_word' id='word_1_798' title='bbox 2365 3674 2428 3742; x_wconf 81' lang='grc' dir='ltr'>ὃς</span> <span class='ocrx_word' id='word_1_799' title='bbox 2459 3676 2872 3742; x_wconf 71' lang='grc' dir='ltr'>καταπτήσσει</span> <span class='ocrx_word' id='word_1_800' title='bbox 2927 3677 3124 3731; x_wconf 81' lang='grc' dir='ltr'>πάντα</span> <span class='ocrx_word' id='word_1_801' title='bbox 3157 3678 3229 3730; x_wconf 82' lang='grc' dir='ltr'>δι’</span> <span class='ocrx_word' id='word_1_802' title='bbox 3273 3678 3609 3731; x_wconf 77' lang='grc' dir='ltr'>εὐλάϐειαν.</span> <span class='ocrx_word' id='word_1_803' title='bbox 3648 3679 3809 3747; x_wconf 82' lang='grc' dir='ltr'>Μέγα</span> 
     </span>
    </p>
   </div>
   <div class='ocr_carea' id='block_1_104' title="bbox 2144 3762 3810 3835">
    <p class='ocr_par' dir='ltr' id='par_1_104' title="bbox 2144 3762 3810 3835">
     <span class='ocr_line' id='line_1_104' title="bbox 2144 3762 3810 3835; baseline 0.002 -21"><span class='ocrx_word' id='word_1_804' title='bbox 2144 3762 2349 3830; x_wconf 82' lang='grc' dir='ltr'>ἀγαθὸν</span> <span class='ocrx_word' id='word_1_805' title='bbox 2380 3764 2412 3832; x_wconf 86' lang='grc' dir='ltr'>ἡ</span> <span class='ocrx_word' id='word_1_806' title='bbox 2446 3763 2597 3832; x_wconf 81' lang='grc' dir='ltr'>εὐχή.</span> <span class='ocrx_word' id='word_1_807' title='bbox 2629 3764 2689 3816; x_wconf 75' lang='lat' dir='ltr'><strong><em>El</em></strong></span> <span class='ocrx_word' id='word_1_808' title='bbox 2718 3763 2828 3834; x_wconf 90' lang='grc' dir='ltr'>γάρ</span> <span class='ocrx_word' id='word_1_809' title='bbox 2862 3763 3136 3835; x_wconf 83' lang='grc' dir='ltr'>ἀνθρώπῳ</span> <span class='ocrx_word' id='word_1_810' title='bbox 3170 3782 3253 3827; x_wconf 88' lang='grc' dir='ltr'>τις</span> <span class='ocrx_word' id='word_1_811' title='bbox 3281 3764 3658 3835; x_wconf 87' lang='grc' dir='ltr'>διαλεγόμενος</span> <span class='ocrx_word' id='word_1_812' title='bbox 3687 3767 3810 3818; x_wconf 85' lang='grc' dir='ltr'>ἐνα-</span> 
     </span>
    </p>
   </div>
   <div class='ocr_carea' id='block_1_105' title="bbox 2151 3849 3809 3921">
    <p class='ocr_par' dir='ltr' id='par_1_105' title="bbox 2151 3849 3809 3921">
     <span class='ocr_line' id='line_1_105' title="bbox 2151 3849 3809 3921; baseline 0.003 -20"><span class='ocrx_word' id='word_1_813' title='bbox 2151 3850 2310 3920; x_wconf 86' lang='grc' dir='ltr'>ρέτῳ,</span> <span class='ocrx_word' id='word_1_814' title='bbox 2341 3850 2402 3903; x_wconf 84' lang='grc' dir='ltr'>ού</span> <span class='ocrx_word' id='word_1_815' title='bbox 2456 3849 2657 3920; x_wconf 85' lang='grc' dir='ltr'>μικράν</span> <span class='ocrx_word' id='word_1_816' title='bbox 2688 3849 2747 3916; x_wconf 80' lang='grc' dir='ltr'>ἐξ</span> <span class='ocrx_word' id='word_1_817' title='bbox 2793 3849 2958 3903; x_wconf 83' lang='grc' dir='ltr'>αὐτοῦ</span> <span class='ocrx_word' id='word_1_818' title='bbox 2994 3850 3297 3921; x_wconf 87' lang='grc' dir='ltr'>καρποῦται</span> <span class='ocrx_word' id='word_1_819' title='bbox 3325 3850 3420 3921; x_wconf 83' lang='grc' dir='ltr'>τὴν</span> <span class='ocrx_word' id='word_1_820' title='bbox 3457 3850 3744 3920; x_wconf 83' lang='grc' dir='ltr'>ὠφέλειαν,</span> <span class='ocrx_word' id='word_1_821' title='bbox 3778 3853 3809 3906; x_wconf 86' lang='lat'>6</span> 
     </span>
    </p>
   </div>
   <div class='ocr_carea' id='block_1_106' title="bbox 2145 3935 3808 4006">
    <p class='ocr_par' dir='ltr' id='par_1_106' title="bbox 2145 3935 3808 4006">
     <span class='ocr_line' id='line_1_106' title="bbox 2145 3935 3808 4006; baseline 0.004 -17"><span class='ocrx_word' id='word_1_822' title='bbox 2145 3935 2268 4006; x_wconf 85' lang='grc' dir='ltr'>Θεῷ</span> <span class='ocrx_word' id='word_1_823' title='bbox 2298 3936 2640 4005; x_wconf 89' lang='grc' dir='ltr'>διαλέγεσθαι</span> <span class='ocrx_word' id='word_1_824' title='bbox 2689 3936 3043 4002; x_wconf 78' lang='grc' dir='ltr'>καταξιωθεὶς</span> <span class='ocrx_word' id='word_1_825' title='bbox 3097 3937 3278 3991; x_wconf 85' lang='grc' dir='ltr'>πόσων</span> <span class='ocrx_word' id='word_1_826' title='bbox 3316 3940 3416 3992; x_wconf 88' lang='grc' dir='ltr'>οὑκ</span> <span class='ocrx_word' id='word_1_827' title='bbox 3443 3939 3808 3995; x_wconf 82' lang='grc' dir='ltr'>ἀπολαύσεται</span> 
     </span>
    </p>
   </div>
   <div class='ocr_carea' id='block_1_107' title="bbox 2145 4023 3806 4097">
    <p class='ocr_par' dir='ltr' id='par_1_107' title="bbox 2145 4023 3806 4097">
     <span class='ocr_line' id='line_1_107' title="bbox 2145 4023 3806 4097; baseline 0.004 -21"><span class='ocrx_word' id='word_1_828' title='bbox 2145 4023 2255 4077; x_wconf 91' lang='grc' dir='ltr'>τῶν</span> <span class='ocrx_word' id='word_1_829' title='bbox 2277 4024 2531 4093; x_wconf 85' lang='grc' dir='ltr'>ἀγαθῶν;</span> <span class='ocrx_word' id='word_1_830' title='bbox 2569 4027 2633 4079; x_wconf 84' lang='grc' dir='ltr'><strong><em>Ἠ</em></strong></span> <span class='ocrx_word' id='word_1_831' title='bbox 2668 4025 2775 4097; x_wconf 86' lang='grc' dir='ltr'>γὰρ</span> <span class='ocrx_word' id='word_1_832' title='bbox 2799 4025 2930 4095; x_wconf 78' lang='grc' dir='ltr'>εὐχὴ</span> <span class='ocrx_word' id='word_1_833' title='bbox 2968 4024 3196 4089; x_wconf 84' lang='grc' dir='ltr'>διάλεξίς</span> <span class='ocrx_word' id='word_1_834' title='bbox 3229 4028 3343 4079; x_wconf 85' lang='grc' dir='ltr'>ἐστι</span> <span class='ocrx_word' id='word_1_835' title='bbox 3370 4026 3506 4096; x_wconf 78' lang='grc' dir='ltr'>πρὸς</span> <span class='ocrx_word' id='word_1_836' title='bbox 3535 4027 3626 4079; x_wconf 82' lang='grc' dir='ltr'>τὸν</span> <span class='ocrx_word' id='word_1_837' title='bbox 3651 4028 3806 4083; x_wconf 90' lang='grc' dir='ltr'>Θεόν.</span> 
     </span>
    </p>
   </div>
   <div class='ocr_carea' id='block_1_108' title="bbox 2146 4112 3795 4187">
    <p class='ocr_par' dir='ltr' id='par_1_108' title="bbox 2146 4112 3795 4187">
     <span class='ocr_line' id='line_1_108' title="bbox 2146 4112 3795 4187; baseline 0.001 -20"><span class='ocrx_word' id='word_1_838' title='bbox 2146 4113 2257 4167; x_wconf 86' lang='lat' dir='ltr'>Kal</span> <span class='ocrx_word' id='word_1_839' title='bbox 2283 4113 2369 4167; x_wconf 78' lang='grc' dir='ltr'>ἵνα</span> <span class='ocrx_word' id='word_1_840' title='bbox 2410 4113 2606 4187; x_wconf 80' lang='grc' dir='ltr'>μάθῃς,</span> <span class='ocrx_word' id='word_1_841' title='bbox 2647 4114 2809 4168; x_wconf 79' lang='grc' dir='ltr'>ἄκουε</span> <span class='ocrx_word' id='word_1_842' title='bbox 2842 4112 2935 4167; x_wconf 89' lang='grc' dir='ltr'>τοῦ</span> <span class='ocrx_word' id='word_1_843' title='bbox 2985 4115 3263 4185; x_wconf 85' lang='grc' dir='ltr'>προφήτου</span> <span class='ocrx_word' id='word_1_844' title='bbox 3302 4113 3569 4181; x_wconf 81' lang='grc' dir='ltr'>λέγοντος,</span> <span class='ocrx_word' id='word_1_845' title='bbox 3602 4114 3795 4169; x_wconf 79' lang='grc' dir='ltr'>Ἡδον-</span> 
     </span>
    </p>
   </div>
   <div class='ocr_carea' id='block_1_109' title="bbox 2146 4188 3810 4272">
    <p class='ocr_par' dir='ltr' id='par_1_109' title="bbox 2146 4188 3810 4272">
     <span class='ocr_line' id='line_1_109' title="bbox 2146 4188 3810 4272; baseline 0 -17"><span class='ocrx_word' id='word_1_846' title='bbox 2146 4188 2274 4268; x_wconf 81' lang='grc' dir='ltr'>θείη</span> <span class='ocrx_word' id='word_1_847' title='bbox 2290 4199 2370 4265; x_wconf 85' lang='grc' dir='ltr'>τῷ</span> <span class='ocrx_word' id='word_1_848' title='bbox 2386 4198 2508 4265; x_wconf 85' lang='grc' dir='ltr'>Θεῷ</span> <span class='ocrx_word' id='word_1_849' title='bbox 2529 4202 2569 4269; x_wconf 75' lang='grc' dir='ltr'><em>ἠ</em></span> <span class='ocrx_word' id='word_1_850' title='bbox 2582 4198 2830 4269; x_wconf 72' lang='grc' dir='ltr'>διαλογὴ</span> <span class='ocrx_word' id='word_1_851' title='bbox 2847 4217 2967 4270; x_wconf 80' lang='grc' dir='ltr'>μου</span> <span class='ocrx_word' id='word_1_852' title='bbox 2984 4200 3137 4272; x_wconf 71' lang='grc'>1502]</span> <span class='ocrx_word' id='word_1_853' title='bbox 3180 4200 3324 4254; x_wconf 89' lang='grc' dir='ltr'>τοῦτ’</span> <span class='ocrx_word' id='word_1_854' title='bbox 3340 4199 3504 4260; x_wconf 77' lang='grc' dir='ltr'>ἔστιν,</span> <span class='ocrx_word' id='word_1_855' title='bbox 3523 4203 3557 4271; x_wconf 83' lang='grc' dir='ltr'>ή</span> <span class='ocrx_word' id='word_1_856' title='bbox 3577 4201 3810 4268; x_wconf 87' lang='grc' dir='ltr'>διάλεξίς</span> 
     </span>
    </p>
   </div>
   <div class='ocr_carea' id='block_1_110' title="bbox 2149 4287 3806 4361">
    <p class='ocr_par' dir='ltr' id='par_1_110' title="bbox 2149 4287 3806 4361">
     <span class='ocr_line' id='line_1_110' title="bbox 2149 4287 3806 4361; baseline 0.002 -20"><span class='ocrx_word' id='word_1_857' title='bbox 2149 4305 2251 4358; x_wconf 92' lang='grc' dir='ltr'>μου</span> <span class='ocrx_word' id='word_1_858' title='bbox 2279 4288 2435 4357; x_wconf 74' lang='grc' dir='ltr'>ἡδεῖα</span> <span class='ocrx_word' id='word_1_859' title='bbox 2474 4289 2665 4359; x_wconf 89' lang='grc' dir='ltr'>φανείη</span> <span class='ocrx_word' id='word_1_860' title='bbox 2694 4287 2773 4359; x_wconf 83' lang='grc' dir='ltr'>τῷ</span> <span class='ocrx_word' id='word_1_861' title='bbox 2803 4287 2942 4358; x_wconf 83' lang='grc' dir='ltr'>Θεῷ.</span> <span class='ocrx_word' id='word_1_862' title='bbox 2986 4289 3078 4361; x_wconf 80' lang='grc' dir='ltr'>Μὴ</span> <span class='ocrx_word' id='word_1_863' title='bbox 3106 4289 3213 4361; x_wconf 84' lang='grc' dir='ltr'>γὰρ</span> <span class='ocrx_word' id='word_1_864' title='bbox 3243 4289 3337 4342; x_wconf 74' lang='lat' dir='ltr'><strong><em>xal</em></strong></span> <span class='ocrx_word' id='word_1_865' title='bbox 3362 4290 3491 4360; x_wconf 78' lang='grc' dir='ltr'>πρὶν</span> <span class='ocrx_word' id='word_1_866' title='bbox 3515 4288 3548 4360; x_wconf 77' lang='grc' dir='ltr'>ἢ</span> <span class='ocrx_word' id='word_1_867' title='bbox 3573 4290 3806 4361; x_wconf 77' lang='grc' dir='ltr'>αἰτήσω-</span> 
     </span>
    </p>
   </div>
   <div class='ocr_carea' id='block_1_111' title="bbox 2149 4372 3806 4445">
    <p class='ocr_par' dir='ltr' id='par_1_111' title="bbox 2149 4372 3806 4445">
     <span class='ocr_line' id='line_1_111' title="bbox 2149 4372 3806 4445; baseline 0.002 -20"><span class='ocrx_word' id='word_1_868' title='bbox 2149 4389 2269 4443; x_wconf 88' lang='grc' dir='ltr'>μεν,</span> <span class='ocrx_word' id='word_1_869' title='bbox 2302 4373 2403 4427; x_wconf 85' lang='grc' dir='ltr'>οὐκ</span> <span class='ocrx_word' id='word_1_870' title='bbox 2427 4373 2656 4442; x_wconf 76' lang='grc' dir='ltr'>ἠδύνατο</span> <span class='ocrx_word' id='word_1_871' title='bbox 2676 4375 2976 4445; x_wconf 85' lang='grc' dir='ltr'>παρασχεῖν</span> <span class='ocrx_word' id='word_1_872' title='bbox 2998 4389 3013 4438; x_wconf 91' lang='grc'><strong>;</strong></span> <span class='ocrx_word' id='word_1_873' title='bbox 3051 4372 3209 4427; x_wconf 84' lang='grc' dir='ltr'>Ἀλλά</span> <span class='ocrx_word' id='word_1_874' title='bbox 3233 4373 3322 4428; x_wconf 83' lang='grc' dir='ltr'>διὰ</span> <span class='ocrx_word' id='word_1_875' title='bbox 3350 4373 3508 4427; x_wconf 89' lang='grc' dir='ltr'>τοῦτο</span> <span class='ocrx_word' id='word_1_876' title='bbox 3526 4374 3806 4443; x_wconf 81' lang='grc' dir='ltr'>ἀναμένει,</span> 
     </span>
    </p>
   </div>
   <div class='ocr_carea' id='block_1_112' title="bbox 2147 4457 3807 4531">
    <p class='ocr_par' dir='ltr' id='par_1_112' title="bbox 2147 4457 3807 4531">
     <span class='ocr_line' id='line_1_112' title="bbox 2147 4457 3807 4531; baseline 0.002 -21"><span class='ocrx_word' id='word_1_877' title='bbox 2147 4457 2234 4511; x_wconf 82' lang='grc' dir='ltr'>ίνα</span> <span class='ocrx_word' id='word_1_878' title='bbox 2271 4460 2525 4530; x_wconf 79' lang='grc' dir='ltr'>ἀφορμὴν</span> <span class='ocrx_word' id='word_1_879' title='bbox 2555 4458 2692 4529; x_wconf 81' lang='grc' dir='ltr'>λάϐῃ</span> <span class='ocrx_word' id='word_1_880' title='bbox 2723 4460 2851 4529; x_wconf 88' lang='grc' dir='ltr'>παρ’</span> <span class='ocrx_word' id='word_1_881' title='bbox 2883 4458 3039 4530; x_wconf 75' lang='grc' dir='ltr'>ἡμῶν</span> <span class='ocrx_word' id='word_1_882' title='bbox 3066 4458 3159 4511; x_wconf 89' lang='grc' dir='ltr'>τοῦ</span> <span class='ocrx_word' id='word_1_883' title='bbox 3200 4458 3421 4522; x_wconf 89' lang='grc' dir='ltr'>δικαίως</span> <span class='ocrx_word' id='word_1_884' title='bbox 3447 4460 3594 4531; x_wconf 74' lang='grc' dir='ltr'>ημᾶς</span> <span class='ocrx_word' id='word_1_885' title='bbox 3623 4458 3807 4524; x_wconf 82' lang='grc' dir='ltr'>ἀξιοῦν</span> 
     </span>
    </p>
   </div>
   <div class='ocr_carea' id='block_1_113' title="bbox 2145 4544 3807 4617">
    <p class='ocr_par' dir='ltr' id='par_1_113' title="bbox 2145 4544 3807 4617">
     <span class='ocr_line' id='line_1_113' title="bbox 2145 4544 3807 4617; baseline 0.003 -20"><span class='ocrx_word' id='word_1_886' title='bbox 2145 4544 2244 4614; x_wconf 89' lang='grc' dir='ltr'>τῆς</span> <span class='ocrx_word' id='word_1_887' title='bbox 2267 4545 2397 4615; x_wconf 78' lang='grc' dir='ltr'>παρ’</span> <span class='ocrx_word' id='word_1_888' title='bbox 2444 4544 2611 4598; x_wconf 85' lang='grc' dir='ltr'>αὐτοῦ</span> <span class='ocrx_word' id='word_1_889' title='bbox 2644 4545 2917 4616; x_wconf 90' lang='grc' dir='ltr'>προνοίας.</span> <span class='ocrx_word' id='word_1_890' title='bbox 2967 4545 3085 4599; x_wconf 76' lang='grc' dir='ltr'>Κάν</span> <span class='ocrx_word' id='word_1_891' title='bbox 3110 4546 3456 4617; x_wconf 86' lang='grc' dir='ltr'>ἐπιτύχωμεν</span> <span class='ocrx_word' id='word_1_892' title='bbox 3496 4548 3674 4602; x_wconf 90' lang='grc' dir='ltr'>τοίνυν</span> <span class='ocrx_word' id='word_1_893' title='bbox 3700 4547 3807 4602; x_wconf 86' lang='grc' dir='ltr'>τῶν</span> 
     </span>
    </p>
   </div>
   <div class='ocr_carea' id='block_1_114' title="bbox 2146 4629 3795 4704">
    <p class='ocr_par' dir='ltr' id='par_1_114' title="bbox 2146 4629 3795 4704">
     <span class='ocr_line' id='line_1_114' title="bbox 2146 4629 3795 4704; baseline 0.002 -20"><span class='ocrx_word' id='word_1_894' title='bbox 2146 4629 2503 4701; x_wconf 86' lang='grc' dir='ltr'>αίτηθέντων,</span> <span class='ocrx_word' id='word_1_895' title='bbox 2543 4629 2646 4684; x_wconf 84' lang='grc' dir='ltr'>κάν</span> <span class='ocrx_word' id='word_1_896' title='bbox 2671 4629 2746 4702; x_wconf 80' lang='grc' dir='ltr'>μὴ</span> <span class='ocrx_word' id='word_1_897' title='bbox 2782 4629 3150 4702; x_wconf 83' lang='grc' dir='ltr'>ἐπιτύχωμεν,</span> <span class='ocrx_word' id='word_1_898' title='bbox 3187 4632 3591 4703; x_wconf 78' lang='grc' dir='ltr'>παραμένωμεν</span> <span class='ocrx_word' id='word_1_899' title='bbox 3621 4636 3689 4704; x_wconf 74' lang='grc' dir='ltr'>τῇ</span> <span class='ocrx_word' id='word_1_900' title='bbox 3724 4636 3795 4688; x_wconf 77' lang='lat' dir='ltr'><strong><em>al-</em></strong></span> 
     </span>
    </p>
   </div>
   <div class='ocr_carea' id='block_1_115' title="bbox 2145 4716 3807 4790">
    <p class='ocr_par' dir='ltr' id='par_1_115' title="bbox 2145 4716 3807 4790">
     <span class='ocr_line' id='line_1_115' title="bbox 2145 4716 3807 4790; baseline 0.002 -20"><span class='ocrx_word' id='word_1_901' title='bbox 2145 4717 2323 4789; x_wconf 85' lang='grc' dir='ltr'>τήσει,</span> <span class='ocrx_word' id='word_1_902' title='bbox 2372 4716 2468 4771; x_wconf 77' lang='grc' dir='ltr'>καὶ</span> <span class='ocrx_word' id='word_1_903' title='bbox 2518 4716 2593 4789; x_wconf 84' lang='grc' dir='ltr'>μὴ</span> <span class='ocrx_word' id='word_1_904' title='bbox 2658 4717 2817 4788; x_wconf 89' lang='grc' dir='ltr'>μόνον</span> <span class='ocrx_word' id='word_1_905' title='bbox 2861 4719 3312 4789; x_wconf 86' lang='grc' dir='ltr'>ἐπιτυγχάνοντες</span> <span class='ocrx_word' id='word_1_906' title='bbox 3375 4720 3807 4790; x_wconf 83' lang='grc' dir='ltr'>εὐχαριστῶμεν.</span> 
     </span>
    </p>
   </div>
   <div class='ocr_carea' id='block_1_116' title="bbox 2146 4803 3806 4876">
    <p class='ocr_par' dir='ltr' id='par_1_116' title="bbox 2146 4803 3806 4876">
     <span class='ocr_line' id='line_1_116' title="bbox 2146 4803 3806 4876; baseline 0.002 -18"><span class='ocrx_word' id='word_1_907' title='bbox 2146 4803 2284 4858; x_wconf 90' lang='grc' dir='ltr'>ἀλλά</span> <span class='ocrx_word' id='word_1_908' title='bbox 2330 4804 2424 4858; x_wconf 76' lang='grc' dir='ltr'>καὶ</span> <span class='ocrx_word' id='word_1_909' title='bbox 2461 4804 2948 4874; x_wconf 83' lang='grc' dir='ltr'>ἀποτυγχάνοντες.</span> <span class='ocrx_word' id='word_1_910' title='bbox 2998 4805 3073 4857; x_wconf 87' lang='lat' dir='ltr'><em>T6</em></span> <span class='ocrx_word' id='word_1_911' title='bbox 3117 4804 3228 4876; x_wconf 84' lang='grc' dir='ltr'>γὰρ</span> <span class='ocrx_word' id='word_1_912' title='bbox 3270 4807 3581 4875; x_wconf 84' lang='grc' dir='ltr'>ἀποτυχεῖν,</span> <span class='ocrx_word' id='word_1_913' title='bbox 3611 4806 3741 4860; x_wconf 83' lang='grc' dir='ltr'>ὅταν</span> <span class='ocrx_word' id='word_1_914' title='bbox 3780 4808 3806 4862; x_wconf 77' lang='lat'>6</span> 
     </span>
    </p>
   </div>
   <div class='ocr_carea' id='block_1_117' title="bbox 2146 4889 3815 4962">
    <p class='ocr_par' dir='ltr' id='par_1_117' title="bbox 2146 4889 3815 4962">
     <span class='ocr_line' id='line_1_117' title="bbox 2146 4889 3815 4962; baseline 0.001 -19"><span class='ocrx_word' id='word_1_915' title='bbox 2146 4890 2280 4954; x_wconf 79' lang='grc' dir='ltr'>Θεὸς</span> <span class='ocrx_word' id='word_1_916' title='bbox 2316 4889 2591 4962; x_wconf 81' lang='grc' dir='ltr'>βούληται,</span> <span class='ocrx_word' id='word_1_917' title='bbox 2630 4892 2732 4945; x_wconf 82' lang='grc' dir='ltr'>οὐκ</span> <span class='ocrx_word' id='word_1_918' title='bbox 2768 4890 2994 4945; x_wconf 76' lang='grc' dir='ltr'>ἔλασσόν</span> <span class='ocrx_word' id='word_1_919' title='bbox 3035 4892 3153 4943; x_wconf 87' lang='grc' dir='ltr'>ἐστι</span> <span class='ocrx_word' id='word_1_920' title='bbox 3195 4890 3289 4944; x_wconf 90' lang='grc' dir='ltr'>τοῦ</span> <span class='ocrx_word' id='word_1_921' title='bbox 3331 4892 3625 4962; x_wconf 83' lang='grc' dir='ltr'>ἐπιτυχεῖν.</span> <span class='ocrx_word' id='word_1_922' title='bbox 3671 4891 3815 4947; x_wconf 75' lang='grc' dir='ltr'>Ούδὶ</span> 
     </span>
    </p>
   </div>
   <div class='ocr_carea' id='block_1_118' title="bbox 2146 4977 3806 5050">
    <p class='ocr_par' dir='ltr' id='par_1_118' title="bbox 2146 4977 3806 5050">
     <span class='ocr_line' id='line_1_118' title="bbox 2146 4977 3806 5050; baseline 0.002 -19"><span class='ocrx_word' id='word_1_923' title='bbox 2146 4977 2255 5050; x_wconf 85' lang='grc' dir='ltr'>γάρ</span> <span class='ocrx_word' id='word_1_924' title='bbox 2282 4979 2440 5049; x_wconf 87' lang='grc' dir='ltr'>ῐσμεν</span> <span class='ocrx_word' id='word_1_925' title='bbox 2477 4977 2547 5031; x_wconf 78' lang='grc' dir='ltr'>τὰ</span> <span class='ocrx_word' id='word_1_926' title='bbox 2575 4979 2736 5049; x_wconf 77' lang='grc' dir='ltr'>ἡμεῖς</span> <span class='ocrx_word' id='word_1_927' title='bbox 2766 4978 3112 5049; x_wconf 76' lang='grc' dir='ltr'>συμφέροντα</span> <span class='ocrx_word' id='word_1_928' title='bbox 3156 4980 3286 5049; x_wconf 80' lang='grc' dir='ltr'>ἡμῖν</span> <span class='ocrx_word' id='word_1_929' title='bbox 3321 4977 3514 5044; x_wconf 79' lang='grc' dir='ltr'>οὕτως,</span> <span class='ocrx_word' id='word_1_930' title='bbox 3544 4979 3620 5043; x_wconf 82' lang='grc' dir='ltr'>ὡς</span> <span class='ocrx_word' id='word_1_931' title='bbox 3647 4980 3806 5045; x_wconf 80' lang='grc' dir='ltr'>αὐτὸς</span> 
     </span>
    </p>
   </div>
   <div class='ocr_carea' id='block_1_119' title="bbox 2154 5060 3805 5137">
    <p class='ocr_par' dir='ltr' id='par_1_119' title="bbox 2154 5060 3805 5137">
     <span class='ocr_line' id='line_1_119' title="bbox 2154 5060 3805 5137; baseline 0.002 -19"><span class='ocrx_word' id='word_1_932' title='bbox 2154 5066 2463 5119; x_wconf 85' lang='grc' dir='ltr'>ἐπίσταται.</span> <span class='ocrx_word' id='word_1_933' title='bbox 2491 5064 2653 5117; x_wconf 81' lang='grc' dir='ltr'>Ὥστε</span> <span class='ocrx_word' id='word_1_934' title='bbox 2679 5060 2796 5130; x_wconf 83' lang='grc' dir='ltr'>οὖν,</span> <span class='ocrx_word' id='word_1_935' title='bbox 2845 5063 2945 5118; x_wconf 83' lang='grc' dir='ltr'>κᾶν</span> <span class='ocrx_word' id='word_1_936' title='bbox 2971 5064 3334 5135; x_wconf 88' lang='grc' dir='ltr'>ἐπιτύχωμεν,</span> <span class='ocrx_word' id='word_1_937' title='bbox 3369 5065 3472 5118; x_wconf 80' lang='grc' dir='ltr'>κᾶν</span> <span class='ocrx_word' id='word_1_938' title='bbox 3521 5066 3805 5137; x_wconf 76' lang='grc' dir='ltr'>ἀποτύχω·</span> 
     </span>
    </p>
   </div>
   <div class='ocr_carea' id='block_1_120' title="bbox 2149 5151 3806 5226">
    <p class='ocr_par' dir='ltr' id='par_1_120' title="bbox 2149 5151 3806 5226">
     <span class='ocr_line' id='line_1_120' title="bbox 2149 5151 3806 5226; baseline 0 -19"><span class='ocrx_word' id='word_1_939' title='bbox 2149 5170 2269 5225; x_wconf 87' lang='grc' dir='ltr'>μεν,</span> <span class='ocrx_word' id='word_1_940' title='bbox 2300 5153 2637 5222; x_wconf 82' lang='grc' dir='ltr'>εὐχαριστεῖν</span> <span class='ocrx_word' id='word_1_941' title='bbox 2663 5152 2966 5223; x_wconf 83' lang='grc' dir='ltr'>ὀφείλομεν.</span> <span class='ocrx_word' id='word_1_942' title='bbox 3016 5153 3125 5206; x_wconf 85' lang='lat' dir='ltr'>Kal</span> <span class='ocrx_word' id='word_1_943' title='bbox 3147 5153 3201 5205; x_wconf 87' lang='grc' dir='ltr'>τί</span> <span class='ocrx_word' id='word_1_944' title='bbox 3227 5151 3524 5224; x_wconf 76' lang='grc' dir='ltr'>θαυμάζεις</span> <span class='ocrx_word' id='word_1_945' title='bbox 3560 5155 3610 5207; x_wconf 85' lang='grc' dir='ltr'>εί</span> <span class='ocrx_word' id='word_1_946' title='bbox 3649 5155 3806 5226; x_wconf 74' lang='grc' dir='ltr'>ἡμεῖς</span> 
     </span>
    </p>
   </div>
   <div class='ocr_carea' id='block_1_121' title="bbox 2146 5243 3803 5317">
    <p class='ocr_par' dir='ltr' id='par_1_121' title="bbox 2146 5243 3803 5317">
     <span class='ocr_line' id='line_1_121' title="bbox 2146 5243 3803 5317; baseline -0.001 -15"><span class='ocrx_word' id='word_1_947' title='bbox 2146 5248 2246 5302; x_wconf 84' lang='grc' dir='ltr'>οὐκ</span> <span class='ocrx_word' id='word_1_948' title='bbox 2275 5246 2432 5317; x_wconf 86' lang='grc' dir='ltr'>ῐσμεν</span> <span class='ocrx_word' id='word_1_949' title='bbox 2457 5246 2527 5300; x_wconf 90' lang='grc' dir='ltr'>τά</span> <span class='ocrx_word' id='word_1_950' title='bbox 2552 5245 2932 5316; x_wconf 76' lang='grc' dir='ltr'>συμφέροντας</span> <span class='ocrx_word' id='word_1_951' title='bbox 2968 5243 3179 5309; x_wconf 82' lang='grc' dir='ltr'>Παῦλος</span> <span class='ocrx_word' id='word_1_952' title='bbox 3205 5245 3234 5296; x_wconf 87' lang='grc' dir='ltr'>ὁ</span> <span class='ocrx_word' id='word_1_953' title='bbox 3256 5245 3508 5309; x_wconf 88' lang='grc' dir='ltr'>τοσοῦτος</span> <span class='ocrx_word' id='word_1_954' title='bbox 3544 5246 3637 5300; x_wconf 72' lang='grc' dir='ltr'>καὶ</span> <span class='ocrx_word' id='word_1_955' title='bbox 3656 5245 3803 5317; x_wconf 82' lang='grc' dir='ltr'>τηλι-</span> 
     </span>
    </p>
   </div>
   <div class='ocr_carea' id='block_1_122' title="bbox 2147 5337 3804 5411">
    <p class='ocr_par' dir='ltr' id='par_1_122' title="bbox 2147 5337 3804 5411">
     <span class='ocr_line' id='line_1_122' title="bbox 2147 5337 3804 5411; baseline -0.001 -17"><span class='ocrx_word' id='word_1_956' title='bbox 2147 5338 2358 5404; x_wconf 84' lang='grc' dir='ltr'>κοῦτος,</span> <span class='ocrx_word' id='word_1_957' title='bbox 2388 5341 2417 5394; x_wconf 91' lang='lat'>6</span> <span class='ocrx_word' id='word_1_958' title='bbox 2441 5340 2551 5393; x_wconf 88' lang='grc' dir='ltr'>τῶν</span> <span class='ocrx_word' id='word_1_959' title='bbox 2576 5339 2902 5410; x_wconf 75' lang='grc' dir='ltr'>ἀπορρήτων</span> <span class='ocrx_word' id='word_1_960' title='bbox 2947 5337 3169 5392; x_wconf 85' lang='grc' dir='ltr'>ἐκείνων</span> <span class='ocrx_word' id='word_1_961' title='bbox 3207 5337 3477 5406; x_wconf 80' lang='grc' dir='ltr'>ἀξιωθεὶς,</span> <span class='ocrx_word' id='word_1_962' title='bbox 3526 5340 3709 5411; x_wconf 73' lang='grc' dir='ltr'>ἠγνόει</span> <span class='ocrx_word' id='word_1_963' title='bbox 3740 5339 3804 5394; x_wconf 74' lang='grc' dir='ltr'>τὰ</span> 
     </span>
    </p>
   </div>
   <div class='ocr_carea' id='block_1_123' title="bbox 2150 5429 3799 5503">
    <p class='ocr_par' dir='ltr' id='par_1_123' title="bbox 2150 5429 3799 5503">
     <span class='ocr_line' id='line_1_123' title="bbox 2150 5429 3799 5503; baseline 0.001 -19"><span class='ocrx_word' id='word_1_964' title='bbox 2150 5430 2226 5502; x_wconf 79' lang='grc' dir='ltr'>μὴ</span> <span class='ocrx_word' id='word_1_965' title='bbox 2264 5429 2611 5502; x_wconf 85' lang='grc' dir='ltr'>συμφέροντα</span> <span class='ocrx_word' id='word_1_966' title='bbox 2651 5430 2838 5485; x_wconf 88' lang='grc' dir='ltr'>αίτῶν.</span> <span class='ocrx_word' id='word_1_967' title='bbox 2876 5431 3092 5503; x_wconf 81' lang='grc' dir='ltr'>Ἐπειδὴ</span> <span class='ocrx_word' id='word_1_968' title='bbox 3142 5431 3249 5503; x_wconf 84' lang='grc' dir='ltr'>γὰρ</span> <span class='ocrx_word' id='word_1_969' title='bbox 3283 5431 3429 5503; x_wconf 86' lang='grc' dir='ltr'>ἐώρα</span> <span class='ocrx_word' id='word_1_970' title='bbox 3479 5432 3669 5486; x_wconf 80' lang='grc' dir='ltr'>ἑαυτὸν</span> <span class='ocrx_word' id='word_1_971' title='bbox 3713 5449 3799 5488; x_wconf 83' lang='grc' dir='ltr'>κυ-</span> 
     </span>
    </p>
   </div>
   <div class='ocr_carea' id='block_1_124' title="bbox 2147 5521 3804 5598">
    <p class='ocr_par' dir='ltr' id='par_1_124' title="bbox 2147 5521 3804 5598">
     <span class='ocr_line' id='line_1_124' title="bbox 2147 5521 3804 5598; baseline 0.002 -21"><span class='ocrx_word' id='word_1_972' title='bbox 2147 5521 2441 5594; x_wconf 85' lang='grc' dir='ltr'>κλούμενον</span> <span class='ocrx_word' id='word_1_973' title='bbox 2474 5523 2578 5577; x_wconf 84' lang='grc' dir='ltr'>ὑπὸ</span> <span class='ocrx_word' id='word_1_974' title='bbox 2622 5523 2731 5578; x_wconf 88' lang='grc' dir='ltr'>τῶν</span> <span class='ocrx_word' id='word_1_975' title='bbox 2759 5523 2950 5579; x_wconf 86' lang='grc' dir='ltr'>δεινῶν</span> <span class='ocrx_word' id='word_1_976' title='bbox 2994 5524 3088 5579; x_wconf 79' lang='grc' dir='ltr'>καὶ</span> <span class='ocrx_word' id='word_1_977' title='bbox 3130 5525 3239 5581; x_wconf 86' lang='grc' dir='ltr'>τῶν</span> <span class='ocrx_word' id='word_1_978' title='bbox 3264 5524 3577 5595; x_wconf 85' lang='grc' dir='ltr'>ἐπαλλήλων</span> <span class='ocrx_word' id='word_1_979' title='bbox 3613 5542 3804 5598; x_wconf 88' lang='grc' dir='ltr'>πειρα-</span> 
     </span>
    </p>
   </div>
   <div class='ocr_carea' id='block_1_125' title="bbox 2149 5614 3803 5689">
    <p class='ocr_par' dir='ltr' id='par_1_125' title="bbox 2149 5614 3803 5689">
     <span class='ocr_line' id='line_1_125' title="bbox 2149 5614 3803 5689; baseline 0.002 -18"><span class='ocrx_word' id='word_1_980' title='bbox 2149 5615 2324 5687; x_wconf 88' lang='grc' dir='ltr'>σμῶν,</span> <span class='ocrx_word' id='word_1_981' title='bbox 2359 5614 2562 5685; x_wconf 72' lang='grc' dir='ltr'>ηὔξατο</span> <span class='ocrx_word' id='word_1_982' title='bbox 2588 5615 2794 5671; x_wconf 88' lang='grc' dir='ltr'>τούτων</span> <span class='ocrx_word' id='word_1_983' title='bbox 2824 5616 3222 5689; x_wconf 86' lang='grc' dir='ltr'>ἀπαλλαγῆναι,</span> <span class='ocrx_word' id='word_1_984' title='bbox 3272 5619 3366 5671; x_wconf 81' lang='grc' dir='ltr'>καὶ</span> <span class='ocrx_word' id='word_1_985' title='bbox 3396 5617 3493 5686; x_wconf 81' lang='grc' dir='ltr'>οὐχ</span> <span class='ocrx_word' id='word_1_986' title='bbox 3518 5616 3665 5682; x_wconf 76' lang='grc' dir='ltr'>ἅπαξ</span> <span class='ocrx_word' id='word_1_987' title='bbox 3688 5620 3803 5673; x_wconf 69' lang='grc' dir='ltr'>ούδι</span> 
     </span>
    </p>
   </div>
   <div class='ocr_carea' id='block_1_126' title="bbox 2148 5706 3806 5781">
    <p class='ocr_par' dir='ltr' id='par_1_126' title="bbox 2148 5706 3806 5781">
     <span class='ocr_line' id='line_1_126' title="bbox 2148 5706 3806 5781; baseline 0.001 -17"><span class='ocrx_word' id='word_1_988' title='bbox 2148 5708 2419 5781; x_wconf 84' lang='grc' dir='ltr'>δεύτερον,</span> <span class='ocrx_word' id='word_1_989' title='bbox 2447 5706 2583 5762; x_wconf 85' lang='grc' dir='ltr'>ἀλλὰ</span> <span class='ocrx_word' id='word_1_990' title='bbox 2627 5709 2721 5761; x_wconf 77' lang='grc' dir='ltr'>καὶ</span> <span class='ocrx_word' id='word_1_991' title='bbox 2764 5708 3042 5773; x_wconf 87' lang='grc' dir='ltr'>πολλάκις.</span> <span class='ocrx_word' id='word_1_992' title='bbox 3078 5710 3281 5778; x_wconf 84' lang='grc' dir='ltr'>Τρίτον</span> <span class='ocrx_word' id='word_1_993' title='bbox 3331 5709 3459 5779; x_wconf 84' lang='grc' dir='ltr'>γὰρ,</span> <span class='ocrx_word' id='word_1_994' title='bbox 3503 5710 3657 5779; x_wconf 75' lang='grc' dir='ltr'>φησὶ,</span> <span class='ocrx_word' id='word_1_995' title='bbox 3705 5712 3806 5765; x_wconf 72' lang='grc' dir='ltr'>τὸν</span> 
     </span>
    </p>
   </div>
   <div class='ocr_carea' id='block_1_127' title="bbox 2154 5796 3814 5879">
    <p class='ocr_par' dir='ltr' id='par_1_127' title="bbox 2154 5796 3814 5879">
     <span class='ocr_line' id='line_1_127' title="bbox 2154 5796 3814 5879; baseline 0.001 -24"><span class='ocrx_word' id='word_1_996' title='bbox 2154 5796 2796 5879; x_wconf 34' lang='grc' dir='ltr'>Κύριονθπαρεκάλεσα.</span> <span class='ocrx_word' id='word_1_997' title='bbox 2820 5800 2893 5853; x_wconf 84' lang='grc' dir='ltr'>Τὸ</span> <span class='ocrx_word' id='word_1_998' title='bbox 2922 5800 2978 5853; x_wconf 86' lang='grc' dir='ltr'>δὲ</span> <span class='ocrx_word' id='word_1_999' title='bbox 3010 5800 3237 5868; x_wconf 84' lang='grc' dir='ltr'>Τρίτον,</span> <span class='ocrx_word' id='word_1_1000' title='bbox 3270 5798 3527 5865; x_wconf 85' lang='grc' dir='ltr'>πολλάκις</span> <span class='ocrx_word' id='word_1_1001' title='bbox 3566 5800 3814 5870; x_wconf 83' lang='grc' dir='ltr'>παρεκά-</span> 
     </span>
    </p>
   </div>
  </div>
