4066 6140
378 266 476 322 981

380 378 558 447 rogavi
588 378 664 449 (9.
692 378 809 435 Cor.
843 381 930 436 i2.
956 382 1031 452 8).
1060 381 1186 449 Ter,
1213 383 1275 439 id
1296 394 1407 450 est,
1457 389 1663 442 vocavit
1711 403 1853 458 stupe
1900 400 1954 444 et

379 488 493 527 non
520 473 837 543 impetravit.
866 475 1152 531 Videamus
1174 493 1304 547 ergo
1322 481 1593 548 quomodo
1612 480 1831 536 allectus
1848 481 1960 534 fue-

380 564 470 617 rit.
501 563 636 618 Num
662 564 918 633 gravatim
949 568 1098 622 tulit?
1132 585 1255 622 num
1281 570 1493 640 segnior
1521 570 1658 625 fuit?
1685 587 1813 625 num
1857 573 1960 625 ob-

381 654 615 722 torpuit?
652 654 888 709 Minime.
920 657 1024 711 Sed
1051 659 1178 727 quid
1200 659 1411 729 inquit?
1446 661 1582 714 nan
1614 679 1627 714 ε
1660 661 1854 732 super:
1876 662 1963 715 tibi

382 744 550 812 gratia
578 761 708 798 mea.
762 744 940 801 Virtus
983 750 1117 801 enim
1146 765 1259 802 mea
1285 750 1340 802 in
1366 750 1657 818 inﬁmitate
1704 752 1963 821 perﬁcitur

382 833 547 903 (Ibid.
577 851 631 889 υ.
656 836 735 906 9).
763 839 876 892 Non
901 840 1073 894 solum
1103 857 1209 894 non
1236 843 1477 897 liberavit
1516 844 1662 897 illum
1683 846 1963 912 prtesenti-

382 925 483 979 bus
507 929 683 992 malis,
734 930 833 984 sed
861 931 916 985 in
964 932 1095 1001 ipsis
1125 948 1467 1002 perseverare
1501 936 1758 1004 permisit.
1796 937 1961 992 Esto:

381 1016 478 1072 sed
531 1019 670 1073 unde
694 1020 948 1076 discimus
973 1038 1097 1077 eum
1139 1039 1246 1077 non
1294 1027 1527 1094 graviter
1567 1026 1789 1081 tulisse?
1826 1025 1962 1081 Audi

385 1107 605 1163 Paulum
626 1110 913 1178 dicentem,
966 1121 1245 1183 postquam
1276 1115 1458 1170 didicit
1484 1131 1548 1169 ea
1573 1131 1693 1186 quae
1738 1117 1964 1171 Domino

384 1197 575 1266 placita
614 1210 769 1255 erant
797 1219 811 1255 :
839 1201 1075 1257 Libenter
1099 1205 1256 1274 igitur
1279 1206 1538 1275 gloriabor
1564 1208 1619 1261 in
1651 1208 1961 1276 inﬁrmitati-

385 1289 475 1342 btts
499 1291 640 1345 meis.
672 1291 787 1345 Non
828 1294 1021 1356 solum,
1061 1294 1250 1363 inquit,
1300 1295 1554 1366 deinceps
1591 1296 1802 1350 liberari
1855 1313 1961 1351 non

386 1382 618 1449 requiro,
644 1383 737 1437 sed
764 1392 817 1438 et
838 1385 1027 1454 majori
1048 1388 1316 1456 voluptate
1343 1388 1611 1456 gloriabor
1632 1390 1684 1441 in
1706 1388 1833 1443 illis.
1874 1388 1965 1443 Vi-

386 1469 511 1522 disti
534 1479 735 1539 gratam
760 1473 1032 1527 animam?
1076 1475 1254 1529 vidisti
1274 1476 1391 1545 ejus
1417 1477 1466 1530 in
1500 1478 1666 1531 Deum
1694 1480 1963 1533 amorem?

386 1558 699 1614 Audietiam
718 1562 987 1617 dicentem
1014 1582 1027 1617 :
1067 1564 1203 1628 Quid
1232 1568 1367 1619 enim
1390 1583 1652 1636 precemur
1672 1578 1725 1621 ut
1750 1577 1960 1637 oportet,

385 1651 629 1705 nescimus
658 1652 834 1722 (Rom.
861 1655 915 1709 8.
936 1656 1049 1726 26).
1080 1657 1433 1727 lmpossibile,
1482 1660 1672 1729 inquit,
1700 1670 1803 1725 est,
1843 1677 1963 1716 cum

388 1753 485 1793 nos
513 1742 755 1798 homines
809 1746 997 1810 simus,
1044 1747 1219 1800 omnia
1250 1756 1397 1801 (ιιι-ιο
1442 1749 1598 1802 scire.
1643 1749 1966 1819 Relinquen-

385 1832 509 1885 dum
541 1848 673 1903 ergo
709 1836 811 1890 hoc
834 1846 914 1890 est
952 1838 1191 1892 omnium
1239 1838 1554 1904 Conditori;
1600 1841 1966 1909 sumendaque

384 1934 509 1977 sunt
542 1940 661 1979 cum
687 1927 879 1995 gaudio
901 1937 954 1983 et
994 1929 1263 1998 voluptate
1283 1944 1631 1999 qua-eumque
1653 1931 1767 2000 ipse
1793 1931 1970 1984 volur-

387 2015 501 2079 rit;
533 2031 633 2069 nec
680 2018 1025 2085 spectandum
1056 2019 1125 2072 ad
1179 2020 1410 2087 speciem
1454 2034 1639 2073 eorum
1689 2036 1810 2089 qute
1840 2037 1966 2075 cve-

388 2104 559 2170 uiunt,
582 2105 674 2159 sed
703 2108 831 2176 quid
857 2119 1132 2177 acceptum
1158 2109 1227 2162 sit
1252 2109 1495 2163 Domino.
1516 2110 1614 2176 Qui
1635 2112 1777 2164 enim
1802 2112 1968 2180 magis

386 2196 487 2248 scit
519 2196 644 2265 quid
671 2197 820 2251 nobis
848 2200 1033 2266 prosit,
1061 2214 1218 2267 quam
1247 2198 1346 2267 ipsi
1373 2213 1491 2265 nos,
1513 2199 1626 2270 ipse
1653 2201 1803 2255 novit
1831 2217 1965 2269 (pto-

388 2286 549 2338 modo
573 2287 712 2341 solus
735 2300 916 2342 nistra
939 2289 1195 2358 paranda.

457 2373 510 2427 6.
551 2374 796 2430 Nostrum
828 2392 956 2447 ergo
1003 2394 1163 2432 unum
1210 2378 1279 2432 sit
1322 2392 1475 2449 opus,
1504 2378 1773 2433 continuis
1835 2380 1966 2433 insi-

385 2472 531 2519 stere
558 2467 820 2535 precibus,
852 2478 908 2523 et
935 2484 1040 2523 non
1076 2485 1217 2538 :rgre
1259 2469 1398 2523 ferre
1437 2469 1481 2523 si
1511 2470 1785 2524 differatur
1826 2473 1966 2539 quod

388 2555 640 2619 petimus,
690 2558 783 2611 sed
834 2558 1055 2612 tnultam
1094 2560 1401 2628 patientiam
1452 2560 1726 2615 exhibere.
1779 2560 1961 2630 Neque

389 2643 535 2697 enim
579 2646 816 2700 abnuens
843 2662 1027 2716 preces
1071 2657 1279 2702 nostras
1306 2648 1483 2702 differt
1528 2667 1543 2702 :
1582 2650 1678 2704 sed
1722 2651 1822 2703 hac
1856 2662 1969 2705 arte

387 2733 604 2788 sedu'os
627 2750 726 2789 nos
752 2734 1013 2802 efﬁciens,
1057 2738 1123 2791 ad
1152 2739 1494 2807 semetipsum
1524 2748 1775 2808 perpetuo
1801 2749 1970 2794 attra-

389 2824 518 2880 here
550 2828 678 2879 vult.
720 2827 850 2881 Nam
891 2839 942 2883 et
975 2839 1122 2898 pater
1150 2829 1315 2897 prolis
1356 2844 1543 2883 amans
1571 2846 1693 2883 cum
1738 2846 1767 2884 a
1806 2845 1972 2900 puero

388 2926 622 2986 rogatur,
650 2918 855 2986 abnuit,
881 2935 984 2974 non
1026 2920 1166 2990 quod
1196 2921 1325 2974 dare
1365 2921 1519 2986 nolit,
1562 2922 1657 2975 sed
1684 2932 1741 2975 ut
1765 2922 1830 2976 ad
1859 2922 1969 2977 diu-

388 3008 493 3060 tius
515 3006 830 3062 adstandum
857 3011 1145 3079 pertrahat.
1175 3010 1301 3065 llzec
1327 3014 1504 3079 itaque
1535 3012 1767 3066 scientes
1785 3026 1851 3067 ne
1871 3012 1970 3066 de-

388 3114 689 3168 speremus,
708 3117 775 3156 ue
796 3118 1068 3158 cessemus
1084 3119 1204 3157 eum
1226 3103 1402 3170 adire,
1435 3114 1489 3159 et
1515 3119 1700 3174 preces
1730 3104 1968 3159 fundere.

389 3195 596 3249 Etenim
622 3195 666 3247 si
688 3197 957 3251 crudelem
980 3208 1033 3251 et
1059 3196 1404 3250 inhumanum
1429 3198 1574 3251 illum
1602 3199 1860 3267 judicem,
1878 3198 1968 3267 qui

387 3310 559 3365 neque
579 3298 744 3352 Deum
765 3297 1003 3362 timebat,
1027 3298 1263 3351 mulieris
1277 3294 1530 3349 sedulitas
1550 3291 1743 3361 coegit,
1768 3301 1819 3345 et
1846 3305 1971 3360 pro-

389 3388 591 3441 vocavit
612 3397 668 3441 ut
692 3387 791 3441 sibi
818 3397 1150 3443 succurreret
1179 3387 1329 3458 (Luc.
1355 3384 1516 3440 18.2.
1543 3400 1648 3453 sqq.
1674 3384 1693 3452 )
1727 3401 1740 3435 :
1773 3390 1971 3450 quanto

389 3480 555 3549 magis
599 3493 729 3545 nos,
776 3480 818 3533 si
861 3480 1186 3534 voluerimus
1234 3480 1378 3533 illam
1421 3476 1615 3531 imitari
1667 3475 1967 3538 mulierem,

390 3568 456 3623 ad
505 3569 869 3638 opitulandum
913 3571 1068 3625 nobis
1096 3570 1504 3637 provocabimus
1534 3574 1868 3620 mansuetum
1915 3572 1971 3617 et

387 3661 786 3718 misericordem
820 3674 1061 3717 nostrum
1104 3663 1406 3725 Dominum,
1441 3658 1875 3728 compaticntem,
1919 3662 1973 3707 et

388 3750 455 3803 ad
482 3751 709 3805 salutem
740 3762 973 3806 nostram
998 3751 1402 3805 occurrentem?
1429 3750 1538 3804 Nos
1566 3763 1698 3817 ergo
1721 3748 1966 3801 institua-

387 3855 529 3905 mus,
581 3850 638 3895 ut
670 3841 885 3897 dillicile
932 3843 1256 3910 avellamur,
1312 3850 1366 3897 et
1412 3850 1668 3911 perpetuo
1724 3839 1972 3909 precibus

390 3932 779 3995 incumbamus,
809 3942 913 3985 tam
940 3933 1048 3997 die,
1071 3948 1231 4001 quam
1256 3940 1444 3996 noctu;
1469 3931 1577 3985 imo
1596 3930 1763 3996 magis
1788 3937 1973 3995 noctu,

386 4023 605 4092 quando
624 4023 802 4077 nullus
830 4025 1165 4089 interturbat,
1197 4023 1411 4093 quando
1453 4036 1643 4090 magna
1694 4021 1971 4090 cogitatio-

389 4131 515 4169 num
564 4115 951 4184 tranquiliitas,
1004 4115 1217 4185 quando
1264 4114 1439 4169 nullus
1492 4113 1636 4168 domi
1686 4111 1965 4175 tumultus,

388 4207 601 4275 quando
654 4209 827 4263 nullus
867 4216 951 4263 est
976 4208 1063 4277 qui
1093 4208 1161 4260 ab
1189 4222 1404 4261 accessu
1428 4206 1701 4276 prohibeat
1726 4215 1781 4259 et
1802 4204 1968 4258 abdu-

388 4309 493 4366 cat,
522 4300 735 4369 quando
754 4310 938 4355 erecta
959 4316 1111 4355 mens
1131 4299 1309 4354 omnia
1343 4300 1624 4368 diligenter
1653 4296 1857 4351 referre
1878 4311 1973 4363 po-

393 4398 498 4444 test
522 4391 818 4445 animarum
848 4392 1077 4446 medico.
1107 4392 1164 4445 Si
1212 4392 1354 4445 enim
1406 4391 1592 4444 beatus
1644 4388 1828 4451 David,
1881 4402 1974 4441 rex

390 4483 547 4536 simul
564 4498 625 4539 ac
651 4485 927 4553 propheta,
946 4485 1106 4539 tantis
1135 4483 1419 4553 implicitus
1454 4481 1701 4551 negotiis,
1738 4494 1971 4549 purpura

391 4583 446 4628 et
472 4574 771 4629 diademate
798 4577 1023 4629 amictus
1046 4615 1060 4639 ,
1094 4574 1232 4629 dicat
1263 4594 1277 4628 :
1307 4573 1480 4627 Media
1523 4582 1666 4625 nocte
1708 4570 1972 4640 surgebant

391 4666 458 4717 ad
478 4667 812 4733 conﬁtendum
837 4666 924 4719 tibi
943 4683 1093 4736 super
1097 4666 1301 4735 judicia
1313 4665 1528 4735 justitiae
1542 4672 1643 4716 tua:
1670 4660 1871 4733 (Pro/.1
1888 4661 1970 4715 18.

393 4754 484 4823 62)
521 4773 534 4808 :
562 4755 689 4824 quid
718 4772 814 4811 nos
842 4757 1078 4812 dicemus
1104 4758 1194 4826 qui
1224 4756 1481 4825 privatam
1522 4764 1577 4807 et
1624 4754 1847 4805 otiosam
1892 4756 1972 4803 vi-

397 4853 508 4896 tant
529 4844 751 4913 agimus,
809 4861 983 4914 neque
1031 4845 1217 4899 eadem
1247 4860 1365 4914 qua:
1417 4844 1505 4896 ile
1540 4840 1802 4895 iacimus?
1840 4839 1971 4893 Nam

404 4948 528 4987 cum
550 4934 600 4986 in
628 4932 714 4987 die
741 4935 921 4989 multis
944 4936 1365 4990 circumdaretur
1405 4933 1569 4996 curis,
1617 4933 1875 5001 negotiis,
1921 4941 1977 4986 et

397 5026 731 5092 tumultibus,
754 5043 851 5081 nec
874 5035 1082 5098 tempus
1106 5031 1369 5084 inveniret
1394 5040 1571 5097 aptum
1593 5042 1690 5082 suo
1713 5030 1777 5081 ad
1808 5027 1973 5081 Deum

393 5118 654 5179 accessui,
689 5119 1079 5187 tranquillitatis
1109 5131 1334 5190 tempus,
1373 5121 1512 5190 quod
1539 5121 1628 5173 alii
1654 5135 1843 5175 somno
1870 5120 1971 5173 im-

398 5209 635 5277 pendunt
660 5210 711 5263 in
758 5211 1004 5265 mollibus
1041 5214 1220 5267 stratis
1246 5214 1638 5278 recumbentes,
1669 5223 1721 5267 et
1751 5212 1873 5267 hinc
1919 5221 1974 5267 et

398 5300 521 5355 inde
559 5317 618 5356 se
644 5313 938 5369 versantes,
980 5319 1073 5357 rex
1118 5306 1276 5359 tantis
1315 5305 1588 5359 districtus
1615 5306 1781 5363 curis.
1814 5320 1970 5359 acce-

397 5390 556 5444 dendi
583 5391 647 5446 ad
674 5393 842 5447 Deum
862 5402 1070 5460 tempus
1089 5392 1335 5457 faciebat,
1360 5394 1580 5448 seorsim
1604 5394 1711 5447 Deo
1728 5394 1969 5462 loquens.

398 5491 453 5532 et
496 5483 718 5536 sincera
764 5483 1084 5552 intentreque
1112 5484 1401 5553 precationi
1442 5484 1675 5547 deditus,
1728 5485 1971 5551 perﬁcie-

402 5571 863 5643 lratquatcumque
908 5574 1152 5639 volebat;
1191 5583 1246 5628 et
1293 5574 1624 5628 orationibus
1674 5573 1785 5627 suis
1832 5574 1971 5628 bella

399 5665 739 5736 conﬁciebat,
787 5675 1088 5738 troptcaquc
1110 5675 1377 5737 sumens,
1429 5666 1703 5724 victoriam
1739 5665 1971 5723 victoria:

1399 276 1473 332 ἸΝ
1508 278 1664 333 CAP.
1703 278 1796 334 XI.
1838 280 2079 338 GENES.
2121 278 2353 336 ηοκιι.
2391 278 2587 335 χχχι.

3536 272 3646 327 Ωδθὶ

2067 392 2368 462 copulabat.
2417 389 2773 446 llabuitenim
2801 389 2995 444 invicta
3016 401 3184 455 arma,
3232 399 3462 458 superna
3504 387 3647 439 scili-

2066 493 2153 538 cet
2178 482 2442 552 pmsidia,
2476 496 2594 551 quae
2641 496 2746 535 non
2773 481 2944 535 solum
2968 481 3033 535 ad
3061 480 3288 535 humana
3315 479 3451 533 bella
3480 478 3644 530 conli-

2066 573 2253 629 cicnda
2281 573 2569 639 sufﬁciunt,
2594 572 2687 627 sed
2705 574 2867 628 etiam
2881 572 3269 628 ad-dmmonum
3294 571 3539 625 cohortes
3561 568 3646 619 fn—

2069 664 2290 735 gandas.
2322 663 2485 733 Igitur
2511 673 2565 718 et
2589 678 2686 717 nos
2715 663 2855 718 hunc
2878 663 3155 717 imitemur
3170 661 3364 732 privati
3387 669 3437 714 et
3467 657 3642 711 idiota:

2067 770 2267 824 regem,
2307 755 2397 825 qui
2422 755 2647 809 otiosam
2679 761 2734 808 et
2776 752 3008 823 quietam
3055 756 3219 804 vitam
3270 752 3499 818 agimus,
3522 764 3641 801 cum

2065 845 2159 917 qui
2214 846 2268 900 in
2314 858 2547 915 purpura
2597 851 2651 898 ct
2693 842 2994 899 diademate
3046 841 3431 895 monachorum
3483 843 3643 891 vitam

2067 937 2495 992 transcendebat.
2518 935 2656 991 Audi
2683 935 2825 990 enim
2845 948 2965 989 eum
2988 933 3179 989 iterum
3204 930 3329 984 alibi
3357 930 3643 983 dicentem:

2066 1026 2246 1083 Facta
2291 1039 2411 1082 sunt
2456 1029 2581 1082 milii
2618 1028 2859 1098 laeryma:
2896 1040 3022 1080 mea
3072 1041 3227 1095 panes
3271 1024 3355 1076 die
3396 1038 3457 1075 ac
3506 1031 3649 1075 nocte

2066 1118 2240 1188 (Prol.
2269 1120 2357 1174 41.
2388 1119 2467 1190 Δ).
2520 1119 2706 1174 Vidisti
2741 1119 2971 1173 animam
3004 1117 3059 1171 in
3083 1116 3335 1171 continua
3385 1128 3645 1184 compun-

2066 1212 2282 1267 etione?
2307 1212 2569 1266 Alimonia
2595 1225 2733 1278 mea,
2759 1211 2946 1279 inquit,
2973 1209 3125 1278 panis
3148 1221 3319 1269 meus,
3345 1206 3643 1260 convivium

2066 1317 2246 1357 meum
2283 1302 2415 1357 nihil
2442 1301 2583 1356 aliud
2604 1311 2757 1356 erant
2780 1316 2941 1370 quam
2969 1300 3217 1371 lacryma:
3244 1308 3349 1351 tam
3379 1297 3464 1351 die
3487 1312 3644 1366 quam

2066 1402 2243 1448 nocte.
2272 1391 2341 1447 Et
2362 1394 2557 1447 iterum
2589 1409 2603 1445 :
2628 1391 2874 1445 Laboravi
2903 1391 2955 1444 in
2977 1390 3162 1460 gemitu
3187 1404 3316 1453 meo,
3348 1387 3527 1440 iuvabo
3558 1401 3647 1455 per

2066 1483 2294 1554 singulas
2338 1494 2506 1537 noctes
2534 1484 2714 1537 lectum
2752 1498 2917 1536 meum
2945 1480 3118 1551 (Psal.
3151 1480 3203 1534 6.
3232 1478 3306 1549 7).
3326 1477 3461 1545 Quid
3502 1476 3647 1530 dice-

2068 1587 2208 1638 mus,
2240 1574 2323 1627 vel
2351 1574 2478 1642 quid
2506 1572 2965 1642 respondebimus,
2997 1572 3084 1641 qui
3116 1586 3288 1638 neque
3340 1583 3460 1623 eam
3500 1581 3648 1620 com-

2068 1665 2409 1734 punctioneut
2436 1664 2691 1718 exhibere
2708 1663 2972 1727 volumus,
2997 1676 3157 1731 quam
3181 1676 3272 1714 rex
3302 1667 3377 1712 tot
3396 1659 3649 1725 obseptus

2069 1754 2294 1823 negotiis
2323 1754 2601 1809 exhibuit?
2627 1754 2913 1820 Quidnam,
2937 1753 3043 1817 dic,
3074 1767 3189 1815 oro,
3213 1752 3380 1805 oculis
3412 1750 3515 1802 illis
3537 1748 3645 1801 for-

2070 1846 2272 1899 mosius
2299 1855 2559 1914 perpetuo
2582 1846 2935 1917 lacrymarum
2963 1845 3153 1905 imbre,
3181 1852 3238 1897 et
3261 1842 3412 1911 quasi
3442 1855 3650 1909 marga-

2070 1940 2288 1993 ritarum
2311 1940 2507 1994 decore
2531 1940 2767 1993 ornatis?
2797 1938 2984 1992 Vidisti
3014 1952 3199 2006 regem
3219 1975 3236 2001 ,
3267 1936 3354 2004 qui
3407 1933 3649 1987 noctibus

2065 2037 2231 2099 atque
2253 2030 2440 2084 diebus
2459 2030 2712 2101 lacrymis
2741 2029 3091 2099 precibusque
3124 2026 3336 2081 deditus
3362 2024 3457 2078 fuit
3485 2041 3500 2077 :
3529 2038 3651 2092 spe-

2070 2129 2152 2175 eta
2181 2129 2234 2175 et
2280 2121 2557 2176 doctorem
2600 2121 2745 2176 orbis
2793 2121 2846 2175 in
2890 2134 3105 2174 carcere
3147 2116 3507 2185 compeditum
3544 2129 3647 2169 una

2067 2226 2190 2266 cum
2214 2211 2345 2278 Sila,
2373 2222 2426 2266 et
2454 2220 2693 2267 orantem
2716 2220 2823 2265 tota
2850 2220 3025 2276 nocte,
3058 2224 3232 2278 neque
3256 2208 3459 2270 dolore,
3478 2219 3651 2273 neque

2070 2302 2297 2356 vinculis
2326 2303 2613 2371 prohiberi,
2656 2301 2753 2357 sed
2781 2315 2849 2357 co
2874 2300 3041 2369 magis
3068 2300 3332 2368 ingentem
3363 2296 3649 2351 fervidum-

2070 2409 2176 2463 que
2200 2410 2437 2448 amorem
2456 2394 2729 2449 declarare
2757 2408 2879 2462 erga
2912 2392 3193 2446 Dominum
3223 2407 3236 2442 :
3265 2388 3462 2442 Paulus
3484 2387 3648 2451 enim,

2072 2485 2270 2554 inquit,
2311 2494 2359 2537 et
2383 2485 2522 2539 Siloa
2546 2485 2710 2538 media
2752 2493 2895 2537 nocte
2938 2491 3138 2536 orantes
3173 2479 3449 2532 laudabant
3492 2476 3651 2529 Deum

2072 2576 2202 2645 (Act.
2232 2578 2317 2630 16.
2349 2574 2461 2645 25).
2494 2574 2657 2629 David
2681 2575 2736 2628 in
2774 2587 2941 2644 regno
2960 2581 3015 2626 et
3063 2570 3362 2625 diademate
3404 2566 3652 2639 lacrymis

2072 2677 2125 2721 et
2155 2669 2396 2736 precibus
2424 2676 2587 2720 totam
2606 2668 2768 2720 vitam
2792 2665 3124 2727 insumebat;
3146 2662 3450 2732 Apostolus,
3479 2661 3566 2728 qui
3596 2660 3648 2711 in

2074 2758 2290 2811 tertium
2318 2757 2507 2811 czelum
2538 2766 2739 2824 raptus,
2762 2756 2847 2810 cui
2891 2769 3083 2809 arcana
3122 2761 3245 2807 sunt
3272 2752 3501 2806 revelata
3538 2766 3653 2820 my-

2072 2848 2449 2913 steria,mcdia
2464 2846 2931 2906 nocteinvinculis
2960 2860 3144 2913 preces
3170 2853 3224 2898 et
3251 2843 3435 2896 laudes
3462 2842 3654 2896 odere-

2074 2934 2165 2988 bat
2188 2936 2444 3000 Domino;
2474 2944 2529 2990 et
2568 2950 2665 2989 rex
2706 2934 2881 2989 media
2910 2944 3067 2988 nocte
3095 2932 3494 3001 expergefactus
3522 2947 3651 2985 eon-

2075 3026 2347 3091 litebatur,
2376 3036 2430 3080 et
2452 3027 2680 3096 apostoli
2704 3025 2877 3080 media
2912 3034 3068 3079 nocte
3088 3024 3364 3078 continuas
3395 3037 3577 3091 preces
3601 3031 3654 3075 et

2075 3117 2258 3171 laudes
2279 3117 2585 3171 reddebant.
2624 3117 2746 3172 illos
2776 3117 3044 3171 imitemur
3093 3124 3145 3170 et
3183 3129 3299 3180 nos,
3346 3124 3399 3167 et
3428 3128 3646 3182 precum

2070 3209 2387 3264 assiduitate
2412 3210 2571 3264 vitam
2602 3218 2839 3263 nostram
2887 3208 3209 3270 muniamus,
3240 3216 3293 3260 et
3316 3205 3518 3261 nullum
3560 3220 3656 3256 no-

2074 3300 2156 3356 bis
2198 3316 2448 3370 umquam
2488 3301 2593 3355 erit
2618 3300 2971 3354 obstaculum.
3016 3297 3155 3351 Nihil
3197 3298 3338 3351 enim
3386 3308 3468 3351 est
3514 3296 3654 3365 quod

2072 3393 2264 3446 obesse
2290 3390 2446 3445 nobis
2482 3392 2668 3459 possit,
2702 3388 2862 3443 modo
2890 3388 3055 3443 sobrii
3082 3387 3268 3441 simus.
3308 3385 3445 3439 Num
3464 3385 3579 3439 loco
3599 3394 3657 3439 et

2076 3492 2317 3554 tempore
2340 3484 2497 3538 nobis
2512 3497 2646 3553 opus
2674 3481 2797 3537 est?
2821 3481 3006 3535 Omnis
3036 3480 3204 3547 locus,
3244 3493 3403 3533 omne
3447 3488 3655 3546 tempus

2074 3575 2201 3630 huic
2221 3574 2457 3629 accessui
2485 3574 2757 3627 convenit.
2785 3572 2921 3626 Nam
2947 3572 3138 3625 iterum
3173 3569 3298 3623 audi
3338 3569 3653 3638 magistrum

2075 3667 2222 3721 orbis
2262 3666 2528 3720 dicentem
2554 3682 2567 3719 :
2601 3664 2666 3716 In
2692 3664 2828 3717 omni
2857 3664 2965 3716 loco
2991 3662 3208 3715 levantes
3251 3668 3453 3714 sanctas
3476 3675 3655 3712 manus

2074 3757 2256 3826 absque
2296 3756 2376 3808 ira
2410 3765 2457 3808 et
2480 3753 2837 3823 disceptatione
2867 3752 2941 3822 (i.
2976 3751 3109 3805 Tim.
3140 3750 3195 3802 2.
3215 3750 3294 3818 8).
3320 3750 3376 3803 Si
3418 3758 3651 3803 mentem

2076 3847 2332 3903 habueris
2358 3857 2633 3916 purgatam
2658 3845 2727 3899 ab
2756 3844 2956 3899 illicitis
2992 3841 3363 3897 aﬂ'ectionibus
3383 3883 3396 3907 ,
3446 3843 3557 3894 sive
3603 3840 3655 3893 in

2078 3941 2214 4005 foro,
2245 3940 2362 3993 sive
2386 3938 2553 4003 domi,
2584 3939 2698 3993 sive
2726 3938 2777 3991 in
2806 3936 2908 4001 via,
2929 3936 3012 3990 vel
3034 3936 3088 3989 in
3112 3949 3348 3998 carcere,
3369 3933 3451 3987 vel
3476 3933 3527 3986 in
3555 3946 3657 3985 ma-

2078 4031 2146 4096 ri,
2175 4029 2258 4084 vel
2289 4030 2345 4082 in
2391 4028 2704 4093 diversorio,
2740 4028 2824 4082 vel
2855 4028 2906 4080 in
2936 4025 3148 4080 ofﬁcina
3168 4064 3184 4091 ,
3233 4034 3287 4079 et
3340 4024 3659 4091 ubicumque

2078 4123 2241 4177 fueris
2270 4125 2608 4186 constitutus,
2636 4120 2839 4190 poteris
2853 4120 3096 4173 invocato
3120 4117 3230 4171 Deo
3248 4117 3352 4169 voti
3373 4115 3486 4169 ﬁeri
3513 4129 3660 4168 como

2079 4229 2193 4284 pos.
2225 4212 2378 4279 Quod
2407 4228 2527 4267 eum
2557 4214 2807 4277 sciamus,
2833 4211 3058 4265 obsecro
3079 4218 3136 4263 ut
3162 4224 3282 4263 cum
3305 4208 3513 4277 jejunio
3539 4222 3658 4275 pre-

2076 4306 2228 4359 cibus
2254 4304 2582 4373 diligentiam
2623 4301 2991 4367 adhibeamus,
3025 4299 3319 4355 subsidium
3347 4299 3500 4352 nobis
3536 4296 3660 4350 inde

2078 4407 2327 4467 parantes
2359 4414 2373 4449 :
2407 4411 2513 4465 quo
2538 4409 2823 4464 supernam
2849 4393 3117 4462 assequuti
3148 4392 3394 4461 gratiam,
3423 4400 3475 4443 et
3522 4404 3659 4457 prte-

2078 4500 2288 4544 sentem
2312 4493 2474 4541 vitam
2507 4488 2575 4541 ita
2603 4501 2824 4556 agamus
2845 4496 2902 4539 ut
2929 4487 3044 4539 Deo
3066 4486 3344 4553 probetur,
3364 4492 3417 4536 et
3444 4482 3499 4534 in
3527 4480 3658 4532 tutu.

2080 4598 2145 4638 ro
2167 4579 2586 4636 misericordiam
2616 4578 2848 4649 aliquam
2869 4577 3256 4645 adipiscantur,
3284 4574 3450 4644 gratia
3476 4581 3530 4627 et
3560 4572 3660 4624 mi-

2078 4672 2433 4727 serationibus
2488 4668 2694 4724 Domini
2744 4668 2913 4722 nostri
2944 4667 3071 4722 Jesu
3105 4666 3330 4728 Christi,
3381 4679 3500 4718 eum
3554 4677 3660 4729 quo

2079 4763 2222 4818 Patri
2266 4771 2321 4816 ct
2348 4761 2568 4830 Spiritui
2591 4768 2776 4814 sancto
2799 4759 2868 4813 sit
2895 4759 3059 4828 gloria
3081 4796 3097 4824 ,
3151 4757 3451 4825 imperium,
3480 4763 3530 4805 et
3564 4753 3660 4803 ho-

2078 4870 2196 4919 nor,
2227 4866 2366 4907 nunc
2385 4861 2439 4907 et
2461 4865 2701 4921 semper,
2717 4859 2773 4905 et
2790 4851 2844 4903 in
2868 4849 3060 4904 secula
3088 4847 3424 4901 somniorum.
3455 4843 3649 4894 Amen.

2610 4979 2888 5036 IIOMILIA
2906 5028 2909 5031 ν
2925 4975 3121 5032 XXXI.

2080 5099 2147 5154 Et
2193 5101 2383 5172 accepit
2432 5099 2605 5153 Thura
2634 5096 2819 5148 Abram
2867 5102 2912 5147 et
2953 5091 3160 5145 Nachor
3180 5088 3312 5157 ﬁlios
3332 5101 3479 5152 suos,
3500 5094 3546 5137 et
3565 5082 3659 5137 Lot

2149 5194 2312 5261 ﬁlium
2354 5192 2509 5244 Aram
2542 5187 2635 5256 ﬁlii
2672 5186 2789 5251 sui;
2818 5195 2863 5239 et
2894 5184 3083 5239 Suram
3112 5196 3294 5233 nurum
3318 5194 3495 5243 suam,
3527 5192 3653 5229 uxo-

2147 5301 2252 5338 rem
2292 5293 2458 5336 autem
2481 5280 2667 5333 Abram
2706 5277 2801 5346 ﬁlii
2839 5278 2917 5330 sui
2960 5292 2981 5339 ;
3028 5283 3073 5328 et
3116 5272 3285 5326 eduxit
3332 5287 3415 5324 eos
3437 5285 3500 5323 ea:
3528 5279 3655 5320 terra

2149 5373 2535 5439 Chaldteorum,
2574 5379 2629 5423 ut
2664 5368 3095 5439 proﬁciscerentur
3135 5364 3190 5416 in
3235 5372 3416 5416 terram
3454 5359 3652 5413 Chana-

2148 5481 2371 5519 na'orum
2420 5479 2440 5516 :
2481 5471 2527 5515 et
2570 5461 2699 5515 venit
2727 5475 2882 5528 usque
2918 5457 3182 5522 Claarran,
3223 5462 3268 5508 et
3290 5451 3526 5507 habitavit
3550 5449 3653 5502 illic

2153 5556 2302 5625 (om.
2331 5554 2551 5623 “.31).

2150 5668 2202 5722 1.
2249 5666 2489 5739 Ingentes
2521 5663 2676 5722 vobis
2705 5662 2883 5720 habeo
2915 5659 3148 5733 gratias,
3186 5655 3328 5727 quod
3349 5653 3656 5709 hesternum
