4066 6140
393 263 500 319 985
1131 267 1192 324 8.
1229 265 1508 327 JOANNIS
1545 265 2018 322 CIIRYSOSTOMI
2058 263 2378 321 ARCHIEP.
2409 264 2946 323 CONSTANTINOP.
3543 269 3657 330 284

389 361 456 416 de
480 359 720 415 oratione
745 375 1049 416 sermonem
1073 376 1192 416 cum
1223 361 1493 429 voluptate
1513 361 1856 430 susceperitis
1874 402 1888 425 ,
1917 371 1972 415 et

393 463 540 507 tanto
564 453 739 507 tudio
767 452 832 507 ad
861 452 1186 509 audiendum
1215 453 1514 507 conﬂuatis.
1549 453 1675 507 lllud
1706 454 1846 506 enim
1875 469 1972 507 nos

389 544 564 598 reddit
591 545 880 598 alacriores
903 587 918 609 ,
946 553 1006 599 ut
1027 544 1127 599 hoc
1149 545 1424 614 spirituale
1451 545 1748 598 convivium
1779 545 1972 614 largius

387 637 540 689 vobis
582 651 963 706 preponamus.
1005 636 1136 703 Quia
1177 645 1231 690 et
1259 637 1488 706 agricola
1518 636 1562 691 si
1593 635 1804 705 quando
1830 637 1973 690 videt

386 740 571 793 agrmn
600 736 652 780 et
674 726 814 795 jacta
845 728 1048 782 semina
1082 729 1343 781 virescere
1367 737 1421 781 et
1451 727 1746 795 germinare
1767 766 1784 793 ,
1817 741 1972 796 sege-

389 823 603 884 temque
630 830 854 871 vernare
873 855 889 882 ,
919 816 1048 870 nihil
1079 816 1219 886 quod
1245 816 1311 870 ad
1341 831 1398 871 se
1418 817 1606 870 attinet
1635 815 1969 882 intermittit,

386 905 622 972 quotidie
664 915 1042 974 congruentem
1086 906 1224 961 illius
1269 922 1450 960 curam
1493 922 1691 976 agens,
1733 915 1788 961 et
1816 915 1972 962 nocte

385 994 575 1065 dieque
604 996 947 1050 considerans
965 1039 979 1063 ,
1008 1013 1075 1052 ne
1100 997 1237 1052 forte
1259 997 1383 1067 quid
1406 997 1616 1052 labores
1636 1011 1760 1051 suos
1781 995 1968 1051 lmdat:

386 1085 546 1140 simili
592 1087 750 1141 modo
791 1096 845 1142 et
872 1103 972 1159 ego
999 1089 1329 1158 spiritualem
1360 1089 1498 1143 hunc
1527 1103 1711 1158 agrum
1732 1097 1972 1143 vestrum

388 1176 616 1244 ﬂorere,
663 1186 717 1232 et
763 1193 944 1232 semen
992 1179 1092 1234 hoc
1135 1179 1412 1247 spirituale
1453 1179 1505 1233 in
1547 1178 1752 1234 sinibus
1779 1187 1971 1232 vestra:

386 1269 584 1322 mentis
624 1269 841 1324 recondi
866 1269 1054 1324 videns
1075 1311 1092 1336 ,
1127 1271 1334 1340 gaudeo
1365 1277 1420 1325 et
1449 1270 1619 1336 laetor,
1643 1269 1972 1338 multumque

385 1369 504 1410 sum
535 1358 726 1412 anxius
748 1398 762 1421 ,
796 1374 902 1412 non
931 1359 1180 1428 ignorans
1207 1375 1363 1430 quam
1391 1361 1654 1429 malignus
1682 1360 1751 1414 sit
1777 1359 1967 1426 hostis,

385 1447 476 1514 qui
504 1456 696 1501 vestra:
737 1449 890 1504 saluti
922 1450 1218 1505 insidiatur.
1247 1450 1380 1507 Nam
1411 1450 1855 1522 quemadmodum
1885 1451 1972 1522 pi-

386 1549 520 1592 rata:
560 1541 774 1608 quando
820 1542 1003 1596 vident
1046 1558 1235 1598 navem
1275 1543 1454 1597 multis
1481 1543 1749 1598 mercibus
1773 1558 1969 1598 onera-

387 1637 523 1694 tam,
564 1643 618 1685 et
661 1633 911 1700 plurimas
951 1634 1304 1689 advehentem
1333 1635 1542 1690 divitias
1566 1677 1581 1701 ,
1613 1644 1739 1690 tunc
1760 1637 1974 1706 potissi-

385 1735 530 1773 mum
577 1723 753 1776 varias
796 1725 1086 1780 moliuntur
1129 1726 1382 1793 insidias,
1423 1736 1481 1782 ut
1527 1729 1730 1797 possint
1766 1741 1972 1784 merces

384 1825 573 1866 omnes
599 1811 931 1884 demergere,
959 1831 1022 1870 ac
1041 1827 1284 1873 vectores
1310 1818 1428 1872 illos
1449 1819 1680 1888 spoliare
1709 1837 1722 1872 :
1751 1820 1820 1873 ita
1844 1834 1972 1875 sane

382 1911 440 1956 et
485 1904 761 1973 diabolus,
811 1921 932 1961 cum
970 1909 1164 1964 viderit
1201 1910 1503 1979 spiritualns
1538 1911 1734 1966 multas
1759 1911 1971 1967 divitias

386 2005 760 2062 coacervatas,
796 1999 1122 2055 alacritatem
1148 2001 1405 2055 fervidam
1429 2044 1444 2069 ,
1471 2010 1705 2058 mentem
1727 2001 1934 2072 vigilem
1951 2041 1967 2069 ,

386 2093 443 2138 et
489 2087 728 2154 quotidie
771 2088 982 2143 divitias
1028 2092 1244 2160 augeri,
1287 2092 1553 2147 cruciatur
1607 2107 1670 2147 ac
1724 2093 1970 2148 dentibus

384 2173 624 2242 frendct,
669 2188 725 2231 et
761 2181 909 2248 quasi
937 2180 1108 2249 pirata
1135 2182 1412 2248 circumit,
1442 2183 1849 2254 innumerasque
1874 2202 1971 2240 ex-

383 2265 583 2334 cogitat
609 2276 754 2322 artes
780 2309 796 2334 ,
829 2280 884 2323 ut
910 2272 955 2326 si
985 2287 1085 2342 qua
1107 2273 1190 2328 vel
1219 2290 1439 2342 parvum
1471 2275 1703 2330 inveniat
1730 2275 1930 2330 aditum
1950 2317 1968 2344 ,

385 2370 484 2409 nos
523 2355 756 2412 denudet
797 2375 861 2414 ac
899 2363 1127 2430 spoliet,
1170 2374 1223 2418 et
1250 2365 1502 2434 quidquid
1532 2367 1684 2420 nobis
1704 2376 1788 2421 est
1814 2369 1970 2436 Spiri-

384 2447 603 2501 tualium
643 2449 943 2506 divitiarum
985 2453 1343 2521 deprmdctur.
1384 2457 1548 2526 Igitur
1575 2459 1739 2512 sobrii
1765 2459 1967 2527 simus,

383 2553 599 2604 quiusa,
644 2548 696 2592 et
741 2550 940 2609 quanto
989 2545 1158 2614 magis
1199 2547 1496 2614 spirituales
1529 2558 1730 2602 nostra:
1753 2551 1972 2604 faculta-

383 2637 464 2682 tes
499 2639 780 2698 crescunt,
829 2642 974 2687 tanto
1012 2637 1178 2706 magis
1217 2645 1271 2690 et
1297 2637 1486 2707 vigilite
1527 2649 1970 2711 nostracaugean-

383 2729 486 2783 tur,
511 2730 568 2773 ut
589 2722 818 2792 Undique
839 2726 1182 2781 excludamus
1201 2727 1438 2794 insidias,
1463 2739 1516 2784 et
1543 2729 1966 2787 benevolentiam

385 2811 477 2866 Dei
525 2813 630 2866 vita
681 2817 880 2884 optima
923 2819 1075 2873 nobis
1113 2821 1494 2889 conciliantes,
1542 2825 1802 2893 superiori
1850 2826 1968 2882 loco

379 2913 616 2967 stemus,
661 2920 818 2974 quam
863 2917 920 2961 ut
965 2909 1104 2963 illius
1141 2911 1314 2978 jacula
1363 2929 1555 2969 nocere
1591 2925 1804 2984 queant.
1835 2917 1966 2973 Mala

380 2993 522 3047 enim
553 2995 718 3049 bestia
749 3007 863 3064 est,
896 3011 946 3052 et
976 3001 1296 3069 multiplices
1325 3004 1743 3060 machinationes
1771 3009 1965 3064 struit:

381 3092 436 3137 et
476 3086 686 3154 quando
732 3104 838 3142 non
881 3101 1058 3160 potest
1085 3103 1230 3146 recta
1262 3109 1357 3148 nos
1387 3095 1453 3149 ad
1482 3096 1601 3150 vitia
1631 3097 1845 3153 allicere
1867 3139 1882 3164 ,
1915 3107 1968 3154 et

380 3175 491 3229 suis
526 3177 662 3232 dolis
704 3177 982 3244 inescare;
1026 3198 1133 3235 non
1174 3185 1314 3238 enim
1357 3187 1526 3255 cogit,
1561 3187 1642 3240 vel
1670 3190 1773 3242 vim
1805 3189 1962 3257 facit,

383 3265 522 3320 absit
548 3285 560 3319 :
586 3268 678 3322 sed
701 3268 898 3338 decipit
925 3282 1125 3326 tantum
1146 3314 1161 3340 ,
1185 3285 1238 3328 et
1259 3291 1391 3344 quos
1421 3277 1750 3347 negligentes
1781 3281 1922 3336 videt
1947 3324 1964 3348 ,

384 3358 727 3425 Sttpplalllal;
771 3361 980 3428 quando
1019 3365 1176 3432 igitur
1210 3367 1434 3421 salutem
1466 3380 1699 3424 nostram
1731 3374 1965 3442 nequitia

381 3464 477 3501 sua
521 3451 801 3506 manifeste
847 3453 1040 3509 laidere
1081 3460 1296 3526 nequit,
1339 3474 1482 3529 sarpe
1522 3477 1615 3531 per
1654 3463 1765 3533 ipsa
1805 3483 1966 3535 opera

382 3538 589 3602 virtutis
608 3582 621 3604 ,
653 3558 772 3612 qttre
798 3544 1001 3614 agimus
1024 3587 1040 3613 ,
1070 3548 1369 3605 clanculum
1399 3567 1520 3608 esca
1547 3553 1720 3622 illata,
1754 3557 1967 3613 divitias

382 3641 590 3685 nostras
615 3635 788 3702 perdit
807 3651 1013 3691 omnes.

453 3724 537 3778 Ex
573 3727 714 3781 bouis
746 3730 978 3799 aperibus
1003 3746 1132 3785 vana
1150 3733 1315 3803 gloria
1339 3737 1579 3789 cavenda.
1609 3767 1679 3776 —
1708 3737 1841 3804 Quid
1870 3739 1962 3809 igi-

381 3826 468 3870 tur
501 3827 583 3872 est
620 3819 753 3884 hoc,
795 3821 933 3890 quod
974 3823 1136 3878 dico?
1164 3840 1339 3894 opera:
1370 3829 1595 3896 pretium
1640 3831 1781 3886 enim
1811 3830 1967 3886 fuerit

381 3909 712 3965 manifestius
751 3913 1027 3981 explicare
1047 3955 1061 3978 ,
1093 3925 1150 3968 ut
1176 3916 1321 3970 illius
1347 3918 1575 3987 cognitis
1603 3920 1806 3974 insidiis
1826 3963 1841 3986 ,
1873 3921 1964 3975 da-

380 4016 560 4054 mnum
599 4003 738 4072 quod
769 4002 890 4057 inde
916 4005 1151 4060 nascitur
1175 4047 1190 4070 ,
1223 4007 1391 4062 vitare
1423 4010 1707 4077 possimus.
1741 4011 1965 4077 Quando

378 4093 522 4148 videt
561 4109 658 4149 nos
686 4095 823 4149 nuda
854 4097 981 4149 vitia
1018 4098 1098 4151 vix
1131 4097 1447 4163 admittere,
1475 4109 1528 4154 et
1558 4101 1742 4172 fugere
1769 4104 1964 4158 intem-

379 4187 703 4254 perantiam,
751 4187 1129 4242 continentiam
1174 4205 1302 4243 vero
1343 4191 1633 4258 amplexari
1682 4212 1696 4247 :
1747 4194 1812 4248 ad
1853 4194 1966 4250 haec

377 4276 614 4328 aversari
644 4277 944 4344 avaritiam,
973 4278 1097 4333 odio
1127 4278 1325 4334 habere
1351 4281 1684 4351 iniustitiam,
1711 4285 1887 4340 ridere
1911 4295 1966 4342 et

378 4375 726 4422 contemnere
767 4367 1024 4436 delicias,
1060 4370 1279 4439 jejuniis
1315 4383 1493 4428 autem
1520 4383 1574 4430 et
1601 4377 1846 4445 precibus
1871 4393 1966 4432 va-

378 4472 504 4512 care
527 4498 542 4524 ,
566 4472 629 4513 ac
648 4458 1002 4531 eleemosynis
1028 4461 1159 4518 dare
1181 4477 1398 4533 operam
1431 4482 1445 4520 :
1474 4475 1598 4520 tunc
1626 4466 1787 4521 alium
1819 4483 1965 4523 cont-

380 4547 681 4602 ntiniscitur
731 4550 910 4604 dolum
942 4591 957 4614 ,
1004 4567 1111 4622 quo
1156 4555 1465 4624 pessumdet
1509 4572 1698 4614 omnes
1752 4569 1964 4614 nostras

376 4653 510 4708 opes
529 4680 546 4704 ,
584 4647 767 4710 totque
796 4641 933 4696 bona
956 4658 1118 4712 opera
1148 4657 1328 4701 nostra
1354 4649 1543 4703 reddat
1571 4651 1797 4706 inutilia.
1827 4652 1959 4708 Nam

377 4731 466 4800 qni
496 4746 682 4802 magna
720 4735 1018 4788 constantia
1054 4736 1472 4794 machinationes
1497 4741 1660 4810 ipsius
1684 4745 1961 4813 vicerunt,

377 4821 502 4876 facit
521 4831 578 4876 ut
603 4823 756 4886 bonis
776 4825 1030 4895 Operibus
1051 4825 1334 4894 inﬂentur,
1361 4839 1416 4883 et
1439 4830 1506 4884 ad
1533 4831 1818 4889 humanam
1841 4853 1964 4907 spe-

376 4925 517 4970 ctent
539 4917 761 4986 gloriam
779 4961 795 4987 ,
827 4935 933 4989 quo
954 4920 1160 4975 scilicet
1179 4935 1209 4974 a
1232 4936 1354 4976 vera
1381 4936 1474 4978 eos
1500 4923 1668 4994 gloria
1695 4927 1960 4985 deturbet.

381 5008 590 5064 Etenim
625 5012 713 5081 qui
740 5012 1015 5080 spirituale
1043 5011 1169 5081 quid
1200 5012 1398 5070 faciens
1428 5015 1715 5072 humanam
1744 5021 1964 5089 respicit

376 5100 630 5169 gloriam,
674 5103 974 5157 mercedem
1014 5120 1162 5159 suam
1208 5105 1294 5161 hic
1335 5109 1566 5179 accipit,
1612 5122 1664 5166 et
1694 5111 1803 5182 jam
1825 5114 1962 5170 ultra

379 5195 544 5248 Deum
581 5211 685 5250 non
730 5196 893 5252 habet
920 5197 1242 5255 debitorem.
1277 5203 1321 5256 A
1351 5203 1541 5272 quibus
1569 5205 1710 5259 enim
1739 5207 1958 5275 gloriam

378 5287 569 5354 quaerit
593 5330 608 5352 ,
632 5289 700 5343 ab
721 5289 784 5343 iis
807 5289 990 5345 laudes
1020 5301 1205 5348 nactus
1232 5302 1333 5360 est,
1360 5304 1414 5350 et
1437 5310 1495 5350 se
1513 5298 1687 5366 privat
1709 5298 1810 5352 illis
1830 5315 1962 5369 quas

378 5377 636 5433 Dominus
673 5381 947 5450 promisit,
983 5393 1167 5454 utpote
1193 5385 1409 5456 majoris
1436 5387 1634 5443 faciens
1661 5401 1927 5444 momenta
1947 5420 1960 5428 -

377 5486 531 5526 neam
573 5471 844 5528 hominum
882 5477 1112 5543 laudem,
1142 5493 1298 5548 quam
1325 5479 1416 5534 Dei
1447 5495 1684 5536 omnium
1715 5482 1962 5537 condito-

301 5623 309 5643 ἰ
377 5564 450 5618 ris
482 5581 496 5617 :
527 5563 577 5619 id
618 5566 759 5636 quod
802 5566 1045 5621 Christus
1077 5569 1144 5622 de
1171 5569 1416 5638 precibus
1436 5611 1451 5636 ,
1482 5571 1840 5643 eleemosynis
1862 5613 1876 5638 ,
1906 5581 1958 5626 et

376 5653 586 5726 iejuniis
625 5668 780 5714 antea
817 5657 1032 5728 docuit,
1073 5659 1151 5715 sic
1186 5659 1373 5716 dicens
1413 5679 1428 5718 :
1473 5661 1688 5729 Quando
1704 5663 1740 5732 j
1757 5664 1913 5733 junas
1937 5701 1957 5732 ,

2076 375 2207 428 imge
2248 368 2400 428 caput
2438 369 2610 426 tuum,
2651 371 2698 414 et
2740 361 2853 414 tura
2883 360 3064 429 faciem
3087 368 3222 414 tuam
3244 401 3260 427 ,
3288 369 3342 414 ut
3367 376 3430 415 nt
3449 361 3661 419 videaris

2075 451 2356 503 hominibus
2390 451 2636 519 jejunum
2659 491 2672 512 ,
2717 452 2804 504 sed
2843 451 2992 504 Patri
3020 461 3104 505 tuo
3131 453 3215 514 qui
3241 462 3314 506 est
3338 453 3390 506 in
3417 455 3611 508 occulto
3639 469 3664 520 ,°

2073 551 2118 593 et
2145 534 2298 594 Pater
2337 552 2482 605 tuus,
2507 544 2595 612 qui
2623 543 2752 596 videt
2781 545 2834 597 in
2868 545 3090 609 occulto,
3131 546 3304 599 reddet
3329 546 3416 600 tibi
3442 547 3657 616 (Malm.

2075 631 2126 686 6.
2176 633 2262 686 17.
2315 633 2427 703 18).
2463 633 2529 687 Et
2569 637 2800 688 iterum:
2834 635 3049 701 Quando
3074 637 3228 706 [acies
3257 638 3620 707 eleemosynam
3641 679 3657 701 ,

2075 740 2136 777 ne
2156 725 2273 777 tuba
2323 741 2476 779 canas
2493 765 2508 790 ,
2534 727 2734 792 inquit,
2757 739 2872 779 ante
2895 736 2972 792 te,
2999 728 3127 780 sicut
3154 730 3429 798 hypocrin
3461 731 3660 795 faciunt

2074 814 2126 867 in
2164 816 2432 884 synagogis
2467 826 2510 868 et
2552 817 2730 885 plateis
2749 858 2764 881 ,
2807 827 2861 869 ut
2888 817 3234 885 gluri/iceutur
3263 819 3324 872 ab
3351 819 3656 875 hominibus.

2075 906 2231 960 Amen
2262 907 2373 960 dico
2402 908 2536 960 vobis
2554 948 2568 972 ,
2600 919 2897 976 acceperunt
2928 910 3204 963 mercedem
3231 927 3374 964 suam
3403 911 3563 979 (Ibid.
3603 929 3660 967 υ.

2073 995 2152 1064 2).
2187 996 2402 1050 Vidistis
2440 997 2739 1066 quomodo,
2788 998 2873 1066 qui
2903 998 3040 1052 hanc
3066 999 3286 1068 gloriam
3314 1000 3560 1070 inquirit,
3591 1001 3664 1055 il-

2076 1085 2182 1138 lam
2209 1085 2445 1139 amittit?
2474 1086 2574 1150 Qui
2595 1097 2772 1140 autem
2799 1087 3046 1142 virtutem
3075 1089 3141 1142 ita
3169 1099 3420 1157 Operatur
3440 1131 3456 1156 ,
3485 1100 3541 1143 ut
3573 1091 3654 1144 la-

2077 1184 2192 1230 tere
2233 1177 2360 1231 velit
2399 1176 2682 1242 homines,
2726 1177 2778 1230 in
2819 1176 2908 1232 die
2952 1178 3042 1231 illo
3067 1179 3284 1233 terribili
3314 1180 3483 1248 palam
3510 1180 3657 1234 acci-

2077 1266 2185 1336 piet
2220 1281 2252 1320 a
2296 1267 2518 1321 Domino
2561 1268 2987 1322 retributionem.
3029 1268 3159 1322 Nam
3210 1269 3360 1322 Pater
3391 1281 3503 1324 tuus
3526 1313 3540 1332 ,
3571 1273 3659 1339 qui

2075 1357 2204 1409 ridet
2233 1357 2287 1410 in
2323 1357 2549 1424 occulto,
2589 1359 2761 1412 reddet
2788 1360 2877 1412 tibi
2909 1359 2962 1412 in
2994 1361 3257 1430 manifesto
3284 1359 3444 1431 (Ibid.
3487 1377 3533 1414 υ.
3575 1364 3655 1430 4).

2074 1445 2152 1500 Ne
2185 1445 2418 1514 cogites,
2465 1445 2668 1516 inquit,
2710 1447 2912 1503 nullum
2939 1448 3209 1503 hominem
3243 1458 3294 1503 te
3321 1449 3532 1504 laudare
3555 1493 3568 1513 ,
3601 1458 3659 1505 et

2077 1545 2128 1590 te
2154 1536 2402 1590 virtutem
2446 1537 2582 1591 clam
2617 1553 2871 1593 exercere
2904 1556 2916 1592 :
2951 1539 3044 1593 sed
3091 1539 3191 1594 hoc
3219 1542 3422 1610 cogita,
3458 1552 3657 1597 ιίιηιιιηι

2075 1625 2187 1681 fore
2215 1627 2370 1697 paulo
2393 1636 2512 1697 post
2532 1629 2738 1682 Domini
2764 1629 3168 1695 liberalitatem,
3193 1640 3371 1684 utnon
3393 1632 3531 1686 sinat
3555 1633 3661 1688 huc

2074 1719 2210 1773 clam
2253 1719 2337 1773 vel
2379 1719 2431 1773 in
2471 1720 2679 1775 occulto
2707 1735 2827 1774 esse
2859 1739 2874 1775 :
2901 1721 2994 1775 sed
3025 1732 3284 1790 prtesente
3311 1725 3454 1777 onmi
3485 1724 3658 1778 humi.

2075 1825 2200 1864 num
2245 1825 2472 1880 genere,
2517 1811 2584 1864 ab
2621 1811 2790 1864 Adam
2838 1827 3004 1880 usque
3045 1812 3111 1865 ad
3139 1813 3653 1868 consummationem

2073 1903 2256 1956 saccull
2300 1912 2351 1958 te
2397 1903 2652 1972 praédicet
2696 1912 2751 1958 et
2787 1914 3039 1970 coronet,
3090 1917 3568 1977 susceptorumque
3604 1910 3658 1963 in

2074 1993 2370 2048 exercenda
2398 1994 2593 2050 virtute
2618 1993 2858 2049 laborum
2891 1997 3105 2064 praemia
3132 1998 3343 2051 tribuat.
3368 1998 3477 2065 Qua
3501 1999 3660 2069 igitur

2073 2087 2414 2140 excusatione
2450 2087 2593 2157 digni
2637 2087 2832 2142 fuerint
2858 2089 2890 2142 ii
2919 2089 3006 2157 qui
3037 2089 3270 2144 laborem
3296 2091 3505 2144 virtutis
3534 2106 3657 2145 sus-

2075 2179 2281 2241 tinent,
2320 2186 2373 2231 et
2416 2187 2633 2247 propter
2675 2191 3099 2234 momenlaneam
3140 2190 3194 2234 et
3241 2181 3397 2236 vilem
3425 2181 3658 2236 futilem-

2072 2286 2176 2340 que
2225 2271 2500 2326 hominum
2539 2271 2762 2342 gloriam
2789 2313 2804 2340 ,
2851 2281 3050 2327 acterna
3081 2272 3168 2327 illa
3198 2273 3512 2344 semetipsos
3543 2274 3655 2343 pri-

2074 2363 2246 2417 vant?

2143 2453 2196 2506 2.
2230 2453 2465 2508 Obsecro
2494 2454 2668 2525 igitur,
2693 2463 2749 2509 ut
2773 2469 2870 2509 nos
2899 2455 3032 2510 bene
3061 2455 3380 2521 muniamus,
3405 2464 3458 2511 et
3480 2457 3655 2526 quod-

2071 2560 2298 2615 cumque
2342 2547 2614 2615 spirituale
2658 2563 2794 2617 opus
2836 2549 3226 2618 aggrediemur,
3283 2551 3384 2606 hoc
3435 2550 3655 2604 studea-

2073 2655 2191 2694 mus
2245 2641 2294 2693 in
2341 2641 2718 2710 promptuariis
2765 2641 2927 2694 animi
2998 2643 3161 2695 nostri
3213 2642 3546 2708 recondere,
3586 2637 3656 2696 ‘ut

2073 2730 2252 2784 laudet
2295 2746 2391 2785 nos
2429 2733 2612 2786 oculus
2656 2733 2746 2786 ille
2790 2733 2878 2801 qui
2916 2749 3204 2803 numquam
3239 2733 3533 2788 dormitat:
3585 2749 3656 2789 ne

2073 2833 2291 2893 propter
2330 2824 2601 2878 hominum
2647 2824 2860 2890 laudes,
2907 2839 3050 2894 saepe
3079 2823 3144 2877 ad
3179 2825 3402 2894 gratiam
3429 2834 3654 2893 captan-

2073 2914 2192 2967 dam
2233 2915 2384 2969 datas
2407 2956 2421 2980 ,
2453 2914 2649 2984 indigni
2675 2914 2976 2970 efliciamur
3003 2915 3207 2968 Domini
3237 2915 3497 2970 laudibus.
3529 2916 3656 2971 "ire

2073 3008 2214 3063 enim
2255 3009 2412 3062 ambo
2453 3008 2747 3077 perniciosa
2775 3017 2934 3073 sunt,
2967 3016 3019 3062 et
3050 3009 3206 3061 saluti
3235 3018 3429 3063 nostra:
3455 3009 3608 3062 noxia
3635 3025 3652 3073 ;

2073 3100 2344 3169 spirituale
2392 3099 2586 3168 aliquid
2636 3099 2906 3167 operando
2963 3099 3028 3151 ad
3083 3099 3365 3152 humanam
3411 3113 3654 3168 spectare

2071 3191 2323 3260 gloriam,
2371 3200 2425 3245 et
2465 3189 2598 3243 bene
2641 3190 2848 3258 agendo
2886 3190 3113 3244 sublime
3155 3191 3221 3244 de
3249 3205 3307 3244 sc
3331 3205 3535 3258 sapere.
3570 3191 3655 3244 ld-

2073 3285 2215 3338 circo
2235 3284 2443 3337 sobrios
2465 3297 2584 3336 esse
2611 3298 2707 3337 nos
2739 3292 2948 3352 oportet
2977 3297 3039 3336 ac
3066 3282 3247 3351 vigiles
3272 3323 3286 3346 ,
3310 3293 3364 3336 et
3383 3298 3653 3352 apponere

2071 3374 2224 3428 nobis
2264 3374 2569 3444 quotidiana
2615 3389 2647 3429 e
2684 3375 2849 3429 sacris
2888 3374 3077 3428 Literis
3116 3375 3429 3443 pharmaca,
3475 3377 3542 3428 ita
3595 3385 3653 3428 ut

2073 3464 2383 3532 perniciosis
2429 3463 2798 3518 aﬂiretinnilms
2844 3465 2959 3518 istis
3009 3481 3114 3518 non
3161 3465 3486 3520 irretiunur.
3518 3465 3650 3519 Nam

2070 3555 2170 3610 etsi
2213 3555 2331 3624 quis
2375 3555 2650 3609 innumera
2698 3556 2831 3609 bona
2863 3571 3024 3624 Opera
3055 3556 3270 3622 fecerit,
3301 3557 3654 3626 virtutemque

2069 3661 2282 3702 onmem
2311 3647 2618 3712 absolverit,
2647 3648 2690 3701 si
2724 3656 2897 3701 tamen
2927 3663 3174 3716 magnum
3203 3647 3326 3716 quid
3355 3647 3421 3701 de
3445 3663 3503 3702 se
3522 3662 3652 3702 scn-

2072 3739 2199 3802 tiat,
2231 3739 2468 3792 omnium
2497 3738 2828 3792 miserrimus
2857 3738 3029 3791 fuerit.
3061 3737 3212 3804 Quod
3245 3738 3396 3791 nobis
3427 3738 3653 3791 manife-

2069 3839 2209 3884 stum
2256 3840 2339 3885 est
2381 3846 2444 3884 ex
2483 3830 2546 3884 iis
2583 3845 2701 3898 qua:
2742 3827 3008 3882 l’harismo
3034 3828 3378 3892 acciderunt,
3409 3830 3493 3895 qui
3524 3829 3649 3882 dum

2071 3937 2260 3991 magna
2296 3922 2364 3976 de
2392 3936 2451 3976 se
2478 3923 2677 3986 sensit,
2707 3928 2760 3973 et
2792 3921 3126 3988 publicanum
3153 3921 3476 3989 contempsit
3500 3919 3647 3990 (Luc.

2071 4013 2196 4082 18),
2244 4013 2420 4067 subito
2457 4012 2690 4067 deterior
2730 4011 2897 4066 factus
2940 4021 3022 4066 est
3045 4011 3354 4080 publicano,
3383 4019 3434 4064 ct
3463 4025 3650 4064 omnes

2070 4105 2326 4159 virtutum
2371 4103 2581 4158 divitias
2628 4103 2799 4172 lingua
2843 4118 2936 4156 sua
2982 4103 3166 4157 eﬂ‘udit
3207 4120 3222 4156 :
3268 4117 3332 4157 ac
3355 4117 3414 4156 se
3442 4103 3650 4156 nudans

2069 4210 2400 4266 vacuumque
2439 4196 2764 4250 c0n3lituens
2789 4234 2803 4259 ,
2846 4195 3160 4265 stupendum
3205 4203 3259 4248 et
3299 4210 3489 4247 novum
3518 4209 3651 4246 nan-

2070 4287 2292 4356 fragium
2335 4286 2568 4356 pertulit.
2613 4283 2742 4339 Cum
2783 4286 2924 4340 enim
2955 4284 3019 4338 ad
3049 4293 3256 4354 portum
3286 4285 3647 4353 pervenisset,

2069 4393 2256 4433 omnes
2297 4392 2504 4432 merces
2547 4390 2669 4430 suas
2697 4376 3002 4430 sulunersit.
3034 4376 3164 4430 Nam
3205 4376 3248 4430 si
3291 4377 3340 4429 id
3381 4375 3646 4429 infortunii

2072 4481 2287 4541 propter
2333 4484 2521 4538 preces
2565 4468 2777 4538 indigne
2806 4469 3027 4522 emissas
3055 4468 3292 4531 accidat,
3326 4467 3544 4536 perinde
3569 4477 3648 4519 est

2067 4578 2131 4617 ac
2153 4563 2195 4618 si
2220 4561 2339 4632 quis
2363 4561 2414 4614 in
2441 4559 2616 4615 medio
2641 4569 2790 4628 portu
2814 4558 3141 4627 naufragium
3167 4557 3322 4610 faciat
3367 4557 3649 4624 Propterea

2069 4665 2123 4712 et
2152 4654 2392 4709 Christus
2421 4653 2691 4721 discipulis
2717 4653 2828 4705 suis
2860 4651 3170 4718 pracipiens
3193 4691 3208 4715 ,
3241 4649 3450 4703 dicebat
3478 4667 3490 4701 :
3524 4647 3650 4701 Cum

2069 4747 2240 4801 omnia
2267 4745 2479 4816 feCeritis
2502 4784 2516 4806 ,
2544 4742 2692 4795 dicite
2740 4757 2759 4794 :
2798 4741 2940 4795 Servi
2970 4739 3169 4793 inutiles
3186 4757 3358 4792 sumus
3379 4737 3529 4810 (Luc.
3564 4738 3646 4791 l7.

2072 4836 2182 4908 10).
2211 4837 2326 4904 Quo
2351 4835 2493 4889 dicto
2519 4832 2726 4886 munire
2749 4845 2842 4886 eos
2864 4831 3012 4894 vult»,
3040 4839 3094 4884 et
3113 4845 3270 4899 quam
3296 4829 3600 4899 longissime
3619 4841 3652 4882 a

2071 4928 2370 4999 pernicioso
2410 4926 2502 4980 illo
2548 4924 2733 4978 morbo
2767 4924 3021 4976 alienare.
3052 4921 3303 4986 Vidistis,
3345 4919 3649 4986 carissimi,

2067 5019 2334 5090 quomodo
2379 5017 2422 5072 is
2465 5016 2553 5086 qui
2597 5015 2881 5068 humanam
2929 5014 3151 5084 gloriam
3188 5013 3386 5078 ambit,
3429 5012 3652 5080 ejusque

2067 5111 2232 5182 gratia
2262 5109 2469 5163 virtutis
2498 5107 2750 5162 exercitia
2781 5105 2919 5171 adit,
2954 5105 3232 5158 utilitatem
3257 5103 3454 5156 nullam
3482 5104 3652 5172 perci-

2069 5206 2143 5273 pit
2174 5221 2185 5255 :
2215 5211 2270 5256 et
2313 5210 2432 5270 post
2469 5200 2764 5254 exantlatos
2792 5213 2977 5252 omnes
3003 5196 3210 5249 virtutis
3238 5195 3448 5249 labores
3473 5236 3486 5257 .
3513 5197 3556 5249 si
3585 5193 3651 5249 de

2068 5296 2131 5348 iis
2166 5293 2409 5348 videatur
2445 5293 2606 5345 altum
2639 5305 2826 5358 sapere
2845 5331 2859 5353 ,
2886 5303 3122 5343 omnium
3149 5302 3344 5341 vacuus
3375 5285 3652 5352 nudusque

2067 5385 2294 5441 evadat?
2336 5384 2621 5454 Fugiamus
2661 5383 2850 5450 igitur,
2884 5381 3140 5444 obsecro,
3181 5377 3506 5446 perniciosas
3535 5377 3653 5430 illas

2065 5477 2403 5542 alfectiones,
2435 5486 2490 5530 et
2521 5475 2584 5528 ad
2623 5475 2769 5527 illum
2805 5487 3016 5540 semper
3049 5472 3257 5540 vigilem
3283 5470 3494 5523 oeulum
3525 5484 3650 5538 spe-

2066 5578 2273 5622 ctemus
2315 5576 2558 5621 tantum:
2600 5581 2663 5620 ac
2709 5566 2838 5620 nihil
2878 5578 3159 5620 commune
3202 5562 3491 5616 habeamus
3529 5575 3648 5614 cum

2070 5662 2234 5717 ωειιῆ
2255 5661 2465 5732 generis
2487 5658 2786 5716 hominibus
2804 5699 2818 5726 ,
2842 5671 3012 5730 neque
3033 5657 3100 5713 ab
3125 5655 3204 5712 eis
3227 5654 3427 5711 laudari
3449 5668 3652 5726 quara-

4045 0 4060 66 l

4021 93 4060 134 ι
