4066 6140
379 336 486 392 283

382 451 546 517 ξασθε
596 452 721 522 χθὲς
747 453 871 517 τοὺς
900 454 1024 524 περὶ
1063 454 1160 523 τῆς
1204 454 1371 524 εὐχῆς
1409 455 1621 525 λόγους,
1648 457 1741 510 καὶ
1781 458 1863 511 ὅτι
1910 456 2050 525 μετά

377 538 646 611 τοσαύτης
716 540 951 610 σπουδῆς
1026 541 1347 613 συντρέχετε
1415 544 1545 616 περὶ
1603 544 1705 615 τήν
1761 544 2046 616 ἀκρόασιν.

377 626 549 680 Τοῦτο
579 627 687 695 γάρ
716 627 809 681 καὶ
838 629 987 698 ήμάς
1033 630 1473 703 προθυμοτέρους
1517 630 1925 704 ἀπεργάζεται,
1955 631 2048 685 καὶ

378 714 1184 789 παρασκευάζειδαψιλεστέραν
1214 719 1341 790 ύμῖν
1370 720 1723 791 παρατιθέναι
1743 720 1842 792 τὴν
1869 718 2050 772 ἐστία-

378 817 461 854 σιν
482 802 684 872 ταύτην
718 803 817 874 τὴν
845 806 1236 877 πνευματικήν.
1278 806 1431 859 Ἐπεὶ
1469 807 1562 859 καὶ
1602 807 1857 878 γηπόνος,
1895 808 2045 861 ἐπει-

375 886 472 939 δὰν
500 885 586 959 ἴδῃ
610 888 709 959 τήν
742 889 982 961 ἄρουραν
1030 893 1121 945 καὶ
1150 893 1217 945 τά
1251 893 1698 967 καταϐαλλόμενα
1752 898 2046 969 σπέρματα

377 973 743 1029 πολλαπλάσια
758 977 1124 1038 δεικνύουσαν,
1149 982 1241 1034 καὶ
1258 982 1510 1052 κομῶντα
1526 982 1594 1035 τὰ
1617 983 1762 1055 λήῖα,
1786 985 1847 1036 οὐ
1873 985 2046 1037 παύε-

374 1078 461 1113 ται
498 1061 567 1114 τά
606 1065 733 1133 παρ’
764 1063 956 1117 ἐαυτοῦ
1003 1063 1125 1118 καθ’
1167 1068 1405 1140 ἑκάστην
1457 1069 1746 1141 εἰσφέρων,
1809 1071 1902 1124 καὶ
1945 1071 2043 1142 τὴν

374 1146 757 1216 προσήκουσαν
812 1148 1129 1219 ἐπιμέλειαν
1166 1150 1506 1222 ποιούμενος,
1551 1154 1646 1207 καὶ
1693 1156 2041 1226 περισκοπῶν

374 1232 465 1283 καὶ
503 1235 560 1284 ἐν
598 1233 753 1286 νυκτὶ
787 1234 878 1287 καὶ
931 1236 989 1288 ἐν
1033 1238 1235 1307 ήμέρα,
1270 1240 1343 1309 μή
1376 1239 1477 1293 πού
1507 1257 1557 1292 τι
1582 1240 1888 1311 λυμήνηται
1930 1244 2044 1305 τοῖς

372 1318 555 1382 πόνοις
580 1332 605 1361 ι
640 1321 804 1375 αὐτοῦ
826 1338 839 1351 ·
866 1322 956 1375 τὸν
1002 1324 1164 1377 αὐτὸν
1190 1325 1254 1396 δὴ
1283 1326 1481 1397 τρόπον
1522 1326 1677 1394 κάγὼ
1715 1328 1855 1397 όρῶν
1886 1327 2041 1398 ὐμῶν

370 1405 469 1475 τὴν
498 1408 737 1478 ἄρουραν
761 1409 964 1479 ταύτην
994 1412 1093 1482 τὴν
1126 1415 1501 1483 πνευματικὴν
1552 1415 1692 1467 οῦτω
1719 1414 2038 1477 θάλλουσαν,
2106 1462 2119 1483 1

373 1493 467 1545 καὶ
517 1494 608 1547 τὸν
643 1498 1007 1566 πνευματικὸν
1064 1498 1254 1552 τοῦτον
1289 1501 1488 1571 σπόρον
1516 1504 1627 1564 τοῖς
1655 1504 1753 1573 τῆς
1802 1502 2039 1566 διανοίας
2098 1474 2119 1583 ί

374 1582 592 1646 κόλποις
640 1587 1212 1657 παρακατατιθέμενον
1240 1630 1256 1653 ,
1302 1588 1439 1659 ὁμοῦ
1474 1591 1567 1643 καὶ
1617 1590 1789 1660 χαίρω
1823 1592 1917 1643 καὶ
1953 1591 2041 1643 εὐ-

372 1669 688 1740 φραίνομαι,
719 1673 813 1725 καὶ
836 1672 1002 1726 πολὺν
1034 1674 1144 1743 ἔχω
1168 1676 1259 1727 τὸν
1304 1674 1454 1746 [505]
1486 1677 1691 1744 ἀγῶνα,
1743 1676 1898 1740 εἰδὼς
1943 1677 2038 1731 τοῦ

372 1757 567 1827 ἐχθροῦ
603 1758 697 1811 καὶ
728 1759 1014 1812 ἐπιϐούλου
1049 1761 1149 1830 τῆς
1179 1763 1452 1833 σωτηρίας
1497 1764 1593 1833 τῆς
1640 1766 1911 1836 ἡμετέρας
1939 1766 2037 1836 τὴν

372 1846 655 1914 πονηρίαν.
711 1846 973 1917 Καθάπερ
1022 1847 1131 1918 γὰρ
1173 1850 1222 1901 οἱ
1264 1850 1404 1902 κατά
1448 1849 1717 1905 θάλατταν
1757 1853 2035 1922 πειραταὶ,

372 1930 588 1984 ἐπειδὰν
616 1931 769 1984 ἴδωσι
800 1933 930 1985 ναῦν
958 1933 1167 1987 πολλῶν
1191 1935 1425 2005 φορτίων
1458 1936 1913 2008 πεπληρωμένην.
1944 1942 2038 1993 καὶ

373 2017 599 2071 πλοῦτον
625 2019 829 2086 ἄφατον
857 2021 1222 2091 ἐπαγομένην,
1274 2022 1395 2075 τότε
1427 2022 1662 2092 μάλιστα
1696 2025 1896 2097 πολλὴν
1940 2025 2038 2097 τὴν

372 2105 660 2176 ἐπιϐουλὴν
716 2106 1133 2172 ἐπιδείκνυνται,
1188 2109 1326 2163 ῶστε
1361 2111 1538 2164 πάντα
1588 2111 1885 2166 καταδῦσαι
1945 2113 2038 2167 τὸν

366 2193 586 2260 φόρτον,
605 2194 698 2246 καὶ
716 2195 954 2263 γυμνοὺς
976 2196 1070 2249 καὶ
1093 2196 1331 2267 ἐρήμους
1359 2200 1485 2261 τοὺς
1511 2198 1846 2268 ἐμπλέοντας
1871 2216 2039 2255 κατα-

370 2276 565 2345 στῆσαι
586 2292 597 2304 ·
625 2276 768 2329 οὕτω
786 2276 849 2348 δὴ
885 2278 979 2329 καὶ
1001 2280 1029 2331 6
1051 2277 1316 2343 διάϐολος,
1338 2279 1467 2333 ὃταν
1498 2280 1582 2353 ῖδῃ
1609 2280 1776 2335 πολὺν
1807 2281 2036 2335 πλοῦτον

369 2359 704 2429 συνηγμένον
742 2362 1131 2431 πνευματικὸν,
1167 2364 1262 2417 καὶ
1294 2362 1603 2434 προθυμίαν
1653 2365 1901 2430 ζέουσαν,
1942 2367 2036 2419 καὶ

363 2440 601 2495 διάνοιαν
628 2442 1058 2514 διεγηγερμένην
1085 2485 1099 2507 ,
1144 2447 1235 2499 καὶ
1279 2445 1401 2500 καθ’
1433 2446 1668 2517 ἑκάστην
1700 2448 1915 2518 ἡμέραν
1944 2448 2036 2501 τὸν

366 2522 595 2575 πλοῦτον
622 2523 1005 2594 αὐξανόμενον,
1039 2527 1292 2581 δάκνεται
1323 2528 1417 2582 καὶ
1436 2528 1610 2600 τρίζει
1639 2528 1765 2593 τοὺς
1790 2529 2033 2595 ὀδόντας,

363 2605 460 2657 καὶ
482 2604 729 2675 καθάπερ
757 2610 1019 2679 πειρατὴς
1046 2609 1188 2662 οὕτω
1218 2611 1566 2681 περιέρχεται
1588 2612 1784 2683 μυρίας
1805 2613 2035 2667 ἐπινοῶν

368 2687 635 2757 μηχανὰς,
669 2686 810 2741 ῶστε
846 2688 1101 2760 βραχεῖάν
1129 2707 1248 2745 τινα
1285 2694 1464 2764 εὑρεῖν
1507 2694 1709 2747 εἴσοδον
1734 2731 1749 2756 ,
1808 2696 1902 2747 καὶ
1935 2711 2034 2763 γυ-

365 2770 536 2840 μνοὺς
568 2772 661 2823 καὶ
692 2773 930 2843 ἐρήμους
958 2774 1104 2844 ἡμᾶς
1131 2775 1428 2845 ἀποφῆναι,
1464 2780 1558 2831 καὶ
1598 2777 1825 2849 συλῆσαι
1855 2779 2036 2834 πάντα

363 2852 457 2905 τὸν
490 2853 716 2907 πλοῦτον
744 2855 904 2925 ήμῶν
930 2856 1022 2910 τὸν
1043 2860 1428 2928 πνευματικόν.
1451 2860 1551 2914 Διά
1568 2878 1652 2914 τοι
1676 2861 1832 2916 τοῦτο
1854 2863 2035 2934 νήφω-

368 2953 487 3003 μεν,
520 2936 842 3006 παρακαλῶ,
867 2939 960 2992 κα¹ι
980 2939 1089 3009 ὅσῳ
1120 2939 1186 2993 ἂν
1216 2941 1283 2994 τά
1316 2944 1414 3013 τῆς
1444 2942 1760 3013 περιουσίας
1786 2944 1918 3015 ήμῖν
1939 2943 2035 2997 αὐ-

369 3017 524 3088 ξηται
549 3022 647 3089 τῆς
676 3022 1071 3092 πνευματικῆς,
1104 3024 1341 3095 τοσούτῳ
1383 3026 1476 3079 καὶ
1507 3027 1574 3080 τά
1600 3026 1700 3097 τῆς
1728 3029 2033 3099 ἀγρυπνίας

366 3103 737 3164 ἐπιτεινέσθω,
785 3105 877 3157 καὶ
906 3106 1243 3175 πανταχόθεν
1271 3107 1705 3180 ἀποτειχίζωμεν
1755 3111 1904 3181 αὐτῷ
1933 3112 2032 3176 τὰς

367 3185 608 3253 ἐφόδους,
637 3187 731 3239 καὶ
757 3186 845 3240 διά
873 3188 972 3257 τῆς
1013 3189 1243 3261 ἀρίστης
1287 3189 1564 3254 πολιτείας
1590 3191 1688 3262 τὴν
1739 3193 1888 3263 παρὰ
1937 3195 2030 3247 τοῦ

364 3266 501 3320 Θεοῦ
535 3266 748 3321 εὔνοιαν
776 3269 1233 3340 ἐπισπασάμενοι,
1262 3272 1568 3344 ἀνωτέρους
1606 3275 1837 3338 ἑαυτοὺς
1864 3293 2031 3330 κατα-

368 3350 653 3422 στήσωμεν
676 3351 785 3404 τῶν
812 3351 907 3407 τοῦ
942 3350 1187 3406 διαϐόλου
1210 3353 1399 3423 βελῶν.
1432 3356 1673 3426 Πονηρὺν
1697 3356 1805 3428 γάρ
1829 3360 1944 3413 ἐστι
1972 3361 2031 3413 τὸ

363 3431 569 3502 θηρίον,
602 3434 697 3486 καὶ
725 3435 1096 3500 πολυπλόκους
1121 3437 1231 3507 ἔχει
1264 3437 1360 3501 τὰς
1388 3440 1632 3509 μηχανάς
1651 3457 1664 3470 ·
1690 3441 1784 3493 καὶ
1810 3443 2030 3496 ἐπειδὰν

367 3515 440 3584 μὴ
469 3516 669 3588 δυνηθῇ
695 3516 755 3582 ἐξ
785 3518 999 3582 εὐθείας
1024 3520 1160 3590 πρὸς
1190 3520 1289 3591 τήν
1318 3522 1516 3575 κακίαν
1541 3524 1690 3592 ἡμᾶς
1733 3525 2025 3595 ὐποσῦραι,

362 3600 458 3653 καὶ
486 3600 570 3652 διὶι
623 3601 721 3671 τῆς
755 3603 971 3674 ἀπάτης
1002 3604 1253 3658 δελεάσαι
1273 3621 1287 3634 ·
1319 3606 1439 3658 οὐδὲ
1470 3606 1578 3674 γὰρ
1609 3606 1870 3676 βιάζεται,
1908 3610 2028 3662 οὐδέ

362 3683 683 3751 ἀναγκάζει,
725 3686 799 3755 μή
834 3687 1062 3755 γένοιτο,
1086 3688 1202 3740 ἀλλ’
1239 3690 1422 3759 ἀπατᾷ
1461 3691 1641 3759 μόνον,
1674 3691 1769 3743 καὶ
1810 3691 2029 3744 ἐπειδὰν

361 3765 448 3835 ἴδῃ
476 3764 868 3835 ῥᾳθυμοῦντας,
900 3769 1280 3833 ὑποσκελίζει·
1317 3771 1446 3823 ὃταν
1494 3767 1587 3823 οῦν
1640 3769 1715 3841 μὴ
1746 3771 1813 3823 δι’
1861 3771 2030 3842 αὐτῆς

361 3848 458 3917 τῆς
489 3850 687 3913 κακίας
715 3852 1008 3921 προφανῶς
1031 3852 1233 3923 δυνηθῇ
1264 3856 1330 3923 τῇ
1362 3855 1608 3925 ἡμετέρα
1660 3855 1905 3926 σωτηρίᾳ
1934 3856 2025 3909 λυ-

365 3930 656 4000 μήνασθαι,
709 3933 969 3997 πολλάκις
995 3933 1063 3987 δι’
1091 3935 1271 3989 αὐτῶν
1308 3937 1414 3987 τῶν
1450 3936 1548 4005 τῆς
1595 3937 1796 4005 ἀρετῆς
1829 3936 2025 4008 ἔργων,

360 4010 435 4065 ὧν
464 4014 760 4084 μετίωμεν,
792 4016 851 4069 τὸ
884 4016 1080 4088 δέλεαρ
1108 4017 1360 4072 ἒιιϐαλὼν
1411 4019 1780 4083 λανθανόντως
1813 4020 2027 4073 ᾶπαντα

360 4101 450 4154 τὸν
482 4101 708 4156 πλοῦτον
738 4105 1017 4159 κατέδυσε.

431 4190 497 4242 Τί
525 4186 617 4243 οὖν
641 4192 809 4256 ἐστιν,
836 4192 862 4244 ὅ
888 4209 1061 4261 φημι;
1085 4193 1377 4261 ἀναγκαῖον
1401 4193 1508 4265 γάρ
1532 4196 1662 4248 αὐτὸ
1693 4196 2026 4267 σαφέστερον

360 4274 553 4335 εἰπεῖν,
587 4274 672 4325 ἵνα
703 4273 1041 4344 διδαχθέντες
1061 4274 1226 4327 αὐτοῦ
1274 4275 1374 4338 τὰς
1406 4276 1718 4341 ἐπιϐουλὰς,
1750 4278 2026 4347 διαφύγω-

362 4372 460 4425 μεν
487 4356 586 4426 τὴν
616 4356 863 4409 ἐντεῦθεν
899 4357 1119 4426 βλάϐην.
1153 4358 1320 4410 Ὅταν
1369 4357 1450 4429 ῖδῃ
1486 4357 1561 4428 μή
1613 4359 1850 4422 εὐκόλως
1874 4363 2022 4432 ήμᾶς

360 4440 824 4512 καταδεχομένους
873 4442 1084 4511 γυμνὴν
1138 4440 1234 4511 τὴν
1273 4440 1492 4504 κακίαν,
1533 4442 1669 4495 ἀλλά
1726 4443 2023 4513 φεύγοντας

364 4523 463 4594 μὲν
492 4524 590 4592 τὴν
626 4522 933 4591 ἀσέλγειαν,
967 4524 1063 4594 τὴν
1111 4523 1169 4575 δέ
1200 4522 1553 4593 σωφροσύνην
1588 4525 2019 4595 ἀσπαζομένους,

362 4606 454 4658 καὶ
488 4606 648 4659 πάλιν
665 4606 765 4677 τήν
796 4605 1106 4671 πλεονεξίαν
1122 4605 1655 4676 ἀποστρεφομένους,
1680 4609 1774 4660 καὶ
1806 4608 2024 4678 μισοῦν⁶

359 4703 458 4750 τας
490 4689 589 4758 τὴν
626 4687 859 4753 ἀδικίαν,
919 4688 1011 4741 καὶ
1047 4687 1147 4756 τῆς
1177 4687 1391 4756 τρυφῆς
1438 4688 1870 4755 καταγελῶντας,
1928 4691 2022 4741 καὶ

361 4768 633 4838 νηστείαις
659 4771 751 4823 καὶ
769 4772 1098 4840 προσευχαῖς
1127 4770 1351 4831 ἑαυτοὺς
1375 4769 1760 4834 ἐκδεδωκότας,
1785 4772 2022 4842 καὶπερὶ

361 4851 459 4917 τήν
491 4850 859 4922 ἐλεημοσύνην
907 4851 1340 4914 ἐσπουδακόταςο
1375 4851 1495 4904 τότε
1526 4852 1710 4906 λοιπὸν
1746 4854 2020 4923 μεθοδεύει

362 4931 555 5004 ἑτέραν
586 4934 851 5003 μηχανὴν,
874 4934 942 4986 δι’
967 4931 1035 5005 ἦς
1062 4934 1218 5005 ήμῶν
1240 4933 1338 5004 τήν
1369 4934 1629 5004 εὐπορίαν
1671 4934 1889 4990 ἃπασαν
1931 4937 2021 4990 λυ-

364 5014 633 5085 μήνασθαι
663 5015 966 5086 δυνήσεται,
988 5018 1081 5070 καὶ
1106 5017 1341 5071 τοσαῦτα
1367 5016 1765 5088 κατορθώματα
1787 5020 2022 5090 ἀνόνητα

359 5099 491 5167 ήμῖν
516 5097 816 5164 ἀποδεῖξαι.
847 5098 985 5158 Τοὺς
1011 5098 1120 5169 γάρ
1145 5098 1283 5168 μετά
1315 5097 1508 5151 πολλοῦ
1543 5098 1636 5152 τοῦ
1686 5100 1841 5153 τόνου
1868 5118 2021 5172 περι-

362 5179 652 5247 γεγονότας
680 5179 843 5232 αὐτοῦ
868 5179 973 5232 τῶν
1010 5180 1264 5249 μηχανῶν
1285 5179 1689 5251 παρασκευάζει
1727 5183 1868 5251 μέγα
1891 5201 2021 5254 φρο-

360 5264 470 5315 νεῖν
502 5263 593 5314 ἐπὶ
615 5264 723 5325 τοῖς
750 5260 1155 5330 κατορθώμασι,
1184 5262 1279 5313 καῖ¹
1305 5263 1440 5331 πρὸς
1465 5262 1562 5334 τὴν
1588 5263 1694 5315 τῶν
1719 5263 2021 5334 ἀνθρώπων

359 5344 687 5397 ἀποϐλέπειν
738 5344 935 5409 δόξαν,
988 5344 1073 5396 ἵνα
1108 5344 1208 5412 τῆς
1261 5344 1493 5413 ἀληθοῦς
1549 5344 1705 5414 δόξης
1767 5347 2020 5399 ἐκπεσεῖν

359 5428 583 5497 ποιήσῃ.
625 5427 682 5479 '0
714 5426 821 5497 γὰρ
854 5427 1054 5497 μετιών
1077 5443 1130 5477 τι
1153 5425 1259 5477 τῶν
1298 5428 1704 5495 πνευματικῶν,
1738 5431 1832 5479 καὶ
1886 5430 2020 5500 πρὸς

358 5508 706 5579 ἀνθρωπίνην
734 5508 952 5578 ἀφορῶν
974 5507 1149 5570 δόξαν,
1178 5507 1373 5577 ἀπέχει
1408 5507 1496 5559 τὸν
1525 5509 1713 5577 μισθὸν
1743 5510 1905 5563 αὐτοῦ
1931 5514 2018 5563 ὲν-

358 5591 548 5644 τεῦθεν
577 5592 698 5663 ήδη,
739 5594 831 5645 καὶ
859 5593 958 5645 οὐκ
987 5591 1064 5644 ἔτι
1092 5591 1277 5643 λοιπὸν
1302 5590 1580 5661 ὀφειλέτην
1600 5592 1713 5662 ἔχει
1742 5593 1831 5645 τὸν
1859 5594 2015 5648 Θεόν.

359 5675 493 5745 Παρ’
526 5670 601 5729 ὧν
642 5675 748 5745 γὰρ
802 5676 1106 5744 ἐπεζήτησε
1163 5671 1502 5742 δοξασθῆναι,
1564 5672 1844 5743 ἀπήλαυσε
1904 5676 2015 5727 τῶν

360 5758 613 5821 ἐπαίνων,
643 5756 909 5809 κάκείνων
937 5756 1044 5808 τῶν
1067 5752 1490 5826 ἐπηγγελμένων
1516 5756 1665 5826 παρὰ
1693 5756 1787 5809 τοῦ
1809 5758 2012 5809 Δεσπό-

360 5855 450 5891 του
477 5840 844 5909 ἀπεστέρησεν
894 5839 1104 5901 ἐαυτὸν,
1160 5840 1503 5908 προτιμήσας
1542 5840 1645 5907 τὴν
1680 5841 2009 5911 πρόσκαιρον

426 5976 448 6003 ⁰
475 5978 745 6037 Λυμήνηιαι
779 5978 884 6031 τοὺς
901 5980 1083 6030 πόνους.
1109 5975 1188 6022 Sic
1214 5982 1316 6023 υνυς»
1332 5989 1445 6021 mss.

781 6082 819 6100 l'\

1519 338 1583 395 IN
1621 341 1777 395 CAP.
1816 338 1883 394 XI
1924 336 2170 393 GENES.
2214 338 2448 397 HOMIL.
2488 344 2675 400 XXXI.

3719 354 3827 410 εει

2157 454 2431 527 εὐφημίαν
2472 462 2567 515 καὶ
2593 462 2691 533 τήν
2735 462 2887 536 παρὰ
2925 463 3034 518 τῶν
3078 465 3356 536 ὁμογενῶν
3404 468 3503 539 τῆς
3538 467 3690 541 παρά
3722 470 3819 525 τοῦ

2155 541 2373 597 πάντων
2395 545 2747 619 δημιουργοῦ.
2778 552 2888 605 Καὶ
2912 551 3069 605 τοῦτο
3091 553 3377 624 προλαϐὼν
3395 557 3578 623 αὐτὸς,
3614 558 3709 612 κα)⁵
3727 559 3820 612 ἐπὶ

2154 626 2483 710 προσευχῆς.
2526 630 2620 682 καὶ
2648 631 2741 684 ἐπὶ
2773 633 3160 705 ἐλεημοσύνης,
3193 636 3287 690 καὶ
3318 638 3411 691 ἐπὶ
3430 642 3686 710 νηστείας
3711 640 3821 695 ἐδί-

2152 709 2331 775 δαξεν,
2362 709 2504 765 οὕτω
2530 711 2702 781 λέγων
2718 731 2731 743 ·
2768 714 2944 769 Ὅταν
2963 720 3286 788 νηστεύῃς,
3304 709 3552 791 ἄλειψαί
3574 737 3691 779 σου
3707 726 3824 794 τὴν

2152 794 2450 878 κεφαλὴν,
2470 797 2567 849 καὶ
2592 797 2658 850 τό
2685 799 3007 864 πρόσωπόν
3034 815 3150 856 σου
3176 804 3367 871 νίψαι,
3387 803 3534 877 [306]
3556 807 3718 872 ὅπως
3731 808 3822 878 μὴ

2149 875 2349 959 φανῇς
2370 878 2494 945 τοῖς
2518 879 2848 948 ἀνθρώποις
2874 886 3205 950 νηστεύων,
3223 887 3384 941 ἀλλὰ
3408 888 3490 954 τῷ
3511 875 3821 959 Πατρίσου

2149 956 2231 1023 τῷ
2246 959 2317 1013 ἐν
2341 959 2420 1025 τῷ
2440 961 2679 1028 κρυπτῷ
2697 979 2710 993 ο
2744 965 2840 1019 καὶ
2876 968 2908 1019 ὀ
2938 968 3138 1035 Πατήρ
3158 984 3296 1031 σου,
3327 973 3360 1023 d
3378 956 3718 1034 βλέπων-*ἐν
3736 972 3819 1039 τῷ

2149 1040 2411 1125 κρυπτῷ,
2456 1044 2755 1100 ἀποδώσει
2783 1061 2903 1101 σοι.
2956 1049 3066 1103 Καὶ
3095 1049 3254 1104 πάλιν
3271 1067 3284 1081 ο
3327 1052 3514 1109 Ὅταν
3538 1053 3606 1107 δὲ
3632 1056 3813 1125 ποιῇς

2147 1122 2569 1205 έλεημοσύνην
2591 1168 2605 1191 ,
2626 1129 2713 1197 μὴ
2742 1131 3075 1198 σαλπίσῃς,
3103 1135 3287 1201 φησὶν,
3315 1133 3657 1204 ἔμπροσθέν
3674 1122 3815 1205 σοι),

2146 1203 2349 1275 ὥσπερ
2380 1211 2435 1262 οὶ
2463 1213 2774 1279 ὑποκριταὶ
2822 1214 3104 1269 ποιοῦσιν⁸
3146 1216 3217 1269 ἐν
3271 1216 3402 1279 ταῖς
3433 1203 3817 1290 συναγωγαῖςέ

2146 1290 2246 1343 καὶ
2268 1290 2338 1343 ἐν
2358 1291 2486 1357 ταῖς
2510 1294 2749 1361 ῥύμαις,
2783 1296 2942 1362 ὅπως
2971 1296 3357 1362 δοξασθῶσιν
3407 1300 3527 1355 ὑπὸ
3564 1303 3682 1358 τῶν
3707 1304 3815 1358 ἀν-

2147 1374 2412 1443 θρώπων.
2447 1380 2635 1448 Ἀμὴν
2660 1382 2814 1450 λέγω
2833 1382 2998 1451 ὑμῖν,
3033 1383 3331 1452 ἀπέχουσι
3351 1386 3458 1440 τὸν
3472 1389 3696 1457 μισθὸν
3713 1392 3819 1445 αὺ-

2145 1460 2280 1546 τῶν.
2308 1458 2460 1546 εἶδες
2505 1464 2621 1527 πῶς
2722 1465 2926 1538 ταύτην
2957 1467 3055 1539 τήν
3091 1466 3248 1534 δόξαν
3277 1471 3550 1541 ἐπιζητῶν
3598 1474 3817 1546 ἐκείνης

2146 1543 2536 1614 ἀπεστέρηται,
2575 1548 2604 1600 6
2632 1545 2694 1599 δὲ
2733 1548 2817 1602 διά
2848 1549 3005 1604 τοῦτο
3036 1550 3135 1623 τήν
3161 1552 3361 1624 ἀρετὴν
3394 1543 3811 1625 μετερχόμενος,

2146 1626 2239 1679 καὶ
2269 1627 2549 1683 λανθάνειν
2576 1630 2896 1702 βουλόμενος
2920 1635 3044 1699 τοὺς
3072 1635 3412 1705 ἀνθρώπους,
3445 1638 3564 1691 κατ’
3595 1639 3812 1710 ἐκείνην

2143 1710 2242 1795 τὴν
2267 1711 2481 1782 ἡμέραν
2513 1713 2608 1783 τὴν
2638 1714 2876 1786 φοϐεράν
2900 1718 2957 1770 ἐν
2982 1717 3061 1787 τῷ
3114 1720 3333 1790 φανερῷ
3381 1720 3614 1791 λήψεται
3659 1723 3813 1795 παρά

2144 1792 2245 1876 τοῦ
2267 1795 2537 1876 Δεσπότου
2582 1796 2682 1860 τὰς
2707 1798 2959 1868 ἀμοιϐάς.
3002 1800 3055 1853 '0
3083 1801 3193 1871 γὰρ
3235 1802 3436 1870 Πατήρ
3464 1818 3601 1869 σου,
3623 1792 3808 1876 φησίν,

2144 1877 2178 1928 ὁ
2204 1875 2457 1961 βξέπων
2487 1877 2557 1961 ἐγ
2593 1877 2673 1943 τῷ
2702 1881 2963 1948 κρυπτῷ,
3017 1883 3316 1938 ἀποδώσει
3349 1901 3449 1940 σοι
3495 1889 3565 1941 ἐν
3595 1875 3813 1961 τῷίφα-

2142 1958 2310 2043 νοερῷ.
2334 1959 2425 2029 Μὴ
2451 1959 2609 2013 τοῦτο
2641 1963 2831 2027 ἐννόει,
2865 1965 3048 2035 φησὶν,
3076 1967 3157 2019 ὃτι
3183 1967 3356 2032 οὐδεὶς
3374 1970 3483 2022 τῶν
3506 1958 3810 2043 ἀνθρώπων

2143 2039 2375 2127 ἐπῄνεσέ
2428 2059 2510 2106 σε,
2549 2046 2643 2097 καὶ
2692 2045 2774 2099 ὅτι
2818 2046 3094 2101 λανθάνων
3151 2050 3389 2123 μετέρχῃ
3441 2052 3540 2123 τὴν
3571 2039 3808 2127 ἀρετήν’

2140 2125 2257 2209 ἀλλ’
2281 2127 2458 2181 ἐκεῖνο
2477 2128 2710 2197 λογίζου,
2735 2130 2813 2184 ὅτι
2851 2131 3084 2202 τοσαύτη
3112 2132 3206 2185 τοῦ
3241 2134 3512 2188 Δεσπότου
3566 2125 3735 2191 ἔσται
3771 2140 3807 2209 ή

2141 2208 2420 2279 φιλοτιμία
2450 2213 2567 2281 μετ’
2596 2212 2657 2266 οὐ
2687 2214 2822 2268 πολύ
2847 2256 2861 2277 ,
2902 2215 2988 2278 ώςο
3027 2215 3100 2286 μή
3143 2217 3512 2284 λανθανόντως
3535 2262 3550 2284 ,
3593 2222 3716 2292 μηδ’
3750 2208 3808 2278 ἐν

2140 2292 2461 2364 ἀποκρύφῳ,
2496 2295 2633 2349 ἀλλά
2665 2297 2864 2361 παντὸς
2891 2297 2984 2352 τοῦ
3012 2299 3117 2352 τῶν
3146 2300 3447 2370 ἀνθρώπων
3493 2304 3684 2373 γένους
3711 2308 3807 2362 τοῦ

2141 2375 2251 2429 ἀπὸ
2290 2376 2461 2461 Ἀδάμ
2496 2378 2656 2449 μέχρι
2684 2381 2782 2450 τῆς
2806 2381 3113 2446 συντελείας
3163 2385 3428 2455 παρόντος
3473 2389 3807 2461 ἀνακηρύξει

2143 2472 2203 2512 σε
2237 2460 2331 2542 καὶ
2386 2461 2719 2542 στεφανώσει
2743 2503 2758 2525 ,
2801 2465 2896 2517 καὶ
2932 2466 3040 2518 τῶν
3070 2466 3247 2519 πόνων
3299 2469 3398 2539 τῆς
3460 2460 3670 2542 ἀρετῆς
3707 2475 3809 2540 τὰς

2140 2539 2375 2610 ἀμοιϐάς
2403 2540 2691 2596 ἀποδώσει.
2724 2545 2890 2609 Ποίας
2914 2544 3007 2600 οὖν
3035 2548 3102 2602 ἂν
3130 2544 3238 2602 εἷεν
3275 2539 3571 2621 ἀπολογίας
3597 2539 3736 2622 ἀξιοι
3754 2539 3804 2611 οί

2139 2624 2232 2677 καὶ
2254 2624 2344 2678 τὸν
2363 2624 2521 2709 πόνον
2540 2626 2639 2695 τῆς
2665 2628 2867 2697 ἀρετῆς
2898 2630 3280 2700 ὑπομένοντες,
3301 2635 3393 2687 καὶ
3410 2635 3495 2689 διὰ
3516 2638 3612 2708 τὴν
3637 2641 3807 2709 πρόσο

2139 2708 2713 2789 καιρονζκαὶεύτελῆ,
2748 2712 2842 2765 καὶ
2873 2713 3110 2782 ματαίαν
3142 2715 3300 2779 δόξαν
3347 2718 3447 2785 τὴν
3496 2721 3648 2789 παρά
3682 2708 3804 2776 τῶν

2137 2786 2412 2855 ὁμογενῶν
2450 2788 2551 2859 τῆς
2584 2790 2787 2844 ἀνωθεν
2810 2794 2977 2863 τιμῆς
3004 2794 3230 2861 ἐαυτούς
3263 2786 3730 2871 ἀποστεροῦντεςς

2210 2901 2273 2970 β’.
2294 2903 2743 2975 ’Λσφαλιζώμεθα
2764 2906 2959 2968 τοίνυν,
2992 2909 3314 2978 παρακαλῶ,
3329 2910 3424 2964 καὶ
3438 2913 3574 2985 ὅπερ
3591 2913 3657 2969 ἂν
3673 2934 3807 2973 κατ·

2136 2987 2451 3059 αξιωθῶμεν
2472 2989 2629 3061 ἔργον
2650 2991 3016 3061 πνευματικὸν
3042 2992 3304 3062 μετιέναι,
3326 2996 3482 3048 τοῦτο
3498 2999 3660 3053 παντὶ
3679 3000 3805 3072 τρό-

2138 3090 2224 3142 πῳ
2254 3072 2591 3142 πανταχόθεν
2621 3075 2677 3126 ἐν
2701 3076 2813 3138 τοῖς
2850 3074 3115 3146 ταμιείοις
3144 3075 3242 3145 τῆς
3274 3076 3514 3141 διανοίας
3534 3080 3632 3149 τῆς
3664 3084 3802 3153 ήμε-

2132 3155 2295 3226 τέρας
2317 3156 2579 3224 κρύπτειν
2611 3158 3018 3229 σπουδάζωμεν,
3048 3159 3135 3212 ἴνα
3163 3160 3369 3213 ἐκεῖνον
3385 3161 3476 3215 τὸν
3502 3164 3802 3235 ἀκοίμητον

2133 3236 2410 3306 ὀφθαλμὸν
2435 3238 2647 3310 ἔχωμεν
2674 3240 2982 3311 ἐπαινέτην,
3015 3243 3108 3294 καὶ
3144 3242 3217 3314 μὴ
3241 3242 3329 3297 διὰ
3351 3245 3450 3316 τὴν
3466 3245 3575 3299 τῶν
3600 3247 3801 3319 ἀνθρώ-

2133 3338 2252 3375 πων
2270 3322 2563 3392 εύφημίαν,
2599 3324 2693 3376 καὶ
2724 3324 2848 3386 τοὺς
2867 3323 3001 3395 πρὸς
3024 3325 3184 3395 χάριν
3212 3326 3469 3392 πολλάκις
3486 3330 3803 3398 γινομένους

2133 3406 2406 3471 ἐπαίνους,
2445 3407 2544 3477 τῆς
2590 3406 2741 3478 παρά
2793 3406 2888 3460 τοῦ
2940 3407 3209 3462 Δεσπότου
3243 3410 3517 3483 εὐφημίας
3575 3414 3803 3478 ἐαυτούς

2131 3490 2382 3557 ἀναξίους
2407 3491 2863 3561 καταστήσωμεν.
2897 3491 3005 3545 Καὶ
3024 3493 3132 3561 γάρ
3147 3493 3430 3565 ἀμφότερα
3451 3495 3687 3567 ὀλέθρια,
3705 3498 3803 3552 καὶ

2130 3571 2273 3641 λύμη
2302 3572 2401 3640 τῆς
2422 3571 2698 3641 ἡμετέρας
2727 3572 3022 3642 σωτηρίας,
3046 3574 3138 3626 καὶ
3162 3575 3222 3627 τὸ
3238 3576 3374 3645 πρὸς
3405 3576 3563 3641 δόξαν
3590 3578 3801 3647 ἀνθρω-

2131 3653 2291 3723 πίνην
2344 3653 2634 3720 ἀφορῶντά
2681 3672 2731 3706 τι
2771 3654 3197 3724 διαπράττεσθαι
3231 3656 3341 3708 τῶν
3389 3661 3795 3728 πνευματικῶν,

2131 3740 2305 3793 καὶτὸ
2346 3739 2487 3809 μέγα
2524 3743 2740 3811 φρονεῖν
2772 3742 2857 3808 ἐφ’
2886 3735 2967 3804 οἷς
3000 3740 3065 3794 ἀν
3092 3740 3445 3812 ἳιατορθῶσαι
3474 3744 3693 3818 δυνηθῇ.
3719 3749 3798 3801 Δι’

2130 3822 2158 3875 ὃ
2185 3823 2375 3892 νήφειν
2404 3821 2509 3891 χρὴ
2559 3821 2656 3874 καὶ
2690 3822 3089 3892 ἐγρηγορέναι,
3125 3824 3219 3877 καὶ
3268 3824 3337 3877 τὰ
3361 3825 3469 3879 ἀπὸ
3509 3827 3609 3895 τῆς
3647 3829 3797 3894 θείας

2131 3904 2352 3977 Γραφῆς
2377 3905 2642 3975 φάρμακα
2676 3905 2973 3958 ἐπιτιθέναι
3005 3906 3241 3977 συνεχῶς
3271 3908 3505 3972 ἐαυτοῖς,
3537 3909 3677 3964 ῶστε
3719 3913 3795 3985 μὴ

2130 3987 2331 4041 ἀλῶναι
2377 3990 2490 4049 τοῖς
2520 3986 2785 4057 ὀλεθρίοις
2817 3987 3026 4052 τούτοις
3060 3988 3277 4044 πάθεσι.
3334 3989 3451 4044 Κάν
3479 3992 3593 4063 ’γὰρ
3626 3995 3794 4064 μυρία

2128 4085 2211 4130 τις
2264 4068 2641 4138 κατωρθωκὼς
2670 4064 2726 4140 ᾖ,
2761 4070 2854 4121 καὶ
2885 4070 3099 4125 ἃπασαν
3155 4071 3253 4142 τὴν
3284 4073 3484 4145 ἀρετὴν
3515 4075 3791 4142 διανύσας,

2132 4151 2272 4219 μέγα
2292 4152 2347 4205 δέ
2368 4154 2536 4221 φρονῇ
2573 4151 2788 4204 πάντων
2811 4152 3167 4225 ἐλεεινότερος
3189 4154 3255 4207 ἀν
3271 4154 3479 4223 γένοιτο
3499 4157 3592 4209 καὶ
3607 4158 3796 4213 ἀθλιώ-

2129 4250 2301 4303 τερος.
2331 4235 2441 4287 Καὶ
2468 4233 2623 4287 τοῦτο
2645 4234 2804 4304 δῆλον
2840 4238 2974 4306 ήμῖν
3005 4236 3327 4307 γεγένηται,
3366 4237 3423 4303 ἐξ
3451 4231 3525 4291 ὧν
3563 4239 3591 4292 6
3628 4240 3792 4311 Φαρι-

2132 4319 2279 4379 σαῖος
2307 4319 2511 4381 ἐκεῖνος
2538 4318 2821 4387 ὑπέμεινε,
2861 4319 3070 4387 μεγάλα
3101 4322 3377 4390 φρονήσας
3410 4321 3551 4375 κατὰ
3587 4322 3680 4376 τοῦ
3705 4340 3794 4376 τε-

2128 4397 2319 4458 λώνου,
2378 4399 2474 4452 καὶ
2503 4398 2738 4452 ἐλάττων
2770 4399 2863 4452 τοῦ
2912 4399 3143 4453 τελώνου
3182 4400 3377 4473 ἀθρόον
3407 4404 3665 4471 γεγονὼς,
3700 4407 3793 4459 καὶ

2126 4482 2213 4534 διά
2240 4481 2341 4548 τῆς
2372 4482 2576 4544 οἰκείας
2603 4482 2851 4553 γλώττης
2882 4484 3058 4537 πάντα
3105 4483 3270 4538 αὐτοῦ
3303 4485 3395 4538 τὸν
3431 4485 3659 4541 πλοῦτον
3690 4489 3791 4556 τῆς

2127 4563 2329 4635 ἀρετῆς
2352 4563 2569 4633 ἐκχέας,
2593 4565 2687 4618 καὶ
2709 4564 2916 4636 γυμνὸν
2944 4567 3036 4619 καὶ
3066 4567 3271 4638 ἔρημον
3300 4568 3492 4622 ἐαυτὸν
3522 4572 3791 4641 καταστήι

2128 4663 2247 4711 σας,
2277 4646 2371 4698 καὶ
2388 4645 2537 4711 ξένον
2558 4646 2651 4699 καὶ
2681 4647 2866 4701 καινὸν
2883 4650 3138 4717 ναυάγιον
3165 4650 3483 4719 ὑπομείνας.
3515 4652 3607 4714 Et;
3627 4652 3791 4706 αὐτὸν

2126 4729 2235 4799 γάρ
2270 4727 2437 4781 ἐλθὼν
2474 4728 2566 4782 τὸν
2595 4728 2787 4800 λιμένα
2821 4732 3035 4786 ἅπαντα
3069 4732 3161 4785 τὸν
3200 4735 3398 4805 φόρτον
3443 4733 3608 4787 αὐτοῦ
3655 4753 3787 4788 κατ-

2127 4810 2300 4863 έδυσε.
2348 4809 2424 4862 Τὸ
2458 4809 2567 4881 γὰρ
2603 4811 2696 4864 ἀπ’
2727 4812 2891 4882 εὐχῆς
2933 4815 3032 4883 τῆς
3065 4814 3126 4866 οὐ
3159 4814 3385 4876 δεόντως
3416 4815 3788 4887 γεγενημένης

2126 4892 2284 4946 τοῦτο
2313 4892 2522 4958 παθεῖν,
2572 4893 2756 4961 ὅμοιόν
2786 4896 2901 4947 ἐστι
2929 4894 3005 4963 τῷ
3028 4895 3084 4946 ἐν
3113 4893 3260 4961 αὐτῷ
3296 4893 3449 4962 μέσῳ
3492 4892 3571 4962 τῷ
3607 4893 3787 4965 λιμένι

2125 4976 2379 5040 ναυάγιον
2402 4977 2705 5043 ὑπομεῖναι.
2736 4976 2834 5029 Διά
2857 4993 2939 5029 τοι
2966 4975 3121 5028 τοῦτο
3150 4977 3244 5028 καὶ
3261 4976 3289 5028 ό
3305 4975 3536 5044 Χριστὸς
3566 4994 3784 5047 παραγ-

2124 5058 2329 5124 γέλλων
2363 5060 2476 5121 τοῖς
2511 5058 2778 5126 μαθηταῖς
2809 5058 3012 5125 ἔλεγεν,
3044 5060 3229 5111 Ὅταν
3251 5057 3448 5111 πάντα
3467 5059 3784 5128 ποιήσητε,

2123 5141 2348 5211 λέγετε,
2368 5139 2458 5192 ὅτι
2498 5142 2546 5192 Ἀ
2553 5138 2735 5206 χρεῖοι
2762 5139 2971 5193 δοῦλοί
2998 5140 3183 5207 ἐσμεν
3201 5157 3213 5168 ·
3237 5139 3666 5211 ἀσφαλιζόμενος
3688 5142 3787 5195 αὐ-

2122 5223 2269 5284 τοὺς,
2307 5220 2400 5273 καὶ
2432 5221 2494 5270 ἐκ
2549 5218 2741 5272 πολλοῦ
2770 5219 2864 5272 τοῦ
2902 5220 3266 5289 διαστήματος
3319 5222 3640 5292 βουλόμενος
3687 5222 3784 5278 τοῦ

2123 5304 2364 5375 ὀλεθρίου
2393 5301 2582 5355 τούτου
2606 5301 2811 5365 πάθους
2845 5303 2999 5366 ἐκτὸς
3034 5304 3226 5366 αὐτοὺς
3258 5305 3530 5372 γενέσθαι.
3582 5307 3783 5369 Είδετε.

2124 5385 2413 5455 ἀγαπητοὶ,
2450 5384 2565 5446 πῶς
2588 5384 2709 5437 οὐτε
2736 5385 2764 5437 6
2796 5386 2931 5455 πρὸς
2954 5386 3110 5449 δόξαν
3144 5386 3487 5458 ἀνθρωπίνην
3517 5385 3783 5457 κεχηνὼς,

2126 5467 2275 5540 [307]
2304 5467 2400 5520 καὶ
2426 5467 2512 5520 διὰ
2540 5467 2740 5537 ταύτην
2784 5467 2852 5521 τά
2877 5469 2972 5538 τῆς
3014 5469 3213 5540 ἀρετῆς
3245 5469 3381 5540 ἔργα
3419 5468 3635 5540 μετιὼν,
3671 5469 3787 5538 ἔχει

2121 5553 2242 5605 τινὰ
2270 5551 2474 5619 ὄνησιν,
2506 5550 2600 5602 καὶ
2626 5551 2707 5602 ὅτι
2740 5550 2831 5603 καὶ
2859 5549 2994 5620 μετά
3020 5551 3080 5603 τὸ
3107 5551 3448 5623 κατορθῶσαι
3490 5550 3666 5603 πάντα
3716 5550 3787 5603 τά

2122 5638 2219 5704 τῆς
2246 5630 2468 5702 ἀρετῆς,
2500 5632 2548 5683 εί
2577 5631 2715 5697 δόξει
2746 5631 2887 5702 μέγα
2921 5635 3139 5703 φρονεῖν
3172 5634 3265 5686 ἐπὶ
3305 5632 3531 5695 τούτοις,
3562 5631 3783 5683 πάντων

2122 5716 2324 5785 ἕρημος
2351 5712 2556 5779 γίνεται
2587 5713 2677 5765 καὶ
2702 5714 2944 5783 γυμνός;
2974 5714 3266 5783 Φεύγωμεν
3296 5714 3490 5774 τοίνυν,
3527 5727 3781 5780 παρακα-

2122 5796 2220 5859 λῶ,
2249 5794 2418 5849 ταῦτα
2441 5794 2508 5847 τά
2534 5794 2750 5865 ὀλέθρια
2776 5795 2944 5865 πάθη,
2964 5797 3056 5849 καὶ
3082 5796 3215 5863 πρὸς
3237 5796 3441 5850 ἐκεῖνον
3466 5791 3623 5860 μόνον
3643 5788 3777 5858 όρῶο

2128 5896 2225 5947 μεν
2258 5877 2348 5929 τὸν
2373 5876 2670 5946 ἀκοίμητον
2699 5878 2994 5946 ὀφθαλμὸν,
3044 5878 3135 5929 καὶ
3165 5875 3328 5944 μηδὲν
3366 5874 3540 5925 κοινὸν
3566 5872 3781 5941 ἔχωμεν

2126 5963 2257 6030 προς
2283 5961 2406 6022 τοὺς
2438 5960 2735 6029 ὁμογενεῖς,
2760 5962 2891 6032 μηδέ
2918 5959 3258 6027 ἐπιζητῶμεν
3282 5957 3371 6004 τὸν
3403 5954 3549 6023 ποιρά
3575 5952 3782 6005 τούτων

3318 6061 3390 6100 19
