4066 6140
335 294 343 301 ’
385 314 492 366 εει.
1099 305 1154 360 s.
1195 296 1484 359 JOANNIS
1521 293 2010 353 cnnvsnsmm
2049 294 2369 351 ARCHIEP.
2405 283 2955 347 CONSTANTINOP.

394 432 629 486 ἔπαινον,
668 424 782 477 ἀλλ’
812 421 1109 493 ἀρκώμεθα
1134 420 1214 489 τῷ
1242 419 1391 489 παρὰ
1418 417 1511 471 τοῦ
1548 416 1837 469 Δεσπότου.
1874 404 1958 464 Οὗ

392 516 425 565 ό
458 512 703 573 ἔπαινος
727 506 856 576 γάρ,
885 506 1069 575 φησὶν,
1098 506 1208 557 οὐκ
1241 502 1309 566 ἐξ
1338 500 1681 569 ἀνθρώπων,
1720 498 1857 553 ἀλλ’
1892 498 1961 549 ἐκ

393 594 562 646 Θεοῦ.
586 590 695 643 Καὶ
732 589 842 659 ὅσῳ
872 587 938 641 ἃν
974 585 1109 656 πρὸς
1139 585 1359 656 μείζονα
1390 581 1716 652 ἐπιδιδῶμεν
1741 580 1959 651 ἀρετὴν,

390 672 628 743 τοσούτῳ
651 671 849 741 μᾶλλον
865 670 1090 732 ἐαυτοὺς
1114 666 1422 739 μετριάζειν
1438 663 1958 735 παρασκευάζωμεν,

392 758 485 811 καὶ
503 753 878 809 συνεστάλθαι.
915 751 1032 804 Κᾶν
1058 750 1165 821 γὰρ
1186 749 1322 820 πρὸς
1352 748 1524 818 αὐτὴν
1550 746 1843 816 φθάσωμεν
1864 744 1964 812 τῆς

391 842 590 913 ἀρετῆς
621 838 719 910 τὴν
774 836 1041 908 κορυφὴν,
1090 833 1188 889 ἐὰν
1219 830 1524 902 ἀντιθῶμεν
1552 830 1650 895 τὰς
1687 829 1838 913 παρά
1869 829 1964 883 τοῦ

391 912 660 976 Δεσπότου
717 920 1033 990 εὐεργεσίας
1094 916 1231 988 μετά
1284 915 1483 986 πολλῆς
1526 912 1963 983 εὐγνωμοσύνης,

389 1008 508 1059 τότε
536 1004 715 1067 καλῶς
740 1001 1001 1071 ὀψόμεθα,
1024 1001 1104 1053 ὅτι
1125 1000 1247 1052 οὑδέ
1273 997 1334 1052 τὸ
1360 998 1646 1051 πολλοστὸν
1673 996 1838 1067 μέρος
1857 995 1967 1049 τῶν

392 1088 543 1159 παρὰ
569 1086 663 1139 τοῦ
688 1084 831 1138 ’Θεοῦ
864 1086 943 1147 είς
971 1084 1118 1152 ἡμᾶς
1144 1082 1509 1152 ὑπηργμένων
1544 1080 1962 1149 εἰσηνέγκαμεν.

391 1172 504 1224 Καὶ
544 1170 652 1240 γὰρ
689 1168 919 1229 ἕκαστος
963 1165 1071 1218 τῶν
1109 1164 1281 1232 ἀγίων
1328 1162 1575 1217 ἐντεῦθεν
1608 1160 1963 1231 ηὐδοκίμησε.

393 1253 505 1308 Καὶ
537 1254 626 1306 ἵνα
651 1250 847 1322 μάθῃς,
865 1249 1028 1303 ἀκουε
1046 1247 1141 1300 τοῦ
1170 1248 1268 1317 τῆς
1281 1246 1602 1315 οἰκουμένης
1624 1242 1964 1304 διδασκάλου,

393 1340 491 1409 τῆς
512 1334 922 1406 οὑρανομήκους
941 1331 1155 1401 ἐκείνης
1181 1330 1379 1399 ψυχῆς,
1410 1328 1530 1392 πῶς
1569 1328 1709 1398 μετά
1732 1325 1967 1409 τοσαῦτα

396 1406 814 1488 κατορθώματα,
848 1413 986 1486 μετὰ
1009 1415 1107 1484 τὴν
1132 1412 1399 1481 τοσαύτην
1424 1410 1627 1465 ἀνωθεν
1670 1406 1969 1479 μαρτυρίαν

398 1502 656 1569 (Σηῦος
675 1500 802 1570 γὰρ,
825 1498 1009 1567 φησιν,
1035 1496 1295 1565 ἐκλογῆς
1330 1496 1465 1549 ἐστι
1486 1512 1587 1562 μοι
1615 1488 1834 1558 οὗτος),
1870 1492 1970 1544 οὑκ

396 1582 807 1637 ἐπιλανθάνεται
836 1580 945 1633 τῶν
970 1579 1188 1632 οἰκείων
1209 1575 1712 1647 πλημμελημάτων,
1737 1573 1849 1627 ἀλλ’
1872 1575 1973 1643 ἀμ-

397 1669 516 1734 φοῖν
535 1665 706 1719 ταῦτα
741 1661 1114 1734 περιστρέφει,
1154 1661 1247 1713 καὶ
1283 1660 1425 1729 ὑπὲρ
1475 1652 1551 1711 ὧν
1592 1658 1824 1728 μάλιστα
1870 1673 1970 1709 πεο

400 1748 800 1821 πληροφόρητο,
850 1745 932 1798 ὅτι
986 1743 1085 1814 τὴν
1115 1741 1464 1813 συγχώρησιν
1494 1742 1711 1808 ἐδέξατο
1742 1741 1830 1793 διὰ
1876 1738 1971 1793 τοῦ

328 1860 333 1865 ·
399 1832 791 1901 βαπτίσματος,
820 1827 939 1880 οὑδὲ
973 1827 1176 1879 τούτων
1222 1824 1667 1878 ἐπιλανθάνεσθαι
1697 1822 1969 1893 ἀνέχεται,

330 1948 335 1951 -
398 1913 534 1968 ἀλλά
560 1914 655 1983 βοᾷ
687 1912 782 1966 καὶ¹
807 1911 974 1977 λέγει,
1004 1911 1085 1963 ὅτι
1132 1907 1488 1975 Ἑλάχιστός
1528 1908 1641 1974 είμι
1678 1904 1797 1959 τῶν
1827 1906 1974 1958 ἀπο-

397 1999 657 2059 στόλων,
713 1994 809 2048 καὶ
840 1994 950 2046 οὐκ
980 1991 1096 2060 εὶμὶ
1131 1990 1337 2054 ἱκανὸς
1368 1988 1678 2042 καλεῖσθαι
1715 1986 1975 2041 ἀπόστο-

400 2084 529 2145 λος.
555 2076 686 2132 Εἶτα
711 2079 799 2131 ἵνα
824 2075 923 2147 τὴν
958 2073 1261 2147 ὑπερϐολὴν
1285 2071 1451 2126 αὑτοῦ
1480 2069 1857 2147 παιδευθῶμεν
1877 2070 1974 2139 τῆς

400 2144 917 2231 ταπεινοφροσύνης,
946 2144 1278 2228 προσέθηκε,
1298 2155 1451 2207 Διότι
1475 2152 1689 2217 ἐδίωξα
1713 2144 1829 2219 τὴν
1847 2155 1977 2207 Ἐκ-

400 2244 667 2310 κλησίαν
695 2241 802 2295 τοῦ
837 2241 1003 2294 Θεοῦ.
1038 2239 1102 2291 Τί
1140 2241 1333 2304 ποιεῖς,
1363 2231 1409 2290 ὦ
1432 2236 1643 2300 Παῦλε;
1685 2236 1743 2289 '0
1774 2236 1977 2289 Δεσπό-

400 2344 499 2397 της
526 2324 614 2378 διά
637 2324 735 2395 τὴν
755 2323 963 2376 οίκείαν
984 2321 1294 2391 φιλοτιμίαν
1328 2318 1667 2390 συνεχώρησε
1684 2359 1700 2382 ,
1745 2320 1840 2372 καὶ
1872 2319 1977 2371 ἀπ-

403 2406 621 2477 ήλειψεν
668 2406 883 2459 ἅπαντα
919 2403 992 2455 τά
1022 2401 1388 2473 ἡμαρτημένα
1434 2417 1536 2464 σοι,
1567 2400 1659 2453 καὶ
1694 2400 1759 2453 σὺ
1808 2399 1977 2453 ταῦτα

405 2488 692 2559 στρέφεις;
722 2485 865 2547 Ναὶ,
897 2480 1012 2537 οἶδα
1032 2524 1047 2547 ,
1084 2484 1216 2552 φησὶ
1235 2522 1250 2545 ,
1282 2483 1379 2537 καὶ
1410 2483 1510 2536 οὑκ
1547 2482 1727 2551 ἀγνοῶ
1756 2481 1848 2536 τοῦ
1879 2485 1976 2535 Δε-

407 2572 605 2624 σπότου
640 2568 734 2621 τοῦ
790 2566 922 2637 ἐμοῦ
963 2567 1061 2636 τὴν
1093 2566 1246 2620 λύσιν
1270 2582 1282 2594 ’
1319 2566 1434 2620 ἀλλ’
1474 2566 1599 2620 ὅταν
1642 2566 1877 2632 ἐννοήσω
1909 2565 1980 2618 τὰ

406 2653 529 2724 ἐμοὶ
560 2650 914 2721 εἰργασμένα,
948 2650 1041 2703 καὶ
1092 2649 1188 2702 ἴδω
1226 2648 1287 2702 τὸ
1331 2647 1565 2717 πέλαγος
1596 2648 1695 2718 τῆς
1720 2646 1813 2700 τοῦ
1844 2646 1977 2699 Θεοῦ

407 2734 831 2805 φιλανθρωπίας,
866 2732 988 2785 τότε
1020 2730 1275 2801 μανθάνω
1307 2730 1488 2794 καλῶς
1508 2772 1522 2794 ,
1552 2732 1634 2783 ὅτι
1668 2730 1847 2801 χάριτι
1884 2730 1980 2783 αὑ-

405 2818 498 2872 τοῦ
529 2818 621 2871 καὶ
643 2814 1021 2886 φιλανθρωπίᾳ
1047 2813 1163 2884 είμὶ
1190 2813 1218 2867 ὃ
1240 2814 1375 2882 είμι.
1407 2811 1589 2866 Είπὼν
1608 2813 1739 2883 γάρ,
1763 2813 1843 2865 ὅτι
1857 2814 1978 2865 Οὐκ

406 2901 523 2969 εἰμὶ
551 2899 757 2964 ἱκανὸς
803 2896 1115 2950 καλεῖσθαι
1165 2895 1528 2960 ἀπόστολος,
1589 2894 1737 2949 διότι
1767 2893 1981 2957 ἐδίωξα

407 2984 521 3051 τὴν
557 2984 926 3050 Ἐκκλησίαν
964 2980 1069 3033 τοῦ
1121 2976 1290 3042 Θεοῦ,
1345 2978 1590 3048 ἐπήγαγε
1612 2993 1629 3009 ο
1663 2976 1861 3045 Χάριτι
1912 2974 1980 3028 δὲ

410 3068 557 3122 Θεοῦ
587 3068 701 3135 ειμι
733 3063 767 3117 ὅ
798 3065 930 3132 ειμι.
969 3060 1109 3125 Ἐγὼ
1146 3062 1264 3130 μὲν,
1297 3061 1451 3130 φησὶ,
1483 3058 1748 3130 τοσαύτην
1774 3058 1981 3111 ἐπεδει-

410 3149 589 3220 ξάμην
618 3147 715 3217 τὴν
739 3146 937 3217 μανίαν
956 3160 969 3174 ·
1000 3145 1034 3211 ἡ
1060 3143 1115 3195 δὲ
1148 3142 1354 3211 ἀφατος
1379 3141 1544 3196 αὑτοῦ
1587 3141 1860 3211 άγαθότης
1886 3142 1981 3195 καὶ

408 3235 441 3302 ἡ
469 3232 626 3301 χάρις
652 3230 750 3299 τήν
782 3225 1125 3296 συγχώρησιν
1153 3223 1463 3295 ἐχαρίσατο.
1494 3220 1644 3286 Εἶδες
1663 3223 1838 3295 ψυχὴν
1863 3240 1983 3276 συν-

409 3312 799 3383 τετριμμένην,
824 3310 917 3362 καὶ
945 3306 1054 3360 τῶν
1082 3306 1189 3377 πρὸ
1206 3305 1301 3359 τοῦ
1334 3304 1706 3376 βαπτίσματος
1732 3307 1981 3376 ἡμαρτη-

404 3395 589 3466 μένων
637 3390 894 3461 διηνεκῶς
923 3389 1021 3460 τὴν
1054 3389 1271 3459 μνήμην
1309 3387 1745 3458 περιφέρουσανς
1782 3387 1979 3442 Τοῦτον

408 3476 474 3548 δὴ
498 3475 590 3529 καὶ
621 3476 777 3544 ἡμεῖς
808 3469 1196 3542 μιμησώμεθα,
1222 3470 1316 3523 καὶ
1343 3469 1411 3522 τὰ
1448 3470 1580 3538 μετὰ
1611 3469 1672 3523 τὸ
1701 3470 1982 3541 βάπτισμα

410 3560 543 3630 ἡμῖν
586 3554 970 3628 ἡμαρτημένα,
1010 3552 1182 3607 ταῦτα
1223 3551 1343 3605 καθ’
1376 3551 1612 3622 ἑκάστην
1652 3553 1860 3624 ἡμέραν
1893 3571 1981 3624 μι-

415 3641 796 3713 μνησκόμενοι,
833 3638 926 3691 καὶ
949 3636 1214 3707 διηνεκῶς
1245 3638 1302 3690 ἐν
1335 3638 1399 3708 τῇ
1450 3635 1659 3707 διανοίᾳ
1703 3639 1984 3709 περιστρέ-

412 3742 621 3793 φοντες,
656 3722 925 3793 μηδέποτε
956 3718 1326 3790 συγχωρῶμεν
1346 3720 1425 3782 είς
1447 3718 1618 3790 λήθην
1638 3720 1785 3791 ἡμᾶς
1807 3719 1981 3774 αὑτῶν

411 3809 691 3879 ἐμπεσεῖν.
734 3804 940 3866 Ἱκανὸς
967 3803 1076 3874 γὰρ
1102 3804 1234 3874 ἡμῖν
1278 3802 1492 3873 χαλινὸς
1514 3802 1673 3857 τοῦτο
1697 3806 1981 3875 γενήσεται

411 3890 547 3962 πρὸς
577 3888 638 3942 τὸ
687 3885 1038 3940 συνεστάλθαι
1092 3885 1186 3939 καὶ
1227 3883 1556 3957 μετριάζειν.
1612 3887 1720 3940 Καὶ
1749 3887 1801 3941 τί
1841 3886 1982 3954 λέγω

411 3970 645 4035 Παῦλον,
676 3969 767 4024 τὸν
805 3967 1056 4022 τοσοῦτον
1094 3968 1188 4020 καὶ
1239 3966 1584 4036 τηλικοῦτον;
1619 3967 1803 4030 Θέλεις
1856 3968 1981 4022 ἰδεῖν

411 4054 506 4109 καὶ
527 4054 649 4116 τοῦς
685 4053 741 4105 ἐν
766 4053 833 4121 τῇ
865 4049 1074 4118 Παλαιᾷ
1123 4046 1370 4101 ἐντεῦθεν
1408 4047 1641 4118 μάλιστα
1692 4048 1981 4122 εὐδοκιμή-

414 4152 633 4197 σαντας,
662 4133 770 4187 ἀπὸ
797 4130 892 4183 τοῦ
926 4130 1234 4201 μετριάζειν
1264 4128 1401 4198 μετά
1427 4130 1596 4200 μυρία
1629 4131 1982 4202 κατορθώμα-

411 4234 498 4276 τα,
514 4216 605 4267 καὶ
619 4215 717 4284 τὴν
737 4213 942 4280 ἄφατον
962 4209 1274 4281 παρρησίαν
1294 4227 1308 4273 ;
1327 4210 1521 4263 Ἀκουε
1536 4209 1628 4263 τοῦ
1646 4213 1980 4283 πατριάρχου

411 4297 679 4361 λέγοντος,
705 4292 842 4368 μετά
868 4293 966 4363 τὴν
1002 4292 1215 4362 ὁμιλίαν
1242 4291 1338 4363 τὴν
1364 4292 1500 4364 πρὸς
1527 4292 1618 4345 τὸν
1649 4293 1801 4357 Θεὸν,
1847 4295 1982 4364 μετά

412 4378 509 4449 τήν
537 4373 864 4445 ἐπαγγελίαν
892 4374 988 4446 τὴν
1016 4374 1097 4437 είς
1122 4375 1281 4428 αὑτὸν
1300 4374 1706 4446 γεγενημένην·
1744 4374 1887 4447 Ἐγὼ
1916 4376 1984 4432 δέ

411 4463 527 4531 ειμι
563 4458 640 4529 γῆ
676 4458 772 4511 καί
804 4457 1051 4524 σποδός.

483 4552 550 4610 γ’.
581 4539 727 4613 [508]
770 4539 906 4592 Ἀλλ’
931 4540 1115 4612 ἐπειδὴ
1135 4542 1229 4595 τοῦ
1251 4541 1590 4613 πατριάρχου
1616 4541 1912 4613 ἐμνήσθην,
1933 4545 1981 4594 εῖ

409 4625 577 4689 δοκεῖ,
614 4622 684 4676 τὰ
718 4623 955 4693 σήμερον
982 4624 1395 4691 ἀναγνωσθέντα
1425 4623 1715 4695 προθῶμεν
1759 4624 1853 4677 ἐπὶ
1884 4626 1983 4695 τῆς

413 4708 683 4780 ὑμετέρας
737 4706 958 4775 ἀγάπης
979 4744 994 4767 ,
1027 4706 1112 4758 ἵνα
1143 4705 1317 4758 ταῦτα
1348 4706 1752 4772 ἀναπτύξαντες
1782 4708 1981 4777 ἴδωμεν

409 4793 509 4861 τῆς
536 4789 736 4861 ἀρετῆς
767 4787 861 4841 τοῦ
894 4786 1103 4840 δικαίου
1132 4786 1231 4857 τὴν
1264 4787 1591 4857 ὑπερϐολήν.
1628 4791 1740 4842 Καὶ
1784 4790 1979 4853 ἔλαϐε,

411 4874 566 4944 φησὶ,
593 4872 789 4939 Θὰῤῥα
805 4869 912 4924 τὸν
934 4871 1149 4936 Ἀϐραμ
1172 4868 1268 4922 καὶ
1293 4868 1398 4921 τὸν
1417 4868 1628 4936 Ναχώρ
1652 4870 1792 4935 τοὺς
1815 4871 1983 4938 υἱοὺς

410 4954 613 5012 αὐτοῦ.
647 4953 744 5006 καὶ
777 4953 882 5005 τὸν
907 4949 1036 5003 Λὼτ
1067 4950 1175 5004 τὸν
1193 4950 1328 5004 υἱὸν
1346 4949 1452 5004 τοῦ
1474 4949 1608 5004 υἱοῦ
1639 4953 1846 5017 αὐτοῦ,
1881 4954 1981 5007 καί

411 5038 526 5102 τὴν
556 5035 754 5103 Σάραν
778 5033 893 5097 τὴν
910 5032 1153 5099 νύμφην
1173 5030 1381 5096 αὑτοῦ,
1412 5031 1663 5102 γυναῖκα
1687 5032 1755 5085 δὲ
1770 5034 1983 5104 Ἀϐραμ

410 5116 519 5171 τοῦ
550 5116 684 5169 υἱοῦ
715 5113 900 5167 αὐτοῦ
925 5129 937 5140 ·
966 5112 1063 5166 καὶ
1079 5111 1371 5183 ἐξήγαγεν
1387 5114 1609 5180 αὐτοὺς
1642 5114 1711 5167 ἐκ
1742 5113 1851 5182 τῆς
1872 5116 1983 5184 χώ-

411 5215 521 5267 ρας
548 5197 667 5250 τῶν
694 5195 1025 5257 Χαλδαίων,
1059 5193 1415 5263 πορευθῆναι
1452 5198 1540 5261 εις
1586 5196 1701 5264 τὴν
1725 5197 1843 5266 γῆν
1865 5197 1985 5251 τῶν

412 5278 780 5339 Χαναναίων,
801 5276 897 5328 καί
917 5271 1102 5346 ἦλθεν
1128 5276 1233 5343 ἕως
1257 5277 1492 5345 Χαρρὰν
1511 5278 1605 5331 καί
1639 5278 1985 5348 κατῴκησεν

411 5361 563 5415 ἐκεῖ·
599 5360 696 5413 καί
748 5360 1025 5429 ἐγένοντο
1077 5359 1264 5415 πᾶσαι
1319 5363 1379 5413 αἱ
1424 5358 1633 5429 ἡμέραι
1684 5361 1878 5430 adma
1915 5363 1984 5417 ἐν

413 5444 651 5511 Χαρῤὰν
698 5442 803 5509 ἔτη
850 5441 1128 5495 διακόσια
1164 5441 1342 5495 πέντε
1364 5482 1379 5505 ,
1441 5442 1539 5496 καί
1587 5443 1885 5499 ἀπέθανεν
1914 5446 1985 5501 ἐν

413 5528 669 5597 Χαρράν.
700 5524 855 5580 Μετὰ
898 5526 1182 5596 ἀκριϐείας
1232 5526 1605 5597 προσέχωμεν,
1657 5529 1980 5599 παρακαλῶ,

411 5615 525 5674 τοῖς
560 5609 1007 5679 ἀναγνωσθεῖσιν,
1061 5609 1146 5661 ἴνα
1174 5608 1491 5677 δυνηθῶμεν
1542 5610 1863 5664 καταλαϐεῖν
1893 5611 1983 5665 τὸν

415 5692 540 5745 νοῦν
586 5692 693 5744 τῶν
733 5690 1215 5761 ἐγγεγραμμένων.
1266 5690 1395 5742 Ἰδοὺ
1428 5690 1534 5758 γὰρ
1586 5690 1644 5742 ἐν
1683 5693 1983 5763 προοιμίοις

417 5774 561 5827 δοκεῖ
589 5776 805 5844 ζήτημα
825 5769 963 5826 εἶναι
986 5775 1043 5825 ἐν
1060 5774 1173 5835 τοῖς
1197 5772 1523 5841 εἰρημένοις.
1550 5771 1654 5824 Τοῦ
1681 5773 1788 5845 γὰρ
1814 5793 1979 5845 μακαο

421 5856 538 5930 ρίου
566 5857 753 5911 τούτου
784 5858 1083 5929 προφήτου,
1106 5853 1199 5907 τοῦ
1233 5853 1506 5916 Μωῦσέως
1534 5852 1695 5923 λέγω,
1719 5856 1979 5922 εἰπόντος,

3534 286 3638 342 286
3672 310 3677 313 τ

2069 414 2151 465 ὅτι
2183 411 2402 465 Ἐλασε
2434 407 2631 475 Θάρῤα
2652 404 2760 458 τὸν
2780 401 3005 468 Ἀϐραμ
3032 399 3130 452 καὶ
3161 398 3268 452 τὸν
3294 402 3530 469 Ναχώρ.
3554 406 3648 458 καί

2067 493 2362 562 ἐξήγαγεν
2390 490 2457 543 ἐκ
2492 488 2605 558 τῆς
2643 482 2991 562 Χαλδαίων,
3025 476 3389 549 πορευθῆναι
3419 485 3507 548 εις
3538 484 3649 551 τὴν

2069 561 2196 645 γῆν
2210 576 2329 627 τῶν
2356 572 2726 634 Χαναναίων,
2764 565 2867 625 καί
2895 561 3083 635 ἦλθεν
3106 565 3219 632 ἓως
3254 566 3515 634 Χαρρὰν,
3554 570 3647 622 καί

2070 657 2420 723 κατῴκησεν
2446 654 2601 708 ἐκεῖ·
2642 654 2671 706 6
2696 653 2968 725 μακάριος
2996 647 3269 718 Στέφανος
3292 649 3651 719 ἐγκωμιάζων

2069 744 2194 805 τοὺς
2232 738 2516 802 Ἰουδαίους
2545 738 2729 810 φησίν·
2774 738 2829 789 '0
2856 733 3003 801 Θεὸς
3035 728 3143 802 τῆς
3172 731 3359 798 δόξης
3385 730 3550 801 ὤφθη
3573 733 3652 798 τῷ

2071 824 2247 893 πατρί
2275 823 2445 894 ἡμῶν
2477 822 2734 891 Ἀϐραὰμ
2769 814 2898 874 ὄντι
2929 821 3000 873 ἐν
3032 817 3482 885 Μεσοποταμίᾳ,
3513 817 3653 884 πρὶν

2071 910 2110 976 ἣ
2131 898 2482 973 κατοικῆσαι
2513 905 2699 960 αὑτὸν
2722 906 2792 958 ἐν
2818 903 3070 973 Χαρῤὰν,
3095 898 3394 963 κάκεῖθεν,
3411 899 3560 968 μετὰ
3585 899 3651 953 τὸ

2072 989 2400 1046 ἀποθανεῖν
2432 990 2541 1044 τὸν
2577 988 2801 1055 πατέρα
2830 987 3046 1047 αὐτοῦς
3075 982 3410 1054 μετῴκισεν
3446 985 3646 1037 αὐτόν.

2072 1077 2139 1129 Τί
2161 1069 2254 1129 οὖν
2284 1075 2467 1135 ἐστιν;
2509 1072 2846 1126 ἐναντιοῦται
2882 1071 3049 1140 ἑαυτῇ
3086 1072 3119 1140 ἡ
3149 1067 3269 1121 θεία
3302 1067 3493 1138 Γραφὴ
3519 1083 3534 1129 ς
3566 1065 3650 1138 Μὴ

2073 1159 2311 1227 γένοιτο’
2346 1158 2482 1211 ἀλλά
2523 1155 2750 1209 συνιδεῖν
2779 1155 2844 1207 ἐκ
2867 1154 3057 1207 τούτου
3105 1152 3394 1223 προσήκει.
3429 1151 3509 1205 ὅτι
3533 1150 3649 1204 θεο-

2074 1241 2261 1309 φιλοῦς
2288 1241 2440 1304 ὄντος
2465 1238 2557 1292 τοῦ
2590 1237 2779 1300 παιδὸς
2803 1277 2818 1299 ,
2856 1236 3045 1306 ὀφθεὶς
3086 1233 3236 1303 αὑτῷ
3258 1233 3288 1285 6
3316 1232 3447 1295 Θεὸς
3486 1249 3650 1301 προσ-

2075 1323 2229 1388 έταξε
2254 1322 2647 1394 μεταναστῆναι
2668 1319 2896 1373 ἐκεῖθεν.
2923 1320 3030 1373 Καὶ
3045 1317 3201 1371 τοῦτο
3222 1316 3382 1385 γνοὺς
3416 1317 3445 1368 ό
3462 1316 3649 1387 Θάρρα

2073 1407 2103 1458 6
2129 1406 2317 1459 τούτου
2348 1405 2547 1476 πατὴρ.
2571 1404 2619 1456 εί
2648 1403 2739 1456 καὶ
2768 1402 2993 1465 ἄπιστος
3018 1399 3331 1469 ἐτύγχανεν,
3368 1397 3483 1451 ἀλλ’
3504 1398 3650 1468 ὅμως

2077 1490 2181 1542 ὑπὸ
2219 1489 2311 1542 τοῦ
2344 1488 2476 1558 πρὸς
2520 1487 2611 1540 τὸν
2663 1485 2828 1538 παῖδα
2883 1483 3109 1554 φίλτρου
3148 1481 3473 1552 κοινωνῆσαι
3501 1480 3650 1549 αὑτῷ

2076 1572 2398 1636 κατεδέξατο
2433 1571 2532 1640 τῆς
2562 1568 2893 1639 ἀποδημίας,
2933 1567 3027 1619 καὶ
3056 1564 3227 1618 ἐλθὼν
3261 1564 3341 1626 είς
3377 1563 3475 1634 τὴν
3499 1564 3648 1634 Χαρ-

2080 1656 2198 1726 ρὰν,
2249 1655 2410 1706 κάκεῖ
2456 1654 2803 1721 κατοικήσας,
2855 1648 2996 1702 οὑτω
3032 1646 3332 1719 μετήλλαξε
3376 1646 3467 1699 τὸν
3505 1645 3645 1715 βίον·

2078 1741 2171 1794 καὶ
2193 1739 2314 1791 τότε
2342 1737 2697 1797 κελεύσαντος
2723 1733 2818 1787 τοῦ
2856 1732 2991 1785 Θεοῦ
3019 1731 3405 1802 μετανίσταται
3441 1731 3520 1792 είς
3552 1731 3653 1799 τὴν

2078 1819 2387 1874 Χαναναίαν
2408 1820 2437 1871 ό
2463 1818 2827 1888 πατριάρχης.
2862 1816 3077 1886 Ἀμέλει
3110 1814 3171 1867 οὑ
3202 1815 3464 1885 πρότερον
3494 1811 3656 1865 αὑτὸν

2078 1905 2107 1958 6
2130 1903 2262 1966 Θεὸς
2305 1902 2515 1955 ἐκεῖθεν
2564 1901 2852 1969 ἀνέστησε,
2889 1900 3081 1969 μέχρις
3099 1900 3189 1952 ὅτε
3214 1899 3409 1969 Θάρῤα
3445 1896 3657 1950 ἐτελεύ-

2079 2004 2228 2055 τησε.
2261 1985 2392 2038 Τότε
2415 1985 2524 2054 γὰρ
2548 1983 2686 2052 μετά
2701 1983 2801 2053 τὴν
2830 1982 3038 2036 ἐκείνου
3066 1981 3341 2051 τελευτὴν,
3371 1980 3525 2051 φησὶ,
3543 1979 3654 2033 Καὶ

2078 2066 2208 2123 εἶπε
2240 2070 2454 2134 Κύριος
2476 2065 2555 2132 τῷ
2581 2067 2794 2134 Ἄϐραμ
2817 2083 2831 2098 ο
2870 2066 3120 2129 Ἔξελθε
3147 2066 3216 2119 ἐκ
3242 2064 3353 2130 τῆς
3377 2065 3492 2133 τῆς
3513 2079 3653 2124 σου,

2082 2153 2176 2207 καὶ
2208 2153 2275 2205 ἐκ
2301 2151 2412 2219 τῆς
2439 2150 2791 2219 συγγενείας
2812 2163 2951 2212 σου,
2978 2149 3074 2203 καὶ
3100 2148 3171 2202 ἐκ
3216 2148 3324 2202 τοῦ
3347 2148 3513 2201 οἷκου
3549 2145 3657 2200 τοῦ

2083 2236 2304 2303 πατρός
2325 2249 2463 2296 σου,
2495 2232 2592 2286 καί
2627 2230 2802 2300 δεῦρο
2830 2233 2916 2297 εις
2946 2230 3082 2299 γῆν,
3120 2229 3203 2297 ἣν
3230 2230 3307 2284 ἆν
3334 2246 3430 2284 σοι
3458 2229 3651 2293 δείξω.

2082 2319 2189 2373 Καὶ
2224 2317 2456 2381 ποιήσω
2484 2331 2559 2369 σε
2587 2318 2675 2381 εὶς
2706 2315 2875 2379 ἔθνος
2896 2314 3068 2384 μέγα,
3099 2316 3197 2369 καί
3222 2313 3536 2384 εὐλογήσω
3558 2330 3655 2377 σε,

2083 2402 2179 2456 καί
2199 2400 2519 2470 pay-alvu?)
2563 2399 2628 2453 τὸ
2668 2400 2853 2467 ὄνομα
2882 2414 3020 2463 σου,
3054 2399 3153 2453 καί
3196 2399 3315 2465 ἔσῃ
3343 2396 3661 2468 εὐλογημέ-

2082 2502 2221 2552 νοςο
2255 2481 2351 2538 καὶ
2407 2480 2722 2552 εὐλογήσω
2777 2481 2918 2548 τοὺς
2959 2481 3365 2551 εὐλογοῦντας
3393 2495 3468 2534 σε
3491 2521 3508 2547 ,
3555 2480 3657 2535 καὶ

2083 2569 2223 2633 τοὺς
2246 2565 2699 2634 καταρωμένους
2722 2579 2797 2619 σε
2824 2565 3230 2634 καταράσομαι
3248 2582 3263 2596 ·
3294 2565 3391 2619 καὶ
3414 2565 3655 2618 brevio-

2083 2651 2449 2721 γηθήσονται
2475 2649 2546 2702 ἐν
2565 2648 2664 2702 σοι
2687 2648 2877 2703 πᾶσαι
2905 2651 2967 2702 αι
2998 2649 3182 2716 φυλαὶ
3205 2646 3317 2716 τῆς
3334 2646 3463 2717 γῆς.
3486 2647 3660 2700 Ἕκα-

2086 2750 2209 2786 στον
2232 2733 2340 2785 τῶν
2360 2733 2480 2801 είρη
2491 2731 2665 2800 μένων
2690 2731 2828 2802 μετά
2850 2730 3133 2800 ἀκριϐείας
3159 2730 3240 2784 διε
3249 2727 3657 2802 ρευνησώμεθα,

2086 2815 2175 2869 ἵνα
2201 2814 2400 2884 ἴδωμεν
2426 2813 2531 2882 τῆς
2560 2813 2785 2883 γνώμης
2809 2811 2903 2866 τοῦ
2930 2813 3268 2884 πατριάρχου
3299 2812 3361 2866 τὸ
3392 2810 3655 2880 φιλόθεον.

2155 2897 2245 2967 Μὴ
2275 2896 2384 2967 γάρ
2413 2895 2598 2959 ἀπλῶς
2626 2895 3076 2967 πα-ραδράμωμεν
3097 2897 3160 2949 τὸ
3206 2894 3513 2966 εἰρημένον,
3540 2893 3656 2947 ἀλλ’

2084 2980 2427 3050 ἐννοήσωμεν
2459 2979 2583 3042 ὅσος
2607 2978 2704 3031 τοῦ
2730 2980 3101 3048 ἐπιτάγματος
3119 2981 3148 3032 6
3167 2978 3352 3046 ὄγκος.
3386 2977 3657 3040 Ἔξελθε.

2086 3060 2270 3131 φησὶν,
2318 3061 2384 3115 ἐκ
2440 3060 2551 3128 τῆς
2581 3059 2692 3129 γῆς
2720 3074 2859 3122 σου,
2917 3060 3017 3115 καί
3049 3062 3118 3114 ὲκ
3151 3056 3262 3126 τῆς
3309 3060 3661 3128 συγγενείας

2086 3158 2223 3209 σου,
2258 3145 2357 3198 καὶ
2389 3144 2458 3197 ἐκ
2484 3143 2592 3198 τοῦ
2618 3144 2789 3197 οἴκου
2810 3142 2916 3197 τοῦ
2948 3143 3174 3210 πατρός
3193 3158 3332 3207 σου,
3360 3141 3459 3196 καὶ
3484 3142 3662 3209 δεῦρο

2086 3229 2174 3292 είς
2196 3225 2313 3295 τὴν
2338 3225 2475 3295 γῆν,
2504 3223 2581 3293 ἣν
2611 3226 2691 3280 ἀν
2715 3241 2814 3279 σοι
2845 3223 3040 3289 δείξω.
3076 3224 3380 3290 Κατάλιπε,
3408 3223 3558 3293 φησι,
3591 3222 3658 3277 τά

2086 3309 2219 3379 δῆλα
2239 3309 2333 3363 καὶ
2360 3309 2429 3364 τά
2447 3307 2863 3380 ὡμολογημένα,
2891 3306 2989 3361 καὶ
3016 3306 3355 3379 προτίμησον
3385 3307 3454 3361 τά
3492 3307 3660 3376 ἀᾶηλα

2088 3392 2180 3446 καὶ
2211 3392 2279 3447 τά
2315 3392 2389 3463 μὴ
2419 3392 2738 3462 φαινόμενα.
2758 3390 2959 3445 Σκόπει
2991 3390 3110 3454 πῶς
3144 3389 3205 3455 ἐξ
3246 3391 3422 3461 ἀρχῆς
3468 3392 3563 3444 καὶ
3595 3392 3660 3444 ἐκ

2088 3475 2387 3546 προοιμίων
2408 3472 2746 3545 ἐγυμνάζετο
2771 3477 2800 3528 6
2819 3475 3025 3537 δίκαιος
3052 3473 3121 3527 τὰ
3146 3473 3221 3544 μὴ
3237 3474 3532 3545 φαινόμενα
3552 3475 3663 3528 τῶν

2088 3557 2430 3626 φαινομένων
2458 3558 2748 3628 προτιμᾷν,
2775 3557 2869 3611 καὶ
2899 3557 2970 3611 τά
3004 3557 3263 3625 μέλλοντα
3307 3555 3417 3610 τῶν
3442 3557 3498 3609 ἐν
3534 3573 3663 3627 χερ-

2089 3640 2173 3693 σίν
2219 3641 2409 3694 όντων.
2459 3639 2595 3693 Οὐδὲ
2624 3639 2733 3710 γὰρ
2763 3639 2825 3692 τὸ
2853 3639 3017 3709 τυχὸν
3045 3634 3114 3709 ἦν
3167 3639 3305 3709 ὅπερ
3338 3638 3661 3693 ἐπιτάττετο

2088 3724 2330 3795 ποιῆσαι,
2384 3722 2536 3795 [509]
2588 3722 2911 3777 καταλιπεῖν
2933 3722 3034 3794 τὴν
3071 3723 3199 3793 γῆν,
3231 3721 3359 3775 ἔνθα
3408 3721 3661 3776 τοσοῦτον

2086 3805 2269 3876 ᾤκησε
2297 3804 2511 3876 χρόνον,
2537 3805 2634 3858 καὶ
2651 3806 2751 3877 τὴν
2773 3805 3091 3874 συγγένειαν
3107 3806 3346 3868 ἃπασαν,
3370 3807 3465 3859 καὶ
3488 3806 3662 3860 πάντα

2087 3887 2182 3941 τοῦ
2215 3886 2423 3958 πατρὸς
2445 3886 2537 3940 τὸν
2564 3881 2734 3951 οἷκον,
2764 3889 2859 3941 καὶ
2889 3889 3066 3941 ἐλθεῖν
3087 3887 3216 3942 ἔνθα
3251 3887 3326 3959 μὴ
3352 3887 3492 3960 ᾔδει,
3526 3888 3663 3958 μηδέ

2087 3968 2374 4038 ἠπίστατο.
2411 3969 2485 4023 Οὐ
2514 3970 2624 4041 γάρ
2646 3966 2801 4024 εἶπεν
2825 3971 2905 4032 είς
2931 3971 3093 4024 ποίαν
3126 3969 3290 4024 αὑτὸν
3320 3968 3500 4040 χώραν
3534 3969 3661 4039 βού-

2086 4052 2237 4107 λεται
2279 4055 2631 4125 μεταστῆσαι.
2663 4053 2797 4107 ἀλλὰ
2822 4053 2901 4122 τῷ
2920 4054 3213 4127 ἀδιορίστῳ
3237 4053 3330 4106 τοῦ
3360 4053 3661 4123 ἐπιτάγμα-

2087 4153 2176 4198 τος
2209 4135 2482 4206 ἐγύμναζε
2519 4135 2612 4188 τοῦ
2660 4135 3004 4207 πατριάρχου
3042 4136 3104 4189 τὸ
3157 4135 3425 4204 φιλόθεον.
3481 4134 3661 4203 Δεῦρο

2088 4215 2216 4287 γάρ,
2250 4218 2433 4287 φησιν,
2461 4219 2548 4282 είς
2574 4215 2688 4285 τὴν
2723 4216 2858 4285 τὴν,
2892 4215 2972 4283 ἦν·
2998 4217 3076 4269 ἄν
3102 4232 3202 4270 σοι
3224 4217 3417 4281 δείξω.
3448 4218 3659 4287 Ἐννόη-

2090 4300 2181 4351 σόν
2224 4316 2335 4369 μοι,
2383 4299 2656 4370 ἀγαπητὲ,
2689 4300 2837 4363 ὅπως
2873 4299 3083 4369 ὑψηλῆς
3141 4299 3311 4353 ἐδεῖτο
3343 4299 3564 4369 γνώμης
3602 4300 3662 4353 τὸ

2088 4380 2385 4451 ἐπίταγμα,
2422 4383 2516 4435 καὶ
2545 4382 2786 4452 μηδεμιᾷ
2815 4381 3157 4453 προσπαθείᾳ
3186 4381 3217 4452 ἢ
3250 4382 3506 4454 συνηθείᾳ
3533 4400 3660 4436 κατ-

2087 4462 2371 4533 εχομένης.
2409 4464 2471 4516 Εἰ
2494 4464 2601 4536 γὰρ
2636 4462 2729 4517 νῦν
2766 4465 2903 4533 μετὰ
2957 4464 3016 4517 τὸ
3066 4463 3342 4517 ἐπιδοῦναι
3383 4466 3482 4535 τὴν
3508 4465 3661 4517 εὑσέ-

2088 4546 2260 4606 ϐειαν,
2294 4544 2464 4609 οὕτως
2493 4547 2601 4599 εἰσὶ
2633 4546 2815 4599 πολλοὶ
2847 4548 2913 4617 τῇ
2943 4545 3201 4616 συνηθείᾳ
3226 4545 3655 4617 προσδεδεμένοι,

2086 4626 2161 4688 ὡς
2194 4626 2288 4678 καὶ
2321 4627 2578 4698 μυριάκις
2607 4628 2673 4681 ἂν
2703 4627 2925 4691 ἕλοιντο,
2956 4626 3057 4680 κᾶν
3086 4627 3301 4697 ἀνάγκη
3338 4627 3654 4701 κατεπείγῃ,

2089 4709 2265 4762 πάντα
2295 4709 2601 4779 ὑπομεῖναι,
2628 4710 2660 4780 ἢ
2682 4710 2788 4762 τῶν
2807 4710 2987 4764 τόπων
3008 4710 3359 4780 μεταστῆναι,
3377 4710 3505 4764 ἔνθα
3532 4711 3661 4782 πρό-

2086 4809 2242 4863 τερον
2266 4792 2364 4852 τὴν
2395 4790 2605 4863 οἴκησιν
2631 4792 2807 4862 ἔσχον,
2846 4793 2937 4845 καὶ
2962 4791 3133 4846 ταῦτα
3172 4794 3273 4846 οὑκ
3308 4794 3401 4847 ἐπὶ
3437 4793 3543 4847 τῶν
3570 4811 3661 4845 τυ-

2088 4875 2292 4945 χόντων
2317 4874 2476 4944 μόνον
2504 4873 2713 4945 ἀνδρῶν
2744 4874 2890 4928 ἔστιν
2937 4874 3083 4937 ίδεῖν,
3124 4875 3261 4928 άλλά
3303 4877 3395 4929 καὶ⁴
3447 4876 3541 4927 ἐπὶ
3567 4893 3659 4944 φυε

2088 4958 2291 5027 γόντων
2320 4958 2445 5017 τοὺς
2471 4958 2528 5009 ἐν
2559 4956 2710 5027 μέσῳ
2736 4956 3015 5026 θορύϐους,
3051 4958 3257 5011 καὶτὸν
3284 4957 3393 5011 τῶν
3416 4957 3661 5028 μοναχῶν

2088 5038 2359 5109 ἑλομένων
2398 5037 2542 5108 βίον·
2586 5036 2765 5108 πολλῴ
2806 5038 2871 5108 δὴ
2928 5039 3127 5108 μᾶλλον
3172 5041 3293 5093 τότε
3341 5041 3432 5094 τὸν
3457 5041 3660 5093 δίκαιον

2086 5119 2269 5174 τοῦτον
2325 5120 2471 5184 είκὸς
2525 5114 2592 5190 ἦν
2618 5119 2940 5190 δυσχερᾶναι
2974 5121 3109 5192 πρὸς
3141 5122 3203 5174 τὸ
3235 5122 3532 5193 ἐπίταγμα,
3566 5123 3661 5176 καὶ

2087 5202 2441 5273 ὀκνηρότερον
2467 5202 2821 5272 καταστῆναι.
2844 5202 3086 5269 Ἔξελθε,
3103 5204 3257 5274 φησὶ,
3279 5204 3372 5257 καὶ
3394 5204 3658 5259 κατάλιπε

2087 5286 2211 5347 τοὺς
2233 5286 2532 5353 συγγενεῖς,
2550 5285 2749 5338 καὶτὸν
2770 5281 2918 5339 οἷκον
2934 5285 3024 5340 τὸν
3046 5286 3333 5357 πατρικὸν,
3363 5286 3457 5339 καὶ
3477 5286 3663 5354 Δεῦρο

2087 5369 2173 5433 είς
2199 5366 2334 5436 γῆν.
2361 5365 2441 5433 ἢν
2453 5368 2531 5420 ἄν
2552 5383 2653 5422 σοι
2673 5367 2870 5433 δείξω.
2894 5369 3027 5422 Τίνα
3040 5363 3134 5423 οὖν
3149 5368 3250 5422 οὑκ
3277 5370 3343 5423 ἂν
3361 5368 3657 5439 ἐθορύϐησε

2086 5450 2245 5503 ταυτὶ
2276 5449 2345 5503 τὰ
2380 5451 2635 5521 ρήματα;
2685 5450 2822 5504 Οὔτε
2848 5451 2941 5505 τὸν
2965 5451 3151 5516 τόπον,
3188 5450 3311 5505 οὔτε
3352 5453 3450 5522 τήν
3479 5452 3658 5523 χώραν

2086 5532 2252 5602 δήλην
2295 5531 2442 5602 αὑτῷ
2470 5535 2631 5599 ποιεῖ,
2663 5532 2801 5586 ἀλλὰ
2827 5533 2905 5603 τῷ
2938 5534 3225 5604 ἀδιορίστῳ
3255 5534 3529 5604 βασανίζει
3565 5534 3659 5587 τοῦ

2086 5614 2294 5668 δικαίου
2322 5614 2421 5684 τὴν
2453 5613 2700 5687 γνώμην.
2744 5614 2808 5669 El
2834 5617 2942 5689 γὰρ
2978 5617 3164 5688 ἕτερός
3194 5635 3280 5680 τις
3326 5614 3394 5689 ἦν
3418 5619 3447 5671 6
3478 5618 3660 5671 κελευ-

2090 5696 2256 5759 σθεὶς,
2287 5697 2380 5749 καὶ
2400 5690 2481 5761 εἷς
2512 5697 2620 5751 τῶν
2644 5698 2874 5762 πολλῶν,
2904 5696 3057 5752 εἶπεν
3075 5699 3161 5751 ἀν’
3191 5695 3389 5755 Ἐστωο
3420 5700 3659 5762 κελεύεις

2091 5794 2158 5847 με
2174 5777 2488 5833 καταλιπεῖν
2504 5779 2603 5851 τήν
2628 5780 2733 5850 γῆν
2754 5780 2881 5834 ἔνθα
2904 5781 2998 5834 νῦν
3022 5782 3177 5845 οίκῶ,
3199 5785 3299 5853 τὴν
3321 5784 3655 5853 συγγένειαν,

2087 5859 2179 5913 τὸν
2223 5857 2369 5914 οἷκον
2416 5861 2506 5915 τὸν
2538 5862 2833 5932 πατρικόνο
2885 5863 3029 5927 τίνος
3058 5863 3244 5918 ἕνεκεν
3292 5866 3409 5932 οὑχὶ
3442 5867 3534 5921 καὶ
3564 5863 3656 5920 τὸν
