4066 6140
390 355 495 410 285
1337 349 1401 405 IN
1438 348 1599 405 CAP.
1634 351 1725 405 ΧΙ.
1768 351 1854 404 ΕΤ
1895 350 1983 404 ΧΙΙ

392 482 508 520 tuus
537 482 551 517 :
581 464 673 519 sed
701 463 931 533 contenti
953 463 1117 541 simus
1142 461 1406 517 dominica
1433 463 1608 516 laude.
1642 462 1798 534 Cujus
1824 465 1937 517 laus
1958 504 1972 528 ,

390 559 590 627 inquit,
636 574 736 610 non
775 573 838 610 ea:
876 556 1188 621 hominibus,
1218 555 1309 608 sed
1336 571 1403 608 ea:
1426 554 1534 608 Deo
1575 554 1748 625 (Rom.
1775 554 1829 607 2.
1856 554 1973 624 29).

392 649 456 703 Et
496 665 601 718 quo
644 648 810 717 magis
842 646 1123 701 virtutibus
1152 646 1540 715 locupletamur
1564 655 1617 701 et
1643 646 1935 701 crescimus
1960 687 1974 710 ,

390 740 489 794 hoc
518 755 685 809 magis
715 740 938 795 modesti
970 741 1135 793 simus
1156 749 1212 793 et
1233 737 1588 793 humiliemur.
1621 738 1752 793 Nam
1780 740 1878 793 etsi
1910 738 1975 793 ad

386 846 650 885 siniuuum
692 832 899 885 virtutis
944 832 1150 899 apicem
1194 830 1595 900 pertigerimus,
1637 829 1684 883 si
1728 829 1780 884 id
1828 839 1978 899 grato

385 923 567 976 animo
592 938 714 976 cum
750 922 839 975 Dei
865 922 1135 977 beneficiis
1161 937 1531 990 comparemus
1549 963 1563 985 ,
1592 921 1749 976 facile
1776 922 1978 976 videbi-

326 1069 337 1086 ,
385 1029 503 1067 mus
523 1055 537 1078 ,
586 1029 653 1068 ne
695 1014 966 1066 minimam
1012 1013 1223 1082 quidem
1252 1024 1455 1082 partem
1485 1027 1583 1067 nos
1608 1027 1791 1066 eorum
1814 1054 1829 1079 ,
1859 1028 1977 1081 quae

384 1108 436 1160 in
470 1122 568 1161 nos
608 1105 871 1170 contulit,
900 1104 1235 1174 adaequasse.
1266 1105 1398 1158 l’linc
1427 1104 1569 1158 enim
1597 1118 1785 1157 omnes
1808 1103 1976 1156 sancti

384 1196 589 1265 probati
635 1197 876 1260 fuerunt,
917 1205 971 1249 et
1008 1195 1116 1249 Deo
1140 1195 1365 1264 accepti.
1395 1193 1507 1247 lloc
1538 1203 1594 1247 ut
1614 1193 1818 1259 discas,
1849 1193 1975 1247 audi

384 1287 660 1342 doctorem
701 1286 875 1349 orbis,
920 1286 1148 1339 animam
1190 1285 1329 1338 illam
1361 1300 1478 1354 qua:
1509 1285 1560 1337 in
1591 1284 1780 1338 etclam
1812 1299 1977 1353 usque

385 1381 666 1450 pertingit,
710 1379 977 1449 quomodo
1026 1386 1145 1447 post
1190 1386 1268 1431 tot
1314 1377 1565 1446 prteclara
1610 1392 1807 1445 Opera,
1860 1384 1978 1444 post

385 1483 586 1528 tantum
605 1473 671 1527 de
688 1474 819 1527 czclo
850 1470 1207 1526 testimonium
1230 1468 1365 1541 (Vas
1380 1469 1542 1535 enim,
1570 1468 1759 1537 inquit,
1781 1467 1978 1521 electio-

381 1569 459 1621 nis
485 1578 555 1620 est
578 1566 700 1618 mihi
723 1566 805 1618 Itic
832 1564 967 1636 [Αει.
996 1564 1048 1618 9.
1077 1561 1177 1634 15]
1198 1564 1237 1631 ),
1271 1578 1375 1615 nou
1407 1561 1735 1616 obliviscitur
1760 1574 1976 1614 suorum

380 1660 733 1724 delictorum,
764 1658 856 1713 sed
878 1656 1136 1711 ambabus
1166 1654 1440 1719 manibus,
1469 1662 1526 1707 ut
1552 1652 1733 1719 aiunt,
1761 1667 1821 1704 ea
1856 1666 1973 1704 ver-

379 1760 496 1817 sat,
529 1760 583 1805 et
613 1766 784 1820 neque
807 1764 993 1803 eorum
1024 1748 1336 1802 memoriam
1365 1745 1635 1800 obliterari
1667 1744 1884 1814 patitur,
1909 1742 1975 1796 de

378 1842 571 1909 quibus
615 1841 945 1895 certissimus
980 1847 1129 1904 erat,
1176 1838 1288 1906 ipsa
1335 1852 1429 1905 per
1468 1835 1786 1905 baptismum
1817 1836 1976 1889 fuisse

378 1933 617 1996 dimissa,
641 1933 732 1987 sed
750 1933 941 1985 clamat
959 1940 1010 1985 et
1027 1929 1151 1985 dicit
1177 1946 1193 1983 :
1221 1928 1270 1980 Μ
1280 1929 1462 1982 inimus
1480 1945 1594 1982 sum
1612 1927 1974 1997 apostolorum,

377 2034 426 2077 et
459 2040 559 2077 non
598 2039 709 2076 sum
745 2023 927 2092 dignus
956 2020 1126 2075 vocari
1156 2020 1415 2089 apostolus
1442 2018 1519 2090 (l.
1546 2018 1663 2072 Cor.
1695 2019 1781 2073 15.
1807 2016 1884 2089 9).
1912 2018 1977 2071 Et

378 2126 582 2181 postea,
603 2123 658 2166 nt
679 2115 944 2183 ingentem
968 2112 1084 2181 ejus
1113 2111 1381 2164 discamus
1406 2110 1776 2175 humilitatem,
1796 2108 1972 2163 addit:

380 2203 457 2257 Eo
486 2205 619 2271 quod
643 2213 968 2274 persequutus
993 2219 1100 2255 sunt
1137 2202 1415 2255 Ecclesium
1448 2200 1559 2253 υιί.
1592 2200 1727 2267 Quid
1756 2201 1868 2270 agis
1888 2242 1902 2264 ,
1933 2215 1965 2255 0

378 2295 583 2350 Paule?
628 2296 882 2349 Dmuinns
924 2310 1018 2362 per
1060 2291 1476 2347 misericordiam
1517 2306 1666 2345 suam
1700 2291 1893 2345 delevit
1921 2300 1975 2345 et

377 2388 577 2442 dimisit
619 2388 795 2440 onniia
838 2396 1052 2455 peccata
1098 2394 1204 2450 tua,
1250 2392 1303 2437 et
1344 2394 1399 2437 tu
1447 2397 1508 2437 ea
1546 2381 1718 2435 adlmc
1744 2382 1972 2435 subinde

378 2495 559 2534 versas
580 2520 595 2544 ,
639 2489 693 2532 ct
732 2478 1041 2531 memoras?
1087 2476 1260 2530 Etiam
1293 2493 1305 2527 :
1334 2474 1445 2529 scio
1474 2474 1615 2528 enim
1638 2514 1652 2538 ,
1687 2472 1891 2542 inquit,
1920 2482 1973 2526 et

376 2588 484 2626 non
530 2573 714 2641 ignoro
742 2571 1027 2623 Dominum
1054 2584 1229 2622 meum
1262 2568 1350 2620 illa
1377 2566 1642 2620 dimisisse
1677 2583 1688 2616 :
1719 2564 1812 2619 sed
1844 2564 1968 2617 dum

378 2678 584 2717 mecum
612 2662 890 2717 considero
916 2677 1033 2729 qua:
1055 2659 1269 2714 fecerim
1290 2698 1305 2722 ,
1333 2668 1386 2711 et
1410 2658 1566 2711 video
1590 2657 1780 2710 divinae
1804 2660 1903 2708 mis
1916 2674 1971 2709 e-

376 2756 620 2811 ricorditc
660 2756 878 2824 pelagus
907 2770 920 2805 :
957 2763 1081 2806 tunc
1113 2751 1281 2821 probe
1301 2750 1447 2803 disco
1473 2764 1558 2802 me
1584 2748 1752 2817 gratia
1785 2759 1838 2801 et
1866 2746 1968 2798 mi-

375 2847 666 2902 sericordia
714 2846 803 2899 Dei
838 2859 959 2899 esse
989 2844 1037 2896 id
1066 2841 1205 2911 quod
1235 2856 1373 2894 sum.
1404 2839 1534 2893 Nam
1567 2854 1686 2892 cum
1717 2837 1969 2907 dixisset,

377 2941 498 2995 Non
542 2958 653 2994 sum
700 2940 886 3008 dignus
919 2937 1086 2990 vocari
1110 2936 1370 3005 apostolus
1390 2974 1405 2999 ,
1434 2950 1491 2987 eo
1521 2933 1655 3002 quod
1690 2931 1966 2983 Ecclesium

374 3034 469 3088 Dei
498 3051 608 3087 sum
640 3041 962 3101 persequutus
982 3071 996 3093 ,
1022 3029 1256 3084 subdidit
1289 3046 1301 3080 :
1336 3025 1515 3080 Gratia
1541 3036 1711 3078 autem
1743 3023 1837 3076 Dei
1857 3039 1966 3076 sum

373 3130 429 3183 id
468 3129 603 3198 quod
646 3145 756 3183 sum
799 3125 958 3195 (Ibid.
983 3140 1029 3178 υ.
1072 3123 1181 3192 10).
1223 3123 1336 3191 Ego
1356 3119 1592 3190 quidem,
1616 3118 1804 3187 inquit,
1829 3124 1966 3169 tarda

375 3221 585 3276 ferebar
608 3220 811 3273 insania
837 3235 850 3283 ;
882 3215 1160 3271 inelfabilis
1190 3224 1369 3267 autem
1402 3211 1518 3281 ejus
1541 3209 1750 3265 bonitas
1773 3216 1825 3261 et
1845 3222 1966 3276 gra-

373 3317 442 3369 tia
476 3313 842 3367 remissionem
867 3308 1033 3363 dedit.
1059 3307 1277 3361 Vidistis
1299 3304 1527 3357 animam
1554 3301 1839 3355 contritam
1867 3340 1882 3364 ,
1914 3307 1968 3352 et

372 3408 682 3463 memoriam
729 3411 1065 3474 peccatorum
1087 3441 1102 3465 ,
1148 3414 1267 3469 qum
1309 3406 1433 3451 ante
1462 3395 1781 3463 baptismum
1813 3408 1964 3446 com-

374 3502 614 3564 miserat,
648 3506 904 3566 perpetuo
936 3491 1397 3548 circumferentem
1425 3488 1446 3540 ?
1473 3488 1621 3541 Illum
1644 3494 1698 3540 et
1722 3500 1819 3538 nos
1846 3482 1962 3537 imi-

374 3600 582 3654 temur,
631 3599 683 3643 et
725 3601 912 3642 eorum
955 3600 1074 3654 quae
1121 3590 1241 3651 post
1284 3579 1606 3648 baptismum
1648 3575 1965 3630 admisimus

371 3682 607 3751 quotidie
653 3692 919 3733 memores
938 3718 953 3743 ,
986 3676 1345 3742 continuoque
1372 3686 1432 3724 ca
1464 3671 1515 3723 in
1541 3677 1719 3723 mente
1743 3680 1962 3720 versan-

371 3782 451 3826 tes
476 3813 488 3836 ,
518 3784 805 3838 numquam
836 3767 1205 3836 permittamus
1229 3772 1286 3816 ut
1311 3762 1547 3831 ipsorum
1563 3758 1962 3813 obliviscmnur.

373 3863 485 3917 lloc
514 3861 654 3916 enim
684 3860 891 3913 frenum
918 3856 1145 3912 sufficiet
1171 3855 1237 3908 ad
1264 3850 1655 3908 humiliandum
1678 3862 1796 3915 nos,
1822 3857 1877 3902 et
1894 3847 1961 3901 ad

372 3952 688 4008 modestiam
731 3947 1167 4019 ingenerandam.
1198 3946 1266 3998 Et
1294 3943 1419 4013 quid
1447 3942 1568 3996 dico
1595 3941 1815 3996 Paulum
1844 3948 1963 3993 tau-

372 4056 481 4100 tum
510 4055 564 4099 et
594 4044 750 4097 talem
784 4043 953 4095 virum
978 4040 999 4093 ti
1035 4039 1124 4093 Vis
1155 4038 1338 4091 videre
1367 4035 1526 4090 etiam
1553 4049 1646 4089 eos
1672 4034 1760 4103 qui
1789 4034 1843 4086 in
1867 4048 1963 4086 ve-

372 4141 469 4194 teri
517 4138 629 4207 lcge
676 4136 798 4189 hinc
842 4138 1071 4187 maxime
1109 4133 1448 4193 claruerunt,
1480 4126 1621 4197 quod
1654 4137 1774 4197 post
1803 4126 1962 4179 innu-

372 4245 518 4285 mera
550 4229 685 4281 bona
709 4241 902 4297 opera,
932 4234 986 4280 et
1010 4222 1331 4277 ineffabilem
1362 4219 1501 4290 apud
1526 4220 1692 4275 Deum
1717 4218 1960 4273 ﬁduciam

371 4320 598 4375 modesti
648 4319 880 4373 fuerint?
920 4316 1059 4371 Audi
1094 4313 1220 4384 quid
1267 4312 1410 4366 dicat
1448 4310 1783 4380 patriarcha,
1809 4317 1958 4379 post-

369 4428 528 4482 quam
558 4408 998 4465 consuetudinem
1022 4422 1141 4461 cum
1175 4407 1282 4459 Deo
1310 4402 1527 4467 habuit,
1564 4410 1619 4455 et
1643 4402 1777 4454 facta
1805 4410 1887 4455 est
1908 4400 1957 4454 ei

370 4503 654 4574 promissio
695 4519 709 4556 :
757 4502 868 4574 Ego
908 4510 1075 4554 autem
1104 4540 1119 4564 ,
1167 4497 1373 4566 inquit,
1422 4505 1557 4547 terra
1594 4510 1706 4546 sum
1746 4502 1794 4546 et
1833 4492 1959 4545 cinis

370 4589 522 4660 (Gen.
559 4589 644 4643 18.
675 4588 787 4657 27).

442 4685 494 4737 5.
536 4684 802 4738 Caeterum
843 4678 965 4749 quia
994 4676 1045 4730 in
1075 4672 1388 4744 patriarcha:
1413 4670 1737 4724 mentionem
1765 4665 1957 4721 incidi-

373 4793 492 4832 mus
513 4818 524 4840 ,
549 4777 593 4830 si
617 4776 818 4845 placet,
844 4787 907 4826 ea
930 4785 1048 4840 quae
1073 4766 1231 4821 hodie
1259 4766 1392 4817 lecta
1418 4770 1543 4816 sunt
1561 4802 1576 4825 ,
1598 4772 1958 4828 proponamus

373 4867 581 4923 caritati
621 4874 811 4920 vestrae
834 4903 850 4929 ,
895 4875 1001 4930 quo
1044 4858 1147 4911 illis
1173 4854 1453 4924 explicatis
1479 4852 1752 4905 videamus
1780 4847 1957 4901 excel-

377 4962 571 5014 lentem
600 4957 724 5027 justi
750 4956 1018 5008 virtutem.
1046 4952 1135 5006 51.
1167 4948 1233 5001 Et
1260 4946 1451 5015 accepit
1475 4986 1491 5011 ,
1520 4943 1684 5013 inquit
1709 4982 1721 5005 ,
1758 4940 1958 4994 Tharra

377 5054 563 5107 Abram
600 5060 645 5103 et
675 5046 883 5101 Nae/tor
913 5046 1044 5113 ﬁlios
1073 5059 1188 5096 suos
1211 5083 1228 5107 ,
1254 5050 1299 5094 et
1326 5039 1421 5093 Lot
1448 5037 1615 5107 ﬁlium
1641 5036 1735 5103 ﬁlii
1760 5035 1839 5087 sui
1869 5049 1887 5086 :
1910 5042 1958 5086 et

377 5146 562 5200 Suram
603 5156 786 5195 nurum
824 5154 967 5191 suam
986 5176 1001 5201 ,
1042 5150 1249 5187 uxorem
1272 5140 1439 5184 autem
1468 5129 1616 5181 Abrte
1643 5127 1737 5193 ﬁlii
1767 5127 1845 5178 sui
1866 5164 1879 5186 ,
1909 5132 1957 5176 et

376 5233 550 5288 eduxit
589 5248 671 5284 eos
701 5245 765 5283 ea:
787 5237 922 5281 terra
947 5225 1323 5285 Chaltlteorum,
1365 5230 1418 5272 ut
1445 5217 1879 5288 proﬁciscerentur
1904 5214 1958 5265 in

376 5338 558 5379 terram
582 5323 1003 5377 Chananteorum,
1030 5325 1074 5367 et
1098 5314 1227 5367 venit
1246 5325 1399 5379 usque
1419 5310 1484 5361 ad
1510 5306 1761 5369 Charran,
1792 5315 1836 5358 et
1867 5304 1958 5355 lut-

374 5420 546 5473 bitarit
576 5418 698 5469 illic.
729 5413 814 5465 5‘2.
850 5409 917 5463 Et
944 5414 1144 5472 {uerunt
1164 5420 1334 5457 omnes
1359 5402 1466 5454 dies
1495 5398 1702 5451 Tharra:
1722 5398 1773 5447 in
1797 5394 1959 5449 Char-

374 5527 489 5568 run,
529 5508 648 5559 anni
683 5508 880 5555 ducenti
923 5498 1138 5565 quinque
1157 5535 1172 5559 ,
1201 5505 1245 5547 et
1278 5502 1502 5545 mortuus
1531 5498 1601 5542 est
1630 5489 1682 5540 in
1708 5486 1952 5539 Charran.

377 5604 625 5658 Animum
653 5598 954 5664 diligenter,
981 5591 1224 5647 obsecro,
1258 5587 1321 5639 iis
1350 5598 1468 5653 quae
1496 5584 1627 5635 lecta
1654 5588 1776 5632 sunt
1800 5577 1957 5631 adhi-

374 5698 597 5749 beamus
620 5730 634 5755 ,
683 5699 738 5742 ut
780 5695 1010 5740 mentem
1058 5696 1271 5742 eormn,
1304 5692 1421 5745 qua:
1444 5677 1492 5728 in
1517 5672 1726 5741 scriptis
1754 5670 1916 5723 latent
1940 5711 1953 5730 ,

379 5780 857 5855 deprehendamus.
894 5776 1029 5830 Ecce
1059 5772 1199 5826 enim
1233 5784 1358 5823 mox
1385 5769 1435 5820 in
1467 5764 1724 5836 principio
1749 5760 1955 5815 videtur

1994 389 2007 402 .
2050 350 2295 409 GENES.
2339 354 2567 411 llOMlL.
2610 356 2801 413 XXXI.

3569 371 3674 424 286

2090 479 2210 519 esse
2256 470 2500 535 quaestio.
2532 469 2666 523 Nam
2695 485 2816 525 cum
2846 472 2935 527 ille
2960 474 3146 530 beatus
3176 478 3429 548 propheta
3452 523 3468 546 ,
3505 482 3678 540 Moses

2085 555 2297 625 inquam
2323 599 2339 622 ,
2365 558 2557 613 dixerit
2587 577 2601 613 :
2628 561 2833 632 Accepit
2857 562 3058 619 Tharra
3086 567 3273 621 Abram
3292 581 3339 624 et
3363 571 3592 641 Nacltor,
3631 587 3678 631 ct

2083 646 2252 699 eduxit
2288 665 2351 702 ea:
2378 660 2508 702 terra
2548 651 2923 718 Clialdworum,
2956 668 3008 708 ut
3037 659 3471 726 proﬁciscerentur
3496 666 3548 718 in
3575 676 3675 719 ter-

2081 752 2190 788 ram
2212 737 2618 793 Chanameorum
2648 757 2668 795 :
2696 753 2742 795 et
2769 744 2899 797 venit
2926 763 3081 814 usque
3104 749 3173 801 ad
3196 749 3446 821 Chanan,
3467 765 3513 808 et
3535 757 3678 811 habi-

2084 827 2203 878 tavit
2228 828 2333 881 illic
2356 844 2375 881 :
2405 829 2593 883 beatus
2622 832 2924 901 Stephanus
2952 835 3166 895 Judzeos
3199 841 3443 911 laudans,
3471 845 3672 916 inquit:

2084 917 2219 971 Deus
2255 920 2434 990 gloriw
2469 923 2603 977 visus
2637 935 2708 978 est
2736 928 2867 993 patri
2895 940 3065 983 nostra
3091 932 3380 1003 Abraham,
3410 954 3524 991 cum
3551 953 3676 995 esset

2084 1010 2135 1063 in
2168 1009 2553 1081 Mesopotamia,
2579 1018 2876 1087 priusquam
2899 1022 3142 1077 habitaret
3170 1026 3221 1078 in
3242 1024 3496 1095 Charran,
3523 1041 3569 1084 et
3596 1034 3675 1087 il-

2083 1101 2214 1191 linc,
2258 1114 2521 1173 postquam
2550 1118 2773 1163 mortuus
2802 1121 2872 1163 est
2908 1123 3049 1175 pater
3074 1116 3183 1185 ejus
3203 1157 3217 1180 ,
3247 1120 3499 1188 proﬁcisci
3517 1123 3675 1191 jussit

2082 1189 2221 1259 (Act.
2266 1193 2318 1246 7.
2360 1194 2414 1246 ε.
2446 1196 2524 1265 ιι).
2556 1198 2691 1264 Quid
2731 1200 2923 1269 igitur?
2952 1204 3283 1263 dissidentne
3310 1224 3341 1263 a
3373 1189 3562 1281 seipsis
3589 1215 3673 1268 di-

2082 1285 2217 1337 vinae
2258 1284 2591 1355 Scriptura)?
2631 1292 2821 1357 Absit;
2862 1294 2957 1348 sed
3009 1312 3072 1351 ex
3113 1298 3215 1353 hoc
3251 1301 3676 1361 animadvertere

2086 1374 2244 1442 licet,
2275 1379 2416 1445 quod
2446 1394 2565 1433 cum
2596 1380 2734 1435 [ilius
2761 1384 3039 1454 religiosus
3069 1398 3245 1456 esset,
3274 1392 3417 1447 visus
3443 1394 3493 1448 ei
3524 1396 3664 1451 Deus

2082 1464 2363 1533 imperavit
2403 1478 2457 1522 ut
2501 1469 2623 1525 inde
2660 1472 2931 1541 migraret.
2959 1475 3110 1544 Quod
3141 1490 3198 1533 ut
3220 1482 3434 1550 agnovit
3464 1483 3667 1540 Tharra

2085 1566 2232 1623 pater
2251 1558 2388 1627 ejus,
2420 1561 2543 1615 licet
2570 1562 2798 1618 infidelis
2825 1578 2988 1632 esset,
3011 1579 3243 1626 attamen
3272 1571 3341 1626 ob
3360 1589 3596 1631 amorem
3618 1578 3670 1632 in

2082 1646 2247 1701 lilium
2290 1652 2468 1705 socius
2508 1653 2581 1706 illi
2626 1657 3066 1725 peregrinationis
3111 1675 3230 1715 esse
3272 1664 3456 1718 voluit.
3502 1666 3566 1720 Et
3613 1678 3669 1721 ut

2081 1740 2226 1793 venit
2243 1741 2294 1794 in
2317 1741 2574 1809 Charran,
2593 1760 2655 1799 ac
2679 1746 2783 1802 illic
2801 1746 3055 1805 habitavit
3076 1751 3419 1822 aliquamdiu,
3440 1757 3545 1811 vita
3569 1758 3669 1813 hac

2080 1846 2160 1883 ex:
2180 1832 2310 1884 essit
2343 1849 2354 1883 :
2390 1834 2685 1900 patriarcha
2715 1847 2891 1892 autem
2922 1850 3044 1894 tunc
3065 1841 3286 1910 jubcnte
3316 1845 3424 1899 Deo
3449 1847 3499 1899 in
3526 1846 3668 1901 Cha-

2082 1935 2323 1974 naiueam
2338 1926 2623 1978 concessit.
2651 1927 2885 1997 Denique
2914 1947 3019 1985 non
3050 1943 3204 1987 antea
3231 1950 3355 1988 eum
3387 1937 3523 1990 Deus
3548 1939 3669 1993 inde

2078 2012 2339 2079 evocavit,
2353 2012 2524 2068 donec
2542 2028 2783 2072 mortuus
2800 2031 2881 2074 est
2894 2020 3116 2075 Tharra.
3136 2023 3287 2079 Tunc
3300 2026 3443 2080 enim
3469 2028 3556 2080 illo
3577 2029 3670 2083 de-

2078 2102 2278 2172 functo,
2296 2104 2466 2175 inquit
2483 2108 2527 2160 :l
2540 2146 2552 2158 .
2564 2106 2713 2177 (Cap.
2728 2108 2813 2180 12)
2834 2111 2897 2165 Et
2913 2114 3041 2168 dixit
3060 2114 3301 2170 Dominus
3314 2118 3490 2173 Abrte:
3508 2118 3666 2190 Egre-

2077 2192 2194 2246 dere
2214 2194 2276 2247 de
2297 2204 2430 2247 terra
2461 2207 2568 2263 tua,
2598 2207 2646 2251 et
2675 2199 2736 2251 de
2761 2205 3057 2270 cognatione
3082 2214 3171 2256 tua
3194 2245 3208 2269 ,
3239 2216 3285 2259 et
3311 2206 3372 2260 de
3398 2209 3546 2262 domo
3572 2227 3671 2278 pu-

2077 2286 2166 2338 tris
2189 2287 2293 2350 tui,
2329 2298 2373 2340 et
2400 2290 2510 2341 veni
2538 2291 2589 2343 in
2622 2300 2805 2344 terram
2831 2310 2980 2358 quant
3012 2308 3351 2353 monstrarem
3378 2302 3483 2353 tibi.
3513 2301 3566 2355 2.
3606 2302 3668 2355 Et

2078 2377 2263 2446 faciant
2290 2388 2337 2430 te
2364 2379 2415 2430 in
2435 2391 2631 2449 gentem
2657 2399 2891 2452 magnam
2916 2399 2936 2436 :
2955 2396 3000 2437 et
3024 2386 3309 2441 benedicam
3334 2389 3422 2442 tibi
3441 2432 3456 2457 ,
3480 2401 3527 2444 et
3554 2408 3666 2445 ma-

2075 2469 2325 2537 gniﬁcabo
2365 2487 2543 2524 nomen
2575 2482 2745 2540 tuum,
2786 2482 2831 2527 et
2862 2476 2960 2528 eris
2990 2476 3280 2533 benedictus
3304 2496 3323 2542 ;
3352 2482 3406 2534 3.
3440 2493 3486 2535 et
3515 2482 3655 2536 bene-

2075 2559 2238 2612 dicam
2267 2560 2665 2617 benedicentibus
2690 2574 2760 2631 te,
2797 2575 2841 2619 et
2871 2567 3222 2622 maledicentes
3248 2580 3294 2622 te
3321 2572 3618 2625 maledicam
3645 2592 3663 2639 ;

2074 2659 2118 2701 et
2143 2650 2493 2705 benedicentur
2523 2654 2573 2706 in
2601 2664 2647 2706 te
2673 2671 2843 2709 omnes
2868 2657 3027 2710 tribus
3056 2667 3219 2711 terraz.
3262 2659 3479 2730 Singula
3520 2663 3659 2718 dicta

2074 2739 2356 2809 diligenter
2397 2754 2824 2811 perscrutemur,
2869 2756 2925 2800 ut
2969 2749 3272 2818 religiosam
3311 2761 3365 2806 et
3400 2754 3540 2822 piam
3571 2770 3665 2824 pa~

2075 2829 2317 2883 triarchm
2348 2842 2583 2887 mentem
2610 2835 2899 2890 videamus.

2147 2920 2403 2984 Quantum
2437 2924 2499 2975 sit
2530 2926 2744 2993 patriam
2774 2944 2917 2979 suam
2943 2928 3313 2999 relinquere.—
3330 2931 3409 2987 Ne
3440 2944 3663 3002 praster-

2072 3028 2259 3065 eamus
2303 3013 2475 3067 obiter
2517 3015 2691 3081 dicta,
2741 3016 2833 3070 sed
2878 3019 3361 3079 animadvertamus
3407 3036 3660 3091 quantum

2073 3102 2278 3171 imperii
2323 3104 2551 3174 pondus.
2582 3105 2836 3173 Egredere
2855 3150 2869 3171 ,
2900 3108 3103 3179 inquit,
3131 3110 3195 3164 de
3219 3122 3350 3165 terra
3380 3124 3466 3167 tua
3488 3156 3503 3181 ,
3532 3120 3662 3169 etde

2071 3196 2367 3263 cognatione
2391 3205 2476 3248 tua
2495 3238 2508 3260 ,
2535 3208 2582 3250 et
2612 3200 2674 3250 de
2697 3200 2842 3252 domo
2870 3202 3029 3268 patris
3053 3202 3155 3267 tui,
3185 3214 3231 3256 et
3258 3205 3366 3257 ueni
3401 3205 3452 3258 in
3478 3217 3660 3261 terram

2069 3307 2217 3358 quam
2252 3301 2591 3346 monstravere
2621 3293 2725 3345 tibi.
2759 3294 2917 3359 Quasi
2945 3295 3147 3349 diceret
3178 3312 3191 3349 :
3222 3296 3482 3367 Relinque
3511 3310 3654 3354 certa

2068 3391 2122 3435 et
2150 3384 2396 3438 omnibus
2434 3395 2615 3453 aperta
2636 3428 2651 3450 ,
2684 3395 2737 3440 et
2764 3387 2901 3457 elige
2926 3388 3093 3457 magis
3127 3389 3324 3443 incerta
3353 3400 3406 3446 et
3435 3406 3539 3445 non
3566 3409 3657 3463 ap-

2069 3475 2329 3542 parentia.
2388 3473 2678 3531 Considera
2732 3478 2999 3547 quomodo
3051 3479 3118 3532 ab
3169 3480 3318 3534 initio
3369 3496 3654 3538 exercetur

2062 3565 2256 3631 justus,
2284 3574 2340 3618 ut
2370 3567 2636 3635 prmcligat
2662 3582 2765 3620 non
2791 3569 3097 3636 apparentia
3123 3585 3230 3638 prae
3251 3575 3647 3640 apparentibus,

2068 3666 2122 3709 et
2149 3655 2320 3709 futura
2368 3672 2475 3725 pra:
2524 3657 2588 3710 iis
2616 3673 2733 3725 quae
2757 3658 2808 3710 in
2841 3660 3084 3714 manibus
3127 3672 3271 3713 sunt.
3300 3662 3482 3732 Neque
3514 3667 3654 3719 enim

2069 3748 2286 3816 vulgare
2312 3757 2365 3800 et
2392 3762 2609 3815 parvum
2650 3747 2848 3816 aliquid
2875 3759 2989 3802 erat
3018 3750 3088 3812 id,
3118 3752 3258 3819 quod
3289 3752 3336 3806 ei
3369 3763 3425 3807 ut
3454 3755 3652 3810 faceret

2066 3838 2404 3907 praecipiebat
2429 3839 2567 3892 Deus
2588 3855 2599 3888 :
2620 3854 2810 3908 nempe
2828 3849 2883 3893 ut
2904 3848 3098 3894 terram
3121 3841 3464 3913 relinqueret,
3488 3861 3648 3915 quam

2066 3929 2386 3983 inhabitarat
2425 3938 2570 3982 tanto
2610 3939 2867 3997 tempore,
2899 3941 2953 3985 et
2994 3947 3207 3987 omnem
3252 3938 3647 4005 cognationem.

2065 4032 2118 4075 et
2146 4028 2308 4075 totam
2352 4021 2514 4090 patris
2539 4021 2775 4086 dommn,
2820 4023 3021 4092 iretque
3048 4027 3290 4081 nesciens
3318 4036 3373 4081 et
3400 4028 3649 4098 ignorans

2065 4127 2342 4182 quorsum.
2368 4112 2482 4166 Non
2511 4114 2650 4166 enim
2677 4114 2812 4167 dixit
2831 4116 2900 4181 ei,
2925 4116 2975 4168 in
2998 4132 3152 4185 quam
3176 4119 3442 4187 regionem
3475 4130 3649 4176 trans-

2065 4202 2208 4259 ferre
2228 4194 2367 4258 iemn
2413 4204 2590 4269 vellet,
2620 4205 2715 4259 sed
2742 4207 2989 4260 mandato
3016 4207 3290 4269 indefinito
3315 4210 3456 4279 pium
3488 4213 3651 4281 patri-

2064 4298 2278 4351 archam
2319 4298 2576 4351 exercuit.
2620 4295 2739 4349 Veni
2781 4297 2946 4362 enim,
2985 4299 3173 4367 inquit,
3204 4300 3258 4353 in
3287 4311 3468 4353 terram
3499 4318 3649 4371 quam

2064 4399 2401 4444 monstrauero
2433 4388 2538 4440 tibi.
2571 4388 2776 4457 Cogita,
2808 4404 3009 4458 qumso,
3044 4391 3255 4457 dilecte,
3285 4408 3442 4461 quam
3481 4394 3648 4446 subli-

2062 4494 2203 4533 mem
2245 4480 2479 4532 animum
2512 4478 2814 4547 requirebat
2842 4481 2943 4533 hoc
2976 4481 3279 4534 mandatum
3307 4498 3319 4533 :
3364 4482 3452 4550 qui
3494 4481 3649 4551 plane

2063 4570 2203 4624 nulla
2228 4568 2313 4623 vel
2336 4567 2638 4633 affectione,
2668 4568 2752 4622 vel
2778 4570 3160 4624 consuetudine
3187 4570 3431 4640 impediri
3461 4580 3641 4641 potue-

2062 4661 2149 4714 rit.
2191 4658 2247 4715 Si
2273 4659 2415 4713 enim
2445 4673 2607 4723 nunc,
2642 4668 2758 4726 post
2795 4668 2935 4712 tanta
2984 4659 3255 4729 religionis
3300 4661 3642 4725 incrementa,

2062 4752 2213 4806 multi
2242 4752 2378 4806 adeo
2403 4758 2524 4806 sunt
2566 4752 2932 4805 consuetudini
2980 4767 3091 4805 sum
3131 4753 3347 4821 alligati,
3379 4762 3435 4805 ut
3475 4753 3648 4819 potius

2063 4844 2246 4904 multa,
2275 4843 2373 4896 etsi
2416 4842 2703 4897 necessitas
2751 4854 2953 4911 urgeat,
2977 4843 3260 4910 omniaque
3291 4842 3431 4897 ferre
3458 4842 3645 4908 velint,

2062 4950 2219 5003 quam
2248 4934 2358 4987 loca
2388 4943 2592 4988 mutare
2633 4934 2684 4985 in
2728 4933 2920 5001 quibus
2950 4933 3095 4999 prius
3121 4932 3384 4985 habebant
3421 4933 3634 4986 domici-

2062 5025 2188 5078 lium
2214 5041 2228 5077 :
2250 5024 2300 5077 id
2325 5023 2464 5092 quod
2495 5038 2595 5077 neu
2620 5023 2790 5077 solum
2816 5038 2844 5074 a
2877 5022 3180 5090 vulgaribus
3202 5022 3505 5078 hominibus
3529 5024 3644 5079 lien

2061 5116 2323 5179 videmus,
2348 5115 2439 5168 sed
2461 5114 2619 5167 etiam
2647 5115 2714 5166 ab
2736 5114 2798 5165 iis
2824 5112 2911 5181 qui
2930 5127 2961 5165 e
2984 5113 3159 5167 medio
3187 5116 3414 5168 tumultu
3440 5116 3645 5186 fugere.

2061 5220 2117 5263 et
2142 5208 2486 5261 [nouaslicam
2519 5206 2677 5257 vitam
2701 5204 3010 5274 delegerunt
3035 5223 3047 5256 :
3072 5217 3270 5274 quanto
3295 5210 3461 5277 magis
3500 5211 3643 5265 veri-

2061 5301 2233 5355 simile
2262 5309 2373 5352 erat
2394 5298 2593 5365 jusnnn
2624 5296 2767 5349 illum
2797 5296 2863 5349 ad
2904 5295 3004 5349 hoc
3026 5297 3331 5352 mandatum
3358 5299 3642 5355 tardiorem

2062 5392 2217 5447 fore?
2245 5390 2531 5460 Egredere,
2567 5389 2753 5456 inqttil,
2787 5398 2839 5441 et
2878 5389 3117 5458 relinque
3152 5399 3425 5459 cognatos.
3463 5402 3516 5446 et
3543 5393 3641 5446 do-

2063 5498 2206 5536 mum
2239 5478 2531 5550 paternam,
2565 5489 2618 5532 ct
2644 5479 2760 5532 veni
2789 5479 2838 5531 in
2869 5488 3061 5532 terram
3092 5495 3251 5549 quam
3279 5492 3643 5536 moostravero

2064 5574 2176 5627 tibi.
2216 5572 2383 5638 Quem
2416 5586 2519 5622 non
2563 5570 2833 5623 turbarent
2858 5570 3018 5624 verba
3065 5571 3204 5625 ista?
3230 5570 3410 5639 Neque
3449 5571 3641 5631 locum,

2064 5680 2233 5734 neque
2275 5663 2541 5732 regionem
2573 5672 2772 5714 certam
2818 5662 2866 5714 ei
2913 5661 3174 5731 designat,
3220 5662 3310 5715 sed
3367 5658 3640 5735 indefinito

2066 5763 2334 5827 praecepto
2364 5763 2595 5808 mentem
2632 5753 2871 5823 explorat
2910 5753 3055 5824 justi.
3102 5753 3230 5806 Nam
3271 5752 3312 5805 si
3340 5750 3455 5820 quis
3483 5750 3640 5816 alius,
