4066 6140
430 388 530 441 (297

427 510 481 555 et
508 516 539 556 e
579 498 732 568 vulgo
773 495 956 550 fuisset
1001 495 1044 549 is
1072 494 1161 564 qui
1189 492 1491 548 mandatum
1517 491 1741 562 accepit,
1777 491 1997 545 dixisset

431 592 646 660 utique:
695 589 854 655 Esto;
887 586 1147 657 praecipis,
1190 594 1251 641 ut
1276 585 1569 654 relinquam
1613 592 1809 639 terram
1837 599 1996 653 quam

430 681 685 746 inltabito,
711 679 1097 750 cognationem,
1128 677 1343 732 domum
1365 685 1640 747 paternam
1665 693 1679 728 :
1701 689 1867 745 quare
1893 689 1997 729 non

426 774 584 828 etiam
610 771 781 826 locum
802 769 1062 837 declaras,
1084 771 1136 823 in
1159 783 1318 840 quem
1335 782 1424 823 me
1451 765 1712 836 proﬁcisci
1734 765 1908 835 jubes,
1940 775 1998 819 ιιι

423 864 706 917 certiorem
767 877 853 918 me
907 860 1097 916 reddas
1139 869 1396 930 quantum
1438 860 1508 913 sit
1547 858 1646 912 iter
1692 857 1998 928 agendum?

425 955 578 1013 Unde
602 956 744 1010 enim
774 968 928 1009 nosse
954 954 1154 1007 valeam
1179 952 1297 1019 hac,
1320 966 1478 1022 quam
1504 951 1766 1021 relinquo,
1788 949 1997 1004 uberio-

424 1061 537 1101 rem
562 1054 615 1100 et
643 1045 1062 1115 prmstatttiorem
1091 1043 1234 1098 illam
1261 1041 1419 1097 esse?
1449 1041 1519 1095 At
1538 1040 1709 1112 justus
1743 1040 1872 1095 nihil
1901 1041 1996 1095 ho-

424 1150 541 1190 rum
566 1134 647 1189 vel
676 1133 828 1196 dixit,
853 1133 936 1188 vel
965 1132 1211 1202 cogitavit
1235 1150 1249 1186 :
1280 1132 1373 1186 Sed
1401 1131 1687 1202 respiciens
1707 1129 1773 1185 ad
1793 1130 1996 1199 magni-

426 1224 659 1280 tudinem
688 1239 873 1279 eorum
900 1237 1015 1292 qua}
1044 1222 1297 1291 imperata
1327 1229 1498 1287 erant,
1532 1220 1598 1274 iis
1638 1235 1757 1291 quae
1795 1220 1846 1273 in
1877 1234 1992 1273 ma-

426 1315 580 1371 nibus
609 1314 835 1369 habebat
877 1314 1074 1368 incerta
1105 1311 1436 1383 praeferebat.
1465 1310 1622 1381 Atqui
1664 1310 1711 1366 si
1751 1325 1855 1365 non
1885 1319 1991 1367 tam

421 1419 737 1472 generosum
762 1402 1027 1473 spiritum,
1061 1417 1159 1457 nec
1185 1412 1288 1456 tam
1316 1400 1733 1471 philosophicam
1760 1411 1991 1455 mentem

424 1494 729 1558 habuisset,
769 1507 869 1548 nec
910 1491 1175 1547 didicisset
1212 1507 1307 1562 per
1343 1492 1517 1544 omnia
1557 1489 1665 1544 Deo
1703 1489 1992 1558 parendum

420 1599 573 1647 esse;
614 1582 801 1638 fuisset
828 1592 1001 1637 tamen
1032 1583 1080 1636 ei
1109 1590 1165 1636 et
1188 1580 1328 1636 aliud
1356 1582 1518 1636 etiam
1544 1580 1714 1650 ipsum
1740 1594 1844 1635 non
1868 1595 1991 1649 par-

420 1689 544 1728 vum
570 1672 1036 1743 impedimentum;
1066 1686 1256 1740 nempe
1278 1686 1424 1726 mors
1452 1670 1635 1741 patris.
1662 1669 1820 1725 Scitis
1846 1670 1991 1725 enim

420 1764 614 1818 multos
641 1778 1008 1832 saepenumero
1047 1772 1262 1833 propter
1299 1762 1539 1832 sepulcra
1564 1771 1906 1830 cognatorum
1937 1763 1989 1817 in

419 1854 523 1908 illis
559 1854 688 1907 locis
715 1853 849 1907 mori
877 1852 1133 1923 deligere,
1177 1851 1264 1907 ubi
1304 1860 1552 1923 parentes
1580 1867 1764 1906 eorum
1794 1852 1989 1907 mortui

417 1954 471 1996 et
495 1945 684 2014 sepulti
709 1951 852 1997 sunt.

485 2035 540 2089 4.
575 2032 870 2088 Verisimile
889 2032 1045 2103 igitur
1062 2039 1254 2087 eratet
1276 2037 1475 2101 justum
1497 2029 1637 2084 hunc
1658 2072 1674 2099 ,
1698 2030 1796 2085 nisi
1824 2030 1989 2086 Deum

416 2123 700 2192 plurimum
720 2131 981 2187 amasset,
1017 2122 1135 2176 talia
1167 2120 1399 2192 potuisse
1426 2120 1658 2191 cogitare
1683 2137 1696 2172 :
1725 2119 1864 2175 Ecce
1892 2136 1990 2190 pa-

417 2225 498 2269 ter
522 2222 739 2284 pr0pter
777 2228 929 2267 suum
957 2212 1010 2267 in
1041 2228 1126 2267 me
1169 2226 1406 2267 amorem
1433 2227 1465 2268 e
1488 2212 1649 2267 domo
1676 2226 1772 2267 sua
1810 2214 1989 2282 profe-

415 2313 564 2370 ctus,
586 2303 838 2375 pristinas
867 2303 1277 2359 consuetudines
1302 2303 1562 2373 despexit,
1593 2312 1649 2359 et
1671 2305 1989 2374 contemptis

414 2392 662 2448 omnibus
688 2391 792 2446 huc
820 2388 985 2462 usque
1009 2393 1189 2457 venit;
1220 2395 1368 2463 quasi
1394 2394 1593 2449 diceret
1617 2411 1630 2447 :
1661 2394 1881 2465 Propter
1905 2410 1990 2451 me

413 2486 468 2539 in
493 2484 664 2538 aliena
691 2491 831 2538 terra
856 2483 961 2538 vita
982 2483 1260 2538 defunctus
1282 2491 1365 2539 est
1390 2501 1404 2541 :
1434 2500 1533 2555 ego
1556 2496 1735 2541 autem
1761 2501 1865 2540 non
1888 2487 1983 2542 da-

412 2582 565 2628 turus
589 2585 705 2626 sum
746 2586 985 2643 operam,
1030 2580 1088 2626 ut
1117 2583 1234 2642 post
1262 2582 1485 2629 mortem
1522 2589 1619 2644 par
1642 2577 1692 2629 ei
1733 2575 1946 2631 reddam
1967 2619 1982 2644 ,

413 2662 510 2719 sed
557 2664 743 2720 relicto
792 2678 913 2720 cum
962 2665 1276 2736 cognatione
1322 2666 1489 2734 patris
1533 2668 1814 2737 sepulcro,
1864 2668 1989 2727 hinc

411 2757 641 2812 abeam?
668 2758 825 2826 Atqui
852 2757 982 2812 nihil
1010 2757 1198 2812 horum
1236 2757 1560 2813 alacritatem
1586 2758 1702 2829 ejus
1733 2762 1987 2817 remorari

411 2848 582 2918 potuit
612 2864 626 2902 :
670 2847 763 2903 sed
794 2847 972 2903 omnia
1010 2848 1145 2904 levia
1189 2857 1243 2903 et
1284 2847 1455 2904 facilia
1498 2849 1546 2904 ei
1576 2853 1988 2920 repraisentabat

410 2954 538 2994 suus
565 2940 617 2994 in
650 2939 815 2994 Deum
842 2954 1011 2995 amor.
1042 2939 1303 2995 Fortassis
1327 2949 1382 2995 et
1408 2939 1534 2994 ilhtd
1565 2952 1742 2996 mente
1768 2951 1989 2997 tractas—

411 3037 526 3095 set,
556 3029 815 3100 siquidem
854 3029 1101 3085 humanis
1129 3028 1422 3085 rationibus
1450 3045 1536 3085 res
1572 3046 1696 3086 suas
1724 3032 1986 3088 moderari

412 3118 663 3173 voluisset
687 3136 701 3173 :
733 3119 792 3172 In
822 3117 921 3173 hac
943 3125 1118 3185 aetate,
1146 3133 1249 3188 qua
1287 3132 1426 3174 nunc
1453 3119 1522 3173 ad
1553 3128 1869 3188 postremam
1899 3137 1986 3177 se-

411 3218 619 3262 nectam
662 3209 842 3275 tendo,
866 3224 1117 3278 quorsum
1160 3210 1401 3266 abiturus
1438 3211 1596 3265 sum?
1625 3228 1728 3267 non
1772 3213 1986 3269 fratrem

411 3312 620 3352 mecum
660 3298 883 3363 ducens,
912 3313 1085 3368 neque
1112 3308 1365 3368 cognatos
1391 3315 1597 3355 mecum
1628 3300 1862 3368 habens,
1893 3305 1985 3358 sed

408 3388 479 3443 ab
500 3387 746 3442 omnibus
769 3387 1174 3458 consanguineis
1202 3397 1581 3458 sequestratus,
1605 3391 1873 3461 quomodo
1897 3408 1988 3447 so-

411 3481 620 3536 litarius
646 3488 701 3535 et
723 3480 1033 3551 peregrinus
1057 3481 1109 3535 in
1142 3489 1336 3535 terram
1362 3480 1588 3536 alienam
1618 3497 1855 3554 pergam,
1886 3499 1981 3539 ne-

412 3571 555 3627 scius
597 3571 684 3627 ubi
715 3569 927 3626 errandi
966 3570 1089 3626 finis
1116 3571 1320 3626 futurus
1343 3571 1454 3627 sit?
1477 3571 1627 3639 Quod
1657 3573 1703 3628 si
1731 3574 1908 3630 medio
1933 3576 1984 3629 in

411 3661 601 3717 itinere
624 3662 898 3731 contingat
916 3676 1003 3717 me
1027 3661 1133 3716 vita
1158 3659 1395 3732 defungi,
1422 3677 1539 3732 qua;
1570 3671 1729 3719 tanta:
1758 3665 1986 3720 miseriae

409 3754 569 3808 fuerit
596 3752 835 3809 utilitas?
859 3753 978 3823 quis
1003 3768 1088 3808 me
1108 3761 1374 3807 mortuum
1397 3753 1602 3810 curabit
1625 3768 1829 3821 senem,
1861 3769 1983 3825 per-

407 3844 956 3913 cgrinum.carentem
999 3843 1250 3907 civitate,
1307 3853 1579 3899 carentem
1616 3844 1815 3901 domo?
1854 3843 1988 3900 For-

410 3933 566 3988 tassis
617 3948 751 3988 uxor
797 3933 1000 3988 vicinos
1043 3934 1318 4000 exorabit,
1366 3942 1424 3988 ut
1470 3937 1983 3993 commiserationem

407 4024 690 4095 quamdam
713 4026 765 4080 in
788 4041 875 4080 me
901 4025 1206 4093 exhibeant,
1234 4034 1289 4080 et
1303 4025 1443 4094 justa
1474 4041 1537 4081 ex
1570 4027 1818 4083 collatitia
1849 4031 1985 4101 stipe

408 4115 584 4171 faciet.
601 4116 811 4183 Quanto
837 4117 1000 4171 satius
1030 4116 1208 4182 fuerit,
1228 4125 1284 4169 ut
1312 4117 1424 4185 ipse
1453 4117 1598 4172 brevi
1626 4120 1765 4189 quod
1793 4135 1982 4192 super-

412 4213 490 4261 νει
517 4214 755 4272 tempore
793 4204 879 4258 bie
910 4203 1148 4259 residens
1196 4204 1358 4259 vitam
1402 4206 1703 4274 terminem,
1742 4225 1900 4279 quam
1939 4212 1982 4269 si

411 4309 571 4349 senex
605 4293 728 4348 hinc
769 4301 826 4348 et
850 4293 972 4348 inde
1011 4309 1188 4363 vager,
1218 4304 1274 4373 et
1300 4297 1535 4351 omnium
1564 4300 1870 4357 seommatis
1899 4302 1982 4357 in-

412 4397 610 4449 cessar,
638 4383 729 4452 qui
747 4398 918 4453 neque
943 4384 993 4437 in
1018 4394 1174 4440 :etate
1194 4384 1284 4439 illa
1308 4386 1517 4456 quietus
1537 4386 1731 4451 vivam,
1753 4390 1848 4447 sed
1867 4392 1983 4447 loca

411 4473 542 4529 locis
566 4483 795 4537 mutans,
826 4474 1009 4530 nullibi
1037 4475 1361 4531 subsistam?
1386 4476 1650 4534 Cznterutn
1684 4479 1859 4551 justus
1885 4483 1985 4539 istc

412 4563 542 4619 nihil
573 4563 761 4618 horum
804 4565 1082 4635 cogitavit.
1112 4566 1206 4622 sed
1244 4567 1566 4639 praecipienti
1593 4569 1811 4627 obedire
1843 4572 1985 4627 festi-

411 4654 574 4710 navit.
612 4652 719 4709 Sed
748 4654 881 4710 forte
917 4654 1110 4709 dixerit
1136 4656 1432 4726 quispiam:
1471 4657 1551 4712 Ad
1589 4659 1981 4717 incitamentum

410 4747 540 4802 satis
569 4743 666 4800 fuit
689 4746 762 4812 ei,
802 4742 923 4799 Veni
952 4745 1005 4797 in
1030 4753 1213 4798 terram
1242 4761 1393 4815 quam
1421 4746 1507 4799 tibi
1535 4758 1870 4806 monstravere
1890 4767 1911 4817 ;
1937 4761 1985 4806 ct

408 4837 597 4903 faciant
638 4846 685 4891 te
706 4836 758 4890 in
787 4844 982 4907 gentem
1010 4851 1275 4904 magnam,
1307 4845 1352 4888 et
1383 4836 1666 4890 bcnedicam
1690 4849 1755 4893 te.
1790 4841 1982 4898 Verum

408 4925 547 4980 istud
576 4925 767 4995 ipsum,
792 4926 889 4981 nisi
912 4925 1030 4995 pius
1051 4922 1253 4991 fuisset,
1279 4925 1408 4979 satis
1427 4928 1633 4981 eratad
1658 4929 1981 4988 reddendum

411 5030 532 5069 eum
564 5016 886 5084 segniorem,
919 5027 972 5070 et
1004 5014 1069 5068 ad
1092 5013 1446 5072 obedientiam
1470 5016 1636 5086 magis
1659 5023 1986 5077 cunctabun-

409 5107 556 5160 dum.
590 5107 722 5161 Nam
753 5108 796 5161 si
824 5121 964 5161 unus
993 5105 1184 5177 aliquis
1211 5123 1243 5163 e
1268 5109 1426 5178 vulgo
1452 5109 1656 5178 fuisset,
1685 5113 1863 5169 dicere
1886 5131 1983 5185 po-

411 5198 631 5253 tuisset:
659 5199 833 5266 Quare
861 5214 946 5253 me
976 5213 1195 5269 peregre
1222 5200 1480 5268 proficisci
1499 5202 1676 5270 jubes,
1703 5213 1759 5259 et
1783 5205 1834 5258 in
1855 5206 1982 5261 alie-

410 5300 532 5342 nam
562 5295 753 5343 terram
779 5287 1031 5344 abducis?
1059 5303 1221 5358 quare
1242 5294 1284 5345 si
1313 5304 1394 5343 me
1416 5305 1661 5363 magnum
1684 5293 1857 5352 facere
1880 5298 1978 5364 vis,

408 5394 516 5435 non
545 5379 631 5435 hic
656 5395 901 5450 magnum
940 5382 1111 5435 facis?
1143 5397 1310 5451 quare
1337 5383 1387 5437 in
1416 5383 1576 5438 domo
1614 5394 1829 5467 paterna
1862 5405 1982 5445 ver-

409 5480 640 5537 santem,
678 5480 766 5526 tua
793 5470 1158 5526 benedictione
1181 5486 1286 5526 non
1316 5471 1589 5541 dignaris?
1612 5475 1761 5540 Quod
1787 5477 1832 5532 si
1855 5493 1985 5532 con-

410 5563 575 5632 tingat
623 5561 923 5631 priusquam
968 5561 1271 5628 pervcniam
1312 5562 1363 5614 in
1392 5561 1563 5615 locum
1602 5548 1758 5633 quem
1794 5566 1979 5634 jubes,

412 5654 753 5723 defatigatam
783 5667 868 5707 me
898 5653 1101 5707 itineris
1130 5653 1399 5708 laboribus
1428 5655 1619 5722 perire,
1649 5667 1701 5710 ct
1730 5657 1887 5712 vitam
1920 5659 1981 5712 ti-

415 5745 548 5810 nire,
576 5758 692 5813 qua:
722 5743 849 5798 mihi
880 5759 940 5798 ex
974 5742 1246 5812 promissis
1272 5743 1513 5798 utilitas?
1541 5745 1609 5798 At
1637 5744 1765 5801 nihil
1790 5747 1980 5805 horum

1135 379 1191 433 S.
1230 375 1505 432 JUANNIS
1543 374 2011 431 CllliYSOSTOMI
2052 373 2362 429 AlltllllEl‘.
2404 372 2933 431 CONSTANTINOP.

3569 383 3672 440 288

2102 487 2184 542 vel
2214 487 2266 542 in
2297 498 2475 543 mente
2511 488 2904 558 suscipiendum
2929 491 3155 556 censuit,
3186 493 3303 557 sed,
3342 494 3479 548 sicut
3506 497 3675 554 fidelis

2101 592 2308 643 servus,
2354 578 2420 632 ad
2465 579 2638 634 solum
2679 578 2961 648 imperium
3002 581 3255 649 obedivit,
3298 584 3424 639 nihil
3465 588 3676 645 curioso

2100 682 2367 738 quaerens,
2399 671 2706 741 nullumque
2730 670 2872 725 aliud
2911 672 3178 741 negotium
3208 683 3542 743 praetexens;
3579 680 3674 735 sed

2099 758 2502 827 obtemperavit,
2549 768 2754 815 certum
2785 759 3008 826 habens,
3056 764 3359 834 neutiquam
3404 768 3674 826 mendacia

2100 864 2221 905 esse
2254 851 2345 906 Dei
2375 851 2668 920 promissa:
2703 851 2770 906 Et
2804 854 2992 923 faciam
3021 863 3069 908 te
3099 854 3151 909 in
3188 866 3381 927 gentem
3418 876 3674 930 magnam,

2100 940 2287 1011 inquit,
2314 951 2359 995 et
2385 942 2670 997 benedicam
2696 954 2762 1011 te,
2799 955 2847 998 ct
2877 945 3207 1016 magniﬁcabo
3232 964 3410 1002 nomen
3440 959 3600 1014 tuum,
3626 963 3674 1005 et

2098 1031 2195 1084 eris
2222 1031 2524 1086 benedictus.
2551 1033 2792 1105 Magnum
2824 1036 3187 1104 promissionis
3212 1038 3437 1106 pondus.
3464 1038 3673 1094 Faciam

2099 1129 2165 1182 te.
2216 1121 2402 1192 inquit,
2452 1124 2505 1177 in
2548 1134 2743 1194 gentem
2786 1142 3040 1196 magnam,
3086 1136 3132 1180 et
3174 1127 3459 1183 benedicam
3505 1140 3578 1195 te,
3622 1143 3672 1185 et

2097 1212 2434 1281 magni/icabo
2460 1229 2641 1267 nomen
2669 1223 2830 1266 tamn.
2861 1215 2976 1268 Non
3019 1215 3190 1269 solum
3213 1219 3356 1287 genti
3387 1233 3589 1288 magna:
3616 1230 3671 1276 te

2098 1300 2402 1369 pr:eficiam,
2418 1310 2473 1356 et
2498 1317 2688 1357 nomen
2711 1311 2858 1357 tuum
2874 1304 3126 1359 extollam
3151 1323 3164 1359 :
3186 1304 3280 1359 sed
3299 1316 3352 1361 et
3372 1305 3670 1364 Benedicam

2095 1398 2163 1455 te,
2190 1399 2236 1443 et
2264 1391 2359 1445 eris
2386 1391 2688 1446 benedictus.
2721 1392 2798 1447 Ne
2830 1403 3003 1463 putes,
3041 1394 3254 1462 dilecte,
3290 1412 3485 1452 meram
3515 1416 3669 1469 repe-

2097 1480 2334 1537 titionem
2357 1497 2497 1549 esse,
2524 1490 2581 1538 et
2608 1483 2747 1538 idem
2767 1483 2849 1538 bis
2877 1483 3123 1553 proferri,
3147 1499 3268 1540 cum
3295 1486 3487 1542 dicitur
3502 1489 3664 1545 Bene-

2095 1572 2262 1627 dicant
2305 1584 2387 1640 te,
2416 1583 2465 1629 et
2507 1575 2606 1630 eris
2653 1576 2954 1630 benedictus.
2988 1576 3154 1632 Tanta
3183 1579 3323 1633 enim
3352 1589 3424 1646 te,
3465 1581 3660 1651 inquit.

2095 1663 2461 1721 benedictione
2499 1666 2777 1737 dignabor,
2829 1678 2885 1721 ut
2910 1668 2996 1722 illa
3026 1667 3079 1723 in
3120 1683 3280 1725 omne
3301 1673 3552 1726 saeculum
3595 1672 3665 1727 sit

2093 1752 2367 1809 duratura.
2410 1753 2530 1809 Eris
2566 1757 2710 1811 enim
2737 1757 3046 1822 benedictus,
3071 1758 3141 1812 ita
3170 1767 3227 1814 ut
3262 1775 3449 1815 omnes
3475 1764 3665 1817 summi

2096 1841 2314 1898 honoris
2355 1844 2473 1898 loco
2511 1844 2739 1900 habituri
2785 1846 2913 1912 sint,
2941 1848 2986 1903 si
3030 1847 3110 1903 eis
3136 1856 3312 1903 tecum
3341 1848 3667 1906 familiaritas

2092 1936 2383 2005 contingat.
2402 1934 2560 1990 Vides
2583 1936 2851 2007 quomodo
2872 1947 3026 1993 antea
3052 1947 3105 1995 et
3132 1938 3201 1993 ab
3223 1939 3373 1994 initio
3400 1941 3449 1996 ei
3478 1942 3664 2010 praedi-

2092 2024 2166 2077 cit
2206 2025 2498 2081 claritatem
2526 2040 2683 2096 quam
2723 2026 2799 2082 illi
2824 2028 3045 2084 daturus
3071 2038 3203 2084 erat.
3241 2028 3454 2085 Faciant
3482 2041 3547 2095 te,
3583 2034 3662 2087 iu-

2092 2113 2227 2182 quit,
2256 2114 2309 2167 in
2337 2125 2531 2185 gentem
2560 2132 2817 2187 magnam,
2846 2129 2895 2172 et
2924 2118 3253 2189 magniﬁcabo
3281 2137 3460 2174 nomen
3488 2133 3626 2177 tuum
3647 2166 3662 2186 ,

2093 2213 2141 2258 et
2167 2204 2454 2259 benedicam
2482 2216 2547 2271 te,
2576 2217 2624 2260 et
2648 2208 2748 2262 eris
2771 2208 3070 2262 benedictus.
3103 2208 3304 2264 Idcirco
3326 2221 3381 2266 et
3405 2207 3569 2267 Judaei
3599 2213 3667 2267 de

2093 2295 2390 2363 patriarcha
2414 2295 2780 2367 superbientes
2821 2297 3147 2354 volcbantse
3185 2299 3238 2354 in
3277 2299 3395 2370 ejus
3418 2299 3666 2357 familiam

2095 2385 2384 2454 intrudere,
2413 2399 2467 2444 et
2490 2387 2735 2444 dicebant
2765 2406 2780 2444 :
2812 2388 2937 2446 Filii
2966 2391 3221 2444 Abraham
3244 2407 3435 2447 sumus.
3465 2391 3570 2448 Sed
3610 2403 3667 2448 ut

2093 2476 2297 2532 discant
2323 2492 2384 2533 se
2412 2489 2629 2550 prepter
2657 2481 2827 2535 malos
2848 2494 3026 2537 mores
3053 2481 3297 2550 indignos
3321 2496 3442 2538 esse
3466 2483 3553 2538 illa
3583 2483 3663 2537 fa-

2094 2568 2237 2623 milia
2263 2577 2319 2624 et
2343 2584 2556 2640 genere,
2574 2570 2704 2626 dicit
2721 2572 2801 2626 eis
2824 2570 3104 2627 Christus:
3136 2572 3198 2628 Si
3216 2573 3313 2641 filii
3340 2573 3555 2628 Abrahae
3577 2590 3658 2628 es-

2092 2659 2231 2724 setis,
2271 2675 2427 2729 opere
2470 2661 2686 2716 Abrahae
2725 2663 2956 2730 faceretis
2997 2664 3168 2734 utique
3212 2664 3402 2734 (λοισι.
3432 2664 3487 2719 8.
3531 2664 3661 2734 39).

2091 2747 2324 2805 Joannes
2361 2764 2591 2821 quoque,
2636 2750 2908 2808 Zachariae
2935 2752 3094 2819 illius,
3122 2768 3246 2808 cum
3277 2753 3345 2807 ad
3384 2754 3665 2811 Jordanent

2090 2844 2421 2900 confluerent
2444 2844 2695 2915 baptizari
2724 2846 3017 2916 cupientes,
3057 2845 3271 2902 dicebat
3311 2848 3426 2902 eis:
3470 2845 3664 2918 Proge-

2091 2934 2200 2988 nies
2235 2935 2536 3005 viperarum,
2582 2936 2693 3007 quis
2717 2937 3012 2991 monstrat-it
3055 2937 3192 2992 vobis
3225 2937 3401 3009 fugere
3425 2954 3457 2991 a
3492 2938 3667 3008 futura

2091 3023 2213 3078 ira?
2252 3022 2430 3079 Facite
2461 3026 2616 3095 igitur
2652 3027 2870 3096 fractum
2917 3027 3127 3097 dignum
3167 3026 3486 3097 pauitantia,
3530 3036 3577 3083 et
3604 3044 3666 3083 ne

2092 3119 2411 3186 prtesuntetis
2452 3118 2633 3183 dicere,
2683 3115 2891 3172 Patrem
2934 3119 3176 3173 habemus
3219 3119 3495 3174 Abraham.
3538 3118 3666 3174 Dico

2089 3206 2222 3259 enim
2247 3207 2403 3271 vobis,
2432 3206 2569 3278 quod
2595 3217 2753 3277 potest
2782 3205 2921 3262 Deus
2946 3223 3010 3262 ea:
3034 3208 3289 3278 lapidibus
3316 3209 3424 3263 istis
3446 3210 3662 3265 enitare

2090 3297 2226 3367 filios
2276 3296 2493 3352 Abraltte
2556 3297 2786 3368 (Matth.
2827 3298 2881 3353 5.
2921 3298 3016 3353 7-9
3035 3299 3077 3369 ).
3138 3298 3353 3355 Vidistis
3397 3299 3663 3368 quomodo

2090 3401 2339 3455 magnum
2376 3385 2520 3457 apud
2552 3401 2743 3442 omnes
2777 3388 2897 3457 ejus
2941 3402 3136 3443 nomen
3174 3385 3371 3444 fuerit?
3410 3388 3515 3447 Sed
3541 3398 3663 3445 ante

2090 3485 2339 3534 eventum
2360 3477 2490 3547 justi
2515 3478 2686 3548 pietas
2721 3487 3068 3544 monstratur,
3102 3478 3368 3549 quomodo
3392 3479 3546 3536 dictis
3571 3482 3662 3537 Dei

2089 3566 2400 3632 crediderit,
2448 3576 2506 3624 et
2552 3567 2732 3624 omnia
2773 3583 2892 3639 qua:
2939 3569 3251 3626 videbantur
3293 3585 3413 3627 esse
3447 3572 3660 3642 gravia,

2091 3670 2280 3725 magna
2302 3655 2560 3715 facilitate
2579 3657 2895 3728 susceperit.
2920 3658 2984 3713 Et
3006 3659 3316 3727 bencdicam,
3345 3661 3546 3732 inquit,
3569 3661 3659 3717 be-

2089 3745 2379 3803 nediccntcs
2399 3755 2469 3812 te,
2486 3755 2538 3801 et
2566 3746 2914 3803 maledicentes
2939 3759 2986 3803 te
3015 3750 3311 3805 maledicam
3337 3767 3359 3805 :
3381 3762 3429 3807 et
3453 3753 3657 3807 benedi-

2089 3846 2265 3890 centur
2285 3838 2339 3890 in
2366 3844 2417 3891 te
2437 3853 2614 3893 omnes
2636 3839 2793 3896 tribus
2820 3851 2985 3896 terra.
3015 3841 3146 3898 Vide
3176 3844 3444 3913 quomodo
3469 3853 3661 3902 attem-

2091 3936 2243 3996 perat
2266 3941 2569 3983 sermonem
2596 3928 2758 3999 Deus,
2777 3940 2832 3987 et
2848 3942 3102 4002 quantum
3131 3935 3378 3991 amicitia:
3405 3947 3663 3993 monstrat

2089 4026 2481 4086 argumentum.
2514 4017 2656 4086 Illos,
2687 4021 2876 4091 inquit,
2905 4026 3106 4080 amicos
3132 4025 3357 4093 habebo,
3386 4028 3476 4098 qui
3502 4029 3663 4083 bene-

2090 4111 2209 4165 vole
2234 4124 2357 4181 erga
2399 4119 2452 4166 te
2485 4120 2643 4167 erunt
2679 4111 2891 4170 affecti:
2918 4124 2972 4171 et
3011 4116 3127 4173 illos
3156 4119 3396 4175 inimicos
3435 4118 3656 4185 habebo,

2087 4200 2178 4270 qui
2206 4216 2331 4271 erga
2353 4209 2406 4257 to
2435 4203 2704 4259 contrario
2728 4204 2888 4259 modo
2912 4216 3071 4263 erunt
3092 4207 3305 4264 atl‘ecti:
3334 4210 3384 4265 id
3407 4210 3548 4281 quod
3576 4211 3659 4266 vix

2090 4291 2183 4346 filii
2209 4307 2333 4364 erga
2362 4302 2542 4363 patres
2569 4294 2865 4351 faciendum
2892 4308 3159 4366 putarent,
3201 4310 3260 4356 ut
3280 4303 3496 4358 eosdem
3527 4319 3660 4373 quos

2088 4381 2166 4437 illi
2190 4382 2449 4440 baberent
2471 4384 2673 4440 amicos
2698 4393 2755 4441 et
2778 4387 3043 4444 inimicos.
3074 4389 3306 4447 Maxima
3324 4433 3339 4457 ,
3370 4392 3584 4461 dilecti,
3607 4392 3658 4447 in

2089 4473 2444 4543 patriarcbam
2469 4473 2563 4532 Dei
2584 4477 2700 4533 haec
2722 4488 2804 4533 est
2829 4477 3219 4537 benevolentia.
3245 4480 3370 4538 Illos
3390 4485 3555 4550 enim,
3583 4485 3663 4537 in-

2088 4563 2222 4634 quit,
2250 4562 2583 4630 benedicam,
2605 4568 2696 4638 qui
2721 4568 3035 4625 benedicent
3060 4571 3154 4626 tibi
3181 4588 3195 4626 :
3222 4583 3278 4628 et
3300 4573 3418 4628 illos
3445 4574 3661 4630 maledi-

2088 4672 2229 4723 cam,
2253 4658 2345 4727 qui
2372 4657 2692 4715 maledicent
2713 4660 2810 4714 tibi
2841 4678 2855 4714 :
2889 4662 2954 4716 Et
2974 4662 3323 4719 benedicentur
3348 4666 3402 4720 in
3425 4674 3473 4721 te
3493 4683 3662 4721 omnes

2090 4745 2247 4801 tribas
2270 4757 2436 4802 terra.
2464 4749 2604 4805 Ecce
2631 4759 2688 4805 et
2714 4751 2933 4808 alterius
2960 4753 3296 4810 liberalitatis
3332 4754 3661 4812 additamen-

2090 4843 2219 4891 tum.
2261 4837 2461 4894 Omnes
2485 4841 2627 4896 enim
2654 4840 2820 4897 tribus
2865 4852 3023 4899 terrm
3064 4847 3354 4913 enitentur,
3400 4847 3536 4903 utin
3571 4857 3662 4903 tuo

2088 4928 2305 4984 nomine
2328 4929 2727 5000 benedieantur,
2749 4942 2805 4989 et
2829 4949 2916 4989 res
2938 4949 3064 4992 suas
3086 4945 3173 4991 tua
3194 4936 3550 5008 appellatione
3568 4937 3660 4993 bo-

2089 5020 2349 5075 nestiores
2369 5020 2582 5076 faciant.

2160 5111 2214 5166 5.
2242 5112 2497 5179 Audistis,
2523 5113 2721 5178 dilecti,
2743 5117 2917 5185 qualia
2937 5117 3216 5186 imperavit
3238 5118 3489 5174 Dominus
3509 5118 3665 5174 Chai-

2087 5200 2204 5255 daco
2232 5202 2369 5268 seni,
2392 5204 2480 5272 qui
2511 5220 2684 5274 neque
2711 5206 2878 5276 legem
2902 5220 3143 5270 noverat,
3175 5224 3347 5280 neque
3377 5208 3663 5280 propheta-

2089 5308 2204 5346 rum
2236 5294 2436 5363 legerat
2462 5295 2704 5351 vaticinia
2732 5298 2775 5363 ί,
2802 5314 2974 5368 neque
3001 5299 3160 5354 ullam
3184 5301 3339 5356 aliam
3368 5302 3661 5356 doctrinam

2086 5385 2406 5451 acceperat?
2434 5384 2650 5441 Vidistis
2672 5398 2871 5457 quanta
2896 5400 3281 5459 praeceptorum
3307 5392 3513 5447 moles?
3531 5408 3662 5462 quo-

2087 5476 2246 5531 modo
2269 5475 2336 5530 ad
2364 5492 2425 5532 ea
2454 5478 2774 5547 perficienda
2802 5482 3016 5536 sublimi
3043 5493 3097 5538 et
3115 5484 3334 5552 juwnili
3360 5488 3540 5541 animo
3571 5487 3665 5540 ha-

2088 5565 2241 5622 bebat
2264 5569 2438 5638 opus?
2469 5569 2651 5627 Videte
2676 5572 2895 5641 posdtac
2917 5582 2972 5629 et
2996 5575 3306 5643 patriarchae
3328 5576 3661 5647 probitatem,

2154 5699 2166 5727 ¹
2207 5696 2258 5745 in
2282 5712 2473 5769 gmw,
2500 5715 2587 5760 pairs
2610 5717 2802 5765 ψςιίτιις
2838 5717 3043 5768 ιντνιόντι,
3064 5705 3202 5769 ῳιού
3237 5712 3383 5756 etiam
3417 5709 3506 5758 hoc
3524 5710 3667 5758 riuulo

2090 5769 2255 5819 posset
2280 5767 2612 5827 interpretari,
2629 5775 2778 5827 neque
2800 5779 2909 5816 cum
2932 5767 3178 5831 propltcts's
3198 5776 3411 5820 versatus
3425 5770 3600 5832 fuerat.
