  <div class='ocr_page' id='page_1' title='image "/cluster/home/n/w/nwhite01/storage/ocr_20150623/53/mdp.39015028539479/288.png"; bbox 0 0 4066 6140; ppageno 0'>
   <div class='ocr_carea' id='block_1_1' title="bbox 419 244 528 298">
    <p class='ocr_par' dir='ltr' id='par_1_1' title="bbox 419 244 528 298">
     <span class='ocr_line' id='line_1_1' title="bbox 419 244 528 298; baseline -0.018 0"><span class='ocrx_word' id='word_1_1' title='bbox 419 244 528 298; x_wconf 76' lang='grc'>287</span> 
     </span>
    </p>
   </div>
   <div class='ocr_carea' id='block_1_2' title="bbox 422 354 1998 428">
    <p class='ocr_par' dir='ltr' id='par_1_2' title="bbox 422 354 1998 428">
     <span class='ocr_line' id='line_1_2' title="bbox 422 354 1998 428; baseline 0.001 -19"><span class='ocrx_word' id='word_1_2' title='bbox 422 354 608 418; x_wconf 88' lang='grc' dir='ltr'>τόπον,</span> <span class='ocrx_word' id='word_1_3' title='bbox 639 354 769 409; x_wconf 67' lang='grc' dir='ltr'>ἔνθα</span> <span class='ocrx_word' id='word_1_4' title='bbox 793 355 1085 424; x_wconf 76' lang='grc' dir='ltr'>ἀφικέσθαι</span> <span class='ocrx_word' id='word_1_5' title='bbox 1111 373 1179 426; x_wconf 88' lang='grc' dir='ltr'>με</span> <span class='ocrx_word' id='word_1_6' title='bbox 1210 357 1589 428; x_wconf 83' lang='grc' dir='ltr'>προστάττεις,</span> <span class='ocrx_word' id='word_1_7' title='bbox 1615 358 1775 428; x_wconf 78' lang='grc' dir='ltr'>δῆλον</span> <span class='ocrx_word' id='word_1_8' title='bbox 1805 360 1998 422; x_wconf 81' lang='grc' dir='ltr'>ποιεῖς,</span> 
     </span>
    </p>
   </div>
   <div class='ocr_carea' id='block_1_3' title="bbox 423 437 1998 511">
    <p class='ocr_par' dir='ltr' id='par_1_3' title="bbox 423 437 1998 511">
     <span class='ocr_line' id='line_1_3' title="bbox 423 437 1998 511; baseline 0.002 -21"><span class='ocrx_word' id='word_1_9' title='bbox 423 439 512 491; x_wconf 79' lang='grc' dir='ltr'>ῖνα</span> <span class='ocrx_word' id='word_1_10' title='bbox 562 438 760 491; x_wconf 87' lang='grc' dir='ltr'>εἰδέναι</span> <span class='ocrx_word' id='word_1_11' title='bbox 793 437 900 508; x_wconf 83' lang='grc' dir='ltr'>ἔχω</span> <span class='ocrx_word' id='word_1_12' title='bbox 945 437 1048 491; x_wconf 80' lang='grc' dir='ltr'>κᾶν</span> <span class='ocrx_word' id='word_1_13' title='bbox 1084 439 1178 493; x_wconf 87' lang='grc' dir='ltr'>τοῦ</span> <span class='ocrx_word' id='word_1_14' title='bbox 1225 440 1588 511; x_wconf 85' lang='grc' dir='ltr'>διαστήματος</span> <span class='ocrx_word' id='word_1_15' title='bbox 1639 445 1700 493; x_wconf 77' lang='grc' dir='ltr'>τὸ</span> <span class='ocrx_word' id='word_1_16' title='bbox 1741 440 1998 511; x_wconf 87' lang='grc' dir='ltr'>μέγεθος;</span> 
     </span>
    </p>
   </div>
   <div class='ocr_carea' id='block_1_4' title="bbox 426 519 2004 595">
    <p class='ocr_par' dir='ltr' id='par_1_4' title="bbox 426 519 2004 595">
     <span class='ocr_line' id='line_1_4' title="bbox 426 519 2004 595; baseline 0.001 -21"><span class='ocrx_word' id='word_1_17' title='bbox 426 519 598 574; x_wconf 88' lang='grc' dir='ltr'>ΙΙόθεν</span> <span class='ocrx_word' id='word_1_18' title='bbox 625 520 738 591; x_wconf 89' lang='grc' dir='ltr'>γάρ</span> <span class='ocrx_word' id='word_1_19' title='bbox 769 537 858 590; x_wconf 91' lang='grc' dir='ltr'>μοι</span> <span class='ocrx_word' id='word_1_20' title='bbox 886 522 1062 574; x_wconf 86' lang='grc' dir='ltr'>ἐκεῖνο</span> <span class='ocrx_word' id='word_1_21' title='bbox 1089 523 1364 595; x_wconf 83' lang='grc' dir='ltr'>γνώριμον</span> <span class='ocrx_word' id='word_1_22' title='bbox 1393 523 1460 576; x_wconf 80' lang='grc' dir='ltr'>ἂν</span> <span class='ocrx_word' id='word_1_23' title='bbox 1491 523 1722 592; x_wconf 85' lang='grc' dir='ltr'>γένοιτο,</span> <span class='ocrx_word' id='word_1_24' title='bbox 1761 525 1842 576; x_wconf 84' lang='grc' dir='ltr'>ὅτι</span> <span class='ocrx_word' id='word_1_25' title='bbox 1881 523 2004 575; x_wconf 89' lang='grc' dir='ltr'>ταύ-</span> 
     </span>
    </p>
   </div>
   <div class='ocr_carea' id='block_1_5' title="bbox 423 597 2001 676">
    <p class='ocr_par' dir='ltr' id='par_1_5' title="bbox 423 597 2001 676">
     <span class='ocr_line' id='line_1_5' title="bbox 423 597 2001 676; baseline 0.003 -22"><span class='ocrx_word' id='word_1_26' title='bbox 423 619 544 673; x_wconf 88' lang='grc' dir='ltr'>της,</span> <span class='ocrx_word' id='word_1_27' title='bbox 595 597 664 673; x_wconf 82' lang='grc' dir='ltr'>ἦς</span> <span class='ocrx_word' id='word_1_28' title='bbox 715 602 1131 673; x_wconf 79' lang='grc' dir='ltr'>καταλιμπάνω,</span> <span class='ocrx_word' id='word_1_29' title='bbox 1199 604 1424 674; x_wconf 83' lang='grc' dir='ltr'>βελτίων</span> <span class='ocrx_word' id='word_1_30' title='bbox 1469 605 1767 676; x_wconf 89' lang='grc' dir='ltr'>ὀφθήσεται</span> <span class='ocrx_word' id='word_1_31' title='bbox 1817 606 2001 676; x_wconf 88' lang='grc' dir='ltr'>ἐκείνη</span> 
     </span>
    </p>
   </div>
   <div class='ocr_carea' id='block_1_6' title="bbox 429 684 2005 758">
    <p class='ocr_par' dir='ltr' id='par_1_6' title="bbox 429 684 2005 758">
     <span class='ocr_line' id='line_1_6' title="bbox 429 684 2005 758; baseline 0.003 -20"><span class='ocrx_word' id='word_1_32' title='bbox 429 684 628 754; x_wconf 83' lang='grc' dir='ltr'>μᾶλλον</span> <span class='ocrx_word' id='word_1_33' title='bbox 656 687 750 739; x_wconf 78' lang='grc' dir='ltr'>καὶ</span> <span class='ocrx_word' id='word_1_34' title='bbox 771 687 1153 758; x_wconf 75' lang='grc' dir='ltr'>εὐπορωτέροις</span> <span class='ocrx_word' id='word_1_35' title='bbox 1186 688 1324 744; x_wconf 77' lang='grc' dir='ltr'>Ἀλλ’</span> <span class='ocrx_word' id='word_1_36' title='bbox 1351 692 1380 742; x_wconf 99' lang='lat'>6</span> <span class='ocrx_word' id='word_1_37' title='bbox 1397 689 1603 753; x_wconf 86' lang='grc' dir='ltr'>δίκαιος</span> <span class='ocrx_word' id='word_1_38' title='bbox 1627 689 1778 742; x_wconf 87' lang='grc' dir='ltr'>οὐδὲν</span> <span class='ocrx_word' id='word_1_39' title='bbox 1800 689 2005 742; x_wconf 87' lang='grc' dir='ltr'>τούτων</span> 
     </span>
    </p>
   </div>
   <div class='ocr_carea' id='block_1_7' title="bbox 424 761 2004 843">
    <p class='ocr_par' dir='ltr' id='par_1_7' title="bbox 424 761 2004 843">
     <span class='ocr_line' id='line_1_7' title="bbox 424 761 2004 843; baseline 0.003 -24"><span class='ocrx_word' id='word_1_40' title='bbox 424 767 547 820; x_wconf 80' lang='grc' dir='ltr'>οὐδέ</span> <span class='ocrx_word' id='word_1_41' title='bbox 573 761 749 832; x_wconf 76' lang='grc' dir='ltr'>εἶπεν,</span> <span class='ocrx_word' id='word_1_42' title='bbox 780 769 901 821; x_wconf 89' lang='grc' dir='ltr'>οὐδέ</span> <span class='ocrx_word' id='word_1_43' title='bbox 934 771 1214 840; x_wconf 78' lang='grc' dir='ltr'>ἐνενόησεν</span> <span class='ocrx_word' id='word_1_44' title='bbox 1231 788 1244 801; x_wconf 73' lang='grc'><strong>⁸</strong></span> <span class='ocrx_word' id='word_1_45' title='bbox 1280 772 1418 825; x_wconf 86' lang='grc' dir='ltr'>ἀλλά</span> <span class='ocrx_word' id='word_1_46' title='bbox 1440 772 1575 843; x_wconf 68' lang='grc' dir='ltr'>πρὸς</span> <span class='ocrx_word' id='word_1_47' title='bbox 1601 773 1661 826; x_wconf 75' lang='grc' dir='ltr'>τὸ</span> <span class='ocrx_word' id='word_1_48' title='bbox 1688 772 1795 826; x_wconf 83' lang='grc' dir='ltr'>τῶν</span> <span class='ocrx_word' id='word_1_49' title='bbox 1825 774 2004 825; x_wconf 83' lang='grc' dir='ltr'>ἐπιτε-</span> 
     </span>
    </p>
   </div>
   <div class='ocr_carea' id='block_1_8' title="bbox 421 851 2004 925">
    <p class='ocr_par' dir='ltr' id='par_1_8' title="bbox 421 851 2004 925">
     <span class='ocr_line' id='line_1_8' title="bbox 421 851 2004 925; baseline 0.004 -24"><span class='ocrx_word' id='word_1_50' title='bbox 421 851 704 919; x_wconf 67' lang='grc' dir='ltr'>ταγμένων</span> <span class='ocrx_word' id='word_1_51' title='bbox 740 851 970 921; x_wconf 74' lang='grc' dir='ltr'>μέγεθος</span> <span class='ocrx_word' id='word_1_52' title='bbox 1014 853 1242 918; x_wconf 89' lang='grc' dir='ltr'>ἀπιδὼν,</span> <span class='ocrx_word' id='word_1_53' title='bbox 1299 855 1368 908; x_wconf 81' lang='grc' dir='ltr'>τὰ</span> <span class='ocrx_word' id='word_1_54' title='bbox 1404 855 1575 924; x_wconf 76' lang='grc' dir='ltr'>ἄδηλα</span> <span class='ocrx_word' id='word_1_55' title='bbox 1621 855 1731 909; x_wconf 81' lang='grc' dir='ltr'>τῶν</span> <span class='ocrx_word' id='word_1_56' title='bbox 1762 857 1820 908; x_wconf 85' lang='grc' dir='ltr'>ἐν</span> <span class='ocrx_word' id='word_1_57' title='bbox 1848 856 2004 925; x_wconf 77' lang='grc' dir='ltr'>χερσὶ</span> 
     </span>
    </p>
   </div>
   <div class='ocr_carea' id='block_1_9' title="bbox 422 932 2004 1010">
    <p class='ocr_par' dir='ltr' id='par_1_9' title="bbox 422 932 2004 1010">
     <span class='ocr_line' id='line_1_9' title="bbox 422 932 2004 1010; baseline 0.006 -27"><span class='ocrx_word' id='word_1_58' title='bbox 422 932 719 1002; x_wconf 81' lang='grc' dir='ltr'>προετίθει.</span> <span class='ocrx_word' id='word_1_59' title='bbox 769 935 962 987; x_wconf 82' lang='grc' dir='ltr'>Καίτοι</span> <span class='ocrx_word' id='word_1_60' title='bbox 989 936 1039 988; x_wconf 86' lang='grc' dir='ltr'>εἰ</span> <span class='ocrx_word' id='word_1_61' title='bbox 1080 936 1154 1007; x_wconf 79' lang='grc' dir='ltr'>μὴ</span> <span class='ocrx_word' id='word_1_62' title='bbox 1184 937 1387 1007; x_wconf 71' lang='grc' dir='ltr'>ὑψηλὸν</span> <span class='ocrx_word' id='word_1_63' title='bbox 1441 935 1553 1009; x_wconf 85' lang='grc' dir='ltr'>εἶχε</span> <span class='ocrx_word' id='word_1_64' title='bbox 1603 939 1878 1010; x_wconf 89' lang='grc' dir='ltr'>φρόνημα,</span> <span class='ocrx_word' id='word_1_65' title='bbox 1910 939 2004 992; x_wconf 80' lang='grc' dir='ltr'>καὶ</span> 
     </span>
    </p>
   </div>
   <div class='ocr_carea' id='block_1_10' title="bbox 421 1015 2002 1088">
    <p class='ocr_par' dir='ltr' id='par_1_10' title="bbox 421 1015 2002 1088">
     <span class='ocr_line' id='line_1_10' title="bbox 421 1015 2002 1088; baseline 0.004 -21"><span class='ocrx_word' id='word_1_66' title='bbox 421 1015 712 1085; x_wconf 87' lang='grc' dir='ltr'>φιλόσοφον</span> <span class='ocrx_word' id='word_1_67' title='bbox 736 1015 984 1088; x_wconf 84' lang='grc' dir='ltr'>γνώμην,</span> <span class='ocrx_word' id='word_1_68' title='bbox 1017 1019 1111 1071; x_wconf 82' lang='grc' dir='ltr'>καὶ</span> <span class='ocrx_word' id='word_1_69' title='bbox 1140 1021 1496 1075; x_wconf 73' lang='grc' dir='ltr'>ἐπεπαίδευτο</span> <span class='ocrx_word' id='word_1_70' title='bbox 1519 1022 1703 1075; x_wconf 80' lang='grc' dir='ltr'>πάντα</span> <span class='ocrx_word' id='word_1_71' title='bbox 1721 1021 2002 1075; x_wconf 87' lang='grc' dir='ltr'>πείθεσθαι</span> 
     </span>
    </p>
   </div>
   <div class='ocr_carea' id='block_1_11' title="bbox 421 1097 2003 1177">
    <p class='ocr_par' dir='ltr' id='par_1_11' title="bbox 421 1097 2003 1177">
     <span class='ocr_line' id='line_1_11' title="bbox 421 1097 2003 1177; baseline 0.004 -28"><span class='ocrx_word' id='word_1_72' title='bbox 421 1097 499 1167; x_wconf 84' lang='grc' dir='ltr'>τῷ</span> <span class='ocrx_word' id='word_1_73' title='bbox 528 1097 670 1168; x_wconf 70' lang='grc' dir='ltr'>Θεῷ,</span> <span class='ocrx_word' id='word_1_74' title='bbox 709 1101 803 1152; x_wconf 76' lang='grc' dir='ltr'>καὶ</span> <span class='ocrx_word' id='word_1_75' title='bbox 835 1100 1020 1170; x_wconf 76' lang='grc' dir='ltr'>ἕτερον</span> <span class='ocrx_word' id='word_1_76' title='bbox 1041 1102 1102 1155; x_wconf 87' lang='grc' dir='ltr'>οὐ</span> <span class='ocrx_word' id='word_1_77' title='bbox 1135 1103 1330 1175; x_wconf 85' lang='grc' dir='ltr'>μικρὸν</span> <span class='ocrx_word' id='word_1_78' title='bbox 1364 1099 1509 1175; x_wconf 75' lang='grc' dir='ltr'>εἶχεν</span> <span class='ocrx_word' id='word_1_79' title='bbox 1537 1106 1602 1159; x_wconf 85' lang='grc' dir='ltr'>ἂν</span> <span class='ocrx_word' id='word_1_80' title='bbox 1631 1105 1881 1177; x_wconf 79' lang='grc' dir='ltr'>κώλυμα,</span> <span class='ocrx_word' id='word_1_81' title='bbox 1912 1106 2003 1158; x_wconf 88' lang='grc' dir='ltr'>αὐ-</span> 
     </span>
    </p>
   </div>
   <div class='ocr_carea' id='block_1_12' title="bbox 418 1182 2001 1260">
    <p class='ocr_par' dir='ltr' id='par_1_12' title="bbox 418 1182 2001 1260">
     <span class='ocr_line' id='line_1_12' title="bbox 418 1182 2001 1260; baseline 0.005 -28"><span class='ocrx_word' id='word_1_82' title='bbox 418 1182 518 1252; x_wconf 84' lang='grc' dir='ltr'>τὴν</span> <span class='ocrx_word' id='word_1_83' title='bbox 544 1182 637 1236; x_wconf 86' lang='grc' dir='ltr'>τοῦ</span> <span class='ocrx_word' id='word_1_84' title='bbox 672 1184 878 1254; x_wconf 84' lang='grc' dir='ltr'>πατρὸς</span> <span class='ocrx_word' id='word_1_85' title='bbox 907 1184 1007 1256; x_wconf 81' lang='grc' dir='ltr'>τὴν</span> <span class='ocrx_word' id='word_1_86' title='bbox 1031 1185 1310 1257; x_wconf 83' lang='grc' dir='ltr'>τελευτήν.</span> <span class='ocrx_word' id='word_1_87' title='bbox 1365 1189 1506 1240; x_wconf 81' lang='grc' dir='ltr'>’Ὶστε</span> <span class='ocrx_word' id='word_1_88' title='bbox 1557 1187 1665 1260; x_wconf 90' lang='grc' dir='ltr'>γάρ</span> <span class='ocrx_word' id='word_1_89' title='bbox 1692 1191 1773 1243; x_wconf 87' lang='grc' dir='ltr'>ὅτι</span> <span class='ocrx_word' id='word_1_90' title='bbox 1818 1189 2001 1242; x_wconf 88' lang='grc' dir='ltr'>πολλοί</span> 
     </span>
    </p>
   </div>
   <div class='ocr_carea' id='block_1_13' title="bbox 420 1264 1999 1342">
    <p class='ocr_par' dir='ltr' id='par_1_13' title="bbox 420 1264 1999 1342">
     <span class='ocr_line' id='line_1_13' title="bbox 420 1264 1999 1342; baseline 0.005 -26"><span class='ocrx_word' id='word_1_91' title='bbox 420 1264 680 1328; x_wconf 75' lang='grc' dir='ltr'>πολλάκις</span> <span class='ocrx_word' id='word_1_92' title='bbox 711 1266 797 1319; x_wconf 84' lang='grc' dir='ltr'>διὰ</span> <span class='ocrx_word' id='word_1_93' title='bbox 825 1269 952 1330; x_wconf 79' lang='grc' dir='ltr'>τοὺς</span> <span class='ocrx_word' id='word_1_94' title='bbox 989 1270 1192 1337; x_wconf 81' lang='grc' dir='ltr'>τάφους</span> <span class='ocrx_word' id='word_1_95' title='bbox 1220 1270 1328 1322; x_wconf 84' lang='grc' dir='ltr'>τῶν</span> <span class='ocrx_word' id='word_1_96' title='bbox 1377 1271 1763 1342; x_wconf 78' lang='grc' dir='ltr'>προσηκόντων</span> <span class='ocrx_word' id='word_1_97' title='bbox 1795 1272 1999 1325; x_wconf 83' lang='grc' dir='ltr'>εἴλοντο</span> 
     </span>
    </p>
   </div>
   <div class='ocr_carea' id='block_1_14' title="bbox 411 1348 1998 1424">
    <p class='ocr_par' dir='ltr' id='par_1_14' title="bbox 411 1348 1998 1424">
     <span class='ocr_line' id='line_1_14' title="bbox 411 1348 1998 1424; baseline 0.006 -25"><span class='ocrx_word' id='word_1_98' title='bbox 411 1351 530 1410; x_wconf 86' lang='grc' dir='ltr'>τοῖς</span> <span class='ocrx_word' id='word_1_99' title='bbox 570 1348 753 1412; x_wconf 87' lang='grc' dir='ltr'>τόποις</span> <span class='ocrx_word' id='word_1_100' title='bbox 791 1350 1018 1415; x_wconf 89' lang='grc' dir='ltr'>ἐκείνοις</span> <span class='ocrx_word' id='word_1_101' title='bbox 1055 1353 1426 1419; x_wconf 79' lang='grc' dir='ltr'>ἐναποθανεῖν,</span> <span class='ocrx_word' id='word_1_102' title='bbox 1457 1353 1584 1407; x_wconf 77' lang='grc' dir='ltr'>ἔνθα</span> <span class='ocrx_word' id='word_1_103' title='bbox 1613 1355 1704 1408; x_wconf 84' lang='grc' dir='ltr'>τὸν</span> <span class='ocrx_word' id='word_1_104' title='bbox 1727 1355 1840 1424; x_wconf 87' lang='grc' dir='ltr'>βίον</span> <span class='ocrx_word' id='word_1_105' title='bbox 1869 1372 1998 1408; x_wconf 82' lang='grc' dir='ltr'>κατ-</span> 
     </span>
    </p>
   </div>
   <div class='ocr_carea' id='block_1_15' title="bbox 417 1430 915 1501">
    <p class='ocr_par' dir='ltr' id='par_1_15' title="bbox 417 1430 915 1501">
     <span class='ocr_line' id='line_1_15' title="bbox 417 1430 915 1501; baseline 0.008 -19"><span class='ocrx_word' id='word_1_106' title='bbox 417 1430 614 1483; x_wconf 88' lang='grc' dir='ltr'>έλυσαν</span> <span class='ocrx_word' id='word_1_107' title='bbox 640 1433 688 1484; x_wconf 89' lang='grc' dir='ltr'>οἰ</span> <span class='ocrx_word' id='word_1_108' title='bbox 720 1437 915 1501; x_wconf 79' lang='grc' dir='ltr'>γονεῖς.</span> 
     </span>
    </p>
   </div>
   <div class='ocr_carea' id='block_1_16' title="bbox 484 1527 1997 1606">
    <p class='ocr_par' dir='ltr' id='par_1_16' title="bbox 484 1527 1997 1606">
     <span class='ocr_line' id='line_1_16' title="bbox 484 1527 1997 1606; baseline 0.006 -25"><span class='ocrx_word' id='word_1_109' title='bbox 484 1529 549 1582; x_wconf 84' lang='grc' dir='ltr'>δ’.</span> <span class='ocrx_word' id='word_1_110' title='bbox 575 1529 734 1595; x_wconf 81' lang='grc' dir='ltr'>Εἰκὸς</span> <span class='ocrx_word' id='word_1_111' title='bbox 749 1532 927 1585; x_wconf 82' lang='grc' dir='ltr'>τοίνυν</span> <span class='ocrx_word' id='word_1_112' title='bbox 941 1527 1009 1602; x_wconf 80' lang='grc' dir='ltr'>ἦν</span> <span class='ocrx_word' id='word_1_113' title='bbox 1027 1535 1120 1586; x_wconf 73' lang='grc' dir='ltr'>καὶ</span> <span class='ocrx_word' id='word_1_114' title='bbox 1141 1534 1232 1586; x_wconf 79' lang='grc' dir='ltr'>τὸν</span> <span class='ocrx_word' id='word_1_115' title='bbox 1246 1533 1449 1588; x_wconf 89' lang='grc' dir='ltr'>δίκαιον</span> <span class='ocrx_word' id='word_1_116' title='bbox 1465 1535 1671 1598; x_wconf 85' lang='grc' dir='ltr'>τοῦτον,</span> <span class='ocrx_word' id='word_1_117' title='bbox 1701 1537 1813 1604; x_wconf 80' lang='grc' dir='ltr'>εἴγε</span> <span class='ocrx_word' id='word_1_118' title='bbox 1835 1537 1907 1606; x_wconf 81' lang='grc' dir='ltr'>μὴ</span> <span class='ocrx_word' id='word_1_119' title='bbox 1929 1531 1997 1606; x_wconf 80' lang='grc' dir='ltr'>ἦν</span> 
     </span>
    </p>
   </div>
   <div class='ocr_carea' id='block_1_17' title="bbox 419 1613 1996 1691">
    <p class='ocr_par' dir='ltr' id='par_1_17' title="bbox 419 1613 1996 1691">
     <span class='ocr_line' id='line_1_17' title="bbox 419 1613 1996 1691; baseline 0.006 -26"><span class='ocrx_word' id='word_1_120' title='bbox 419 1613 623 1685; x_wconf 83' lang='grc' dir='ltr'>σφόδρα</span> <span class='ocrx_word' id='word_1_121' title='bbox 651 1614 917 1684; x_wconf 82' lang='grc' dir='ltr'>φιλόθεος,</span> <span class='ocrx_word' id='word_1_122' title='bbox 951 1619 1045 1670; x_wconf 73' lang='grc' dir='ltr'>καὶ</span> <span class='ocrx_word' id='word_1_123' title='bbox 1077 1618 1234 1672; x_wconf 84' lang='grc' dir='ltr'>τοῦτο</span> <span class='ocrx_word' id='word_1_124' title='bbox 1268 1618 1618 1687; x_wconf 90' lang='grc' dir='ltr'>λογίσασθαι,</span> <span class='ocrx_word' id='word_1_125' title='bbox 1667 1622 1748 1674; x_wconf 76' lang='grc' dir='ltr'>ὅτι</span> <span class='ocrx_word' id='word_1_126' title='bbox 1796 1623 1854 1674; x_wconf 85' lang='lat'>&#39;0</span> <span class='ocrx_word' id='word_1_127' title='bbox 1898 1622 1996 1691; x_wconf 85' lang='grc' dir='ltr'>μὲν</span> 
     </span>
    </p>
   </div>
   <div class='ocr_carea' id='block_1_18' title="bbox 416 1696 1996 1774">
    <p class='ocr_par' dir='ltr' id='par_1_18' title="bbox 416 1696 1996 1774">
     <span class='ocr_line' id='line_1_18' title="bbox 416 1696 1996 1774; baseline 0.007 -27"><span class='ocrx_word' id='word_1_128' title='bbox 416 1697 598 1767; x_wconf 81' lang='grc' dir='ltr'>πατὴρ</span> <span class='ocrx_word' id='word_1_129' title='bbox 618 1696 708 1750; x_wconf 84' lang='grc' dir='ltr'>διὰ</span> <span class='ocrx_word' id='word_1_130' title='bbox 737 1699 801 1753; x_wconf 82' lang='grc' dir='ltr'>τὸ</span> <span class='ocrx_word' id='word_1_131' title='bbox 832 1700 960 1770; x_wconf 83' lang='grc' dir='ltr'>περί</span> <span class='ocrx_word' id='word_1_132' title='bbox 987 1701 1087 1771; x_wconf 85' lang='grc' dir='ltr'>ἐμὲ</span> <span class='ocrx_word' id='word_1_133' title='bbox 1117 1701 1338 1773; x_wconf 83' lang='grc' dir='ltr'>φίλτρον</span> <span class='ocrx_word' id='word_1_134' title='bbox 1355 1702 1564 1755; x_wconf 70' lang='grc' dir='ltr'>οἴκοθεν</span> <span class='ocrx_word' id='word_1_135' title='bbox 1597 1703 1879 1774; x_wconf 83' lang='grc' dir='ltr'>ἐξανέστη,</span> <span class='ocrx_word' id='word_1_136' title='bbox 1903 1706 1996 1758; x_wconf 84' lang='grc' dir='ltr'>καί</span> 
     </span>
    </p>
   </div>
   <div class='ocr_carea' id='block_1_19' title="bbox 417 1777 1994 1858">
    <p class='ocr_par' dir='ltr' id='par_1_19' title="bbox 417 1777 1994 1858">
     <span class='ocr_line' id='line_1_19' title="bbox 417 1777 1994 1858; baseline 0.007 -30"><span class='ocrx_word' id='word_1_137' title='bbox 417 1777 704 1847; x_wconf 83' lang='grc' dir='ltr'>συνηθείας</span> <span class='ocrx_word' id='word_1_138' title='bbox 756 1780 990 1843; x_wconf 79' lang='grc' dir='ltr'>παλαιᾶς</span> <span class='ocrx_word' id='word_1_139' title='bbox 1033 1784 1305 1854; x_wconf 87' lang='grc' dir='ltr'>ὑπερεῖδε,</span> <span class='ocrx_word' id='word_1_140' title='bbox 1336 1785 1432 1838; x_wconf 78' lang='grc' dir='ltr'>καὶ</span> <span class='ocrx_word' id='word_1_141' title='bbox 1471 1784 1688 1838; x_wconf 90' lang='grc' dir='ltr'>πάντων</span> <span class='ocrx_word' id='word_1_142' title='bbox 1727 1786 1994 1858; x_wconf 78' lang='grc' dir='ltr'>ἀνώτερος</span> 
     </span>
    </p>
   </div>
   <div class='ocr_carea' id='block_1_20' title="bbox 415 1862 1990 1940">
    <p class='ocr_par' dir='ltr' id='par_1_20' title="bbox 415 1862 1990 1940">
     <span class='ocr_line' id='line_1_20' title="bbox 415 1862 1990 1940; baseline 0.007 -27"><span class='ocrx_word' id='word_1_143' title='bbox 415 1862 654 1930; x_wconf 83' lang='grc' dir='ltr'>γεγονὼς</span> <span class='ocrx_word' id='word_1_144' title='bbox 681 1863 844 1935; x_wconf 88' lang='grc' dir='ltr'>μέχρι</span> <span class='ocrx_word' id='word_1_145' title='bbox 870 1865 1064 1920; x_wconf 89' lang='grc' dir='ltr'>τούτου</span> <span class='ocrx_word' id='word_1_146' title='bbox 1095 1868 1443 1940; x_wconf 83' lang='grc' dir='ltr'>παρεγένετο,</span> <span class='ocrx_word' id='word_1_147' title='bbox 1471 1870 1566 1923; x_wconf 77' lang='grc' dir='ltr'>καὶ</span> <span class='ocrx_word' id='word_1_148' title='bbox 1591 1870 1774 1940; x_wconf 82' lang='grc' dir='ltr'>σχεδὸν</span> <span class='ocrx_word' id='word_1_149' title='bbox 1797 1874 1990 1937; x_wconf 84' lang='grc' dir='ltr'>εἰπεῖν,</span> 
     </span>
    </p>
   </div>
   <div class='ocr_carea' id='block_1_21' title="bbox 413 1943 1995 2023">
    <p class='ocr_par' dir='ltr' id='par_1_21' title="bbox 413 1943 1995 2023">
     <span class='ocr_line' id='line_1_21' title="bbox 413 1943 1995 2023; baseline 0.008 -27"><span class='ocrx_word' id='word_1_150' title='bbox 413 1943 480 1996; x_wconf 81' lang='grc' dir='ltr'>δι’</span> <span class='ocrx_word' id='word_1_151' title='bbox 513 1945 613 2016; x_wconf 82' lang='grc' dir='ltr'>ἐμὲ</span> <span class='ocrx_word' id='word_1_152' title='bbox 644 1947 703 1999; x_wconf 89' lang='grc' dir='ltr'>ἐν</span> <span class='ocrx_word' id='word_1_153' title='bbox 727 1947 982 2021; x_wconf 76' lang='grc' dir='ltr'>ἀλλοτρίᾳ</span> <span class='ocrx_word' id='word_1_154' title='bbox 1011 1950 1104 2003; x_wconf 80' lang='grc' dir='ltr'>τὸν</span> <span class='ocrx_word' id='word_1_155' title='bbox 1139 1950 1252 2020; x_wconf 87' lang='grc' dir='ltr'>βίον</span> <span class='ocrx_word' id='word_1_156' title='bbox 1292 1952 1584 2006; x_wconf 83' lang='grc' dir='ltr'>κατέλυσεν</span> <span class='ocrx_word' id='word_1_157' title='bbox 1607 1971 1622 1984; x_wconf 75' lang='grc'><strong>⁸</strong></span> <span class='ocrx_word' id='word_1_158' title='bbox 1659 1952 1771 2023; x_wconf 84' lang='grc' dir='ltr'>ἐγὼ</span> <span class='ocrx_word' id='word_1_159' title='bbox 1797 1954 1852 2007; x_wconf 84' lang='grc' dir='ltr'>δὲ</span> <span class='ocrx_word' id='word_1_160' title='bbox 1874 1956 1995 2010; x_wconf 83' lang='grc' dir='ltr'>οὐδὲ</span> 
     </span>
    </p>
   </div>
   <div class='ocr_carea' id='block_1_22' title="bbox 416 2028 1992 2105">
    <p class='ocr_par' dir='ltr' id='par_1_22' title="bbox 416 2028 1992 2105">
     <span class='ocr_line' id='line_1_22' title="bbox 416 2028 1992 2105; baseline 0.007 -25"><span class='ocrx_word' id='word_1_161' title='bbox 416 2028 556 2097; x_wconf 84' lang='grc' dir='ltr'>μετά</span> <span class='ocrx_word' id='word_1_162' title='bbox 587 2029 676 2082; x_wconf 82' lang='grc' dir='ltr'>τὸν</span> <span class='ocrx_word' id='word_1_163' title='bbox 701 2028 930 2084; x_wconf 83' lang='grc' dir='ltr'>θάνατον</span> <span class='ocrx_word' id='word_1_164' title='bbox 961 2033 1061 2103; x_wconf 83' lang='grc' dir='ltr'>τὴν</span> <span class='ocrx_word' id='word_1_165' title='bbox 1089 2034 1214 2104; x_wconf 82' lang='grc' dir='ltr'>ίσην</span> <span class='ocrx_word' id='word_1_166' title='bbox 1244 2033 1392 2104; x_wconf 86' lang='grc' dir='ltr'>αὑτῷ</span> <span class='ocrx_word' id='word_1_167' title='bbox 1427 2035 1662 2105; x_wconf 83' lang='grc' dir='ltr'>ἀμοιϐὴν</span> <span class='ocrx_word' id='word_1_168' title='bbox 1700 2037 1992 2092; x_wconf 86' lang='grc' dir='ltr'>ἀποδοῦναι</span> 
     </span>
    </p>
   </div>
   <div class='ocr_carea' id='block_1_23' title="bbox 415 2110 1992 2188">
    <p class='ocr_par' dir='ltr' id='par_1_23' title="bbox 415 2110 1992 2188">
     <span class='ocr_line' id='line_1_23' title="bbox 415 2110 1992 2188; baseline 0.008 -26"><span class='ocrx_word' id='word_1_169' title='bbox 415 2110 721 2177; x_wconf 76' lang='grc' dir='ltr'>σπουδάζω,</span> <span class='ocrx_word' id='word_1_170' title='bbox 758 2113 894 2167; x_wconf 85' lang='grc' dir='ltr'>ἀλλά</span> <span class='ocrx_word' id='word_1_171' title='bbox 925 2113 1242 2169; x_wconf 86' lang='grc' dir='ltr'>καταλιπὼν</span> <span class='ocrx_word' id='word_1_172' title='bbox 1265 2117 1402 2186; x_wconf 86' lang='grc' dir='ltr'>μετά</span> <span class='ocrx_word' id='word_1_173' title='bbox 1432 2118 1530 2188; x_wconf 81' lang='grc' dir='ltr'>τῆς</span> <span class='ocrx_word' id='word_1_174' title='bbox 1562 2120 1878 2187; x_wconf 83' lang='grc' dir='ltr'>συγγενείας</span> <span class='ocrx_word' id='word_1_175' title='bbox 1895 2120 1992 2174; x_wconf 87' lang='grc' dir='ltr'>τοῦ</span> 
     </span>
    </p>
   </div>
   <div class='ocr_carea' id='block_1_24' title="bbox 413 2194 1992 2274">
    <p class='ocr_par' dir='ltr' id='par_1_24' title="bbox 413 2194 1992 2274">
     <span class='ocr_line' id='line_1_24' title="bbox 413 2194 1992 2274; baseline 0.006 -28"><span class='ocrx_word' id='word_1_176' title='bbox 413 2194 618 2265; x_wconf 81' lang='grc' dir='ltr'>πατρὸς</span> <span class='ocrx_word' id='word_1_177' title='bbox 647 2195 738 2250; x_wconf 77' lang='grc' dir='ltr'>τὸν</span> <span class='ocrx_word' id='word_1_178' title='bbox 770 2197 934 2251; x_wconf 86' lang='grc' dir='ltr'>αὐτοῦ</span> <span class='ocrx_word' id='word_1_179' title='bbox 973 2197 1175 2268; x_wconf 82' lang='grc' dir='ltr'>τάφον,</span> <span class='ocrx_word' id='word_1_180' title='bbox 1228 2199 1598 2270; x_wconf 82' lang='grc' dir='ltr'>ἀπελεύσομαι</span> <span class='ocrx_word' id='word_1_181' title='bbox 1620 2218 1634 2266; x_wconf 92' lang='grc'><strong>;</strong></span> <span class='ocrx_word' id='word_1_182' title='bbox 1659 2201 1801 2254; x_wconf 86' lang='grc' dir='ltr'>Ἀλλ’</span> <span class='ocrx_word' id='word_1_183' title='bbox 1843 2203 1992 2274; x_wconf 86' lang='grc' dir='ltr'>ὅμως</span> 
     </span>
    </p>
   </div>
   <div class='ocr_carea' id='block_1_25' title="bbox 412 2278 1987 2356">
    <p class='ocr_par' dir='ltr' id='par_1_25' title="bbox 412 2278 1987 2356">
     <span class='ocr_line' id='line_1_25' title="bbox 412 2278 1987 2356; baseline 0.005 -26"><span class='ocrx_word' id='word_1_184' title='bbox 412 2278 566 2331; x_wconf 84' lang='grc' dir='ltr'>οὐδὲν</span> <span class='ocrx_word' id='word_1_185' title='bbox 592 2279 798 2334; x_wconf 89' lang='grc' dir='ltr'>τούτων</span> <span class='ocrx_word' id='word_1_186' title='bbox 829 2281 992 2334; x_wconf 88' lang='grc' dir='ltr'>αὐτοῦ</span> <span class='ocrx_word' id='word_1_187' title='bbox 1026 2281 1378 2353; x_wconf 85' lang='grc' dir='ltr'>άπαμϐλῦναι</span> <span class='ocrx_word' id='word_1_188' title='bbox 1402 2282 1500 2354; x_wconf 81' lang='grc' dir='ltr'>τὴν</span> <span class='ocrx_word' id='word_1_189' title='bbox 1532 2285 1708 2356; x_wconf 82' lang='grc' dir='ltr'>ὁρμὴν</span> <span class='ocrx_word' id='word_1_190' title='bbox 1733 2286 1952 2356; x_wconf 78' lang='grc' dir='ltr'>ἴσχυσεν</span> <span class='ocrx_word' id='word_1_191' title='bbox 1973 2303 1987 2317; x_wconf 78' lang='grc' dir='ltr'><strong>ο</strong></span> 
     </span>
    </p>
   </div>
   <div class='ocr_carea' id='block_1_26' title="bbox 412 2361 1989 2438">
    <p class='ocr_par' dir='ltr' id='par_1_26' title="bbox 412 2361 1989 2438">
     <span class='ocr_line' id='line_1_26' title="bbox 412 2361 1989 2438; baseline 0.005 -24"><span class='ocrx_word' id='word_1_192' title='bbox 412 2361 548 2415; x_wconf 90' lang='grc' dir='ltr'>ἀλλά</span> <span class='ocrx_word' id='word_1_193' title='bbox 580 2363 756 2416; x_wconf 89' lang='grc' dir='ltr'>πάντα</span> <span class='ocrx_word' id='word_1_194' title='bbox 771 2362 969 2418; x_wconf 77' lang='grc' dir='ltr'>εὔκολα</span> <span class='ocrx_word' id='word_1_195' title='bbox 985 2365 1154 2436; x_wconf 82' lang='grc' dir='ltr'>αὐτῷ,</span> <span class='ocrx_word' id='word_1_196' title='bbox 1185 2367 1279 2418; x_wconf 70' lang='grc' dir='ltr'>καὶ</span> <span class='ocrx_word' id='word_1_197' title='bbox 1306 2367 1464 2438; x_wconf 79' lang='grc' dir='ltr'>ῥᾴδια</span> <span class='ocrx_word' id='word_1_198' title='bbox 1505 2367 1792 2436; x_wconf 84' lang='grc' dir='ltr'>φαίνεσθαι</span> <span class='ocrx_word' id='word_1_199' title='bbox 1818 2370 1989 2422; x_wconf 80' lang='grc' dir='ltr'>ἐποίει</span> 
     </span>
    </p>
   </div>
   <div class='ocr_carea' id='block_1_27' title="bbox 410 2446 1986 2523">
    <p class='ocr_par' dir='ltr' id='par_1_27' title="bbox 410 2446 1986 2523">
     <span class='ocr_line' id='line_1_27' title="bbox 410 2446 1986 2523; baseline 0.004 -26"><span class='ocrx_word' id='word_1_200' title='bbox 410 2446 472 2497; x_wconf 79' lang='grc' dir='ltr'>τὸ</span> <span class='ocrx_word' id='word_1_201' title='bbox 502 2448 629 2517; x_wconf 63' lang='grc' dir='ltr'>περὶ</span> <span class='ocrx_word' id='word_1_202' title='bbox 649 2447 740 2499; x_wconf 80' lang='grc' dir='ltr'>τὸν</span> <span class='ocrx_word' id='word_1_203' title='bbox 760 2446 892 2500; x_wconf 81' lang='grc' dir='ltr'>Θεὸν</span> <span class='ocrx_word' id='word_1_204' title='bbox 913 2447 1152 2520; x_wconf 86' lang='grc' dir='ltr'>φίλτρον.</span> <span class='ocrx_word' id='word_1_205' title='bbox 1181 2447 1333 2501; x_wconf 76' lang='grc' dir='ltr'>Ἐπεὶ</span> <span class='ocrx_word' id='word_1_206' title='bbox 1362 2449 1579 2503; x_wconf 84' lang='grc' dir='ltr'>κάκεῖνο</span> <span class='ocrx_word' id='word_1_207' title='bbox 1595 2451 1662 2504; x_wconf 85' lang='grc' dir='ltr'>ἂν</span> <span class='ocrx_word' id='word_1_208' title='bbox 1687 2453 1986 2523; x_wconf 89' lang='grc' dir='ltr'>ἐνενόησεν,</span> 
     </span>
    </p>
   </div>
   <div class='ocr_carea' id='block_1_28' title="bbox 411 2528 1988 2605">
    <p class='ocr_par' dir='ltr' id='par_1_28' title="bbox 411 2528 1988 2605">
     <span class='ocr_line' id='line_1_28' title="bbox 411 2528 1988 2605; baseline 0.004 -25"><span class='ocrx_word' id='word_1_209' title='bbox 411 2529 524 2594; x_wconf 78' lang='grc' dir='ltr'>εἴγε</span> <span class='ocrx_word' id='word_1_210' title='bbox 553 2528 913 2600; x_wconf 84' lang='grc' dir='ltr'>ἀνθρωπίνοις</span> <span class='ocrx_word' id='word_1_211' title='bbox 935 2530 1216 2600; x_wconf 87' lang='grc' dir='ltr'>λογισμοῖς</span> <span class='ocrx_word' id='word_1_212' title='bbox 1243 2532 1313 2586; x_wconf 82' lang='grc' dir='ltr'>τὰ</span> <span class='ocrx_word' id='word_1_213' title='bbox 1339 2531 1461 2585; x_wconf 88' lang='grc' dir='ltr'>καθ’</span> <span class='ocrx_word' id='word_1_214' title='bbox 1491 2533 1680 2586; x_wconf 74' lang='grc' dir='ltr'>ἑαυτὸν</span> <span class='ocrx_word' id='word_1_215' title='bbox 1701 2534 1988 2605; x_wconf 77' lang='grc' dir='ltr'>ἐπιτρέψαι</span> 
     </span>
    </p>
   </div>
   <div class='ocr_carea' id='block_1_29' title="bbox 411 2609 1989 2688">
    <p class='ocr_par' dir='ltr' id='par_1_29' title="bbox 411 2609 1989 2688">
     <span class='ocr_line' id='line_1_29' title="bbox 411 2609 1989 2688; baseline 0.006 -27"><span class='ocrx_word' id='word_1_216' title='bbox 411 2609 680 2675; x_wconf 90' lang='grc' dir='ltr'>ἐϐούλετο,</span> <span class='ocrx_word' id='word_1_217' title='bbox 712 2611 801 2664; x_wconf 89' lang='grc' dir='ltr'>Ἐν</span> <span class='ocrx_word' id='word_1_218' title='bbox 827 2612 1032 2684; x_wconf 72' lang='grc' dir='ltr'>ἡλικία,</span> <span class='ocrx_word' id='word_1_219' title='bbox 1055 2614 1504 2686; x_wconf 83' lang='grc' dir='ltr'>λέγων,τοιαύτῃ,</span> <span class='ocrx_word' id='word_1_220' title='bbox 1536 2616 1630 2668; x_wconf 85' lang='grc' dir='ltr'>καὶ</span> <span class='ocrx_word' id='word_1_221' title='bbox 1646 2616 1832 2669; x_wconf 84' lang='grc' dir='ltr'>λοιπὸν</span> <span class='ocrx_word' id='word_1_222' title='bbox 1855 2618 1989 2688; x_wconf 75' lang='grc' dir='ltr'>πρὸς</span> 
     </span>
    </p>
   </div>
   <div class='ocr_carea' id='block_1_30' title="bbox 411 2693 1986 2772">
    <p class='ocr_par' dir='ltr' id='par_1_30' title="bbox 411 2693 1986 2772">
     <span class='ocr_line' id='line_1_30' title="bbox 411 2693 1986 2772; baseline 0.005 -27"><span class='ocrx_word' id='word_1_223' title='bbox 411 2694 588 2764; x_wconf 82' lang='grc' dir='ltr'>γῆρας</span> <span class='ocrx_word' id='word_1_224' title='bbox 623 2693 848 2764; x_wconf 75' lang='grc' dir='ltr'>ἔσχατον</span> <span class='ocrx_word' id='word_1_225' title='bbox 881 2695 1117 2749; x_wconf 86' lang='grc' dir='ltr'>ἐλαύνων</span> <span class='ocrx_word' id='word_1_226' title='bbox 1148 2697 1251 2750; x_wconf 89' lang='grc' dir='ltr'>ποῦ</span> <span class='ocrx_word' id='word_1_227' title='bbox 1280 2697 1686 2767; x_wconf 85' lang='grc' dir='ltr'>ἀπελεύσομαι;</span> <span class='ocrx_word' id='word_1_228' title='bbox 1734 2699 1884 2772; x_wconf 77' lang='grc'>[510]</span> <span class='ocrx_word' id='word_1_229' title='bbox 1911 2702 1986 2753; x_wconf 83' lang='grc' dir='ltr'>Οὐ</span> 
     </span>
    </p>
   </div>
   <div class='ocr_carea' id='block_1_31' title="bbox 409 2776 1989 2852">
    <p class='ocr_par' dir='ltr' id='par_1_31' title="bbox 409 2776 1989 2852">
     <span class='ocr_line' id='line_1_31' title="bbox 409 2776 1989 2852; baseline 0.004 -22"><span class='ocrx_word' id='word_1_230' title='bbox 409 2777 504 2830; x_wconf 82' lang='grc' dir='ltr'>τὸν</span> <span class='ocrx_word' id='word_1_231' title='bbox 533 2776 763 2845; x_wconf 81' lang='grc' dir='ltr'>ἀδελφὺν</span> <span class='ocrx_word' id='word_1_232' title='bbox 802 2778 1228 2849; x_wconf 80' lang='grc' dir='ltr'>ἐπιφερόμενος,</span> <span class='ocrx_word' id='word_1_233' title='bbox 1269 2781 1332 2834; x_wconf 86' lang='grc' dir='ltr'>οὐ</span> <span class='ocrx_word' id='word_1_234' title='bbox 1374 2781 1500 2841; x_wconf 83' lang='grc' dir='ltr'>τοὺς</span> <span class='ocrx_word' id='word_1_235' title='bbox 1533 2785 1814 2849; x_wconf 85' lang='grc' dir='ltr'>συγγενεῖς</span> <span class='ocrx_word' id='word_1_236' title='bbox 1851 2782 1989 2852; x_wconf 77' lang='grc' dir='ltr'>ἔχων</span> 
     </span>
    </p>
   </div>
   <div class='ocr_carea' id='block_1_32' title="bbox 413 2860 1990 2937">
    <p class='ocr_par' dir='ltr' id='par_1_32' title="bbox 413 2860 1990 2937">
     <span class='ocr_line' id='line_1_32' title="bbox 413 2860 1990 2937; baseline 0.003 -23"><span class='ocrx_word' id='word_1_237' title='bbox 413 2862 531 2934; x_wconf 86' lang='grc' dir='ltr'>μεθ’</span> <span class='ocrx_word' id='word_1_238' title='bbox 566 2861 785 2924; x_wconf 88' lang='grc' dir='ltr'>ἐαυτοῦ,</span> <span class='ocrx_word' id='word_1_239' title='bbox 817 2860 954 2915; x_wconf 87' lang='grc' dir='ltr'>ἀλλά</span> <span class='ocrx_word' id='word_1_240' title='bbox 982 2862 1198 2916; x_wconf 88' lang='grc' dir='ltr'>πάντων</span> <span class='ocrx_word' id='word_1_241' title='bbox 1222 2861 1332 2916; x_wconf 85' lang='grc' dir='ltr'>τῶν</span> <span class='ocrx_word' id='word_1_242' title='bbox 1359 2863 1496 2934; x_wconf 79' lang='grc' dir='ltr'>πρὸς</span> <span class='ocrx_word' id='word_1_243' title='bbox 1523 2864 1678 2932; x_wconf 87' lang='grc' dir='ltr'>γένος</span> <span class='ocrx_word' id='word_1_244' title='bbox 1712 2866 1990 2937; x_wconf 83' lang='grc' dir='ltr'>διαφερόν-</span> 
     </span>
    </p>
   </div>
   <div class='ocr_carea' id='block_1_33' title="bbox 407 2943 1990 3016">
    <p class='ocr_par' dir='ltr' id='par_1_33' title="bbox 407 2943 1990 3016">
     <span class='ocr_line' id='line_1_33' title="bbox 407 2943 1990 3016; baseline 0.003 -18"><span class='ocrx_word' id='word_1_245' title='bbox 407 2961 517 2998; x_wconf 85' lang='grc' dir='ltr'>των</span> <span class='ocrx_word' id='word_1_246' title='bbox 549 2961 639 3016; x_wconf 90' lang='grc' dir='ltr'>μοι</span> <span class='ocrx_word' id='word_1_247' title='bbox 672 2943 1096 3015; x_wconf 83' lang='grc' dir='ltr'>κεχωρισμένος,</span> <span class='ocrx_word' id='word_1_248' title='bbox 1128 2943 1246 3009; x_wconf 82' lang='grc' dir='ltr'>πῶς</span> <span class='ocrx_word' id='word_1_249' title='bbox 1286 2945 1491 3016; x_wconf 78' lang='grc' dir='ltr'>ἔρημος</span> <span class='ocrx_word' id='word_1_250' title='bbox 1533 2947 1626 3000; x_wconf 78' lang='grc' dir='ltr'>καί</span> <span class='ocrx_word' id='word_1_251' title='bbox 1667 2947 1817 3014; x_wconf 82' lang='grc' dir='ltr'>ξένος</span> <span class='ocrx_word' id='word_1_252' title='bbox 1846 2948 1990 3002; x_wconf 88' lang='grc' dir='ltr'>οῦτω</span> 
     </span>
    </p>
   </div>
   <div class='ocr_carea' id='block_1_34' title="bbox 407 3027 1988 3103">
    <p class='ocr_par' dir='ltr' id='par_1_34' title="bbox 407 3027 1988 3103">
     <span class='ocr_line' id='line_1_34' title="bbox 407 3027 1988 3103; baseline 0.001 -20"><span class='ocrx_word' id='word_1_253' title='bbox 407 3028 506 3099; x_wconf 78' lang='grc' dir='ltr'>τὴν</span> <span class='ocrx_word' id='word_1_254' title='bbox 535 3028 821 3100; x_wconf 85' lang='grc' dir='ltr'>ἀλλοτρίαν</span> <span class='ocrx_word' id='word_1_255' title='bbox 847 3027 1251 3099; x_wconf 75' lang='grc' dir='ltr'>καταλήψομαι,</span> <span class='ocrx_word' id='word_1_256' title='bbox 1281 3028 1403 3082; x_wconf 85' lang='grc' dir='ltr'>οὐδὲ</span> <span class='ocrx_word' id='word_1_257' title='bbox 1433 3029 1591 3093; x_wconf 84' lang='grc' dir='ltr'>εἰδὼς</span> <span class='ocrx_word' id='word_1_258' title='bbox 1629 3032 1763 3084; x_wconf 86' lang='grc' dir='ltr'>ὅπου</span> <span class='ocrx_word' id='word_1_259' title='bbox 1792 3033 1988 3103; x_wconf 77' lang='grc' dir='ltr'>στήσοο</span> 
     </span>
    </p>
   </div>
   <div class='ocr_carea' id='block_1_35' title="bbox 410 3110 1987 3186">
    <p class='ocr_par' dir='ltr' id='par_1_35' title="bbox 410 3110 1987 3186">
     <span class='ocr_line' id='line_1_35' title="bbox 410 3110 1987 3186; baseline 0.004 -23"><span class='ocrx_word' id='word_1_260' title='bbox 410 3129 508 3182; x_wconf 85' lang='grc' dir='ltr'>μαι</span> <span class='ocrx_word' id='word_1_261' title='bbox 556 3112 654 3183; x_wconf 79' lang='grc' dir='ltr'>τῆς</span> <span class='ocrx_word' id='word_1_262' title='bbox 706 3110 947 3180; x_wconf 87' lang='grc' dir='ltr'>πλάνης;</span> <span class='ocrx_word' id='word_1_263' title='bbox 991 3111 1054 3163; x_wconf 89' lang='grc' dir='ltr'>Εἰ</span> <span class='ocrx_word' id='word_1_264' title='bbox 1108 3110 1164 3164; x_wconf 85' lang='grc' dir='ltr'>δέ</span> <span class='ocrx_word' id='word_1_265' title='bbox 1217 3111 1310 3164; x_wconf 78' lang='grc' dir='ltr'>καὶ</span> <span class='ocrx_word' id='word_1_266' title='bbox 1349 3111 1489 3166; x_wconf 88' lang='grc' dir='ltr'>κατά</span> <span class='ocrx_word' id='word_1_267' title='bbox 1523 3113 1696 3185; x_wconf 84' lang='grc' dir='ltr'>μέσην</span> <span class='ocrx_word' id='word_1_268' title='bbox 1729 3115 1826 3186; x_wconf 83' lang='grc' dir='ltr'>τὴν</span> <span class='ocrx_word' id='word_1_269' title='bbox 1868 3116 1987 3169; x_wconf 70' lang='grc' dir='ltr'>όδίιν</span> 
     </span>
    </p>
   </div>
   <div class='ocr_carea' id='block_1_36' title="bbox 410 3193 1987 3268">
    <p class='ocr_par' dir='ltr' id='par_1_36' title="bbox 410 3193 1987 3268">
     <span class='ocr_line' id='line_1_36' title="bbox 410 3193 1987 3268; baseline 0.004 -22"><span class='ocrx_word' id='word_1_270' title='bbox 410 3194 591 3264; x_wconf 78' lang='grc' dir='ltr'>συμϐῇ</span> <span class='ocrx_word' id='word_1_271' title='bbox 629 3211 694 3263; x_wconf 89' lang='grc' dir='ltr'>με</span> <span class='ocrx_word' id='word_1_272' title='bbox 722 3194 1021 3248; x_wconf 87' lang='grc' dir='ltr'>καταλῦσαι</span> <span class='ocrx_word' id='word_1_273' title='bbox 1042 3193 1132 3247; x_wconf 80' lang='grc' dir='ltr'>τὸν</span> <span class='ocrx_word' id='word_1_274' title='bbox 1160 3193 1294 3265; x_wconf 85' lang='grc' dir='ltr'>βίον,</span> <span class='ocrx_word' id='word_1_275' title='bbox 1318 3194 1370 3248; x_wconf 88' lang='grc' dir='ltr'>τί</span> <span class='ocrx_word' id='word_1_276' title='bbox 1391 3194 1454 3249; x_wconf 79' lang='grc' dir='ltr'>τὸ</span> <span class='ocrx_word' id='word_1_277' title='bbox 1480 3196 1668 3266; x_wconf 78' lang='grc' dir='ltr'>δφελος</span> <span class='ocrx_word' id='word_1_278' title='bbox 1696 3199 1796 3268; x_wconf 77' lang='grc' dir='ltr'>τῆς</span> <span class='ocrx_word' id='word_1_279' title='bbox 1810 3200 1987 3253; x_wconf 80' lang='grc' dir='ltr'>τοιαύο</span> 
     </span>
    </p>
   </div>
   <div class='ocr_carea' id='block_1_37' title="bbox 406 3276 1986 3352">
    <p class='ocr_par' dir='ltr' id='par_1_37' title="bbox 406 3276 1986 3352">
     <span class='ocr_line' id='line_1_37' title="bbox 406 3276 1986 3352; baseline 0.005 -22"><span class='ocrx_word' id='word_1_280' title='bbox 406 3295 506 3347; x_wconf 81' lang='grc' dir='ltr'>της</span> <span class='ocrx_word' id='word_1_281' title='bbox 537 3276 945 3346; x_wconf 86' lang='grc' dir='ltr'>ταλαιπωρίας;</span> <span class='ocrx_word' id='word_1_282' title='bbox 981 3277 1064 3341; x_wconf 89' lang='grc' dir='ltr'>τίς</span> <span class='ocrx_word' id='word_1_283' title='bbox 1095 3294 1161 3348; x_wconf 92' lang='grc' dir='ltr'>με</span> <span class='ocrx_word' id='word_1_284' title='bbox 1188 3278 1496 3350; x_wconf 88' lang='grc' dir='ltr'>περιστελεῖ</span> <span class='ocrx_word' id='word_1_285' title='bbox 1516 3280 1608 3334; x_wconf 80' lang='grc' dir='ltr'>τὸν</span> <span class='ocrx_word' id='word_1_286' title='bbox 1623 3283 1872 3352; x_wconf 84' lang='grc' dir='ltr'>γέροντα,</span> <span class='ocrx_word' id='word_1_287' title='bbox 1894 3285 1986 3338; x_wconf 72' lang='grc' dir='ltr'>τὸν</span> 
     </span>
    </p>
   </div>
   <div class='ocr_carea' id='block_1_38' title="bbox 406 3359 1986 3436">
    <p class='ocr_par' dir='ltr' id='par_1_38' title="bbox 406 3359 1986 3436">
     <span class='ocr_line' id='line_1_38' title="bbox 406 3359 1986 3436; baseline 0.006 -24"><span class='ocrx_word' id='word_1_288' title='bbox 406 3359 577 3426; x_wconf 82' lang='grc' dir='ltr'>ξένον,</span> <span class='ocrx_word' id='word_1_289' title='bbox 602 3361 692 3414; x_wconf 84' lang='grc' dir='ltr'>τὸν</span> <span class='ocrx_word' id='word_1_290' title='bbox 714 3361 925 3425; x_wconf 79' lang='grc' dir='ltr'>ἄπολιν,</span> <span class='ocrx_word' id='word_1_291' title='bbox 958 3361 1050 3414; x_wconf 84' lang='grc' dir='ltr'>τὸν</span> <span class='ocrx_word' id='word_1_292' title='bbox 1075 3363 1292 3426; x_wconf 83' lang='grc' dir='ltr'>ἄοικον;</span> <span class='ocrx_word' id='word_1_293' title='bbox 1325 3363 1485 3428; x_wconf 86' lang='grc' dir='ltr'>Ἴσως</span> <span class='ocrx_word' id='word_1_294' title='bbox 1507 3364 1539 3434; x_wconf 89' lang='grc' dir='ltr'>ή</span> <span class='ocrx_word' id='word_1_295' title='bbox 1561 3366 1696 3435; x_wconf 86' lang='grc' dir='ltr'>γυνὴ</span> <span class='ocrx_word' id='word_1_296' title='bbox 1724 3368 1850 3431; x_wconf 83' lang='grc' dir='ltr'>τούς</span> <span class='ocrx_word' id='word_1_297' title='bbox 1871 3369 1986 3436; x_wconf 88' lang='grc' dir='ltr'>γεί-</span> 
     </span>
    </p>
   </div>
   <div class='ocr_carea' id='block_1_39' title="bbox 404 3440 1985 3516">
    <p class='ocr_par' dir='ltr' id='par_1_39' title="bbox 404 3440 1985 3516">
     <span class='ocr_line' id='line_1_39' title="bbox 404 3440 1985 3516; baseline 0.006 -20"><span class='ocrx_word' id='word_1_298' title='bbox 404 3460 563 3507; x_wconf 91' lang='grc' dir='ltr'>τονας</span> <span class='ocrx_word' id='word_1_299' title='bbox 586 3443 957 3516; x_wconf 82' lang='grc' dir='ltr'>παρακαλέσει</span> <span class='ocrx_word' id='word_1_300' title='bbox 979 3460 1042 3497; x_wconf 89' lang='grc' dir='ltr'>συ</span> <span class='ocrx_word' id='word_1_301' title='bbox 1050 3440 1321 3515; x_wconf 83' lang='grc' dir='ltr'>μπάθειάν</span> <span class='ocrx_word' id='word_1_302' title='bbox 1339 3462 1462 3500; x_wconf 89' lang='grc' dir='ltr'>τινα</span> <span class='ocrx_word' id='word_1_303' title='bbox 1478 3445 1869 3514; x_wconf 80' lang='grc' dir='ltr'>ἐπιδείξασθαι,</span> <span class='ocrx_word' id='word_1_304' title='bbox 1894 3453 1985 3505; x_wconf 77' lang='grc' dir='ltr'>καὶ</span> 
     </span>
    </p>
   </div>
   <div class='ocr_carea' id='block_1_40' title="bbox 403 3526 1985 3606">
    <p class='ocr_par' dir='ltr' id='par_1_40' title="bbox 403 3526 1985 3606">
     <span class='ocr_line' id='line_1_40' title="bbox 403 3526 1985 3606; baseline 0.003 -26"><span class='ocrx_word' id='word_1_305' title='bbox 403 3526 462 3592; x_wconf 80' lang='grc' dir='ltr'>ἐξ</span> <span class='ocrx_word' id='word_1_306' title='bbox 487 3528 678 3598; x_wconf 79' lang='grc' dir='ltr'>ἐράνου</span> <span class='ocrx_word' id='word_1_307' title='bbox 707 3528 850 3590; x_wconf 82' lang='grc' dir='ltr'>τινὸς</span> <span class='ocrx_word' id='word_1_308' title='bbox 891 3528 984 3581; x_wconf 76' lang='grc' dir='ltr'>καὶ</span> <span class='ocrx_word' id='word_1_309' title='bbox 1022 3529 1379 3599; x_wconf 80' lang='grc' dir='ltr'>συνεισφορᾶς</span> <span class='ocrx_word' id='word_1_310' title='bbox 1413 3530 1480 3584; x_wconf 83' lang='grc' dir='ltr'>τά</span> <span class='ocrx_word' id='word_1_311' title='bbox 1502 3529 1810 3602; x_wconf 85' lang='grc' dir='ltr'>καθήκοντα</span> <span class='ocrx_word' id='word_1_312' title='bbox 1847 3535 1985 3606; x_wconf 75' lang='grc' dir='ltr'>πλη-</span> 
     </span>
    </p>
   </div>
   <div class='ocr_carea' id='block_1_41' title="bbox 404 3609 1983 3686">
    <p class='ocr_par' dir='ltr' id='par_1_41' title="bbox 404 3609 1983 3686">
     <span class='ocr_line' id='line_1_41' title="bbox 404 3609 1983 3686; baseline 0.004 -24"><span class='ocrx_word' id='word_1_313' title='bbox 404 3609 586 3681; x_wconf 88' lang='grc' dir='ltr'>ρώσει.</span> <span class='ocrx_word' id='word_1_314' title='bbox 628 3611 734 3664; x_wconf 78' lang='grc' dir='ltr'>Καὶ</span> <span class='ocrx_word' id='word_1_315' title='bbox 781 3610 932 3680; x_wconf 85' lang='grc' dir='ltr'>πόσῳ</span> <span class='ocrx_word' id='word_1_316' title='bbox 975 3610 1180 3680; x_wconf 89' lang='grc' dir='ltr'>βέλτιον</span> <span class='ocrx_word' id='word_1_317' title='bbox 1211 3610 1374 3664; x_wconf 82' lang='grc' dir='ltr'>αὐτὸν</span> <span class='ocrx_word' id='word_1_318' title='bbox 1415 3610 1506 3666; x_wconf 80' lang='grc' dir='ltr'>τὸν</span> <span class='ocrx_word' id='word_1_319' title='bbox 1556 3613 1759 3684; x_wconf 80' lang='grc' dir='ltr'>βραχὺν</span> <span class='ocrx_word' id='word_1_320' title='bbox 1795 3617 1983 3686; x_wconf 81' lang='grc' dir='ltr'>χρόνον</span> 
     </span>
    </p>
   </div>
   <div class='ocr_carea' id='block_1_42' title="bbox 403 3692 1982 3765">
    <p class='ocr_par' dir='ltr' id='par_1_42' title="bbox 403 3692 1982 3765">
     <span class='ocr_line' id='line_1_42' title="bbox 403 3692 1982 3765; baseline 0.003 -19"><span class='ocrx_word' id='word_1_321' title='bbox 403 3693 495 3746; x_wconf 78' lang='grc' dir='ltr'>τὸν</span> <span class='ocrx_word' id='word_1_322' title='bbox 539 3693 961 3762; x_wconf 81' lang='grc' dir='ltr'>ὑπολειπόμενον</span> <span class='ocrx_word' id='word_1_323' title='bbox 1003 3693 1136 3763; x_wconf 77' lang='grc' dir='ltr'>ἡμῖν</span> <span class='ocrx_word' id='word_1_324' title='bbox 1175 3694 1255 3756; x_wconf 88' lang='grc' dir='ltr'>εἰς</span> <span class='ocrx_word' id='word_1_325' title='bbox 1288 3692 1454 3763; x_wconf 76' lang='grc' dir='ltr'>ζωὴν,</span> <span class='ocrx_word' id='word_1_326' title='bbox 1504 3695 1868 3765; x_wconf 80' lang='grc' dir='ltr'>καθεζόμενον</span> <span class='ocrx_word' id='word_1_327' title='bbox 1898 3701 1982 3751; x_wconf 82' lang='grc' dir='ltr'>ἐν-</span> 
     </span>
    </p>
   </div>
   <div class='ocr_carea' id='block_1_43' title="bbox 402 3773 1980 3848">
    <p class='ocr_par' dir='ltr' id='par_1_43' title="bbox 402 3773 1980 3848">
     <span class='ocr_line' id='line_1_43' title="bbox 402 3773 1980 3848; baseline 0.005 -22"><span class='ocrx_word' id='word_1_328' title='bbox 402 3773 576 3827; x_wconf 86' lang='grc' dir='ltr'>ταῦθα</span> <span class='ocrx_word' id='word_1_329' title='bbox 608 3774 908 3827; x_wconf 82' lang='grc' dir='ltr'>καταλῦσαί</span> <span class='ocrx_word' id='word_1_330' title='bbox 935 3793 1003 3845; x_wconf 89' lang='grc' dir='ltr'>με</span> <span class='ocrx_word' id='word_1_331' title='bbox 1026 3776 1116 3844; x_wconf 81' lang='grc' dir='ltr'>τὸν</span> <span class='ocrx_word' id='word_1_332' title='bbox 1140 3776 1276 3845; x_wconf 90' lang='grc' dir='ltr'>βίον,</span> <span class='ocrx_word' id='word_1_333' title='bbox 1308 3777 1341 3846; x_wconf 85' lang='grc' dir='ltr'>ἢ</span> <span class='ocrx_word' id='word_1_334' title='bbox 1374 3776 1512 3846; x_wconf 87' lang='grc' dir='ltr'>μετά</span> <span class='ocrx_word' id='word_1_335' title='bbox 1541 3777 1718 3848; x_wconf 83' lang='grc' dir='ltr'>γῆρας</span> <span class='ocrx_word' id='word_1_336' title='bbox 1744 3773 1846 3832; x_wconf 84' lang='grc' dir='ltr'>ὧδε</span> <span class='ocrx_word' id='word_1_337' title='bbox 1882 3783 1980 3834; x_wconf 80' lang='grc' dir='ltr'>κά-</span> 
     </span>
    </p>
   </div>
   <div class='ocr_carea' id='block_1_44' title="bbox 406 3857 1979 3933">
    <p class='ocr_par' dir='ltr' id='par_1_44' title="bbox 406 3857 1979 3933">
     <span class='ocr_line' id='line_1_44' title="bbox 406 3857 1979 3933; baseline 0.008 -26"><span class='ocrx_word' id='word_1_338' title='bbox 406 3859 552 3910; x_wconf 87' lang='grc' dir='ltr'>κεῖσε</span> <span class='ocrx_word' id='word_1_339' title='bbox 578 3857 976 3928; x_wconf 77' lang='grc' dir='ltr'>περιέλκεσθαι,</span> <span class='ocrx_word' id='word_1_340' title='bbox 1007 3859 1101 3910; x_wconf 80' lang='grc' dir='ltr'>καὶ</span> <span class='ocrx_word' id='word_1_341' title='bbox 1135 3859 1206 3912; x_wconf 81' lang='grc' dir='ltr'>τὰ</span> <span class='ocrx_word' id='word_1_342' title='bbox 1242 3858 1396 3929; x_wconf 85' lang='grc' dir='ltr'>παρά</span> <span class='ocrx_word' id='word_1_343' title='bbox 1437 3861 1653 3914; x_wconf 86' lang='grc' dir='ltr'>πάντων</span> <span class='ocrx_word' id='word_1_344' title='bbox 1687 3862 1979 3933; x_wconf 84' lang='grc' dir='ltr'>ὑπομένειν</span> 
     </span>
    </p>
   </div>
   <div class='ocr_carea' id='block_1_45' title="bbox 405 3937 1978 4012">
    <p class='ocr_par' dir='ltr' id='par_1_45' title="bbox 405 3937 1978 4012">
     <span class='ocr_line' id='line_1_45' title="bbox 405 3937 1978 4012; baseline 0.006 -21"><span class='ocrx_word' id='word_1_345' title='bbox 405 3937 734 4010; x_wconf 83' lang='grc' dir='ltr'>σκώμματα,</span> <span class='ocrx_word' id='word_1_346' title='bbox 769 3939 842 4003; x_wconf 86' lang='grc' dir='ltr'>ὡς</span> <span class='ocrx_word' id='word_1_347' title='bbox 873 3939 994 3992; x_wconf 80' lang='grc' dir='ltr'>οὐδὲ</span> <span class='ocrx_word' id='word_1_348' title='bbox 1029 3942 1087 3993; x_wconf 90' lang='grc' dir='ltr'>ἐν</span> <span class='ocrx_word' id='word_1_349' title='bbox 1120 3939 1304 4010; x_wconf 85' lang='grc' dir='ltr'>ήλικίᾳ</span> <span class='ocrx_word' id='word_1_350' title='bbox 1342 3941 1566 4012; x_wconf 83' lang='grc' dir='ltr'>τοιαύτῃ</span> <span class='ocrx_word' id='word_1_351' title='bbox 1593 3942 1886 4012; x_wconf 79' lang='grc' dir='ltr'>δυνηθέντα</span> <span class='ocrx_word' id='word_1_352' title='bbox 1920 3949 1978 4000; x_wconf 87' lang='grc' dir='ltr'>ἐν</span> 
     </span>
    </p>
   </div>
   <div class='ocr_carea' id='block_1_46' title="bbox 403 4023 1978 4097">
    <p class='ocr_par' dir='ltr' id='par_1_46' title="bbox 403 4023 1978 4097">
     <span class='ocr_line' id='line_1_46' title="bbox 403 4023 1978 4097; baseline 0.004 -20"><span class='ocrx_word' id='word_1_353' title='bbox 403 4023 603 4094; x_wconf 77' lang='grc' dir='ltr'>ἠσυχίᾳ</span> <span class='ocrx_word' id='word_1_354' title='bbox 622 4023 847 4091; x_wconf 82' lang='grc' dir='ltr'>διάγειν,</span> <span class='ocrx_word' id='word_1_355' title='bbox 879 4023 1015 4077; x_wconf 84' lang='grc' dir='ltr'>ἀλλά</span> <span class='ocrx_word' id='word_1_356' title='bbox 1049 4024 1247 4087; x_wconf 91' lang='grc' dir='ltr'>τόπους</span> <span class='ocrx_word' id='word_1_357' title='bbox 1270 4025 1335 4078; x_wconf 87' lang='grc' dir='ltr'>ἐκ</span> <span class='ocrx_word' id='word_1_358' title='bbox 1367 4026 1548 4078; x_wconf 89' lang='grc' dir='ltr'>τόπων</span> <span class='ocrx_word' id='word_1_359' title='bbox 1572 4027 1844 4097; x_wconf 86' lang='grc' dir='ltr'>ἀμείϐειν,</span> <span class='ocrx_word' id='word_1_360' title='bbox 1887 4032 1978 4083; x_wconf 80' lang='grc' dir='ltr'>καὶ</span> 
     </span>
    </p>
   </div>
   <div class='ocr_carea' id='block_1_47' title="bbox 404 4105 1976 4179">
    <p class='ocr_par' dir='ltr' id='par_1_47' title="bbox 404 4105 1976 4179">
     <span class='ocr_line' id='line_1_47' title="bbox 404 4105 1976 4179; baseline 0.003 -18"><span class='ocrx_word' id='word_1_361' title='bbox 404 4106 657 4178; x_wconf 80' lang='grc' dir='ltr'>μηδαμοῦ</span> <span class='ocrx_word' id='word_1_362' title='bbox 699 4105 984 4172; x_wconf 85' lang='grc' dir='ltr'>ῖστασθαι;</span> <span class='ocrx_word' id='word_1_363' title='bbox 1023 4105 1184 4159; x_wconf 80' lang='grc' dir='ltr'>Ἀλλά</span> <span class='ocrx_word' id='word_1_364' title='bbox 1219 4107 1424 4161; x_wconf 87' lang='grc' dir='ltr'>τούτων</span> <span class='ocrx_word' id='word_1_365' title='bbox 1451 4108 1621 4178; x_wconf 83' lang='grc' dir='ltr'>μηδὲν</span> <span class='ocrx_word' id='word_1_366' title='bbox 1656 4110 1976 4179; x_wconf 87' lang='grc' dir='ltr'>ὑπολογισά-</span> 
     </span>
    </p>
   </div>
   <div class='ocr_carea' id='block_1_48' title="bbox 403 4185 1975 4265">
    <p class='ocr_par' dir='ltr' id='par_1_48' title="bbox 403 4185 1975 4265">
     <span class='ocr_line' id='line_1_48' title="bbox 403 4185 1975 4265; baseline 0.005 -24"><span class='ocrx_word' id='word_1_367' title='bbox 403 4207 564 4261; x_wconf 85' lang='grc' dir='ltr'>μενος</span> <span class='ocrx_word' id='word_1_368' title='bbox 593 4192 621 4243; x_wconf 89' lang='grc' dir='ltr'>ό</span> <span class='ocrx_word' id='word_1_369' title='bbox 647 4189 852 4252; x_wconf 89' lang='grc' dir='ltr'>δίκαιος</span> <span class='ocrx_word' id='word_1_370' title='bbox 895 4185 1049 4255; x_wconf 78' lang='grc' dir='ltr'>οὗτος</span> <span class='ocrx_word' id='word_1_371' title='bbox 1082 4191 1374 4245; x_wconf 82' lang='grc' dir='ltr'>ὑπακούειν</span> <span class='ocrx_word' id='word_1_372' title='bbox 1403 4191 1627 4246; x_wconf 78' lang='grc' dir='ltr'>ἔσπευδε</span> <span class='ocrx_word' id='word_1_373' title='bbox 1672 4194 1752 4265; x_wconf 86' lang='grc' dir='ltr'>τῷ</span> <span class='ocrx_word' id='word_1_374' title='bbox 1787 4197 1975 4250; x_wconf 71' lang='grc' dir='ltr'>ἐπιτάσ-</span> 
     </span>
    </p>
   </div>
   <div class='ocr_carea' id='block_1_49' title="bbox 401 4271 1976 4350">
    <p class='ocr_par' dir='ltr' id='par_1_49' title="bbox 401 4271 1976 4350">
     <span class='ocr_line' id='line_1_49' title="bbox 401 4271 1976 4350; baseline 0.005 -26"><span class='ocrx_word' id='word_1_375' title='bbox 401 4290 589 4343; x_wconf 87' lang='grc' dir='ltr'>γματι.</span> <span class='ocrx_word' id='word_1_376' title='bbox 628 4271 767 4325; x_wconf 81' lang='grc' dir='ltr'>Ἀλλ’</span> <span class='ocrx_word' id='word_1_377' title='bbox 804 4272 932 4336; x_wconf 76' lang='grc' dir='ltr'>ἴσως</span> <span class='ocrx_word' id='word_1_378' title='bbox 973 4274 1116 4328; x_wconf 84' lang='grc' dir='ltr'>είποι</span> <span class='ocrx_word' id='word_1_379' title='bbox 1155 4291 1240 4336; x_wconf 90' lang='grc' dir='ltr'>τις</span> <span class='ocrx_word' id='word_1_380' title='bbox 1278 4273 1365 4338; x_wconf 87' lang='grc' dir='ltr'>ἂν,</span> <span class='ocrx_word' id='word_1_381' title='bbox 1406 4275 1490 4328; x_wconf 82' lang='grc' dir='ltr'>δτι</span> <span class='ocrx_word' id='word_1_382' title='bbox 1529 4275 1708 4330; x_wconf 74' lang='grc' dir='ltr'>ίκανδν</span> <span class='ocrx_word' id='word_1_383' title='bbox 1731 4273 1800 4348; x_wconf 80' lang='grc' dir='ltr'>ἦν</span> <span class='ocrx_word' id='word_1_384' title='bbox 1831 4280 1976 4350; x_wconf 83' lang='grc' dir='ltr'>αὐτῷ</span> 
     </span>
    </p>
   </div>
   <div class='ocr_carea' id='block_1_50' title="bbox 399 4355 1976 4427">
    <p class='ocr_par' dir='ltr' id='par_1_50' title="bbox 399 4355 1976 4427">
     <span class='ocr_line' id='line_1_50' title="bbox 399 4355 1976 4427; baseline 0.006 -20"><span class='ocrx_word' id='word_1_385' title='bbox 399 4357 482 4419; x_wconf 84' lang='grc' dir='ltr'>εἰς</span> <span class='ocrx_word' id='word_1_386' title='bbox 511 4355 824 4426; x_wconf 81' lang='grc' dir='ltr'>προτροπὴν</span> <span class='ocrx_word' id='word_1_387' title='bbox 845 4355 906 4408; x_wconf 84' lang='grc' dir='ltr'>τὸ</span> <span class='ocrx_word' id='word_1_388' title='bbox 929 4355 1108 4424; x_wconf 89' lang='grc' dir='ltr'>λέγειν</span> <span class='ocrx_word' id='word_1_389' title='bbox 1137 4373 1151 4386; x_wconf 82' lang='grc'><em>’</em></span> <span class='ocrx_word' id='word_1_390' title='bbox 1180 4356 1360 4424; x_wconf 83' lang='grc' dir='ltr'>Δεῦρο</span> <span class='ocrx_word' id='word_1_391' title='bbox 1385 4358 1473 4423; x_wconf 83' lang='grc' dir='ltr'>εἰς</span> <span class='ocrx_word' id='word_1_392' title='bbox 1505 4356 1621 4425; x_wconf 85' lang='grc' dir='ltr'>τὴν</span> <span class='ocrx_word' id='word_1_393' title='bbox 1641 4357 1776 4427; x_wconf 82' lang='grc' dir='ltr'>γῆν,</span> <span class='ocrx_word' id='word_1_394' title='bbox 1798 4359 1878 4427; x_wconf 76' lang='grc' dir='ltr'>ἢν</span> <span class='ocrx_word' id='word_1_395' title='bbox 1899 4362 1976 4416; x_wconf 80' lang='grc' dir='ltr'>ἄν</span> 
     </span>
    </p>
   </div>
   <div class='ocr_carea' id='block_1_51' title="bbox 397 4437 1975 4508">
    <p class='ocr_par' dir='ltr' id='par_1_51' title="bbox 397 4437 1975 4508">
     <span class='ocr_line' id='line_1_51' title="bbox 397 4437 1975 4508; baseline 0.006 -18"><span class='ocrx_word' id='word_1_396' title='bbox 397 4453 498 4492; x_wconf 87' lang='grc' dir='ltr'>σοι</span> <span class='ocrx_word' id='word_1_397' title='bbox 514 4437 709 4502; x_wconf 63' lang='grc' dir='ltr'>δείξω</span> <span class='ocrx_word' id='word_1_398' title='bbox 724 4438 819 4492; x_wconf 79' lang='grc' dir='ltr'>καί</span> <span class='ocrx_word' id='word_1_399' title='bbox 841 4439 1074 4495; x_wconf 76' lang='grc' dir='ltr'>ποιήσω</span> <span class='ocrx_word' id='word_1_400' title='bbox 1104 4454 1179 4493; x_wconf 90' lang='grc' dir='ltr'>σε</span> <span class='ocrx_word' id='word_1_401' title='bbox 1196 4442 1280 4507; x_wconf 84' lang='grc' dir='ltr'>εἰς</span> <span class='ocrx_word' id='word_1_402' title='bbox 1296 4440 1471 4505; x_wconf 77' lang='grc' dir='ltr'>ἐθνος</span> <span class='ocrx_word' id='word_1_403' title='bbox 1489 4439 1663 4508; x_wconf 85' lang='grc' dir='ltr'>μέγα,</span> <span class='ocrx_word' id='word_1_404' title='bbox 1685 4443 1783 4495; x_wconf 80' lang='grc' dir='ltr'>καί</span> <span class='ocrx_word' id='word_1_405' title='bbox 1805 4446 1975 4499; x_wconf 84' lang='grc' dir='ltr'>εὐλο-</span> 
     </span>
    </p>
   </div>
   <div class='ocr_carea' id='block_1_52' title="bbox 398 4520 1974 4595">
    <p class='ocr_par' dir='ltr' id='par_1_52' title="bbox 398 4520 1974 4595">
     <span class='ocr_line' id='line_1_52' title="bbox 398 4520 1974 4595; baseline 0.005 -23"><span class='ocrx_word' id='word_1_406' title='bbox 398 4520 566 4592; x_wconf 67' lang='grc' dir='ltr'>γήσω</span> <span class='ocrx_word' id='word_1_407' title='bbox 583 4537 677 4576; x_wconf 85' lang='grc' dir='ltr'>σε.</span> <span class='ocrx_word' id='word_1_408' title='bbox 702 4521 873 4574; x_wconf 90' lang='grc' dir='ltr'>Τοῦτο</span> <span class='ocrx_word' id='word_1_409' title='bbox 895 4522 1078 4576; x_wconf 89' lang='grc' dir='ltr'>τοίνυν</span> <span class='ocrx_word' id='word_1_410' title='bbox 1099 4523 1230 4576; x_wconf 83' lang='grc' dir='ltr'>αὐτὸ</span> <span class='ocrx_word' id='word_1_411' title='bbox 1268 4523 1522 4594; x_wconf 86' lang='grc' dir='ltr'>μάλιστα,</span> <span class='ocrx_word' id='word_1_412' title='bbox 1547 4524 1597 4574; x_wconf 84' lang='grc' dir='ltr'>εί</span> <span class='ocrx_word' id='word_1_413' title='bbox 1628 4525 1704 4595; x_wconf 74' lang='grc' dir='ltr'>μὴ</span> <span class='ocrx_word' id='word_1_414' title='bbox 1730 4527 1974 4593; x_wconf 87' lang='grc' dir='ltr'>φιλόθεος</span> 
     </span>
    </p>
   </div>
   <div class='ocr_carea' id='block_1_53' title="bbox 394 4601 1972 4682">
    <p class='ocr_par' dir='ltr' id='par_1_53' title="bbox 394 4601 1972 4682">
     <span class='ocr_line' id='line_1_53' title="bbox 394 4601 1972 4682; baseline 0.004 -24"><span class='ocrx_word' id='word_1_415' title='bbox 394 4601 485 4676; x_wconf 78' lang='grc' dir='ltr'>ἦν,</span> <span class='ocrx_word' id='word_1_416' title='bbox 515 4605 676 4676; x_wconf 71' lang='grc' dir='ltr'>ἤρκει</span> <span class='ocrx_word' id='word_1_417' title='bbox 715 4605 1073 4678; x_wconf 82' lang='grc' dir='ltr'>ὀκνηρότερον</span> <span class='ocrx_word' id='word_1_418' title='bbox 1102 4607 1262 4659; x_wconf 82' lang='grc' dir='ltr'>αὐτὸν</span> <span class='ocrx_word' id='word_1_419' title='bbox 1298 4608 1427 4678; x_wconf 81' lang='grc' dir='ltr'>περὶ</span> <span class='ocrx_word' id='word_1_420' title='bbox 1461 4607 1560 4677; x_wconf 82' lang='grc' dir='ltr'>τὴν</span> <span class='ocrx_word' id='word_1_421' title='bbox 1602 4608 1847 4680; x_wconf 82' lang='grc' dir='ltr'>ὑπακοὴν</span> <span class='ocrx_word' id='word_1_422' title='bbox 1883 4614 1972 4682; x_wconf 81' lang='grc' dir='ltr'>ἐρ-</span> 
     </span>
    </p>
   </div>
   <div class='ocr_carea' id='block_1_54' title="bbox 397 4689 1970 4760">
    <p class='ocr_par' dir='ltr' id='par_1_54' title="bbox 397 4689 1970 4760">
     <span class='ocr_line' id='line_1_54' title="bbox 397 4689 1970 4760; baseline 0.004 -18"><span class='ocrx_word' id='word_1_423' title='bbox 397 4689 686 4758; x_wconf 85' lang='grc' dir='ltr'>γάσασθαι.</span> <span class='ocrx_word' id='word_1_424' title='bbox 724 4690 982 4743; x_wconf 89' lang='grc' dir='ltr'>Ἠδύνατο</span> <span class='ocrx_word' id='word_1_425' title='bbox 1020 4692 1129 4760; x_wconf 80' lang='grc' dir='ltr'>γάρ</span> <span class='ocrx_word' id='word_1_426' title='bbox 1167 4693 1361 4756; x_wconf 87' lang='grc' dir='ltr'>εἰπεῖν,</span> <span class='ocrx_word' id='word_1_427' title='bbox 1409 4692 1458 4743; x_wconf 89' lang='grc' dir='ltr'>εἰ</span> <span class='ocrx_word' id='word_1_428' title='bbox 1503 4693 1612 4745; x_wconf 86' lang='grc' dir='ltr'>τῶν</span> <span class='ocrx_word' id='word_1_429' title='bbox 1646 4694 1856 4748; x_wconf 83' lang='grc' dir='ltr'>πολλῶν</span> <span class='ocrx_word' id='word_1_430' title='bbox 1889 4693 1970 4760; x_wconf 79' lang='grc' dir='ltr'>εἷς</span> 
     </span>
    </p>
   </div>
   <div class='ocr_carea' id='block_1_55' title="bbox 395 4769 1972 4851">
    <p class='ocr_par' dir='ltr' id='par_1_55' title="bbox 395 4769 1972 4851">
     <span class='ocr_line' id='line_1_55' title="bbox 395 4769 1972 4851; baseline 0.005 -25"><span class='ocrx_word' id='word_1_431' title='bbox 395 4769 484 4841; x_wconf 79' lang='grc' dir='ltr'>ἦν,</span> <span class='ocrx_word' id='word_1_432' title='bbox 510 4774 591 4826; x_wconf 82' lang='grc' dir='ltr'>ὅτι</span> <span class='ocrx_word' id='word_1_433' title='bbox 607 4773 762 4838; x_wconf 89' lang='grc' dir='ltr'>Τίνος</span> <span class='ocrx_word' id='word_1_434' title='bbox 784 4775 968 4828; x_wconf 70' lang='grc' dir='ltr'>ἕνεκεν</span> <span class='ocrx_word' id='word_1_435' title='bbox 994 4777 1073 4838; x_wconf 88' lang='grc' dir='ltr'>εἰς</span> <span class='ocrx_word' id='word_1_436' title='bbox 1094 4776 1193 4847; x_wconf 82' lang='grc' dir='ltr'>τὴν</span> <span class='ocrx_word' id='word_1_437' title='bbox 1214 4775 1370 4846; x_wconf 80' lang='grc' dir='ltr'>ξένην</span> <span class='ocrx_word' id='word_1_438' title='bbox 1401 4795 1466 4847; x_wconf 84' lang='grc' dir='ltr'>με</span> <span class='ocrx_word' id='word_1_439' title='bbox 1487 4776 1740 4845; x_wconf 82' lang='grc' dir='ltr'>ἀπάγεις,</span> <span class='ocrx_word' id='word_1_440' title='bbox 1765 4779 1859 4833; x_wconf 74' lang='grc' dir='ltr'>καὶ</span> <span class='ocrx_word' id='word_1_441' title='bbox 1874 4782 1972 4851; x_wconf 79' lang='grc' dir='ltr'>τὴν</span> 
     </span>
    </p>
   </div>
   <div class='ocr_carea' id='block_1_56' title="bbox 395 4854 1970 4932">
    <p class='ocr_par' dir='ltr' id='par_1_56' title="bbox 395 4854 1970 4932">
     <span class='ocr_line' id='line_1_56' title="bbox 395 4854 1970 4932; baseline 0.004 -24"><span class='ocrx_word' id='word_1_442' title='bbox 395 4854 677 4924; x_wconf 79' lang='grc' dir='ltr'>ἀλλοτρίαν</span> <span class='ocrx_word' id='word_1_443' title='bbox 722 4873 790 4925; x_wconf 90' lang='grc' dir='ltr'>με</span> <span class='ocrx_word' id='word_1_444' title='bbox 827 4855 1156 4911; x_wconf 87' lang='grc' dir='ltr'>καταλαϐεῖν</span> <span class='ocrx_word' id='word_1_445' title='bbox 1207 4858 1489 4925; x_wconf 85' lang='grc' dir='ltr'>κελεύεις;</span> <span class='ocrx_word' id='word_1_446' title='bbox 1531 4859 1630 4913; x_wconf 81' lang='grc' dir='ltr'>Διά</span> <span class='ocrx_word' id='word_1_447' title='bbox 1672 4862 1726 4912; x_wconf 91' lang='grc' dir='ltr'>τί</span> <span class='ocrx_word' id='word_1_448' title='bbox 1767 4863 1874 4931; x_wconf 80' lang='grc' dir='ltr'>γάρ</span> <span class='ocrx_word' id='word_1_449' title='bbox 1903 4881 1970 4932; x_wconf 87' lang='grc' dir='ltr'>με</span> 
     </span>
    </p>
   </div>
   <div class='ocr_carea' id='block_1_57' title="bbox 395 4938 1972 5012">
    <p class='ocr_par' dir='ltr' id='par_1_57' title="bbox 395 4938 1972 5012">
     <span class='ocr_line' id='line_1_57' title="bbox 395 4938 1972 5012; baseline 0.007 -23"><span class='ocrx_word' id='word_1_450' title='bbox 395 4938 650 4998; x_wconf 77' lang='grc' dir='ltr'>ἐνταῦθα,</span> <span class='ocrx_word' id='word_1_451' title='bbox 685 4938 797 5006; x_wconf 78' lang='grc' dir='ltr'>εἴγε</span> <span class='ocrx_word' id='word_1_452' title='bbox 831 4938 1008 5008; x_wconf 83' lang='grc' dir='ltr'>βούλει</span> <span class='ocrx_word' id='word_1_453' title='bbox 1051 4941 1228 5010; x_wconf 87' lang='grc' dir='ltr'>μέγαν</span> <span class='ocrx_word' id='word_1_454' title='bbox 1263 4943 1506 5012; x_wconf 81' lang='grc' dir='ltr'>ποιῆσαι,</span> <span class='ocrx_word' id='word_1_455' title='bbox 1549 4944 1609 4996; x_wconf 91' lang='grc' dir='ltr'>οὐ</span> <span class='ocrx_word' id='word_1_456' title='bbox 1633 4948 1841 5011; x_wconf 85' lang='grc' dir='ltr'>ποιεῖς;</span> <span class='ocrx_word' id='word_1_457' title='bbox 1883 4947 1972 5002; x_wconf 85' lang='grc' dir='ltr'>διά</span> 
     </span>
    </p>
   </div>
   <div class='ocr_carea' id='block_1_58' title="bbox 390 5020 1971 5100">
    <p class='ocr_par' dir='ltr' id='par_1_58' title="bbox 390 5020 1971 5100">
     <span class='ocr_line' id='line_1_58' title="bbox 390 5020 1971 5100; baseline 0.005 -26"><span class='ocrx_word' id='word_1_458' title='bbox 390 5022 445 5074; x_wconf 91' lang='grc' dir='ltr'>τί</span> <span class='ocrx_word' id='word_1_459' title='bbox 468 5021 561 5074; x_wconf 82' lang='grc' dir='ltr'>ἐπὶ</span> <span class='ocrx_word' id='word_1_460' title='bbox 588 5020 683 5090; x_wconf 81' lang='grc' dir='ltr'>τῆς</span> <span class='ocrx_word' id='word_1_461' title='bbox 707 5021 882 5084; x_wconf 80' lang='grc' dir='ltr'>οἰκίας</span> <span class='ocrx_word' id='word_1_462' title='bbox 899 5023 996 5093; x_wconf 83' lang='grc' dir='ltr'>τῆς</span> <span class='ocrx_word' id='word_1_463' title='bbox 1013 5022 1272 5095; x_wconf 85' lang='grc' dir='ltr'>πατρῴας</span> <span class='ocrx_word' id='word_1_464' title='bbox 1285 5024 1536 5094; x_wconf 82' lang='grc' dir='ltr'>διάγοντα</span> <span class='ocrx_word' id='word_1_465' title='bbox 1559 5029 1660 5080; x_wconf 88' lang='grc' dir='ltr'>οὐκ</span> <span class='ocrx_word' id='word_1_466' title='bbox 1687 5027 1856 5094; x_wconf 81' lang='grc' dir='ltr'>ἀξιοῖς</span> <span class='ocrx_word' id='word_1_467' title='bbox 1872 5032 1971 5100; x_wconf 77' lang='grc' dir='ltr'>τῆς</span> 
     </span>
    </p>
   </div>
   <div class='ocr_carea' id='block_1_59' title="bbox 393 5103 1970 5182">
    <p class='ocr_par' dir='ltr' id='par_1_59' title="bbox 393 5103 1970 5182">
     <span class='ocr_line' id='line_1_59' title="bbox 393 5103 1970 5182; baseline 0.007 -27"><span class='ocrx_word' id='word_1_468' title='bbox 393 5105 493 5176; x_wconf 81' lang='grc' dir='ltr'>σῆς</span> <span class='ocrx_word' id='word_1_469' title='bbox 521 5103 804 5172; x_wconf 78' lang='grc' dir='ltr'>εὐλογίαςς</span> <span class='ocrx_word' id='word_1_470' title='bbox 842 5104 929 5168; x_wconf 85' lang='grc' dir='ltr'>Ὦς</span> <span class='ocrx_word' id='word_1_471' title='bbox 966 5105 1012 5156; x_wconf 88' lang='grc' dir='ltr'>εἰ</span> <span class='ocrx_word' id='word_1_472' title='bbox 1039 5105 1276 5178; x_wconf 83' lang='grc' dir='ltr'>συμϐαίη</span> <span class='ocrx_word' id='word_1_473' title='bbox 1312 5125 1400 5179; x_wconf 91' lang='grc' dir='ltr'>με,</span> <span class='ocrx_word' id='word_1_474' title='bbox 1445 5111 1573 5182; x_wconf 79' lang='grc' dir='ltr'>πρὶν</span> <span class='ocrx_word' id='word_1_475' title='bbox 1601 5110 1635 5181; x_wconf 84' lang='grc' dir='ltr'><strong>ῆ</strong></span> <span class='ocrx_word' id='word_1_476' title='bbox 1666 5111 1866 5178; x_wconf 87' lang='grc' dir='ltr'>φθάσαι</span> <span class='ocrx_word' id='word_1_477' title='bbox 1889 5116 1970 5177; x_wconf 89' lang='grc' dir='ltr'>εἰς</span> 
     </span>
    </p>
   </div>
   <div class='ocr_carea' id='block_1_60' title="bbox 389 5185 1969 5261">
    <p class='ocr_par' dir='ltr' id='par_1_60' title="bbox 389 5185 1969 5261">
     <span class='ocr_line' id='line_1_60' title="bbox 389 5185 1969 5261; baseline 0.005 -20"><span class='ocrx_word' id='word_1_478' title='bbox 389 5187 482 5241; x_wconf 86' lang='grc' dir='ltr'>τὸν</span> <span class='ocrx_word' id='word_1_479' title='bbox 510 5203 670 5240; x_wconf 90' lang='grc' dir='ltr'>τοπον</span> <span class='ocrx_word' id='word_1_480' title='bbox 699 5185 828 5240; x_wconf 78' lang='grc' dir='ltr'>ἔνθα</span> <span class='ocrx_word' id='word_1_481' title='bbox 848 5185 1107 5251; x_wconf 81' lang='grc' dir='ltr'>κελεύεις,</span> <span class='ocrx_word' id='word_1_482' title='bbox 1130 5192 1567 5261; x_wconf 87' lang='grc' dir='ltr'>κατεργασθέντα</span> <span class='ocrx_word' id='word_1_483' title='bbox 1587 5194 1805 5247; x_wconf 84' lang='grc' dir='ltr'>ὑπὸτῶν</span> <span class='ocrx_word' id='word_1_484' title='bbox 1828 5197 1969 5250; x_wconf 85' lang='grc' dir='ltr'>κατά</span> 
     </span>
    </p>
   </div>
   <div class='ocr_carea' id='block_1_61' title="bbox 390 5270 1967 5346">
    <p class='ocr_par' dir='ltr' id='par_1_61' title="bbox 390 5270 1967 5346">
     <span class='ocr_line' id='line_1_61' title="bbox 390 5270 1967 5346; baseline 0.006 -24"><span class='ocrx_word' id='word_1_485' title='bbox 390 5270 490 5341; x_wconf 83' lang='grc' dir='ltr'>τὴν</span> <span class='ocrx_word' id='word_1_486' title='bbox 511 5271 824 5341; x_wconf 86' lang='grc' dir='ltr'>ὁδοιπορίαν</span> <span class='ocrx_word' id='word_1_487' title='bbox 865 5271 1127 5341; x_wconf 86' lang='grc' dir='ltr'>καμάτων</span> <span class='ocrx_word' id='word_1_488' title='bbox 1173 5273 1266 5325; x_wconf 74' lang='grc' dir='ltr'>καὶ</span> <span class='ocrx_word' id='word_1_489' title='bbox 1309 5273 1690 5346; x_wconf 82' lang='grc' dir='ltr'>διαφθαρῆναι,</span> <span class='ocrx_word' id='word_1_490' title='bbox 1729 5277 1825 5330; x_wconf 76' lang='grc' dir='ltr'>καὶ</span> <span class='ocrx_word' id='word_1_491' title='bbox 1877 5277 1967 5332; x_wconf 71' lang='grc' dir='ltr'>τὸν</span> 
     </span>
    </p>
   </div>
   <div class='ocr_carea' id='block_1_62' title="bbox 390 5351 1962 5428">
    <p class='ocr_par' dir='ltr' id='par_1_62' title="bbox 390 5351 1962 5428">
     <span class='ocr_line' id='line_1_62' title="bbox 390 5351 1962 5428; baseline 0.006 -25"><span class='ocrx_word' id='word_1_492' title='bbox 390 5351 507 5422; x_wconf 80' lang='grc' dir='ltr'>βίον</span> <span class='ocrx_word' id='word_1_493' title='bbox 531 5352 854 5416; x_wconf 88' lang='grc' dir='ltr'>καταλῦσαι,</span> <span class='ocrx_word' id='word_1_494' title='bbox 882 5352 933 5404; x_wconf 87' lang='grc' dir='ltr'>τί</span> <span class='ocrx_word' id='word_1_495' title='bbox 957 5370 1047 5422; x_wconf 90' lang='grc' dir='ltr'>μοι</span> <span class='ocrx_word' id='word_1_496' title='bbox 1072 5352 1132 5405; x_wconf 84' lang='grc' dir='ltr'>τὸ</span> <span class='ocrx_word' id='word_1_497' title='bbox 1162 5354 1354 5423; x_wconf 72' lang='grc' dir='ltr'>ὄφελος</span> <span class='ocrx_word' id='word_1_498' title='bbox 1375 5357 1484 5409; x_wconf 86' lang='grc' dir='ltr'>τῶν</span> <span class='ocrx_word' id='word_1_499' title='bbox 1507 5357 1926 5428; x_wconf 82' lang='grc' dir='ltr'>ἐπηγγελμένων</span> <span class='ocrx_word' id='word_1_500' title='bbox 1948 5378 1962 5425; x_wconf 90' lang='grc'><strong>;</strong></span> 
     </span>
    </p>
   </div>
   <div class='ocr_carea' id='block_1_63' title="bbox 402 5433 1966 5499">
    <p class='ocr_par' dir='ltr' id='par_1_63' title="bbox 402 5433 1966 5499">
     <span class='ocr_line' id='line_1_63' title="bbox 402 5433 1966 5499; baseline 0.005 -13"><span class='ocrx_word' id='word_1_501' title='bbox 402 5433 542 5487; x_wconf 78' lang='grc' dir='ltr'>Ἀλλ’</span> <span class='ocrx_word' id='word_1_502' title='bbox 577 5434 731 5487; x_wconf 82' lang='grc' dir='ltr'>οὐδὲν</span> <span class='ocrx_word' id='word_1_503' title='bbox 763 5433 967 5488; x_wconf 87' lang='grc' dir='ltr'>τούτων</span> <span class='ocrx_word' id='word_1_504' title='bbox 1008 5435 1130 5488; x_wconf 78' lang='grc' dir='ltr'>οὐδὲ</span> <span class='ocrx_word' id='word_1_505' title='bbox 1166 5438 1244 5499; x_wconf 89' lang='grc' dir='ltr'>εἰς</span> <span class='ocrx_word' id='word_1_506' title='bbox 1275 5436 1484 5490; x_wconf 80' lang='grc' dir='ltr'>ἔννοιαν</span> <span class='ocrx_word' id='word_1_507' title='bbox 1527 5438 1710 5492; x_wconf 87' lang='grc' dir='ltr'>λαϐεῖν</span> <span class='ocrx_word' id='word_1_508' title='bbox 1749 5442 1966 5494; x_wconf 83' lang='grc' dir='ltr'>κατεδέ-</span> 
     </span>
    </p>
   </div>
   <div class='ocr_carea' id='block_1_64' title="bbox 389 5517 1966 5592">
    <p class='ocr_par' dir='ltr' id='par_1_64' title="bbox 389 5517 1966 5592">
     <span class='ocr_line' id='line_1_64' title="bbox 389 5517 1966 5592; baseline 0.005 -22"><span class='ocrx_word' id='word_1_509' title='bbox 389 5519 540 5584; x_wconf 82' lang='grc' dir='ltr'>ξατο,</span> <span class='ocrx_word' id='word_1_510' title='bbox 574 5517 730 5579; x_wconf 74' lang='grc' dir='ltr'>ἀλλὰ,</span> <span class='ocrx_word' id='word_1_511' title='bbox 771 5517 1023 5589; x_wconf 87' lang='grc' dir='ltr'>καθάπερ</span> <span class='ocrx_word' id='word_1_512' title='bbox 1056 5518 1354 5590; x_wconf 85' lang='grc' dir='ltr'>εὐγνώμων</span> <span class='ocrx_word' id='word_1_513' title='bbox 1394 5521 1631 5590; x_wconf 87' lang='grc' dir='ltr'>οἰκέτης,</span> <span class='ocrx_word' id='word_1_514' title='bbox 1672 5521 1747 5592; x_wconf 86' lang='grc' dir='ltr'>τῷ</span> <span class='ocrx_word' id='word_1_515' title='bbox 1779 5523 1966 5578; x_wconf 83' lang='grc' dir='ltr'>ἐπιτά-</span> 
     </span>
    </p>
   </div>
   <div class='ocr_carea' id='block_1_65' title="bbox 389 5601 1962 5675">
    <p class='ocr_par' dir='ltr' id='par_1_65' title="bbox 389 5601 1962 5675">
     <span class='ocr_line' id='line_1_65' title="bbox 389 5601 1962 5675; baseline 0.006 -24"><span class='ocrx_word' id='word_1_516' title='bbox 389 5617 557 5670; x_wconf 82' lang='grc' dir='ltr'>γματι</span> <span class='ocrx_word' id='word_1_517' title='bbox 611 5601 770 5670; x_wconf 92' lang='grc' dir='ltr'>μόνον</span> <span class='ocrx_word' id='word_1_518' title='bbox 820 5601 1114 5673; x_wconf 85' lang='grc' dir='ltr'>ὑπήκουεν,</span> <span class='ocrx_word' id='word_1_519' title='bbox 1169 5603 1230 5656; x_wconf 91' lang='grc' dir='ltr'>οὐ</span> <span class='ocrx_word' id='word_1_520' title='bbox 1283 5604 1798 5675; x_wconf 78' lang='grc' dir='ltr'>περιεργαζόμενος,</span> <span class='ocrx_word' id='word_1_521' title='bbox 1842 5607 1962 5660; x_wconf 87' lang='grc' dir='ltr'>οὐδέ</span> 
     </span>
    </p>
   </div>
   <div class='ocr_carea' id='block_1_66' title="bbox 391 5687 1966 5767">
    <p class='ocr_par' dir='ltr' id='par_1_66' title="bbox 391 5687 1966 5767">
     <span class='ocr_line' id='line_1_66' title="bbox 391 5687 1966 5767; baseline 0.008 -29"><span class='ocrx_word' id='word_1_522' title='bbox 391 5687 882 5760; x_wconf 80' lang='grc' dir='ltr'>πολυπραγμονῶν,</span> <span class='ocrx_word' id='word_1_523' title='bbox 915 5690 1030 5744; x_wconf 79' lang='grc' dir='ltr'>ἀλλ’</span> <span class='ocrx_word' id='word_1_524' title='bbox 1056 5690 1326 5758; x_wconf 80' lang='grc' dir='ltr'>ἐπείθετο,</span> <span class='ocrx_word' id='word_1_525' title='bbox 1359 5693 1451 5746; x_wconf 79' lang='grc' dir='ltr'>καί</span> <span class='ocrx_word' id='word_1_526' title='bbox 1477 5693 1966 5767; x_wconf 81' lang='grc' dir='ltr'>πεπληροφορημέ-</span> 
     </span>
    </p>
   </div>
   <div class='ocr_carea' id='block_1_67' title="bbox 1340 243 2741 308">
    <p class='ocr_par' dir='ltr' id='par_1_67' title="bbox 1340 243 2741 308">
     <span class='ocr_line' id='line_1_67' title="bbox 1340 243 2741 308; baseline 0.006 -11"><span class='ocrx_word' id='word_1_527' title='bbox 1340 243 1403 298; x_wconf 72' lang='lat' dir='ltr'>IN</span> <span class='ocrx_word' id='word_1_528' title='bbox 1441 245 1592 301; x_wconf 65' lang='lat' dir='ltr'>CAP.</span> <span class='ocrx_word' id='word_1_529' title='bbox 1631 243 1707 298; x_wconf 74' lang='lat' dir='ltr'>XI‘</span> <span class='ocrx_word' id='word_1_530' title='bbox 1738 243 1823 298; x_wconf 77' lang='grc' dir='ltr'>ΕΤ</span> <span class='ocrx_word' id='word_1_531' title='bbox 1865 244 1954 299; x_wconf 75' lang='lat' dir='ltr'>XII</span> <span class='ocrx_word' id='word_1_532' title='bbox 1993 243 2239 304; x_wconf 62' lang='lat' dir='ltr'>GICNES.</span> <span class='ocrx_word' id='word_1_533' title='bbox 2283 249 2510 308; x_wconf 75' lang='lat' dir='ltr'>IIOMIL.</span> <span class='ocrx_word' id='word_1_534' title='bbox 2558 253 2741 308; x_wconf 64' lang='lat' dir='ltr'><strong>XXXI.</strong></span> 
     </span>
    </p>
   </div>
   <div class='ocr_carea' id='block_1_68' title="bbox 3593 264 3694 321">
    <p class='ocr_par' dir='ltr' id='par_1_68' title="bbox 3593 264 3694 321">
     <span class='ocr_line' id='line_1_68' title="bbox 3593 264 3694 321; baseline 0.05 -6"><span class='ocrx_word' id='word_1_535' title='bbox 3593 264 3694 321; x_wconf 66' lang='lat'>288</span> 
     </span>
    </p>
   </div>
   <div class='ocr_carea' id='block_1_69' title="bbox 2104 365 3691 445">
    <p class='ocr_par' dir='ltr' id='par_1_69' title="bbox 2104 365 3691 445">
     <span class='ocr_line' id='line_1_69' title="bbox 2104 365 3691 445; baseline 0.013 -33"><span class='ocrx_word' id='word_1_536' title='bbox 2104 377 2192 426; x_wconf 91' lang='grc' dir='ltr'>νος</span> <span class='ocrx_word' id='word_1_537' title='bbox 2216 365 2530 436; x_wconf 82' lang='grc' dir='ltr'>ἐτύγχανεν,</span> <span class='ocrx_word' id='word_1_538' title='bbox 2554 369 2636 421; x_wconf 82' lang='grc' dir='ltr'>ὅτι</span> <span class='ocrx_word' id='word_1_539' title='bbox 2656 369 2903 438; x_wconf 72' lang='grc' dir='ltr'>ἀψευδεῖς</span> <span class='ocrx_word' id='word_1_540' title='bbox 2930 365 3070 440; x_wconf 76' lang='grc' dir='ltr'>ἦσαν</span> <span class='ocrx_word' id='word_1_541' title='bbox 3105 372 3160 424; x_wconf 89' lang='grc' dir='ltr'>αἰ</span> <span class='ocrx_word' id='word_1_542' title='bbox 3185 370 3278 424; x_wconf 86' lang='grc' dir='ltr'>τοῦ</span> <span class='ocrx_word' id='word_1_543' title='bbox 3301 373 3435 425; x_wconf 78' lang='grc' dir='ltr'>Θεοῦ</span> <span class='ocrx_word' id='word_1_544' title='bbox 3461 377 3691 445; x_wconf 79' lang='grc' dir='ltr'>ἐπαγγεο</span> 
     </span>
    </p>
   </div>
   <div class='ocr_carea' id='block_1_70' title="bbox 2109 444 3695 527">
    <p class='ocr_par' dir='ltr' id='par_1_70' title="bbox 2109 444 3695 527">
     <span class='ocr_line' id='line_1_70' title="bbox 2109 444 3695 527; baseline 0.013 -33"><span class='ocrx_word' id='word_1_545' title='bbox 2109 444 2238 498; x_wconf 81' lang='grc' dir='ltr'>λίαι·</span> <span class='ocrx_word' id='word_1_546' title='bbox 2259 449 2367 501; x_wconf 80' lang='grc' dir='ltr'>Καὶ</span> <span class='ocrx_word' id='word_1_547' title='bbox 2391 450 2626 517; x_wconf 77' lang='grc' dir='ltr'>ποιήσω</span> <span class='ocrx_word' id='word_1_548' title='bbox 2658 470 2732 506; x_wconf 86' lang='grc' dir='ltr'>σε</span> <span class='ocrx_word' id='word_1_549' title='bbox 2754 456 2841 518; x_wconf 85' lang='grc' dir='ltr'>εἰς</span> <span class='ocrx_word' id='word_1_550' title='bbox 2861 453 3034 519; x_wconf 79' lang='grc' dir='ltr'>ἔθνος</span> <span class='ocrx_word' id='word_1_551' title='bbox 3057 455 3230 524; x_wconf 62' lang='grc' dir='ltr'>μέγα,</span> <span class='ocrx_word' id='word_1_552' title='bbox 3251 458 3346 509; x_wconf 70' lang='grc' dir='ltr'>καὶ</span> <span class='ocrx_word' id='word_1_553' title='bbox 3376 444 3695 527; x_wconf 79' lang='grc' dir='ltr'>εὐλογήσω</span> 
     </span>
    </p>
   </div>
   <div class='ocr_carea' id='block_1_71' title="bbox 2107 533 3690 610">
    <p class='ocr_par' dir='ltr' id='par_1_71' title="bbox 2107 533 3690 610">
     <span class='ocr_line' id='line_1_71' title="bbox 2107 533 3690 610; baseline 0.01 -30"><span class='ocrx_word' id='word_1_554' title='bbox 2107 546 2200 590; x_wconf 84' lang='grc' dir='ltr'>σε,</span> <span class='ocrx_word' id='word_1_555' title='bbox 2230 533 2324 584; x_wconf 82' lang='grc' dir='ltr'>καί</span> <span class='ocrx_word' id='word_1_556' title='bbox 2346 533 2666 602; x_wconf 79' lang='grc' dir='ltr'>μεγαλυνῶ</span> <span class='ocrx_word' id='word_1_557' title='bbox 2681 536 2746 588; x_wconf 78' lang='grc' dir='ltr'>τὸ</span> <span class='ocrx_word' id='word_1_558' title='bbox 2763 536 2948 604; x_wconf 81' lang='grc' dir='ltr'>ὄνομά</span> <span class='ocrx_word' id='word_1_559' title='bbox 2962 552 3099 602; x_wconf 91' lang='grc' dir='ltr'>σου,</span> <span class='ocrx_word' id='word_1_560' title='bbox 3117 539 3214 591; x_wconf 81' lang='grc' dir='ltr'>καὶ</span> <span class='ocrx_word' id='word_1_561' title='bbox 3237 539 3351 607; x_wconf 72' lang='grc' dir='ltr'>ἔσῃ</span> <span class='ocrx_word' id='word_1_562' title='bbox 3367 543 3690 610; x_wconf 77' lang='grc' dir='ltr'>εὐλογημέ-</span> 
     </span>
    </p>
   </div>
   <div class='ocr_carea' id='block_1_72' title="bbox 2106 614 3691 698">
    <p class='ocr_par' dir='ltr' id='par_1_72' title="bbox 2106 614 3691 698">
     <span class='ocr_line' id='line_1_72' title="bbox 2106 614 3691 698; baseline 0.011 -35"><span class='ocrx_word' id='word_1_563' title='bbox 2106 629 2230 678; x_wconf 88' lang='grc' dir='ltr'>νος.</span> <span class='ocrx_word' id='word_1_564' title='bbox 2249 614 2436 682; x_wconf 78' lang='grc' dir='ltr'>Μέγας</span> <span class='ocrx_word' id='word_1_565' title='bbox 2460 617 2560 686; x_wconf 83' lang='grc' dir='ltr'>τῆς</span> <span class='ocrx_word' id='word_1_566' title='bbox 2581 619 2928 687; x_wconf 81' lang='grc' dir='ltr'>ὑποσχέσεως</span> <span class='ocrx_word' id='word_1_567' title='bbox 2956 620 2984 671; x_wconf 89' lang='grc' dir='ltr'>ό</span> <span class='ocrx_word' id='word_1_568' title='bbox 3007 620 3186 686; x_wconf 74' lang='grc' dir='ltr'>ὄγκος.</span> <span class='ocrx_word' id='word_1_569' title='bbox 3211 625 3451 691; x_wconf 64' lang='lat' dir='ltr'>[Ioniam</span> <span class='ocrx_word' id='word_1_570' title='bbox 3471 643 3566 690; x_wconf 89' lang='grc' dir='ltr'>σε,</span> <span class='ocrx_word' id='word_1_571' title='bbox 3589 645 3691 698; x_wconf 87' lang='grc' dir='ltr'>φη-</span> 
     </span>
    </p>
   </div>
   <div class='ocr_carea' id='block_1_73' title="bbox 2110 698 3690 780">
    <p class='ocr_par' dir='ltr' id='par_1_73' title="bbox 2110 698 3690 780">
     <span class='ocr_line' id='line_1_73' title="bbox 2110 698 3690 780; baseline 0.011 -32"><span class='ocrx_word' id='word_1_572' title='bbox 2110 698 2214 760; x_wconf 74' lang='grc' dir='ltr'>σὶν,</span> <span class='ocrx_word' id='word_1_573' title='bbox 2232 702 2319 766; x_wconf 79' lang='grc' dir='ltr'>είς</span> <span class='ocrx_word' id='word_1_574' title='bbox 2331 701 2510 768; x_wconf 80' lang='grc' dir='ltr'>ἔθνος</span> <span class='ocrx_word' id='word_1_575' title='bbox 2521 701 2695 771; x_wconf 87' lang='grc' dir='ltr'>μέγα,</span> <span class='ocrx_word' id='word_1_576' title='bbox 2714 704 2809 758; x_wconf 78' lang='grc' dir='ltr'>καὶ</span> <span class='ocrx_word' id='word_1_577' title='bbox 2826 704 3141 773; x_wconf 77' lang='grc' dir='ltr'>εὐλογήσω</span> <span class='ocrx_word' id='word_1_578' title='bbox 3149 721 3246 772; x_wconf 88' lang='grc' dir='ltr'>σε,</span> <span class='ocrx_word' id='word_1_579' title='bbox 3260 707 3358 762; x_wconf 78' lang='grc' dir='ltr'>καί</span> <span class='ocrx_word' id='word_1_580' title='bbox 3370 710 3690 780; x_wconf 75' lang='grc' dir='ltr'>μεγαλυνῶ</span> 
     </span>
    </p>
   </div>
   <div class='ocr_carea' id='block_1_74' title="bbox 2105 785 3690 868">
    <p class='ocr_par' dir='ltr' id='par_1_74' title="bbox 2105 785 3690 868">
     <span class='ocr_line' id='line_1_74' title="bbox 2105 785 3690 868; baseline 0.011 -32"><span class='ocrx_word' id='word_1_581' title='bbox 2105 785 2172 837; x_wconf 84' lang='grc' dir='ltr'>τὸ</span> <span class='ocrx_word' id='word_1_582' title='bbox 2187 786 2372 856; x_wconf 83' lang='grc' dir='ltr'>ὄνομά</span> <span class='ocrx_word' id='word_1_583' title='bbox 2385 802 2522 843; x_wconf 89' lang='grc' dir='ltr'>σου.</span> <span class='ocrx_word' id='word_1_584' title='bbox 2540 791 2614 843; x_wconf 89' lang='grc' dir='ltr'>Οὐ</span> <span class='ocrx_word' id='word_1_585' title='bbox 2637 791 2794 860; x_wconf 87' lang='grc' dir='ltr'>μόνον</span> <span class='ocrx_word' id='word_1_586' title='bbox 2811 793 2952 846; x_wconf 79' lang='grc' dir='ltr'>ἔθνει</span> <span class='ocrx_word' id='word_1_587' title='bbox 2973 811 3030 847; x_wconf 85' lang='grc' dir='ltr'>σε</span> <span class='ocrx_word' id='word_1_588' title='bbox 3051 795 3270 865; x_wconf 84' lang='grc' dir='ltr'>μεγάλῳ</span> <span class='ocrx_word' id='word_1_589' title='bbox 3283 797 3584 868; x_wconf 86' lang='grc' dir='ltr'>ἐπιστήσω,</span> <span class='ocrx_word' id='word_1_590' title='bbox 3595 800 3690 854; x_wconf 75' lang='grc' dir='ltr'>καὶ</span> 
     </span>
    </p>
   </div>
   <div class='ocr_carea' id='block_1_75' title="bbox 2106 874 3684 958">
    <p class='ocr_par' dir='ltr' id='par_1_75' title="bbox 2106 874 3684 958">
     <span class='ocr_line' id='line_1_75' title="bbox 2106 874 3684 958; baseline 0.012 -33"><span class='ocrx_word' id='word_1_591' title='bbox 2106 874 2166 926; x_wconf 76' lang='grc' dir='ltr'>τὸ</span> <span class='ocrx_word' id='word_1_592' title='bbox 2181 875 2353 948; x_wconf 76' lang='grc' dir='ltr'>ὅνομά</span> <span class='ocrx_word' id='word_1_593' title='bbox 2380 897 2474 931; x_wconf 88' lang='grc' dir='ltr'>σου</span> <span class='ocrx_word' id='word_1_594' title='bbox 2504 882 2646 950; x_wconf 87' lang='grc' dir='ltr'>μέγα</span> <span class='ocrx_word' id='word_1_595' title='bbox 2661 882 3066 954; x_wconf 85' lang='grc' dir='ltr'>ἀπεργάσομαι,</span> <span class='ocrx_word' id='word_1_596' title='bbox 3085 885 3220 939; x_wconf 82' lang='grc' dir='ltr'>ἀλλά</span> <span class='ocrx_word' id='word_1_597' title='bbox 3243 889 3337 940; x_wconf 79' lang='grc' dir='ltr'>καί</span> <span class='ocrx_word' id='word_1_598' title='bbox 3356 889 3684 958; x_wconf 66' lang='grc' dir='ltr'>Εὐλογήοηυ</span> 
     </span>
    </p>
   </div>
   <div class='ocr_carea' id='block_1_76' title="bbox 2105 965 3688 1048">
    <p class='ocr_par' dir='ltr' id='par_1_76' title="bbox 2105 965 3688 1048">
     <span class='ocr_line' id='line_1_76' title="bbox 2105 965 3688 1048; baseline 0.01 -33"><span class='ocrx_word' id='word_1_599' title='bbox 2105 978 2198 1020; x_wconf 83' lang='grc' dir='ltr'>σε.</span> <span class='ocrx_word' id='word_1_600' title='bbox 2218 965 2315 1019; x_wconf 80' lang='grc' dir='ltr'>καὶ</span> <span class='ocrx_word' id='word_1_601' title='bbox 2329 966 2443 1036; x_wconf 79' lang='grc' dir='ltr'>ἔσῃ</span> <span class='ocrx_word' id='word_1_602' title='bbox 2457 969 2881 1039; x_wconf 73' lang='grc' dir='ltr'>εὐλογημένος.</span> <span class='ocrx_word' id='word_1_603' title='bbox 2902 973 2994 1042; x_wconf 78' lang='grc' dir='ltr'>Μὴ</span> <span class='ocrx_word' id='word_1_604' title='bbox 3009 975 3255 1046; x_wconf 82' lang='grc' dir='ltr'>νομίσῃς,</span> <span class='ocrx_word' id='word_1_605' title='bbox 3275 977 3547 1048; x_wconf 86' lang='grc' dir='ltr'>ἀγαπητὲ,</span> <span class='ocrx_word' id='word_1_606' title='bbox 3564 993 3688 1031; x_wconf 64' lang='grc' dir='ltr'>ταυέ</span> 
     </span>
    </p>
   </div>
   <div class='ocr_carea' id='block_1_77' title="bbox 2103 1049 3685 1130">
    <p class='ocr_par' dir='ltr' id='par_1_77' title="bbox 2103 1049 3685 1130">
     <span class='ocr_line' id='line_1_77' title="bbox 2103 1049 3685 1130; baseline 0.01 -27"><span class='ocrx_word' id='word_1_607' title='bbox 2103 1049 2353 1119; x_wconf 81' lang='grc' dir='ltr'>τολογίαν</span> <span class='ocrx_word' id='word_1_608' title='bbox 2373 1050 2587 1109; x_wconf 80' lang='grc' dir='ltr'>εἶναιτὸ</span> <span class='ocrx_word' id='word_1_609' title='bbox 2600 1058 2890 1127; x_wconf 86' lang='grc' dir='ltr'>εἰρημένον</span> <span class='ocrx_word' id='word_1_610' title='bbox 2904 1059 2984 1122; x_wconf 89' lang='grc' dir='ltr'>τὸ,</span> <span class='ocrx_word' id='word_1_611' title='bbox 3003 1061 3108 1113; x_wconf 73' lang='grc' dir='ltr'>Καὶ</span> <span class='ocrx_word' id='word_1_612' title='bbox 3127 1064 3443 1130; x_wconf 77' lang='grc' dir='ltr'>εὐλογήσω</span> <span class='ocrx_word' id='word_1_613' title='bbox 3469 1081 3564 1127; x_wconf 88' lang='grc' dir='ltr'>σε,</span> <span class='ocrx_word' id='word_1_614' title='bbox 3587 1067 3685 1119; x_wconf 81' lang='grc' dir='ltr'>καὶ</span> 
     </span>
    </p>
   </div>
   <div class='ocr_carea' id='block_1_78' title="bbox 2104 1134 3686 1220">
    <p class='ocr_par' dir='ltr' id='par_1_78' title="bbox 2104 1134 3686 1220">
     <span class='ocr_line' id='line_1_78' title="bbox 2104 1134 3686 1220; baseline 0.011 -32"><span class='ocrx_word' id='word_1_615' title='bbox 2104 1134 2220 1203; x_wconf 75' lang='grc' dir='ltr'>ἔσῃ</span> <span class='ocrx_word' id='word_1_616' title='bbox 2273 1141 2701 1211; x_wconf 68' lang='grc' dir='ltr'>εὐλογημένος.</span> <span class='ocrx_word' id='word_1_617' title='bbox 2737 1145 3020 1216; x_wconf 84' lang='grc' dir='ltr'>Τοσαύτης</span> <span class='ocrx_word' id='word_1_618' title='bbox 3068 1165 3149 1213; x_wconf 91' lang='grc' dir='ltr'>σε,</span> <span class='ocrx_word' id='word_1_619' title='bbox 3201 1152 3386 1220; x_wconf 69' lang='grc' dir='ltr'>φησὶν,</span> <span class='ocrx_word' id='word_1_620' title='bbox 3437 1152 3686 1220; x_wconf 80' lang='grc' dir='ltr'>εὐλογίας</span> 
     </span>
    </p>
   </div>
   <div class='ocr_carea' id='block_1_79' title="bbox 2103 1222 3678 1311">
    <p class='ocr_par' dir='ltr' id='par_1_79' title="bbox 2103 1222 3678 1311">
     <span class='ocr_line' id='line_1_79' title="bbox 2103 1222 3678 1311; baseline 0.012 -36"><span class='ocrx_word' id='word_1_621' title='bbox 2103 1222 2340 1290; x_wconf 80' lang='grc' dir='ltr'>ἀξιώσω,</span> <span class='ocrx_word' id='word_1_622' title='bbox 2359 1227 2435 1291; x_wconf 84' lang='grc' dir='ltr'>ὡς</span> <span class='ocrx_word' id='word_1_623' title='bbox 2456 1230 2620 1283; x_wconf 85' lang='grc' dir='ltr'>παντὶ</span> <span class='ocrx_word' id='word_1_624' title='bbox 2637 1229 2716 1301; x_wconf 79' lang='grc' dir='ltr'>τῷ</span> <span class='ocrx_word' id='word_1_625' title='bbox 2735 1232 2890 1286; x_wconf 82' lang='grc' dir='ltr'>αἰῶνι</span> <span class='ocrx_word' id='word_1_626' title='bbox 2911 1237 3470 1305; x_wconf 86' lang='grc' dir='ltr'>συμπαρεκτείνεσθαι</span> <span class='ocrx_word' id='word_1_627' title='bbox 3490 1242 3678 1311; x_wconf 85' lang='grc' dir='ltr'>αὐτήν.</span> 
     </span>
    </p>
   </div>
   <div class='ocr_carea' id='block_1_80' title="bbox 2120 1314 3681 1400">
    <p class='ocr_par' dir='ltr' id='par_1_80' title="bbox 2120 1314 3681 1400">
     <span class='ocr_line' id='line_1_80' title="bbox 2120 1314 3681 1400; baseline 0.012 -37"><span class='ocrx_word' id='word_1_628' title='bbox 2120 1314 2276 1382; x_wconf 66' lang='lat' dir='ltr'>&quot;Eam</span> <span class='ocrx_word' id='word_1_629' title='bbox 2306 1315 2414 1386; x_wconf 87' lang='grc' dir='ltr'>γὰρ</span> <span class='ocrx_word' id='word_1_630' title='bbox 2441 1319 2872 1388; x_wconf 75' lang='grc' dir='ltr'>εὐλογημένος,</span> <span class='ocrx_word' id='word_1_631' title='bbox 2902 1321 2977 1385; x_wconf 82' lang='grc' dir='ltr'>ὡς</span> <span class='ocrx_word' id='word_1_632' title='bbox 3012 1324 3241 1377; x_wconf 75' lang='grc' dir='ltr'>ἕκαστον</span> <span class='ocrx_word' id='word_1_633' title='bbox 3272 1326 3393 1379; x_wconf 76' lang='grc' dir='ltr'>ἀντὶ</span> <span class='ocrx_word' id='word_1_634' title='bbox 3419 1330 3681 1400; x_wconf 84' lang='grc' dir='ltr'>μεγίστης</span> 
     </span>
    </p>
   </div>
   <div class='ocr_carea' id='block_1_81' title="bbox 2101 1400 3679 1486">
    <p class='ocr_par' dir='ltr' id='par_1_81' title="bbox 2101 1400 3679 1486">
     <span class='ocr_line' id='line_1_81' title="bbox 2101 1400 3679 1486; baseline 0.011 -35"><span class='ocrx_word' id='word_1_635' title='bbox 2101 1400 2266 1471; x_wconf 80' lang='grc' dir='ltr'>τιμῆς</span> <span class='ocrx_word' id='word_1_636' title='bbox 2294 1403 2530 1476; x_wconf 83' lang='grc' dir='ltr'>σπουδὴν</span> <span class='ocrx_word' id='word_1_637' title='bbox 2565 1407 2837 1461; x_wconf 85' lang='grc' dir='ltr'>ποιεῖσθαι</span> <span class='ocrx_word' id='word_1_638' title='bbox 2883 1409 3130 1463; x_wconf 84' lang='grc' dir='ltr'>εἰσωθεῖν</span> <span class='ocrx_word' id='word_1_639' title='bbox 3178 1413 3367 1466; x_wconf 76' lang='grc' dir='ltr'>ἑαυτὸν</span> <span class='ocrx_word' id='word_1_640' title='bbox 3415 1416 3493 1478; x_wconf 88' lang='grc' dir='ltr'>εἰς</span> <span class='ocrx_word' id='word_1_641' title='bbox 3528 1415 3626 1486; x_wconf 76' lang='grc' dir='ltr'>τὴν</span> <span class='ocrx_word' id='word_1_642' title='bbox 3656 1430 3679 1456; x_wconf 71' lang='grc' dir='ltr'>ιι</span> 
     </span>
    </p>
   </div>
   <div class='ocr_carea' id='block_1_82' title="bbox 2102 1486 3682 1572">
    <p class='ocr_par' dir='ltr' id='par_1_82' title="bbox 2102 1486 3682 1572">
     <span class='ocr_line' id='line_1_82' title="bbox 2102 1486 3682 1572; baseline 0.012 -35"><span class='ocrx_word' id='word_1_643' title='bbox 2102 1486 2236 1556; x_wconf 77' lang='grc' dir='ltr'>πρὸς</span> <span class='ocrx_word' id='word_1_644' title='bbox 2265 1488 2325 1540; x_wconf 85' lang='grc' dir='ltr'>σὲ</span> <span class='ocrx_word' id='word_1_645' title='bbox 2352 1491 2680 1563; x_wconf 88' lang='grc' dir='ltr'>οἰκειότητα.</span> <span class='ocrx_word' id='word_1_646' title='bbox 2709 1495 2851 1566; x_wconf 84' lang='grc' dir='ltr'>Ὅρα</span> <span class='ocrx_word' id='word_1_647' title='bbox 2893 1495 3010 1560; x_wconf 85' lang='grc' dir='ltr'>πῶς</span> <span class='ocrx_word' id='word_1_648' title='bbox 3041 1498 3247 1553; x_wconf 84' lang='grc' dir='ltr'>ἄνωθεν</span> <span class='ocrx_word' id='word_1_649' title='bbox 3273 1501 3366 1553; x_wconf 82' lang='grc' dir='ltr'>καί</span> <span class='ocrx_word' id='word_1_650' title='bbox 3397 1503 3462 1555; x_wconf 88' lang='grc' dir='ltr'>ἐκ</span> <span class='ocrx_word' id='word_1_651' title='bbox 3499 1521 3682 1572; x_wconf 84' lang='grc' dir='ltr'>προοι-</span> 
     </span>
    </p>
   </div>
   <div class='ocr_carea' id='block_1_83' title="bbox 2103 1572 3682 1662">
    <p class='ocr_par' dir='ltr' id='par_1_83' title="bbox 2103 1572 3682 1662">
     <span class='ocr_line' id='line_1_83' title="bbox 2103 1572 3682 1662; baseline 0.013 -39"><span class='ocrx_word' id='word_1_652' title='bbox 2103 1572 2241 1640; x_wconf 86' lang='grc' dir='ltr'>μίων</span> <span class='ocrx_word' id='word_1_653' title='bbox 2265 1575 2415 1647; x_wconf 78' lang='grc' dir='ltr'>αὐτῷ</span> <span class='ocrx_word' id='word_1_654' title='bbox 2453 1579 2712 1650; x_wconf 87' lang='grc' dir='ltr'>προέλεγε</span> <span class='ocrx_word' id='word_1_655' title='bbox 2735 1581 2830 1653; x_wconf 77' lang='grc' dir='ltr'>τὴν</span> <span class='ocrx_word' id='word_1_656' title='bbox 2861 1585 3238 1655; x_wconf 85' lang='grc' dir='ltr'>περιφάνειαν,</span> <span class='ocrx_word' id='word_1_657' title='bbox 3258 1588 3316 1640; x_wconf 91' lang='grc' dir='ltr'>ἐν</span> <span class='ocrx_word' id='word_1_658' title='bbox 3408 1593 3682 1662; x_wconf 74' lang='grc' dir='ltr'>καταστή-</span> 
     </span>
    </p>
   </div>
   <div class='ocr_carea' id='block_1_84' title="bbox 2103 1661 3675 1746">
    <p class='ocr_par' dir='ltr' id='par_1_84' title="bbox 2103 1661 3675 1746">
     <span class='ocr_line' id='line_1_84' title="bbox 2103 1661 3675 1746; baseline 0.014 -36"><span class='ocrx_word' id='word_1_659' title='bbox 2103 1676 2216 1711; x_wconf 88' lang='grc' dir='ltr'>σειν</span> <span class='ocrx_word' id='word_1_660' title='bbox 2239 1661 2398 1716; x_wconf 85' lang='grc' dir='ltr'>αύτὸν</span> <span class='ocrx_word' id='word_1_661' title='bbox 2419 1663 2630 1734; x_wconf 72' lang='grc' dir='ltr'>ἔμελλε.</span> <span class='ocrx_word' id='word_1_662' title='bbox 2653 1668 2893 1734; x_wconf 81' lang='grc' dir='ltr'>Ποιήσω</span> <span class='ocrx_word' id='word_1_663' title='bbox 2908 1687 3004 1734; x_wconf 89' lang='grc' dir='ltr'>σε,</span> <span class='ocrx_word' id='word_1_664' title='bbox 3024 1673 3208 1742; x_wconf 75' lang='grc' dir='ltr'>φησὶν,</span> <span class='ocrx_word' id='word_1_665' title='bbox 3223 1677 3309 1740; x_wconf 85' lang='grc' dir='ltr'>είς</span> <span class='ocrx_word' id='word_1_666' title='bbox 3321 1661 3675 1746; x_wconf 75' lang='grc' dir='ltr'>ἔθνος-μέγα,</span> 
     </span>
    </p>
   </div>
   <div class='ocr_carea' id='block_1_85' title="bbox 2100 1747 3675 1830">
    <p class='ocr_par' dir='ltr' id='par_1_85' title="bbox 2100 1747 3675 1830">
     <span class='ocr_line' id='line_1_85' title="bbox 2100 1747 3675 1830; baseline 0.012 -31"><span class='ocrx_word' id='word_1_667' title='bbox 2100 1747 2194 1801; x_wconf 73' lang='grc' dir='ltr'>καὶ</span> <span class='ocrx_word' id='word_1_668' title='bbox 2206 1750 2527 1819; x_wconf 80' lang='grc' dir='ltr'>μεγαλυνῶ</span> <span class='ocrx_word' id='word_1_669' title='bbox 2546 1752 2611 1806; x_wconf 83' lang='grc' dir='ltr'>τὸ</span> <span class='ocrx_word' id='word_1_670' title='bbox 2631 1754 2817 1824; x_wconf 84' lang='grc' dir='ltr'>ὄνομὰ</span> <span class='ocrx_word' id='word_1_671' title='bbox 2840 1773 2978 1824; x_wconf 87' lang='grc' dir='ltr'>σου,</span> <span class='ocrx_word' id='word_1_672' title='bbox 2996 1759 3094 1812; x_wconf 86' lang='grc' dir='ltr'>καί</span> <span class='ocrx_word' id='word_1_673' title='bbox 3116 1763 3431 1830; x_wconf 72' lang='grc' dir='ltr'>εὐλογήσω</span> <span class='ocrx_word' id='word_1_674' title='bbox 3449 1781 3543 1829; x_wconf 90' lang='grc' dir='ltr'>σε,</span> <span class='ocrx_word' id='word_1_675' title='bbox 3577 1767 3675 1818; x_wconf 81' lang='grc' dir='ltr'>καί</span> 
     </span>
    </p>
   </div>
   <div class='ocr_carea' id='block_1_86' title="bbox 2098 1834 3676 1921">
    <p class='ocr_par' dir='ltr' id='par_1_86' title="bbox 2098 1834 3676 1921">
     <span class='ocr_line' id='line_1_86' title="bbox 2098 1834 3676 1921; baseline 0.011 -34"><span class='ocrx_word' id='word_1_676' title='bbox 2098 1834 2213 1921; x_wconf 68' lang='grc' dir='ltr'>έσῃ</span> <span class='ocrx_word' id='word_1_677' title='bbox 2246 1839 2668 1908; x_wconf 86' lang='grc' dir='ltr'>εὐλογημένος.</span> <span class='ocrx_word' id='word_1_678' title='bbox 2703 1842 2802 1896; x_wconf 88' lang='grc' dir='ltr'>Διά</span> <span class='ocrx_word' id='word_1_679' title='bbox 2839 1843 2997 1898; x_wconf 85' lang='grc' dir='ltr'>τοῦτο</span> <span class='ocrx_word' id='word_1_680' title='bbox 3038 1847 3131 1901; x_wconf 78' lang='grc' dir='ltr'>καί</span> <span class='ocrx_word' id='word_1_681' title='bbox 3170 1850 3218 1902; x_wconf 91' lang='grc' dir='ltr'>οἰ</span> <span class='ocrx_word' id='word_1_682' title='bbox 3262 1849 3502 1904; x_wconf 85' lang='grc' dir='ltr'>Ἰουδαῖοι</span> <span class='ocrx_word' id='word_1_683' title='bbox 3535 1852 3676 1921; x_wconf 87' lang='grc' dir='ltr'>μέγα</span> 
     </span>
    </p>
   </div>
   <div class='ocr_carea' id='block_1_87' title="bbox 2101 1918 3678 2010">
    <p class='ocr_par' dir='ltr' id='par_1_87' title="bbox 2101 1918 3678 2010">
     <span class='ocr_line' id='line_1_87' title="bbox 2101 1918 3678 2010; baseline 0.012 -36"><span class='ocrx_word' id='word_1_684' title='bbox 2101 1918 2183 2010; x_wconf 67' lang='grc'>[51</span> <span class='ocrx_word' id='word_1_685' title='bbox 2199 1922 2246 1994; x_wconf 83' lang='grc'>1]</span> <span class='ocrx_word' id='word_1_686' title='bbox 2265 1925 2587 1995; x_wconf 79' lang='grc' dir='ltr'>φρονοῦντες</span> <span class='ocrx_word' id='word_1_687' title='bbox 2611 1929 2701 1980; x_wconf 76' lang='grc' dir='ltr'>ἐπὶ</span> <span class='ocrx_word' id='word_1_688' title='bbox 2722 1929 2799 2000; x_wconf 82' lang='grc' dir='ltr'>τῷ</span> <span class='ocrx_word' id='word_1_689' title='bbox 2827 1933 3140 2006; x_wconf 83' lang='grc' dir='ltr'>πατριάρχῃ</span> <span class='ocrx_word' id='word_1_690' title='bbox 3169 1935 3452 1991; x_wconf 87' lang='grc' dir='ltr'>ἐϐούλοντο</span> <span class='ocrx_word' id='word_1_691' title='bbox 3470 1918 3549 2002; x_wconf 78' lang='grc' dir='ltr'>εἰς</span> <span class='ocrx_word' id='word_1_692' title='bbox 3578 1918 3678 2010; x_wconf 65' lang='grc' dir='ltr'>τὴν</span> 
     </span>
    </p>
   </div>
   <div class='ocr_carea' id='block_1_88' title="bbox 2096 2009 3672 2095">
    <p class='ocr_par' dir='ltr' id='par_1_88' title="bbox 2096 2009 3672 2095">
     <span class='ocr_line' id='line_1_88' title="bbox 2096 2009 3672 2095; baseline 0.012 -33"><span class='ocrx_word' id='word_1_693' title='bbox 2096 2009 2285 2064; x_wconf 89' lang='grc' dir='ltr'>τούτου</span> <span class='ocrx_word' id='word_1_694' title='bbox 2326 2013 2644 2082; x_wconf 85' lang='grc' dir='ltr'>συγγένειαν</span> <span class='ocrx_word' id='word_1_695' title='bbox 2709 2019 2934 2085; x_wconf 82' lang='grc' dir='ltr'>ἑαυτοὺς</span> <span class='ocrx_word' id='word_1_696' title='bbox 2986 2023 3254 2088; x_wconf 88' lang='grc' dir='ltr'>εἰσωθεῖν,</span> <span class='ocrx_word' id='word_1_697' title='bbox 3306 2027 3402 2080; x_wconf 80' lang='grc' dir='ltr'>καὶ</span> <span class='ocrx_word' id='word_1_698' title='bbox 3443 2027 3628 2095; x_wconf 76' lang='grc' dir='ltr'>ελεγον</span> <span class='ocrx_word' id='word_1_699' title='bbox 3658 2045 3672 2059; x_wconf 83' lang='grc'><em>’</em></span> 
     </span>
    </p>
   </div>
   <div class='ocr_carea' id='block_1_89' title="bbox 2103 2096 3670 2186">
    <p class='ocr_par' dir='ltr' id='par_1_89' title="bbox 2103 2096 3670 2186">
     <span class='ocr_line' id='line_1_89' title="bbox 2103 2096 3670 2186; baseline 0.013 -36"><span class='ocrx_word' id='word_1_700' title='bbox 2103 2096 2286 2186; x_wconf 66' lang='grc' dir='ltr'>Τέκνα</span> <span class='ocrx_word' id='word_1_701' title='bbox 2327 2101 2432 2157; x_wconf 86' lang='grc' dir='ltr'>τοῦ</span> <span class='ocrx_word' id='word_1_702' title='bbox 2489 2104 2735 2175; x_wconf 75' lang='grc' dir='ltr'>Ἀϐραάμ</span> <span class='ocrx_word' id='word_1_703' title='bbox 2793 2107 3001 2177; x_wconf 78' lang='grc' dir='ltr'>ἐσμεν.</span> <span class='ocrx_word' id='word_1_704' title='bbox 3055 2109 3192 2165; x_wconf 85' lang='grc' dir='ltr'>Ἀλλ’</span> <span class='ocrx_word' id='word_1_705' title='bbox 3259 2114 3346 2168; x_wconf 74' lang='grc' dir='ltr'>ἵνα</span> <span class='ocrx_word' id='word_1_706' title='bbox 3407 2116 3670 2186; x_wconf 85' lang='grc' dir='ltr'>μάθωσιν,</span> 
     </span>
    </p>
   </div>
   <div class='ocr_carea' id='block_1_90' title="bbox 2099 2185 3674 2274">
    <p class='ocr_par' dir='ltr' id='par_1_90' title="bbox 2099 2185 3674 2274">
     <span class='ocr_line' id='line_1_90' title="bbox 2099 2185 3674 2274; baseline 0.013 -37"><span class='ocrx_word' id='word_1_707' title='bbox 2099 2185 2182 2238; x_wconf 81' lang='grc' dir='ltr'>ὃτι</span> <span class='ocrx_word' id='word_1_708' title='bbox 2240 2187 2350 2241; x_wconf 84' lang='grc' dir='ltr'>ἀπὸ</span> <span class='ocrx_word' id='word_1_709' title='bbox 2409 2190 2505 2259; x_wconf 84' lang='grc' dir='ltr'>τῆς</span> <span class='ocrx_word' id='word_1_710' title='bbox 2546 2192 2658 2245; x_wconf 84' lang='grc' dir='ltr'>τῶν</span> <span class='ocrx_word' id='word_1_711' title='bbox 2707 2195 2924 2264; x_wconf 89' lang='grc' dir='ltr'>τρόπων</span> <span class='ocrx_word' id='word_1_712' title='bbox 2981 2199 3181 2263; x_wconf 91' lang='grc' dir='ltr'>κακίας</span> <span class='ocrx_word' id='word_1_713' title='bbox 3236 2185 3444 2266; x_wconf 82' lang='grc' dir='ltr'>ἀνάξιοι</span> <span class='ocrx_word' id='word_1_714' title='bbox 3475 2205 3674 2274; x_wconf 80' lang='grc' dir='ltr'>τυγχά-</span> 
     </span>
    </p>
   </div>
   <div class='ocr_carea' id='block_1_91' title="bbox 2097 2277 3672 2362">
    <p class='ocr_par' dir='ltr' id='par_1_91' title="bbox 2097 2277 3672 2362">
     <span class='ocr_line' id='line_1_91' title="bbox 2097 2277 3672 2362; baseline 0.015 -37"><span class='ocrx_word' id='word_1_715' title='bbox 2097 2290 2245 2362; x_wconf 76' lang='grc' dir='ltr'>νουσι</span> <span class='ocrx_word' id='word_1_716' title='bbox 2271 2277 2370 2348; x_wconf 86' lang='grc' dir='ltr'>τῆς</span> <span class='ocrx_word' id='word_1_717' title='bbox 2407 2281 2746 2347; x_wconf 85' lang='grc' dir='ltr'>συγγενείας,</span> <span class='ocrx_word' id='word_1_718' title='bbox 2789 2284 2923 2355; x_wconf 86' lang='grc' dir='ltr'>φησί</span> <span class='ocrx_word' id='word_1_719' title='bbox 2965 2286 3100 2357; x_wconf 86' lang='grc' dir='ltr'>πρὸς</span> <span class='ocrx_word' id='word_1_720' title='bbox 3133 2289 3328 2354; x_wconf 82' lang='grc' dir='ltr'>αὐτοὺς</span> <span class='ocrx_word' id='word_1_721' title='bbox 3354 2293 3383 2345; x_wconf 89' lang='grc' dir='ltr'>ό</span> <span class='ocrx_word' id='word_1_722' title='bbox 3416 2293 3672 2362; x_wconf 82' lang='grc' dir='ltr'>Χριστὸς,</span> 
     </span>
    </p>
   </div>
   <div class='ocr_carea' id='block_1_92' title="bbox 2099 2359 3673 2448">
    <p class='ocr_par' dir='ltr' id='par_1_92' title="bbox 2099 2359 3673 2448">
     <span class='ocr_line' id='line_1_92' title="bbox 2099 2359 3673 2448; baseline 0.012 -34"><span class='ocrx_word' id='word_1_723' title='bbox 2099 2359 2166 2414; x_wconf 79' lang='grc' dir='ltr'>Εἰ</span> <span class='ocrx_word' id='word_1_724' title='bbox 2199 2362 2382 2416; x_wconf 82' lang='grc' dir='ltr'>τέκνα</span> <span class='ocrx_word' id='word_1_725' title='bbox 2409 2365 2515 2418; x_wconf 84' lang='grc' dir='ltr'>τοῦ</span> <span class='ocrx_word' id='word_1_726' title='bbox 2551 2368 2805 2438; x_wconf 74' lang='grc' dir='ltr'>Ἀϐραὰμ</span> <span class='ocrx_word' id='word_1_727' title='bbox 2841 2367 2966 2440; x_wconf 86' lang='grc' dir='ltr'>ἦτε,</span> <span class='ocrx_word' id='word_1_728' title='bbox 3011 2372 3082 2426; x_wconf 87' lang='grc' dir='ltr'>τὰ</span> <span class='ocrx_word' id='word_1_729' title='bbox 3114 2375 3260 2443; x_wconf 63' lang='grc' dir='ltr'>ἔργα</span> <span class='ocrx_word' id='word_1_730' title='bbox 3286 2377 3391 2430; x_wconf 86' lang='grc' dir='ltr'>τοῦ</span> <span class='ocrx_word' id='word_1_731' title='bbox 3428 2359 3673 2448; x_wconf 59' lang='grc' dir='ltr'>Ἀϐραὰμ</span> 
     </span>
    </p>
   </div>
   <div class='ocr_carea' id='block_1_93' title="bbox 2091 2448 3670 2535">
    <p class='ocr_par' dir='ltr' id='par_1_93' title="bbox 2091 2448 3670 2535">
     <span class='ocr_line' id='line_1_93' title="bbox 2091 2448 3670 2535; baseline 0.013 -35"><span class='ocrx_word' id='word_1_732' title='bbox 2091 2448 2342 2502; x_wconf 76' lang='grc' dir='ltr'>ἐποιεῖτε</span> <span class='ocrx_word' id='word_1_733' title='bbox 2359 2449 2453 2502; x_wconf 82' lang='grc' dir='ltr'>ἄν.</span> <span class='ocrx_word' id='word_1_734' title='bbox 2493 2453 2601 2507; x_wconf 76' lang='grc' dir='ltr'>Καὶ</span> <span class='ocrx_word' id='word_1_735' title='bbox 2636 2453 2887 2528; x_wconf 82' lang='grc' dir='ltr'>Ἰωάννης</span> <span class='ocrx_word' id='word_1_736' title='bbox 2909 2459 2964 2510; x_wconf 82' lang='grc' dir='ltr'>δὲ</span> <span class='ocrx_word' id='word_1_737' title='bbox 2997 2461 3027 2512; x_wconf 88' lang='grc' dir='ltr'>ό</span> <span class='ocrx_word' id='word_1_738' title='bbox 3055 2461 3150 2514; x_wconf 89' lang='grc' dir='ltr'>τοῦ</span> <span class='ocrx_word' id='word_1_739' title='bbox 3189 2464 3485 2535; x_wconf 89' lang='grc' dir='ltr'>Ζαχαρίου,</span> <span class='ocrx_word' id='word_1_740' title='bbox 3509 2465 3670 2535; x_wconf 84' lang='grc' dir='ltr'>ήνίκα</span> 
     </span>
    </p>
   </div>
   <div class='ocr_carea' id='block_1_94' title="bbox 2094 2535 3669 2619">
    <p class='ocr_par' dir='ltr' id='par_1_94' title="bbox 2094 2535 3669 2619">
     <span class='ocr_line' id='line_1_94' title="bbox 2094 2535 3669 2619; baseline 0.015 -34"><span class='ocrx_word' id='word_1_741' title='bbox 2094 2535 2381 2607; x_wconf 81' lang='grc' dir='ltr'>συνέῤῥεον</span> <span class='ocrx_word' id='word_1_742' title='bbox 2412 2539 2492 2602; x_wconf 86' lang='grc' dir='ltr'>εἰς</span> <span class='ocrx_word' id='word_1_743' title='bbox 2511 2539 2604 2592; x_wconf 81' lang='grc' dir='ltr'>τὸν</span> <span class='ocrx_word' id='word_1_744' title='bbox 2636 2541 2906 2613; x_wconf 80' lang='grc' dir='ltr'>Ἰορδάνην</span> <span class='ocrx_word' id='word_1_745' title='bbox 2937 2547 2984 2598; x_wconf 85' lang='grc' dir='ltr'>οἰ</span> <span class='ocrx_word' id='word_1_746' title='bbox 3027 2545 3390 2619; x_wconf 81' lang='grc' dir='ltr'>βαπτισθῆναι</span> <span class='ocrx_word' id='word_1_747' title='bbox 3413 2552 3669 2608; x_wconf 88' lang='grc' dir='ltr'>σπεύδον-</span> 
     </span>
    </p>
   </div>
   <div class='ocr_carea' id='block_1_95' title="bbox 2091 2623 3666 2705">
    <p class='ocr_par' dir='ltr' id='par_1_95' title="bbox 2091 2623 3666 2705">
     <span class='ocr_line' id='line_1_95' title="bbox 2091 2623 3666 2705; baseline 0.013 -33"><span class='ocrx_word' id='word_1_748' title='bbox 2091 2638 2200 2684; x_wconf 87' lang='grc' dir='ltr'>τες,</span> <span class='ocrx_word' id='word_1_749' title='bbox 2244 2623 2395 2692; x_wconf 81' lang='grc' dir='ltr'>ἑλεγε</span> <span class='ocrx_word' id='word_1_750' title='bbox 2433 2625 2570 2696; x_wconf 83' lang='grc' dir='ltr'>πρὸς</span> <span class='ocrx_word' id='word_1_751' title='bbox 2614 2628 2842 2694; x_wconf 88' lang='grc' dir='ltr'>αὐτούς·</span> <span class='ocrx_word' id='word_1_752' title='bbox 2877 2633 3236 2702; x_wconf 78' lang='grc' dir='ltr'>Γεννήματα</span> <span class='ocrx_word' id='word_1_753' title='bbox 3260 2636 3537 2704; x_wconf 81' lang='grc' dir='ltr'>ἐχιδνῶν,</span> <span class='ocrx_word' id='word_1_754' title='bbox 3579 2641 3666 2705; x_wconf 83' lang='grc' dir='ltr'>τίς</span> 
     </span>
    </p>
   </div>
   <div class='ocr_carea' id='block_1_96' title="bbox 2089 2709 3662 2795">
    <p class='ocr_par' dir='ltr' id='par_1_96' title="bbox 2089 2709 3662 2795">
     <span class='ocr_line' id='line_1_96' title="bbox 2089 2709 3662 2795; baseline 0.011 -33"><span class='ocrx_word' id='word_1_755' title='bbox 2089 2709 2408 2774; x_wconf 76' lang='grc' dir='ltr'>ὑπέδειξεν</span> <span class='ocrx_word' id='word_1_756' title='bbox 2424 2713 2564 2781; x_wconf 79' lang='grc' dir='ltr'>ὑμῖν</span> <span class='ocrx_word' id='word_1_757' title='bbox 2573 2717 2820 2783; x_wconf 70' lang='grc' dir='ltr'>φεύγειν</span> <span class='ocrx_word' id='word_1_758' title='bbox 2828 2719 2948 2772; x_wconf 78' lang='grc' dir='ltr'>ἀπὸ</span> <span class='ocrx_word' id='word_1_759' title='bbox 2964 2720 3076 2788; x_wconf 86' lang='grc' dir='ltr'>τῆς</span> <span class='ocrx_word' id='word_1_760' title='bbox 3091 2725 3438 2792; x_wconf 82' lang='grc' dir='ltr'>μελλούσης</span> <span class='ocrx_word' id='word_1_761' title='bbox 3461 2725 3662 2795; x_wconf 68' lang='grc' dir='ltr'>ὀργῆςς</span> 
     </span>
    </p>
   </div>
   <div class='ocr_carea' id='block_1_97' title="bbox 2092 2798 3665 2887">
    <p class='ocr_par' dir='ltr' id='par_1_97' title="bbox 2092 2798 3665 2887">
     <span class='ocr_line' id='line_1_97' title="bbox 2092 2798 3665 2887; baseline 0.014 -37"><span class='ocrx_word' id='word_1_762' title='bbox 2092 2800 2392 2868; x_wconf 80' lang='grc' dir='ltr'>Ποιήσατε</span> <span class='ocrx_word' id='word_1_763' title='bbox 2409 2798 2524 2856; x_wconf 85' lang='grc' dir='ltr'>οὖν</span> <span class='ocrx_word' id='word_1_764' title='bbox 2538 2807 2766 2872; x_wconf 77' lang='grc' dir='ltr'>καρπὸν</span> <span class='ocrx_word' id='word_1_765' title='bbox 2788 2806 2868 2872; x_wconf 78' lang='grc' dir='ltr'>ᾶε</span> <span class='ocrx_word' id='word_1_766' title='bbox 2871 2825 2966 2862; x_wconf 84' lang='grc' dir='ltr'>ιον</span> <span class='ocrx_word' id='word_1_767' title='bbox 2981 2809 3055 2877; x_wconf 84' lang='grc' dir='ltr'>τῆ</span> <span class='ocrx_word' id='word_1_768' title='bbox 3061 2831 3090 2876; x_wconf 78' lang='grc' dir='ltr'>ς</span> <span class='ocrx_word' id='word_1_769' title='bbox 3101 2816 3442 2880; x_wconf 86' lang='grc' dir='ltr'>μετανοίας,</span> <span class='ocrx_word' id='word_1_770' title='bbox 3467 2818 3560 2870; x_wconf 81' lang='grc' dir='ltr'>καὶ</span> <span class='ocrx_word' id='word_1_771' title='bbox 3578 2819 3665 2887; x_wconf 77' lang='grc' dir='ltr'>μὴ</span> 
     </span>
    </p>
   </div>
   <div class='ocr_carea' id='block_1_98' title="bbox 2090 2886 3662 2975">
    <p class='ocr_par' dir='ltr' id='par_1_98' title="bbox 2090 2886 3662 2975">
     <span class='ocr_line' id='line_1_98' title="bbox 2090 2886 3662 2975; baseline 0.014 -36"><span class='ocrx_word' id='word_1_772' title='bbox 2090 2886 2306 2975; x_wconf 67' lang='grc' dir='ltr'>δόξητε</span> <span class='ocrx_word' id='word_1_773' title='bbox 2336 2890 2572 2960; x_wconf 83' lang='grc' dir='ltr'>λέγειν,</span> <span class='ocrx_word' id='word_1_774' title='bbox 2613 2892 2704 2947; x_wconf 86' lang='grc' dir='ltr'>ὅτι</span> <span class='ocrx_word' id='word_1_775' title='bbox 2731 2897 2964 2964; x_wconf 83' lang='grc' dir='ltr'>Πατέρα</span> <span class='ocrx_word' id='word_1_776' title='bbox 2997 2899 3216 2970; x_wconf 72' lang='grc' dir='ltr'>ἔχομεν</span> <span class='ocrx_word' id='word_1_777' title='bbox 3239 2903 3344 2956; x_wconf 84' lang='grc' dir='ltr'>τὸν</span> <span class='ocrx_word' id='word_1_778' title='bbox 3388 2886 3662 2975; x_wconf 78' lang='grc' dir='ltr'>Ἀϐραάμ.</span> 
     </span>
    </p>
   </div>
   <div class='ocr_carea' id='block_1_99' title="bbox 2090 2973 3664 3055">
    <p class='ocr_par' dir='ltr' id='par_1_99' title="bbox 2090 2973 3664 3055">
     <span class='ocr_line' id='line_1_99' title="bbox 2090 2973 3664 3055; baseline 0.011 -27"><span class='ocrx_word' id='word_1_779' title='bbox 2090 2973 2252 3044; x_wconf 85' lang='grc' dir='ltr'>Λέγω</span> <span class='ocrx_word' id='word_1_780' title='bbox 2282 2976 2391 3045; x_wconf 86' lang='grc' dir='ltr'>γὰρ</span> <span class='ocrx_word' id='word_1_781' title='bbox 2423 2979 2586 3046; x_wconf 85' lang='grc' dir='ltr'>ὑμῖν,</span> <span class='ocrx_word' id='word_1_782' title='bbox 2626 2979 2715 3034; x_wconf 83' lang='grc' dir='ltr'>ὅτι</span> <span class='ocrx_word' id='word_1_783' title='bbox 2758 2981 3008 3038; x_wconf 81' lang='grc' dir='ltr'>δύναται</span> <span class='ocrx_word' id='word_1_784' title='bbox 3042 2989 3076 3040; x_wconf 87' lang='grc' dir='ltr'>ό</span> <span class='ocrx_word' id='word_1_785' title='bbox 3111 2988 3254 3055; x_wconf 84' lang='grc' dir='ltr'>Θεὸς</span> <span class='ocrx_word' id='word_1_786' title='bbox 3301 2991 3400 3044; x_wconf 79' lang='grc' dir='ltr'>καὶ</span> <span class='ocrx_word' id='word_1_787' title='bbox 3443 2992 3512 3046; x_wconf 79' lang='grc' dir='ltr'>ἐκ</span> <span class='ocrx_word' id='word_1_788' title='bbox 3547 2973 3664 3047; x_wconf 73' lang='grc' dir='ltr'>τών</span> 
     </span>
    </p>
   </div>
   <div class='ocr_carea' id='block_1_100' title="bbox 2088 3061 3665 3146">
    <p class='ocr_par' dir='ltr' id='par_1_100' title="bbox 2088 3061 3665 3146">
     <span class='ocr_line' id='line_1_100' title="bbox 2088 3061 3665 3146; baseline 0.012 -32"><span class='ocrx_word' id='word_1_789' title='bbox 2088 3061 2275 3116; x_wconf 79' lang='grc' dir='ltr'>λίθων</span> <span class='ocrx_word' id='word_1_790' title='bbox 2294 3065 2521 3118; x_wconf 79' lang='grc' dir='ltr'>τούτων</span> <span class='ocrx_word' id='word_1_791' title='bbox 2539 3065 2758 3137; x_wconf 64' lang='grc' dir='ltr'>ἐγεῖραι</span> <span class='ocrx_word' id='word_1_792' title='bbox 2779 3067 2962 3124; x_wconf 83' lang='grc' dir='ltr'>τέκνα</span> <span class='ocrx_word' id='word_1_793' title='bbox 2979 3071 3062 3138; x_wconf 83' lang='grc' dir='ltr'>τῷ</span> <span class='ocrx_word' id='word_1_794' title='bbox 3076 3073 3341 3146; x_wconf 77' lang='grc' dir='ltr'>Ἀϐραάμ.</span> <span class='ocrx_word' id='word_1_795' title='bbox 3374 3073 3524 3142; x_wconf 80' lang='grc' dir='ltr'>Εῐδες</span> <span class='ocrx_word' id='word_1_796' title='bbox 3549 3079 3665 3143; x_wconf 84' lang='grc' dir='ltr'>πῶς</span> 
     </span>
    </p>
   </div>
   <div class='ocr_carea' id='block_1_101' title="bbox 2093 3147 3667 3238">
    <p class='ocr_par' dir='ltr' id='par_1_101' title="bbox 2093 3147 3667 3238">
     <span class='ocr_line' id='line_1_101' title="bbox 2093 3147 3667 3238; baseline 0.013 -39"><span class='ocrx_word' id='word_1_797' title='bbox 2093 3147 2234 3216; x_wconf 89' lang='grc' dir='ltr'>μέγα</span> <span class='ocrx_word' id='word_1_798' title='bbox 2255 3149 2420 3204; x_wconf 86' lang='grc' dir='ltr'>αὐτοῦ</span> <span class='ocrx_word' id='word_1_799' title='bbox 2447 3152 2508 3205; x_wconf 83' lang='grc' dir='ltr'>τὸ</span> <span class='ocrx_word' id='word_1_800' title='bbox 2531 3153 2702 3225; x_wconf 79' lang='grc' dir='ltr'>ὄνομα</span> <span class='ocrx_word' id='word_1_801' title='bbox 2725 3157 2877 3228; x_wconf 88' lang='grc' dir='ltr'>παρά</span> <span class='ocrx_word' id='word_1_802' title='bbox 2893 3160 3056 3213; x_wconf 76' lang='grc' dir='ltr'>πᾶσιν</span> <span class='ocrx_word' id='word_1_803' title='bbox 3076 3155 3177 3233; x_wconf 75' lang='grc' dir='ltr'>ἦνς</span> <span class='ocrx_word' id='word_1_804' title='bbox 3216 3163 3377 3217; x_wconf 84' lang='grc' dir='ltr'>Ἀλλά</span> <span class='ocrx_word' id='word_1_805' title='bbox 3400 3165 3537 3228; x_wconf 88' lang='grc' dir='ltr'>τέως</span> <span class='ocrx_word' id='word_1_806' title='bbox 3560 3168 3667 3238; x_wconf 76' lang='grc' dir='ltr'>πρὸ</span> 
     </span>
    </p>
   </div>
   <div class='ocr_carea' id='block_1_102' title="bbox 2089 3238 3666 3320">
    <p class='ocr_par' dir='ltr' id='par_1_102' title="bbox 2089 3238 3666 3320">
     <span class='ocr_line' id='line_1_102' title="bbox 2089 3238 3666 3320; baseline 0.013 -32"><span class='ocrx_word' id='word_1_807' title='bbox 2089 3238 2188 3307; x_wconf 78' lang='grc' dir='ltr'>τῆς</span> <span class='ocrx_word' id='word_1_808' title='bbox 2215 3239 2491 3304; x_wconf 86' lang='grc' dir='ltr'>ἐκϐάσεως</span> <span class='ocrx_word' id='word_1_809' title='bbox 2514 3241 2576 3294; x_wconf 85' lang='grc' dir='ltr'>τὸ</span> <span class='ocrx_word' id='word_1_810' title='bbox 2606 3242 2848 3312; x_wconf 88' lang='grc' dir='ltr'>φιλόθεον</span> <span class='ocrx_word' id='word_1_811' title='bbox 2877 3246 2968 3300; x_wconf 92' lang='grc' dir='ltr'>τοῦ</span> <span class='ocrx_word' id='word_1_812' title='bbox 2995 3247 3203 3303; x_wconf 86' lang='grc' dir='ltr'>δικαίου</span> <span class='ocrx_word' id='word_1_813' title='bbox 3231 3251 3524 3319; x_wconf 86' lang='grc' dir='ltr'>δείκνυται,</span> <span class='ocrx_word' id='word_1_814' title='bbox 3550 3255 3666 3320; x_wconf 82' lang='grc' dir='ltr'>πῶς</span> 
     </span>
    </p>
   </div>
   <div class='ocr_carea' id='block_1_103' title="bbox 2086 3327 3666 3404">
    <p class='ocr_par' dir='ltr' id='par_1_103' title="bbox 2086 3327 3666 3404">
     <span class='ocr_line' id='line_1_103' title="bbox 2086 3327 3666 3404; baseline 0.015 -27"><span class='ocrx_word' id='word_1_815' title='bbox 2086 3328 2198 3389; x_wconf 87' lang='grc' dir='ltr'>τοῖς</span> <span class='ocrx_word' id='word_1_816' title='bbox 2216 3327 2365 3399; x_wconf 87' lang='grc' dir='ltr'>παρὰ</span> <span class='ocrx_word' id='word_1_817' title='bbox 2387 3328 2483 3382; x_wconf 91' lang='grc' dir='ltr'>τοῦ</span> <span class='ocrx_word' id='word_1_818' title='bbox 2498 3330 2633 3384; x_wconf 85' lang='grc' dir='ltr'>Θεοῦ</span> <span class='ocrx_word' id='word_1_819' title='bbox 2650 3333 2894 3404; x_wconf 81' lang='grc' dir='ltr'>ῥηθεῖσιν</span> <span class='ocrx_word' id='word_1_820' title='bbox 2917 3337 3223 3404; x_wconf 86' lang='grc' dir='ltr'>ἐπίστευσε,</span> <span class='ocrx_word' id='word_1_821' title='bbox 3243 3343 3336 3396; x_wconf 84' lang='grc' dir='ltr'>καί</span> <span class='ocrx_word' id='word_1_822' title='bbox 3360 3343 3574 3399; x_wconf 76' lang='grc' dir='ltr'>ἅπαντα</span> <span class='ocrx_word' id='word_1_823' title='bbox 3595 3347 3666 3400; x_wconf 85' lang='grc' dir='ltr'>τά</span> 
     </span>
    </p>
   </div>
   <div class='ocr_carea' id='block_1_104' title="bbox 2086 3414 3659 3505">
    <p class='ocr_par' dir='ltr' id='par_1_104' title="bbox 2086 3414 3659 3505">
     <span class='ocr_line' id='line_1_104' title="bbox 2086 3414 3659 3505; baseline 0.016 -37"><span class='ocrx_word' id='word_1_824' title='bbox 2086 3414 2350 3472; x_wconf 88' lang='grc' dir='ltr'>δοκοῦντα</span> <span class='ocrx_word' id='word_1_825' title='bbox 2371 3415 2508 3473; x_wconf 77' lang='grc' dir='ltr'>εἶναι</span> <span class='ocrx_word' id='word_1_826' title='bbox 2531 3424 2764 3492; x_wconf 87' lang='grc' dir='ltr'>φορτικά</span> <span class='ocrx_word' id='word_1_827' title='bbox 2786 3427 2906 3496; x_wconf 86' lang='grc' dir='ltr'>μετ’</span> <span class='ocrx_word' id='word_1_828' title='bbox 2927 3427 3179 3492; x_wconf 85' lang='grc' dir='ltr'>εὐκολίας</span> <span class='ocrx_word' id='word_1_829' title='bbox 3199 3433 3534 3505; x_wconf 85' lang='grc' dir='ltr'>κατεδέχετο.</span> <span class='ocrx_word' id='word_1_830' title='bbox 3553 3440 3659 3492; x_wconf 79' lang='grc' dir='ltr'>Καὶ</span> 
     </span>
    </p>
   </div>
   <div class='ocr_carea' id='block_1_105' title="bbox 2085 3507 3664 3593">
    <p class='ocr_par' dir='ltr' id='par_1_105' title="bbox 2085 3507 3664 3593">
     <span class='ocr_line' id='line_1_105' title="bbox 2085 3507 3664 3593; baseline 0.014 -34"><span class='ocrx_word' id='word_1_831' title='bbox 2085 3507 2420 3576; x_wconf 80' lang='grc' dir='ltr'>εὐλογήσω,</span> <span class='ocrx_word' id='word_1_832' title='bbox 2454 3511 2608 3580; x_wconf 79' lang='grc' dir='ltr'>φησί,</span> <span class='ocrx_word' id='word_1_833' title='bbox 2653 3513 2788 3580; x_wconf 83' lang='grc' dir='ltr'>τούς</span> <span class='ocrx_word' id='word_1_834' title='bbox 2824 3517 3228 3586; x_wconf 58' lang='grc' dir='ltr'>ειῦλογοῦντὰς</span> <span class='ocrx_word' id='word_1_835' title='bbox 3263 3538 3356 3587; x_wconf 86' lang='grc' dir='ltr'>σε,</span> <span class='ocrx_word' id='word_1_836' title='bbox 3396 3525 3495 3578; x_wconf 75' lang='grc' dir='ltr'>καὶ</span> <span class='ocrx_word' id='word_1_837' title='bbox 3521 3526 3664 3593; x_wconf 86' lang='grc' dir='ltr'>τοὺς</span> 
     </span>
    </p>
   </div>
   <div class='ocr_carea' id='block_1_106' title="bbox 2086 3595 3661 3679">
    <p class='ocr_par' dir='ltr' id='par_1_106' title="bbox 2086 3595 3661 3679">
     <span class='ocr_line' id='line_1_106' title="bbox 2086 3595 3661 3679; baseline 0.015 -34"><span class='ocrx_word' id='word_1_838' title='bbox 2086 3595 2539 3664; x_wconf 78' lang='grc' dir='ltr'>καταρωμένους</span> <span class='ocrx_word' id='word_1_839' title='bbox 2561 3615 2636 3652; x_wconf 86' lang='grc' dir='ltr'>σε</span> <span class='ocrx_word' id='word_1_840' title='bbox 2667 3601 3075 3671; x_wconf 81' lang='grc' dir='ltr'>καταράσομαι</span> <span class='ocrx_word' id='word_1_841' title='bbox 3093 3622 3108 3636; x_wconf 79' lang='grc'><em>’</em></span> <span class='ocrx_word' id='word_1_842' title='bbox 3145 3608 3244 3659; x_wconf 79' lang='grc' dir='ltr'>καὶ</span> <span class='ocrx_word' id='word_1_843' title='bbox 3266 3609 3661 3679; x_wconf 76' lang='grc' dir='ltr'>ἐνευλογηθή-</span> 
     </span>
    </p>
   </div>
   <div class='ocr_carea' id='block_1_107' title="bbox 2085 3682 3661 3766">
    <p class='ocr_par' dir='ltr' id='par_1_107' title="bbox 2085 3682 3661 3766">
     <span class='ocr_line' id='line_1_107' title="bbox 2085 3682 3661 3766; baseline 0.013 -34"><span class='ocrx_word' id='word_1_844' title='bbox 2085 3690 2298 3734; x_wconf 82' lang='grc' dir='ltr'>σονται</span> <span class='ocrx_word' id='word_1_845' title='bbox 2325 3682 2396 3735; x_wconf 82' lang='grc' dir='ltr'>έν</span> <span class='ocrx_word' id='word_1_846' title='bbox 2430 3684 2528 3737; x_wconf 81' lang='grc' dir='ltr'>σοί</span> <span class='ocrx_word' id='word_1_847' title='bbox 2551 3684 2740 3738; x_wconf 81' lang='grc' dir='ltr'>πᾶσαι</span> <span class='ocrx_word' id='word_1_848' title='bbox 2762 3690 2822 3740; x_wconf 80' lang='grc' dir='ltr'>αι</span> <span class='ocrx_word' id='word_1_849' title='bbox 2846 3691 3032 3756; x_wconf 75' lang='grc' dir='ltr'>φυλαὶ</span> <span class='ocrx_word' id='word_1_850' title='bbox 3063 3690 3173 3759; x_wconf 83' lang='grc' dir='ltr'>τῆς</span> <span class='ocrx_word' id='word_1_851' title='bbox 3198 3692 3332 3762; x_wconf 82' lang='grc' dir='ltr'>γῆς.</span> <span class='ocrx_word' id='word_1_852' title='bbox 3364 3697 3504 3766; x_wconf 87' lang='grc' dir='ltr'>Ὅρα</span> <span class='ocrx_word' id='word_1_853' title='bbox 3524 3699 3661 3753; x_wconf 80' lang='grc' dir='ltr'>Θεοῦ</span> 
     </span>
    </p>
   </div>
   <div class='ocr_carea' id='block_1_108' title="bbox 2088 3767 3661 3846">
    <p class='ocr_par' dir='ltr' id='par_1_108' title="bbox 2088 3767 3661 3846">
     <span class='ocr_line' id='line_1_108' title="bbox 2088 3767 3661 3846; baseline 0.013 -28"><span class='ocrx_word' id='word_1_854' title='bbox 2088 3767 2512 3834; x_wconf 83' lang='grc' dir='ltr'>συγκατάϐασιν,</span> <span class='ocrx_word' id='word_1_855' title='bbox 2556 3771 2651 3824; x_wconf 76' lang='grc' dir='ltr'>καὶ</span> <span class='ocrx_word' id='word_1_856' title='bbox 2685 3772 2858 3842; x_wconf 85' lang='grc' dir='ltr'>πόσης</span> <span class='ocrx_word' id='word_1_857' title='bbox 2901 3775 3051 3846; x_wconf 83' lang='grc' dir='ltr'>αὐτῷ</span> <span class='ocrx_word' id='word_1_858' title='bbox 3091 3779 3274 3845; x_wconf 84' lang='grc' dir='ltr'>φιλίας</span> <span class='ocrx_word' id='word_1_859' title='bbox 3306 3781 3547 3837; x_wconf 89' lang='grc' dir='ltr'>δείκνυσι</span> <span class='ocrx_word' id='word_1_860' title='bbox 3573 3803 3661 3838; x_wconf 89' lang='grc' dir='ltr'>τε-</span> 
     </span>
    </p>
   </div>
   <div class='ocr_carea' id='block_1_109' title="bbox 2087 3854 3660 3940">
    <p class='ocr_par' dir='ltr' id='par_1_109' title="bbox 2087 3854 3660 3940">
     <span class='ocr_line' id='line_1_109' title="bbox 2087 3854 3660 3940; baseline 0.013 -35"><span class='ocrx_word' id='word_1_861' title='bbox 2087 3854 2343 3924; x_wconf 91' lang='grc' dir='ltr'>κμήριον.</span> <span class='ocrx_word' id='word_1_862' title='bbox 2362 3854 2652 3923; x_wconf 85' lang='grc' dir='ltr'>Ἐκείνους,</span> <span class='ocrx_word' id='word_1_863' title='bbox 2667 3860 3019 3930; x_wconf 77' lang='grc' dir='ltr'>φησί,φίλους</span> <span class='ocrx_word' id='word_1_864' title='bbox 3043 3867 3358 3938; x_wconf 80' lang='grc' dir='ltr'>ποιήσομαι,</span> <span class='ocrx_word' id='word_1_865' title='bbox 3375 3871 3501 3934; x_wconf 81' lang='grc' dir='ltr'>τούς</span> <span class='ocrx_word' id='word_1_866' title='bbox 3522 3874 3660 3940; x_wconf 81' lang='grc' dir='ltr'>πρὸς</span> 
     </span>
    </p>
   </div>
   <div class='ocr_carea' id='block_1_110' title="bbox 2087 3939 3658 4029">
    <p class='ocr_par' dir='ltr' id='par_1_110' title="bbox 2087 3939 3658 4029">
     <span class='ocr_line' id='line_1_110' title="bbox 2087 3939 3658 4029; baseline 0.015 -39"><span class='ocrx_word' id='word_1_867' title='bbox 2087 3939 2145 3992; x_wconf 82' lang='grc' dir='ltr'>σὲ</span> <span class='ocrx_word' id='word_1_868' title='bbox 2170 3941 2406 4012; x_wconf 90' lang='grc' dir='ltr'>γνησίως</span> <span class='ocrx_word' id='word_1_869' title='bbox 2431 3942 2828 4013; x_wconf 83' lang='grc' dir='ltr'>διακειμένους,</span> <span class='ocrx_word' id='word_1_870' title='bbox 2865 3949 2962 4002; x_wconf 74' lang='grc' dir='ltr'>καὶ</span> <span class='ocrx_word' id='word_1_871' title='bbox 2987 3951 3229 4016; x_wconf 84' lang='grc' dir='ltr'>ἐκείνους</span> <span class='ocrx_word' id='word_1_872' title='bbox 3258 3957 3505 4029; x_wconf 76' lang='grc' dir='ltr'>ἐχθροὺς,</span> <span class='ocrx_word' id='word_1_873' title='bbox 3533 3964 3658 4026; x_wconf 84' lang='grc' dir='ltr'>τοὺς</span> 
     </span>
    </p>
   </div>
   <div class='ocr_carea' id='block_1_111' title="bbox 2082 4029 3659 4115">
    <p class='ocr_par' dir='ltr' id='par_1_111' title="bbox 2082 4029 3659 4115">
     <span class='ocr_line' id='line_1_111' title="bbox 2082 4029 3659 4115; baseline 0.015 -35"><span class='ocrx_word' id='word_1_874' title='bbox 2082 4029 2339 4090; x_wconf 84' lang='grc' dir='ltr'>ἐναντίως</span> <span class='ocrx_word' id='word_1_875' title='bbox 2361 4031 2498 4104; x_wconf 80' lang='grc' dir='ltr'>πρὸς</span> <span class='ocrx_word' id='word_1_876' title='bbox 2533 4033 2594 4086; x_wconf 82' lang='grc' dir='ltr'>σὲ</span> <span class='ocrx_word' id='word_1_877' title='bbox 2641 4033 2862 4105; x_wconf 74' lang='grc' dir='ltr'>ἔχοντας</span> <span class='ocrx_word' id='word_1_878' title='bbox 2879 4053 2895 4070; x_wconf 90' lang='grc'><strong>·</strong></span> <span class='ocrx_word' id='word_1_879' title='bbox 2928 4037 3064 4110; x_wconf 80' lang='grc' dir='ltr'>ὅπερ</span> <span class='ocrx_word' id='word_1_880' title='bbox 3105 4044 3290 4113; x_wconf 86' lang='grc' dir='ltr'>σχεδὸν</span> <span class='ocrx_word' id='word_1_881' title='bbox 3317 4047 3436 4100; x_wconf 88' lang='grc' dir='ltr'>οὐδέ</span> <span class='ocrx_word' id='word_1_882' title='bbox 3469 4051 3659 4115; x_wconf 85' lang='grc' dir='ltr'>παῖδες</span> 
     </span>
    </p>
   </div>
   <div class='ocr_carea' id='block_1_112' title="bbox 2084 4116 3659 4204">
    <p class='ocr_par' dir='ltr' id='par_1_112' title="bbox 2084 4116 3659 4204">
     <span class='ocr_line' id='line_1_112' title="bbox 2084 4116 3659 4204; baseline 0.016 -37"><span class='ocrx_word' id='word_1_883' title='bbox 2084 4116 2219 4187; x_wconf 84' lang='grc' dir='ltr'>πρὸς</span> <span class='ocrx_word' id='word_1_884' title='bbox 2248 4118 2488 4190; x_wconf 80' lang='grc' dir='ltr'>πατέρας</span> <span class='ocrx_word' id='word_1_885' title='bbox 2529 4118 2790 4188; x_wconf 76' lang='grc' dir='ltr'>ἐπιδεῖξαι</span> <span class='ocrx_word' id='word_1_886' title='bbox 2835 4125 3137 4197; x_wconf 85' lang='grc' dir='ltr'>ἀνέχονται,</span> <span class='ocrx_word' id='word_1_887' title='bbox 3181 4132 3240 4184; x_wconf 79' lang='grc' dir='ltr'>τὸ</span> <span class='ocrx_word' id='word_1_888' title='bbox 3291 4135 3418 4197; x_wconf 63' lang='grc' dir='ltr'>τοὺς</span> <span class='ocrx_word' id='word_1_889' title='bbox 3461 4137 3659 4204; x_wconf 72' lang='grc' dir='ltr'>αὐτοὺς</span> 
     </span>
    </p>
   </div>
   <div class='ocr_carea' id='block_1_113' title="bbox 2082 4204 3653 4298">
    <p class='ocr_par' dir='ltr' id='par_1_113' title="bbox 2082 4204 3653 4298">
     <span class='ocr_line' id='line_1_113' title="bbox 2082 4204 3653 4298; baseline 0.017 -43"><span class='ocrx_word' id='word_1_890' title='bbox 2082 4204 2350 4298; x_wconf 68' lang='grc' dir='ltr'>πριεῖσθαι</span> <span class='ocrx_word' id='word_1_891' title='bbox 2386 4208 2570 4272; x_wconf 85' lang='grc' dir='ltr'>αὐτοῖς</span> <span class='ocrx_word' id='word_1_892' title='bbox 2604 4211 2696 4264; x_wconf 82' lang='grc' dir='ltr'>καί</span> <span class='ocrx_word' id='word_1_893' title='bbox 2735 4213 2923 4281; x_wconf 88' lang='grc' dir='ltr'>φίλους</span> <span class='ocrx_word' id='word_1_894' title='bbox 2969 4217 3065 4270; x_wconf 79' lang='grc' dir='ltr'>καὶ</span> <span class='ocrx_word' id='word_1_895' title='bbox 3102 4219 3350 4291; x_wconf 83' lang='grc' dir='ltr'>ἐχθρούς.</span> <span class='ocrx_word' id='word_1_896' title='bbox 3403 4225 3653 4298; x_wconf 85' lang='grc' dir='ltr'>Μεγίστη</span> 
     </span>
    </p>
   </div>
   <div class='ocr_carea' id='block_1_114' title="bbox 2079 4287 3656 4379">
    <p class='ocr_par' dir='ltr' id='par_1_114' title="bbox 2079 4287 3656 4379">
     <span class='ocr_line' id='line_1_114' title="bbox 2079 4287 3656 4379; baseline 0.016 -36"><span class='ocrx_word' id='word_1_897' title='bbox 2079 4287 2192 4358; x_wconf 66' lang='grc' dir='ltr'>οὖν,</span> <span class='ocrx_word' id='word_1_898' title='bbox 2229 4293 2500 4366; x_wconf 45' lang='grc' dir='ltr'>ἀγαπητὴ</span> <span class='ocrx_word' id='word_1_899' title='bbox 2531 4298 2568 4368; x_wconf 79' lang='grc' dir='ltr'><strong>ἠ</strong></span> <span class='ocrx_word' id='word_1_900' title='bbox 2607 4301 2736 4371; x_wconf 87' lang='grc' dir='ltr'>περί</span> <span class='ocrx_word' id='word_1_901' title='bbox 2781 4301 2872 4356; x_wconf 80' lang='grc' dir='ltr'>τὸν</span> <span class='ocrx_word' id='word_1_902' title='bbox 2915 4287 3260 4379; x_wconf 81' lang='grc' dir='ltr'>πατριάρχην</span> <span class='ocrx_word' id='word_1_903' title='bbox 3278 4311 3374 4364; x_wconf 89' lang='grc' dir='ltr'>τοῦ</span> <span class='ocrx_word' id='word_1_904' title='bbox 3395 4287 3531 4367; x_wconf 85' lang='grc' dir='ltr'>Θεοῦ</span> <span class='ocrx_word' id='word_1_905' title='bbox 3568 4287 3656 4367; x_wconf 65' lang='grc' dir='ltr'>εὖΣ</span> 
     </span>
    </p>
   </div>
   <div class='ocr_carea' id='block_1_115' title="bbox 2080 4381 3655 4467">
    <p class='ocr_par' dir='ltr' id='par_1_115' title="bbox 2080 4381 3655 4467">
     <span class='ocr_line' id='line_1_115' title="bbox 2080 4381 3655 4467; baseline 0.015 -36"><span class='ocrx_word' id='word_1_906' title='bbox 2080 4396 2218 4434; x_wconf 86' lang='grc' dir='ltr'>νοια.</span> <span class='ocrx_word' id='word_1_907' title='bbox 2264 4381 2555 4447; x_wconf 83' lang='grc' dir='ltr'>Ἐκείνους,</span> <span class='ocrx_word' id='word_1_908' title='bbox 2607 4388 2792 4456; x_wconf 80' lang='grc' dir='ltr'>φησὶν,</span> <span class='ocrx_word' id='word_1_909' title='bbox 2829 4390 3110 4462; x_wconf 81' lang='grc' dir='ltr'>εὐλογήσω</span> <span class='ocrx_word' id='word_1_910' title='bbox 3146 4397 3271 4460; x_wconf 83' lang='grc' dir='ltr'>τούς</span> <span class='ocrx_word' id='word_1_911' title='bbox 3300 4397 3655 4467; x_wconf 85' lang='grc' dir='ltr'>εὐλογοῦντάς</span> 
     </span>
    </p>
   </div>
   <div class='ocr_carea' id='block_1_116' title="bbox 2081 4470 3653 4555">
    <p class='ocr_par' dir='ltr' id='par_1_116' title="bbox 2081 4470 3653 4555">
     <span class='ocr_line' id='line_1_116' title="bbox 2081 4470 3653 4555; baseline 0.015 -37"><span class='ocrx_word' id='word_1_912' title='bbox 2081 4483 2162 4533; x_wconf 85' lang='grc' dir='ltr'>σε,</span> <span class='ocrx_word' id='word_1_913' title='bbox 2199 4470 2292 4522; x_wconf 78' lang='grc' dir='ltr'>καὶ</span> <span class='ocrx_word' id='word_1_914' title='bbox 2320 4470 2561 4534; x_wconf 86' lang='grc' dir='ltr'>ἐκείνους</span> <span class='ocrx_word' id='word_1_915' title='bbox 2591 4474 2918 4546; x_wconf 86' lang='grc' dir='ltr'>καταρῶμαι</span> <span class='ocrx_word' id='word_1_916' title='bbox 2955 4480 3080 4543; x_wconf 87' lang='grc' dir='ltr'>τοὺς</span> <span class='ocrx_word' id='word_1_917' title='bbox 3101 4486 3520 4555; x_wconf 88' lang='grc' dir='ltr'>καταρωμένους</span> <span class='ocrx_word' id='word_1_918' title='bbox 3553 4505 3612 4541; x_wconf 91' lang='grc' dir='ltr'>σε</span> <span class='ocrx_word' id='word_1_919' title='bbox 3635 4505 3653 4523; x_wconf 77' lang='grc' dir='ltr'><strong>ο</strong></span> 
     </span>
    </p>
   </div>
   <div class='ocr_carea' id='block_1_117' title="bbox 2079 4553 3653 4643">
    <p class='ocr_par' dir='ltr' id='par_1_117' title="bbox 2079 4553 3653 4643">
     <span class='ocr_line' id='line_1_117' title="bbox 2079 4553 3653 4643; baseline 0.013 -36"><span class='ocrx_word' id='word_1_920' title='bbox 2079 4555 2186 4643; x_wconf 69' lang='grc' dir='ltr'>καὶ</span> <span class='ocrx_word' id='word_1_921' title='bbox 2209 4553 2788 4626; x_wconf 71' lang='grc' dir='ltr'>ἐνευλογηθοξσονται</span> <span class='ocrx_word' id='word_1_922' title='bbox 2815 4563 2886 4616; x_wconf 82' lang='grc' dir='ltr'>ἐν</span> <span class='ocrx_word' id='word_1_923' title='bbox 2907 4566 3004 4619; x_wconf 79' lang='grc' dir='ltr'>σοὶ</span> <span class='ocrx_word' id='word_1_924' title='bbox 3033 4566 3222 4622; x_wconf 74' lang='grc' dir='ltr'>πᾶσαι</span> <span class='ocrx_word' id='word_1_925' title='bbox 3245 4575 3304 4626; x_wconf 82' lang='grc' dir='ltr'>αἱ</span> <span class='ocrx_word' id='word_1_926' title='bbox 3329 4553 3517 4641; x_wconf 62' lang='grc' dir='ltr'>ςουλαὶ</span> <span class='ocrx_word' id='word_1_927' title='bbox 3543 4575 3653 4643; x_wconf 83' lang='grc' dir='ltr'>τῆς</span> 
     </span>
    </p>
   </div>
   <div class='ocr_carea' id='block_1_118' title="bbox 2075 4640 3654 4730">
    <p class='ocr_par' dir='ltr' id='par_1_118' title="bbox 2075 4640 3654 4730">
     <span class='ocr_line' id='line_1_118' title="bbox 2075 4640 3654 4730; baseline 0.014 -36"><span class='ocrx_word' id='word_1_928' title='bbox 2075 4640 2210 4730; x_wconf 76' lang='grc' dir='ltr'>τῆς.</span> <span class='ocrx_word' id='word_1_929' title='bbox 2264 4643 2392 4697; x_wconf 87' lang='grc' dir='ltr'>’1δού</span> <span class='ocrx_word' id='word_1_930' title='bbox 2429 4646 2714 4718; x_wconf 80' lang='grc' dir='ltr'>προσθήκη</span> <span class='ocrx_word' id='word_1_931' title='bbox 2756 4651 2848 4704; x_wconf 79' lang='grc' dir='ltr'>καί</span> <span class='ocrx_word' id='word_1_932' title='bbox 2881 4653 3075 4724; x_wconf 79' lang='grc' dir='ltr'>ἐτέρας</span> <span class='ocrx_word' id='word_1_933' title='bbox 3111 4640 3436 4730; x_wconf 83' lang='grc' dir='ltr'>φιλοτιμίας.</span> <span class='ocrx_word' id='word_1_934' title='bbox 3474 4640 3654 4718; x_wconf 69' lang='grc' dir='ltr'>Πᾶσαι</span> 
     </span>
    </p>
   </div>
   <div class='ocr_carea' id='block_1_119' title="bbox 2077 4729 3654 4817">
    <p class='ocr_par' dir='ltr' id='par_1_119' title="bbox 2077 4729 3654 4817">
     <span class='ocr_line' id='line_1_119' title="bbox 2077 4729 3654 4817; baseline 0.016 -39"><span class='ocrx_word' id='word_1_935' title='bbox 2077 4729 2207 4817; x_wconf 71' lang='grc' dir='ltr'>γάρ,</span> <span class='ocrx_word' id='word_1_936' title='bbox 2243 4729 2427 4800; x_wconf 79' lang='grc' dir='ltr'>φησὶν,</span> <span class='ocrx_word' id='word_1_937' title='bbox 2452 4733 2507 4784; x_wconf 88' lang='grc' dir='ltr'>αἰ</span> <span class='ocrx_word' id='word_1_938' title='bbox 2545 4733 2708 4802; x_wconf 79' lang='grc' dir='ltr'>φυλαὶ</span> <span class='ocrx_word' id='word_1_939' title='bbox 2735 4738 2833 4808; x_wconf 86' lang='grc' dir='ltr'>τῆς</span> <span class='ocrx_word' id='word_1_940' title='bbox 2855 4739 2958 4809; x_wconf 79' lang='grc' dir='ltr'>γῆς</span> <span class='ocrx_word' id='word_1_941' title='bbox 2987 4742 3079 4794; x_wconf 74' lang='grc' dir='ltr'>ἐπὶ</span> <span class='ocrx_word' id='word_1_942' title='bbox 3107 4742 3184 4812; x_wconf 85' lang='grc' dir='ltr'>τῷ</span> <span class='ocrx_word' id='word_1_943' title='bbox 3216 4729 3299 4816; x_wconf 15' lang='grc' dir='ltr'>σῷί</span> <span class='ocrx_word' id='word_1_944' title='bbox 3319 4747 3541 4817; x_wconf 84' lang='grc' dir='ltr'>ὀνόματι</span> <span class='ocrx_word' id='word_1_945' title='bbox 3567 4750 3654 4802; x_wconf 78' lang='grc' dir='ltr'>ἐν·</span> 
     </span>
    </p>
   </div>
   <div class='ocr_carea' id='block_1_120' title="bbox 2075 4815 3650 4906">
    <p class='ocr_par' dir='ltr' id='par_1_120' title="bbox 2075 4815 3650 4906">
     <span class='ocr_line' id='line_1_120' title="bbox 2075 4815 3650 4906; baseline 0.012 -38"><span class='ocrx_word' id='word_1_946' title='bbox 2075 4815 2413 4906; x_wconf 70' lang='grc' dir='ltr'>εὐλογεῖσθαι</span> <span class='ocrx_word' id='word_1_947' title='bbox 2450 4823 2835 4891; x_wconf 80' lang='grc' dir='ltr'>σπουδάσουσι,</span> <span class='ocrx_word' id='word_1_948' title='bbox 2867 4828 2959 4881; x_wconf 74' lang='grc' dir='ltr'>καὶ</span> <span class='ocrx_word' id='word_1_949' title='bbox 2989 4828 3096 4881; x_wconf 79' lang='grc' dir='ltr'>ἀπὸ</span> <span class='ocrx_word' id='word_1_950' title='bbox 3121 4831 3220 4900; x_wconf 79' lang='grc' dir='ltr'>τῆς</span> <span class='ocrx_word' id='word_1_951' title='bbox 3254 4815 3351 4902; x_wconf 84' lang='grc' dir='ltr'>σῆς</span> <span class='ocrx_word' id='word_1_952' title='bbox 3378 4815 3650 4906; x_wconf 84' lang='grc' dir='ltr'>προσηγο-</span> 
     </span>
    </p>
   </div>
   <div class='ocr_carea' id='block_1_121' title="bbox 2079 4903 3575 4986">
    <p class='ocr_par' dir='ltr' id='par_1_121' title="bbox 2079 4903 3575 4986">
     <span class='ocr_line' id='line_1_121' title="bbox 2079 4903 3575 4986; baseline 0.011 -31"><span class='ocrx_word' id='word_1_953' title='bbox 2079 4903 2198 4974; x_wconf 88' lang='grc' dir='ltr'>ρίας</span> <span class='ocrx_word' id='word_1_954' title='bbox 2225 4905 2522 4976; x_wconf 85' lang='grc' dir='ltr'>σεμνότερα</span> <span class='ocrx_word' id='word_1_955' title='bbox 2545 4907 2614 4962; x_wconf 87' lang='grc' dir='ltr'>τά</span> <span class='ocrx_word' id='word_1_956' title='bbox 2642 4909 2763 4964; x_wconf 88' lang='grc' dir='ltr'>καθ’</span> <span class='ocrx_word' id='word_1_957' title='bbox 2790 4913 3014 4975; x_wconf 85' lang='grc' dir='ltr'>ἐαυτούς</span> <span class='ocrx_word' id='word_1_958' title='bbox 3041 4903 3575 4986; x_wconf 75' lang='grc' dir='ltr'>ἐγκαταστήσουσιν..</span> 
     </span>
    </p>
   </div>
   <div class='ocr_carea' id='block_1_122' title="bbox 2145 4989 3649 5081">
    <p class='ocr_par' dir='ltr' id='par_1_122' title="bbox 2145 4989 3649 5081">
     <span class='ocr_line' id='line_1_122' title="bbox 2145 4989 3649 5081; baseline 0.013 -38"><span class='ocrx_word' id='word_1_959' title='bbox 2145 4989 2206 5046; x_wconf 82' lang='grc' dir='ltr'>ε’.</span> <span class='ocrx_word' id='word_1_960' title='bbox 2225 4992 2541 5058; x_wconf 87' lang='grc' dir='ltr'>Ἠκούσατε,</span> <span class='ocrx_word' id='word_1_961' title='bbox 2557 4997 2848 5066; x_wconf 80' lang='grc' dir='ltr'>ἀγαπητοὶ,</span> <span class='ocrx_word' id='word_1_962' title='bbox 2861 4993 2949 5052; x_wconf 67' lang='grc' dir='ltr'>οἷα</span> <span class='ocrx_word' id='word_1_963' title='bbox 2965 5001 3223 5066; x_wconf 80' lang='grc' dir='ltr'>ἐπέταξεν</span> <span class='ocrx_word' id='word_1_964' title='bbox 3238 5005 3266 5052; x_wconf 90' lang='lat'>6</span> <span class='ocrx_word' id='word_1_965' title='bbox 3284 5006 3558 5080; x_wconf 84' lang='grc' dir='ltr'>Δεσπότης</span> <span class='ocrx_word' id='word_1_966' title='bbox 3575 5011 3649 5081; x_wconf 80' lang='grc' dir='ltr'>τῷ</span> 
     </span>
    </p>
   </div>
   <div class='ocr_carea' id='block_1_123' title="bbox 2074 5077 3647 5166">
    <p class='ocr_par' dir='ltr' id='par_1_123' title="bbox 2074 5077 3647 5166">
     <span class='ocr_line' id='line_1_123' title="bbox 2074 5077 3647 5166; baseline 0.013 -37"><span class='ocrx_word' id='word_1_967' title='bbox 2074 5077 2347 5148; x_wconf 85' lang='grc' dir='ltr'>Χαλδαίῳ,</span> <span class='ocrx_word' id='word_1_968' title='bbox 2371 5081 2448 5150; x_wconf 85' lang='grc' dir='ltr'>τῷ</span> <span class='ocrx_word' id='word_1_969' title='bbox 2468 5082 2705 5152; x_wconf 89' lang='grc' dir='ltr'>γέροντι,</span> <span class='ocrx_word' id='word_1_970' title='bbox 2732 5083 2810 5152; x_wconf 85' lang='grc' dir='ltr'>τῷ</span> <span class='ocrx_word' id='word_1_971' title='bbox 2841 5089 2978 5154; x_wconf 86' lang='grc' dir='ltr'>μήτε</span> <span class='ocrx_word' id='word_1_972' title='bbox 3004 5087 3168 5157; x_wconf 89' lang='grc' dir='ltr'>νόμον</span> <span class='ocrx_word' id='word_1_973' title='bbox 3203 5091 3490 5157; x_wconf 87' lang='grc' dir='ltr'>ἐγνωκότι,</span> <span class='ocrx_word' id='word_1_974' title='bbox 3509 5077 3647 5166; x_wconf 75' lang='grc' dir='ltr'>μήτε</span> 
     </span>
    </p>
   </div>
   <div class='ocr_carea' id='block_1_124' title="bbox 2074 5167 3648 5249">
    <p class='ocr_par' dir='ltr' id='par_1_124' title="bbox 2074 5167 3648 5249">
     <span class='ocr_line' id='line_1_124' title="bbox 2074 5167 3648 5249; baseline 0.013 -33"><span class='ocrx_word' id='word_1_975' title='bbox 2074 5167 2707 5238; x_wconf 60' lang='grc' dir='ltr'>πῳφήταιςοέντυχόντι,</span> <span class='ocrx_word' id='word_1_976' title='bbox 2733 5171 2870 5240; x_wconf 88' lang='grc' dir='ltr'>μήτε</span> <span class='ocrx_word' id='word_1_977' title='bbox 2907 5171 3099 5242; x_wconf 88' lang='grc' dir='ltr'>ἐτέρας</span> <span class='ocrx_word' id='word_1_978' title='bbox 3127 5173 3473 5243; x_wconf 86' lang='grc' dir='ltr'>διδασκαλίας</span> <span class='ocrx_word' id='word_1_979' title='bbox 3504 5183 3648 5249; x_wconf 72' lang='grc' dir='ltr'>τινὸς</span> 
     </span>
    </p>
   </div>
   <div class='ocr_carea' id='block_1_125' title="bbox 2073 5252 3646 5338">
    <p class='ocr_par' dir='ltr' id='par_1_125' title="bbox 2073 5252 3646 5338">
     <span class='ocr_line' id='line_1_125' title="bbox 2073 5252 3646 5338; baseline 0.015 -37"><span class='ocrx_word' id='word_1_980' title='bbox 2073 5252 2473 5318; x_wconf 78' lang='grc' dir='ltr'>ἀπολαύσαντις</span> <span class='ocrx_word' id='word_1_981' title='bbox 2499 5255 2682 5309; x_wconf 81' lang='grc' dir='ltr'>Εῐδετε</span> <span class='ocrx_word' id='word_1_982' title='bbox 2712 5257 2835 5323; x_wconf 80' lang='grc' dir='ltr'>ὅσος</span> <span class='ocrx_word' id='word_1_983' title='bbox 2855 5259 2966 5312; x_wconf 87' lang='grc' dir='ltr'>τῶν</span> <span class='ocrx_word' id='word_1_984' title='bbox 2991 5261 3378 5333; x_wconf 86' lang='grc' dir='ltr'>ἐπιταγμάτων</span> <span class='ocrx_word' id='word_1_985' title='bbox 3400 5269 3428 5320; x_wconf 89' lang='grc' dir='ltr'>ὁ</span> <span class='ocrx_word' id='word_1_986' title='bbox 3455 5268 3646 5338; x_wconf 74' lang='grc' dir='ltr'>δγκοςς</span> 
     </span>
    </p>
   </div>
   <div class='ocr_carea' id='block_1_126' title="bbox 2073 5340 3647 5426">
    <p class='ocr_par' dir='ltr' id='par_1_126' title="bbox 2073 5340 3647 5426">
     <span class='ocr_line' id='line_1_126' title="bbox 2073 5340 3647 5426; baseline 0.012 -35"><span class='ocrx_word' id='word_1_987' title='bbox 2073 5340 2190 5404; x_wconf 83' lang='grc' dir='ltr'>πῶς</span> <span class='ocrx_word' id='word_1_988' title='bbox 2223 5342 2429 5413; x_wconf 73' lang='grc' dir='ltr'>ὑψηλῆς</span> <span class='ocrx_word' id='word_1_989' title='bbox 2453 5359 2595 5406; x_wconf 89' lang='grc' dir='ltr'>τινος</span> <span class='ocrx_word' id='word_1_990' title='bbox 2623 5344 2716 5397; x_wconf 77' lang='grc' dir='ltr'>καί</span> <span class='ocrx_word' id='word_1_991' title='bbox 2748 5347 3003 5417; x_wconf 81' lang='grc' dir='ltr'>νεανικῆς</span> <span class='ocrx_word' id='word_1_992' title='bbox 3030 5348 3282 5420; x_wconf 88' lang='grc' dir='ltr'>δεόμενος</span> <span class='ocrx_word' id='word_1_993' title='bbox 3307 5352 3486 5426; x_wconf 72' lang='grc' dir='ltr'>ψυχῆς</span> <span class='ocrx_word' id='word_1_994' title='bbox 3511 5357 3647 5426; x_wconf 81' lang='grc' dir='ltr'>πρὸς</span> 
     </span>
    </p>
   </div>
   <div class='ocr_carea' id='block_1_127' title="bbox 2073 5428 3645 5504">
    <p class='ocr_par' dir='ltr' id='par_1_127' title="bbox 2073 5428 3645 5504">
     <span class='ocr_line' id='line_1_127' title="bbox 2073 5428 3645 5504; baseline 0.01 -24"><span class='ocrx_word' id='word_1_995' title='bbox 2073 5428 2169 5498; x_wconf 82' lang='grc' dir='ltr'>τὴν</span> <span class='ocrx_word' id='word_1_996' title='bbox 2218 5429 2424 5482; x_wconf 87' lang='grc' dir='ltr'>τούτων</span> <span class='ocrx_word' id='word_1_997' title='bbox 2451 5432 2833 5504; x_wconf 83' lang='grc' dir='ltr'>ἐκπλήρωσιν;</span> <span class='ocrx_word' id='word_1_998' title='bbox 2873 5434 3106 5490; x_wconf 85' lang='grc' dir='ltr'>Βλέπετε</span> <span class='ocrx_word' id='word_1_999' title='bbox 3159 5439 3344 5494; x_wconf 85' lang='grc' dir='ltr'>λοιπὸν</span> <span class='ocrx_word' id='word_1_1000' title='bbox 3399 5444 3489 5498; x_wconf 82' lang='grc' dir='ltr'>καὶ</span> <span class='ocrx_word' id='word_1_1001' title='bbox 3551 5445 3645 5496; x_wconf 88' lang='grc' dir='ltr'>τοῦ</span> 
     </span>
    </p>
   </div>
   <div class='ocr_carea' id='block_1_128' title="bbox 2074 5517 3644 5600">
    <p class='ocr_par' dir='ltr' id='par_1_128' title="bbox 2074 5517 3644 5600">
     <span class='ocr_line' id='line_1_128' title="bbox 2074 5517 3644 5600; baseline 0.011 -32"><span class='ocrx_word' id='word_1_1002' title='bbox 2074 5517 2412 5588; x_wconf 83' lang='grc' dir='ltr'>πατριάρχου</span> <span class='ocrx_word' id='word_1_1003' title='bbox 2444 5519 2544 5590; x_wconf 84' lang='grc' dir='ltr'>τὴν</span> <span class='ocrx_word' id='word_1_1004' title='bbox 2577 5520 3016 5595; x_wconf 90' lang='grc' dir='ltr'>εὐγνωμοσύνην,</span> <span class='ocrx_word' id='word_1_1005' title='bbox 3045 5526 3192 5591; x_wconf 81' lang='grc' dir='ltr'>ὅπως</span> <span class='ocrx_word' id='word_1_1006' title='bbox 3221 5531 3352 5600; x_wconf 83' lang='grc' dir='ltr'>ήμῖν</span> <span class='ocrx_word' id='word_1_1007' title='bbox 3385 5531 3417 5596; x_wconf 84' lang='grc' dir='ltr'>ή</span> <span class='ocrx_word' id='word_1_1008' title='bbox 3457 5531 3644 5600; x_wconf 80' lang='grc' dir='ltr'>Γραφὴ</span> 
     </span>
    </p>
   </div>
   <div class='ocr_carea' id='block_1_129' title="bbox 2139 5645 3641 5715">
    <p class='ocr_par' dir='ltr' id='par_1_129' title="bbox 2139 5645 3641 5715">
     <span class='ocr_line' id='line_1_129' title="bbox 2139 5645 3641 5715; baseline 0.006 -22"><span class='ocrx_word' id='word_1_1009' title='bbox 2139 5655 2164 5715; x_wconf 58' lang='lat' dir='ltr'><strong>fl</strong></span> <span class='ocrx_word' id='word_1_1010' title='bbox 2185 5645 2339 5715; x_wconf 49' lang='lat' dir='ltr'>Sflvil:</span> <span class='ocrx_word' id='word_1_1011' title='bbox 2359 5649 2568 5715; x_wconf 61' lang='grc' dir='ltr'>σπονδὴν</span> <span class='ocrx_word' id='word_1_1012' title='bbox 2589 5649 2823 5715; x_wconf 82' lang='grc' dir='ltr'>ποιεῖσθαι</span> <span class='ocrx_word' id='word_1_1013' title='bbox 2858 5653 3128 5715; x_wconf 79' lang='grc' dir='ltr'>εἰσαχθῆναι</span> <span class='ocrx_word' id='word_1_1014' title='bbox 3158 5655 3299 5703; x_wconf 82' lang='grc' dir='ltr'>αὐτὸν</span> <span class='ocrx_word' id='word_1_1015' title='bbox 3321 5655 3384 5709; x_wconf 85' lang='grc' dir='ltr'>εἰς</span> <span class='ocrx_word' id='word_1_1016' title='bbox 3403 5655 3505 5709; x_wconf 82' lang='grc' dir='ltr'>τήν.</span> <span class='ocrx_word' id='word_1_1017' title='bbox 3541 5653 3641 5702; x_wconf 75' lang='lat' dir='ltr'>Ilo-</span> 
     </span>
    </p>
   </div>
   <div class='ocr_carea' id='block_1_130' title="bbox 2067 5707 3638 5773">
    <p class='ocr_par' dir='ltr' id='par_1_130' title="bbox 2067 5707 3638 5773">
     <span class='ocr_line' id='line_1_130' title="bbox 2067 5707 3638 5773; baseline 0.006 -18"><span class='ocrx_word' id='word_1_1018' title='bbox 2067 5707 2164 5756; x_wconf 77' lang='lat' dir='ltr'>rel.</span> <span class='ocrx_word' id='word_1_1019' title='bbox 2196 5709 2408 5757; x_wconf 78' lang='grc' dir='ltr'>εἶσωθεῖν</span> <span class='ocrx_word' id='word_1_1020' title='bbox 2429 5711 2494 5766; x_wconf 83' lang='grc' dir='ltr'>εἰς</span> <span class='ocrx_word' id='word_1_1021' title='bbox 2511 5712 2610 5768; x_wconf 79' lang='grc' dir='ltr'>τήν.</span> <span class='ocrx_word' id='word_1_1022' title='bbox 2647 5714 2868 5770; x_wconf 73' lang='lat' dir='ltr'>Quatuor</span> <span class='ocrx_word' id='word_1_1023' title='bbox 3032 5707 3258 5772; x_wconf 75' lang='grc' dir='ltr'>ίσωθῆναι</span> <span class='ocrx_word' id='word_1_1024' title='bbox 3282 5707 3422 5764; x_wconf 74' lang='grc' dir='ltr'>αὐτόν</span> <span class='ocrx_word' id='word_1_1025' title='bbox 3447 5707 3511 5770; x_wconf 77' lang='grc' dir='ltr'>εἰς</span> <span class='ocrx_word' id='word_1_1026' title='bbox 3535 5716 3638 5773; x_wconf 75' lang='grc' dir='ltr'>τήν.</span> 
     </span>
    </p>
   </div>
  </div>
