4066 6140
414 201 521 256 289

416 314 661 387 φανερὰν
698 316 867 387 αὐτὴν
916 316 1227 388 καθίστησι.
1282 318 1393 371 Καὶ
1450 318 1765 385 ἐπορεύθη,
1812 315 1997 387 φησὶν,

420 400 647 468 Ἀϐραμ
667 400 819 453 καθὰ
848 397 1155 465 ἐλάλησεν
1178 396 1338 464 αὐτῷ
1360 400 1578 467 Κύριος
1618 404 1651 455 ὀ
1695 401 1839 464 Θεός
1858 415 1871 428 ·
1899 398 2002 452 καί

415 481 604 551 ᾤχετο
621 480 750 551 μετ’
766 479 954 535 αὑτοῦ
976 479 1125 535 Λώτ.
1147 483 1258 551 υύχ
1272 481 1460 545 ἀπλῶς
1478 478 1653 547 εἶπεν,
1680 483 1999 550 Ἐπορεύθη

421 567 658 634 Ἄϐραμ,
687 563 844 627 ἀλλά,
881 562 1162 633 Καθάπερ
1195 564 1505 633 ἐλάλησεν
1533 566 1694 631 αὐτῷ
1721 566 1938 633 Κύριος
1967 568 2001 619 ὁ

420 648 584 711 Θεός.
627 646 940 710 Ἀκόλουθα,
965 647 1121 719 φησὶ,
1152 646 1233 717 τῷ
1273 647 1611 718 ἐπιτάγματι
1657 648 1874 702 ἅπαντα
1916 648 1999 701 δι-

417 728 713 799 επράξατο.
736 724 906 783 Εἶπεν
940 729 1153 798 ἀφεῖναι
1180 730 1377 795 πάντα,
1409 731 1503 783 καὶ
1538 731 1877 798 συγγένειαν,
1905 732 2003 784 καὶ

416 807 567 866 οἶκον
593 828 608 843 ⁸
649 813 745 866 καὶ
785 812 1021 883 ἀφῆκεν.
1053 807 1223 866 Εἶπεν
1269 813 1444 866 ἐλθεῖν
1493 814 1573 877 εἰς
1614 814 1737 884 γῆν,
1787 814 1855 884 ἢν
1901 812 2001 865 οὐκ

416 895 533 966 ᾔδει
556 913 570 928 ο
604 894 950 961 κατεδέξατο.
992 896 1393 967 Ἐπηγγείλατο
1434 897 1682 967 ποιήσειν
1723 899 1802 959 είς
1849 895 2004 959 ἐθνος

421 977 586 1047 μέγα,
638 978 734 1031 καὶ
788 977 1109 1047 εὐλογήσειν
1137 992 1151 1006 ·
1205 978 1529 1031 ἐπίστευσεν
1577 979 1662 1031 ὅτι
1711 978 1859 1031 ἔσται
1909 977 2001 1031 καὶ

413 1061 594 1115 τοῦτο.
637 1060 752 1114 Kal
788 1059 1041 1131 καθάπερ
1071 1059 1331 1131 ἐλάλησεν
1364 1060 1515 1132 αὐτῷ
1546 1060 1750 1131 Κύριος
1783 1062 1813 1114 6
1846 1060 2000 1124 Θεὸς,

416 1145 591 1208 οῦτως
621 1142 919 1214 ἐπορεύθη·
945 1144 1066 1197 ἀντὶ⁴
1101 1142 1215 1203 106.
1252 1143 1542 1213 ἐπίστευσε
1581 1147 1697 1208 τοῖς
1726 1143 1878 1216 παρά
1906 1143 2001 1197 τοῦ

416 1226 554 1281 Θεοῦ
600 1226 864 1298 ῥηθεῖσιν,
898 1225 1050 1278 οὐδὲν
1105 1224 1412 1289 ἐνδοιάσας,
1462 1226 1582 1280 οὐδὲ
1623 1225 1999 1296 ἀμφιϐάλλων,

419 1309 536 1363 ἀλλ’
551 1307 952 1378 ἐστηριγμένην
971 1305 1111 1376 ἔχων
1132 1304 1230 1377 τὴν
1252 1305 1490 1361 διάνοιαν
1506 1309 1600 1360 καὶ
1618 1306 1707 1361 16v
1722 1306 1999 1377 λογισμὸν,

416 1391 592 1455 οὕτως
624 1389 927 1463 ἐπορεύθηο
963 1389 1045 1443 6:6
1088 1390 1183 1442 καὶ
1220 1388 1422 1459 πολλῆς
1462 1390 1675 1455 εὐνοίας
1709 1388 1860 1463 [512]
1896 1389 2004 1443 ἀπ-

417 1476 620 1548 ήλαυσε
662 1473 812 1547 παρά
856 1471 950 1526 τοῦ
994 1472 1286 1525 Δεσπότου.
1322 1473 1431 1526 Καὶ
1461 1471 1667 1540 ᾤχετο,
1709 1473 1862 1543 φησί,
1902 1473 2003 1527 καὶ

418 1557 551 1614 Λὼτ
576 1559 704 1626 μετ’
749 1555 957 1610 αὑτοῦ.
986 1554 1144 1617 Τίνος
1182 1554 1402 1618 ἐνεκεν,
1437 1555 1684 1620 εἰπόντος
1713 1554 1806 1608 τοῦ
1843 1554 2000 1621 Θεοῦ,

421 1640 675 1706 Ἔξελθε
698 1640 768 1693 ἐκ
791 1637 905 1707 τῆς
945 1636 1060 1708 γῆς
1092 1652 1232 1703 σου,
1265 1637 1364 1692 καὶ
1400 1637 1470 1691 ἐκ
1513 1636 1625 1705 τῆς
1648 1638 2003 1709 συγγενείας

415 1737 557 1786 σου,
590 1721 689 1776 καί
742 1721 813 1774 ἐκ
853 1720 963 1775 τοῦ
998 1720 1169 1774 οἴκου
1205 1719 1314 1774 τοῦ
1360 1720 1585 1788 πατρός
1631 1736 1767 1784 σου,
1815 1719 2002 1773 τοῦτον

415 1805 748 1874 ἐπεφέρετος
782 1803 919 1873 Οὐχί
944 1802 1273 1873 παρακούων
1294 1802 1390 1857 τοῦ
1415 1802 1708 1867 Δεσπότου,
1725 1803 1841 1857 ἀλλ’
1872 1804 2003 1868 ῐσως

415 1887 604 1959 ἐπειδὴ
629 1887 748 1950 νέος
772 1881 862 1956 ῆν,
903 1887 1000 1939 καὶ
1032 1885 1238 1958 πατρὸς
1270 1885 1456 1959 χώραν
1486 1885 1638 1957 αὐτῷ
1666 1887 1871 1956 ἐπεῖχε,
1904 1887 2004 1940 κά-

416 1973 595 2034 κεῖνος
624 1969 712 2022 διὰ
744 1968 1149 2041 φιλοστοργίαν,
1180 1970 1277 2022 καὶ
1304 1970 1404 2041 τήν
1440 1967 1553 2023 τῶν
1576 1969 1793 2041 τρόπων
1829 1968 2003 2022 ἐπιεί·

418 2070 592 2116 κειαν,
605 2051 1076 2114 δυσαποσπάστως
1095 2045 1209 2121 εἶχε
1231 2050 1324 2104 τοῦ
1345 2050 1574 2117 δικαίου,
1588 2050 1792 2121 ταύτης
1817 2052 2003 2108 ἐνεκεν

415 2137 513 2206 τῆς
542 2136 720 2197 αἰτίας
746 2135 848 2186 οὐκ
875 2133 1127 2202 ἀνέχεται
1166 2133 1328 2186 αὐτὸν
1356 2132 1693 2188 καταλιπεῖν.
1721 2133 1920 2187 Λοιπὸν
1945 2133 2003 2188 δὲ

417 2222 512 2273 καὶ
555 2222 613 2274 ἐν
650 2217 802 2283 τάξει
831 2216 1020 2279 παιδὸς
1050 2215 1212 2270 αὐτὸν
1250 2211 1396 2287 εἶχεν
1416 2256 1431 2280 ,
1457 2217 1516 2269 ἐν
1559 2214 1747 2287 ἡλικία
1777 2215 2003 2288 τοιαύτῃ

416 2303 616 2367 παῖδας
641 2302 784 2373 ἐχειν
818 2300 893 2372 μὴ
928 2299 1179 2370 δυνηθεὶς
1205 2298 1295 2352 διὰ
1315 2298 1415 2370 τὴν
1438 2298 1539 2368 τῆς
1572 2298 1752 2370 Σάρας
1781 2297 2001 2370 στείρα»

418 2405 525 2441 σιν.
552 2386 762 2449 Ἄλλως
784 2385 842 2439 δέ
871 2384 968 2437 καὶ
992 2384 1021 2436 6
1048 2382 1251 2454 τρόπος
1279 2380 1374 2435 τοῦ
1400 2381 1524 2434 νέου
1552 2381 1613 2434 οὐ
1647 2381 1783 2435 πολὺ
1812 2383 2001 2436 ἀπέδει

416 2469 513 2524 τοῦ
540 2468 774 2522 δικαίου.
795 2465 936 2519 Αὐτὸ
956 2465 1068 2534 γὰρ
1094 2464 1255 2518 τοῦτο
1275 2464 1357 2528 τὸ,
1385 2464 1763 2535 προκειμένων
1781 2466 1891 2518 τῶν
1909 2465 2002 2518 δύο

417 2551 692 2622 ἀδελφῶν,
724 2550 1050 2622 προσνεῖμαι
1088 2547 1278 2601 ἑαυτὸν
1317 2547 1396 2617 τῷ
1435 2547 1663 2619 δικαίῳ,
1714 2547 1889 2620 πόσης
1933 2544 2001 2619 ῆν

420 2636 708 2699 συνέσεως,
740 2633 802 2686 16
827 2632 1101 2702 διακρῖναι
1135 2632 1230 2685 καὶ
1255 2631 1548 2702 δοκιμάσαι
1571 2632 1677 2685 τίνι
1707 2630 1815 2686 τῶν
1842 2631 2002 2686 θείων

415 2717 525 2773 δέοι
556 2717 626 2772 τὰ
658 2716 782 2772 καθ’
825 2715 1016 2769 ἐαυτὸν
1050 2715 1378 2787 ἐπιτρέψαις
1419 2715 1530 2769 Kal
1564 2714 1626 2768 16
1653 2714 1865 2769 ἑλέσθαι
1902 2715 2003 2787 τὴν

417 2800 747 2872 ἀποδημίαν,
786 2799 880 2853 καὶ
911 2797 1042 2851 αὐτὸ
1086 2798 1249 2852 πάλιν
1282 2798 1480 2869 δεῖγμα
1520 2798 1622 2868 τῆς
1653 2798 1763 2853 τῶν
1786 2799 2001 2871 τρόπων

416 2881 485 2956 ῆν
518 2882 896 2955 κοσμιότητος.
944 2883 1009 2935 Εἰ
1049 2880 1158 2953 γὰρ
1195 2883 1289 2936 καὶ
1334 2883 1394 2936 16
1427 2881 1733 2936 τελευταῖον
1772 2882 1829 2935 ἐν
1859 2900 2002 2938 τισιν

415 2968 564 3035 εδοξε
582 2966 994 3038 διαμαρτάνειν,
1019 2965 1180 3035 ἡνίκα
1198 2967 1310 3028 τοῖς
1330 2966 1619 3037 πρωτείοις
1636 2967 1998 3038 ἐπεπήδησεν,

419 3049 536 3104 ἀλλ’
565 3051 717 3121 ὅμως
743 3048 866 3103 κατ’
896 3049 1040 3118 ῐχνος
1068 3047 1164 3100 τοῦ
1201 3046 1412 3102 δικαίου
1446 3047 1743 3114 ἐσπούδαζε
1775 3049 2000 3120 πορεύε-

418 3133 565 3187 σθαι.
596 3134 708 3186 Kal
731 3131 821 3186 6:6
847 3130 1007 3184 106:0
1042 3131 1135 3183 καὶ
1154 3131 1182 3184 6
1207 3129 1414 3193 δίκαιος
1444 3130 1699 3184 κοινωνὸν
1730 3131 2002 3202 ἐλάμϐανε

416 3216 516 3287 τῆς
540 3215 869 3285 ὁδοιπορίας,
900 3215 1151 3276 κάκεῖνος
1193 3212 1332 3282 μετά
1371 3211 1680 3284 προθυμίας
1724 3215 1821 3284 τῆς
1863 3215 2000 3268 οῖκοι

416 3297 698 3368 διατριϐῆς
723 3296 823 3367 τὴν
854 3295 1010 3365 ξένην
1042 3295 1430 3365 προετίμησεν.
1459 3290 1591 3350 Εἶτα
1627 3296 1712 3350 ἵνα
1741 3297 2001 3368 μάθωμεν

417 3381 500 3434 ὅτι
535 3381 598 3434 οὐ
624 3378 890 3448 νεανίσκῳ
916 3377 1031 3431 δντι
1058 3375 1138 3448 τῷ
1166 3378 1482 3449 πατριάρχῃ
1517 3378 1692 3433 ταῦτα
1708 3380 2001 3433 ἐπέταττεν

415 3464 446 3517 6
465 3462 765 3534 Δεσπότης,
794 3460 909 3516 ἀλλ’
947 3461 1048 3532 ήδη
1081 3460 1217 3532 πρὸς
1245 3460 1423 3532 γῆρας
1452 3459 1751 3528 ἐλαύνοντι,
1789 3463 1878 3515 ὅτε
1905 3463 2002 3517 καὶ

416 3547 674 3618 ὀκνηρότε
687 3562 777 3618 ρον
811 3545 999 3598 λοιπὸν
1036 3547 1086 3597 οἰ
1120 3544 1340 3608 πλείους
1380 3546 1489 3598 τῶν
1530 3545 1833 3617 ἀνθρώπιον
1862 3548 2000 3619 πρὸς

414 3629 516 3694 τάς
535 3629 850 3702 ἀποδημίας
868 3629 1188 3693 διάκεινται,
1209 3629 1376 3700 φησίν
1394 3646 1408 3660 ·
1431 3630 1647 3698 Ἀϐραμ
1664 3628 1733 3683 δὲ
1751 3625 1831 3700 ἦν
1850 3629 2001 3684 ἑτῶν

413 3713 822 3784 ἐϐδομήκοντα
848 3713 1048 3777 πέντε,
1070 3711 1169 3765 ὅτε
1190 3708 1452 3781 ἐξῆλθεν
1468 3713 1538 3766 ἐκ
1559 3712 1818 3782 Χαρῤάν.
1846 3710 2001 3778 Εἶδες

413 3798 535 3862 πῶς
570 3797 695 3852 οὐτε
725 3800 762 3869 ή
805 3797 1021 3869 ήλικία,
1053 3796 1180 3851 οὐτε
1221 3797 1406 3869 ἔτερόν
1438 3816 1493 3851 τι
1536 3798 1644 3851 τῶν
1684 3799 1999 3869 δυναμένων

413 3881 577 3935 αὐτὸν
615 3880 1028 3935 ἐπισπάσασθαι
1057 3881 1194 3951 πρὸς
1220 3880 1318 3951 τὴν
1351 3883 1493 3935 οίκοι
1539 3883 1862 3954 παραμονὴν
1890 3883 1999 3937 κώο

414 3967 562 4038 λυμα
588 3965 737 4038 αὐτῷ
773 3965 1018 4035 γέγονεν,
1048 3964 1188 4020 ἀλλά
1221 3965 1437 4018 πάντων
1477 3965 1750 4038 ἀνώτερος
1782 3969 2000 4038 ἐγένετο

414 4048 553 4104 6106
567 4049 704 4104 Θεοῦ
728 4048 1090 4112 πόθος.“οταν
1117 4048 1228 4119 γάρ
1246 4049 1283 4117 ή
1307 4045 1454 4118 ψυχὴ
1479 4049 1879 4121 διεγηγερμένη
1902 4051 1998 4106 καὶ

414 4133 661 4201 νήφουσα
689 4127 746 4204 ᾗ,
789 4132 969 4185 πάντα
1000 4131 1280 4199 διατέμνει
1327 4131 1393 4183 16
1412 4130 1746 4206 κωλύματα,
1778 4134 1874 4186 καὶ
1899 4134 1994 4206 ὅλη

414 4198 627 4279 γίνεται
648 4198 743 4266 τοῦ
772 4211 1128 4282 ποθουμένου,
1151 4198 1247 4264 καὶ
1273 4211 1364 4264 ὐπ’
1388 4198 1599 4276 οὐδενὸς
1620 4213 1729 4266 τῶν
1757 4215 1815 4267 ἐν
1847 4198 1997 4288 μέσιρ

415 4295 755 4366 φαινομένων
778 4294 1055 4367 δυσχερῶν
1074 4293 1443 4360 διακόπτεται,
1462 4295 1596 4349 ἀλλά
1616 4298 1792 4350 πάντα
1819 4315 1997 4369 παρα-

414 4380 622 4451 τρέχει,
650 4380 746 4432 καί
773 4378 833 4431 οὐ
868 4378 1129 4451 πρότερον
1160 4378 1397 4444 ἵσταται,
1435 4380 1631 4451 μέχρις
1666 4379 1733 4435 ἂν
1764 4382 1995 4457 ἐπιτύχῃ

412 4461 510 4515 τοῦ
538 4462 998 4533 σπουδαζομένου.
1013 4462 1112 4516 Διά
1131 4479 1212 4516 τοι
1235 4462 1393 4516 τοῦτο
1426 4463 1517 4516 καὶ
1545 4465 1573 4515 6
1595 4463 1801 4528 δίκαιος
1817 4460 1990 4530 οὗτος,

414 4543 512 4597 xal
540 4542 647 4597 ὐπὸ
673 4542 764 4597 τοῦ
795 4545 979 4615 γήρως
1008 4546 1101 4598 καὶ
1133 4545 1238 4597 ὐπὸ
1273 4545 1476 4612 ἐτέρων
1506 4545 1765 4601 πλειόνων
1791 4547 1995 4601 κωλύε-

412 4627 539 4682 σθαι
563 4627 881 4697 δυνάμενος,
904 4626 1083 4681 πάντα
1110 4627 1408 4697 διαρρήξας
1430 4629 1500 4681 :6
1521 4630 1715 4700 δεσμά,
1740 4631 1993 4703 καθάπερ

408 4710 532 4774 νέος
563 4710 659 4763 καὶ
688 4708 957 4782 σφριγῶν,
990 4709 1086 4762 καὶ
1116 4709 1222 4761 ὐπὸ
1255 4709 1481 4780 μηδενὸς
1515 4711 1877 4782 κωλυόμενος,
1909 4714 1995 4768 06-

410 4811 519 4858 τως
541 4793 768 4847 ἐσπευδε
797 4795 892 4848 καὶ
918 4793 1176 4864 ἠπείγετο
1214 4793 1294 4854 εἰς
1330 4790 1488 4861 ἔργον
1517 4794 1742 4861 ἀγαγεῖν
1774 4797 1868 4850 τοῦ
1903 4800 1996 4851 Δε-

411 4875 612 4930 σπότου
628 4876 691 4929 16
711 4877 1012 4947 ἐπίταγμα.
1034 4874 1165 4928 Οὐδὲ
1188 4873 1297 4944 γάρ
1313 4867 1423 4926 οἷόν
1442 4871 1501 4925 τέ
1527 4892 1653 4927 ποτε
1669 4872 1993 4949 βουληθέντα

411 4954 534 5016 τινά
559 4961 806 5030 γενναῖόν
832 4980 884 5015 τι
927 4962 1021 5015 καὶ
1070 4961 1314 5031 ἀνδρεῖον
1366 4960 1757 5027 ἐπιδείξασθαι,
1790 4965 1993 5035 ἑτέρως

408 5045 570 5100 τοῦτο
602 5049 682 5111 εἰς
731 5047 893 5121 ἔργον
925 5048 1185 5115 ἀγαγεῖν,
1228 5046 1303 5118 μὴ
1346 5047 1609 5120 πρότερον
1643 5048 1808 5102 αὐτὸν
1856 5053 1991 5122 πρὸς

409 5134 628 5188 ἅπαντα
651 5133 720 5187 τά
764 5133 1026 5204 μέλλοντα
1058 5133 1207 5204 αὐτῷ
1238 5134 1374 5205 πρὸς
1405 5135 1502 5205 τὴν
1531 5139 1786 5206 τοιαύτην
1813 5139 1990 5209 ἐγχεί-

410 5237 569 5291 ρησιν
598 5220 853 5288 ἐμποδὼν
885 5221 1136 5274 ἵστασθαι
1186 5221 1666 5293 παραταξάμενον.
1713 5225 1885 5279 Τοῦτο
1925 5227 1988 5299 δὴ

409 5306 598 5374 σαφῶς
617 5306 712 5360 καὶ
738 5309 766 5359 6
788 5307 993 5370 δίκαιος
1014 5302 1167 5371 οὗτος
1193 5307 1574 5374 ἐπιστάμενος,
1599 5311 1773 5364 πάντα
1806 5331 1986 5385 παρα-

403 5390 650 5463 δραμὼν,
686 5393 776 5445 καὶ
805 5394 941 5465 μήτε
967 5394 1278 5465 συνήθειαν,
1314 5396 1450 5466 μήτε
1485 5396 1824 5465 συγγένειαν,
1847 5402 1986 5470 μήτε

403 5479 584 5533 οἰκίαν
620 5472 915 5551 πατρικὴν,
956 5483 1093 5552 μήτε
1144 5483 1347 5552 τάφον,
1384 5484 1523 5555 μήτε
1551 5485 1611 5538 :6
1651 5489 1826 5556 γῆρας
1854 5489 1986 5543 αὐτὸ

403 5565 777 5637 λογισάμενος,
802 5568 882 5631 εἰς
905 5569 1081 5621 ἐκεῖνο
1129 5569 1290 5639 μόνον
1319 5568 1520 5623 ἔτεινεν
1549 5572 1716 5624 αὐτοῦ
1751 5573 1848 5643 τὴν
1880 5575 2012 5629 διάο⁸

401 5671 572 5719 νοιαν,
604 5656 753 5720 ὅπως
783 5655 988 5727 δυνηθῇ
1025 5657 1315 5726 πληρῶσαι
1356 5657 1417 5710 16
1462 5661 1802 5730 προσταχθὲν
1836 5664 1984 5734 παρά

402 5740 498 5793 τοῦ
523 5743 814 5797 Δεσπότου.
837 5744 946 5797 Kal
979 5739 1047 5815 ἦν
1076 5744 1204 5797 ίδεῖν
1228 5745 1461 5815 πρᾶγμα
1489 5744 1683 5799 πολλοῦ
1707 5747 1982 5819 θαύματος

404 5825 594 5895 γέμον,
626 5827 915 5899 ἄνθρωπον
944 5830 1001 5884 ἐν
1034 5830 1181 5902 γήρᾳ
1208 5828 1491 5901 βαθυτάτῳ
1528 5831 1668 5900 μετά
1703 5838 1977 5903 γυναικὸς,

1104 205 1163 259 S.
1192 202 1480 260 JOANNIS
1514 196 2002 257 CIIRYSOSTOMI
2039 193 2360 253 ARCHIEP.
2400 196 2949 257 CONSTANTINOP.

3583 195 3689 251 290

2109 314 2203 366 καὶ
2223 313 2395 383 αὐτῆς
2417 312 2821 385 προϐεϐηκυίας
2852 313 3060 379 λοιπὸν,
3084 314 3187 367 καὶ·
3204 309 3441 383 πλήθους
3464 311 3691 366 οἰκετῶν

2113 395 2594 466 μετανιστάμενον,
2636 396 2731 449 καὶ
2768 396 2890 450 οὐδέ
2932 397 3065 450 ὅπου
3109 394 3262 466 λήξει
3293 394 3443 465 αὐτῷ
3479 394 3549 447 τά
3590 395 3693 462 τῆς

2110 479 2317 548 πλάνης
2355 478 2555 531 εἰδότα.
2598 478 2665 530 Εἰ
2689 477 2747 531 δέ
2774 495 2858 541 τις
2887 480 3108 532 κάκεῖνο
3134 476 3370 540 συνετῶς
3394 477 3693 543 λογίσαιτο,

2111 561 2253 632 πόση
2298 563 2419 615 κατ’
2447 563 2655 615 ἐκεῖνον
2692 561 2786 615 16v
2829 561 3022 633 καιρὸν
3053 561 3188 615 όδῶν
3221 563 3255 629 ή
3296 559 3554 615 δυσκολία
3586 554 3690 629 ἦν’

2114 644 2237 696 οὐδὲ
2266 642 2419 715 [51⁸5]
2444 644 2554 714 γὰρ
2582 642 2835 714 καθάπερ
2865 644 2962 698 νῦν
2997 644 3137 715 μετά
3174 643 3362 708 ἀδείας
3404 643 3535 712 ἐξῆν
3579 643 3694 696 ἐπι-

2112 725 2399 796 μίγνυσθαί
2429 743 2576 788 τισι,
2609 727 2706 780 καὶ
2748 726 2921 790 οὓτως
2953 727 3190 790 εὐκόλως
3232 728 3332 790 τὰς
3381 725 3694 796 ἀποδημίας

2109 809 2399 876 ποιεῖσθαι,
2426 809 2529 878 τῆς
2553 810 2727 881 ἀρχῆς
2754 810 2894 864 κατὰ
2921 810 3120 873 τόπους
3143 807 3310 877 οὔσης
3328 808 3691 880 διῃρημένης,

2109 893 2204 947 καὶ
2223 892 2684 962 ἀναγκαζομένων
2702 892 2810 945 τῶν
2824 892 3165 946 διοδευόντων
3191 891 3298 947 ἀπὸ
3317 892 3591 962 ἀρχόντων
3611 891 3695 952 εἰς

2110 975 2380 1047 ἄρχοντας
2419 975 2767 1047 μεταπηδᾷν,
2801 977 2896 1030 καὶ
2929 975 3050 1029 καθ’
3097 976 3336 1045 ἐκάστην
3367 974 3552 1045 σχεδὸν
3583 972 3695 1028 ἀπὸ

2112 1058 2388 1130 βασιλείας
2408 1061 2488 1119 εἰς
2509 1059 2789 1130 βασιλείαν
2815 1060 3159 1130 μεταϐαίνειν
3181 1077 3195 1090 ο
3217 1061 3310 1113 καὶ
3333 1058 3493 1112 τοῦτο
3513 1059 3693 1111 τοίνυν

2115 1142 2296 1196 ἰκανὸν
2320 1139 2390 1213 ῆν
2419 1141 2648 1212 κώλυμα
2674 1142 2751 1213 τῷ
2778 1142 2992 1212 δικαίῳ.
3018 1143 3131 1210 είγε
3166 1142 3240 1213 μὴ
3266 1141 3435 1195 πολὺν
3467 1135 3579 1211 εἶχε
3599 1141 3693 1193 τὸν

2111 1225 2276 1278 πόθον
2315 1224 2410 1277 καὶ
2450 1223 2547 1295 τὴν
2592 1226 2656 1278 ἐκ
2701 1223 2796 1278 τοῦ
2845 1224 3217 1294 ἐπιτάγματος
3248 1225 3512 1294 ὑπακοήν.
3551 1222 3691 1277 Ἀλλ’

2110 1299 2284 1369 οὗτος,
2318 1306 2570 1378 καθάπερ
2592 1306 2855 1377 ἀράχνην,
2879 1307 3052 1361 ταῦτα
3087 1307 3263 1361 πάντα
3290 1306 3595 1370 διασπάσας
3619 1306 3690 1360 16

2110 1389 2429 1459 κωλύματα,
2450 1390 2543 1443 καὶ
2569 1392 2635 1461 τῇ
2667 1388 2847 1442 πίστει
2865 1390 3159 1461 νευρωθεὶς
3179 1390 3270 1443 τὸν
3294 1389 3573 1459 λογισμὸν,
3598 1391 3692 1443 καί⁸

2109 1471 2188 1542 τῷ
2215 1471 2484 1542 ἀξιώματι
2522 1471 2615 1525 τοῦ
2646 1471 3122 1542 ἐπαγγειλαμένου
3157 1471 3457 1536 πεποιθὼς,
3488 1473 3693 1540 ἥπτετο

2110 1555 2210 1623 τῆς
2232 1554 2554 1625 ὁδοιπορίας.
2602 1554 2709 1608 Kal
2736 1555 2949 1616 ἔλαϐε,
2989 1555 3188 1625 φησὶν,
3236 1556 3451 1622 Ἀὄραμ
3493 1555 3693 1623 Σὰραν

2108 1637 2226 1706 τὴν
2250 1637 2506 1707 γυναῖκα
2532 1637 2739 1703 αὐτοῦ,
2772 1636 2873 1691 καὶ
2900 1638 3033 1692 Λὼτ
3060 1638 3170 1691 τὸν
3208 1639 3347 1693 υἱὸν
3376 1638 3483 1692 τοῦ
3514 1638 3693 1693 ἁδελ-

2109 1720 2229 1789 φοῦ
2262 1719 2470 1783 αὐτοῦ,
2501 1720 2598 1773 καὶ
2627 1718 2826 1773 πάντα
2856 1721 2928 1775 τὰ
2956 1719 3309 1790 ὑπάρχοντα
3340 1722 3555 1784 αὐτῶν,
3574 1721 3692 1775 ὅσα

2108 1802 2447 1871 ἐκτήσαντο
2466 1804 2537 1857 ἐν
2557 1802 2815 1872 Χαρῤὰν,
2844 1803 2943 1858 καί
2969 1803 3191 1873 ἐξῆλθε
3212 1804 3577 1876 πορευθῆναι
3601 1807 3689 1871 εις

2113 1885 2229 1958 γῆν
2257 1885 2523 1943 Χαναὰν.

2182 1976 2259 2035 ς’.
2283 1970 2424 2039 Ὅρα
2440 1969 2541 2039 τῆς
2559 1969 2779 2041 Γραφῆς
2795 1969 2893 2041 τὴν
2909 1969 3215 2041 ἀκρίϐειαν,
3239 1970 3356 2034 πῶς
3376 1972 3506 2042 ἡμῖν
3522 1970 3691 2025 ἀπαν-

2109 2069 2176 2106 τα
2202 2052 2491 2121 διηγεῖται,
2523 2051 2609 2104 ἵνα
2645 2050 2732 2105 διὰ
2760 2051 2974 2105 πάντων
3000 2052 3256 2123 μάθωμεν
3283 2052 3377 2106 τοῦ
3396 2052 3604 2106 δικαίου
3630 2053 3691 2106 16

2110 2135 2371 2204 φιλόθεον.
2412 2135 2523 2191 Kal
2569 2135 2767 2199 ἔλαϐε,
2814 2136 2999 2206 φησὶν,
3042 2135 3243 2203 Σάραν
3274 2135 3391 2204 τὴν
3438 2138 3692 2206 γυναῖκα

2108 2217 2315 2280 αὐτοῦ,
2345 2217 2442 2271 καί
2467 2217 2596 2271 Λὼτ
2625 2217 2733 2271 τὸν
2760 2219 2896 2272 υἱὸν
2922 2219 3032 2272 τοῦ
3059 2218 3327 2288 ἀδελφοῦ
3355 2219 3562 2281 αὐτοῦ,
3591 2220 3691 2271 καί

2109 2299 2306 2353 πάντα
2331 2299 2449 2353 ὅσα
2472 2299 2808 2365 ἐκτήσαντο
2829 2299 2899 2354 ἐν
2918 2301 3178 2369 Χαῤῥάν.
3198 2302 3310 2372 Οὐχ
3334 2301 3517 2365 ἀπλώς
3546 2296 3688 2363 εἶπε,

2109 2382 2313 2436 Πάντα
2342 2382 2460 2436 ὅσα
2485 2382 2819 2448 ἐκτήσαντο
2858 2382 2930 2436 ὲν
2957 2385 3218 2451 Χαρῤὰν,
3248 2383 3362 2437 ἀλλ’
3394 2384 3481 2436 ῖνα
3509 2385 3692 2455 μάθω-

2113 2480 2233 2533 μεν,
2259 2464 2340 2517 ὂτι
2367 2464 2520 2517 οὐδὲν
2562 2464 2669 2518 τῶν
2721 2464 2831 2519 ἀπὸ
2859 2465 2969 2519 τῶν
3009 2465 3287 2519 Χαλδαίων
3329 2467 3636 2537 ἐπηγάγετο
3663 2469 3693 2521 ό

2109 2547 2478 2618 πατριάρχης,
2510 2547 2647 2601 ἀλλά
2669 2549 2888 2603 πάντων
2910 2549 3132 2603 ἐκείνων
3155 2549 3263 2603 τῶν
3297 2553 3563 2624 πατρῴων
3589 2570 3693 2607 πα-

2112 2631 2440 2702 ραχωρήσας
2466 2629 2547 2701 τῷ
2575 2630 2811 2702 ἀδελφῷ,
2835 2629 3008 2694 οὕτως
3035 2632 3180 2704 ἐξῄει
3203 2634 3384 2688 ἐκεῖνα
3413 2635 3548 2705 μόνα
3572 2637 3694 2691 ἐπι·

2110 2713 2439 2782 φερόμενος,
2467 2712 2567 2766 ὅσα
2597 2713 2678 2777 εἰς
2704 2712 2803 2784 τὴν
2835 2713 3059 2785 Χαρῤἀν
3090 2716 3327 2787 ἠδυνήθη
3366 2717 3689 2787 κτήσασθαι.

2110 2796 2219 2849 Kal
2243 2795 2399 2849 106:0
2418 2794 2476 2850 δέ
2507 2795 2679 2849 ἐποίει
2696 2797 2724 2849 6
2749 2795 3049 2866 θαυμάσιος
3077 2789 3253 2863 οὗτος,
3278 2799 3400 2868 οὐχί
3421 2800 3546 2870 περὶ
3571 2800 3693 2854 πολ-

2109 2876 2200 2931 λοῦ
2231 2876 2549 2947 ποιούμενος
2577 2877 2767 2941 ταῦτα,
2803 2878 2923 2931 οὐδὲ
2944 2878 3020 2941 ὡς
3055 2879 3279 2951 φιλοχρί
3291 2898 3458 2950 ματος
3487 2882 3689 2951 τυγχά-

2112 2977 2240 3025 νων,
2267 2959 2380 3013 άλλ’
2407 2959 2495 3014 ἵνα
2522 2960 2688 3013 πᾶσιν
2714 2959 2813 3033 ἔχῃ
2840 2960 3114 3015 δεικνύναι
3138 2961 3228 3015 διὰ
3254 2963 3353 3032 τῆς
3378 2964 3690 3034 περιουσίας

2109 3042 2275 3096 αὐτοῦ
2304 3041 2397 3095 τοῦ
2426 3041 2561 3095 Θεοῦ
2593 3041 2691 3113 τὴν
2725 3042 2853 3113 περὶ
2883 3043 3049 3097 αὐτὸν
3082 3044 3358 3116 πρόνοιαν.
3402 3047 3461 3099 Ὀ
3481 3045 3589 3117 γάρ
3627 3048 3693 3101 ἐκ

2108 3125 2207 3195 τῆς
2235 3124 2517 3179 Χαλδαίων
2549 3125 2656 3194 γῆς
2698 3125 2859 3179 αὐτὸν
2892 3127 3208 3199 ἀναστήσας
3227 3169 3239 3184 .
3277 3129 3372 3182 καὶ
3416 3129 3575 3183 πάλιν
3602 3132 3691 3182 ἐν-

2108 3207 2297 3261 τεῦθεν
2325 3207 2734 3278 μετοικισθῆναι
2769 3208 3100 3279 προστάξας,
3130 3210 3295 3274 αὐτὸς
3322 3206 3391 3281 ἦν
3415 3213 3443 3265 6
3470 3212 3563 3264 καὶ
3590 3213 3694 3283 τὴν

2110 3290 2430 3362 περιουσίαν
2466 3289 2617 3360 αὐτῷ
2667 3289 2846 3355 αὔξων
2899 3291 2984 3359 ἐφ’
3037 3293 3273 3363 ἑκάστης
3296 3333 3310 3354 ,
3342 3294 3434 3347 καί
3471 3295 3693 3349 ἀπασαν

2107 3373 2395 3427 δυσκολίαν
2420 3374 2661 3440 ἀναιρῶν
2683 3388 2699 3402 ⁸
2729 3373 2870 3429 ὥστε
2900 3375 2997 3429 καὶ
3024 3375 3181 3429 τοῦτο
3204 3377 3336 3430 αὐτὸ
3369 3378 3565 3448 δεῖγμα
3593 3381 3694 3451 τῆς

2108 3454 2353 3526 φιλοθέου
2385 3455 2552 3510 αὐτοῦ
2585 3454 2811 3526 γνώμης
2853 3457 3137 3527 ἐτύγχανε,
3166 3460 3402 3513 τοσαῦτα
3436 3462 3691 3533 ἐπιφερό-

2111 3554 2290 3609 μενον,
2317 3536 2457 3591 οῦτω
2485 3537 2572 3591 διά
2596 3539 2776 3609 πάσης
2822 3540 2956 3594 ἰέναι
2981 3541 3077 3610 τῆς
3106 3540 3246 3595 6606.
3278 3543 3544 3607 Ἕκαστος
3580 3545 3692 3615 γάρ

2106 3618 2216 3672 τῶν
2240 3619 2490 3691 ὁρώντων
2522 3620 2746 3685 εἰκότως
2777 3620 2875 3689 τὴν
2913 3622 3092 3676 αἰτίαν
3122 3624 3411 3694 μανθάνειν
3441 3625 3693 3680 ἐϐούλετο

2106 3702 2206 3773 τῆς
2232 3701 2328 3755 τοῦ
2369 3701 2579 3756 δικαίου
2609 3703 2937 3774 ἀποδημίας.
2974 3699 3108 3758 Εἶτα
3152 3706 3571 3777 πυνθανόμενος,
3604 3710 3690 3762 6::

2105 3784 2201 3839 106
2230 3784 2365 3840 Θεοῦ
2410 3784 2761 3849 κελεύσαντος
2792 3787 2884 3839 ἐπὶ
2924 3787 3023 3858 τὴν
3066 3787 3352 3860 ἀλλοτρίαν
3379 3791 3688 3860 μεθίστατο,

2106 3865 2175 3918 τὰ
2197 3869 2372 3922 οἰκεῖα
2396 3866 2731 3932 καταλιπὼν,
2748 3866 2814 3921 δι’
2831 3868 3011 3923 αὐτῶν
3034 3870 3142 3924 τῶν
3165 3871 3341 3943 ἔργων
3360 3873 3688 3941 ἐδιδάσκετο,

2107 3949 2320 4018 καὶτῆς
2344 3967 2402 4003 τε
2428 3950 2675 4020 ὑπακοῆς
2695 3949 2788 4003 τοῦ
2808 3950 3020 4005 δικαίου
3041 3953 3102 4005 :6
3127 3954 3374 4022 φιλόθεον
3394 3957 3687 4026 ἐμάνθανε,

2105 4033 2200 4086 καὶ
2222 4034 2322 4103 τῆς
2342 4033 2472 4103 περί
2497 4032 2659 4086 αὐτὸν
2685 4034 2942 4105 προνοίας
2960 4035 3055 4090 τοῦ
3073 4036 3209 4090 Θεοῦ
3234 4039 3335 4108 τὴν
3359 4039 3685 4111 ὑπερϐολήν.

2104 4117 2214 4170 Καὶ
2253 4115 2494 4184 ἐξῆλθε,
2527 4116 2681 4183 φησι,
2726 4116 3095 4187 πορευθῆναι
3140 4122 3228 4186 εὶς
3265 4120 3385 4190 rﬁr
3422 4122 3685 4178 Χαναὰν.

2105 4201 2274 4255 Πόθεν
2297 4201 2435 4271 ᾔδει,
2464 4201 2547 4253 ὅτι
2570 4202 2649 4265 εἰς
2675 4201 2774 4272 τὴν
2798 4203 3117 4259 Χαναναίων
3143 4205 3247 4276 γῆν
3273 4205 3424 4276 λήξει
3447 4206 3597 4277 αὐτῷ
3616 4208 3691 4261 16

2105 4283 2205 4352 τῆς
2234 4282 2564 4353 ἀποδημίας,
2599 4283 2774 4336 καίτοι
2804 4283 2898 4338 τοῦ
2930 4285 3304 4353 ἐπιτάγματος
3334 4286 3506 4350 οὕτως
3534 4287 3687 4357 έχον-

2103 4377 2216 4424 τος,
2267 4360 2349 4413 ὅτι
2395 4359 2578 4428 Δεῦρο
2611 4363 2698 4428 είς
2739 4360 2855 4430 τὴν
2906 4361 3045 4432 γῆν,
3083 4363 3166 4432 ἣν
3212 4363 3292 4418 ἄν
3334 4382 3433 4418 σοι
3479 4365 3687 4432 δείξω;

2109 4441 2271 4505 Ἴσως
2297 4442 2326 4494 6
2367 4440 2500 4505 Θεὸς
2537 4442 2687 4513 αὐτῷ
2734 4444 3016 4498 καὶτοῦτο
3063 4447 3355 4515 ἐμήνυσεν,
3398 4447 3681 4514 ὑποδείξας

2103 4521 2268 4577 αὐτοῦ
2303 4524 2369 4594 τῇ
2399 4523 2610 4596 διανοίᾳ
2629 4524 2728 4596 τὴν
2758 4526 2880 4597 γῆν,
2903 4527 2984 4590 εἰς
3016 4528 3084 4598 ἣν
3121 4527 3372 4581 ἐϐούλετο
3396 4529 3556 4581 αὐτὸν
3582 4547 3684 4583 κα⁹

2101 4604 2386 4673 ταστῆσαι.
2438 4605 2537 4658 Διά
2588 4607 2696 4677 γάρ
2732 4607 2926 4673 τοῦτο,
2959 4610 3122 4680 ἡνίκα
3173 4609 3323 4680 αὐτῷ
3357 4613 3683 4676 ἐπέταττεν,

2101 4687 2421 4759 ἀδιορίστως
2433 4687 2607 4757 ἐλεγε,
2626 4690 2808 4758 Δεῦρο
2819 4693 2905 4757 εὶς
2919 4691 3034 4760 τὴν
3048 4691 3165 4762 γῆν
3181 4693 3261 4760 ἣν
3274 4695 3353 4747 ἄν
3368 4710 3466 4748 σοι
3484 4693 3684 4759 δείξω,

2101 4768 2186 4821 ἵνα
2241 4771 2373 4839 ήμίν
2415 4770 2695 4842 ἐκκαλύψῃ
2744 4772 2839 4825 τοῦ
2868 4774 3079 4827 δικαίου
3129 4776 3229 4847 τὴν
3276 4778 3495 4847 ἀρετήν.
3548 4772 3685 4829 Εἶτα

2098 4852 2287 4922 ἐπειδὴ
2324 4851 2392 4905 τά
2426 4854 2556 4924 παρ’
2587 4854 2779 4909 ἐαυτοῦ
2838 4857 2975 4925 μετά
3019 4857 3221 4930 πολλῆς
3266 4860 3363 4929 τῆς
3404 4860 3684 4929 δαψιλείας

2099 4935 2405 5002 εἰσήνεγκε,
2422 4935 2632 5006 ταχέως
2651 4938 2745 4990 καὶ
2766 4939 2928 5003 αὐτὸς
2953 4938 3048 5011 τήν
3068 4941 3269 5008 γνῶσιν
3290 4942 3437 5013 αὐτῴ
3456 4943 3682 5013 ἐνέθηκε

2096 5016 2350 5098 τῆφγῆς,
2381 5020 2462 5081 εἰς
2493 5018 2559 5089 ῆν
2600 5019 2851 5074 ἐϐούλετο
2892 5024 3054 5077 αὐτὸν
3077 5024 3175 5092 τὴν
3211 5025 3424 5095 οἴκησιν
3453 5028 3679 5098 ποιήσα-

2100 5097 2244 5151 σθαι.
2289 5099 2502 5170 Ἐπειδὴ
2541 5103 2650 5172 γὰρ
2678 5104 2934 5176 προεώρα
2969 5107 3071 5176 τῆς
3101 5108 3305 5179 ἀρετῆς
3347 5107 3442 5161 τοῦ
3471 5097 3682 5162 δικαίου

2096 5180 2159 5233 τὸ
2187 5181 2413 5250 μέγεθος
2436 5224 2450 5247 ,
2483 5183 2572 5237 διά
2615 5184 2773 5240 τοῦτο
2814 5188 2910 5241 καὶ⁵
2947 5188 3158 5242 οἴκοθεν
3195 5190 3358 5243 αὐτὸν
3390 5191 3680 5261 ἀνέστησε,

2098 5263 2190 5316 καί
2216 5263 2338 5317 οὐτε
2372 5264 2463 5318 τὸν
2497 5266 2723 5337 ἀδελφὸν
2752 5269 2937 5324 λαϐεῖν
2966 5272 3228 5338 ἐπέταξεν
3251 5315 3266 5336 ,
3303 5273 3492 5345 ἐπειδὴ
3518 5274 3679 5328 ἐϐού-

2096 5346 2215 5429 λετο
2235 5346 2424 5402 τοῦτον
2449 5349 2762 5404 διδάσκαλον
2790 5353 2884 5407 νῦν
2915 5356 3014 5425 μὲν
3043 5359 3153 5419 τοῖς
3183 5357 3321 5409 κατά
3351 5350 3449 5429 τ’ὴν
3479 5358 3681 5411 Παλαι-

2098 5428 2281 5511 στίνην
2300 5431 2471 5484 ἅπασι
2500 5433 2774 5500 γενέσθαι,
2804 5438 2944 5507 μετά
2970 5436 3123 5511 [314]
3150 5440 3326 5511 βραχὺ
3357 5428 3416 5493 δέ
3448 5441 3538 5494 καὶ
3567 5442 3677 5506 τοῖς

2097 5510 2236 5563 κατά
2266 5512 2365 5583 τὴν
2388 5513 2679 5581 Αἴγυπτον.

2166 5588 2320 5656 Εἶδες
2346 5595 2462 5658 πῶς
2490 5596 2590 5650 οὐκ
2613 5600 2672 5650 ἐν
2714 5601 2779 5670 τῇ
2808 5600 2990 5668 φύσει,
3019 5601 3133 5656 ἀλλ’
3165 5604 3224 5655 ἐν
3254 5607 3321 5675 τῇ
3363 5604 3677 5676 προαιρέσει

2094 5677 2190 5744 τῆς
2222 5676 2445 5748 γνώμης
2477 5680 2577 5748 τῆς
2610 5682 2880 5751 ἡμετέρας
2911 5688 3084 5738 κεῖται
3111 5687 3204 5739 καὶ
3229 5687 3299 5740 τά
3328 5689 3426 5756 τῆς
3453 5687 3675 5757 ἀρετῆς.

2094 5762 2181 5812 καὶ
2210 5759 2277 5813 τὰ
2322 5762 2422 5830 τῆς
2471 5764 2701 5831 κακίας;
2749 5766 2878 5820 Ἰδοὺ
2918 5769 3026 5839 γὰρ
3068 5769 3206 5822 κατά
3247 5770 3348 5839 μὲν
3388 5770 3485 5840 τὴν
3512 5772 3673 5837 φύσιν

2089 5843 2306 5913 ἀδελφοὶ
2343 5844 2632 5916 ἐτύγχανον
2666 5848 2694 5901 ὃ
2727 5864 2786 5901 τε
2844 5850 3206 5921 πατριάρχης,
3246 5853 3338 5905 καὶ
3385 5853 3414 5904 6
3447 5849 3669 5921 Ναχὼρ,
