4020 6136
306 288 404 343 291

304 404 434 455 teut.
461 408 619 465 quam
648 407 767 463 quas
809 390 874 445 ad
918 388 1041 443 vitia
1068 386 1373 459 pertinent?
1401 386 1536 439 Ecce
1564 390 1747 436 natura
1771 379 1893 450 qui-

304 489 427 544 dem
440 491 628 542 tratrcs
643 494 816 549 erant,
841 481 954 551 ipse
976 477 1274 549 patriarcha
1295 485 1348 531 et
1368 475 1599 538 Nachor,
1622 472 1894 527 voluntate

306 589 485 634 autem
517 592 622 631 non
656 575 815 628 item:
848 571 940 626 sed
967 571 1076 629 ille,
1108 570 1230 624 licet
1262 567 1426 622 frater
1456 565 1521 620 ad
1558 574 1757 619 tantam
1788 562 1892 615 vir-

307 680 475 723 tutem
499 665 868 736 pervenisset,
896 662 1075 716 adlmc
1095 674 1279 716 errore
1304 664 1706 728 praeoccupatus
1736 661 1850 706 erat
1876 664 1890 706 :

307 763 393 817 hic
410 767 586 814 autem
611 756 863 813 omnibus
882 754 1116 823 quotidie
1137 768 1232 824 per
1248 765 1409 821 Opera
1432 751 1549 819 ipsa
1564 744 1897 802 monstrabat

309 852 521 906 virtutis
550 864 662 902 sure
689 843 984 903 secundum
1012 845 1178 900 Deum
1207 844 1552 898 incrementa.
1582 839 1634 894 6.
1662 836 1888 901 Etvenit,

308 943 499 1014 inquit,
537 940 590 993 in
615 949 801 993 terram
826 936 1073 990 Chanaan
1098 976 1112 1000 ,
1143 944 1187 988 et
1211 932 1530 1003 pertmrtsivit
1556 929 1744 982 Abram
1789 934 1895 979 ter-

307 1051 419 1088 ram
442 1032 494 1086 in
518 1029 885 1101 longitudinem
906 1027 1015 1096 ejus
1043 1067 1058 1091 ,
1085 1041 1240 1096 usque
1258 1023 1327 1077 ad
1356 1023 1525 1076 locum
1550 1019 1766 1090 Sychem
1783 1058 1800 1081 ,
1828 1015 1897 1068 ad

309 1141 549 1195 quercum
578 1122 842 1177 excelsam.
879 1119 1045 1172 Docet
1073 1133 1173 1172 nos
1206 1116 1480 1186 Scriptura
1506 1113 1679 1167 locum
1719 1108 1895 1179 regio—

310 1218 417 1283 nis,
442 1216 494 1270 in
525 1229 633 1284 quo
661 1226 802 1267 nunc
828 1211 1004 1280 justus
1024 1207 1348 1263 domicilium
1377 1203 1625 1260 collocat.
1659 1198 1860 1255 Deinde
1878 1239 1893 1263 ,

309 1319 368 1363 ut
397 1308 627 1363 sciamus
669 1304 941 1376 quomodo
979 1318 1039 1359 se
1086 1302 1195 1356 illic
1236 1315 1323 1355 res
1369 1296 1657 1361 habebant,
1686 1291 1893 1362 inquit:

310 1404 588 1459 Chananwi
631 1413 801 1456 autent
835 1411 953 1453 tunc
991 1396 1339 1451 inhabitabant
1361 1407 1565 1447 terram.
1591 1389 1770 1458 Neque
1794 1386 1898 1441 hoc

308 1497 620 1566 simpliciter
644 1505 699 1551 et
739 1492 944 1561 absque
979 1504 1137 1544 causa
1167 1489 1352 1543 beatus
1381 1484 1553 1539 Moses
1578 1479 1893 1551 assignavit,

311 1588 406 1642 sed
436 1598 493 1641 ut
521 1587 791 1641 discamus
811 1583 972 1638 etiam
997 1581 1141 1635 illinc
1163 1588 1397 1634 mentem
1424 1571 1741 1646 patriarcha:
1781 1569 1899 1639 piti-

313 1677 637 1746 losophicam
665 1692 677 1728 :
701 1676 826 1744 quia
856 1688 976 1727 cum
1024 1672 1137 1726 loca
1179 1670 1267 1723 illa
1307 1675 1675 1738 praeoccupata
1716 1669 1901 1717 essent

284 1748 341 1821 in
366 1764 704 1831 Chananaais,
723 1763 1012 1833 cogebatur
1036 1761 1187 1831 quasi
1208 1774 1372 1829 vagus
1392 1767 1444 1811 et
1472 1754 1785 1826 peregrinus
1802 1793 1817 1815 ,
1846 1758 1900 1805 et

309 1859 459 1928 quasi
487 1858 726 1927 abjectus
748 1866 802 1910 et
829 1856 949 1910 vilis
975 1855 1136 1909 homo
1166 1852 1423 1908 diversari
1446 1893 1459 1915 ,
1483 1848 1600 1904 sine
1629 1846 1745 1901 ullo
1766 1845 1901 1899 forte

312 1948 559 2018 hOSpitio.
587 1949 833 2002 Attamen
877 1960 1047 2015 neque
1071 1943 1197 1999 illud
1222 1939 1489 1997 trolestef
1515 1939 1667 1993 rebat
1689 1977 1705 2000 ,
1729 1948 1901 2004 neque

308 2042 441 2096 dice?
463 2051 517 2096 at
546 2059 560 2095 :
584 2040 716 2107 Quid
747 2040 845 2091 hoc
872 2038 993 2093 est?
1013 2052 1181 2108 egone
1210 2036 1299 2107 qui
1345 2044 1493 2089 tanto
1522 2046 1644 2087 cmn
1670 2030 1898 2094 honore,

308 2141 365 2188 et
389 2141 531 2187 tanta
553 2145 673 2187 cum
706 2130 902 2185 familia
936 2129 1156 2199 agebam
1185 2128 1236 2181 in
1263 2126 1500 2180 Charran
1526 2165 1540 2187 ,
1575 2136 1715 2177 nunc
1738 2133 1901 2189 cogor

314 2223 447 2279 sicut
471 2224 683 2278 civitate
702 2237 891 2276 carens
915 2263 930 2287 ,
961 2232 1015 2276 et
1037 2220 1369 2290 peregrinus,
1406 2226 1460 2271 et
1481 2215 1684 2271 advena
1714 2213 1900 2268 obam-

317 2313 521 2377 bnlarc,
551 2311 709 2383 idque
759 2312 945 2382 gratia:
974 2312 1093 2365 loco
1128 2311 1349 2375 ducere,
1380 2316 1433 2363 et
1469 2307 1700 2376 quietem
1734 2305 1786 2357 in
1814 2303 1901 2357 vili

313 2417 557 2471 querere
604 2401 934 2467 diversorio;
962 2411 1015 2456 et
1040 2415 1212 2469 neque
1245 2400 1347 2454 hoc
1382 2398 1619 2453 invenire
1661 2410 1900 2465 possum,

310 2493 404 2547 sed
431 2493 484 2546 in
506 2491 861 2547 tabernaculis
882 2501 936 2545 et
964 2490 1243 2561 tuguriolis
1271 2489 1472 2543 versari
1499 2529 1511 2550 ,
1540 2487 1779 2555 aliasque
1805 2485 1903 2537 mi-

311 2583 480 2637 serias
522 2583 663 2637 ferre
700 2585 840 2652 cogit
881 2595 966 2636 me
995 2581 1312 2639 necessitas.
1348 2579 1582 2633 Hoceinc
1606 2586 1725 2642 est,
1757 2573 1902 2643 quod

311 2674 522 2728 dicebat
548 2689 564 2728 :
602 2672 743 2737 Veni,
764 2683 809 2726 et
826 2672 1014 2742 faciam
1031 2682 1079 2725 te
1103 2672 1154 2725 in
1171 2680 1367 2741 gentem
1387 2668 1657 2739 magnam?
1679 2666 1904 2722 Pulchra

314 2764 520 2821 scilicet
543 2764 833 2835 prtelndia;
862 2764 989 2835 quid
1015 2778 1180 2819 suave
1205 2762 1426 2834 posthac
1452 2759 1907 2829 exspectandum?

312 2858 380 2911 At
406 2855 536 2910 nihil
559 2854 663 2910 tale
682 2854 894 2911 dicebat
912 2857 1089 2924 justus
1117 2895 1132 2918 ,
1162 2869 1334 2924 neque
1356 2853 1674 2916 ﬂuctuabat;
1702 2852 1795 2907 sed
1819 2851 1902 2905 in-

313 2957 457 3018 tegra
489 2954 675 3003 mente
702 2954 759 3001 et
782 2946 1015 3016 perfecta
1046 2944 1173 3011 ﬁde,
1198 2944 1337 3002 bene
1363 2943 1532 2998 ﬁdens
1552 2943 1647 2997 Dei
1676 2940 1906 3012 promis-

315 3038 409 3104 sis,
444 3037 669 3092 immoto
716 3036 948 3107 perstitit
985 3037 1199 3099 animo;
1242 3034 1386 3090 unde
1414 3035 1593 3090 statim
1620 3043 1675 3089 et
1713 3046 1904 3103 super-

317 3143 443 3183 nam
463 3129 885 3185 eonsolationem
918 3129 1161 3199 accipere
1188 3128 1403 3183 meruit.

383 3219 441 3275 7.
463 3219 676 3275 Muralis
699 3219 1275 3274 exhortatio.-—Verum
1300 3233 1366 3272 ne
1396 3233 1699 3273 sermonem
1720 3217 1907 3288 produ-

313 3325 498 3365 camus
524 3311 738 3380 longius
763 3350 779 3375 ,
809 3309 897 3365 hic
922 3311 971 3365 ei
1002 3311 1158 3366 linem
1188 3311 1557 3380 imponamus;
1585 3309 1714 3364 illud
1744 3325 1907 3364 unum

314 3409 531 3456 orantes
558 3400 834 3457 caritatem
880 3411 1155 3467 vestram,
1210 3410 1270 3456 ut
1316 3412 1550 3456 mentem
1591 3400 1719 3470 justi
1764 3402 1907 3456 illius

315 3494 616 3549 imitemini.
671 3494 881 3549 Etenim
927 3494 1366 3550 absurdissimum
1392 3503 1573 3561 esset,
1603 3494 1651 3548 si
1673 3510 1793 3549 cum
1820 3494 1905 3562 ju-

315 3595 433 3641 stus
455 3586 562 3652 ille,
592 3586 659 3641 de
681 3596 824 3641 terra
873 3588 927 3642 in
965 3596 1161 3642 terram
1192 3599 1431 3654 vocatus,
1474 3596 1671 3642 tantam
1712 3602 1821 3657 prae
1849 3602 1908 3643 se

315 3677 501 3733 tulerit
537 3677 920 3747 obedientiam,
952 3687 1008 3734 et
1052 3692 1228 3750 neque
1273 3688 1551 3745 senectus,
1590 3693 1763 3747 neque
1805 3679 1910 3734 alia

316 3784 436 3837 qum
464 3770 898 3826 enumeravimus
937 3771 1351 3841 pra‘pedimcnta
1372 3811 1387 3831 .
1412 3786 1583 3840 neque
1608 3778 1906 3839 temporum

316 3861 622 3926 difficultas,
648 3878 820 3932 neque
851 3863 955 3917 ulla
987 3863 1112 3930 alia,
1134 3880 1253 3933 quae
1276 3865 1531 3918 remorari
1562 3864 1735 3934 ipsum
1755 3877 1910 3932 posse

318 3952 657 4020 videbantur,
709 3954 775 4007 ad
824 3954 1183 4009 obediendum
1229 3954 1519 4009 tardiorem
1565 3970 1685 4007 eum
1734 3954 1911 4010 facere

318 4044 625 4113 potuerint;
654 4044 746 4099 sed
772 4044 1021 4099 omnibus
1047 4045 1276 4099 vinculis
1305 4045 1498 4111 ruptis,
1528 4045 1825 4098 cucurrerit
1854 4053 1912 4099 et

318 4132 868 4199 festinaveritsenex,
896 4133 1045 4202 quasi
1090 4132 1303 4201 juvenis
1348 4133 1633 4200 resumptis
1687 4133 1908 4199 viribus,

317 4237 439 4275 cum
462 4237 647 4285 uxore,
665 4229 720 4274 et
767 4220 943 4276 fratris
992 4221 1123 4288 ﬂlio,
1151 4230 1206 4277 et
1249 4221 1458 4277 famulis
1482 4262 1496 4275 .
1528 4232 1585 4276 ut
1633 4223 1913 4293 perliciens

318 4325 482 4380 opere
517 4310 657 4379 quod
687 4310 787 4364 sibi
816 4327 845 4363 a
886 4312 997 4366 Deo
1017 4311 1392 4367 demandatum
1419 4321 1535 4368 erat
1570 4331 1586 4366 :
1614 4328 1713 4367 nos
1733 4323 1910 4368 autem

318 4403 408 4472 qui
437 4417 544 4457 non
573 4401 643 4458 de
671 4412 812 4458 terra
838 4404 891 4458 in
937 4414 1136 4459 terram
1163 4420 1418 4461 vocamur
1437 4449 1451 4471 ,
1485 4406 1578 4461 sed
1605 4406 1671 4461 de
1700 4416 1837 4461 terra
1860 4408 1911 4461 in

320 4496 533 4561 caelum,
566 4511 671 4551 non
721 4498 962 4554 eamdem
1017 4514 1174 4569 quam
1220 4500 1311 4554 ille
1354 4500 1532 4568 justus
1583 4500 1912 4555 alacritatem

321 4585 623 4641 obediendo
666 4587 1052 4655 exhibeamus,
1098 4588 1192 4644 sed
1239 4589 1455 4659 frigidas
1501 4590 1815 4659 plerumque
1859 4599 1915 4646 et

321 4676 538 4732 inutiles
556 4686 908 4747 praetexamus
944 4693 1168 4749 causas;
1200 4688 1251 4733 et
1280 4694 1451 4749 neque
1490 4695 1589 4734 nos
1620 4680 1915 4748 promisso-

322 4781 440 4821 rum
469 4766 799 4837 magnitudo,
831 4783 1005 4837 neque
1053 4748 1337 4822 visibilium
1372 4748 1560 4823 rerum
1588 4770 1792 4835 vilitas,
1821 4786 1914 4824 ne-

321 4874 428 4928 que
469 4858 615 4927 quod
659 4869 887 4914 terrente
918 4859 1020 4913 illa;
1058 4858 1167 4913 sint
1203 4865 1258 4912 ct
1297 4867 1705 4923 momentaneze,
1740 4876 1917 4929 neque

323 4949 565 5003 vocantis
591 4948 822 5019 dignitas
842 4949 981 5003 adeo
1022 4947 1252 5002 attrahat
1281 4965 1294 4999 :
1323 4946 1415 5001 sed
1442 4946 1577 5001 adeo
1622 4948 1788 5003 simus
1824 4965 1917 5004 nec

324 5039 609 5109 gligentes,
643 5049 700 5094 ut
747 5039 1096 5109 praeferamus
1145 5046 1518 5093 momentanea
1560 5053 1774 5107 semper
1805 5055 1914 5093 ma-

322 5130 597 5196 nentibus,
652 5138 848 5184 terram
899 5130 1052 5194 caelo,
1099 5144 1159 5184 ea
1201 5144 1322 5200 quas
1376 5129 1592 5183 avolant
1632 5139 1915 5200 antequam

326 5219 654 5287 habeantur,
684 5221 748 5275 iis
778 5237 897 5291 quze
922 5236 1207 5291 numquam
1237 5222 1396 5277 linem
1415 5223 1653 5292 accipere
1676 5234 1913 5292 possunt.

323 5312 613 5380 Quousque
638 5312 778 5366 enim
807 5353 822 5375 ,
848 5313 935 5367 dic
957 5354 971 5378 ,
1001 5327 1203 5383 quaeso,
1234 5314 1304 5368 ita
1334 5313 1658 5369 insaniemus
1684 5314 1734 5369 in
1760 5317 1915 5371 colli-

325 5402 519 5471 gelidis
561 5405 845 5472 pecuniis?
887 5421 1007 5474 quae
1055 5406 1228 5461 rabies
1266 5406 1410 5476 cogit
1448 5407 1685 5476 quotidie
1726 5422 1755 5459 a
1811 5418 1921 5462 tam

330 5492 554 5548 molesta
585 5496 1014 5565 concupiscentia
1045 5496 1304 5561 infestari,
1330 5505 1385 5551 et
1404 5511 1691 5564 numquam
1712 5497 1915 5561 satiari,

331 5581 422 5635 scd
444 5582 681 5640 deterius
707 5584 904 5640 habere
928 5602 1086 5654 quam
1111 5588 1199 5656 qui
1231 5597 1348 5641 sunt
1398 5588 1574 5642 ebrii?
1611 5586 1745 5641 Nam
1783 5587 1918 5642 sicut

334 5662 413 5719 illi
439 5679 645 5737 quanto
677 5677 844 5747 magis
872 5692 1022 5732 mero
1063 5692 1120 5733 sc
1172 5676 1504 5747 distendunt,
1558 5687 1707 5732 tanto
1748 5678 1916 5749 magis

1020 280 1074 331 S.
1114 276 1388 333 JOANNIS
1426 265 1909 327 CllRYStBTOMI
1947 264 2261 322 ARCHIEI’.
2303 267 2835 324 CONSTANTINOP.

3478 268 3583 324 292

2001 375 2224 450 ﬂagrant
2260 380 2369 448 sui,
2391 390 2442 435 et
2468 381 2736 435 caminum
2774 380 3106 438 succendunt
3147 382 3486 451 graviorem:
3518 384 3592 439 ita

2004 468 2254 524 nimirum
2295 481 2351 524 et
2383 470 2467 525 isti
2510 470 2600 540 qtti
2630 486 2748 525 sese
2790 471 3052 541 tyrannidi
3082 471 3318 526 avaritia:
3343 471 3590 541 subjcce-

2001 572 2167 628 runt,
2229 562 2432 617 nullum
2488 562 2901 631 concupiscendi
2960 562 3118 615 linem
3171 562 3368 617 faciunt
3426 582 3441 617 :
3497 564 3593 619 sed

1999 663 2200 722 quanto
2236 654 2386 723 plura
2412 653 2661 717 afﬂuunt,
2682 663 2830 709 tanto
2861 655 3029 725 magis
3058 653 3269 709 ﬂamma
3296 655 3509 718 crescit,
3539 666 3596 710 et

2000 746 2243 799 caminus
2266 744 2420 799 ardet
2448 744 2695 800 validius.
2736 745 2851 800 Non
2878 745 3119 800 videmus
3133 746 3275 815 quod
3307 746 3339 801 ii
3362 746 3595 816 quiante

2002 848 2102 892 nos
2128 834 2297 901 fuere,
2321 835 2563 905 quamvis
2594 835 2977 905 propemodum
3028 837 3190 891 totius
3218 836 3366 890 orbis
3391 836 3594 890 domini

2002 934 2207 993 essent,
2234 926 2361 981 mtdi
2387 933 2444 982 et
2470 926 2692 982 solitarii
2721 941 2789 982 ex
2818 927 2918 982 hac
2948 927 3053 981 vita
3080 928 3288 997 abrepti
3315 939 3461 994 sunt,
3493 931 3596 987 hoc

2001 1016 2175 1071 solum
2222 1016 2349 1071 inde
2384 1017 2701 1087 consequuti
2736 1017 2879 1088 quod
2928 1019 3162 1074 rationes
3206 1031 3260 1074 et
3297 1034 3470 1089 preme
3502 1038 3596 1091 pro

2003 1110 2253 1164 erunibus
2280 1109 2387 1164 illic
2418 1109 2486 1165 ab
2509 1111 2589 1165 eis
2612 1110 2887 1180 exigenda:
2913 1111 3059 1164 sint?
3094 1111 3159 1166 Et
3182 1112 3394 1181 quidem
3423 1129 3596 1182 smpe-

2003 1214 2230 1255 numero
2263 1198 2460 1256 diversi
2506 1199 2788 1257 facultates
2826 1215 3012 1256 eorum
3053 1202 3192 1257 inter
3226 1217 3285 1258 se
3312 1203 3598 1260 distribue-

2004 1298 2167 1344 runt:
2198 1299 2414 1359 peccata
2442 1298 2621 1345 autem
2667 1305 2733 1346 cx
2783 1291 2889 1346 illis
2923 1300 3197 1347 contracta
3251 1294 3366 1362 ipse
3419 1294 3595 1350 solum

2004 1396 2189 1437 secum
2215 1380 2486 1450 auferens,
2525 1382 2786 1449 abscedit,
2815 1393 2871 1437 et
2897 1399 2992 1452 pro
3018 1385 3083 1438 iis
3111 1400 3315 1454 magum
3358 1385 3595 1456 indigna-

2005 1471 2164 1527 tionis
2191 1472 2450 1543 supplicia
2472 1474 2763 1537 sustinens,
2790 1474 3156 1529 consolatione
3182 1475 3416 1544 undique
3434 1479 3598 1532 drati-

2006 1566 2188 1618 tuitur.
2219 1564 2395 1630 Quare
2425 1564 2602 1633 igitur,
2620 1563 2725 1630 dic,
2753 1579 2850 1620 oro
2877 1605 2894 1630 ,
2923 1573 3036 1620 tam
3057 1565 3385 1636 negligentes
3403 1568 3596 1622 salutis

2006 1666 2225 1724 nostrae,
2254 1657 2326 1711 ita
2353 1658 2589 1727 segniter
2614 1657 2806 1711 animae
2830 1667 3029 1711 nostra:
3056 1659 3387 1712 consulimus
3404 1702 3419 1724 ,
3443 1661 3595 1729 quasi

2004 1750 2181 1805 aliena
2207 1760 2351 1804 esset
2370 1790 2386 1814 ,
2413 1758 2471 1804 et
2495 1765 2601 1803 nou
2625 1750 2851 1804 nostra?
2880 1748 2994 1803 Non
3022 1750 3176 1804 audis
3204 1751 3476 1804 Christum
3504 1751 3589 1804 di-

2005 1851 2215 1897 contem
2246 1858 2267 1895 :
2287 1840 2459 1906 Quam
2480 1841 2620 1895 dabit
2672 1841 2824 1894 homo
2861 1841 3302 1896 commutationem
3351 1858 3444 1911 pro
3484 1844 3599 1895 ani-

2006 1948 2091 1985 ma
2137 1948 2230 1985 sua
2260 1931 2475 2004 (Matth.
2526 1932 2620 1987 i6.
2660 1932 2796 2003 26)?
2825 1932 2891 1987 Et
2937 1933 3131 1987 iterum
3163 1949 3177 1986 :
3213 1933 3350 2000 Quid
3396 1935 3599 2004 prodest

2007 2022 2259 2075 hominisi
2289 2031 2447 2075 totum
2478 2022 2722 2076 mundum
2748 2023 2992 2089 lucretur,
3042 2024 3225 2077 anima:
3277 2034 3448 2079 autem
3493 2041 3600 2079 sua

2007 2112 2357 2165 detrimentum
2407 2113 2633 2179 patiatur
2675 2113 2700 2166 ?
2750 2112 2887 2167 Nunt
2941 2114 3212 2184 quidpiam
3262 2115 3426 2171 babes
3478 2116 3600 2170 huic

2007 2202 2473 2272 mquiparaqdum?
2502 2203 2722 2260 Etiamsi
2766 2212 2934 2259 totum
2977 2206 3162 2260 orbem
3194 2205 3432 2271 dixeris,
3470 2208 3599 2263 nihil

2008 2294 2173 2350 dices.
2202 2296 2332 2361 Quze
2360 2296 2501 2350 enirn
2549 2296 2782 2362 utilitas,
2819 2297 2957 2351 sicut
2984 2296 3398 2365 dixitChristus,
3432 2308 3597 2354 totmn

2010 2387 2264 2442 mundum
2287 2387 2622 2452 lucrifacere,
2651 2391 2844 2444 animm
2870 2400 3053 2447 autem
3068 2389 3444 2446 detrimentum
3468 2393 3597 2461 pati,

2008 2494 2109 2548 qua
2158 2478 2288 2533 nihil
2321 2480 2476 2534 nobis
2517 2481 2685 2549 magis
2732 2481 3047 2550 preprium?
3079 2481 3271 2536 Verum
3320 2498 3441 2538 eam
3481 2499 3601 2553 qua:

2009 2579 2116 2626 tam
2138 2573 2366 2642 pretiosa
2387 2583 2489 2637 est,
2508 2573 2659 2641 cujus
2697 2582 2897 2628 tantam
2923 2590 3105 2629 curam
3134 2589 3293 2645 agerc
3319 2576 3596 2642 debemus,

2010 2673 2067 2718 ut
2090 2664 2223 2719 nihil
2248 2665 2321 2719 illi
2350 2666 2585 2735 praeferri
2608 2666 2820 2729 debeat,
2852 2667 2931 2721 sic
2955 2666 3278 2735 despicimus
3298 2709 3313 2731 ,
3345 2678 3404 2721 ιιι
3423 2671 3598 2739 quoti-

2009 2754 2095 2810 die
2120 2755 2453 2824 discerpatur
2471 2797 2485 2819 ,
2516 2765 2571 2810 et
2597 2755 2864 2811 interdum
2889 2755 2960 2810 ab
2989 2757 3210 2811 avaritia
3254 2757 3560 2813 obsideatur
3581 2802 3597 2822 ,

2008 2844 2293 2915 aliquando
2319 2862 2351 2901 a
2375 2847 2589 2902 luxuria
2616 2849 2917 2914 laceretur,
2952 2846 3219 2903 interdum
3250 2848 3318 2903 ab
3361 2850 3435 2903 ira
3466 2866 3598 2904 con-

2008 2934 2279 3004 fundatur,
2302 2947 2356 2993 et
2373 2952 2404 2993 a
2434 2938 2657 3009 singulis
2684 2939 2970 2995 aﬂectibus
2987 2940 3328 2996 multifariam
3349 2953 3594 3008 vexetur,

2010 3039 2065 3083 et
2102 3029 2300 3083 nullam
2329 3031 2408 3083 vel
2448 3043 2570 3084 sero
2618 3029 2831 3086 tandem
2873 3030 3017 3087 illius
3043 3047 3291 3100 geramus
3338 3035 3597 3089 sollicitu-

2011 3119 2233 3175 dinem?
2259 3121 2389 3187 Quis
2413 3134 2512 3176 nos
2536 3121 2759 3191 posthac
2783 3121 3091 3191 dignabitur
3114 3125 3287 3189 venia,
3314 3136 3369 3179 ct
3397 3127 3466 3181 ab
3497 3126 3598 3179 im-

2012 3214 2248 3268 minente
2290 3213 2551 3283 supplicio
2578 3213 2809 3285 eripiet?
2838 3213 3075 3281 Idcirco,
3108 3215 3366 3279 obsecro,
3396 3226 3453 3271 ut
3476 3218 3600 3272 dum

2013 3316 2224 3375 tempus
2245 3306 2523 3371 habemus,
2554 3306 2893 3376 detergamus
2914 3306 3027 3375 ejus
3054 3307 3246 3361 sordes
3271 3307 3432 3378 largis
3456 3310 3600 3363 elee-

2015 3397 2289 3468 mosynis,
2346 3405 2401 3451 et
2447 3396 2552 3451 illis
2600 3404 2936 3465 peccatorum
2982 3408 3283 3452 nosuorum
3337 3399 3602 3454 ﬂammam

2012 3488 2432 3558 exstinguamus.
2478 3486 2661 3557 Ignem
2692 3488 2837 3544 enim
2857 3530 2874 3555 ,
2905 3488 3108 3558 inquit,
3136 3488 3394 3543 ardentem
3418 3492 3604 3543 exstin-

2012 3589 2129 3650 θυαε
2170 3596 2321 3649 aqua,
2351 3590 2611 3648 peccatum
2636 3594 2751 3634 vero
2780 3580 3107 3649 eleemosynis
3133 3590 3381 3650 purgatur
3413 3579 3601 3649 (Eccli.

2014 3671 2067 3729 3.
2097 3670 2208 3739 55).
2236 3669 2377 3724 Nihil
2408 3669 2550 3726 enim
2581 3684 2802 3739 prorsus
2829 3669 3051 3739 perinde
3088 3684 3187 3725 nos
3230 3670 3465 3726 eximere
3512 3686 3605 3740 po-

2015 3768 2120 3815 test
2167 3777 2196 3815 a
2242 3761 2486 3831 gehenna
2538 3762 2695 3831 ignis,
2746 3770 2907 3831 atque
2960 3761 3177 3832 largitas
3227 3762 3602 3833 eleemosyna'.

2014 3851 2172 3907 Istam
2194 3853 2236 3907 si
2261 3852 2662 3921 praestiterimus
2684 3852 2977 3908 secundum
3008 3852 3153 3923 leges
3180 3867 3210 3907 a
3242 3853 3465 3909 Domino
3495 3862 3603 3906 tra-

2015 3944 2174 4007 ditas,
2198 3959 2390 4013 nempe
2412 3943 2546 3998 nihil
2572 3942 2637 3999 ad
2675 3944 3085 4001 ostentationem
3116 3945 3387 4010 facientes,
3419 3945 3510 3999 sed
3535 3944 3609 3999 ob

2016 4053 2254 4093 amorem
2285 4038 2337 4091 in
2368 4038 2533 4091 Deum
2553 4078 2568 4101 ,
2602 4036 2895 4106 poterimus
2923 4046 2976 4091 et
3005 4046 3345 4106 peccatorum
3393 4047 3604 4091 nostro-

2016 4146 2133 4185 rum
2156 4128 2392 4183 maculas
2410 4128 2647 4193 abluere,
2676 4137 2729 4181 et
2752 4127 2987 4182 divinam
3013 4127 3431 4182 misericordiam
3455 4142 3605 4182 asse-

2017 4221 2128 4290 qui,
2155 4221 2321 4290 gratia
2348 4230 2401 4273 et
2429 4218 2856 4274 miserationibus
2896 4218 3154 4288 unigeniti
3177 4218 3299 4273 Filii
3326 4219 3443 4288 ejus
3471 4260 3487 4285 ,
3519 4219 3603 4274 cui

2017 4328 2139 4366 cum
2180 4313 2339 4366 Patre
2367 4320 2421 4366 et
2456 4320 2643 4365 sancto
2685 4309 2884 4381 Spiritu
2913 4310 2983 4364 sit
3024 4310 3216 4379 gloria,
3247 4312 3522 4379 imperium
3553 4320 3608 4366 et

2021 4405 2220 4467 honor,
2258 4418 2400 4458 nunc
2448 4412 2505 4457 et
2555 4417 2789 4472 semper,
2827 4410 2882 4458 et
2923 4402 2975 4457 in
3022 4404 3214 4458 saecula
3265 4404 3604 4461 Sat-culorum.

2018 4493 2209 4549 Amen.

2551 4580 2827 4637 HOMILIA
2866 4580 3081 4637 XXXII.

2023 4718 2089 4772 Et
2118 4720 2251 4773 visus
2295 4728 2365 4773 est
2407 4716 2658 4773 Dominus
2698 4717 2881 4783 Abrae,
2912 4726 2961 4771 ct
3000 4718 3129 4772 dixit
3168 4719 3214 4771 ei
3242 4735 3261 4772 :
3288 4717 3481 4772 Semini
3523 4728 3607 4769 tuo

2092 4813 2221 4865 dabo
2248 4821 2431 4864 terram
2470 4811 2635 4876 hanc;
2673 4818 2719 4864 et
2754 4811 3000 4863 exstruxit
3037 4811 3103 4863 ibi
3142 4811 3303 4864 altare
3341 4809 3560 4863 Domino
3585 4851 3600 4875 ,

2094 4903 2180 4971 qui
2205 4902 2337 4956 visus
2366 4911 2440 4954 est
2467 4902 2513 4953 ei
2538 4899 2687 4970 (Gen.
2722 4900 2806 4955 12.
2837 4901 2914 4969 7).

2094 5035 2146 5087 1.
2188 5031 2293 5086 Cur
2333 5032 2546 5086 noluerit
2588 5031 2727 5086 Deus
2770 5031 2961 5086 claram
3005 5048 3110 5086 esse
3154 5033 3493 5102 Scripturam.
3536 5066 3606 5077 ——

2021 5125 2215 5180 Multus
2235 5134 2291 5179 et
2311 5124 2601 5179 immensus
2627 5125 2679 5178 in
2701 5125 2764 5177 iis
2785 5166 2798 5185 ,
2821 5140 2943 5194 quas
2962 5125 3118 5193 paulo
3139 5136 3260 5181 ante
3282 5136 3404 5180 sunt
3435 5130 3565 5181 let-ta
3589 5170 3605 5192 ,

2024 5218 2305 5272 thesaurus
2325 5218 2471 5282 latet,
2488 5218 2838 5279 dilectissimi,
2857 5229 2911 5273 et
2929 5234 3063 5286 opus
3083 5227 3163 5272 est
3186 5220 3382 5272 intenta
3407 5227 3606 5282 mento,

2020 5310 2305 5377 sobriaque
2329 5319 2384 5363 et
2410 5309 2642 5378 vigilanti
2674 5310 2898 5374 ratione,
2933 5310 2999 5363 ita
3033 5318 3088 5362 ιιι
3118 5309 3245 5362 nihil
3273 5325 3455 5362 eorum
3486 5326 3607 5379 que

2022 5399 2074 5454 in
2104 5400 2349 5454 brevibus
2374 5400 2548 5453 verbis
2580 5400 2764 5465 latent,
2790 5414 2888 5453 nos
2910 5409 3208 5469 praetereat.
3234 5398 3364 5453 Nam
3389 5410 3607 5469 propter

2021 5491 2124 5545 hoc
2149 5501 2202 5545 et
2231 5491 2536 5545 misericors
2568 5490 2705 5545 Deus
2734 5505 2839 5545 non
2877 5490 3017 5546 facili
3046 5500 3099 5545 et
3140 5492 3495 5561 perfunctoria
3526 5493 3605 5547 le-

2021 5582 2199 5636 ctione
2216 5583 2380 5635 voluit
2407 5581 2559 5636 nobis
2584 5582 2761 5636 omnia
2783 5597 2902 5651 qua:
2932 5583 2983 5635 in
3015 5581 3303 5650 Scripturis
3328 5583 3605 5635 continen-

2026 5687 2110 5731 tur
2136 5717 2152 5742 ,
2185 5676 2462 5731 manifesta
2488 5686 2541 5731 et
2570 5675 2845 5746 perspicua
2876 5690 2995 5730 esse
3021 5715 3034 5740 ,
3064 5684 3121 5729 ut
3144 5690 3366 5729 excussa
3390 5690 3597 5731 sonmo-
