4020 6136
365 259 463 314 29!

363 372 508 429 κατά
531 371 588 425 δὲ
645 369 744 442 τὴν
793 372 1111 442 προαίρεσιν
1161 374 1264 426 οὐκ
1303 373 1381 428 ἔτι
1405 389 1420 405 ⁸
1456 375 1571 428 ἀλλ’
1610 377 1814 438 ἐκεῖνος
1853 375 1950 445 μὲν

365 455 545 513 καίτοι
569 453 666 508 τοῦ
689 453 921 524 ἀδελφοῦ
951 455 1088 525 πρὸς
1113 455 1279 508 τοσαύ
1294 473 1382 525 την
1404 458 1607 529 ἀρετὴν
1629 458 1950 526 φθάσαντος,

1463 261 1527 315 IN
1559 261 1712 318 εει».
1757 259 1845 316 XII
1885 260 2130 317 GENES.
2167 261 2401 318 ιιοιιιι..
2448 261 2657 318 XXXII.

3526 260 3638 314 192

2060 377 2255 430 πίνωσι
2281 378 2372 432 τὸν
2399 379 2654 450 ἄκρατον,
2677 373 2914 445 τοσούτῳ
2941 372 3141 444 μᾶλλον
3162 361 3470 427 ἐκκαίονται
3499 372 3636 442 πρὸς

2055 462 2118 513 τὸ
2137 460 2310 530 δίψος,
2335 463 2430 516 καὶ
2468 457 2856 531 χαλεπωτέραν
2883 458 2983 527 τὴν
3011 456 3242 527 κάμινον
3266 455 3598 509 ἀνάπτουσιν
3615 469 3632 484 ·

368 543 446 596 ἐτι
471 543 540 613 τῇ
578 539 758 611 πλάνῃ
788 538 1228 610 προκατείληπτο
1249 555 1262 570 ο
1293 533 1450 604 οὗτος
1478 541 1536 594 δέ
1567 541 1688 594 καθ’
1718 541 1955 609 ἐκάστην
2054 543 2202 597 οὕτω
2235 544 2300 615 δὴ
2340 547 2434 598 καὶ
2461 541 2606 598 οὗτοι
2637 545 2703 612 τῇ
2751 540 3030 612 τυραννίδι
3055 539 3157 608 τῆς
3186 538 3297 592 τῶν
3339 538 3637 610 χρημάτων

368 625 580 696 ἡμέραν
614 621 823 676 ἐδείκνν
855 621 922 674 δι’
953 620 1137 674 αὐτῶν
1155 621 1263 674 τῶν
1299 623 1639 693 πραγμάτων
1661 623 1836 676 ἆπασι
1857 623 1956 692 τῆς

368 707 512 762 κατά
555 705 691 760 Θεὸν
732 704 899 758 αὐτοῦ
937 706 1140 778 ἀρετῆς
1175 707 1276 776 τὴν
1324 706 1585 761 ἐπίδοσιν.
1631 706 1739 760 Καὶ
1783 701 1953 775 ἦλθε.

370 791 555 864 φησὶν,
585 791 673 854 είς
705 787 822 858 γῆν
844 789 1106 850 Χαναὰν,
1129 790 1227 842 καί
1251 788 1580 843 διώδευσεν
1607 792 1820 858 Ἀϐραμ
1841 788 1942 856 τὴν

368 875 484 944 γῆν
504 875 595 939 εὶς
618 871 687 925 τὸ
715 870 911 940 μῆκος
943 870 1157 940 αὐτῆς,
1195 871 1298 938 ἕως
1341 873 1446 927 τοῦ
1479 875 1669 927 τόπου
1707 871 1812 926 τοῦ
1850 875 1959 926 Συ-

368 957 500 1026 χὲμ,
534 955 634 1010 ἐπί
674 953 790 1023 τὴν
817 954 968 1022 δρῦν
1003 953 1122 1023 τὴν
1145 953 1417 1023 ὑψηλήν.
1446 954 1696 1009 Διδάσκει
1734 955 1881 1026 ἡμᾶς
1920 956 1954 1025 ή

368 1039 559 1112 Γραφὴ
592 1037 654 1092 τὸ
683 1038 846 1110 μέρος
878 1037 979 1107 τῆς
1009 1035 1215 1110 χώρας,
1238 1041 1318 1102 είς
1344 1038 1374 1091 δ
1399 1039 1496 1093 νῦν
1517 1037 1617 1110 τὴν
1641 1038 1958 1108 κατοίκησιν

369 1125 600 1176 ποιεῖται
629 1121 658 1172 ὁ
682 1121 909 1183 δίκαιος.
939 1116 1094 1186 Εἶτα,
1128 1121 1215 1173 ἵνα
1247 1120 1511 1192 μάθωμεν
1549 1123 1696 1184 ὅπως
1728 1120 1958 1174 διέκειτο

368 1207 450 1258 έτι
479 1205 558 1259 τέτ
595 1203 801 1268 αὐτόθι,
834 1204 1021 1275 φησὶν,
1068 1206 1134 1258 Ol
1179 1203 1248 1258 δὲ
1285 1204 1604 1258 Χαναναῖοι
1641 1205 1774 1258 τότε
1819 1221 1955 1257 κατ-

366 1287 567 1354 ῴκουν
592 1287 708 1355 τὴν
736 1286 871 1358 γῆν.
892 1286 1004 1358 Οὐχ
1027 1285 1216 1349 ἀπλῶς
1243 1285 1402 1340 τοῦτο
1431 1288 1816 1358 ἐπεσημήνατο
1847 1289 1954 1340 πά·-

368 1371 452 1425 λιν
467 1373 496 1425 ὁ
517 1371 787 1442 μακάριος
800 1369 1062 1440 Μωῦσῆς,
1077 1368 1192 1422 ἀλλ’
1209 1369 1296 1423 ἵνα
1315 1368 1576 1439 μάθωμεν
1594 1370 1687 1423 καὶ
1707 1368 1954 1422 ἐντεῦθεν

369 1455 470 1527 τὴν
485 1454 773 1522 φιλόσοφον
798 1450 1022 1522 γνώμην
1049 1450 1140 1504 τοῦ
1165 1453 1526 1522 πατριάρχου,
1544 1453 1624 1505 δτι
1643 1453 1752 1506 τῶν
1775 1453 1954 1506 τόπων

371 1537 452 1590 ἐτι
483 1536 1046 1607 προκατειλημμένων
1073 1533 1179 1586 ὐπὸ
1209 1533 1319 1588 τῶν
1351 1535 1692 1600 Χαναναίων,
1718 1536 1958 1606 ἡναγκά-

371 1621 496 1686 ζετο
522 1619 775 1690 καθάπερ
808 1619 1014 1690 ἀλήτης
1041 1618 1137 1670 καὶ
1173 1617 1340 1682 ξένος,
1373 1617 1469 1671 καὶ
1505 1617 1581 1682 ώς
1611 1613 1692 1682 εἷς
1731 1621 1839 1674 τῶν
1871 1621 1960 1672 εὐ-

370 1702 541 1757 τελῶν
571 1704 664 1755 καὶ
694 1700 1144 1773 ἀπερριμμένων,
1180 1699 1255 1765 ώς
1291 1699 1447 1771 ῐτυχε
1491 1701 1802 1767 καταλύειν,
1841 1703 1962 1755 οὐδέ

371 1784 720 1854 καταγωγίου
741 1784 872 1846 ίσως
893 1783 1162 1854 εὐπορῶν.
1191 1783 1302 1836 Kal
1321 1783 1470 1855 ὅμως
1487 1782 1607 1836 οὐδὲ
1621 1782 1794 1848 οὕτως
1811 1783 1962 1837 ἐδυσ-

371 1870 623 1940 χέρανεν,
660 1867 781 1920 οὐδέ
805 1861 948 1918 εἶπεο
989 1865 1053 1916 Τί
1086 1864 1276 1930 τοῦτο;
1296 1867 1324 1918 ό
1347 1865 1486 1936 μετὰ
1505 1867 1773 1938 τοσαύτης
1794 1867 1962 1938 τιμῆς

372 1954 467 2008 καὶ
501 1951 796 2024 θεραπείας
825 1949 1030 2018 διάγων
1076 1950 1134 2002 ἐν
1171 1951 1238 2020 τῇ
1268 1949 1516 2021 Χαρρὰν,
1543 1947 1636 2004 νῦν
1660 1950 1964 2019 ἀναγκάζο-

374 2052 499 2106 μαι,
537 2035 613 2098 ώς
643 2033 833 2097 ἄπολις
852 2071 867 2097 ,
898 2033 993 2086 καὶ
1028 2031 1198 2097 ξένος,
1250 2032 1346 2084 καὶ
1377 2030 1584 2102 ἔπηλυς
1603 2071 1618 2096 ,
1652 2035 1711 2086 ἐν
1738 2033 1962 2105 χάριτος

375 2119 531 2190 μέρει
561 2118 850 2188 περιιέναι,
885 2117 981 2169 καὶ
1029 2113 1373 2183 καταγωγίου
1407 2113 1654 2179 εὐτελοῦς
1687 2115 1962 2187 ἐπιζητεῖν

371 2203 701 2257 ἀνάπαυσιν’
739 2200 831 2255 καὶ
855 2199 975 2253 οὐδὲ
999 2197 1173 2262 οὕτως
1210 2200 1487 2270 ἐπιτυχεῖν
1513 2198 1746 2270 δύναμαι
1772 2199 1960 2264 αὐτοῦ,

373 2285 488 2339 ἀλλ’
518 2287 575 2338 ἐν
599 2287 830 2356 σκηναῖς
869 2284 962 2336 καὶ
999 2281 1262 2344 καλύϐαις
1287 2299 1354 2352 με
1379 2282 1584 2350 διάγειν
1608 2281 1841 2355 ἀνάγκη,
1869 2285 1963 2338 καὶ

371 2368 474 2432 τάς
505 2367 669 2432 ἄλλας
708 2367 926 2430 άπάσας
955 2367 1142 2438 φέρειν
1170 2365 1568 2436 ταλαιπωρίας.
1603 2367 1774 2420 Τοῦτό
1816 2370 1962 2421 ἐστιν

372 2450 493 2504 ὅλον
523 2449 554 2504 ὃ
582 2452 753 2520 έλεγε,
769 2450 971 2519 Δεῦρο,
989 2449 1090 2503 καί
1114 2449 1348 2516 ποιήσω
1369 2465 1444 2503 σε
1467 2451 1554 2514 είς
1573 2449 1746 2516 ἔθνος
1771 2451 1961 2521 μέγα;

375 2533 528 2595 Τέως
565 2549 654 2606 μοι
684 2532 824 2586 καλά
847 2533 915 2586 τά
957 2533 1249 2604 προοίμιαο
1283 2533 1336 2585 τί
1370 2532 1610 2603 χρηστόν
1639 2535 1753 2586 ἐστι
1792 2549 1961 2605 1:900-

376 2615 608 2686 δοκῆσαι
627 2616 842 2682 λοιπόνς
871 2616 1011 2668 Ἀλλ’
1035 2616 1156 2668 οὐδὲ
1181 2614 1354 2680 οὕτως
1375 2616 1634 2686 ἠνέσχετό
1654 2633 1706 2670 τι
1727 2616 1962 2670 τοιοῦτον

375 2701 552 2752 εἰπεῖν
591 2701 620 2753 ό
649 2698 878 2764 δίκαιος,
908 2698 1029 2751 οὐδὲ
1086 2698 1398 2751 ἐνδοιάσαι·
1441 2698 1556 2751 ἀλλ’
1580 2698 1862 2770 ὁλοκλήρῳ
1895 2702 1960 2769 τῇ

375 2782 606 2856 διανοίᾳ,
633 2785 729 2838 καὶ
755 2783 937 2854 τελείᾳ.
958 2786 1026 2854 τῇ
1058 2783 1238 2835 πίστει
1261 2782 1545 2854 θαρρήσας
1570 2785 1691 2846 ταῖς
1711 2784 1804 2836 τοῦ
1829 2783 1964 2837 Θεοῦ

378 2867 754 2937 ὑποσχέσεσιν,
775 2865 966 2938 ἀκλινῆ
993 2865 1256 2936 διηνεκῶς
1283 2865 1407 2936 ἔσχε
1426 2865 1517 2920 τὸν
1542 2866 1818 2938 λογισμόνο
1846 2867 1913 2920 δι’
1937 2868 1967 2922 δ

385 2953 479 3006 καὶ
504 2951 714 3022 ταχέως
733 2950 938 3022 ἠξιώθη
968 2954 1067 3023 τῆς
1100 2950 1306 3004 ἀνωθεν
1340 2952 1715 3022 παραμυθίας.

449 3031 516 3099 ζ’.
545 3033 684 3086 Ἀλλ’
717 3033 804 3088 ἵνα
831 3033 908 3106 μὴ
938 3034 1018 3098 εἰς
1045 3032 1178 3087 πολὺ
1206 3034 1378 3105 μῆκος
1408 3035 1737 3105 ἐκτείνωμεν
1759 3032 1859 3106 τὴν
1884 3035 1965 3088 δι-

374 3116 692 3181 δασκαλίαν,
720 3116 956 3171 ἐνταῦθα
975 3119 1273 3188 στήσαντες
1303 3115 1747 3188 καταπαύσωμεν
1768 3119 1858 3170 τὸν
1882 3117 1969 3170 λό-

377 3219 498 3273 γον,
525 3203 700 3255 ἐκείνο
738 3201 1220 3273 παρακαλέσαντες
1259 3201 1414 3272 ὑμῶν
1455 3201 1556 3273 τὴν
1588 3201 1830 3271 ἀγάπην,
1872 3219 1965 3272 μι-·

383 3285 659 3358 μήσασθαι
688 3283 782 3338 τοῦ
826 3284 1034 3338 δικαίου
1078 3283 1266 3337 τούτου
1309 3283 1406 3355 τὴν
1431 3282 1676 3354 γνώμην.
1720 3285 1828 3337 Kal
1858 3284 1968 3356 γὰρ

377 3371 448 3424 ἂν
473 3369 559 3440 εἴη
587 3368 696 3424 τῶν
745 3370 1130 3432 ἀτοπωτάτων,
1159 3369 1208 3420 εί
1229 3369 1258 3420 ὁ
1288 3368 1387 3438 μὲν
1419 3367 1625 3431 δίκαιος
1659 3363 1830 3431 οὗτος,
1859 3368 1968 3421 ἀπὸ

383 3453 486 3524 γῆς
527 3455 609 3518 είς
655 3454 759 3525 γῆν
791 3453 1160 3524 καλούμενος,
1209 3451 1476 3520 τοσαύτην
1523 3451 1838 3516 ἐπεδείξατο
1869 3452 1968 3522 τὴν

384 3535 665 3609 ὑπακοήν,
711 3537 806 3590 καὶ
837 3533 962 3588 οὐτε
984 3536 1046 3588 τδ
1085 3537 1283 3606 γῆρας,
1334 3533 1459 3588 οὐτε
1497 3533 1566 3588 τά
1605 3534 1776 3598 ἀλλα,
1826 3536 1970 3606 ἅπερ

380 3618 910 3692 ἀπηριθμησάμεθα,
945 3617 1265 3688 κωλύματα,
1289 3615 1412 3670 οὔτε
1431 3619 1465 3688 ή
1489 3617 1596 3670 τῶν
1617 3617 1830 3686 καιρῶν
1844 3617 1969 3669 δυσ·

381 3703 558 3768 κολία,
591 3701 716 3756 οὐτε
747 3701 876 3757 ἀλλο
911 3719 964 3756 τι
1013 3700 1122 3754 τῶν
1167 3701 1415 3770 ἐπισχεῖν
1453 3700 1618 3752 αὐτὸν
1656 3698 1970 3769 δυναμένων

383 3785 606 3856 εσχυσεν
632 3784 989 3855 ὀκνηρότερον
1022 3783 1186 3836 αὐτὸν
1227 3784 1354 3853 περὶ
1381 3782 1483 3852 τὴν
1521 3781 1767 3852 ὐπακοὴν
1800 3797 1970 3834 κατα-

386 3869 603 3938 στῆσαι,
635 3866 771 3920 ἀλλά
800 3867 977 3919 πάντα
1004 3865 1303 3936 διαρρήξας
1330 3864 1401 3918 τὰ
1433 3863 1608 3934 δεσμά
1637 3862 1847 3934 έτρεχε,
1876 3865 1972 3917 καὶ

385 3951 645 4023 ἠπείγετο
674 3953 704 4006 ὁ
742 3950 941 4022 γέρων,
969 3949 1222 4019 καθάπερ
1259 3948 1375 4012 νέος
1410 3946 1677 4018 σφριγῶν,
1709 3948 1846 4018 μετά
1872 3949 1972 4018 τῆς

385 4035 663 4105 γυναικὸς,
698 4033 794 4086 καὶ
845 4033 940 4087 τοῦ
990 4032 1302 4102 ἀδελφιδοῦ,
1333 4033 1426 4086 καὶ
1462 4031 1570 4084 τῶν
1615 4031 1861 4097 οίκετῶν,
1892 4034 1972 4095 είς

387 4119 548 4190 ἔργον
583 4117 812 4187 ἀγαγεῖν
853 4117 912 4170 τὸ
945 4116 1096 4188 παρά
1145 4115 1240 4168 τοῦ
1271 4113 1406 4168 Θεοῦ
1445 4113 1769 4184 ἐπιταχθέν·
1812 4116 1971 4187 ήμεῖς

386 4201 445 4255 δὲ
467 4201 570 4255 οὐκ
591 4200 698 4253 ἀπὸ
722 4200 828 4270 γῆς
853 4201 932 4263 είς
963 4199 1068 4270 γῆν
1097 4197 1440 4270 καλούμενοι,
1480 4197 1597 4251 ἀλλ’
1624 4196 1731 4251 ἀπὸ
1759 4198 1858 4267 γῆς
1891 4201 1970 4264 εἰς

387 4285 478 4339 τὸν
509 4284 757 4357 οὐρανὸν,
797 4283 918 4337 οὐδὲ
964 4285 1064 4354 τὴν
1107 4283 1277 4354 αὐτὴν
1305 4281 1382 4353 τῷ
1425 4282 1618 4353 δικαίῳ
1665 4281 1972 4354 προθυμίαν

389 4369 520 4439 περὶ
542 4369 640 4438 τὴν
665 4367 910 4437 ὑπακοὴν
937 4365 1338 4436 ἐπιδειξόμεθα,
1367 4364 1502 4419 ἀλλά
1534 4365 1748 4437 ψυχρὰς
1775 4365 1972 4418 πολλά-

390 4470 476 4516 κις
503 4454 596 4505 καὶ
622 4453 912 4524 ἀνονήτους
937 4451 1350 4524 προϐαλλόμεθα
1375 4451 1554 4514 αίτίας
1575 4459 1617 4517 ⁸,
1648 4453 1743 4505 xal
1762 4450 1884 4504 οὐτε
1910 4452 1972 4505 τὸ

392 4535 622 4608 μέγεθος
644 4535 798 4607 [5151
827 4536 937 4589 τῶν
975 4532 1337 4604 ἐπαγγελιῶν,
1361 4533 1485 4587 οὐτε
1511 4534 1575 4588 τὸ
1615 4534 1828 4598 εὐτελὲς
1862 4534 1972 4586 τῶν

389 4619 702 4691 ὁρωμένων,
735 4620 823 4672 ὅτι
874 4620 1038 4690 γήϊνα
1086 4618 1182 4671 καὶ
1217 4617 1528 4690 πρόσκαιρα
1550 4656 1567 4683 ,
1605 4616 1728 4671 οὐτε
1771 4617 1834 4670 τὸ
1875 4617 1972 4671 τοῦ

391 4704 682 4766 καλοῦντος
713 4702 935 4774 ἀξίωμα
975 4701 1265 4770 ἐφέλκεται
1313 4702 1460 4772 ἡμᾶς
1482 4719 1493 4730 ·
1527 4702 1663 4756 ἀλλὰ
1707 4701 1973 4773 τοσαύτην

393 4785 811 4856 ἐπιδεικνύμεθα
846 4784 946 4857 τὴν
986 4785 1281 4857 ρᾳθυμίαν,
1319 4785 1394 4848 ὼς
1422 4787 1694 4856 προτιμᾷν
1739 4785 1848 4838 τῶν
1885 4786 1973 4839 ἀεὶ

395 4869 664 4938 μενόντων
702 4868 772 4921 τά
805 4870 1134 4940 πρόσκαιρα,
1171 4870 1264 4922 καὶ
1287 4867 1388 4938 τὴν
1430 4869 1534 4939 γῆν
1572 4867 1668 4920 τοῦ
1719 4868 1969 4937 οὐρανοῦ,

394 4951 488 5002 καὶ
513 4948 582 5002 τὰ
611 4949 880 5022 μηδέποτε
920 4951 1072 5015 τέλος
1110 4950 1294 5004 λαϐεῖν
1331 4950 1603 5022 δυνάμενα
1634 4949 1742 5003 τῶν
1775 4951 1904 5022 πρὶν
1936 4953 1969 5024 ἦ

394 5031 630 5102 φανῆναι
666 5033 1057 5104 ἀφιπταμένων
1080 5034 1130 5086 δ.
1161 5033 1341 5108 Μέχρι
1367 5033 1476 5107 γὰρ
1507 5035 1657 5096 πότε,
1695 5036 1817 5089 εἰπέ
1859 5051 1970 5105 μοι,

392 5117 565 5180 οὓτως
594 5115 660 5169 ἂν
693 5116 1018 5187 μεμήναμεν
1045 5118 1174 5190 περὶ
1195 5118 1292 5189 τὴν
1325 5119 1432 5172 τῶν
1460 5119 1758 5191 χρημάτων
1789 5119 1974 5172 συλλο-

392 5201 532 5268 γήν;
563 5197 645 5262 τίς
686 5199 721 5268 ή
746 5197 920 5251 λύσσα
947 5197 1008 5251 τὸ
1053 5199 1172 5252 καθ’
1205 5199 1443 5273 ἐκάστην
1472 5201 1684 5274 ἡμέραν
1734 5202 1838 5254 ὐπὺ
1874 5206 1973 5272 τῆς

393 5281 638 5354 χαλεπῆς
675 5281 974 5352 ἐπιθυμίας
1003 5281 1431 5352 πολιορκεῖσθαι,
1453 5287 1549 5338 καὶ
1586 5284 1856 5355 μηδέποτε
1881 5285 1973 5337 κόο

395 5384 488 5437 ρον
510 5365 829 5436 λαμϐάνειν,
857 5364 992 5418 ἀλλά
1023 5365 1242 5420 καὶτῶν
1269 5365 1574 5436 μεθυόντων
1597 5367 1973 5438 χαλεπώτερον

391 5450 736 5516 διακεῖσθαι;
785 5449 1054 5521 Καθάπερ
1104 5452 1212 5521 γὰρ
1242 5453 1472 5518 ἐκεῖνοι,
1505 5451 1616 5522 ὅσῳ
1655 5452 1722 5505 ἂν
1756 5451 1973 5506 πλείονα

455 5569 482 5636 ξ
514 5569 888 5636 Ηροὼλλὸμεθα
907 5568 1183 5636 ἀπολογίας.
1211 5567 1294 5636 Sic
1305 5567 1512 5636 gigidam
1529 5581 1646 5618 mss.

459 5629 487 5666 1³
512 5628 593 5680 δίε
611 5628 784 5680 omnes
805 5628 1006 5679 omnino
1029 5628 1142 5678 mes.
1178 5635 1232 5678 et
1255 5630 1377 5678 edili
1406 5649 1417 5677 :
1443 5630 1509 5678 ila
1533 5637 1588 5678 ut
1611 5628 1884 5680 verisimile
1907 5634 1974 5680 sit

393 5693 462 5742 Ita
483 5692 878 5750 (ihrysostomum
898 5692 1103 5752 dixisse.
1128 5697 1182 5740 et
1213 5692 1302 5739 hac
1319 5691 1559 5752 stupenda
1579 5692 1808 5752 έναλλαγῇ
1829 5707 1968 5742 usum

397 5753 576 5808 Tuis-ee;
601 5753 843 5802 debuerat
874 5751 1007 5805 enim
1031 5751 1221 5808 dicere,
1242 5754 1323 5799 καὶ
1344 5751 1438 5799 τῶν
1463 5754 1699 5811 μηδέποτε
1731 5751 1865 5811 τέλος
1887 5757 1968 5802 λα-

395 5815 490 5864 δδίν
513 5815 778 5877 δυναμένων
805 5817 863 5862 τά
884 5816 993 5879 πςίν
1008 5816 1038 5872 ἢ
1064 5820 1259 5877 φανῆναι
1284 5813 1600 5878 ἀφιπτάμενα.

2056 626 2350 698 ἐπιθυμίας
2400 629 2628 688 ἐαυτοὺς
2673 623 3030 686 ἐκδεδωκότες
3082 622 3338 678 οὐδέποτε
3393 622 3642 674 ἵστανται

2055 713 2154 782 τῆς
2189 711 2482 783 ἐπιθυμίας
2501 727 2516 742 ⁶
2542 711 2657 765 ἀλλ’
2688 711 2799 780 ὅσῳ
2835 708 2904 762 ἂν
2929 707 3151 760 πλείονα
3181 705 3637 777 περιϐάλλωνται,

2062 795 2295 864 τοσούτῳ
2329 795 2528 865 μᾶλλον
2576 795 2788 865 αἴρεται
2832 793 2868 862 ἠ
2906 791 3057 860 φλὸξ,
3099 792 3193 844 καλ⁸
3240 788 3572 860 σφοδροτέρα
3604 790 3639 857 ἡ

2059 878 2288 948 κάμινος
2313 878 2630 932 ἀνάπτεται.
2666 877 2778 945 Οὐχ
2813 874 3028 946 ὁρῶμεν
3055 875 3182 936 τοὺς
3211 872 3317 944 πρὸ
3347 871 3526 942 ήμῶν,
3557 871 3642 924 ὅτι

2063 961 2202 1032 μετά
2237 962 2300 1015 τὸ
2333 961 2567 1025 ἃπασαν,
2596 960 2670 1024 ώς
2701 960 2895 1021 εἰπεῖν,
2922 960 3023 1030 τὴν
3058 957 3382 1028 οἰκουμένην
3413 956 3641 1027 περιϐα-

2059 1045 2268 1105 λέσθαι.
2300 1045 2496 1116 γυμνοὶ
2530 1045 2622 1099 καὶ
2655 1044 2852 1115 ἔρημοι
2885 1041 3136 1099 ἐντεῦθεν
3185 1040 3638 1112 ἀνηρπάσθησαν,

2059 1128 2310 1180 τοσοῦτον
2339 1127 2498 1197 μόνον
2554 1125 2962 1189 ἀπολαύσαντες
2983 1164 2998 1188 ,
3041 1125 3165 1177 ὅσον
3202 1123 3356 1187 δίκας
3388 1123 3502 1175 ἐκεῖ
3546 1122 3641 1175 καὶ

2062 1209 2289 1274 εὐθύνας
2320 1211 2460 1281 ὑπὲρ
2490 1211 2742 1264 ἀπάντων
2763 1207 3144 1272 ἀπαιτεῖσθαι;
3173 1207 3284 1258 Kal
3313 1205 3380 1258 τά
3411 1204 3511 1275 μὲν
3539 1201 3639 1272 τῆς

2061 1293 2250 1355 οὐσίας
2293 1292 2554 1356 πολλάκις
2595 1291 2931 1362 διενείμαντο
2978 1289 3253 1359 διάφορον
3294 1287 3362 1340 τά
3397 1286 3454 1338 δέ
3499 1284 3640 1354 ὑπὲρ

2061 1376 2266 1429 τούτων
2284 1376 2657 1445 ἁμαρτήματα
2671 1376 2831 1436 αὐτὸς
2851 1372 3009 1444 μόνος
3025 1369 3418 1440 ἐπιφερόμενος
3434 1367 3639 1433 ἄπεισι,

2061 1459 2161 1519 τὰς
2198 1459 2338 1529 ὑπὲρ
2368 1457 2572 1510 τούτων
2603 1456 2853 1518 κολάσεις
2900 1455 3037 1526 μετά
3074 1453 3274 1522 πολλῆς
3307 1453 3406 1522 τῆς
3433 1453 3643 1518 ἀγανα-

2062 1543 2306 1612 κτήσεως
2329 1542 2566 1612 ὑπέχων,
2584 1541 2679 1594 καὶ
2694 1539 2950 1610 οὐδεμίαν
2971 1536 3272 1606 οὐδαμόθεν
3290 1531 3642 1605 παραμυθίαν

2060 1626 2243 1696 εὑρεῖν
2275 1626 2594 1696 δυνάμενος.
2621 1623 2778 1686 Τίνος
2799 1619 2894 1676 οὐν
2926 1622 3134 1683 ἐνεκεν,
3169 1619 3292 1672 είπέ
3325 1635 3438 1689 μοι,
3469 1614 3643 1679 οὓτως

2062 1709 2280 1780 ἀμελῶς
2311 1708 2451 1780 πρὸς
2479 1709 2582 1778 τὴν
2621 1705 2833 1760 έαυτῶν
2860 1703 3134 1774 σωτηρίαν
3165 1700 3507 1772 διακείμεθα,
3543 1698 3642 1752 καὶ

2061 1792 2136 1855 ὡς
2161 1792 2289 1863 περὶ
2309 1789 2596 1862 ἀλλοτρίας
2615 1788 2759 1842 οὕτω
2783 1786 3146 1858 βουλευόμεθα
3166 1784 3411 1855 περὶτῆς
3434 1781 3642 1836 ἐαυτῶν

2060 1873 2274 1944 ψυχῆς;
2306 1873 2421 1927 Οὐκ
2448 1871 2664 1934 ἀκούεις
2686 1869 2781 1924 τοῦ
2806 1869 3041 1942 Χριστοῦ
3067 1869 3335 1936 λέγοντοςο
3376 1866 3435 1919 Τί
3462 1863 3643 1918 δώσει

2061 1958 2372 2025 ἄνθρωπος
2416 1954 2810 2024 ἀντάιιατμα
2857 1953 2968 2022 τῆς
3003 1951 3211 2022 ψυχῆς
3257 1948 3481 2014 αὐτοῦ;
3535 1948 3644 2000 Kal

2063 2042 2245 2096 πάλιν·
2285 2042 2346 2095 Τί
2389 2039 2701 2109 ὠφελεῖται
2749 2038 3094 2106 ἅνθρωπος,
3123 2035 3233 2088 ἐὰν
3261 2033 3368 2088 τὸν
3410 2035 3644 2098 κόσμον

2062 2125 2210 2179 ὅλον
2257 2124 2524 2193 κερδήσῃ
2549 2163 2564 2188 ,
2611 2122 2724 2192 τὴν
2770 2121 2839 2176 δὲ
2869 2120 3084 2191 ψυχὴν
3135 2119 3321 2174 αὑτοῦ
3350 2113 3642 2185 {ianuam};

2063 2208 2156 2278 Μὴ
2183 2206 2292 2278 γάρ
2320 2206 2464 2277 ἔχεις
2492 2223 2544 2260 τι
2567 2206 2769 2277 ταύτης
2799 2205 3083 2271 amem;
3117 2201 3234 2257 Κᾶν
3265 2200 3362 2271 τὴν
3387 2199 3643 2266 οἰκουμέ-

2063 2309 2162 2362 νην
2183 2291 2312 2362 ὂλην
2339 2292 2522 2363 εἴπῃς,
2546 2290 2702 2342 οὐδὲν
2734 2291 2898 2360 ἐρεῖς.
2926 2287 2992 2340 Τί
3021 2286 3130 2358 γὰρ
3153 2284 3362 2354 ὄφελος,
3392 2283 3644 2352 καθάπερ

2062 2376 2092 2426 ὁ
2126 2374 2362 2444 Χριστὸς
2396 2369 2539 2437 εἷπε,
2568 2374 2744 2426 πάντα
2780 2372 2871 2425 τὸν
2914 2372 3118 2441 κόσμον
3152 2368 3430 2440 κερδᾶναι,
3457 2365 3554 2437 τὴν
3585 2365 3643 2418 δέ

2062 2459 2237 2529 ψυχὴν
2271 2458 2633 2529 ζημιωθῆναι,
2662 2452 2728 2526 ἦς
2761 2457 2893 2526 ἡμῖν
2917 2455 3244 2524 οἰκειότερον
3276 2451 3469 2515 οὐδέν;
3499 2447 3646 2502 Ἰἀύ-

2063 2559 2163 2613 την
2187 2538 2280 2595 οὖν
2306 2544 2405 2613 τὴν
2425 2541 2568 2595 οὕτω
2592 2541 2804 2610 τιμίαν,
2839 2540 2938 2610 τὴν
2964 2537 3137 2600 οῦτως
3168 2536 3490 2604 ὀφείλουσαν
3514 2535 3649 2603 ἡμῖν

2064 2623 2203 2679 εἷν..ι
2238 2625 2726 2698 περισπούδαστον,
2751 2623 2956 2692 ταύτην
2982 2621 3125 2676 οῦτω
3154 2617 3502 2691 περιορῶμεν
3523 2616 3644 2669 καθ’

2065 2709 2302 2779 ἑκάστην
2350 2709 2565 2779 ἡμέραν
2594 2706 3071 2777 σπαραττομένην,
3111 2705 3207 2759 καὶ
3241 2703 3373 2756 ποτὲ
3410 2701 3510 2772 μέν
3540 2700 3652 2752 ὑπὸ

2064 2793 2165 2863 τῆς
2192 2793 2302 2845 τῶν
2335 2793 2633 2864 χρημάτων
2662 2789 2958 2859 ἐπιθυμίας
2999 2785 3486 2856 πολιορκουμένην,
3516 2784 3649 2837 ’ποτὲ

2065 2878 2121 2931 δὲ
2147 2877 2252 2930 ὐπὸ
2275 2876 2566 2946 ἀσελγείας
2591 2873 3083 2942 καταξαινομένην,
3117 2870 3304 2924 ἄλλοτε
3327 2869 3384 2921 δὲ
3423 2867 3528 2920 ὐπὸ
3553 2866 3648 2920 θυ-

2071 2960 2173 3032 μοῦ
2205 2957 2728 3029 καταισχυνομένην,
2749 2958 2844 3011 καὶ
2868 2955 3140 3026 διαφόρως
3166 2954 3251 3022 ὐφ’
3281 2954 3512 3007 ἐκάστου
3536 2949 3649 3003 τῶν

2071 3045 2260 3098 παθῶν
2293 3041 2773 3114 κατατεινομένην,
2806 3041 2901 3094 καὶ
2934 3038 3192 3109 οὐδεμίαν
3226 3036 3323 3107 ὀψὲ
3355 3036 3484 3105 γοῦν
3515 3051 3647 3088 ποτε

2067 3130 2198 3200 περὶ
2245 3129 2416 3197 αὐτὴν
2457 3126 2714 3198 πρόνοιαν
2756 3121 3126 3194 ποιησόμεθα;
3167 3121 3275 3174 Kal
3311 3119 3395 3183 τίς
3427 3117 3649 3183 ἀξιώσει

2067 3215 2215 3284 ἡμᾶς
2247 3211 2432 3265 λοιπὸν
2463 3207 2813 3280 συγγνώμης,
2841 3207 2874 3277 ἢ
2907 3205 3259 3275 ἐξαιρήσεται
3297 3202 3395 3272 τῆς
3435 3201 3646 3284 ἐπικει-

2071 3283 2237 3368 μένης
2265 3294 2565 3359 κολάσεως;
2591 3293 2668 3345 Δι’
2684 3291 2734 3352 ὃ.
2767 3287 3086 3362 παρακαλῶ,
3115 3287 3189 3350 ώς
3209 3285 3290 3338 ἐτι
3313 3285 3502 3354 καιρὸν
3528 3283 3647 3354 ἐχο-

2071 3366 2188 3452 μεν,
2239 3378 2653 3449 ἀποσμήχωμεν
2695 3373 2862 3444 αὐτῆς
2916 3371 3011 3425 τὸν
3053 3372 3224 3442 ῥύπον
3271 3369 3358 3422 διὰ
3394 3366 3651 3452 δαψιλοῦς

2069 3449 2460 3532 ἐλεημοσύνης,
2499 3460 2594 3512 καὶ
2643 3457 2925 3526 σϐέσωμεν
2969 3454 3058 3507 διά
3101 3453 3305 3522 ταύτης
3340 3452 3440 3522 τὴν
3469 3449 3648 3520 πυρὰν

2067 3545 2177 3598 τῶν
2205 3544 2492 3616 ἡμετέρων
2525 3540 2957 3612 ἁμαρτημάτων.
2995 3535 3122 3604 Πῦρ
3153 3535 3283 3606 γὰρ,
3316 3535 3470 3604 φησὶ.
3499 3537 3649 3602 φλο-

2069 3629 2382 3698 τιζόμενον
2430 3623 2761 3679 ἀποσϐέσει
2807 3621 2967 3688 ὕδωρ
2989 3659 3005 3683 ,
3052 3621 3150 3673 καί
3214 3617 3651 3686 ἐλεημοσύνας

2069 3707 2575 3776 ἀποκαθαίρονται
2600 3705 2898 3774 ἁμαρτίαι.
2937 3701 3104 3755 Οὐδὲν
3127 3701 3258 3772 γάρ,
3283 3699 3436 3752 οὐδὲν
3464 3699 3651 3769 ἐτερον

2069 3793 2242 3856 οὔτως
2269 3788 2546 3855 ἐξελέσθαι
2565 3789 2714 3859 ἡμᾶς
2737 3787 3025 3857 δυνήσεται
3050 3785 3147 3856 τῆς
3174 3781 3270 3836 τοῦ
3298 3782 3468 3854 πυρὸς
3495 3781 3649 3850 γεέν-

2071 3893 2190 3948 νης,
2225 3875 2301 3939 ώς
2321 3876 2356 3946 ή
2389 3874 2520 3944 περὶ
2551 3870 2755 3941 ταύτην
2784 3868 3052 3939 δαψίλεια.
3085 3869 3181 3921 Ἂν
3212 3867 3414 3938 ταύτην
3451 3866 3652 3920 ἐπιδει-

2074 3958 2294 4030 ξώμεθα
2326 3955 2470 4012 κατά
2496 3956 2623 4017 τούς
2657 3951 2930 4007 ὑπἀὐτοῦ
2961 3951 3211 4015 δοθέντας
3233 3950 3449 4021 νόμους,
3485 3949 3652 4020 μηδὲν

2073 4042 2209 4112 πρὸς
2242 4036 2499 4104 ἐπίδειξιν
2528 4035 3002 4108 διαπραττόμενοι,
3025 4034 3158 4089 ἀλλά
3179 4033 3267 4088 διά
3297 4034 3390 4087 τὸν
3408 4033 3539 4102 περὶ
3560 4032 3652 4084 τὸν

2072 4123 2205 4177 Θεὸν
2228 4120 2379 4195 [316]
2404 4121 2587 4184 πόθον,
2627 4117 2964 4188 δυνησόμεθα
2992 4119 3089 4172 καὶ
3121 4118 3228 4172 τῶν
3247 4115 3652 4188 ἡμαρτημένων

2071 4211 2205 4280 ημῖν
2227 4205 2319 4259 τὸν
2343 4204 2514 4276 ῥύπον
2547 4202 2934 4272 ἀπονίψασθαι,
2974 4201 3190 4270 καὶτῆς
3220 4199 3374 4270 παρά
3393 4197 3488 4251 τοῦ
3513 4195 3650 4280 Θεοῦ

2073 4277 2482 4361 φιλανθρωπίας
2519 4286 2836 4356 ἀξιωθῆναι,
2871 4285 3053 4356 χάριτι
3092 4284 3188 4337 καὶ
3219 4283 3522 4353 οίκτιρμοῖς
3555 4277 3650 4332 τοῦ

2076 4372 2396 4446 μονογενοῦς
2415 4369 2579 4424 αὐτοῦ
2605 4369 2757 4435 Υίοῦ,
2797 4367 2916 4437 μεθ’
2943 4362 3004 4421 οὐ
3035 4367 3183 4437 αὐτῷ
3205 4364 3285 4436 τῷ
3310 4365 3508 4435 Πατρὶ,
3534 4363 3652 4432 ἀμα

2071 4456 2150 4528 τῷ
2189 4455 2328 4527 ἀγίῳ
2360 4453 2656 4523 Πνεύματι,
2687 4452 2831 4517 δόξα,
2869 4450 3090 4520 κράτος,
3118 4449 3274 4518 τιμὴ,
3303 4447 3398 4503 νῦν
3427 4447 3520 4500 καὶ
3541 4446 3649 4510 ἀεὶ,

2076 4540 2171 4594 καὶ
2197 4541 2277 4604 είς
2303 4539 2426 4602 τούς
2455 4537 2659 4598 αίῶνας
2689 4535 2798 4590 τῶν
2828 4535 3059 4591 αἰώνων.
3103 4535 3295 4605 Ἀμήν.

2661 4718 2898 4772 OMIAIA
2937 4718 3056 4772 AB'.

2072 4824 2180 4880 Kal
2216 4823 2382 4893 ὤφθη
2408 4825 2621 4892 Κύριος
2653 4821 2732 4888 τῷ
2763 4825 3008 4893 Ἀϐραμ,
3029 4824 3125 4876 καί
3155 4821 3325 4876 εἶπεν
3353 4821 3532 4893 αὐτῷ’
3567 4823 3654 4887 Τῷ

2143 4892 2440 4962 σπέρματί
2460 4911 2578 4947 σου
2600 4893 2772 4946 δώσω
2800 4892 2916 4959 τὴν
2947 4892 3062 4961 γῆν
3090 4895 3332 4960 ταύτην.
3370 4892 3475 4944 Καὶ
3502 4893 3652 4958 ᾠκο-

2143 4961 2410 5051 δόμησεν
2428 4965 2552 5018 ἐκεῖ
2567 4963 2996 5031 θυσιαστήριον
3024 4962 3101 5028 τῷ
3119 4961 3312 5030 Κυρίῳ
3334 4962 3411 5028 τῷ
3437 4963 3651 5032 ὀφθέν-

2146 5052 2202 5088 τι
2235 5051 2415 5098 αυτῳ.

2143 5139 2214 5192 α’.
2232 5139 2404 5203 Πολὺς
2424 5139 2452 5190 ὁ
2473 5134 2742 5208 θησαυρὸς
2771 5135 2864 5188 κα)⁵
2893 5133 3116 5203 ἀφατος,
3139 5135 3435 5208 ἀγαπητοὶ,
3460 5138 3518 5191 ἐν
3539 5140 3656 5204 τοῖς

2076 5225 2386 5297 πρόσφατον
2417 5220 2832 5289 ἀναγνωσθεῖσι,
2858 5219 2952 5273 καὶ
2989 5219 3069 5273 δεῖ
3104 5222 3502 5295 συντεταμένης
3533 5225 3649 5278 δια-

2073 5310 2219 5373 νοίας
2242 5308 2334 5362 καὶ
2351 5303 2608 5375 λογισμοῦ
2629 5305 2890 5375 νήφοντος
2919 5307 3012 5358 καὶ
3043 5305 3490 5378 διεγηγερμένου,
3507 5307 3653 5363 ὥστε

2077 5393 2243 5464 μηδὲν
2285 5391 2430 5462 ἡμᾶς
2479 5387 2855 5458 παραδραμεῖν
2886 5388 2996 5441 τῶν
3044 5389 3509 5460 ἐγκεκρυμμένων
3539 5395 3653 5456 τοῖς

2076 5475 2298 5547 βραχέσι
2324 5472 2530 5535 τούτοις
2558 5472 2784 5542 ῥήμασι.
2823 5471 2921 5526 Διά
2946 5472 3056 5544 γάρ
3087 5473 3242 5528 τοῦτο
3273 5473 3366 5529 καὶ
3397 5477 3426 5529 ό
3461 5473 3650 5542 φιλάν-

2074 5559 2290 5631 θρωπος
2319 5557 2453 5620 Θεὸς
2488 5556 2589 5608 οὐκ
2628 5555 2854 5609 αὐτόθεν
2883 5555 2977 5609 καί
3010 5557 3076 5610 ἐκ
3105 5555 3266 5626 ψιλῆς
3291 5557 3648 5625 ἀναγνώσεως

2074 5644 2254 5696 πάντα
2299 5643 2368 5696 τά
2400 5643 2458 5694 ἐν
2507 5643 2628 5703 ταῖς
2663 5641 2905 5710 Γραφαῖς
2937 5641 3164 5712 κείμενα
3210 5641 3513 5694 εὐσύνοπτα
3553 5638 3650 5692 καὶ

2078 5725 2212 5795 δῆλα
2243 5726 2373 5794 ἡμῖν
2412 5723 2700 5793 τυγχάνειν
2740 5723 3136 5794 συνεχώρησεν,
3165 5724 3253 5775 ἴνα
3291 5722 3388 5792 τὴν
3419 5720 3648 5773 νωθείαν

2082 5807 2238 5879 ήμῶν
2263 5809 2522 5882 διεγείρῃ,
2560 5809 2652 5863 καὶ
2687 5807 2885 5878 πολλὴν
2921 5807 3018 5879 τὴν
3046 5805 3348 5877 ἀγρυπνίαν
3379 5803 3646 5868 ἐπιδειξά-
