4020 6136
461 217 571 275 νοτ

458 347 630 401 μενοι,
665 329 809 383 οὕτω
847 332 947 401 τὴν
978 330 1037 396 ἐξ
1081 333 1260 388 αὑτῶν
1288 333 1553 403 ὠφέλειαν
1585 333 2022 405 χειρωσώμεθα.

455 413 628 470 Εῐωθε
657 414 764 482 γάρ
792 431 904 475 πως
935 413 1005 465 τά
1035 416 1133 484 μὲν
1165 416 1302 484 μετά
1323 418 1483 470 πόνου
1513 417 1607 470 καὶ
1623 416 1902 487 ζητήσεως
1935 417 2028 468 εὑ-

453 496 748 566 ρισκόμενα
782 496 980 565 μᾶλλον
1006 497 1386 568 ἐμπήγνυσθαι
1411 499 1566 569 ἡμῶν
1592 503 1657 568 τῇ
1695 499 1934 569 διανοία-
1962 499 2031 552 τά

451 577 510 629 δὲ
535 578 651 646 μετ’
673 576 940 640 εὐκολίας,
973 577 1165 631 θᾶττον
1187 581 1524 648 ἀφίπτασθαι
1553 583 1652 651 τῆς
1681 581 1900 653 καρδίας
1932 581 2028 650 τῆς

451 657 742 729 ἡμετέρας.
763 659 853 728 Mi)
880 660 1057 713 τοίνυν
1077 661 1432 732 ῥαθυμῶμεν,
1460 663 1776 732 παρακαλῶ,
1799 663 1933 716 ἀλλά
1948 662 2028 714 δ.-

451 742 752 812 εγείρωμεν
775 743 930 813 ἡμῶν
953 744 1042 796 τὸν
1062 745 1341 815 λογισμὸν,
1362 747 1454 798 καὶ
1474 747 1609 817 πρὸς
1628 746 1688 799 τὸ
1713 746 1874 816 βάθος
1897 745 2030 797 αὐτὸ

450 824 558 876 τῶν
589 825 988 894 γεγραμμένων
1011 826 1312 899 ὁλοσχερῶς
1335 828 1808 899 κατοπτεύσωμεν,
1834 828 1920 882 ἵνα
1940 828 2028 880 δυο

451 906 701 977 νηθῶμεν
727 908 1078 978 κερδάναντές
1097 927 1149 962 τι
1174 909 1334 963 πλέον
1362 911 1628 976 ἐντεῦθεν,
1648 911 1818 974 οὑτως
1845 910 2027 963 οἴκαδε

453 990 788 1043 ἐπανελθεῖν.
817 992 926 1045 Καὶ
949 992 1058 1062 γὰρ
1087 994 1392 1064 πανήγυρίς
1415 995 1530 1046 ἐστι
1561 995 1904 1066 πνευματικὴ
1935 993 2028 1046 τοῦ

451 1072 587 1126 Θεοῦ
629 1076 662 1144 ἡ
698 1075 979 1146 ἐκκλησία,
1013 1075 1106 1127 καὶ
1153 1077 1384 1148 ἰατρεῖόν
1421 1079 1535 1131 ἐστι
1563 1078 1768 1148 ψυχῶν,
1804 1077 1896 1131 καὶ
1927 1078 2026 1140 δεῖ,

453 1157 703 1226 καθάπερ
736 1159 815 1220 εἰς
846 1159 1148 1228 πανήγυριν
1183 1161 1681 1231 παραγενομένους,
1707 1161 1908 1231 πολλὴν
1930 1159 2028 1230 τὴν

454 1239 716 1310 εὐπορίαν
736 1239 985 1292 ἐντεῦθεν
1007 1240 1385 1306 συλλέξαντας,
1407 1242 1579 1306 οὕτως
1608 1244 1908 1305 ἐπανιέναι,
1935 1243 2028 1294 καὶ

453 1322 704 1392 καθάπερ
731 1324 813 1386 εἰς
842 1323 1075 1392 ἰατρεῖον
1103 1326 1474 1389 ἀπαντῶντας,
1496 1326 1565 1378 τὰ
1593 1327 1898 1397 κατάλληλα
1916 1328 2028 1388 τοῖς

452 1406 834 1475 ὑποκειμένοις
868 1405 1063 1460 πάθεσι
1102 1408 1368 1478 φάρμακα
1401 1409 1663 1472 λαϐόντας
1701 1410 1923 1475 ἐξιέναι.
1949 1409 2024 1462 Ού

452 1486 562 1556 γὰρ
597 1488 684 1540 διὰ
729 1488 886 1540 τοῦτο
929 1489 1048 1542 καθ’
1087 1491 1322 1560 ἑκάστην
1370 1491 1579 1561 ἡμέραν
1618 1491 2024 1563 συνεδρεύομεν,

455 1570 542 1621 ἴνα
561 1569 666 1632 τὰς
689 1571 824 1642 πρὸς
845 1571 1106 1642 ἀλλήλους
1133 1575 1419 1644 συντυχίας
1441 1576 1625 1639 ἁπλῶς
1646 1575 2025 1646 ποιησάμενοι,

450 1651 624 1715 οὕτως
656 1652 893 1716 ἅπαντες
914 1654 1257 1726 διαλυθῶμεν
1280 1673 1292 1686 ·
1321 1658 1434 1710 ἀλλ’
1462 1659 1550 1710 ῖνα
1585 1659 1814 1711 ἐκαστόν
1842 1674 1896 1710 τι
1918 1656 2026 1710 τῶν

449 1737 738 1807 χρησίμων
783 1737 994 1807 μαθὼν,
1029 1741 1124 1791 καὶ
1165 1741 1301 1810 πρὸς
1336 1741 1397 1793 τὸ
1434 1741 1685 1810 ἐνοχλοῦν
1728 1741 1899 1804 πάθος
1929 1741 2026 1809 τὴν

452 1820 694 1890 ἰατρείαν
720 1821 1032 1891 δεξάμενος,
1063 1822 1234 1887 οὕτως
1266 1825 1509 1878 ἐντεῦθεν
1531 1827 1878 1896 ἀναχωρήσῃ.
1903 1824 2026 1888 Πῶς

452 1901 561 1973 γὰρ
583 1903 682 1955 οὑκ
718 1904 782 1956 ἂν
817 1903 903 1973 εἴη
945 1905 1054 1957 τῶν
1087 1906 1472 1972 ἀτοπωτάτων,
1499 1906 1569 1959 τὰ
1601 1907 1697 1977 μέν
1725 1905 1913 1959 παιδία
1959 1905 2026 1959 τὰ

446 1985 692 2056 ἡμέτερα
709 1988 789 2048 εἰς
803 1986 1170 2040 διδασκαλεῖον
1185 1989 1630 2053 ἀποστέλλοντας,
1657 1989 1776 2042 καθ’
1789 1988 2024 2056 ἑκάστην

453 2067 665 2139 ἡμέραν
691 2069 942 2121 ἀπαιτεῖν
963 2072 1093 2140 παρ’
1114 2071 1294 2124 αὑτῶν
1319 2072 1630 2144 προσθήκην
1656 2071 1776 2125 τινά
1796 2071 1902 2123 τῶν
1925 2087 2026 2140 μα-

449 2149 732 2219 θημάτων,
749 2153 841 2204 καὶ
856 2153 955 2204 οὑκ
979 2153 1043 2206 ἀν
1061 2171 1188 2206 ποτε
1204 2155 1574 2225 ἀνασχοίμεθα
1595 2154 1779 2216 ἀπλῶς
1794 2154 1886 2206 καὶ
1900 2154 2021 2222 εἰκῆ

448 2231 621 2286 ταῦτα
667 2232 903 2300 βαδίζειν
937 2237 1138 2302 ἐκεῖσε,
1162 2239 1210 2289 εἰ
1245 2236 1321 2308 μὴ
1352 2237 1546 2308 ἴδωμεν
1576 2235 1932 2307 καρπούμενά
1971 2251 2025 2287 τι

448 2316 611 2368 πλέον
631 2335 643 2346 ·
663 2317 809 2387 ἡμᾶς
820 2317 877 2370 δὲ
892 2318 1018 2381 τοὺς
1035 2321 1116 2380 εἰς
1137 2319 1334 2389 μέτρον
1347 2319 1560 2389 ἡλικίας
1582 2319 1910 2390 φθάσαντας,
1932 2318 2024 2370 καὶ

445 2400 527 2462 εἰς
537 2399 600 2452 τὸ
611 2402 977 2471 πνευματικὸν
988 2403 1143 2455 τοῦτο
1153 2401 1516 2456 διδασκαλεῖον
1528 2401 1967 2473 παραγενομένου
1978 2418 2020 2465 ς,

448 2485 526 2557 μὴ
541 2484 640 2554 τὴν
662 2484 783 2553 ἰσην
800 2485 1029 2548 ἐκείνοις
1051 2485 1285 2556 σπουδὴν
1300 2487 1723 2548 ἐπιδείκνυσθαι,
1737 2487 1832 2538 καὶ
1849 2484 2022 2537 ταῦτα

445 2568 576 2621 ἔνθα
599 2571 679 2629 εἰς
701 2567 799 2638 τὴν
817 2568 917 2638 τῆς
934 2569 1112 2638 ψυχῆς
1137 2570 1410 2640 σωτηρίαν
1429 2569 1490 2621 τὸ
1517 2569 1704 2640 κέρδος
1726 2569 2022 2636 διαϐαίνεις

449 2652 718 2715 Ἕκαστος
730 2651 908 2704 τοίνυν
923 2651 1098 2721 ἡμῶν,
1112 2651 1434 2723 παρακαλῶ,
1451 2652 1638 2705 ἐαυτὸν
1656 2651 1774 2705 καθ’
1786 2651 2021 2721 ἑκάστην

447 2735 659 2804 ἡμέραν
681 2735 1062 2806 διερευνάσθω,
1081 2733 1132 2786 τί
1156 2734 1254 2803 μὲν
1279 2736 1343 2787 ἐκ
1363 2735 1461 2803 τῆς
1487 2735 1746 2806 ἡμερινῆς
1769 2733 2021 2805 ἐκέρδανε

442 2815 750 2882 διαλέξεως,
781 2817 832 2870 τί
853 2817 910 2870 δέ
932 2819 996 2870 ἐκ
1019 2820 1116 2888 τῆς
1142 2818 1420 2887 ἐπιούσης,
1451 2817 1536 2870 ἵνα
1561 2819 1634 2887 μὴ
1665 2817 1901 2886 δόξωμεν
1931 2817 2023 2868 xal

444 2902 608 2968 ἡμεῖς
635 2900 757 2968 εἰκῆ
781 2899 874 2953 καὶ
906 2897 1093 2962 ἁπλῶς
1121 2899 1353 2952 ἐνταῦθα
1384 2899 1798 2970 παραγίνεσθαι.
1820 2899 1942 2949 Ὅτι
1965 2898 2022 2948 δέ

443 2981 604 3034 τοῦτο
627 2983 775 3052 ἡμᾶς
811 2981 910 3051 μέν
935 2982 1116 3052 πάσης
1152 2981 1330 3043 αἰτίας
1367 2981 1559 3051 ἀφίησι
1588 2985 1606 3051 (
1632 2982 1698 3033 τά
1725 2981 1833 3051 γάρ
1868 2979 2018 3051 [517]

446 3064 567 3118 καθ’
604 3065 830 3128 ἑαυτοὺς
875 3063 1090 3118 ᾶπαντα
1118 3065 1461 3136 εἰσφέρομεν,
1495 3065 1588 3117 καὶ
1615 3065 1761 3117 οὐδὲν
1799 3064 1907 3116 τῶν
1941 3066 2022 3127 εἰς

443 3147 673 3217 δύναμιν
694 3146 1192 3217 παραλιμπάνομεν
1213 3149 1255 3215 ),
1290 3150 1399 3208 τοῖς
1420 3145 1476 3199 δὲ
1507 3146 1895 3214 ἀγανακτοῦσι,
1928 3150 2022 3202 καὶ

448 3229 587 3299 μετά
619 3228 903 3299 ἀκριϐείας
958 3228 1032 3298 μὴ
1081 3230 1428 3299 προσέχουσι,
1470 3229 1564 3281 καὶ
1592 3229 1931 3300 καρποῦσθαί
1969 3248 2021 3283 τι

445 3311 610 3365 πλέον
659 3312 735 3381 μὴ
777 3311 1118 3380 βουλομένοις
1149 3312 1396 3380 μείζονος
1438 3312 1608 3365 αἰτίον
1648 3313 2022 3382 κατακρίσεως

445 3396 676 3464 γίνεται,
702 3396 930 3448 ἄκουσον
967 3393 1060 3446 τοῦ
1098 3395 1336 3464 Χριστοῦ
1359 3395 1606 3463 λέγοντος
1641 3396 1776 3466 πρὸς
1807 3397 1904 3466 μὲν
1929 3398 2022 3452 τὸν

447 3476 845 3547 καταχώσαντα
867 3477 926 3529 τὸ
943 3476 1200 3530 τάλαντον
1225 3500 1227 3503 ·
1255 3477 1487 3544 Πονηρὲ
1505 3477 1843 3544 δοῦλε,ἐδει
1862 3494 1936 3533 σε
1956 3479 2022 3532 τὸ

442 3561 730 3630 ἀργύριόν
740 3576 860 3628 μου
883 3561 1242 3612 καταϐαλεῖν
1261 3559 1358 3612 ἐπὶ
1380 3559 1521 3626 τοὺς
1542 3559 1904 3628 τραπεζῖτας,
1922 3561 2022 3616 καὶ

443 3642 560 3714 ἐγὼ
577 3641 655 3697 ἂν
673 3641 866 3696 ἐλθὼν
889 3642 1175 3710 ἀπῄτησα
1193 3642 1339 3695 αὐτὸ
1368 3647 1519 3711 μετὰ
1553 3646 1734 3697 τόκου
1751 3661 1765 3675 ·
1797 3647 1926 3716 περὶ
1963 3645 2021 3697 δὲ

443 3727 556 3780 τῶν
599 3727 885 3779 Ἰουδαίων·
921 3726 987 3778 Εἰ
1013 3725 1098 3794 μὴ
1134 3721 1325 3794 ἦλθον
1351 3725 1448 3778 καὶ
1488 3726 1761 3793 ἐλάλησα
1793 3729 2018 3795 αὐτοῖς,

441 3809 738 3878 ἁμαρτίαν
751 3809 822 3861 οὐ
827 3827 865 3876 χ
881 3803 1067 3876 εἰχον·
1088 3807 1205 3860 νῦν
1222 3807 1289 3859 δὲ
1305 3809 1730 3876 πρόφασινοὺλι
1747 3810 2018 3879 ἔχουσιν.

445 3891 606 3944 Ἀλλά
622 3891 716 3944 νῦν
737 3892 896 3961 ἡμεῖς
917 3891 976 3943 ού
994 3890 1148 3944 τοῦτο
1173 3892 1502 3961 σκοποῦμεν,
1520 3894 1567 3943 εί
1584 3892 1686 3956 ἔξω
1705 3895 1811 3945 τῶν
1832 3895 2022 3965 ἐγκλη-

447 3977 636 4048 μάτων
659 3977 844 4046 ἐσμὲν,
859 3974 995 4028 ἀλλά
1013 3974 1108 4044 τὴν
1133 3976 1404 4046 ὑμετέραν
1427 3975 1797 4046 ἐπιθυμοῦμεν
1825 3997 2021 4049 προκο-

445 4058 575 4128 πὴν,
607 4060 699 4111 καὶ
731 4056 1240 4128 ἀκρωτηριάζεσθαι
1260 4060 1392 4126 ἡμῖν
1417 4059 1780 4128 ἡγούμεθατά
1803 4063 1900 4133 τῆς
1930 4064 2022 4116 εὐ-

445 4139 739 4212 φροσύνης,
775 4139 880 4192 κᾶν
906 4139 1162 4209 μυριάκις
1181 4140 1336 4191 αὑτοὶ
1366 4133 1516 4208 ὦμεν
1539 4141 1840 4209 ἀνεύθυνοι,
1868 4147 1916 4198 εἰ
1945 4147 2020 4219 μὴ

446 4226 540 4279 καί.
561 4225 718 4293 ὑμεῖς
736 4221 892 4285 ἀξίαν
912 4221 1019 4274 τῶν
1041 4222 1218 4274 πόνων
1235 4222 1344 4274 τῶν
1361 4222 1644 4291 ἡμετέρων
1659 4226 1757 4296 τὴν
1787 4230 2022 4298 σπουδὴν

444 4305 806 4376 ἐπιδείξησθε.
827 4303 974 4374 Λὺτη
994 4303 1102 4373 γάρ
1124 4303 1280 4374 ἡμῶν
1303 4305 1404 4374 τῆς
1420 4306 1756 4379 εὐφροσύνης
1777 4312 1810 4381 η
1835 4311 2021 4364 ὑπόοε-

445 4407 550 4452 σις,
578 4389 638 4440 τὸ
665 4389 798 4457 ὁρᾷν
829 4386 982 4458 ὑμῶν
1005 4387 1106 4455 τὴν
1125 4389 1184 4440 ἐν
1205 4390 1318 4451 τοῖς
1344 4393 1731 4460 πνευματικοῖς
1761 4393 2018 4448 ἐπίδοσιν.

445 4471 554 4525 Καὶ
575 4465 690 4523 οἶδα
713 4471 813 4540 μὲν
833 4470 917 4524 ὃτι
941 4469 1032 4523 διά
1058 4469 1156 4541 τὴν
1177 4469 1270 4524 τοῦ
1292 4471 1424 4524 Θεοῦ
1455 4467 1623 4542 χάριν
1646 4473 1909 4538 συνέσεως
1932 4494 2021 4528 πε-

444 4553 792 4623 πληρωμένοι
837 4552 1008 4617 ὄντες,
1038 4553 1331 4624 δυνήσεσθε
1363 4555 1457 4608 καὶ
1492 4554 1682 4618 ἄλλους
1708 4557 1979 4611 νουθετεῖν
1999 4574 2014 4589 ·

443 4637 581 4690 ἀλλά
617 4637 758 4690 κατά
795 4637 887 4688 τὸν
925 4637 1194 4706 μακάριον
1242 4638 1482 4704 Παῦλον,
1515 4641 2018 4713 ἐπαναμιμνήσκων

441 4722 608 4792 ὑμᾶς,
636 4719 732 4772 καὶ
755 4718 1036 4789 διεγείρων
1066 4718 1219 4788 ὑμῶν
1245 4719 1335 4771 τὸν
1367 4721 1527 4790 ζῆλον
1568 4725 1658 4776 καὶ
1684 4725 1782 4794 τὴν
1813 4727 2017 4796 προθυ-

441 4806 592 4876 μίαν,
632 4803 804 4858 ταῦτα
836 4801 1069 4872 συνεχῶς
1098 4803 1365 4870 παραινῶ,
1407 4805 1723 4875 βουλόμενος
1755 4809 1897 4876 ὑμᾶς
1924 4827 2016 4862 τε-

440 4891 613 4952 λείους
642 4889 735 4942 καὶ
760 4885 1201 4956 ἀπηρτισμένους
1243 4885 1496 4952 γενέσθαι
1555 4889 1629 4940 Ού
1676 4893 1868 4961 μικρὸν
1907 4893 2016 4963 γὰρ

439 4972 534 5024 καὶ
561 4970 719 5022 τοῦτο
739 4967 870 5020 αὑτὸ
897 4966 1093 5035 δεῖγμα
1116 4965 1376 5036 ποιοῦμαι
1401 4968 1501 5036 τῆς
1532 4968 1673 5021 κατά
1706 4971 1837 5023 Θεὸν
1863 4973 2014 5042 ὑμῶν

439 5050 826 5123 προκοπῆς,τδ
870 5049 1010 5118 μετά
1059 5047 1328 5118 τοσαύτης
1362 5051 1669 5122 προθυμίας
1718 5054 1838 5106 καθ’
1881 5058 2010 5110 ἑκά-

438 5152 569 5204 στην
599 5134 809 5204 ἡμέραν
837 5130 1072 5185 ἐνταῦθα
1102 5134 1516 5203 παραγίνεσθαι,
1571 5137 1662 5189 καὶ
1703 5137 2012 5208 ἀκορέστως

436 5218 580 5286 ἔχειν
608 5216 734 5282 περὶ
757 5215 854 5283 τὴν
880 5217 1254 5285 πνευματικὴν
1283 5217 1653 5275 διδασκαλίαν.
1677 5222 1884 5292 Ὥσπερ
1902 5225 2009 5293 γὰρ

436 5303 468 5370 ἡ
502 5299 628 5370 περί⁵
659 5299 756 5369 τὴν
776 5301 1092 5370 σωματικὴν
1130 5301 1336 5372 τροφὴν
1374 5303 1551 5372 ὄρεξις
1587 5304 1792 5372 ὑγιείας
1827 5309 1891 5360 ἂν
1922 5312 2007 5379 εἴη

437 5382 700 5451 μεγίστης
735 5381 1185 5450 σημεῖον·οὓτως
1237 5385 1268 5452 ἡ
1311 5387 1438 5453 περὶ
1484 5386 1583 5456 τὴν
1633 5391 2006 5460 πνευματικὴν

431 5463 780 5519 διδασκαλίαν
807 5465 1070 5534 ἐπιθυμία
1087 5466 1188 5534 τῆς
1211 5465 1350 5519 κατὰ
1370 5464 1542 5537 ψυχὴν
1572 5470 1778 5537 ὑγιείας
1801 5476 2005 5543 τεκμή-

437 5565 552 5619 γιον
585 5545 652 5600 ἀν
681 5544 767 5615 εἰη
789 5549 1201 5616 ἐναργέστατον.
1237 5547 1336 5601 Διά
1366 5565 1447 5602 τοι
1477 5549 1632 5603 τοῦτο
1665 5553 1818 5619 κάγὼ
1850 5554 2002 5617 εἰδὼς

436 5630 588 5695 ὑμῶν
615 5629 706 5681 τὸν
730 5627 910 5692 πόθον,
939 5629 1033 5682 καὶ
1065 5629 1144 5681 ὅτι
1169 5629 1270 5683 κᾶν
1304 5632 1562 5702 μυριάκις
1583 5637 1888 5702 παρατείνω
1903 5638 2002 5708 τὴν

433 5712 796 5778 διδασκαλίαν,
833 5713 950 5768 οὐδὲ
978 5711 1146 5777 οὕτως
1173 5715 1442 5785 ἐμπλῆσαι
1474 5717 1626 5787 ὑμῶν
1653 5717 1882 5790 δύναμαι
1905 5721 2000 5792 τὴν

1177 221 1236 276 S.
1275 221 1560 278 JOANNIS
1597 222 2085 280 CllliYSOSTOMI
2127 220 2439 277 ARCIIIEP.
2481 220 3026 278 CONSTANTINOI‘.

3603 221 3713 276 994

2133 332 2442 401 ἐπιθυμίαν,
2475 332 2568 384 καὶ
2595 333 2754 402 κόρον
2799 333 3093 403 ἐμποιῆσαι
3130 330 3226 400 τῆς
3265 327 3464 399 τροφῆς
3511 334 3708 401 ταύτης

2129 416 2227 482 τῆς
2267 417 2664 484 πνευματικῆς,
2712 417 2771 467 οὑ
2827 417 3106 484 παύσομαι
3158 415 3298 465 κατὰ
3342 412 3570 483 δύναμιν
3613 416 3712 483 τὴν

2131 498 2290 567 ἐμὴν,
2326 499 2468 564 ἅπερ
2496 497 2561 550 ἀν
2599 499 2632 566 ἡ
2663 497 2756 549 τοῦ
2789 497 2922 549 Θεοῦ
2967 498 3123 566 χάρις
3163 496 3398 566 παρέχῃ,
3446 498 3524 558 εἰς
3561 496 3708 564 ὠφέ-

2131 580 2277 632 λειαν
2295 581 2566 650 ὑμετέραν
2600 579 2772 632 ταῦτα
2800 581 2885 648 ἐφ’
2920 581 3156 649 ἑκάστης
3189 580 3315 648 ὑμῖν
3364 580 3707 649 παρατιθεὶς..

2132 662 2226 714 καὶ
2251 663 2319 714 τά
2349 662 2456 714 ἀπὸ
2484 662 2592 714 τῶν
2622 662 2780 716 θείων
2809 662 3038 733 Γραφῶν
3062 663 3366 731 διδάγματα
3400 661 3709 714 ἐναποτιθέ-

2135 763 2293 813 μενος
2313 747 2433 808 ταῖς
2449 746 2742 816 ὑμετέραις
2761 746 3041 810 διανοίαις.

2205 827 2269 895 β’.
2287 827 2421 897 Φέρε
2440 823 2532 880 οὖν
2550 829 2642 880 καὶ
2663 829 2904 899 σήμερον
2923 829 3013 881 τὸν
3031 826 3409 897 φιλάνθρωπον
3431 826 3710 895 Δεσπότην

2132 909 2612 978 παρακαλέσαντες
2650 909 2915 980 ὁδηγῆσαι
2939 910 3096 980 ἡμῶν
3142 910 3240 978 τὴν
3285 907 3532 976 γλῶσσαν
3571 909 3708 980 πρὸς

2130 991 2229 1061 τὴν
2257 991 2366 1044 τῶν
2394 992 2742 1062 ζητουμένων
2763 992 3000 1062 εὕρεσιν,
3025 994 3122 1063 τὴν
3145 993 3348 1062 συνήθη
3373 992 3709 1062 παραϐῶμεν

2133 1074 2260 1143 ὑμῖν
2287 1073 2656 1134 διδασκαλίαν,
2702 1075 2842 1127 αὑτά
2877 1075 3136 1146 πρότερον
3167 1074 3234 1126 τά
3288 1074 3707 1140 ἀναγνωσθέντα

2132 1155 2425 1228 προθέντες
2446 1159 2536 1210 ἐπὶ
2547 1157 2643 1227 τῆς
2664 1159 2935 1228 ὑμετέρας
2950 1159 3190 1228 ἀγάπης.
3211 1157 3319 1210 Κ(ιί
3336 1157 3527 1226 ὤφθη,
3549 1157 3704 1224 φησὶ,

2131 1240 2343 1307 Κύριος
2359 1243 2391 1293 ὀ
2411 1240 2554 1305 Θεὸς
2567 1239 2646 1304 τῷ
2663 1242 2730 1294 Ἀ
2739 1242 2909 1309 ϐραμ,
2925 1241 3023 1293 καί
3039 1235 3206 1292 εἶπεν
3229 1237 3410 1302 αὐτῷ.
3435 1239 3508 1290 Οὑ
3525 1238 3706 1301 καλῶς

2131 1321 2312 1388 ελεγον
2340 1322 2399 1386 ἐξ
2427 1323 2625 1392 ἀρχῆς,
2653 1323 2735 1375 ὅτι
2781 1323 2946 1385 πολὺς
2979 1324 3007 1374 ό
3043 1321 3314 1392 θησαυρὸς
3358 1321 3706 1373 ἐναπόκειται

2128 1407 2240 1466 τοῖς
2261 1404 2484 1474 βραχέσι
2513 1404 2720 1468 τούτοις
2753 1406 3022 1476 ῥήμασινς
3057 1405 3188 1457 Ἰδοὺ
3217 1404 3326 1474 γὰρ
3341 1403 3542 1464 εὐθέως
3557 1401 3706 1465 ξένον

2130 1487 2222 1540 καί
2244 1487 2426 1541 καινὸν
2458 1487 2518 1540 τὸ
2551 1486 2833 1557 προοίμιον
2867 1486 2976 1540 τῶν
3000 1487 3331 1558 εἰρημένων·
3376 1485 3482 1539 Καὶ
3515 1486 3704 1553 ὤφθη,

2129 1571 2282 1639 φησὶ,
2312 1570 2524 1637 Κύριος
2552 1573 2585 1622 ό
2610 1570 2749 1635 Θεὸς
2784 1568 2865 1634 τῷ
2915 1571 3149 1638 Ἄϐραμ.
3191 1570 3410 1640 Πρῶτον
3429 1569 3583 1621 τοῦτο
3611 1569 3704 1620 εὑ-

2131 1653 2388 1724 ρίσκομεν
2417 1654 2476 1705 ἐν
2504 1656 2568 1723 τῇ
2602 1653 2788 1724 Γραφῇ
2817 1653 2910 1705 νῦν
2937 1654 2998 1706 τὸ
3028 1655 3211 1726 ῥηθὲν,
3238 1655 3320 1706 ὅτι
3349 1655 3553 1721 Ὤρθη·
3573 1650 3704 1704 οῦτε

2130 1734 2236 1804 γὰρ
2261 1735 2352 1786 ἐπὶ
2371 1733 2462 1786 τοῦ
2502 1735 2691 1804 Ἀδὰμ,
2719 1735 2841 1788 οὑτε
2872 1738 2967 1789 ἐπὶ
2996 1736 3090 1790 τοῦ
3115 1737 3300 1801 Ἀδελ,
3324 1735 3446 1788 οὕτε
3481 1736 3572 1786 ἐπὶ
3611 1735 3703 1786 τοῦ

2127 1817 2272 1880 Νῶε,
2306 1815 2428 1869 οὔτε
2451 1818 2536 1870 ἐπ’
2566 1817 2727 1871 ἄλλου
2762 1819 2906 1882 τινὸς
2935 1819 3110 1891 ταύτῃ
3146 1821 3414 1890 ἐχρήσατο
3453 1821 3520 1889 τῇ
3563 1818 3704 1884 λέξει

2127 1900 2160 1969 ἡ
2193 1900 2311 1952 θεία
2342 1899 2555 1972 Γραφή.
2583 1901 2648 1953 Τί
2679 1897 2771 1954 οὖν
2801 1903 2917 1955 ἐστι
2945 1902 3005 1955 τὸ
3033 1904 3342 1973 εἰρημένον,
3372 1902 3481 1954 Kal
3512 1901 3704 1970 ὤφθη,

2127 1983 2294 2052 φησί;
2329 1985 2438 2036 Kal
2469 1984 2586 2046 πῶς
2615 1984 2843 2054 ἐτέρωθι
2888 1985 3057 2053 λέγει,
3107 1985 3318 2051 Οὐδεὶς
3363 1985 3572 2052 ὄψεται
3602 1984 3708 2036 τὸν

2128 2066 2294 2128 Θεὸν,
2311 2066 2408 2118 καὶ
2425 2065 2662 2132 ζήσεται
2680 2083 2698 2131 ;
2723 2068 2786 2119 Τί
2801 2063 2896 2120 οὑν
2909 2068 2975 2121 ἂν
2989 2068 3131 2121 εἰποι
3138 2085 3237 2138 μεν
3253 2067 3348 2121 νῦν
3366 2067 3466 2136 τῆς
3484 2067 3521 2118 Γ
3529 2066 3705 2137 ραφῆς

2125 2147 2408 2217 λεγούσης,
2423 2149 2504 2201 δτι
2521 2152 2746 2218 ’Ὠερθη;
2771 2151 2892 2215 Πῶς
2918 2149 3071 2223 ὤφθη
3092 2151 3170 2221 τῷ
3191 2150 3385 2220 δικαίῳ
3403 2166 3418 2214 ;
3439 2145 3585 2219 'A9a
3609 2149 3706 2200 αὑ·-

2124 2232 2223 2302 τὴν
2249 2233 2348 2303 τὴν
2379 2234 2567 2288 ούσίαν
2597 2231 2770 2300 εἷδεν;
2808 2237 2975 2306 Οὐχί·
3030 2237 3105 2307 μὴ
3143 2237 3371 2304 γένοιτο.
3417 2234 3578 2287 Ἀλλά
3614 2234 3666 2285 τί
3687 2250 3703 2298 ;

2124 2315 2310 2380 Οὕτως
2338 2315 2516 2387 ῶφθη,
2554 2317 2628 2381 ὼς
2660 2319 2821 2383 αὐτὸς
2880 2316 2988 2372 οἶδε
3041 2321 3222 2390 μόνος,
3277 2320 3369 2372 καὶ
3401 2318 3476 2380 ὠς
3511 2317 3704 2385 ἐκείνῳ

2126 2400 2276 2472 [518]
2301 2401 2524 2455 δυνατὸν
2545 2398 2614 2473 ἦν
2648 2403 2794 2456 ἰδεῖν.
2819 2404 3141 2473 Εὑμὴχανος
3159 2403 3268 2474 γάρ
3293 2402 3366 2455 ῶν
3387 2403 3414 2453 ὁ
3435 2400 3593 2468 σοφὸς
3610 2399 3705 2452 καὶ

2125 2483 2502 2554 φιλάνθρωπος
2551 2485 2709 2555 ἡμῶν
2753 2488 3066 2558 Δεσπότης,
3117 2489 3210 2539 καὶ
3259 2483 3705 2554 συγκαταϐαίνων

2121 2568 2186 2635 τῇ
2215 2566 2530 2638 ἀνθρωπίνῃ
2562 2567 2741 2635 φύσει,
2789 2571 2900 2632 τοῖς
2931 2568 3098 2632 ἀξίως
3142 2565 3702 2639 προπαρεσκευασμέ·

2124 2666 2234 2711 νοις
2267 2650 2459 2702 ἐαυτὸν
2500 2651 2812 2720 ἐμφανίζει.
2855 2652 2965 2704 Kal
3000 2651 3156 2705 τοῦτο
3193 2651 3433 2704 δείκνυσι
3486 2649 3574 2701 διὰ
3607 2647 3703 2700 τοῦ

2124 2734 2402 2802 προφήτου
2419 2772 2434 2797 ,
2460 2731 2664 2802 λέγων,
2716 2733 2860 2802 Ἐγὼ
2879 2733 3121 2802 ὁράσεις
3141 2733 3474 2798 ἐπλήθυνα,
3515 2731 3613 2784 καὶ
3634 2731 3704 2782 ἐν

2123 2821 2296 2886 χερσὶ
2325 2821 2987 2889 προφητῶνώμοιώθην.
3023 2821 3174 2873 Ἐπεὶ
3196 2821 3288 2872 καὶ
3322 2820 3545 2880 Ἡσαΐας
3564 2814 3704 2869 εἶδεν

2124 2902 2283 2953 αὑτὸν
2319 2903 2624 2973 καθήμενον
2645 2920 2657 2931 ·
2690 2903 2846 2956 τοῦτο
2881 2904 2937 2955 δὲ
2970 2904 3185 2970 ἀνάξιον
3209 2902 3377 2955 Θεοῦ·
3419 2901 3549 2962 Θεὸς
3593 2899 3704 2968 γὰρ

2123 2983 2182 3035 οὑ
2213 2984 2447 3054 κάθηται
2477 3000 2492 3016 ⁸
2530 2985 2645 3047 πῶς
2674 2986 2782 3055 γάρ
2817 2986 2848 3054 ἡ
2877 2984 3165 3056 ἀσώματος
3195 2984 3376 3054 ἐκείνη
3402 2984 3494 3036 καί
3509 2981 3703 3035 ἀνώλε-

2124 3064 2249 3133 θρος
2280 3067 2475 3134 φύσις;
2505 3069 2596 3119 καὶ
2623 3069 2651 3118 ὁ
2678 3067 2873 3137 Δανιὴλ
2910 3067 3072 3120 πάλιν
3103 3062 3240 3119 εἶδεν
3271 3067 3454 3131 αὑτὸν,
3489 3067 3563 3128 ὡς
3594 3083 3699 3117 πα-

2121 3153 2270 3205 λαιὸν
2289 3154 2513 3226 ἡμερῶν
2534 3171 2546 3184 ·
2569 3157 2662 3208 καὶ
2681 3157 2708 3207 ὁ
2726 3156 3001 3225 Ζαχαρίας
3020 3155 3220 3226 ἐτέρως
3238 3154 3399 3208 αὑτὸν
3419 3154 3698 3216 ἐθεάσατο,

2122 3238 2216 3288 καὶ
2257 3236 2514 3308 Ἰεζεκιὴλ
2568 3239 2728 3292 πάλιν
2771 3241 2966 3302 ἄλλως.
3007 3240 3105 3292 Διά
3157 3238 3318 3291 τοῦτο
3360 3233 3453 3290 οὖν
3495 3237 3699 3303 ἔλεγεν,

2121 3320 2272 3390 Ἐγὼ
2299 3321 2541 3388 ὁράσεις
2559 3322 2896 3390 ἐπλήθυνα,
2917 3321 3038 3374 ἀντὶ
3055 3321 3171 3384 τοῦ,
3194 3321 3335 3390 Πρὸς
3355 3319 3450 3390 τὴν
3471 3320 3700 3373 ἐκάστου

2121 3403 2280 3468 ἀξίαν
2307 3403 2479 3466 οὑτως
2505 3401 2712 3474 ὤφθην.
2762 3406 2871 3458 Kal
2915 3404 3010 3459 νῦν
3055 3401 3176 3470 οὖν,
3215 3404 3403 3474 ἐπειδὴ
3437 3403 3700 3472 ἀνέστησε

2121 3488 2212 3540 τὸν
2239 3488 2443 3539 δίκαιον
2469 3487 2698 3556 οἴκοθεν,
2727 3489 2822 3541 καὶ
2843 3488 3172 3560 προσέταξεν
3193 3489 3270 3552 εἰς
3297 3489 3396 3558 τὴν
3416 3487 3700 3556 ἀλλοτρίαν

2121 3572 2317 3634 ἐλθεῖν,
2352 3572 2795 3643 παραγενόμενος
2829 3572 2908 3636 δὲ,
2932 3571 3176 3642 καθάπερ
3195 3572 3398 3641 ἀλήτης
3419 3571 3508 3622 xal
3529 3570 3696 3634 ξένος,

2120 3653 2262 3706 οὑτω
2297 3654 2551 3724 περιῄει,
2595 3655 2705 3708 τῶν
2759 3655 3076 3708 Χαναναίων
3135 3654 3215 3706 ἐτι
3259 3652 3694 3714 κατοικούντων,

2121 3736 2394 3806 ἐπιζητῶν
2413 3738 2546 3790 ὅπου
2569 3736 2666 3808 τὴν
2687 3738 3002 3808 κατοίκησιν
3017 3737 3178 3790 αὑτὸν
3191 3736 3516 3806 ποιήσασθαι
3534 3751 3698 3804 προσ-

2121 3820 2287 3888 ῆκεν·
2324 3820 2352 3870 ὁ
2403 3819 2606 3886 ἀγαθὸς
2664 3820 2938 3891 Δεσπότης
2985 3819 3479 3890 παραμυθήσασθαι
3536 3817 3697 3869 αὑτὸν

2123 3901 2466 3970 βουλόμενος,
2532 3903 2626 3954 καὶ
2673 3901 2944 3972 νευρῶσαι
2997 3902 3160 3954 αὑτοῦ
3215 3900 3312 3970 τῆν
3351 3901 3692 3970 προθυμίαν,

2119 3983 2258 4036 ὥστε
2287 3985 2361 4056 μὴ
2386 3986 2676 4054 ναρκῆσαι,
2705 3986 2839 4056 μηδέ
2873 3986 3143 4039 ἐνδοιάσαι
3164 3986 3298 4054 πρὸς
3325 3985 3424 4054 τὴν
3454 3987 3693 4052 ἐπαγγε-

2119 4066 2239 4120 λίαν
2282 4068 2378 4138 τὴν
2417 4067 2516 4138 ήδη
2562 4068 2935 4137 γεγενημένην
2975 4068 3112 4138 πρὸς
3155 4068 3346 4130 αὑτὸν,
3375 4069 3457 4120 ὅτι
3490 4067 3694 4134 Δεῦρο,

2121 4151 2216 4204 καί
2243 4152 2477 4219 ποιήσω
2497 4164 2571 4204 σε
2595 4153 2682 4216 εἰς
2710 4152 2887 4218 ἔθνος
2909 4153 3064 4222 μέγα
3088 4152 3204 4223 (καὶ
3235 4151 3344 4222 γὰρ
3377 4151 3593 4204 ἐναντία
3625 4155 3692 4220 τῇ

2121 4234 2423 4302 ἐπαγγελία
2447 4232 2594 4304 ἐώρα
2625 4233 2693 4284 τά
2726 4234 2983 4303 γινόμενα
3030 4237 3058 4287 ὁ
3097 4235 3322 4297 δίκαιος,
3359 4235 3451 4286 καὶ
3488 4233 3563 4296 ὡς
3599 4234 3694 4286 Eva

2121 4315 2226 4367 τῶν
2246 4315 2477 4368 εὐτελῶν
2499 4316 2592 4367 καὶ
2612 4316 3063 4386 ἀπερριμμένων,
3109 4318 3201 4372 καὶ
3240 4316 3693 4387 ἀπροστατεύτων

2120 4398 2312 4451 ἐαυτὸν
2341 4400 2645 4468 περιιόντα,
2669 4400 2764 4452 καὶ
2791 4399 2909 4452 οὐδὲ
2941 4399 3074 4450 ὅπου
3097 4400 3431 4468 καταχθῆναι
3456 4399 3690 4467 ἔχοντα),

2121 4483 2186 4535 ἵν’
2208 4477 2299 4534 οὖν
2329 4481 2567 4552 διεγείρῃ
2594 4481 2755 4536 αὑτοῦ
2778 4482 2866 4534 τὸν
2895 4481 3171 4552 λογισμὸν,
3195 4483 3326 4552 φησί
3343 4501 3355 4513 σ
3386 4483 3493 4534 Καὶ
3525 4482 3690 4548 ὤφθη

2118 4567 2331 4632 Κύριος
2360 4563 2438 4628 τῷ
2464 4567 2706 4632 Ἀϐραμ,
2744 4563 2842 4616 καί
2859 4560 3029 4616 εἶπεν
3052 4565 3211 4629 αὐτῷ
3236 4583 3246 4592 ·
3285 4565 3369 4628 Τῷ
3397 4563 3691 4631 σπέρματί

2117 4667 2235 4704 σου
2249 4647 2420 4702 δώσω
2435 4647 2547 4716 τὴν
2564 4647 2680 4716 γῆν
2696 4649 2944 4715 ταύτην.
2965 4647 3114 4711 Τέως
3129 4650 3159 4717 ἡ
3176 4649 3465 4719 ὑπόσχεσις
3481 4645 3687 4716 μεγάλη

2119 4731 2212 4783 καὶ
2245 4731 2534 4792 ἀκόλουθος
2589 4733 2653 4799 τῇ
2693 4730 3026 4800 ἐπαγγελίᾳ,
3071 4731 3136 4782 δι’
3173 4726 3240 4802 ἦς
3280 4731 3490 4782 οἴκοθεν
3527 4729 3688 4782 αὑτὸν

2117 4815 2430 4884 ἀνέστησεν.
2457 4810 2588 4866 Εἷπε
2609 4815 2735 4884 γάρ·
2760 4814 3092 4883 Nerulum?)
3118 4816 3183 4869 τὸ
3216 4816 3401 4883 ὄνομά
3427 4832 3544 4868 σου
3569 4831 3581 4842 ·
3601 4814 3689 4866 διά

2115 4897 2270 4949 τοῦτο
2301 4898 2396 4950 νῦν
2418 4914 2547 4966 φησι
2571 4898 2750 4950 πάλιν·
2786 4895 2873 4962 Τῷ
2905 4897 3202 4966 σπέρματι
3235 4915 3353 4952 σου
3381 4897 3552 4950 δώσω
3576 4897 3688 4965 τὴν

2113 4977 2228 5048 γῆν
2258 4980 2498 5046 ταύτην.
2529 4978 2744 5047 Ἐπειδὴ
2763 4979 2870 5048 γὰρ
2892 4981 2949 5030 ἐν
2969 4981 3115 5048 γήρα
3135 4981 3414 5050 τυγχάνων
3433 4983 3462 5033 ὁ
3479 4980 3686 5042 δίκαιος

2111 5065 2277 5121 ἄπαις
2300 5058 2386 5132 ἢν,
2417 5060 2506 5114 διὰ
2532 5061 2633 5133 τὴν
2651 5061 2750 5131 τῆς
2770 5063 2946 5133 Σάρας
2967 5065 3268 5134 στείρωσιν,
3293 5067 3685 5133 ἐπαγγέλλεται

2111 5144 2259 5214 αύτῴ
2283 5144 2360 5214 τῷ
2380 5143 2439 5208 ἐξ
2459 5144 2624 5196 αὑτοῦ
2646 5146 2950 5215 τικτομένῳ
2978 5147 3076 5216 τὴν
3096 5148 3199 5218 γῆν
3226 5153 3545 5219 παρασχεῖν.
3573 5151 3684 5202 Καὶ

2111 5229 2300 5280 σκόπει
2354 5245 2444 5296 μοι
2479 5226 2614 5280 Θεοῦ
2666 5227 3094 5298 φιλανθρωπίαν,
3138 5231 3254 5294 πῶς
3296 5231 3556 5301 προειδὼς
3588 5235 3682 5284 τοῦ

2107 5310 2314 5362 δικαίου
2343 5311 2440 5378 τὴν
2465 5310 2688 5378 ἀρετὴν,
2736 5310 2982 5379 βούλεται
3012 5315 3145 5365 πᾶσι
3180 5314 3478 5383 κατάδηλον
3522 5315 3683 5368 αὑτὸν

2109 5397 2351 5462 ποιῆσαι,
2375 5393 2469 5445 καὶ
2485 5391 2735 5462 καθάπερ
2766 5393 3111 5464 μαργαρίτην
3131 5395 3251 5447 τινὰ
3283 5397 3678 5466 κρυπτόμενον,

2106 5475 2248 5527 οὑτω
2266 5473 2495 5544 φανερὸν
2523 5475 2962 5544 ἀπεργάσασθαι.
3001 5477 3107 5529 Kal
3138 5477 3469 5545 ἐπαγγελίας
3503 5481 3674 5546 ἐπαγ·Δ

2108 5558 2313 5625 γελίαις
2339 5557 2601 5626 συνάψας,
2631 5559 2727 5610 καὶ
2755 5558 2996 5628 μεγάλας
3027 5560 3124 5621 τὰς
3158 5561 3482 5630 ὑποσχέσεις
3522 5581 3678 5633 ποιη-

2113 5642 2363 5709 σάμενος,
2415 5639 2574 5693 πάλιν
2621 5643 2817 5711 μικρὸν
2869 5642 3310 5706 διαναϐάλλεται,
3373 5646 3458 5698 ῖνα
3502 5645 3673 5716 ταύτῃ

2114 5723 2346 5794 μάλιστα
2375 5721 2556 5794 δειχθῇ
2581 5724 2670 5776 τοῦ
2703 5725 3034 5796 πατριάρχου
3076 5728 3135 5779 τὸ
3161 5727 3422 5796 φιλόθεον,
3465 5728 3547 5780 ὅτι
3580 5729 3676 5781 real
