4020 6136
376 286 479 339 $293

390 397 545 451 lentia
601 401 781 447 nostra
832 384 1099 454 vigilantia
1149 381 1308 435 multa
1358 385 1564 431 utentes
1609 374 1954 440 decerpamus

383 488 678 541 utilitatem.
707 480 895 535 Solent
921 476 1061 531 enim
1092 488 1154 528 ea
1183 486 1300 540 quae
1330 468 1512 522 labore
1539 475 1593 519 et
1618 460 1955 531 inquisitione

388 578 556 644 aliqua
600 571 967 628 inveniuntur,
1004 563 1170 631 magis
1213 559 1355 629 infigi
1401 564 1593 610 nostrm
1637 551 1799 605 menti
1842 567 1855 601 :
1893 562 1956 601 ea

385 679 512 719 vero
553 675 670 730 qua!
714 658 864 711 facile
910 653 1248 707 inveniuntur
1271 690 1286 715 ,
1317 649 1473 701 citius
1518 661 1548 697 e
1586 641 1745 697 corde
1774 648 1957 693 nostro

390 752 618 805 avolare.
646 748 883 803 Obsecro
910 746 1065 813 igitur
1092 757 1158 795 ne
1183 741 1347 793 simus
1374 736 1716 805 negligentes,
1749 730 1842 784 sed
1866 743 1959 781 ex-

386 845 614 896 citemus
643 853 873 892 mentem
905 844 1138 888 nostram
1165 873 1180 898 ,
1211 840 1265 883 et
1301 829 1510 899 penitus
1536 827 1587 879 in
1618 825 1783 892 ipsam
1816 819 1961 875 Scri-

392 944 663 1002 pturarum
697 926 1102 999 profunditatem
1141 924 1439 976 intueamur
1462 961 1475 983 ,
1514 927 1571 971 ut
1610 915 1794 983 majori
1839 910 1962 965 inde

390 1023 538 1076 lucro
567 1029 784 1089 accepto
803 1058 818 1082 ,
849 1016 1066 1070 domum
1096 1012 1269 1066 redire
1299 1011 1470 1062 liceat.
1508 1007 1597 1060 Est
1626 1006 1766 1059 enim
1788 1002 1961 1055 eccle-

390 1114 468 1166 sia
511 1111 604 1165 Dei
644 1118 908 1163 mercatus
946 1104 1159 1175 quidam
1204 1099 1492 1170 spiritualis
1536 1096 1965 1161 medicorumque

393 1203 602 1257 officina
635 1197 909 1253 animabus
942 1215 955 1248 :
985 1203 1039 1248 et
1069 1209 1161 1263 par
1189 1201 1300 1255 est,
1328 1200 1383 1244 ut
1408 1189 1539 1242 sicut
1567 1186 1655 1255 qui
1685 1185 1747 1237 ad
1776 1184 1966 1237 nundi-

401 1308 498 1345 nas
522 1292 758 1350 veniunt,
778 1286 899 1341 inde
920 1284 1096 1338 multis
1119 1281 1379 1336 mercibus
1400 1276 1638 1332 collectis
1655 1274 1962 1330 redeamus:

400 1382 483 1435 vel
508 1380 655 1450 quasi
680 1393 710 1432 e
731 1376 918 1431 medici
947 1375 1127 1437 domo,
1157 1370 1385 1439 receptis
1409 1382 1525 1437 quae
1550 1364 1749 1419 morbis
1771 1362 1967 1415 nostris

397 1476 696 1538 congruunt
738 1464 1134 1520 medicamentis
1158 1502 1172 1524 ,
1212 1473 1482 1513 exeamus.
1528 1454 1640 1508 Non
1671 1453 1812 1508 enim
1844 1451 1966 1504 ideo

401 1560 638 1631 quotidie
681 1556 1033 1619 confluimus,
1083 1562 1139 1606 ut
1186 1550 1457 1605 dumtaxat
1500 1552 1792 1600 conventus
1844 1542 1971 1593 fiant

399 1648 710 1718 simpliciter
753 1666 767 1701 :
805 1645 900 1700 sed
942 1651 1215 1713 propterea
1252 1650 1637 1707 congregantur
1662 1673 1677 1696 ,
1709 1641 1767 1686 ut
1805 1645 1968 1684 unus-

399 1741 619 1808 quisque
642 1737 925 1807 pharmace
945 1734 1054 1787 suis
1074 1728 1347 1785 affectibus
1366 1723 1675 1794 congruenti
1700 1728 1967 1788 suscepto,

401 1830 618 1882 domum
648 1824 925 1881 concedat.
964 1819 1241 1889 Quomodo
1278 1817 1418 1872 enim
1458 1831 1560 1868 non
1591 1812 1749 1866 fuerit
1785 1810 1971 1865 absur-

402 1919 679 1991 dissimum
701 1956 715 1979 ,
742 1930 837 1968 nos
862 1928 892 1967 a
918 1911 1148 1981 puerulis
1169 1906 1363 1962 nostris
1385 1904 1451 1959 ad
1483 1903 1662 1957 ludum
1684 1899 1971 1953 literarium

403 2009 579 2064 missis
598 2007 832 2078 quotidie
860 2014 1038 2074 petere
1060 2042 1077 2067 ,
1102 2000 1225 2069 quid
1255 1997 1506 2053 discendo
1535 1993 1853 2065 profccerint
1874 2031 1891 2057 ,
1921 2000 1975 2043 et

402 2100 727 2169 adjecerint;
775 2111 946 2164 neque
988 2094 1130 2148 enim
1180 2092 1475 2145 sineremus
1526 2100 1619 2140 eos
1662 2085 1889 2144 frustra,
1922 2090 1975 2134 et

403 2191 602 2259 absque
626 2189 846 2243 utilitate
871 2187 923 2240 in
951 2184 1128 2239 ludum
1156 2182 1253 2248 ire,
1281 2179 1380 2233 nisi
1407 2178 1632 2232 fructum
1660 2172 1971 2242 ampliorem

407 2281 528 2335 inde
556 2286 910 2346 consequutos
936 2275 1275 2334 videremus;
1318 2284 1415 2322 nos
1454 2275 1629 2320 autem
1658 2263 1745 2332 qui
1782 2262 1974 2329 justam

407 2381 615 2425 anatem
637 2369 913 2431 habemus,
934 2374 988 2420 et
1018 2365 1069 2417 in
1090 2359 1390 2431 spirituales
1410 2356 1620 2411 scholas
1640 2352 1974 2411 ventitamus,

409 2477 514 2515 non
541 2476 635 2530 par
662 2459 767 2512 illis
794 2456 1023 2510 studium
1055 2451 1306 2508 exhibere
1328 2490 1346 2513 ,
1376 2446 1604 2501 maxime
1632 2456 1752 2499 eum
1784 2441 1895 2493 hinc
1924 2440 1975 2492 in

414 2556 618 2607 lucrum
636 2560 689 2605 et
704 2550 925 2602 salutem
946 2545 1239 2601 animarum
1262 2538 1537 2610 spectent?
1559 2535 1720 2605 Igitur
1733 2533 1976 2596 obsecro,

414 2654 472 2697 ιιι
508 2656 739 2709 seipsum
783 2638 1018 2708 quotidie
1045 2641 1309 2689 scrutetur
1336 2628 1691 2697 unusquisque
1713 2666 1729 2690 ,
1763 2622 1887 2691 quid
1914 2636 1980 2675 ex

418 2735 696 2795 hodierna,
721 2730 844 2801 quid
866 2744 930 2783 ex
955 2725 1191 2796 proxima
1214 2722 1438 2777 lectione
1458 2715 1698 2772 utilitatis
1717 2712 1979 2778 retulerit,

417 2838 475 2881 ut
505 2841 571 2880 ne
604 2824 876 2877 videamur
904 2829 959 2873 et
998 2831 1095 2871 nos
1125 2825 1323 2869 temere
1361 2821 1517 2879 atque
1554 2808 1746 2861 frustra
1773 2805 1977 2858 adesse.

415 2916 566 2982 Quod
610 2924 785 2968 autem
826 2912 929 2965 hoc
964 2922 1061 2961 nos
1090 2906 1240 2974 culpa
1281 2904 1541 2956 immunes
1567 2896 1753 2952 reddat
1782 2894 1983 2966 (otl’eri-

419 3022 536 3061 mus
558 3005 698 3059 enim
725 2999 979 3073 quidquid
1007 2996 1170 3051 nostri
1198 3003 1277 3049 est
1308 2990 1466 3045 ofﬁcii
1486 3031 1503 3054 ,
1529 2997 1582 3042 et
1612 2985 1741 3039 nihil
1770 2995 1986 3054 prorsus

422 3098 562 3168 quod
592 3105 785 3150 nostrze
811 3094 879 3147 sit
904 3089 1161 3145 facultatis
1187 3083 1575 3156 praeterimus);
1605 3078 1745 3150 quod
1771 3091 1897 3132 vero
1922 3075 1985 3129 iis

423 3190 511 3258 qui
544 3188 697 3241 nobis
734 3190 1079 3243 succensent,
1114 3192 1209 3232 nec
1236 3181 1552 3236 occurrunt,
1584 3186 1681 3223 nec
1704 3167 1842 3221 dicta
1870 3162 1988 3219 dili-

421 3290 604 3350 genter
623 3275 937 3337 auscultant,
959 3269 1172 3338 majoris
1193 3260 1647 3322 condcmnationis
1667 3259 1734 3312 sit
1753 3255 1983 3317 occasio,

421 3349 541 3423 audi
578 3367 843 3422 Christum
881 3363 1143 3416 dicentem
1176 3358 1225 3412 ei
1252 3356 1341 3425 qui
1384 3354 1637 3408 talentum
1664 3349 1938 3405 defodcrat
1971 3364 1985 3401 :

424 3461 577 3515 Serve
609 3472 819 3526 nequam
837 3495 853 3520 ,
884 3448 1136 3520 oportebat
1166 3458 1213 3501 te
1234 3446 1494 3517 pecuniam
1530 3458 1688 3496 meam
1724 3439 1861 3507 apud
1890 3453 1981 3489 nus

423 3550 664 3602 mutarios
692 3544 996 3615 deposuisse,
1022 3550 1067 3594 et
1096 3539 1292 3592 veniens
1312 3552 1403 3606 ego
1424 3533 1727 3604 repetiissem
1746 3545 1856 3582 eam
1877 3543 1990 3579 cum

424 3656 575 3694 usura
603 3637 811 3709 (Matth.
838 3635 930 3689 25.
957 3632 1047 3687 26.
1076 3630 1201 3701 27);
1228 3628 1295 3682 de
1318 3627 1518 3681 Juda-is
1548 3633 1725 3678 autem
1756 3639 1768 3673 :
1804 3621 1863 3674 Si
1890 3635 1991 3671 non

425 3731 683 3793 venissem,
714 3737 758 3780 et
787 3728 1021 3793 loquutus
1041 3723 1247 3793 fuissent
1271 3719 1360 3778 eis.
1395 3724 1647 3785 peccatum
1668 3728 1767 3765 non
1794 3709 1995 3763 habuis-

427 3830 531 3874 sent
554 3836 573 3883 ;
600 3833 730 3870 nunc
755 3824 922 3867 autem
948 3811 1317 3865 excusationem
1346 3822 1444 3858 non
1471 3803 1649 3855 habent
1678 3803 1696 3869 (
1718 3800 1871 3852 Joan.
1902 3797 1988 3851 15.

427 3912 543 3979 ‘22).
572 3908 831 3961 Cretcrum
858 3918 955 3957 nos
981 3915 1119 3954 nunc
1148 3914 1255 3951 non
1276 3896 1375 3949 hoc
1404 3907 1666 3955 curamus,
1700 3900 1753 3943 ut
1781 3902 1995 3957 prorsus

432 4001 654 4057 crimine
679 4010 972 4057 careamus,
999 4001 1054 4047 et
1081 3992 1131 4044 in
1161 3989 1303 4042 nullo
1322 3999 1623 4054 arguamur,
1645 3981 1739 4036 sed
1765 3990 1994 4034 vestrum

434 4092 721 4162 profectum
747 4086 925 4140 videre
946 4082 1207 4153 cupimus,
1230 4087 1284 4132 et
1308 4085 1539 4130 nostram
1568 4073 1799 4127 hetit'unn
1826 4068 1999 4122 inuni-

434 4185 523 4238 nui
550 4182 885 4243 arbitramur,
911 4176 1067 4229 etiam
1091 4170 1425 4239 quantumvis
1454 4166 1649 4221 innoxii
1681 4163 1780 4231 ipsi
1807 4163 1994 4226 simus,

434 4275 533 4329 nisi
575 4280 630 4326 et
670 4285 764 4324 vos
807 4266 1037 4323 studium
1078 4262 1342 4316 laboribus
1373 4258 1566 4312 nostris
1604 4256 1817 4324 dignum
1848 4252 1998 4306 exhi-

436 4363 674 4418 bueritis.
708 4360 830 4413 llaec
856 4357 997 4411 enim
1024 4361 1217 4407 nostrae
1244 4350 1438 4405 laetitia:
1462 4346 1678 4401 materia
1707 4353 1808 4410 est,
1839 4342 1885 4396 si
1912 4358 2001 4394 vc-

435 4453 627 4507 strain
674 4446 1031 4518 spiritualibus
1071 4444 1394 4496 incrementa
1438 4436 1729 4490 videamus.
1779 4433 1847 4486 Et
1888 4431 2000 4485 scio

435 4540 645 4611 quidem
665 4553 759 4592 vos
781 4552 872 4606 per
895 4534 1116 4605 gratiam
1142 4532 1231 4584 Dei
1262 4540 1461 4583 tantum
1486 4526 1683 4595 pollere
1709 4524 1994 4585 intellectu,

439 4644 495 4685 ut
520 4644 574 4686 et
600 4630 730 4684 alios
757 4628 975 4681 valeatis
1010 4623 1309 4686 exhortari;
1340 4620 1433 4673 sed
1462 4617 1748 4672 secundum
1789 4616 1998 4669 beatum

434 4728 651 4780 l’aulum
669 4764 685 4789 ,
715 4719 1026 4776 memoriam
1056 4724 1283 4769 vestram
1314 4711 1504 4765 refrico
1522 4748 1539 4773 ,
1568 4716 1622 4763 et
1652 4721 1877 4775 provoco
1904 4720 2001 4759 ve-

435 4826 603 4867 strum
633 4812 801 4866 zelum
834 4808 1099 4875 animiqtte
1125 4802 1355 4856 studium
1379 4841 1392 4863 ,
1423 4798 1647 4853 subinde
1674 4796 1787 4849 haec
1813 4795 1999 4846 admo-

437 4918 611 4963 nens.
649 4912 704 4955 et
748 4899 966 4966 cupiens
1016 4910 1111 4948 vos
1157 4891 1419 4963 perfectos
1465 4897 1519 4940 et
1568 4886 1837 4939 absolutos
1885 4896 2003 4936 esse

437 4995 632 5063 (Rom.
676 4992 762 5044 15.
806 4988 933 5057 15).
977 4985 1091 5039 Non
1137 4984 1279 5037 enim
1323 4980 1590 5035 mediocre
1636 4982 2000 5043 argumentum

443 5085 568 5139 mihi
598 5091 679 5137 est
717 5082 818 5134 hoc
845 5079 1002 5132 vestri
1041 5079 1093 5130 in
1122 5076 1313 5129 divinis
1352 5074 1618 5141 profectus
1637 5110 1653 5132 ,
1679 5066 1818 5135 quod
1859 5073 2002 5118 tanta

443 5176 715 5231 alacritate
743 5171 978 5241 quotidie
1008 5169 1109 5221 huc
1133 5164 1454 5221 conveniatis
1474 5204 1489 5227 ,
1521 5171 1576 5215 et
1612 5156 1872 5228 spirituali
1906 5155 2004 5208 do-

441 5267 610 5322 ctrina
640 5262 840 5331 expleri
870 5274 973 5313 non
1002 5258 1231 5327 possitis.
1259 5254 1390 5308 Nam
1415 5248 1857 5321 quemadmodum
1879 5261 2009 5300 eor-

444 5356 638 5427 poralis
652 5352 755 5407 cibi
772 5350 1051 5420 appetitus,
1069 5346 1318 5400 indicium
1333 5354 1415 5396 est
1434 5342 1646 5409 optima:
1662 5336 2004 5391 valetudinis:

445 5454 514 5501 ita
540 5443 859 5500 desiderium
890 5438 1175 5508 spiritualis
1202 5435 1490 5497 doctrinas,
1522 5430 2003 5483 manifestissimum

447 5544 805 5605 argumentum
832 5540 916 5585 est
942 5528 1132 5583 animae
1161 5528 1295 5580 bene
1320 5523 1560 5576 valentis.
1594 5522 1923 5587 Quapropter
1950 5526 2007 5572 et

446 5642 544 5694 ego
572 5627 705 5681 bene
728 5623 971 5686 conscius
991 5619 1147 5677 vestri
1172 5615 1439 5681 desiderii,
1463 5612 1598 5683 quod
1618 5610 1815 5666 scilicet
1837 5627 2001 5680 quan-

1394 265 1458 319 IN
1495 262 1646 318 CAP.
1688 257 1801 315 XII.
1842 256 2085 314 GENES.
2128 251 2358 308 IIOMIL.
2395 248 2610 305 XXXII.

3522 240 3627 294 ειη

2059 365 2255 419 tumvis
2283 362 2567 431 producam
2596 373 2895 413 sermonem
2917 399 2932 422 ,
2964 372 3068 412 non
3097 357 3294 427 possim
3319 357 3403 410 vel
3434 359 3511 411 sic
3533 373 3632 413 ex-

2060 455 2204 523 plere
2232 451 2553 506 desiderium
2582 489 2595 512 ,
2626 457 2680 502 et
2707 448 2957 507 alimento
2983 447 3240 515 spirituali
3273 461 3366 499 vos
3394 447 3589 500 satiare
3610 485 3625 509 ,

2060 560 2164 598 non
2190 542 2389 596 desisto
2416 556 2512 610 pro
2537 555 2652 594 mea
2685 540 2819 592 virili
2844 579 2860 603 ,
2886 555 2946 593 ea
2973 554 3091 607 qua:
3122 538 3213 592 Dei
3243 540 3409 607 gratia
3436 552 3622 606 suppeo

2058 633 2212 698 ditat,
2244 633 2296 686 in
2324 640 2553 685 vestram
2585 630 2858 683 utilitatem
2884 629 3120 698 quotidie
3140 628 3291 683 vobis
3312 643 3625 697 proponere,

2061 733 2116 779 et
2154 723 2347 777 divina:
2375 721 2662 790 Scriptura:
2701 720 2995 774 doctrinam
3026 719 3291 773 mentibus
3318 719 3511 773 vestris
3549 720 3632 772 in-

2063 828 2262 869 serere.

2132 905 2187 958 2.
2231 904 2365 958 Deus
2393 902 2639 974 quomodo
2668 901 2913 955 videatur.
2957 928 3027 940 -—
3066 901 3176 971 Age
3202 900 3359 969 igitur
3387 907 3441 954 et
3476 900 3634 956 hodie

2065 995 2458 1049 misericordem
2487 995 2650 1047 Deum
2676 992 3036 1057 obsecremus,
3063 1002 3120 1044 ut
3145 991 3372 1060 linguam
3400 1002 3633 1048 nostram

2066 1084 2260 1152 dirigat
2288 1083 2353 1136 ad
2388 1082 2759 1135 inveniendum
2784 1078 2925 1149 quod
2951 1079 3254 1147 qnzrrimus,
3286 1088 3337 1133 et
3367 1095 3465 1148 pro
3490 1097 3638 1136 more

2070 1183 2251 1227 nostro
2278 1174 2428 1228 vobis
2454 1173 2737 1226 all'eramus
2761 1170 3075 1232 doctrinam,
3103 1171 3383 1238 propositis
3412 1172 3633 1239 primum

2070 1264 2152 1318 his
2177 1280 2294 1332 qua:
2322 1264 2455 1318 lecta
2482 1272 2603 1317 sunt
2629 1260 2836 1316 caritati
2870 1271 3078 1315 vestrm.
3105 1262 3158 1315 7.
3188 1261 3252 1313 Et
3277 1263 3409 1317 visus
3436 1273 3527 1328 est,
3561 1266 3641 1317 in-

2068 1358 2200 1425 quit,
2230 1356 2476 1410 Dominus
2501 1355 2666 1409 Abrw.
2697 1353 2763 1407 Et
2792 1354 2919 1407 dixit
2941 1355 3004 1406 ei.
3032 1352 3217 1407 Nonne
3241 1354 3373 1408 bene
3402 1356 3636 1410 dicebam

2070 1449 2137 1500 ab
2166 1448 2337 1512 initio,
2364 1448 2528 1500 latere
2545 1446 2599 1499 in
2624 1446 2805 1514 paucis
2833 1445 2934 1499 illis
2958 1445 3132 1499 verbis
3158 1460 3402 1514 magnum
3430 1447 3636 1501 theSau-

2071 1539 2227 1592 rum?
2272 1540 2409 1593 Ecce
2449 1538 2590 1592 enim
2628 1538 2805 1591 statim
2855 1551 3030 1590 rarum
3073 1545 3129 1590 et
3163 1537 3470 1591 admirabile
3516 1553 3639 1606 pro-

2071 1631 2319 1685 (nmium:
2342 1629 2405 1682 Et
2424 1630 2558 1683 visus
2585 1638 2679 1695 est,
2709 1628 2895 1696 inquit,
2920 1626 3163 1680 Dominus
3184 1626 3319 1680 Deus
3344 1628 3507 1680 Abra'.
3532 1629 3642 1683 lloc

2075 1725 2300 1789 primum
2341 1719 2635 1773 invenimus
2666 1718 2716 1770 in
2754 1716 3024 1784 Scriptura
3054 1732 3194 1770 nunc
3232 1718 3429 1770 dictum
3454 1757 3468 1781 ,
3499 1720 3639 1787 quod

2075 1812 2218 1864 visus
2246 1809 2351 1863 sit:
2378 1824 2548 1878 neque
2576 1809 2715 1862 enim
2745 1808 3010 1876 Scriptura
3036 1808 3210 1861 divina
3238 1807 3402 1861 verbo
3425 1808 3523 1861 hoc
3549 1825 3640 1863 ttsa

2075 1911 2176 1965 est,
2206 1916 2326 1955 cum
2356 1900 2422 1955 de
2451 1900 2656 1963 Adam,
2687 1900 2770 1953 vel
2801 1899 2867 1951 de
2894 1898 3060 1963 Abel,
3087 1898 3171 1951 vcl
3199 1898 3266 1952 de
3295 1899 3435 1961 Nnc,
3470 1901 3548 1953 vel
3576 1900 3643 1954 de

2076 1994 2180 2047 alio
2203 1993 2446 2062 quopiam
2470 1992 2680 2060 loquuta
2701 2001 2803 2043 est.
2826 1990 2960 2055 Quid
2984 1990 3140 2059 igitur
3158 2002 3231 2043 cst
3257 1989 3395 2057 quod
3413 1989 3602 2045 dicitur
3625 2008 3639 2042 :

2078 2084 2146 2136 Et
2186 2084 2321 2136 visus
2358 2081 2479 2136 est?
2508 2082 2572 2136 Et
2604 2080 2869 2150 quomodo
2893 2080 3014 2132 alibi
3054 2080 3177 2132 dicit
3207 2097 3218 2131 :
3254 2078 3441 2134 Nullus
3467 2079 3644 2133 videbit

2078 2174 2276 2237 Deum,
2307 2182 2354 2225 et
2383 2172 2509 2225 vivet
2543 2171 2562 2241 (
2591 2171 2753 2225 Exod.
2782 2171 2870 2224 33.
2894 2170 2964 2224 ‘20
2989 2171 3043 2238 )?
3068 2170 3200 2236 Quid
3230 2171 3386 2239 igitur
3412 2170 3646 2224 dicemus

2080 2280 2221 2320 nunc
2243 2264 2512 2332 Scriptura
2538 2263 2745 2316 dicente
2773 2277 2786 2313 :
2818 2260 2885 2313 Et
2912 2261 3042 2315 visus
3069 2261 3181 2313 est?
3206 2260 3478 2328 Quomodo
3504 2261 3646 2315 visus

2078 2363 2159 2409 est
2182 2353 2362 2423 justo?
2390 2352 2522 2406 Num
2550 2352 2715 2421 ipsam
2750 2350 3095 2404 substantiam
3127 2350 3287 2403 vidit?
3314 2350 3461 2414 Non,
3485 2351 3640 2405 absit.

2078 2446 2182 2500 Sed
2210 2445 2373 2515 quid?
2410 2444 2498 2499 Sic
2522 2445 2665 2497 visus
2700 2452 2780 2497 est
2802 2483 2817 2507 ,
2851 2450 2906 2495 ut
2934 2442 3048 2510 ipse
3082 2443 3225 2495 solus
3249 2444 3347 2495 scit
3372 2484 3386 2506 ,
3415 2452 3469 2495 et
3493 2452 3551 2495 ut
3576 2444 3647 2496 illi

2082 2537 2332 2607 possibile
2358 2544 2474 2591 erat
2499 2535 2700 2590 videre.
2738 2534 2918 2589 Solers
2943 2533 3083 2588 enim
3112 2549 3232 2587 cum
3262 2535 3328 2587 sit
3355 2535 3564 2602 sapiens
3596 2544 3650 2588 et

2082 2628 2384 2682 misericors
2424 2627 2676 2680 Dominus
2718 2635 2937 2690 noster,
2968 2640 3028 2679 se
3066 2623 3310 2677 humana:
3338 2634 3652 2692 attemperat

2084 2729 2303 2784 naturae,
2334 2727 2386 2772 et
2410 2717 2754 2785 semetipsum
2786 2716 2848 2769 iis
2874 2716 2961 2783 qui
2986 2729 3046 2769 se
3072 2724 3227 2768 antea
3256 2715 3413 2783 digne
3442 2730 3643 2785 pra'pa-

2088 2816 2358 2870 rat-erunt,
2383 2806 2633 2860 ostendit.
2667 2804 2825 2874 quue
2850 2804 3177 2858 demonstrat
3204 2819 3295 2871 per
3321 2805 3648 2873 prophetam,

2086 2900 2272 2953 dicens
2300 2915 2315 2951 :
2348 2898 2458 2967 Ego
2494 2898 2705 2950 visiones
2732 2895 3061 2963 multiplieavi
3082 2936 3097 2958 ,
3130 2906 3174 2947 et
3205 2896 3255 2947 in
3286 2895 3511 2949 manibus
3538 2911 3654 2964 pro-

2085 2988 2351 3058 phetarum
2391 2986 2693 3039 assimilatas
2719 2986 2795 3054 fui
2837 2984 2856 3054 (
2886 2982 3011 3037 Osee
3039 2983 3121 3036 12.
3155 2983 3218 3037 10
3244 2984 3285 3053 ).
3317 2982 3571 3050 Quoniam
3600 2993 3651 3038 et

2081 3075 2247 3134 Isaias
2280 3076 2407 3131 vidit
2443 3091 2563 3131 eum
2604 3075 2873 3130 sedentem
2903 3075 2920 3142 (
2950 3073 3077 3130 1οαὶ.
3103 3074 3154 3129 6.
3190 3075 3210 3127 l
3236 3074 3256 3143 )
3284 3090 3299 3129 :
3331 3075 3429 3128 hoc
3471 3084 3646 3127 autem

2087 3168 2199 3224 Deo
2239 3166 2507 3236 indignum
2534 3182 2549 3219 :
2578 3165 2717 3220 Deus
2744 3164 2885 3218 enim
2922 3179 3028 3218 non
3055 3162 3240 3227 sedet;
3270 3163 3357 3233 qui
3388 3163 3527 3217 enim
3556 3180 3651 3232 po-

2092 3270 2231 3328 test,
2286 3274 2408 3315 cum
2448 3259 2519 3314 sit
2557 3259 2868 3327 incorporea
2907 3265 2961 3310 et
2999 3255 3231 3309 interittti
3272 3272 3374 3309 non
3431 3256 3655 3311 obnoxia

2092 3351 2315 3406 natura?
2357 3358 2413 3406 et
2454 3349 2633 3404 Daniel
2673 3362 2884 3418 quoque
2926 3347 3054 3400 vidit
3091 3361 3211 3400 eum
3237 3386 3254 3413 ,
3295 3355 3350 3398 ut
3385 3346 3656 3414 antiquum

2088 3446 2297 3501 dierum
2328 3442 2504 3517 (Dan.
2537 3443 2591 3496 7.
2619 3440 2691 3495 22
2715 3443 2766 3511 );
2807 3438 3087 3493 Zacharias
3127 3447 3306 3491 autem
3349 3437 3502 3492 aliter
3534 3453 3657 3492 eum

2092 3536 2357 3591 contuitus
2382 3544 2465 3589 est
2486 3535 2503 3603 (
2526 3533 2687 3588 Zach.
2716 3531 2817 3601 1);
2846 3530 2938 3585 sed
2960 3538 3015 3584 et
3043 3529 3284 3584 Ezechiel
3309 3529 3481 3584 aliter.
3508 3528 3662 3586 Unde

2093 3627 2303 3681 dicebat
2333 3643 2346 3678 :
2375 3624 2485 3694 Ego
2514 3624 2725 3676 visiones
2749 3621 3073 3689 multiplicavi
3097 3636 3116 3672 :
3137 3621 3236 3673 hoc
3253 3629 3354 3683 est,
3384 3621 3662 3689 unicuique

2094 3715 2311 3785 apparui
2340 3728 2436 3784 pro
2462 3727 2554 3766 sua
2583 3710 2856 3780 dignitate.
2890 3709 2958 3762 Et
2981 3723 3119 3761 nunc
3143 3723 3353 3777 quoque
3375 3749 3390 3771 ,
3422 3709 3544 3776 quia
3575 3709 3662 3775 ju-

2098 3817 2239 3858 stum
2264 3817 2293 3856 a
2320 3802 2479 3856 domo
2502 3800 2618 3869 ejus
2641 3807 2907 3860 evocarat,
2934 3806 2987 3851 et
3007 3798 3237 3865 jusserat
3263 3798 3313 3849 in
3339 3797 3562 3850 alienam
3585 3797 3664 3851 ire

2100 3904 2314 3959 terram,
2343 3892 2394 3945 in
2414 3906 2571 3961 quam
2592 3906 2712 3944 cum
2737 3890 2988 3951 venisset,
3013 3898 3275 3956 tamquam
3298 3901 3459 3957 vagus
3478 3888 3664 3957 agt-bat

2099 3992 2153 4036 et
2182 3982 2490 4051 peregrinus
2509 4021 2525 4046 ,
2553 3988 2732 4047 utpote
2757 3977 3068 4032 Chanana'is
3099 3977 3201 4030 illic
3226 3977 3395 4031 adhuc
3423 3977 3657 4030 habitan-

2102 4072 2261 4134 tibus,
2291 4071 2559 4140 inquirens
2586 4068 2672 4122 ubi
2699 4068 3018 4121 domicilium
3044 4067 3307 4120 collocare
3334 4066 3502 4134 ipsmn
3531 4081 3655 4118 con-

2100 4166 2304 4218 veniret
2324 4180 2338 4217 :
2358 4162 2528 4216 bonus
2543 4160 2798 4216 Dominus
2811 4160 3070 4213 consolari
3091 4174 3232 4225 eum,
3251 4166 3305 4213 et
3325 4158 3439 4226 ejus
3459 4158 3664 4212 firmare

2100 4253 2423 4308 alacritatem
2448 4252 2651 4317 volens,
2676 4260 2731 4303 ut
2757 4265 2823 4304 ne
2848 4256 3191 4318 torpesceret,
3216 4262 3385 4315 neque
3408 4246 3672 4301 dubitaret

2102 4345 2170 4399 de
2208 4344 2557 4413 promissione
2580 4343 2690 4411 jam
2717 4341 2819 4396 sibi
2851 4341 2983 4394 facta
3007 4380 3023 4405 ,
3050 4355 3151 4409 qua
3176 4339 3307 4393 dixit
3336 4355 3354 4392 ε
3392 4338 3513 4391 Veni
3537 4338 3670 4403 huc,

2102 4447 2148 4490 et
2182 4435 2365 4505 faciam
2388 4445 2434 4487 te
2459 4435 2513 4487 in
2536 4442 2725 4503 gentem
2751 4448 2983 4499 magnam
3009 4428 3464 4499 (quandoquidem
3490 4427 3669 4481 diver.

2103 4542 2163 4580 sa
2187 4540 2217 4577 a
2246 4523 2594 4592 promissione
2617 4520 2827 4574 videbat
2847 4520 2956 4574 fieri
2981 4560 2997 4584 ,
3025 4528 3078 4572 et
3116 4532 3174 4571 se
3209 4517 3549 4571 obambulare
3598 4517 3671 4569 uti

2102 4615 2365 4683 abjectum
2395 4622 2449 4668 et
2478 4612 2666 4676 vilem,
2691 4621 2743 4665 et
2768 4610 2911 4663 omni
2940 4607 3181 4677 praesidio
3200 4607 3507 4661 destitutum
3527 4648 3543 4672 ,
3576 4620 3674 4658 nc-

2104 4722 2209 4776 que
2235 4706 2513 4758 habentem
2541 4701 2628 4755 ubi
2656 4702 2937 4755 diverteret
2958 4700 3010 4768 ),
3040 4709 3096 4753 ιιι
3122 4699 3277 4768 igitur
3302 4708 3529 4751 mentem
3561 4697 3677 4764 ejus

2105 4797 2318 4861 excitet,
2346 4795 2513 4864 inquit
2538 4812 2551 4845 :
2580 4793 2645 4845 Et
2671 4794 2801 4845 visus
2820 4802 2888 4844 est
2918 4790 3158 4843 Dominus
3174 4790 3335 4852 Abraz,
3364 4798 3409 4840 et
3437 4786 3561 4839 dixit
3587 4788 3634 4837 ei
3658 4800 3676 4838 :

2107 4886 2302 4941 Semini
2331 4896 2415 4937 tuo
2441 4884 2569 4936 dabo
2600 4892 2780 4935 terram
2810 4881 2958 4933 hanc.
3009 4879 3107 4931 Est
3146 4885 3200 4930 et
3229 4876 3343 4929 haec
3370 4875 3679 4943 pollicitatio

2108 4992 2315 5047 magna,
2343 4984 2397 5030 et
2420 4974 2607 5029 similis
2633 4973 2706 5024 illi
2733 4987 2825 5038 per
2849 4984 3005 5037 quam
3033 4982 3153 5021 eum
3175 4982 3205 5017 a
3226 4964 3383 5019 domo
3406 4975 3675 5018 evocarat.

2108 5072 2323 5127 Dixerat
2358 5067 2500 5123 enim
2544 5081 2558 5117 :
2602 5061 2940 5132 Magniﬁcabo
2969 5074 3147 5111 nomen
3182 5067 3323 5108 tuum
3350 5071 3369 5109 :
3398 5065 3673 5125 propterea

2108 5175 2247 5216 nunc
2268 5160 2457 5213 iterum
2479 5154 2609 5209 dicit
2636 5169 2650 5205 :
2680 5151 2872 5205 Semini
2900 5159 2985 5202 tuo
3010 5148 3137 5200 dabo
3163 5158 3346 5200 terram
3368 5147 3518 5201 hanc.
3542 5147 3670 5200 Nam

2106 5266 2227 5304 cum
2250 5249 2357 5315 jam
2387 5260 2547 5298 senex
2573 5253 2708 5295 esset
2736 5241 2909 5308 justus
2931 5280 2946 5303 ,
2972 5239 3180 5306 filioque
3209 5245 3413 5291 careret
3436 5238 3504 5290 ob
3529 5238 3674 5291 Sara:

2109 5339 2436 5393 sterilitatem
2462 5374 2479 5399 ,
2513 5332 2770 5402 promittit
2809 5346 2867 5385 se
2897 5331 2944 5384 ei
2966 5371 2980 5395 ,
3009 5329 3098 5397 qui
3138 5344 3202 5383 cx
3235 5329 3349 5397 ipso
3378 5331 3673 5383 nasciturus

2110 5429 2199 5491 sit,
2221 5435 2415 5481 terram
2436 5422 2697 5475 daturum.
2733 5418 3141 5473 Miscricordiam
3172 5419 3263 5471 Dei
3287 5417 3391 5481 hic,
3417 5432 3531 5483 oro,
3557 5432 3670 5469 con-

2112 5517 2284 5572 sidera
2316 5556 2329 5580 ,
2361 5510 2623 5582 quomodo
2652 5526 2771 5564 cum
2802 5509 3069 5578 prmsciret
3101 5507 3226 5576 justi
3263 5506 3538 5567 virtutem,
3568 5503 3676 5555 vult

2112 5623 2232 5663 eum
2262 5604 2506 5660 omnibus
2536 5601 2867 5656 manifestum
2900 5600 3072 5655 facere
3094 5640 3108 5667 ,
3135 5608 3188 5654 et
3211 5599 3262 5652 in
3289 5597 3457 5650 lucem
3486 5591 3672 5647 efferre
