4020 6136
392 221 497 280 ηδ

393 332 543 396 quasi
574 331 913 402 margaritam
943 330 1172 400 aliquam
1201 340 1326 384 ante
1352 328 1633 384 occultam.
1670 325 1821 384 Unde
1848 340 1969 380 cmn

396 423 779 490 [remissiones
798 419 1238 493 promissionibus
1261 420 1612 489 adjunxisset,
1638 420 1826 474 iterum
1853 432 1975 488 par-

397 531 515 569 vam
538 529 740 569 moram
760 512 920 567 trahit
938 521 992 567 et
1010 511 1204 576 differt,
1222 522 1281 564 ut
1303 511 1400 566 hac
1422 510 1753 580 petissiinum
1769 510 1974 565 ratione

396 607 707 675 patriarcha:
742 606 911 675 pietas
954 613 1317 670 monstretur,
1347 604 1468 673 quia
1510 619 1595 658 res
1633 617 1789 658 secus
1814 617 1972 672 quam

398 695 837 764 promittebantur
860 695 1073 751 evenire
1099 695 1281 749 videns
1302 694 1487 749 beatus
1510 695 1617 756 ille,
1641 708 1744 747 non
1769 694 1976 762 inquie-

395 800 479 843 tus
506 794 620 842 erat
644 828 658 852 ,
687 802 786 841 nec
816 786 1097 856 impatiens
1116 828 1129 850 ,
1159 801 1258 840 nec
1287 785 1625 850 turbabatur,
1659 785 1752 839 sed
1785 787 1975 840 immo-

397 889 506 931 tum
534 876 759 931 habebat
778 876 1035 952 animqm,
1058 883 1236 930 certus
1257 889 1318 929 ea
1344 889 1462 944 quae
1487 877 1650 930 semel
1681 889 1710 927 a
1738 873 1849 929 Deo
1873 874 1971 928 sibi

397 970 657 1037 promissa
686 966 933 1030 fuerant,
963 974 1076 1019 rata
1109 973 1166 1020 et
1205 964 1357 1019 firma
1395 963 1529 1019 fore.
1563 964 1817 1018 Paulatim
1847 978 1973 1019 vero

394 1067 790 1128 perscrutemur
817 1055 1019 1125 singula
1041 1096 1055 1120 ,
1089 1066 1146 1109 ut
1172 1056 1251 1109 sic
1278 1055 1526 1109 solertem
1554 1054 1737 1123 optimi
1765 1053 1858 1107 Dei
1884 1069 1971 1108 sa-

395 1149 645 1220 pientiam
670 1190 686 1213 ,
717 1148 981 1217 simulque
1020 1162 1201 1202 caram
1243 1163 1398 1215 qttam
1438 1163 1563 1217 erga
1600 1148 1798 1215 justum
1835 1146 1974 1203 hunc

394 1242 697 1306 declaravit,
727 1251 782 1295 et
821 1239 1133 1308 patriarcha:
1173 1240 1224 1292 in
1258 1240 1535 1293 Dominum
1563 1255 1798 1293 amorem
1824 1240 1974 1294 addi-

394 1347 623 1387 scamus.
654 1328 723 1383 Et
751 1331 884 1384 uisus
907 1339 1000 1395 est,
1024 1330 1209 1399 inquit,
1236 1329 1479 1383 Dominus
1506 1330 1669 1383 Abrae.
1693 1330 1971 1395 Quomodo

397 1422 542 1477 visus
568 1421 692 1476 est?
731 1420 881 1475 Sicut
919 1419 1033 1489 ipse
1063 1420 1201 1474 Deus
1242 1419 1388 1475 solus
1428 1422 1567 1484 scit,
1594 1428 1650 1474 et
1677 1420 1767 1475 ille
1793 1420 1973 1476 videre

316 1556 317 1559 η
396 1512 585 1582 potuit.
613 1510 730 1566 Non
754 1512 899 1566 enim
924 1509 1028 1565 hoc
1050 1509 1226 1564 dicere
1250 1510 1489 1565 desinam
1505 1551 1519 1571 ,
1547 1510 1973 1581 quandoquidem

398 1601 615 1657 modum
640 1602 825 1671 ignoro
853 1619 866 1656 :
894 1600 1054 1656 audio
1076 1599 1220 1655 enim
1245 1600 1418 1655 solum
1443 1599 1770 1670 Scripturam
1795 1602 1974 1657 dicen-

395 1701 505 1746 tem
539 1707 555 1744 :
597 1691 664 1743 Et
692 1691 824 1744 vistts
865 1699 940 1744 est
983 1689 1225 1745 Dominus
1262 1689 1399 1745 Deus
1427 1690 1607 1759 Abrw,
1637 1701 1682 1746 et
1712 1693 1837 1746 dixit
1874 1694 1920 1747 ei
1954 1708 1974 1747 :

396 1783 591 1836 Semini
619 1792 703 1836 tuo
725 1783 856 1836 dabo
885 1792 1071 1835 terrain
1098 1782 1250 1836 Itane.

473 1873 588 1927 Non
614 1875 908 1929 deseruntur
934 1890 966 1926 a
995 1872 1102 1928 Deo
1122 1875 1159 1927 ii
1182 1890 1305 1942 quos
1328 1874 1445 1928 sinit
1464 1875 1973 1946 aﬂligi.—Memores

393 1975 565 2021 estote
596 1966 1005 2034 promissionum
1032 1981 1149 2035 qua:
1176 1980 1205 2019 a
1238 1966 1346 2020 Deo
1376 1965 1526 2021 factae
1556 1976 1712 2032 sunt,
1760 1978 1818 2022 ut
1851 1984 1974 2024 cum

393 2059 668 2115 audieritis
684 2059 884 2128 justum
907 2058 1067 2113 variis
1090 2058 1301 2113 casibus
1315 2060 1524 2127 jactari,
1540 2059 1757 2114 discetis
1777 2071 1973 2130 quanta

395 2153 554 2209 fuerit
582 2150 912 2221 pliilOSOphia
941 2151 1247 2216 instructus,
1270 2166 1430 2221 quam
1449 2151 1615 2206 solida
1638 2150 1969 2218 fortitudine,

391 2258 552 2312 quam
582 2243 735 2296 firmo
758 2251 814 2297 et
840 2242 1058 2296 immoto
1082 2240 1136 2295 in
1167 2241 1336 2295 Deum
1359 2256 1563 2308 amore,
1589 2252 1644 2296 et
1668 2257 1734 2297 ex
1764 2243 1828 2298 iis
1854 2259 1972 2313 qua:

390 2335 533 2402 justo
555 2332 627 2386 illi
655 2332 990 2401 contigerunt
1014 2370 1031 2397 ,
1058 2330 1370 2385 erudiamini
1394 2373 1408 2396 ,
1443 2341 1498 2386 ut
1524 2348 1593 2386 ne
1618 2334 1930 2389 existimetis
1951 2374 1969 2401 ,

392 2439 521 2478 eum
544 2422 855 2477 derelictum
875 2436 998 2476 esse
1024 2435 1055 2474 a
1096 2421 1207 2476 Deo
1230 2462 1244 2486 ,
1273 2422 1320 2475 si
1343 2423 1558 2491 quando
1582 2423 1819 2479 videritis
1846 2439 1971 2493 pro-

394 2514 523 2567 bum
562 2513 791 2582 aliquem
822 2510 1200 2565 tentationibus
1228 2511 1308 2566 vel
1337 2512 1456 2566 aliis
1502 2513 1657 2582 hujus
1684 2514 1805 2568 vitm
1831 2513 1972 2569 affli-

390 2605 658 2660 ctionibus
684 2604 863 2659 vexari
894 2620 907 2657 :
936 2602 1030 2657 sed
1056 2602 1351 2672 cogitantes
1388 2602 1735 2673 multiplicem
1757 2604 1970 2674 dispen-

390 2697 658 2751 sationnm
703 2694 797 2749 Dei
839 2693 1188 2757 varietatem,
1230 2693 1408 2747 omnia
1453 2693 1971 2764 incomprehensibili

393 2790 510 2858 ejus
553 2787 897 2858 providentiae
938 2786 1268 2855 relinquatis.
1317 2785 1450 2840 Nam
1493 2787 1538 2841 si
1582 2787 1782 2855 justum
1824 2789 1971 2843 illum

394 2893 503 2937 tam
530 2882 675 2953 pium
696 2921 711 2947 ,
742 2887 1050 2949 tantamque
1075 2893 1187 2948 pra:
1210 2892 1270 2933 se
1295 2878 1551 2933 ferentem
1575 2878 1928 2934 obedientiam
1950 2919 1967 2945 ,

394 2972 655 3045 permittit
696 2971 787 3026 tali
818 2969 977 3025 modo
1016 2969 1206 3023 tentari
1249 2984 1356 3037 quo
1384 2969 1563 3022 statim
1591 2968 1725 3024 bene
1752 2970 1930 3024 scietis
1950 3011 1968 3036 ,

391 3081 499 3121 non
529 3062 829 3133 despiciens
854 3060 1108 3115 famulum
1135 3075 1310 3125 suum,
1340 3060 1433 3115 sed
1463 3060 1584 3115 aliis
1605 3061 1851 3116 omnibus
1874 3078 1972 3116 vo-

390 3158 512 3213 lens
533 3154 673 3210 illius
694 3153 941 3221 detegere
967 3151 1214 3205 virtutem
1236 3148 1394 3223 (solet
1413 3150 1556 3205 enim
1580 3152 1648 3205 ita
1668 3167 1791 3207 eum
1814 3153 1971 3223 justis

390 3250 639 3305 omnibus
658 3264 846 3320 agere;
871 3258 925 3304 et
943 3257 1201 3319 quotquot
1219 3248 1518 3304 divinarum
1538 3250 1822 3305 lectionum
1841 3251 1972 3306 estis

393 3340 636 3405 studiosi,
664 3340 905 3409 poteritis
928 3354 1000 3394 ex
1028 3339 1391 3409 superioribus
1410 3338 1616 3394 discere
1636 3348 1689 3394 et
1712 3340 1967 3405 invenire,

391 3446 515 3485 eum
555 3430 628 3485 ita
657 3430 972 3484 famulorum
997 3444 1214 3486 suorum
1244 3429 1403 3483 vitam
1424 3429 1806 3499 dispensare),
1834 3446 1964 3500 quo-

392 3519 554 3575 modo
594 3520 756 3591 igitur
785 3535 889 3575 non
915 3530 1168 3575 extrema:
1207 3520 1366 3574 fuerit
1406 3520 1757 3588 improbitatis
1784 3521 1969 3575 existi-

392 3626 561 3678 mare,
595 3612 705 3666 Deo
731 3611 847 3667 lucc
873 3611 1199 3666 concedente
1220 3612 1422 3680 justum
1444 3609 1755 3665 derelictum
1777 3610 1965 3675 fuisse,

392 3715 446 3759 et
491 3720 595 3759 non
639 3704 815 3774 potius
856 3703 979 3759 inde
1015 3719 1222 3774 magum
1258 3703 1603 3773 providentia:
1640 3704 1971 3774 ingentisque

389 3795 689 3849 clementia:
717 3795 926 3865 signum
956 3794 1206 3849 sumere?
1226 3793 1525 3849 Ostendens
1552 3794 1710 3864 igitur
1732 3795 1973 3849 eminen-

391 3894 500 3941 tem
523 3886 688 3956 ipsius
711 3888 984 3953 virtutem,
1016 3885 1132 3941 htec
1159 3887 1265 3942 duo
1291 3895 1523 3956 praestat,
1548 3901 1824 3943 servorum
1847 3902 1971 3942 suo-

389 3992 509 4032 rum
529 3978 835 4047 patientiam
860 3976 1328 4048 fortitudinemque
1354 3980 1529 4047 palam
1555 3978 1679 4033 facit
1698 3980 1965 4046 omnibus,

389 4077 443 4121 et
470 4068 816 4138 providentize
840 4082 951 4123 suae
974 4067 1293 4136 sapientiam
1320 4069 1479 4121 etiam
1519 4069 1571 4122 in
1602 4068 1792 4123 mediis
1827 4070 1968 4137 peri-

389 4158 525 4212 culis
565 4157 1069 4224 difficultatibusque
1110 4156 1334 4209 summis
1376 4156 1608 4210 ostendit
1639 4174 1654 4209 :
1682 4172 1807 4211 nam
1845 4174 1969 4212 cum

391 4260 557 4315 prope
597 4246 885 4314 deplorata:
924 4246 1031 4298 sint
1063 4260 1150 4299 res
1174 4286 1189 4309 ,
1218 4255 1342 4298 tunc
1368 4261 1623 4316 quorsum
1649 4248 1760 4301 vult
1789 4248 1971 4318 dirigit

388 4338 567 4390 omnia
592 4379 608 4403 ,
640 4351 812 4405 neque
838 4336 1035 4406 aliquid
1062 4336 1391 4393 difficultatis
1421 4338 1473 4392 in
1514 4339 1691 4393 medio
1718 4348 1801 4394 est
1828 4340 1968 4408 quod

394 4428 651 4497 impedire
691 4438 867 4498 queat.
915 4426 980 4482 Et
1020 4430 1154 4484 visus
1192 4437 1298 4496 est,
1331 4430 1534 4500 inquit,
1567 4428 1808 4483 Dominus
1835 4430 1970 4487 Deus

389 4519 556 4581 Abraz,
581 4528 627 4572 et
652 4518 779 4572 dixit
801 4520 846 4573 ei
869 4536 887 4573 :
911 4519 1107 4575 Semini
1133 4529 1220 4573 tuo
1243 4520 1371 4575 dabo
1397 4531 1579 4574 terram
1604 4521 1753 4573 lianc.
1785 4521 1967 4591 Magna

392 4619 449 4665 et
497 4608 862 4663 desiderabilis
908 4611 1223 4678 promissio,
1271 4612 1561 4679 praesertim
1602 4611 1765 4681 justo.
1812 4610 1969 4667 Scitis

391 4702 569 4769 enim,
598 4701 865 4771 quomodo
904 4703 992 4770 qui
1029 4702 1136 4771 jam
1178 4711 1438 4770 provectae
1481 4705 1767 4758 senectutis
1810 4715 1966 4771 sunt,

394 4807 449 4851 ct
477 4810 691 4849 omnem
718 4794 881 4848 vitam
905 4794 1104 4862 absque
1142 4792 1321 4847 liberis
1352 4804 1720 4862 transegerunt
1742 4837 1755 4856 ,
1784 4805 1971 4865 optant

396 4887 611 4941 liberos.
662 4883 845 4954 Itaque
884 4884 1138 4938 Dominus
1181 4882 1497 4937 obedientim
1542 4886 1837 4939 mercedem
1870 4888 1967 4955 ipsi

400 4977 663 5046 praebens,
690 4976 811 5045 quia
838 4989 962 5028 mox
991 4983 1048 5026 ut
1071 4970 1288 5034 audivit,
1321 4971 1571 5043 Egredere
1593 4975 1657 5026 de
1683 4985 1815 5029 terra
1843 4987 1954 5041 tua,

388 5084 494 5122 non
521 5081 702 5122 moras
725 5067 902 5133 traxit,
924 5080 1031 5119 non
1051 5065 1272 5130 distulit,
1295 5065 1388 5120 sed
1409 5066 1644 5120 obedivit
1664 5067 1965 5136 imperanti,

391 5168 444 5211 ct
468 5158 609 5228 quod
637 5159 953 5227 imperatum
977 5166 1091 5211 erat
1112 5172 1233 5211 mox
1260 5156 1402 5223 fecit,
1426 5155 1632 5228 inquit:
1659 5156 1859 5214 Semini
1883 5170 1968 5215 tuo

388 5250 519 5304 dabo
544 5259 728 5303 terram
755 5249 907 5303 hanc.

457 5339 507 5393 5.
554 5338 893 5391 Abrahamum
918 5337 1213 5409 migrantem
1239 5339 1521 5403 comitatur,
1550 5340 1752 5411 singula
1772 5343 1836 5395 ab
1855 5341 1967 5411 ipso

387 5431 469 5501 pie
505 5441 620 5485 acta
673 5440 872 5483 notans.
905 5459 979 5469 —
1004 5428 1138 5485 Vide
1168 5430 1434 5500 quomodo
1477 5446 1571 5499 per
1608 5432 1712 5487 hoc
1746 5432 1967 5489 verbum

386 5532 618 5576 tuentem
650 5519 764 5589 ejus
784 5519 955 5589 erigit,
987 5529 1041 5573 et
1068 5518 1417 5575 sufficientem
1442 5519 1491 5574 ei
1520 5520 1705 5574 tribuit
1725 5520 1964 5576 laborum

392 5611 711 5669 mercedem.
746 5610 971 5666 Proinde
997 5618 1049 5665 et
1074 5610 1283 5679 justus,
1318 5619 1522 5681 gratum
1561 5611 1820 5667 exhibens
1844 5613 1959 5667 aui-

1094 220 1149 274 S.
1190 217 1463 274 JOANNIS
1497 211 1967 272 CllRYSOSTOMI
2009 213 2322 271 ARCHIEP.
2362 214 2894 277 CONSTANTINOP.

3537 223 3643 280 296

2082 340 2223 379 mum
2267 326 2443 380 statim
2488 325 2552 379 ad
2597 328 2882 396 gratiarum
2926 328 3188 383 actionem
3220 333 3565 391 convertitur.
3601 335 3662 388 fit

2087 417 2319 469 astruxit
2343 416 2465 479 illic,
2491 416 2678 485 inquit,
2701 419 2863 470 ultore
2880 416 3119 479 Domino,
3146 436 3292 486 quem
3316 422 3520 475 viderat.
3535 425 3663 480 Vide

2079 507 2178 577 piae
2215 507 2408 561 mentis
2436 508 2727 576 specimen.
2764 509 2828 562 Et
2852 509 3023 562 locum
3052 510 3242 578 ipsutn,
3274 511 3361 566 ubi
3399 514 3664 583 colloquio

2077 613 2200 652 cum
2247 598 2355 652 Deo
2400 598 2646 668 dignatus
2687 602 2857 653 fuerat
2881 640 2896 664 ,
2923 603 3253 655 consecravit
3287 614 3342 656 et
3374 606 3660 673 gratiarum

2077 689 2337 744 actionem
2370 705 2464 758 pro
2485 691 2683 744 virilnts
2708 690 3014 745 declaravit.
3044 692 3154 747 lloc
3173 695 3314 748 enim
3342 697 3483 765 quod
3514 698 3660 766 dicit,

2077 778 2341 833 Exstruxit
2370 780 2549 847 altare,
2569 781 2705 836 idetn
2735 792 2818 836 est
2843 783 2982 851 quod
3002 825 3018 850 ,
3049 784 3260 839 Gratias
3286 786 3352 841 de
3384 792 3657 856 promissis

2077 870 2201 938 egit.
2238 870 2303 923 Et
2346 870 2483 924 sicut
2510 869 2756 927 homines
2788 888 3184 944 nonnumquam
3215 878 3447 931 amicitia
3487 892 3661 934 movet

2079 968 2137 1013 ut
2164 958 2233 1013 ibi
2264 959 2451 1013 domos
2475 960 2756 1024 aedificent,
2788 962 2875 1016 ubi
2917 978 3038 1017 cum
3064 967 3332 1033 germanis
3357 979 3405 1022 et
3438 968 3662 1023 sinceris

2076 1048 2262 1103 amicis
2305 1061 2581 1105 versantur
2618 1060 2675 1105 et
2725 1053 3130 1122 colloquuntur,
3166 1066 3217 1109 et
3262 1058 3410 1111 multi
3452 1075 3660 1129 quoque

2076 1150 2218 1205 Saepe
2244 1136 2484 1192 civitates
2504 1138 2661 1192 etiam
2683 1138 3056 1207 condiderunt,
3079 1141 3270 1210 quibus
3291 1159 3355 1196 ex
3377 1147 3659 1201 occasione

2076 1242 2394 1297 congressus
2433 1244 2553 1283 cum
2582 1230 2768 1285 amicis
2804 1233 3016 1285 nomina
3047 1233 3286 1289 indidere
3315 1253 3330 1290 :
3360 1238 3432 1290 ita
3474 1248 3531 1293 et
3570 1240 3658 1309 jn-

2076 1330 2190 1375 stus
2223 1321 2308 1375 ille
2327 1362 2341 1384 ,
2369 1320 2458 1374 ubi
2492 1322 2747 1377 visionem
2778 1323 2875 1378 Dei
2911 1336 3228 1395 asseqnutus
3255 1337 3336 1381 est
3356 1370 3371 1391 ,
3397 1328 3657 1384 Exstruxit

2076 1411 2236 1463 altare
2265 1409 2482 1465 Domino
2504 1429 2647 1478 quem
2680 1413 2887 1477 viderat,
2916 1414 2969 1469 8.
2997 1424 3043 1470 et
3081 1415 3308 1470 discessit
3351 1419 3486 1472 inde.
3518 1420 3654 1486 Quid

2075 1511 2178 1565 est.
2212 1501 2277 1556 Et
2304 1504 2528 1559 discessit
2556 1505 2707 1560 inde?
2730 1506 2863 1573 Quia
2892 1506 3002 1561 Deo
3030 1508 3177 1562 locus
3206 1508 3292 1565 ille
3316 1522 3656 1567 consecratus

2075 1602 2129 1648 et
2156 1592 2265 1648 Deo
2288 1595 2644 1650 sanetiflcatus
2674 1606 2789 1651 erat
2812 1637 2828 1660 ,
2856 1596 3092 1651 Discessit
3124 1599 3277 1665 inde,
3305 1612 3350 1653 et
3380 1604 3575 1656 transiit
3605 1605 3657 1657 in

2076 1693 2290 1737 montem
2316 1701 2485 1739 versus
2516 1684 2769 1739 Orientem
2795 1686 2989 1753 Detltel,
3018 1696 3064 1740 et
3090 1688 3245 1742 erexit
3271 1689 3339 1743 ibi
3361 1691 3658 1746 tabernacu-

2075 1774 2181 1827 lum
2225 1792 2373 1829 suum
2398 1792 2418 1829 :
2448 1777 2880 1843 tumultuarium,
2906 1778 3110 1849 inquit,
3150 1780 3473 1837 domicilium
3512 1785 3653 1839 fecit.

2079 1863 2208 1919 Vide
2227 1867 2496 1935 quomodo
2520 1877 2636 1922 erat
2658 1868 2876 1939 frugalis
2894 1910 2910 1935 ,
2937 1877 2992 1924 et
3028 1869 3206 1925 luxum
3238 1871 3491 1942 fugiebat,
3521 1892 3656 1945 quu-

2075 1955 2235 2010 modo
2253 1966 2356 2011 tam
2384 1958 2681 2027 expeditus,
2708 1967 2765 2013 ut
2792 1975 2912 2015 cum
2940 1976 3105 2015 uxore
3137 1971 3193 2016 et
3218 1962 3427 2019 famulis
3454 1968 3559 2019 tam
3583 1966 3656 2022 fa-

2074 2047 2175 2102 cile
2212 2048 2483 2119 migraret.
2525 2050 2755 2104 Audiant
2783 2051 2920 2117 viri,
2966 2052 3185 2108 audiant
3225 2056 3494 2110 mulieres.
3524 2056 3654 2111 Nam

2074 2151 2215 2205 saepe
2242 2139 2292 2191 iu
2315 2140 2489 2193 villam
2508 2148 2712 2195 tantum
2740 2140 2890 2196 exire
2912 2142 3171 2208 volentes,
3194 2146 3355 2199 multa
3388 2147 3653 2214 molimur,

2077 2227 2337 2297 valdeque
2364 2230 2604 2299 occupati
2633 2245 2838 2297 sumus,
2860 2246 2928 2288 eo
2950 2234 3094 2302 quod
3122 2234 3344 2304 plurima
3379 2237 3652 2292 nobiscum

2076 2316 2367 2384 trabamus,
2393 2336 2512 2389 qua:
2540 2337 2643 2374 non
2669 2322 2840 2377 solum
2866 2339 2973 2377 non
3000 2334 3125 2380 sunt
3150 2327 3303 2381 nobis
3325 2328 3462 2389 usui,
3488 2329 3581 2383 sed
3603 2340 3656 2385 et

2073 2421 2465 2477 supervacanea
2485 2452 2500 2477 ,
2522 2419 2578 2466 et
2606 2412 2808 2466 inutilia
2828 2454 2846 2480 ,
2873 2422 2927 2468 et
2954 2431 3159 2485 ponipa:
3185 2417 3352 2486 gratia
3381 2429 3654 2489 apparata,

2073 2514 2192 2569 qua:
2218 2501 2489 2555 nobiscum
2519 2501 2761 2558 ducimus
2802 2514 2855 2559 et
2882 2506 3323 2563 circumfcriinus.
3348 2509 3543 2565 Verum
3564 2512 3653 2581 ju-

2073 2598 2187 2644 stus
2216 2590 2304 2644 ille
2346 2605 2452 2644 non
2486 2591 2563 2646 sic
2590 2592 2730 2661 egit;
2755 2594 2849 2648 sed
2876 2596 2998 2665 quia
3027 2596 3284 2651 Dominus
3304 2597 3547 2669 dignatus
3576 2611 3656 2656 est

2072 2696 2193 2737 cum
2223 2682 2340 2751 ipso
2367 2683 2690 2754 colloquium
2717 2685 2946 2752 habere,
2979 2687 3152 2743 locum
3176 2693 3540 2758 consecravit,
3574 2695 3653 2747 al-

2076 2780 2190 2826 tare
2224 2774 2519 2835 exstruxit,
2546 2788 2610 2830 ac
2654 2790 2841 2845 magna
2875 2775 3126 2832 facilitate
3152 2779 3259 2833 alio
3305 2781 3570 2851 migravit.
3598 2785 3651 2837 8.

2074 2859 2143 2915 Et
2162 2864 2319 2917 erexit
2344 2864 2449 2917 illic
2475 2864 2849 2919 tabernaculum
2871 2884 3021 2920 suum
3046 2869 3097 2922 in
3134 2867 3311 2924 Betltel
3336 2873 3491 2941 juxta
3520 2890 3656 2927 mare

2073 2963 2121 3008 et
2150 2954 2321 3026 Agger,
2340 2972 2509 3010 versus
2536 2955 2810 3011 Orientem.
2843 2958 2908 3011 Et
2934 2960 3227 3027 aediﬁcavit,
3262 2962 3447 3031 inquit,
3475 2965 3544 3018 ibi
3578 2965 3654 3017 ul-

2074 3055 2183 3099 tare
2209 3044 2448 3111 Domino,
2479 3058 2523 3101 et
2550 3048 2794 3102 invocavit
2818 3051 2872 3103 in
2892 3051 3093 3105 nomine
3119 3050 3345 3106 Domini.
3372 3055 3501 3111 Vide
3523 3073 3651 3125 quo-

2074 3135 2236 3190 modo
2263 3152 2357 3206 per
2378 3137 2557 3191 omnia
2589 3137 2889 3209 religiosam
2915 3151 3146 3196 mentem
3175 3159 3281 3211 pra-
3315 3158 3375 3199 se
3405 3145 3523 3199 fert.
3549 3145 3655 3202 lllic

2073 3226 2216 3281 enim
2255 3226 2324 3280 ob
2367 3227 2772 3295 promissionem
2815 3228 2916 3283 sibi
2955 3246 2986 3283 a
3028 3230 3137 3285 Deo
3180 3233 3368 3287 factam
3396 3251 3542 3289 aram
3564 3254 3655 3291 ex-

2073 3317 2267 3370 strusit
2285 3357 2301 3381 ,
2328 3325 2383 3369 et
2409 3316 2527 3372 loco
2554 3327 2865 3373 consecrato
2889 3319 3134 3375 discessit
3164 3340 3176 3375 :
3207 3322 3292 3377 hic
3315 3335 3489 3379 autem
3531 3329 3653 3397 quia

2075 3409 2478 3464 tabernaculum
2534 3412 2761 3476 fixerat,
2812 3412 3002 3466 iterum
3051 3412 3386 3483 xEdiﬁcavit,
3453 3418 3654 3488 inquit,

2071 3500 2233 3554 altare
2303 3501 2519 3556 Domino
2542 3544 2559 3568 ,
2630 3513 2677 3556 et
2746 3504 2993 3557 invocavit
3060 3506 3116 3558 in
3175 3507 3375 3560 nomine
3428 3507 3654 3565 Domini.

2074 3589 2262 3644 Vidisti
2309 3602 2539 3646 mentem
2589 3592 2725 3647 bene
2758 3592 3084 3659 institutam,
3114 3604 3169 3649 et
3212 3597 3481 3665 sapientia:
3509 3598 3655 3653 dedi-

2074 3681 2219 3735 tam?
2245 3681 2417 3735 vidisti
2437 3682 2702 3750 quomodo
2718 3683 2859 3753 quod
2876 3684 3116 3739 scribens
3136 3684 3410 3742 admonuit
3428 3688 3656 3744 admira-

2072 3774 2194 3830 bilis
2212 3774 2357 3829 orbis
2385 3775 2571 3830 doctor
2594 3776 2779 3831 beatus
2802 3776 3013 3836 Paulus.
3036 3777 3221 3832 dicens
3252 3795 3265 3830 :
3303 3778 3368 3832 In
3395 3782 3529 3833 omni
3545 3782 3656 3835 loco

2072 3871 2292 3922 levantes
2301 3878 2503 3921 sanctas
2518 3885 2696 3923 manus
2718 3870 2764 3940 (l
2778 3908 2791 3920 .
2812 3868 2941 3922 Tim.
2961 3869 3015 3920 ‘2.
3031 3867 3086 3939 8)
3104 3886 3117 3919 :
3135 3870 3183 3922 id
3202 3872 3497 3939 patriarcha
3512 3874 3655 3941 prius

2073 3974 2234 4030 Opere
2253 3960 2555 4029 complevit,
2572 3960 2622 4014 in
2640 3960 2858 4029 singulis
2876 3960 3005 4015 locis
3023 3961 3209 4016 altaria
3230 3964 3460 4034 erigens,
3481 3976 3535 4019 et
3555 3968 3640 4021 Do

2073 4053 2219 4107 mino
2236 4054 2434 4122 gratias
2451 4053 2654 4124 agens?
2681 4052 2895 4109 Sciebat
2921 4055 3085 4120 enim,
3112 4058 3311 4112 sciebat
3354 4060 3652 4126 manifeste,

2074 4143 2202 4197 nihil
2220 4143 2361 4199 aliud
2382 4144 2651 4215 requirere
2666 4144 2734 4198 ab
2750 4143 2983 4199 humano
2997 4162 3191 4215 genere
3208 4148 3372 4203 Deum
3397 4150 3652 4218 universi,

2074 4245 2193 4305 post
2219 4237 2494 4293 innumera
2521 4246 2577 4293 et
2605 4236 2890 4293 ineffabilia
2912 4238 3165 4294 beneficia
3191 4255 3283 4295 sua
3302 4282 3319 4305 ,
3352 4258 3512 4311 quam
3533 4244 3653 4297 ani-

2074 4342 2217 4381 mum
2241 4328 2530 4395 gratiarum
2554 4330 2748 4384 actioni
2774 4328 3099 4398 studentem,
3128 4341 3182 4385 et
3203 4342 3418 4400 accepta
3449 4334 3654 4388 benefi-

2072 4419 2152 4472 cia
2172 4418 2532 4474 confitentem.
2565 4422 2826 4475 Cmterum
2857 4419 3152 4485 videamus,
3168 4424 3436 4491 quomodo
3456 4436 3509 4480 et
3529 4426 3653 4483 hinc

2068 4508 2245 4578 justus
2273 4509 2482 4578 migrat.
2511 4510 2561 4564 9.
2590 4509 2655 4563 Et
2681 4511 2927 4575 discessit,
2975 4513 3161 4582 inquit,
3188 4512 3398 4578 Abram,
3421 4526 3465 4568 et
3484 4521 3654 4585 profe-

2072 4608 2181 4653 ctus
2220 4609 2599 4655 castrametatus
2639 4610 2709 4655 est
2740 4601 2791 4654 in
2820 4602 3107 4656 solitudine.
3144 4603 3275 4657 Vide
3304 4604 3490 4659 iterum
3522 4607 3649 4660 reli-

2072 4690 2275 4759 giosam
2303 4690 2423 4758 ejus
2441 4700 2674 4745 mentem
2700 4701 2750 4744 ct
2788 4691 3059 4761 sapientia:
3088 4693 3398 4748 studiosam.
3434 4695 3648 4762 lterum,

2073 4780 2283 4850 inquit,
2319 4781 2592 4849 discessit,
2638 4781 3130 4852 Castrametalusque
3162 4785 3314 4837 estin
3358 4786 3648 4842 solitudine.

2071 4873 2248 4940 Quare
2272 4872 2419 4928 illinc
2454 4871 2743 4927 discessit?
2768 4871 2927 4927 Forte
2970 4873 3182 4928 videbat
3222 4873 3535 4943 quibusdam
3563 4877 3650 4930 in-

2072 4966 2206 5020 colis
2236 4981 2338 5019 non
2369 4964 2581 5035 placere
2608 4980 2766 5019 suum
2791 4964 3074 5019 adventum
3106 4983 3120 5019 :
3154 4966 3375 5035 proinde
3400 4967 3649 5021 eximiam

2071 5070 2223 5111 suam
2267 5056 2723 5112 mansuetudinem
2764 5056 3074 5120 declarans,
3105 5065 3159 5111 et
3196 5057 3463 5126 quomodo
3502 5068 3649 5111 tran-

2070 5148 2382 5219 quillitatem
2411 5150 2585 5218 magni
2614 5151 2829 5216 faceret,
2855 5166 2919 5206 ac
2944 5166 3012 5205 ne
3049 5166 3168 5204 cum
3200 5151 3307 5205 ullo
3324 5150 3521 5220 aliquid
3550 5151 3644 5204 ba-

2073 5241 2223 5297 beret
2250 5241 2469 5311 negotii,
2502 5241 2555 5295 in
2585 5241 2924 5296 solitudinem
2952 5256 3013 5294 se
3044 5241 3311 5295 transfert.
3341 5240 3609 5309 Profectus
3634 5286 3648 5305 ,

2070 5332 2273 5401 inquit,
2300 5340 2680 5385 castrametatus
2706 5340 2780 5385 est
2803 5331 2853 5385 in
2887 5331 3175 5384 solitudine.
3202 5333 3387 5385 Aliena
3416 5333 3649 5388 dictione

2072 5442 2166 5480 usa
2187 5434 2268 5479 est
2287 5425 2464 5480 divina
2491 5424 2788 5493 Scriptura.
2808 5423 2937 5477 Nam
2954 5423 3400 5493 quemadmodum
3419 5426 3468 5478 in
3496 5425 3650 5480 bellis

2068 5518 2304 5571 solemus
2328 5515 2525 5581 dicere,
2554 5516 2624 5569 ita
2648 5524 2704 5570 et
2725 5514 2795 5569 de
2814 5512 2964 5584 justo
2992 5513 3079 5568 hic
3104 5514 3255 5579 dicit,
3275 5514 3418 5582 quod
3440 5524 3643 5568 castra-

2070 5619 2296 5665 mctatus
2350 5609 2449 5673 sit,
2497 5617 2553 5662 ut
2593 5606 2838 5663 ostendat
2872 5606 3180 5677 expeditum
3216 5605 3379 5662 fuisse
3424 5607 3648 5676 patriar-
