4020 6136
381 362 486 417 295

373 475 592 531 ἐναντία
630 474 750 536 ταῖς
791 471 1146 541 ὑποσχέσεσιν
1182 469 1324 542 ὀρῶν
1366 470 1504 533 τέως
1536 469 1856 524 ἐκϐαίνοντα
1889 469 1956 522 τά

377 568 677 630 πράγματα
714 557 744 607 6
783 555 1072 626 μακάριος,
1113 555 1213 607 οὐκ
1251 553 1600 624 ἐθορυϐεῖτο,
1638 554 1761 607 οὐδέ
1783 553 1964 606 διετα-

383 643 624 714 ράττετο,
649 639 764 692 ἀλλ’
785 640 1045 708 ἀκίνητον
1068 632 1180 708 εἶχε
1214 637 1307 691 τὸν
1334 637 1616 708 λογισμὸν,
1657 636 1959 708 πεπεισμέ-

377 742 466 787 νος
507 725 587 776 δτι
625 723 690 794 δὴ
727 723 795 777 τά
833 721 986 792 παρὰ
1020 720 1116 773 τοῦ
1150 719 1286 773 Θεοῦ
1333 720 1480 787 ἅπαξ
1523 719 1672 790 αὐτῷ
1699 720 1938 789 ἐπαγγελ

378 809 537 861 θέντα
562 807 755 878 βέϐαια
777 807 873 860 καὶ
893 805 1068 873 πάγια
1090 804 1369 873 τυγχάνει.
1406 803 1570 857 Ἀλλά
1601 803 1747 858 κατὰ
1767 803 1962 874 μικρὸν

378 893 594 946 ἅπαντα
626 888 1123 960 διερευνησώμεθα,
1158 889 1223 940 ἶν’
1260 887 1404 940 οὑτω
1444 887 1706 958 μάθωμεν
1740 888 1836 940 καὶ
1866 885 1963 940 τοῦ

377 973 581 1043 ἀγαθοῦ
632 971 769 1026 Θεοῦ
813 973 915 1043 τὴν
962 973 1272 1042 εὐμήχανον
1325 971 1536 1038 σοφίαν,
1580 971 1677 1023 καὶ
1727 968 1825 1040 τὴν
1865 987 1962 1038 κη·

375 1059 647 1129 δεμονίαν,
670 1059 736 1130 ἢν
772 1059 901 1128 περὶ
943 1057 1034 1109 τὸν
1069 1056 1275 1109 δίκαιον
1319 1053 1686 1117 ἐπεδείκνυτο,
1731 1055 1827 1106 καὶ
1870 1052 1962 1106 τοῦ

379 1144 720 1213 πατριάρχου
760 1142 823 1194 16
869 1141 1092 1212 φίλτρον
1133 1141 1195 1194 16
1229 1140 1356 1210 περὶ
1393 1139 1484 1193 τὸν
1516 1138 1816 1210 Δεσπότην.
1854 1138 1964 1192 Καὶ

377 1225 568 1294 ὤφθη,
596 1225 749 1296 φησὶ,
772 1225 985 1293 Κύριος
1014 1227 1045 1277 ό
1076 1223 1219 1288 Θεὸς
1248 1221 1328 1287 τῷ
1361 1223 1607 1291 Ἀϐραμ.
1632 1221 1753 1284 Πῶς
1771 1219 1961 1290 ώφθη;

390 1308 479 1371 Ὠς
512 1308 674 1371 αὐτὸς
712 1309 740 1360 6
777 1307 910 1370 Θεὸς
959 1307 1122 1376 μόνος
1161 1301 1292 1371 οἶδε,
1338 1304 1433 1358 καὶ
1474 1304 1549 1367 ώς
1599 1305 1808 1366 ἐκεῖνος
1838 1303 1965 1356 ίδεῖν

380 1390 628 1460 ἠδύνατο.
655 1389 729 1441 Οὐ
752 1390 860 1460 γὰρ
882 1387 1211 1460 παύ[σ1ομαι
1241 1387 1398 1440 τοῦτο
1427 1386 1621 1454 λέγων,
1643 1386 1736 1438 τὸν
1757 1385 1814 1438 δὲ
1835 1387 1963 1457 τρό-

381 1491 480 1525 πον
502 1473 681 1540 ἀγνοῶ
697 1488 711 1503 ο
739 1469 922 1525 ἀκούω
941 1470 999 1524 δέ
1035 1471 1193 1541 μόνον
1214 1470 1310 1539 τῆς
1334 1469 1557 1540 Γραφῆς
1575 1469 1859 1539 λεγούσης,
1883 1470 1965 1522 ὃτι

383 1555 532 1628 [3191
571 1557 759 1624 Ὠρθη
786 1556 1000 1622 Κύριος
1023 1558 1054 1609 ὀ
1079 1557 1222 1620 Θεὸς
1247 1553 1328 1620 τῷ
1357 1556 1584 1624 Ἀδριιμ
1606 1596 1621 1618 ,
1661 1554 1760 1608 καί
1796 1551 1968 1608 εἶπεν

378 1636 557 1704 αὐτῷ·
599 1637 682 1704 Τῷ
702 1638 1002 1708 σπέρματί
1039 1652 1157 1691 σου
1184 1637 1356 1691 δώσω
1381 1637 1497 1704 τὴν
1533 1635 1650 1706 γῆν
1679 1640 1925 1704 ταύτην.

452 1721 722 1794 Ἀκριϐῶς
744 1721 1111 1794 μνημονεύετε
1123 1721 1233 1773 τῶν
1255 1721 1408 1793 παρά
1440 1720 1536 1773 τοῦ
1565 1719 1699 1774 Θεοῦ
1737 1721 1968 1792 ὑποσχέ-

385 1822 523 1858 σεων
545 1805 868 1875 γινομένων,
895 1804 963 1858 ἵν’
979 1806 1107 1858 ὅταν
1129 1804 1279 1873 ἴδητε
1308 1804 1588 1876 διαφόροις
1613 1807 1966 1877 περιστάσεσι

380 1890 472 1940 τὸν
483 1889 689 1942 δίκαιον
703 1889 1061 1960 περιπίπτοντ
1070 1905 1124 1950 α,
1141 1887 1350 1956 μάθητε
1362 1887 1529 1942 αὐτοῦ
1541 1891 1638 1958 τῆς
1652 1889 1968 1957 φιλοσοφίας

380 1973 478 2042 τὴν
495 1971 818 2043 ὑπερϐολὴν,
834 1973 928 2025 κα)⁸
947 1974 1043 2042 τῆς
1058 1971 1310 2042 ἀνδρείας
1326 1971 1389 2024 16
1402 1973 1648 2044 στερρὸν,
1660 1973 1864 2026 καὶτοῦ
1879 1989 1971 2024 πε-

386 2056 438 2126 ρὶ
452 2056 542 2108 16v
557 2056 688 2108 Θεὸν
705 2056 930 2126 φίλτρου
949 2055 1008 2107 16
1027 2053 1245 2125 βέϐαιον
1258 2055 1353 2107 καὶ
1371 2055 1647 2125 ἀκίνητον,
1672 2055 1766 2108 καὶ
1781 2058 1842 2108 ἐκ
1859 2055 1971 2108 τῶν

381 2138 460 2210 τῷ
479 2139 672 2210 δικαίῳ
684 2139 859 2209 τούτῳ
884 2139 1209 2209 συμϐάντων
1229 2138 1576 2208 παιδεύησθε,
1593 2140 1861 2210 μηδέποτε
1885 2156 1970 2192 νο-

386 2223 562 2292 μίζειν
595 2222 753 2294 ἔργον
774 2221 909 2276 Θεοῦ
940 2221 1380 2291 ἐγκαταλείψεως
1397 2217 1558 2285 εἶναι,
1581 2223 1800 2276 ἐπειδάν
1822 2221 1968 2293 ἴδητέ

382 2322 504 2358 τινα
535 2305 642 2358 τῶν
666 2305 938 2377 ἐναρέτων
961 2307 1306 2376 πειρασμοῖς,
1339 2304 1372 2375 ἢ
1392 2305 1605 2377 ἑτέραις
1628 2307 1737 2360 τισὶ
1755 2306 1968 2376 θλίψεσι

387 2391 664 2462 βιωτικαῖς
684 2391 1148 2460 περιπεπτωκότα
1172 2407 1185 2420 ·
1216 2391 1331 2444 ἀλλ’
1360 2391 1669 2455 ἐννοοῦντες
1693 2391 1801 2444 τῶν
1825 2394 1970 2445 οἰκο-

383 2472 587 2543 νομιῶν
609 2471 702 2526 τοῦ
729 2471 866 2526 Θεοῦ
888 2475 950 2526 16
975 2473 1253 2544 διάφορον.
1280 2475 1648 2546 παραχωρῆτε
1687 2473 1756 2527 τά
1791 2476 1970 2530 πάντα

384 2555 551 2609 αὐτοῦ
580 2559 647 2627 τῇ
688 2557 1058 2627 ἀκαταλήπτῳ
1093 2558 1336 2628 προνοίᾳ.
1377 2559 1440 2610 Εἰ
1485 2558 1593 2628 γάρ
1624 2558 1718 2611 καὶ
1755 2557 1848 2611 16v
1889 2559 1970 2612 δίο

386 2655 540 2691 καιον
567 2637 753 2691 τοῦτον
783 2638 924 2691 οὑτω
954 2639 1198 2708 φιλόθεον
1227 2639 1382 2702 ὅντα,
1422 2640 1694 2711 τοσαύτην
1719 2642 1971 2713 ὑπακοὴν

386 2719 815 2791 ἐπιδειξάμενον,
871 2725 1146 2792 συγχωρεῖ
1199 2721 1456 2775 τοιούτων
1508 2723 1857 2794 πειραθῆναι,
1895 2719 1970 2777 ὦν

383 2803 583 2858 αὐτίκα
616 2803 760 2874 μάλα
793 2804 1022 2870 εἴσεσθε,
1050 2805 1168 2875 οὐχὶ
1202 2804 1474 2877 περιορῶν
1505 2805 1598 2860 τὸν
1619 2805 1785 2860 αὑτοῦ
1812 2807 1973 2878 θερά-

387 2907 580 2954 ποντα,
603 2888 740 2943 άλλά
767 2891 880 2953 τοῖς
905 2889 1086 2952 ἄλλοις
1108 2888 1282 2943 ἅπασι
1323 2888 1645 2961 βουλόμενος
1681 2891 1847 2946 αὑτοῦ
1871 2893 1972 2965 τὴν

385 2972 585 3044 ἀρετὴν
640 2971 944 3042 ἐκκαλύψαι
998 2972 1116 3038 (καὶ
1167 2972 1277 3044 γάρ
1322 2973 1442 3036 ἐθος
1493 2974 1642 3046 αὐτῷ
1687 2975 1846 3029 τοῦτο
1884 2977 1971 3045 ἐφ’

384 3057 599 3126 ἑκάστῳ
633 3056 742 3110 τῶν
779 3055 1004 3109 δικαίων
1031 3057 1202 3108 ποιεῖν
1227 3071 1241 3086 ο
1275 3058 1368 3110 καὶ
1395 3057 1509 3110 ὅσοι
1547 3058 1678 3130 περὶ
1704 3059 1807 3130 τὴν
1842 3059 1973 3116 ἀνά-

382 3158 583 3210 γνωσιν
607 3139 716 3194 τῶν
743 3139 901 3193 θείων
933 3139 1167 3210 Γραφῶν
1186 3141 1308 3193 ἐστε
1335 3140 1656 3212 φιλότεχνοι,
1678 3140 1970 3212 δυνήσεσθε

384 3222 592 3278 ἀνωθεν
629 3222 724 3276 καὶ
743 3221 804 3288 ἐξ
824 3223 998 3293 ἀρχῆς
1030 3223 1562 3292 καταμανθάνοντες,
1596 3223 1770 3288 οὑτως
1789 3225 1970 3295 εὑρεῖν

383 3307 547 3361 αὐτὸν
596 3305 984 3375 οίκονομοῦντα
1013 3305 1121 3358 τῶν
1158 3306 1322 3360 αὑτοῦ
1359 3306 1562 3360 δούλων
1597 3307 1696 3379 τὴν
1745 3307 1966 3378 ζωὴν),

383 3391 497 3455 πῶς
551 3391 652 3444 οὐκ
691 3390 758 3443 ἂν
788 3389 877 3460 εἴη
919 3389 1154 3461 ἐσχάτης
1199 3389 1594 3460 ἀγνωμοσύνης
1631 3394 1691 3444 16
1727 3391 1969 3462 νομίζειν

384 3473 823 3542 ἐγκαταλείψεως
867 3466 1007 3527 εἶναι
1044 3473 1143 3544 τὴν
1186 3474 1457 3545 τοσαύτην
1496 3475 1864 3547 συγχώρησιν,
1905 3476 1968 3528 οὐ

384 3556 583 3627 πολλῆς
611 3556 668 3608 δέ
701 3555 900 3626 μᾶλλον
927 3555 1276 3626 κηδεμονίας,
1307 3557 1519 3628 καὶτῆς
1539 3558 1748 3627 ἀφάτου
1780 3558 1968 3628 φιλαν-

384 3639 628 3710 θρωπίας
664 3639 822 3692 τοῦτο
853 3639 1107 3710 μέγιστον
1142 3640 1414 3695 ποιεῖσθαι
1453 3643 1710 3712 σημεῖον;
1743 3643 1968 3705 Δεικνύς

382 3721 560 3775 τοίνυν
597 3721 694 3792 τὴν
725 3722 1167 3792 ὑπερϐάλλουσαν
1203 3723 1431 3794 δύναμιν
1461 3723 1649 3790 αὐτοῦ,
1679 3724 1773 3777 δύο
1796 3725 1968 3778 ταῦτα

385 3804 634 3858 ἐντεῦθεν
672 3805 1092 3870 κατασκευάζει,
1143 3807 1378 3860 καὶτῶν
1423 3806 1628 3861 δούλων
1676 3807 1840 3862 αὐτοῦ
1869 3808 1969 3882 τὴν

386 3887 662 3959 ὑπομονὴν
683 3888 777 3941 καὶ
797 3888 896 3958 τὴν
921 3888 1171 3960 ἀνδρείαν
1193 3888 1366 3943 ἀπασι
1387 3890 1629 3962 φανεράν
1653 3889 1965 3962 καθίστησι,

385 3972 480 4027 καὶ
509 3972 608 4042 τῆς
629 3969 885 4041 προνοίας
906 3970 1068 4024 αὐτοῦ
1089 3970 1152 4024 16
1177 3971 1484 4042 εὐμήχανον
1503 3973 1598 4025 καὶ
1629 3973 1833 4043 μεταξὺ
1858 3974 1969 4027 τῶν

385 4055 574 4109 δεινῶν
604 4054 805 4120 αὐτῶν,
843 4055 938 4107 καὶ
984 4053 1124 4124 μετά
1150 4055 1212 4108 16
1233 4056 1653 4128 ἀπογνωσθῆναι
1683 4057 1869 4127 σχεδὸν
1899 4058 1966 4112 τά

386 4140 712 4210 πράγματα,
741 4138 861 4191 τότε
907 4137 1046 4208 πρὸς
1082 4137 1111 4188 6
1143 4136 1392 4206 βούλεται
1432 4139 1782 4210 μεθίστησιν,
1815 4141 1969 4195 οὐδὲν

385 4222 494 4276 ὑπὸ
514 4223 612 4292 τῆς
640 4223 698 4275 ἐν
726 4221 878 4292 μέσῳ
896 4219 1180 4284 δυσκολίας
1209 4220 1506 4293 γενομένης
1521 4222 1962 4294 ἐμποδιζόμενος.

386 4307 495 4363 Καὶ
544 4305 732 4376 ὤφθη,
771 4306 924 4376 φησὶ,
977 4303 1194 4373 Κύριος
1240 4308 1276 4359 ό
1309 4306 1456 4373 Θεὸς
1482 4305 1564 4372 τῷ
1595 4308 1829 4377 Ἀϐραμ,
1865 4311 1964 4364 καὶ

384 4387 555 4445 εἶπεν
596 4389 758 4454 αὐτῷ
783 4406 796 4419 ·
838 4387 928 4454 Τῷ
958 4387 1258 4456 σπέρματί
1293 4403 1412 4443 σου
1462 4389 1636 4444 δώσω
1683 4389 1799 4458 τὴν
1849 4391 1968 4462 γῆν

385 4475 632 4542 ταύτην.
661 4471 884 4541 Μεγάλη
918 4471 952 4540 ἡ
991 4471 1304 4541 ὑπόσχεσις,
1345 4472 1439 4526 καὶ
1478 4473 1702 4544 ποθεινὴ
1730 4473 1966 4545 μάλιστα

351 4557 464 4630 ,τῷ
491 4555 705 4626 δικαίῳο
743 4555 886 4608 Ἶστε
912 4556 1022 4626 γὰρ
1061 4554 1211 4618 ὅπως
1255 4556 1305 4608 οἱ
1349 4556 1410 4608 ὲν
1440 4557 1587 4628 γήρᾳ
1621 4556 1958 4627 φθάσαντες,

354 4633 357 4642 ’
389 4640 622 4712 μάλιστα
639 4639 732 4694 καὶ
761 4639 820 4692 ἐν
851 4637 1080 4710 ἀπαιδίᾳ
1104 4639 1193 4693 τὸν
1210 4638 1426 4694 ἅπαντα
1448 4639 1728 4709 διάγοντες
1751 4643 1962 4713 χρόνον,

387 4724 714 4794 ἐπιθυμοῦσι
752 4722 980 4777 παίδων.
1013 4723 1127 4793 Τῆς
1156 4723 1406 4793 ὑπακοῆς
1448 4724 1629 4777 τοίνυν
1678 4727 1828 4798 αὑτῷ
1865 4729 1964 4800 τὴν

388 4806 619 4876 ἀμοιϐὴν
637 4806 811 4869 διδοὺς
835 4806 865 4858 6
888 4806 1184 4877 Δεσπότης,
1206 4808 1299 4860 καὶ
1324 4808 1408 4860 ὅτι
1436 4807 1696 4872 ἀκούσας,
1714 4810 1966 4876 Ἔξελθε

386 4887 457 4940 ἐκ
485 4887 594 4953 τῆς
627 4886 742 4956 τῆς
771 4904 909 4951 σου,
943 4890 1040 4958 οὐχ
1069 4888 1386 4959 ὑπερέθετο,
1430 4891 1531 4943 οὐκ
1568 4892 1962 4967 ἀνεϐάλ[λ]ετο,

387 4972 502 5026 ἀλλ’
530 4973 808 5042 ὑπήκουσε
835 4971 914 5042 τῷ
946 4973 1302 5043 ἐπιτάγματι,
1331 4974 1425 5030 καὶ
1469 4977 1551 5040 είς
1583 4975 1744 5049 ἔργον
1787 4981 1965 5051 ἧγαγε

385 5056 448 5110 16
487 5055 844 5126 προσταχθὲν,
878 5055 1029 5125 φησί·
1067 5055 1152 5122 Τῷ
1173 5056 1477 5128 σπέρματί
1499 5074 1617 5115 σου
1650 5061 1826 5117 δώσω
1851 5063 1968 5134 τὴν

386 5136 506 5212 γῆν
532 5140 772 5205 ταύτην.

456 5240 526 5311 γ’.
542 5241 742 5294 Σκόπει
758 5240 875 5304 πῶς
887 5240 976 5294 διά
995 5241 1089 5295 τοῦ
1107 5243 1350 5315 ῥήματος
1366 5245 1662 5318 ἀνέστησεν
1679 5249 1844 5304 αὐτοῦ
1865 5256 1966 5322 τὴν

385 5326 646 5386 διάνοιαν,
677 5323 771 5376 καὶ
803 5323 1082 5394 ἀρκοῦσαν
1115 5327 1263 5397 αὐτῷ
1289 5327 1399 5383 τῶν
1429 5332 1691 5401 καμάτων
1721 5335 1964 5406 παρέσχε

382 5409 483 5480 τὴν
519 5407 803 5462 ἀντίδοσιν.
830 5408 930 5462 Διά
947 5425 1029 5462 τοι
1054 5408 1211 5462 τοῦτο
1237 5411 1328 5464 καί
1348 5413 1376 5466 6
1403 5411 1740 5487 δίκαιος,τὴν
1759 5419 1964 5474 οίκείαν

384 5489 806 5563 εὐγνωμοσύνην
845 5491 1317 5562 ἐπιδεικνύμενος,
1370 5495 1572 5561 εὐθέως
1607 5499 1700 5551 ἐπὶ
1745 5501 1962 5572 εὐχαρι-

386 5575 538 5628 στίαν
560 5573 838 5644 τρέπεται.
863 5572 971 5628 Καὶ
989 5575 1377 5645 ᾠκοδόμησεν
1399 5577 1542 5644 ἐκεῖ,
1571 5583 1726 5652 φησὶ,
1759 5586 1960 5639 θυσία·

343 5650 346 5654 ’
384 5659 638 5729 στήριον
651 5657 731 5724 τῷ
751 5661 944 5728 Κυρίῳ
961 5659 1040 5725 τῷ
1065 5659 1303 5730 ὀφθέντι
1335 5661 1515 5729 αὐτῷ.
1546 5650 1688 5736 Ὅρα
1716 5665 1962 5735 φιλοθέου

389 5741 609 5814 γνώμης
639 5743 954 5812 τεκμήριον.
1000 5743 1107 5796 Καὶ
1155 5745 1316 5799 αὐτὸν
1343 5746 1433 5799 τὸν
1463 5747 1642 5813 τόπον,
1699 5749 1827 5804 ἔνθα
1863 5753 1962 5820 τῆς

385 5825 598 5896 ὁμιλίας
665 5825 872 5897 ἠξιώθη
935 5827 1031 5899 τῆς
1093 5830 1237 5900 παρὰ
1305 5830 1395 5884 τοῦ
1443 5831 1612 5898 Θεοῦ,
1667 5834 1958 5908 ἁφιέρωσε,

1395 354 1464 409 IN
1516 353 1671 411 CAP.
1714 354 1810 410 XII
1855 352 2102 412 GENES.
2140 354 2379 413 IIOMIL.
2421 355 2630 411 XXXII.

3541 352 3647 408 296

2073 471 2167 524 καὶ
2211 472 2313 543 τὴν
2360 470 2707 542 εὐχαριστίαν
2743 469 2843 540 τὴν
2881 469 3020 523 κατά
3051 467 3280 538 δύναμιν
3317 465 3651 532 ἐπεδείξατο.

2069 555 2241 609 Τοῦτο
2264 557 2373 627 γάρ
2416 557 2586 619 ἐστιν,
2631 555 3000 625 ᾭκοδόμησε
3031 552 3487 620 θυσιαστήριον,
3531 553 3654 606 ἀντὶ

2068 639 2185 703 τοῦ,
2243 640 2638 712 εὐχαρίστησεν
2689 639 2830 710 ὑπὲρ
2872 638 2984 692 τῶν
3023 635 3490 705 ἐπαΠελθέντων.
3542 637 3656 690 Καὶ

2070 723 2320 796 καθάπερ
2351 722 2628 794 ἄνθρωποι
2680 722 2941 787 πολλάκις
2973 721 3078 775 ὑπὸ
3123 719 3350 792 φίλτρου
3393 718 3652 790 κινούμε-

2069 825 2171 870 νοι,
2202 807 2298 861 καὶ
2334 805 2510 870 οίκίας
2549 805 2946 876 οἰκοδομοῦσιν,
2990 803 3120 858 ἔνθα
3165 803 3232 857 ἂν
3277 804 3388 866 τοῖς
3417 800 3656 872 γνησίως

2071 891 2200 960 περὶ
2247 891 2444 954 αὐτοὺς
2484 889 2849 960 διακειμένοις
2899 887 3341 957 συντυγχάνωσι,
3397 884 3655 948 πολλάκις

2068 974 2127 1027 δέ
2148 973 2334 1027 πολλοὶ
2362 974 2456 1027 κα)⁸
2473 971 2657 1035 πόλεις
2683 971 2942 1041 ἔστησαν,
2977 971 3070 1024 καὶ
3097 970 3198 1033 τάς
3234 969 3600 1040 ἐπονομασίας
3627 981 3655 1008 ι

2071 1057 2260 1121 αὐταῖς
2297 1056 2449 1128 [520]
2479 1059 2544 1110 ἐκ
2577 1056 2677 1125 τῆς
2714 1053 2823 1109 τῶν
2861 1052 3182 1124 ἐπιτηδείων
3224 1052 3512 1121 συντυχίας
3555 1052 3657 1102 ἐπο

2069 1140 2294 1211 έθηκαψ
2319 1140 2411 1193 τὸν
2437 1139 2598 1194 αὐτὸν
2615 1139 2680 1211 δὴ
2715 1139 2916 1210 τρόπον
2939 1137 3032 1191 καὶ
3053 1140 3082 1190 6
3100 1137 3305 1200 δίκαιος
3333 1128 3508 1198 οὗτος,
3529 1133 3660 1187 ἔνθα

2069 1224 2171 1294 τῆς
2193 1223 2459 1287 ὀπτασίας
2482 1224 2581 1294 τῆς
2610 1222 2704 1276 τοῦ
2727 1220 2861 1274 Θεοῦ
2878 1219 3104 1290 ἠξιώθη,
3120 1219 3180 1272 τὸ
3216 1218 3658 1284 Θυσιαστήριον

2070 1305 2429 1376 ᾠκοδόμησε
2452 1307 2648 1374 Κυρίῳ
2687 1305 2768 1372 τῷ
2788 1303 3026 1374 ὀφθέντι
3057 1300 3236 1368 αὐτῷ.
3268 1302 3365 1357 καί
3395 1301 3654 1366 ἀπέστη,

2074 1389 2259 1461 φησὶν,
2282 1388 2533 1443 ἐκεῖθεν.
2572 1389 2638 1441 Τί
2675 1390 2810 1453 ἐστι,
2847 1386 2956 1441 Καὶ
2991 1384 3228 1452 ἀπέστη
3260 1383 3524 1447 ἐκεῖθεν;
3571 1384 3658 1446 Ὠς

2073 1473 2370 1545 ἱερωμένου
2399 1472 2586 1526 λοιπὸν
2606 1470 2698 1525 τοῦ
2716 1470 2906 1534 τόπου,
2937 1471 3031 1522 καὶ
3046 1467 3125 1539 τῷ
3144 1467 3265 1537 Θεῷ
3283 1467 3657 1530 ἀνατεθέντος,

2073 1555 2420 1628 ἀνεχώρησεν
2443 1557 2674 1621 ἐκεῖθεν,
2714 1555 2810 1608 καὶ
2837 1553 3103 1626 μετῆλθεν
3126 1555 3206 1615 είς
3237 1551 3424 1624 ἕτερον
3460 1551 3658 1614 τόπον,

2075 1642 2258 1711 φησὶν,
2278 1644 2381 1707 Εἰς
2403 1638 2469 1693 τὸ
2491 1640 2629 1708 ὄρος
2644 1638 2794 1694 κατὰ
2818 1638 3118 1704 ἀνατολὰς
3133 1637 3353 1704 Βεθὴλ,
3371 1636 3469 1693 καὶ
3484 1637 3661 1704 ἐστηο

2075 1740 2189 1778 σεν
2209 1722 2338 1777 ἐκεῖ
2361 1722 2478 1790 τὴν
2502 1722 2748 1790 σκηνὴν
2767 1721 2957 1776 αὐτοῦ
2978 1737 2994 1752 ο
3016 1718 3461 1791 ἐσχεδιασμένην,
3501 1720 3659 1790 φησὶ,

2075 1807 2174 1877 τὴν
2193 1807 2406 1878 οἴκησιν
2430 1807 2744 1877 ἐποιήσατο.
2776 1806 2918 1877 Ὅρα
2950 1803 3068 1868 πῶς
3097 1799 3166 1876 ἦν
3193 1804 3503 1876 ἀπέριττος,
3543 1801 3661 1865 πῶς

2073 1886 2144 1961 ἦν
2174 1889 2429 1954 εὔζωνος,
2465 1889 2540 1953 ὡς
2583 1890 2723 1960 μετά
2747 1907 2806 1941 τε
2833 1887 3092 1956 γυναικὸς
3117 1888 3212 1941 καὶ
3234 1887 3460 1941 οἰκετῶν
3487 1885 3664 1950 οὑτως

2075 1974 2313 2039 εὐκόλως
2344 1973 2786 2044 μετανίστασθαι.
2819 1972 3192 2026 ’Λκουέτωσαν
3221 1970 3434 2042 ἄνδρες,
3465 1970 3661 2024 ἀκουέ-

2073 2075 2254 2113 τωσαν
2283 2060 2556 2126 γυναῖκες.
2589 2059 2700 2112 Καὶ⁵
2726 2056 2835 2127 γάρ
2872 2055 3132 2118 πολλάκις
3162 2057 3242 2119 είς
3265 2054 3434 2126 ἀγρὸν
3461 2054 3663 2120 ἐξιέναι

2074 2141 2338 2212 δεόμενοι,
2386 2141 2587 2213 μυρίας
2635 2139 2956 2211 ἐπινοοῦμεν
3005 2139 3287 2210 μηχανὰς,
3343 2139 3438 2192 καὶ
3490 2137 3659 2192 πολλά

2076 2225 2171 2279 καὶ
2193 2225 2423 2295 διάφορα
2443 2223 2968 2295 πραγματευόμεθα,
3003 2221 3092 2275 διὰ
3124 2221 3185 2275 16
3214 2221 3383 2276 πολλά
3403 2220 3650 2293 ἐπισύρεο

2078 2307 2242 2373 σθαι,
2290 2310 2384 2361 καὶ
2436 2309 2511 2379 μὴ
2539 2307 2640 2376 τῆς
2675 2307 2865 2378 χρείας
2897 2305 3139 2374 γίνεσθαι
3171 2305 3393 2376 μᾶλλον,
3420 2304 3564 2359 ἀλλά
3590 2305 3660 2359 τά

2076 2390 2307 2464 περιττά
2355 2391 2448 2443 καὶ
2493 2389 2749 2459 ἀνόνητα,
2795 2389 2891 2442 καὶ
2943 2389 3244 2457 φαντασίας
3287 2387 3473 2441 ἕνεκεν
3527 2390 3662 2458 ἡμῖν

2076 2473 2489 2544 ἐσπουδασμένα
2511 2514 2526 2536 ,
2571 2472 2744 2526 ταῦτα
2779 2472 2900 2542 μεθ’
2929 2471 3137 2525 ἑαυτῶν
3176 2473 3331 2539 άγειν
3374 2471 3471 2526 καὶ
3504 2488 3663 2541 περι-

2077 2557 2248 2626 άγειν.
2296 2555 2436 2609 Ἀλλ’
2461 2557 2558 2626 οὐχ
2583 2557 2611 2608 6
2651 2555 2860 2618 δίκαιος
2899 2547 3075 2618 οὗτος.
3128 2553 3291 2606 Ἀλλά
3317 2554 3399 2618 τί;
3440 2552 3659 2625 Ἐπειδὴ

2076 2641 2329 2708 ἀξιωθεὶς
2359 2642 2459 2711 τῆς
2485 2641 2636 2711 παρά
2664 2638 2762 2693 τοῦ
2794 2637 2930 2692 Θεοῦ
2959 2638 3196 2709 ὁμιλίας,
3232 2637 3326 2691 τὸν
3364 2639 3528 2692 τόπον
3557 2638 3661 2706 ἀφ-

2079 2724 2293 2796 ιέρωσε,
2321 2723 2415 2777 καὶ
2445 2723 2828 2793 θυσιαστήριον
2865 2721 3204 2792 ᾠκοδόμησε,
3241 2719 3476 2791 μετέστη
3523 2721 3661 2791 μετά

2077 2808 2261 2877 πάσης
2285 2805 2535 2869 εὐκολίας
2563 2804 2812 2876 ἐτέρωθι.
2827 2803 3220 2871 Κιτιεστησεν
3231 2803 3360 2858 ἐκεῖ
3382 2803 3662 2872 τὴνσκη-

2077 2891 2197 2959 νὴν
2222 2889 2518 2951 αὑτοῦ,ὲν
2542 2887 2740 2953 Βεθηλ
2774 2886 2925 2940 κατὰ
2956 2887 3303 2948 θάλασσαν,
3337 2888 3433 2940 καὶ
3467 2887 3660 2957 Ἀτταδ

2077 2973 2228 3027 κατὰ
2255 2969 2559 3036 ἀνατολάς
2580 2987 2594 3001 ·
2620 2969 2720 3024 καὶ
2758 2967 3110 3038 ᾠκοδόμησε
3129 2968 3306 3023 κάκεῖ
3325 2969 3660 3036 θυσιαστή-

2072 3072 2210 3124 ριον
2241 3052 2320 3120 τῷ
2347 3053 2563 3120 Κυρίῳ,
2597 3051 2694 3105 καὶ
2728 3052 3139 3106 ἐπεκαλέσατο
3165 3052 3262 3105 ἐπὶ
3305 3049 3386 3117 τῷ
3414 3053 3660 3122 ὀνόματι

2077 3139 2319 3206 Κυρίου.
2353 3137 2493 3208 Ὅρα
2525 3135 2642 3199 πῶς
2665 3133 2753 3188 διὰ
2793 3135 3012 3188 πάντων
3038 3133 3309 3188 δείκνυσιν
3336 3135 3528 3189 ἐαυτοῦ
3557 3137 3660 3207 τὴν

2078 3218 2324 3290 φιλόθεον
2349 3218 2596 3290 γνώμην.
2636 3217 2783 3271 Ἐκεῖ
2825 3218 2925 3289 μὲν
2955 3217 3065 3288 γάρ
3116 3218 3206 3271 διά
3234 3218 3334 3290 τὴν
3368 3219 3519 3293 παρά
3563 3221 3660 3276 τοῦ

2076 3303 2209 3356 Θεοῦ
2252 3302 2626 3374 γεγενημένην
2673 3302 2822 3374 αὐτῷ
2861 3303 3154 3374 ὑπόσχεσιν
3186 3303 3246 3357 16
3280 3303 3661 3378 θυσιαστήριον

2075 3386 2418 3458 ᾠκοδόμησε,
2466 3388 2685 3440 καὶτὸν
2729 3388 2894 3442 τόπον
2939 3387 3254 3459 ἀφιερώσας
3286 3389 3656 3463 ἀνεχώρησεν.

2089 3469 2352 3523 Ἐνταῦθα
2373 3470 2430 3524 δέ
2449 3471 2635 3543 ἐπειδὴ
2656 3472 2754 3541 τὴν
2785 3471 2992 3542 σκηνὴν
3015 3472 3275 3543 ἐπήξατο,
3296 3473 3458 3527 πάλιν
3492 3477 3660 3546 ’ῼκο-

2075 3551 2325 3622 δόμησε,
2371 3555 2539 3624 φησὶ,
2588 3552 3023 3621 θυσιαστήριον
3066 3553 3148 3620 τῷ
3176 3558 3389 3623 Κυρίῳ,
3418 3558 3517 3610 καί
3547 3558 3656 3611 ἐκ·

2075 3635 2410 3689 εκαλέσατο
2433 3636 2531 3689 ἐπὶ
2567 3635 2648 3701 τῷ
2677 3637 2920 3705 ὀνόματι
2957 3637 3201 3704 Κυρίου.
3246 3633 3402 3702 Εἶδες
3429 3642 3658 3713 γνώμην

2076 3719 2363 3789 φιλόσοφον
2379 3737 2394 3785 ;
2415 3715 2552 3782 εἶδες
2567 3721 2706 3790 ὅπερ
2728 3721 2957 3790 γράφων
2973 3723 3279 3793 παρῄνεσεν
3299 3726 3328 3777 6
3344 3723 3656 3796 θαυμαστὸς

2073 3801 2172 3872 τῆς
2187 3803 2510 3874 οἰκουμένης
2527 3803 2843 3866 διδάσκαλος
2859 3806 2888 3857 ό
2909 3805 3178 3877 μακάριος
3209 3805 3436 3873 Παῦλος,
3459 3808 3602 3878 λέγω
3613 3827 3654 3863 δ’

2087 3885 2185 3938 Ἑν
2207 3885 2387 3939 παντὶ
2419 3888 2582 3953 τόπῳ
2603 3887 2964 3954 ἐπαίροντας
2993 3890 3207 3956 ὁσίους
3241 3889 3446 3960 χεῖρας
3464 3908 3479 3922 ⁸
3501 3893 3660 3948 τοῦτο

2075 3967 2364 4041 προλαϐὼν
2379 3971 2410 4022 6
2429 3970 2775 4043 πατριάρχης
2800 3971 2888 4025 διά
2917 3971 3024 4025 τῶν
3055 3971 3231 4044 ἔργων
3249 3975 3512 4047 ἐπλήρου,
3533 3976 3657 4030 καθ’

2075 4055 2304 4109 ἐκαστον
2337 4055 2500 4110 τόπον
2523 4056 2908 4128 θυσιαστήριον
2941 4059 3260 4130 οἰκοδομῶν,
3306 4062 3400 4114 καὶ
3434 4060 3532 4125 τὰς
3564 4062 3658 4116 εὐ-

2075 4139 2358 4209 χαριστίας
2400 4139 2688 4210 ἀναφέρων
2733 4140 2811 4212 τῷ
2855 4143 3133 4214 Δεσπότῃ;
3173 4142 3327 4216 ᾜδει
3359 4144 3488 4216 γὰρ,
3537 4145 3656 4218 ᾔδει

2075 4222 2280 4292 σαφῶς,
2311 4222 2387 4288 ώς
2412 4223 2563 4278 οὐδὲν
2601 4225 2789 4296 ἕτερον
2819 4224 3070 4298 ἐπιζητεῖ
3099 4228 3249 4298 παρά
3299 4228 3398 4299 τῆς
3437 4229 3656 4302 ἀνθρω-

2076 4307 2236 4378 πίνης
2276 4306 2492 4376 φύσεως
2517 4310 2547 4362 6
2575 4308 2684 4362 τῶν
2710 4309 2848 4363 ὃλων
2879 4308 3013 4374 Θεὸς
3044 4311 3182 4381 μετά
3201 4311 3300 4376 τὰς
3327 4315 3530 4385 μυρίας
3559 4316 3656 4370 καὶ

2074 4391 2315 4462 ἀφάτους
2345 4393 2511 4446 αὑτοῦ
2547 4391 2868 4465 εὐεργεσίας
2889 4435 2903 4460 ,
2939 4393 3016 4457 ώς
3045 4394 3364 4466 εὐχάριστον
3396 4397 3653 4469 γνώμην,

2073 4476 2248 4530 καὶτὸ
2270 4475 2467 4530 είδέναι
2492 4478 2651 4550 χάριν
2671 4478 2952 4548 ὁμολογεῖν
2973 4479 3115 4550 ὑπὲρ
3131 4479 3240 4532 τῶν
3263 4479 3651 4552 ὑπηργμένων.

2086 4559 2227 4616 Ἀλλ’
2260 4560 2458 4631 ἴδωμεν
2479 4561 2661 4625 πάλιν,
2692 4561 2810 4624 πῶς
2841 4561 2936 4615 καὶ
2957 4560 3206 4617 ἐντεῦθεν
3226 4565 3255 4618 6
3283 4563 3492 4630 δίκαιος
3525 4584 3654 4637 μετ-

2072 4645 2376 4700 ανίσταται.
2417 4641 2527 4698 Καὶ
2555 4643 2772 4713 ἀπῆρε,
2800 4645 2984 4716 φησὶν,
3015 4645 3262 4716 Ἀϐραμ,
3301 4648 3399 4701 καί
3436 4663 3654 4718 πορευ-

2072 4728 2197 4796 θείς
2248 4726 2801 4794 ἐστρατοπέδευσεν
2824 4729 2896 4782 ἐν
2925 4727 3001 4797 τῇ
3035 4729 3254 4800 ἐρήμῳ.
3292 4731 3436 4802 Ὅρα
3489 4732 3656 4787 πάλιν

2071 4811 2172 4882 τὴν
2200 4810 2445 4880 φιλόθεον
2482 4809 2650 4864 αὐτοῦ
2692 4810 2920 4883 γνώμην
2948 4813 3044 4866 καὶ
3077 4813 3178 4882 τὴν
3211 4813 3531 4882 φιλοσοφίαν
3553 4813 3656 4885 τὴν

2073 4895 2296 4968 πολλήν.
2346 4895 2514 4950 Πάλιν
2538 4936 2554 4960 ,
2605 4898 2772 4967 φησὶν
2793 4937 2810 4958 ,
2862 4895 3112 4950 ἐντεῦθεν
3161 4896 3498 4968 ἀνεχώρησε.
3557 4899 3655 4951 καὶ

2087 4980 2747 5050 Ἐστρατοπέδευσενὲν
2761 4978 2836 5046 τῇ
2850 4979 3230 5048 ἐρήμῳπίνος
3244 4980 3428 5035 ἕνεκεν
3437 4981 3656 5054 ἀπῆρεν

2074 5063 2282 5117 ἐκεῖθεν
2306 5080 2322 5130 ;
2363 5065 2522 5126 Ἴσως
2549 5061 2694 5134 δρῶν
2713 5077 2866 5126 τινας
2888 5062 3189 5132 οίκητόρων
3212 5063 3313 5117 οὐκ
3343 5063 3652 5136 ἀρεσκομέ-

2073 5162 2196 5210 νους
2229 5145 2395 5200 αὐτοῦ
2420 5148 2487 5216 τῇ
2519 5145 2808 5216 παρουσίᾳ.
2837 5145 2939 5199 Διά
2968 5162 3049 5199 τοι
3068 5145 3228 5199 τοῦτο
3244 5145 3458 5210 δεικνὺς
3485 5147 3658 5203 αὑτοῦ

2071 5231 2171 5300 τῆς
2199 5229 2503 5300 πραότητος
2534 5228 2634 5299 τὴν
2663 5227 2992 5299 ὑπερϐολὴν,
3018 5229 3111 5282 καὶ
3138 5230 3284 5294 ὅπως
3307 5231 3436 5302 περὶ⁵
3453 5231 3651 5286 πολλοῦ

2075 5313 2302 5364 ποιεῖται
2348 5312 2446 5383 τὴν
2488 5310 2718 5382 ἡσυχίαν
2761 5311 2856 5364 καὶ
2897 5311 2960 5364 τὸ
2996 5313 3132 5383 πρὸς
3177 5313 3383 5385 μηδένα
3419 5332 3473 5368 τι
3506 5316 3654 5386 ἐχειν

2074 5395 2270 5459 κοινὸν,
2307 5395 2406 5467 τὴν
2433 5395 2670 5468 ἐρημίαν
2709 5395 3130 5466 καταλαμϐάνει.
3171 5397 3280 5452 Καὶ
3315 5400 3648 5467 πορευθεὶς,

2073 5478 2257 5547 φησὶν,
2294 5477 2846 5545 ἐστρατοπέδευσεν
2868 5479 2938 5534 ἐν
2966 5479 3040 5548 τῇ
3066 5480 3283 5551 ἐρήμῳ.
3318 5479 3460 5554 Ξένῃ
3499 5481 3646 5546 λέξει

2071 5561 2343 5631 ἐχρήσατο
2392 5562 2424 5629 ἡ
2478 5561 2599 5614 θεία
2652 5562 2871 5633 Γραφή·
2927 5563 3180 5635 καθάπερ
3232 5565 3342 5634 γάρ
3397 5565 3491 5616 ἐπὶ
3535 5565 3650 5617 τῶν

2073 5642 2325 5711 πολέμων
2356 5643 2385 5683 δ
2412 5643 2532 5707 ἔθος
2556 5645 2674 5697 ἐστὶ
2717 5645 2917 5714 λέγειν,
2964 5645 3106 5701 οὑτω
3133 5648 3224 5701 καὶ
3246 5647 3343 5702 νῦν
3373 5646 3524 5699 εἶπεν
3553 5647 3651 5700 ἐπὶ

2133 5727 2158 5790 ξ
2185 5727 2320 5790 |_Jn_us
2347 5729 2530 5782 καὶτὰς
2555 5729 2836 5790 ἐπωνυμίας.

2133 5789 2161 5851 1}
2186 5787 2282 5837 Alii
2305 5790 2558 5850 πολεμίων·
2584 5797 2635 5838 et
2663 5787 2733 5839 sié
2771 5793 2949 5847 legime
2977 5791 3167 5842 widelur
3203 5795 3343 5838 Vetus
3381 5790 3646 5851 interpres.

2074 5849 2199 5900 Infra
2221 5864 2346 5902 unus
2379 5849 2502 5915 δείξῃ
2525 5853 2578 5901 τὸ
2603 5853 2799 5909 εὖξωνον
2825 5854 2950 5918 (διν).
