4020 6136
321 294 423 349 ἳῡῖ

315 411 406 464 τοῦ
436 412 665 482 δικαίου,
696 417 777 470 ὅτι
809 416 1298 487 ἐστρατοπέδευσε,
1336 420 1425 474 ἴνα
1457 419 1606 493 δείξῃ
1643 421 1704 475 :0
1746 422 1977 487 εὔζωνον

314 498 411 553 τοῦ
450 503 807 574 πατριάρχου,
838 504 922 557 ὅτι
949 502 1102 576 [ὄῖί]
1136 505 1386 577 καθάπερ
1410 508 1460 559 οἰ
1494 508 1826 576 στρατιῶται
1856 511 1977 581 μετ’

314 590 570 652 εὐκολίας
592 591 686 644 νῦν
718 592 817 662 μὲν
844 591 1098 656 ἐνταῦθα,
1126 593 1222 646 νῦν
1242 594 1300 647 δὲ
1330 596 1508 647 ἐκεῖσε
1536 597 1988 665 στρατοπεδεύον-

312 692 405 730 ται
432 693 446 710 ·
482 677 623 730 οὕτω
647 677 712 749 δὴ
749 680 844 734 καὶ
870 680 898 733 0
932 679 1140 743 δίκαιος
1167 674 1338 744 οὗτος,
1387 681 1571 735 καίτοι
1602 684 1837 750 γυναῖκα
1866 684 1985 738 ἐπι-

315 764 640 834 φερόμενος,
684 766 778 819 καὶ
818 765 908 818 τὸν
950 765 1287 836 ἀδελφιδοῦν,
1326 768 1419 821 καὶ
1460 767 1731 822 τοσούτων
1757 770 1983 824 οἰκετῶν

312 849 534 920 πλῆθος,
570 851 707 921 μετὰ
734 852 976 915 πλείονος
1014 853 1114 923 τῆς
1150 853 1401 918 εὐκολίας
1427 854 1527 916 τὰς
1558 857 1982 925 μεταναστάσεις

310 936 563 990 ἐποιεῖτο.
597 933 748 1002 Εἶδες
780 937 892 1008 βίον
918 939 977 992 ἐν
1009 940 1156 1010 γήρᾳ
1193 940 1331 1010 μετά
1352 942 1609 1006 γυναικὸς
1637 942 1730 995 καὶ
1756 942 1980 1003 οἰκετῶν

308 1022 576 1076 τοσούτων
611 1023 880 1090 εὐζωνονς
929 1026 1082 1096 Ἐμοὶ
1117 1027 1174 1079 δὲ
1205 1027 1482 1098 θαυμάσαι
1534 1027 1714 1082 ἔπεισι
1746 1029 1981 1100 μάλιστα

310 1110 413 1179 τῆς
460 1112 715 1179 γυναικὸς
767 1112 866 1184 τὴν
918 1112 1188 1184 ἀνδρείαν.
1224 1116 1393 1168 Ὅταν
1437 1115 1544 1187 γάρ
1591 1117 1828 1187 ἐννοήσω
1881 1118 1979 1188 τῆς

309 1196 523 1263 φύσεως
570 1198 669 1269 τῆς
697 1199 1012 1266 γυναικείας
1045 1200 1142 1271 τὴν
1172 1200 1454 1256 ἀσθένειαν
1480 1242 1495 1266 ,
1549 1203 1642 1256 καὶ
1676 1202 1977 1274 λογίσωμαι

307 1284 457 1346 ὅπως
489 1286 605 1355 μετ’
634 1284 883 1349 εὐκολίας
915 1286 1031 1356 ἅμα
1066 1286 1143 1357 τῷ
1175 1286 1381 1358 δικαίῳ¹
1416 1287 1514 1352 τὰς
1552 1289 1979 1359 μεταναστάσεις

307 1370 634 1435 ἐποίει,οὖτε
660 1373 798 1444 αὐτὴ
826 1373 1267 1445 δυσχεραίνουσα,
1294 1374 1418 1427 οὔτε
1436 1376 1514 1446 τῷ
1529 1376 1722 1447 δικαίῳ
1750 1376 1977 1448 κώλυμα

306 1458 588 1530 γινομένη,
621 1458 1010 1531 ἐκπλήττομαι,
1062 1459 1157 1513 καὶ
1189 1459 1472 1530 λογίζομαι
1514 1462 1593 1515 ὅτι
1626 1464 1727 1516 οὐκ
1756 1463 1976 1517 ἔλαττον

306 1544 400 1598 τοῦ
447 1545 656 1601 δικαίου
700 1548 796 1602 καὶ
845 1547 984 1619 αὐτὴ
1037 1548 1291 1620 φρόνημα
1336 1549 1540 1620 ὑψηλὸν
1587 1552 1681 1604 καὶ
1736 1551 1977 1623 ἀνδρεῖον

305 1631 587 1702 ἐκέκτητο.
613 1634 720 1687 Καὶ
748 1633 904 1688 τοῦτο
925 1635 1158 1705 μάλιστα
1185 1636 1464 1707 εἰσόμεθα,
1494 1639 1736 1703 ἐπιόντες
1760 1642 1828 1693 τά
1850 1640 1976 1711 ἑξῆς

305 1718 414 1770 τῶν
443 1719 890 1790 ἀνεγνωσμένων.
923 1717 1077 1786 Εἶδες
1109 1722 1191 1775 ὅτι
1233 1723 1373 1794 μετά
1393 1723 1455 1777 :0
1481 1723 1732 1790 ἀκοῦσαι,
1768 1727 1850 1778 ὅτι
1890 1726 1975 1792 Τῷ

303 1808 600 1877 σπέρματί
650 1824 768 1864 σου
823 1809 996 1864 δώσω
1047 1811 1162 1880 τὴν
1210 1811 1331 1881 γῆν
1388 1814 1656 1882 ταύτην,
1705 1814 1825 1878 πῶς
1875 1818 1974 1887 οὐχ

305 1895 576 1964 ἡσύχασεν
604 1897 634 1949 0
660 1896 882 1963 δίκαιος,
916 1898 1029 1952 ἀλλ’
1062 1898 1310 1953 ἐντεῦθεν
1339 1886 1456 1954 ἐκεῖ
1480 1912 1506 1941 α
1540 1902 1843 1970 μετέϐαινε,
1876 1886 1969 1957 καὶ

304 1981 464 2035 πάλιν
492 1982 700 2037 ἐκεῖθεν
723 1985 979 2057 ἐτέρωθι;
1012 1986 1153 2040 Ἀλλ’
1183 1988 1286 2058 090
1318 1989 1414 2042 καὶ
1460 1990 1568 2042 άπὸ
1599 1989 1697 2061 τῆς
1734 1990 1970 2061 ἐρημίας

302 2068 463 2122 αὐτὸν
485 2070 646 2124 πάλιν
681 2072 1051 2145 ἐλαυνόμενον,
1079 2075 1178 2147 οὐχ
1208 2076 1314 2128 ὑπὸ
1361 2076 1683 2148 ἀνθρώπων,
1718 2077 1833 2132 ἀλλ’
1866 2078 1971 2132 ύπὺ

299 2154 402 2223 τῆς
433 2155 678 2226 ἀνάγκης
709 2157 804 2212 τοῦ
851 2159 1032 2231 λιμοῦ.
1064 2161 1172 2215 Καὶ
1202 2161 1461 2232 ἐγένετο,
1493 2163 1646 2234 φησί,
1672 2164 1847 2234 λιμὸς
1869 2166 1970 2219 ἐπὶ

299 2238 412 2310 τῆς
436 2241 567 2312 γῆς.
616 2245 984 2301 ’Δκουέτωσαν
1027 2248 1078 2300 οἱ
1122 2248 1306 2313 ἁπλῶς
1350 2251 1443 2303 καὶ
1493 2252 1970 2323 ἁπαραφυλάκτως

300 2329 685 2402 φθεγγόμενοι,
715 2334 809 2387 καὶ
827 2335 1219 2406 οἰωνιζόμενοι,
1251 2336 1346 2390 καί
1364 2337 1631 2407 λέγοντες,
1665 2340 1746 2392 ὅτι
1779 2341 1966 2412 ἐπειδὴ

299 2417 329 2497 ό
376 2415 522 2470 δεῖνα
572 2420 925 2490 παρεγένετο,
960 2421 1118 2492 λιμὸς
1147 2421 1362 2491 γέγονε,
1404 2425 1498 2477 καὶ
1539 2426 1726 2497 ἐπειδὴ
1763 2428 1793 2480 ὁ
1818 2427 1968 2481 δεῖνα

295 2496 428 2572 ἦλθε
461 2502 580 2556 τόδε
603 2504 823 2576 συνέϐη.
859 2506 988 2561 Ἰδοὺ
1020 2509 1116 2562 καί⁵
1144 2509 1237 2562 ἐπὶ
1263 2509 1365 2580 τῆς
1393 2508 1487 2562 τοῦ
1512 2496 1724 2565 δικαίου
1756 2530 1963 2583 παρου-

299 2590 422 2655 σίας
441 2591 616 2663 λιμὸς,
645 2595 739 2647 καὶ
761 2593 917 2666 λιμὸς
944 2595 1111 2667 βαρὺς
1144 2597 1239 2652 καὶ
1268 2600 1329 2651 οὐ
1359 2597 1669 2669 θορυϐεῖται
1686 2603 1714 2654 0
1733 2600 1960 2666 δίκαιος,

293 2678 418 2731 οὐδὲ
460 2679 658 2752 πάσχει
697 2698 751 2736 τι
785 2682 1157 2754 ἀνθρώπινον,
1210 2685 1305 2739 καὶ
1336 2688 1403 2759 τῇ
1449 2688 1644 2741 ἑαυτοῦ
1692 2690 1966 2762 παρουσίᾳ

294 2762 567 2833 λογίζεται
597 2767 691 2822 τοῦ
737 2768 899 2840 λιμοῦ
930 2771 1029 2842 τὴν
1077 2772 1278 2827 αἰτίαν.
1331 2774 1470 2828 Ἀλλ’
1510 2775 1699 2847 ἐπειδὴ
1734 2771 1843 2830 εἶδε
1866 2778 1966 2849 τὴν

293 2851 455 2921 φύσιν
485 2854 848 2929 ἐλεγχομένην
873 2858 924 2923 ι),
943 2859 1039 2912 καὶ
1069 2859 1445 2933 ἐπεκράτησεν
1463 2864 1492 2916 0
1518 2863 1694 2934 λιμὸς,
1711 2864 1962 2932 Κατέϐη,

293 2940 450 3011 φησί,
486 2944 574 3007 είς
602 2944 907 3014 Αἴγυπτον
939 2946 1166 3017 Ἀϐραμ
1188 2948 1556 3019 παροικῆσαι
1575 2950 1717 3016 ἐκεῖ,
1751 2950 1842 3006 ὅτι
1868 2952 1965 3006 0r-

293 3026 555 3095 ίσχυσεν
579 3033 613 3083 d
650 3029 829 3101 λιμὸς
855 3032 953 3088 ἐπὶ
982 3032 1094 3103 τῆς
1119 3035 1252 3105 γῆς.

361 3114 424 3167 δ.
476 3116 673 3170 Σκόπει
714 3117 832 3182 πῶς
865 3121 1180 3192 μακρότερα
1208 3123 1279 3177 τά
1322 3123 1626 3195 σκάμματα
1667 3124 1745 3197 τῷ
1770 3125 1965 3199 δικαίῳ

292 3201 521 3269 ἐγίνετο.
568 3203 847 3275 ᾮκονόμει
884 3206 995 3278 γὰρ
1031 3209 1060 3261 0
1107 3210 1384 3281 Δεσπότης
1415 3212 1490 3283 μὴ
1522 3212 1684 3283 μόνον
1713 3215 1827 3277 τοῖς
1860 3214 1961 3285 τὴν

294 3287 658 3359 Παλαιστίνην
687 3290 949 3355 οἰκοῦσιν,
975 3293 1110 3348 ἀλλά
1133 3297 1229 3349 καὶ
1256 3299 1367 3360 τοῖς
1393 3299 1536 3352 κατὰ
1563 3300 1660 3369 τὴν
1688 3300 1961 3369 Αἴγυπτον

290 3372 607 3428 διδάσκαλον
649 3375 811 3429 αὐτὸν
866 3379 1140 3447 γενέσθαι,
1190 3383 1284 3435 καὶ
1329 3383 1391 3437 :0
1449 3384 1566 3453 φῶς
1612 3385 1714 3456 τῆς
1759 3388 1963 3454 οἰκείας

292 3459 495 3530 ἀρετῆς
523 3462 656 3515 πᾶσι
695 3464 993 3536 κατάδηλον
1014 3467 1253 3539 ποιῆσαι.
1277 3468 1539 3543 Καθάπερ
1565 3472 1670 3544 γὰρ
1700 3475 1964 3547 φωστῆρά

291 3564 415 3600 τινα
462 3546 795 3605 λανθάνοντα
852 3554 947 3607 καὶ
996 3557 1375 3627 κεκρυμμένον
1423 3559 1502 3622 εἰς
1532 3559 1629 3632 τὴν
1659 3546 1959 3627 Χαλδαίων,

292 3635 503 3724 ἐκεῖθεν
543 3637 858 3713 ἀνέστησεν,
897 3643 983 3696 ἵνα
1015 3643 1142 3709 τοὺς
1186 3645 1243 3698 ἐν
1279 3645 1360 3717 τῷ
1394 3647 1575 3701 σκότει
1619 3649 1720 3721 τῆς
1754 3649 1962 3724 πλάνης

292 3723 637 3795 καθημένους
668 3731 1052 3803 χειραγωγὴσῃ
1085 3732 1222 3804 πρὸς
1266 3733 1363 3806 τὴν
1382 3734 1486 3807 τῆς
1534 3736 1792 3808 ἀληθείας
1817 3723 1954 3794 ὀδό).

303 3812 442 3865 Ἀλλ’
480 3815 611 3878 ἴσως
637 3814 780 3870 είποι
810 3833 893 3881 τις
920 3818 1014 3872 ἄν·
1048 3820 1159 3872 Καὶ
1187 3820 1330 3885 τίνος
1355 3822 1542 3877 ἕνεκεν
1570 3826 1629 3876 οὐ
1657 3826 1782 3888 τούς
1809 3828 1869 3879 ἐν
1891 3828 1957 3897 τῇ

289 3895 572 3953 Χαλδαίων
589 3900 741 3975 χώρα
758 3905 1136 3975 παρεσκεύασε
1153 3907 1221 3961 δι’
1232 3908 1394 3962 αὐτοῦ
1413 3910 1551 3981 πρὸς
1566 3911 1665 3982 τὴν
1680 3895 1959 3967 εὐσέϐειαν

291 3985 629 4058 ἀναχθῆναι;
666 3989 826 4054 Εἰκὸς
864 3992 963 4062 μέν
1001 3992 1118 4047 ἐστι
1148 3993 1244 4046 καὶ
1280 3995 1378 4066 τῆς
1422 3997 1647 4051 ἐκείνων
1687 4000 1960 4070 σωτηρίας

287 4072 356 4126 δι’
379 4073 579 4146 ἐτέρων
607 4076 859 4144 γενέσθαι
892 4080 990 4149 τὴν
1024 4080 1278 4151 πρόνοιαν
1301 4098 1315 4113 ο
1347 4081 1496 4152 ὅμως
1521 4083 1578 4136 δέ
1612 4083 1844 4139 ἄκουσον
1865 4089 1958 4141 τοῦ

287 4159 528 4245 Χριστοῦ
560 4161 836 4230 λέγοντος,
862 4166 985 4218 οὐκ
1013 4164 1146 4221 ἔστι
1191 4168 1505 4237 προφήτης
1538 4169 1765 4240 ἄτιμος,
1795 4177 1849 4228 εὶ
1875 4175 1957 4245 μὴ

285 4245 358 4298 ἐν
383 4244 459 4314 τῇ
486 4245 606 4313 ἰδίᾳ
632 4248 891 4316 πατρίδι.
925 4251 1042 4303 Ἵνα
1068 4247 1162 4306 οὖν
1191 4254 1288 4326 τὴν
1322 4255 1657 4325 ἐπαγγελίαν
1694 4259 1772 4323 εἰς
1801 4244 1959 4330 ἔργον

285 4331 471 4403 ἀγάγῃ
494 4333 591 4404 τὴν
635 4333 822 4402 αὐτοῦ,
867 4337 934 4406 ῆν
965 4338 1256 4410 ἐποιήσατο
1284 4341 1478 4411 λέγων,
1502 4344 1611 4399 Καὶ
1636 4348 1959 4415 μεγαλυνῶ

284 4419 353 4473 τὸ
412 4419 602 4491 ὄνομὰ
651 4437 770 4478 σου
793 4462 808 4489 ,
857 4423 946 4480 διὰ
987 4426 1144 4481 τοῦτο
1182 4429 1276 4484 καί
1333 4432 1425 4485 τὸν
1483 4432 1639 4504 λιμὸν
1688 4440 1960 4508 συγχωρεῖ

281 4509 558 4575 γενέσθαι,
584 4510 678 4564 καί
705 4511 793 4565 διὰ
810 4512 1001 4569 τούτου
1028 4516 1274 4590 ἀνάγκην
1310 4521 1390 4584 είς
1418 4512 1521 4594 τὴν
1554 4521 1829 4592 Αἴγυπτον
1858 4526 1957 4579 αὐ-

279 4595 373 4650 τὸν
398 4597 713 4667 ἀφικέσθαι,
744 4600 829 4654 ἵνα
857 4602 1068 4671 μάθωσι
1099 4606 1262 4660 καὶοί
1284 4608 1493 4671 αὐτόθι,
1522 4609 1620 4682 ὅση
1649 4611 1745 4665 τοῦ
1764 4612 1955 4684 ἀνδρός

281 4685 488 4771 ἐστινὴ
522 4685 714 4758 ἀρετή.
766 4685 1034 4760 Καθάπερ
1080 4692 1189 4762 γάρ
1216 4710 1301 4757 τις
1350 4694 1542 4765 δήμιος
1584 4696 1760 4769 δεσμά
1795 4716 1952 4771 περι-

279 4769 480 4837 ϐαλὼν,
502 4771 678 4837 οὕτως
703 4773 901 4840 αὐτοὺς
914 4777 943 4830 0
959 4775 1115 4846 λιμὸς
1131 4777 1242 4832 01:0
1260 4778 1355 4849 τῆς
1381 4781 1614 4850 ἐρημίας
1641 4769 1953 4856 ἀναστήσας

278 4858 374 4911 ἐπὶ
424 4859 522 4931 τὴν
572 4860 852 4930 Αἴγυπτον
896 4856 1079 4919 εἷλκεν
1125 4875 1173 4919 ο.
1232 4865 1372 4918 Ἀλλ’
1413 4865 1612 4937 ἴδωμεν
1659 4869 1844 4926 λοιπὸν
1881 4874 1951 4928 τὰ

280 4946 673 5012 ἐντεῦθεν,νκαὶ
700 4951 802 5024 ὅσῃ
836 4953 1157 5022 περιστάσει
1195 4954 1224 5007 0
1257 4953 1467 5019 δίκαιος
1496 4957 1945 5028 περιπέπτωκεν,

275 5030 366 5087 ἵνα
390 5033 485 5085 καὶ
513 5032 676 5087 αὐτοῦ
705 5034 805 5106 τὴν
834 5034 1085 5105 ἀνδρείαν
1119 5036 1400 5109 μάθωμεν,
1428 5041 1525 5093 καὶ
1553 5040 1653 5110 τῆς
1686 5046 1945 5110 γυναικὸς

273 5114 374 5197 τὴν
406 5115 692 5186 φιλόσοφον
720 5116 974 5197 γνώμην.
1013 5117 1229 5192 Ἐπειδὴ
1251 5121 1358 5193 γὰρ
1382 5122 1515 5176 πολὺ
1544 5123 1643 5194 τῆς
1661 5124 1781 5178 ὀδοῦ
1809 5144 1946 5197 προ·-

271 5195 454 5282 ῆλθον,
485 5197 577 5250 καὶ
601 5196 856 5265 γεγόνασι
888 5198 1071 5253 λοιπὸν
1103 5201 1328 5273 πλησίον
1349 5205 1450 5275 τῆς
1470 5206 1765 5275 Αἰγύπτου,
1792 5195 1943 5282 [322]

269 5281 563 5368 ἐναγώνιος
587 5284 812 5353 γέγονεν
839 5289 868 5341 0
893 5287 1122 5354 δίκαιος,
1152 5293 1246 5345 καὶ
1283 5293 1410 5364 περὶ
1432 5295 1621 5366 αὐτῆς,
1651 5297 1726 5360 ὡς
1747 5281 1940 5368 είπεῖν,

266 5370 368 5431 τῆς
393 5366 540 5437 ζωῆς
568 5368 823 5436 δεδοικὼς
852 5373 947 5426 καὶ
984 5374 1204 5445 τρέμων
1236 5375 1541 5445 διαλέγεται
1586 5382 1651 5451 τῇ
1698 5366 1938 5449 γυναικί,

277 5453 543 5525 Ἐγένετο
566 5457 694 5529 γὰρ,
724 5460 856 5529 φησὶ
902 5460 1087 5527 ἡνίκα
1116 5462 1368 5533 ἤγγισεν
1389 5466 1613 5535 Ἀϐραμ
1642 5470 1940 5525 εἰσελθεῖν

266 5539 348 5603 εἰς
363 5538 688 5608 Αιγυπτον,
717 5538 847 5597 εἷπε
867 5544 1029 5614 Σάρςι
1052 5544 1127 5615 τῇ
1146 5550 1384 5616 γυναικί
1409 5552 1616 5607 αὐτοῦ·
1650 5555 1939 5612 Γὶνώσκω

262 5619 378 5689 ἐγὼ
400 5622 487 5675 ὅτι
518 5623 672 5694 γυνὴ
695 5627 1087 5695 εὐπρόσωπος
1104 5627 1178 5684 εἷ.
1199 5632 1406 5687 Ἔσται
1428 5630 1563 5699 οὖν,
1592 5634 1740 5690 ὅταν
1763 5637 1936 5695 ἴδωσί

324 5729 507 5804 {1"th
554 5735 726 5804 ἐκεῖσε.
794 5733 822 5773 δ
857 5739 954 5796 Τὴν
995 5738 1133 5801 φύσιν
1167 5740 1493 5804 ἐλεγχομένην,
1528 5749 1751 5795 ηαηιναηι
1790 5746 1928 5799 devi-

259 5794 403 5863 σιᾳειι.
427 5795 532 5863 slyp
558 5803 866 5863 prgsgralam.
892 5794 1203 5863 cbar'clatqm,
1235 5794 1345 5863 είὶῖεὲ
1378 5794 1492 5852 ηόιί
1518 5794 1714 5855 Iuliam:
1746 5794 1929 5860 τιυίνίιίε

262 5852 447 5931 Ξυίίιοε.
476 5852 819 5931 minume.»
857 5852 1083 5931 hoc'usq
1117 5852 1459 5931 τιςοὶιυέοιίιιυι·
1483 5852 1929 5931 ερυᾱειὶτῑεὸὲῐόῑ

264 5923 410 5961 mum.
477 5916 500 5944 ί
523 5917 618 5967 Alii
662 5916 895 5982 Αἴγυπτον
921 5922 1029 5971 τότε
1058 5916 1223 5984 βιαίως
1243 5924 1495 5985 μεθεῖλκεν.

1096 303 1158 359 S.
1198 303 1487 359 JUANNIS
1520 305 2012 363 CIIRYSOSTOMI
2036 308 2355 366 ARCHIEP.
2380 308 2924 367 CONSTANTINOP.

3653 311 3761 369 298

2098 442 2174 480 σε
2205 429 2259 480 οἱ
2276 427 2602 496 Αἰγύπτιοι,
2637 424 2905 495 ἐροῦσιν,
2935 422 3025 478 ὅτι
3050 426 3223 495 Γυνή
3247 429 3433 483 αὑτοῦ
3448 429 3603 498 αὕτη
3621 446 3635 460 ο
3660 440 3761 485 καὶ

2088 509 2494 564 ἀποκτενοῦσί
2530 525 2628 580 με,
2664 508 2740 562 σὲ
2769 508 2838 563 δέ
2873 508 3390 577 περιποιήσονται.
3442 514 3593 565 Εἰπὲ
3619 510 3756 582 οὖν,

2087 591 2178 647 ὅτι
2216 592 2465 662 Ἁδελφὴ
2489 591 2678 646 αὐτοῦ
2699 593 2838 661 είμι,
2865 590 3025 656 ὅπως
3046 586 3116 646 εὖ
3136 609 3241 660 μοι
3271 591 3512 661 γένηται
3539 595 3638 650 διὰ
3655 596 3753 659 σὲ,

2085 676 2183 730 καί
2217 675 2457 743 ζήσεται
2489 678 2528 744 ἡ
2565 674 2738 744 ψυχή
2779 692 2899 744 ¹μου
2935 674 3147 729 ἕνεκεν
3171 674 3313 729 σοῦ.
3362 673 3516 741 Εἶδες
3543 680 3609 732 ἐκ
3644 681 3755 736 τῶν

2087 760 2349 831 ῥημάτων
2381 759 2461 821 εἰς
2484 759 2608 811 ὅσον
2638 756 2827 825 ἀγῶνα
2843 757 2937 810 καὶ
2956 755 3155 810 δειλίαν
3185 759 3215 811 0
3247 757 3453 823 δίκαιος
3482 763 3717 834 κατέστη
3735 781 3749 796 θ

2085 843 2181 895 καί
2209 840 2445 912 οὐδαμοῦ
2478 839 2569 893 τὸν
2598 839 2855 910 λογισμὸν
2887 841 3213 910 ἐταράττετο
3231 882 3246 906 ,
3291 843 3411 897 οὐδὲ
3437 843 3751 916 ἐθορυϐεῖτο

2081 924 2181 994 τὴν
2229 923 2474 992 γνώμην,
2527 922 2648 975 οὐδὲ
2703 922 2901 975 ἐνενόει
2951 924 3046 976 καὶ
3095 924 3249 993 ἔλεγε
3272 943 3286 957 ·
3322 927 3387 978 Τί
3415 927 3610 994 τοῦιος
3644 926 3752 1001 ἄρα

2082 1007 2617 1078 ἐγκατελείφθημεν;
2654 1002 2765 1077 ἆρα
2807 1007 3196 1077 ἡπατήθημεν;
3236 1005 3345 1080 ἆρα
3402 1011 3477 1083 μὴ
3510 1014 3752 1083 ἐρήμους

2081 1091 2230 1161 ἡμᾶς
2260 1088 2517 1143 κατέλιπε
2538 1090 2638 1159 τῆς
2656 1088 2820 1142 αὐτοῦ
2843 1090 3097 1160 προνοίας
3124 1092 3153 1144 ὁ
3179 1092 3486 1163 Δεσπότης;
3510 1096 3539 1146 0
3558 1095 3748 1162 εἰπὼν,

2082 1169 2416 1241 Μεγαλυνῶ
2448 1187 2542 1236 σε,
2573 1171 2670 1225 καὶ
2703 1170 2784 1238 τῷ
2816 1171 3114 1241 σπέρματί
3146 1187 3263 1228 σου
3294 1173 3466 1231 δώσω
3495 1178 3612 1245 τὴν
3634 1179 3752 1249 m‘r

2082 1256 2328 1321 ταύτην,
2363 1253 2536 1318 οὕτως
2578 1256 2726 1325 ἡμᾶς
2752 1255 2942 1327 ἀφίησι
2970 1256 3065 1310 νῦν
3093 1258 3221 1329 περὶ
3249 1259 3356 1312 τῶν
3380 1260 3623 1330 ἐσχάτων
3646 1266 3749 1317 αὐ-

2076 1337 2188 1389 τῶν
2237 1338 2555 1403 δεδοικέναι,
2604 1340 2700 1392 κα)⁸
2749 1342 2827 1402 εἰς
2871 1340 3122 1411 προφανῆ
3157 1341 3399 1396 κίνδυνον
3444 1345 3745 1415 ἐμπεσεῖνς

2077 1419 2242 1472 Οὐδὲν
2260 1420 2463 1475 τούτων
2481 1422 2600 1476 οὐδὲ
2624 1424 2682 1476 ἐν
2708 1422 2916 1495 διανοίᾳ
2940 1422 3123 1477 λαϐεῖν
3136 1426 3166 1477 0
3179 1424 3385 1490 δίκαιος
3405 1428 3742 1495 κατεδέξατο,

2076 1502 2189 1555 ἀλλ’
2218 1503 2337 1568 ἑνὸς
2370 1504 2464 1559 νῦν
2494 1505 2701 1573 ἐγίνετο
2733 1506 2928 1576 μόνου,
2972 1506 3120 1571 ὅπως
3151 1507 3353 1582 δυνηθῇ
3385 1513 3745 1584 σοφισάμενός

2075 1605 2195 1641 τινα
2234 1589 2503 1661 μηχανὴν,
2552 1590 2647 1643 καὶ
2693 1589 2785 1643 τοῦ
2829 1590 2989 1662 λιμοῦ
3022 1593 3377 1664 παραμυθίαν
3406 1597 3606 1668 εὑρεῖν,
3647 1602 3745 1655 καὶ

2073 1670 2180 1724 τῶν
2198 1673 2512 1741 Αἰγυπτίων
2545 1673 2642 1737 τὰς
2672 1675 2858 1745 χεῖρας
2885 1673 3184 1743 διαφυγεῖν.
3213 1677 3519 1743 Γινώσκω,
3553 1682 3740 1752 φησὶν,

2074 1753 2165 1808 ὅτι
2200 1755 2355 1824 γυνὴ
2378 1756 2773 1823 εὐπρόσωπος
2803 1753 2875 1811 εί.
2908 1757 3047 1830 Ὅρα
3079 1758 3216 1827 πόση
3252 1759 3355 1830 τῆς
3382 1764 3640 1831 γυναικὸς
3672 1760 3744 1836 ἦν

2073 1841 2106 1913 ἠ
2129 1842 2422 1913 εὐμορφία,
2450 1843 2533 1896 ὅτι
2555 1844 2651 1897 καὶ
2682 1845 2763 1907 εἰς
2793 1844 2969 1915 γῆρας
2994 1846 3173 1899 αὐτῶν
3200 1848 3508 1902 ἐλασάντων
3533 1849 3738 1914 λοιπὸν,

2073 1927 2166 1980 καὶ
2193 1929 2330 1997 μετὰ
2357 1929 2628 1984 τοσούτων
2655 1929 2793 1983 ἐτῶν
2819 1931 3053 2003 ἀριθμὸν
3071 1933 3152 1985 ἔτι
3170 1933 3362 2005 ἔμενεν
3391 1936 3736 2006 ἀκμάζουσα,

2070 2011 2163 2066 τοῦ
2187 2012 2413 2075 κάλλους
2434 2012 2531 2084 τὴν
2559 2011 2705 2086 ὥραν
2733 2013 2824 2067 ἐπὶ
2854 2015 2953 2086 τῆς
2981 2014 3154 2084 ὅψεως
3171 2018 3432 2089 φέρουσα,
3455 2021 3738 2075 καὶταῦτα

2071 2095 2209 2167 μετὰ
2237 2097 2334 2166 τὴν
2366 2095 2632 2167 τοσαύτην
2661 2097 3031 2169 ταλαιπωρίαν
3063 2101 3155 2152 καὶ
3182 2100 3499 2172 κακουχίαν,
3516 2104 3582 2174 ἦν
3597 2105 3736 2158 κατά

2068 2178 2165 2242 τὰς
2186 2178 2336 2242 ὁδοὺς
2359 2179 2625 2249 ὑπέμενεν
2642 2180 2749 2233 ἀπὸ
2771 2180 2949 2233 τόπων
2963 2183 3040 2246 εἰς
3057 2182 3254 2247 τόπους
3272 2187 3733 2259 μετανισταμένη,

2067 2263 2161 2314 καὶ
2185 2260 2292 2314 άπὸ
2320 2261 2420 2331 μὲν
2451 2261 2551 2331 τῆς
2578 2261 2860 2314 Χαλδαίων
2897 2260 3080 2333 χώρας
3106 2266 3187 2328 είς
3217 2263 3317 2336 τὴν
3341 2266 3564 2338 Χαρρἁ
3600 2285 3733 2338 μετ-

2067 2345 2420 2415 ανισταμένη,
2477 2343 2729 2398 κάκεῖθεν
2776 2348 2854 2408 εἰς
2890 2346 2987 2417 τὴν
3020 2346 3259 2412 Χαναάν,
3302 2351 3399 2403 καὶ
3443 2350 3605 2405 πάλιν
3646 2353 3734 2404 ἐνο

2066 2428 2255 2483 τεῦθεν
2275 2430 2393 2481 ἐκεῖ
2409 2430 2467 2480 ἐν
2495 2430 2560 2500 τῇ
2594 2430 2895 2501 Χαναναία,
2922 2430 3174 2483 κάκεῖθεν
3198 2425 3320 2497 ὧδε,
3345 2433 3438 2486 καὶ
3457 2432 3552 2488 νῦν
3571 2435 3734 2489 πάλιν

2067 2513 2145 2574 εἰς
2179 2511 2276 2582 τὴν
2305 2511 2597 2579 Αἴγυπτον.
2622 2511 2755 2565 Τίνα
2781 2508 2872 2566 οὖν
2904 2513 3005 2565 οὐκ
3036 2513 3101 2567 ἂν
3127 2515 3223 2569 καὶ
3250 2514 3360 2568 τῶν
3381 2517 3732 2588 σφριγώντων

2067 2593 2277 2668 ἀνδρῶν
2318 2595 2375 2647 αί
2424 2594 2566 2646 οὐτω
2604 2598 2848 2665 συνεχεῖς
2900 2595 3200 2668 ἀποδημίαι
3254 2600 3730 2672 κατειργάσαντο;

2078 2678 2217 2731 Ἀλλ’
2246 2680 2280 2749 ἡ
2304 2677 2581 2749 θαυμασία
2622 2677 2783 2749 αὐτη,
2825 2678 2918 2732 καὶ
2945 2679 3083 2750 μετὰ
3109 2680 3206 2753 τὴν
3232 2683 3501 2755 τοσαύτην
3540 2684 3733 2740 ταλαι-

2067 2763 2281 2835 πωρίαν
2311 2762 2392 2816 ἔτι
2423 2763 2712 2834 λάμπουσα
2739 2763 2817 2834 τῷ
2847 2765 2947 2836 τῆς
2995 2764 3168 2835 ὅψεως
3211 2766 3416 2835 κάλλει,
3465 2768 3602 2824 πολὺ
3638 2772 3733 2824 καὶ

2066 2846 2296 2918 σφοδρὸν
2328 2846 2390 2900 τὸ
2425 2846 2542 2910 δέος
2586 2846 2820 2900 ἐνεποίει
2863 2846 2942 2919 τῷ
2997 2848 3228 2921 δικαίῳο
3277 2850 3359 2904 διὸ
3398 2852 3493 2905 καὶ
3542 2851 3721 2921 ἔλεγε·

2062 2931 2348 2985 Ιίνώσκω
2379 2931 2513 3000 ἐγὼ,
2549 2930 2638 2984 ὅτι
2661 2930 2817 3000 γυνὴ
2847 2934 3238 3001 εὐπρόσωπος
3260 2930 3334 2989 εἷ.
3353 2937 3565 2989 Ἔσται
3594 2932 3730 3000 οὖν,

2061 3016 2143 3082 ὠς
2192 3015 2271 3069 ἂν
2315 3015 2487 3070 ἴδωσί
2516 3030 2590 3069 σε
2621 3018 2675 3068 οἱ
2703 3017 3051 3084 Αἰγύπτιοι,
3099 3017 3367 3083 ἐροῦσιν,
3418 3019 3509 3074 ὅτι
3558 3022 3730 3090 Γιννὴ

2059 3099 2247 3155 αὐτοῦ
2280 3099 2431 3168 αὕτη
2454 3116 2466 3129 ο
2508 3098 2606 3152 καί
2646 3099 3054 3153 ἀποκτενοῦσί
3075 3117 3152 3170 με
3172 3141 3186 3164 ,
3223 3103 3298 3156 σὲ
3322 3102 3390 3156 δὲ
3421 3105 3729 3173 περιποιή.

2061 3198 2296 3238 σονται.
2344 3184 2543 3237 Σκόπει
2582 3182 2700 3247 πῶς
2729 3182 2953 3256 ἐθάρρει
2994 3183 3072 3254 τῷ
3109 3187 3295 3258 τρόπῳ
3320 3186 3419 3257 τῆς
3448 3190 3726 3256 γυναικός,

2061 3268 2156 3322 καὶ
2182 3268 2282 3321 οὐκ
2303 3267 2473 3322 ἔδεισε
2496 3269 2573 3338 μή
2603 3284 2732 3320 ποτε
2763 3270 2875 3330 τοῖς
2905 3267 3146 3332 ἐπαίνοις
3172 3269 3447 3342 χαυνωθῇ,
3471 3271 3605 3324 ἀλλὰ
3635 3274 3733 3326 κιιί⁵

2058 3352 2313 3423 τοιαύτην
2339 3352 2547 3420 εἰσάγει
2573 3350 2670 3422 τὴν
2706 3350 3017 3422 συμϐουλὴν
3044 3352 3237 3419 λέγων·
3271 3354 3386 3407 Ἵνα
3411 3355 3484 3427 μὴ
3510 3355 3611 3426 ἐμὲ
3630 3356 3730 3426 μὲν

2060 3434 2457 3497 ἀποκτείνωσι,
2512 3433 2570 3486 σέ
2621 3432 2678 3486 δέ
2725 3434 3229 3504 περιποιήσωνται,
3278 3436 3425 3489 Εἰπὲ
3461 3433 3610 3500 οὖν,
3641 3437 3732 3491 ὅτι

2061 3515 2316 3586 Ἀδελφὴ
2351 3516 2538 3569 αὑτοῦ
2569 3518 2708 3585 εἰμι,
2743 3515 2903 3582 ὅπως
2945 3515 3022 3570 ἂν
3066 3512 3136 3572 εὗ
3183 3536 3286 3587 μοι
3333 3518 3592 3589 γένηται,
3632 3521 3733 3575 καί

2065 3598 2301 3667 ζήσεται
2333 3600 2371 3668 ὴ
2392 3598 2562 3668 ψυχή
2584 3615 2703 3668 μου
2725 3599 2934 3653 ἕνεκεν
2963 3600 3100 3655 σοῦ.
3147 3601 3362 3671 Ἐπειδὴ
3389 3603 3451 3655 οὐ
3486 3602 3545 3656 τὸ
3571 3604 3732 3674 τυχὸν

2057 3678 2126 3754 ἦν
2159 3684 2296 3753 ὅπερ
2322 3682 2603 3748 ἐπέταττε,
2633 3681 2720 3735 διά
2741 3681 2897 3735 τοῦτο
2916 3681 3004 3736 διὰ
3030 3681 3138 3736 τῶν
3167 3683 3520 3754 ἐπαγομένων
3548 3687 3733 3756 ῥημά-

2059 3784 2166 3820 των
2201 3764 2604 3834 ἐφελκύσασθαι
2629 3764 2798 3837 αὐτὴν
2826 3766 3125 3839 ἠϐουλήθη,
3154 3767 3296 3821 ὥστε
3323 3770 3419 3824 καὶ
3446 3772 3526 3834 είς
3550 3766 3732 3825 οἶκτον

2058 3848 2227 3918 αὐτὴν
2248 3847 2581 3918 ἐπικάμψαι,
2612 3849 2705 3901 καὶ
2726 3851 2906 3903 πεῖσαι
2937 3850 3073 3921 μετὰ
3103 3852 3407 3923 προθυμίας
3436 3855 3732 3925 ὑποκρίνα-

2061 3929 2185 3983 σθαι
2210 3929 2273 3983 τὸ
2301 3931 2503 4002 δρᾶμα.
2532 3932 2747 3985 Ἔσται
2768 3928 2903 3996 οὖν,
2936 3934 3121 4003 φησὶν,
3153 3934 3233 4001 ὡς
3264 3934 3342 3990 ἂν
3373 3935 3549 3991 ἴδωσί
3574 3954 3651 3992 σε
3673 3942 3731 3993 οί

2050 4015 2378 4084 Αἰγύπτιοι,
2437 4015 2704 4085 ἐροῦσιν,
2756 4016 2846 4071 ὅτι
2904 4019 3074 4086 Γυνὴ
3124 4019 3311 4074 αὐτοῦ
3365 4021 3517 4090 αὕτη
3547 4041 3561 4054 ο
3627 4025 3731 4079 και

2058 4099 2470 4154 ἀποκτενοῦσί
2510 4118 2607 4169 με,
2639 4100 2714 4155 σὲ
2755 4100 2822 4154 δὲ
2854 4102 3364 4171 περιποιήσονται.
3415 4108 3529 4161 Οὐκ
3571 4103 3727 4174 εἶπε,

2058 4181 2127 4233 Σὲ
2170 4181 2589 4252 καθυϐρίσουσι·
2620 4183 2757 4248 τέως
2808 4185 2869 4237 οὐ
2906 4185 3154 4256 βούλεται
3185 4189 3354 4260 αὐτὴν
3385 4190 3731 4262 καταπλῆξαι

2056 4263 2142 4317 διά
2170 4264 2277 4316 τῶν
2298 4266 2582 4335 ῥημάτων,
2607 4265 2781 4331 ἄλλως
2808 4285 2866 4320 τε
2896 4270 2988 4324 καὶ
3014 4268 3248 4324 δέδοικεν
3266 4272 3406 4344 ὑπὲρ
3431 4274 3530 4346 τῆς
3556 4277 3731 4344 ἐπαγ-

2054 4346 2241 4414 γελίας
2272 4348 2368 4400 τοῦ
2397 4347 2553 4402 Θεοῦ.
2588 4348 2688 4402 Διά
2708 4350 2868 4404 τοῦτό
2895 4369 3047 4422 φησι,
3084 4353 3163 4406 Σὲ
3195 4353 3265 4407 δὲ
3296 4358 3727 4427 περιποιήσον-

2053 4447 2167 4485 ται.
2194 4429 2343 4485 Eun}
2373 4427 2509 4496 οὖν,
2542 4432 2632 4486 ὅτι
2667 4433 2916 4503 Ἀδελφὴ
2948 4436 3134 4490 αὐτοῦ
3156 4440 3291 4506 ειμι.
3331 4440 3527 4495 Ἐννόει
3552 4458 3641 4510 μοι
3666 4444 3727 4496 ἐν

2052 4513 2143 4585 οἵᾳ
2188 4515 2519 4569 καταστάσει
2566 4517 2855 4591 τυγχάνειν
2902 4518 3049 4582 εἰκὸς
3106 4515 3173 4591 ἧν
3229 4521 3322 4575 τοῦ
3367 4522 3576 4576 δικαίου
3624 4528 3725 4596 τὴν

2051 4596 2315 4662 διάνοιαν,
2363 4598 2512 4670 [525]
2555 4601 2719 4671 ἡνίκα
2762 4601 2935 4656 ταῦτα
2982 4604 3332 4660 συνεϐούλευε
3364 4611 3428 4680 τῇ
3474 4611 3718 4677 γυνα.κί.

2055 4681 2199 4733 ’Ίστε
2230 4681 2363 4752 γὰρ,
2397 4681 2509 4735 ίστε
2544 4684 2660 4747 πῶς
2689 4684 2842 4738 οὐδὲν
2894 4686 3083 4741 τούτου
3115 4688 3413 4763 βαρύτερόν
3458 4694 3575 4746 ἐστι
3603 4696 3721 4758 τοῖς

2049 4763 2331 4848 ἀνδράσιν,
2355 4767 2435 4829 εἰς
2459 4765 2519 4819 τὸ
2552 4766 2655 4819 κᾶν
2688 4769 2767 4832 είς
2804 4769 3037 4840 ὑποψίαν
3060 4774 3319 4844 τοιαύτην
3349 4776 3447 4846 τὴν
3473 4778 3719 4848 γαμετὴν

2049 4845 2242 4903 ἐλθεῖν.
2288 4847 2348 4902 '0
2372 4849 2556 4920 μέντοι
2581 4850 2788 4916 δίκαιος
2810 4854 2903 4906 καὶ
2933 4854 3227 4920 σπουδάζει
3247 4859 3342 4912 καὶ
3359 4845 3537 4914 πάντα
3552 4845 3716 4928 ποιεῖ,

2047 4928 2187 4983 ὥστε
2222 4934 2303 4994 εἰς
2328 4930 2490 5002 ἔργον
2525 4931 2621 5004 τὴν
2655 4934 2900 5004 μοιχείαν
2920 4935 3173 5007 ἐκϐῆναι.
3216 4939 3375 4994 Ἀλλά
3406 4942 3483 5013 μὴ
3506 4943 3713 5009 ἁπλῶς,

2044 5014 2317 5085 άγαπητέ,
2350 5014 2698 5089 καταψηφίσῃ
2728 5017 2824 5071 τοῦ
2850 5017 3081 5084 δικαίου,
3125 5020 3263 5075 ἀλλά
3296 5024 3390 5077 καὶ
3417 5027 3485 5078 ἐκ
3516 5026 3707 5079 τούτου

2047 5096 2283 5164 μάλιστα
2317 5098 2598 5168 κατάμαθε
2645 5099 2809 5152 αὐτοῦ
2839 5103 2935 5155 καὶ
2979 5102 3075 5174 την
3115 5104 3330 5160 σύνεσιν
3359 5107 3457 5179 τὴν
3509 5109 3713 5182 πολλὴν

2043 5181 2136 5234 καὶ
2165 5181 2265 5253 τὴν
2293 5181 2546 5251 ἀνδρείαν
2565 5198 2580 5212 θ
2610 5182 2711 5253 τὴν
2750 5183 3002 5256 ἀνδρείαν
3033 5187 3152 5256 μὲν,
3178 5189 3260 5242 ὅτι
3284 5189 3426 5244 οὕτω
3449 5181 3714 5260 γενναίως

2041 5266 2255 5336 ἀντεῖχε
2286 5265 2378 5319 καὶ
2410 5265 2754 5337 περιεγένετο
2782 5268 2881 5338 τῆς
2902 5267 3011 5321 τῶν
3033 5269 3307 5343 λογισμῶν
3330 5276 3597 5346 ταραχῆς,
3634 5278 3714 5342 ώς

2042 5349 2137 5403 καὶ
2184 5348 2408 5402 τοιαῦτα
2441 5347 2862 5418 συμϐουλεῦσαι.
2898 5350 3019 5405 Ὅτι
3059 5354 3167 5425 γάρ
3190 5354 3340 5409 οὐδέν
3376 5357 3494 5410 ἐστι
3518 5359 3712 5413 τούτου

2039 5432 2457 5504 ἀφορητότερον,
2485 5431 2649 5485 ἄκουε
2674 5429 2768 5484 τοῦ
2796 5432 3139 5504 Σολομῶντος
3166 5436 3414 5505 λέγοντος
3431 5456 3445 5472 ο
3474 5444 3710 5510 Macra);

2037 5516 2148 5587 γὰρ
2168 5515 2351 5582 ζῆλον
2367 5514 2555 5584 θυμὸς
2569 5513 2791 5584 ἀνδρὸς
2804 5515 2996 5586 αὐτῆς
3011 5533 3026 5548 ο
3047 5520 3120 5573 οὐ
3140 5521 3415 5588 φείσεται
3436 5522 3507 5577 ὲν
3522 5522 3709 5592 ἡμέρᾳ

2036 5601 2315 5669 κρίσεως,
2355 5598 2498 5653 οὐδὲ
2546 5599 2988 5664 ἀπαλλάξεται
3042 5602 3290 5658 πολλῶν
3334 5605 3539 5676 δώρων
3591 5608 3711 5676 τὴν

2035 5683 2258 5752 ἔχθραν
2282 5699 2295 5712 ’
2324 5682 2418 5736 καὶ
2442 5681 2625 5738 πάλιν
2657 5683 2925 5752 Σκληρός
2946 5684 3026 5751 ὡς
3057 5684 3206 5753 ᾅδης
3224 5686 3424 5757 ζῆλος.

2111 5771 2172 5817 5'.
2199 5764 2444 5834 Ὀρῶμεν
2458 5764 2513 5817 δὲ
2533 5765 2874 5832 πολλοὺς,ὄτι
2890 5766 2970 5830 εἰς
2987 5767 3255 5840 τοσαύτην
3272 5773 3470 5840 μανίαν
3485 5774 3709 5844 ἑξηκον-

2035 5846 2317 5916 τίσθησαν,
2338 5845 2412 5908 ὡς
2441 5845 2576 5916 μηδὲ
2597 5845 2773 5899 αὐτῶν
2790 5844 3077 5915 φείσασθαι
3105 5849 3216 5902 τῶν
3244 5854 3538 5919 γυναικῶν,
3568 5855 3704 5913 ἀλλὰ

2038 5928 2129 5980 καὶ
2158 5927 2319 5981 αὐτὸν
2354 5927 2444 5983 τὸν
2477 5927 2660 6000 μοιχὸν
2680 5927 2941 5993 πολλάκις
2971 5932 3420 6004 συγκατέσφαξαν
3448 5939 3540 5991 καὶ
3571 5941 3702 5994 ἐαυ-
