4020 6136
362 342 464 396 297

361 452 537 515 etiam,
566 449 703 505 sicut
724 449 917 504 milites
944 447 1031 515 qui
1079 445 1231 501 facile
1280 462 1420 500 nunc
1462 448 1563 501 huc
1586 488 1603 514 ,
1630 462 1770 502 nunc
1814 447 1938 502 illuc

359 551 532 595 castra
564 551 778 595 movent
806 558 820 593 :
855 540 923 592 ita
952 549 1005 593 et
1027 538 1203 608 justus
1226 538 1336 603 ille,
1367 539 1608 608 quamvis
1635 552 1815 593 secum
1841 538 1940 592 du-

360 642 504 685 ceret
532 645 772 693 uxorem,
801 639 855 684 et
884 630 1060 683 fratris
1088 628 1277 692 lilium,
1304 638 1359 681 et
1388 638 1589 681 tantum
1617 628 1935 681 domestico-

362 738 477 773 rum
502 736 780 775 numerum
809 737 824 785 ;
853 721 1039 789 majori
1068 730 1242 773 tamen
1273 719 1522 774 facilitate
1548 722 1774 789 migrare
1801 721 1940 774 sole-

360 814 466 865 lsat.
500 811 683 865 Vidisti
713 812 968 881 frugalem
986 822 1043 865 et
1060 811 1361 879 expeditam
1387 811 1530 865 senis
1554 826 1674 864 cum
1701 825 1864 865 uxore
1885 821 1938 865 et

359 914 434 955 tot
462 906 632 956 servis
660 902 860 957 vitam?
883 903 1004 958 Mihi
1035 917 1163 957 vero
1188 903 1481 956 mirabilior
1519 903 1728 956 videtur
1752 904 1938 956 mulie-

358 997 431 1047 ris
458 995 728 1049 fortitudo.
760 997 890 1050 Cum
926 996 1066 1049 enim
1095 995 1272 1064 cogito
1300 995 1571 1049 muliebris
1603 1010 1762 1049 sexus
1787 996 1932 1050 inﬁr-

353 1087 618 1150 mitatem,
647 1096 698 1139 et
727 1084 1091 1139 animadverto
1115 1084 1381 1153 quomodo
1402 1092 1507 1138 tam
1531 1082 1682 1137 facile
1706 1094 1759 1137 et
1794 1093 1935 1138 tanta

355 1178 632 1232 alacritate
660 1193 780 1230 cum
798 1176 941 1245 justo
967 1190 1186 1246 peregre
1214 1175 1375 1238 vadit,
1394 1185 1447 1231 et
1473 1175 1697 1229 subinde
1722 1175 1933 1244 migrat,

356 1284 528 1337 neque
559 1271 670 1338 ipsa
711 1270 934 1322 moleste
962 1268 1097 1334 fert,
1128 1283 1301 1335 neque
1324 1268 1471 1335 justo
1500 1267 1933 1335 impedimentum

354 1358 521 1422 affert,
549 1360 887 1428 obstupesco,
918 1367 971 1411 et
995 1372 1190 1412 censeo
1216 1371 1320 1410 non
1344 1357 1533 1410 minori
1557 1372 1714 1426 quam
1738 1358 1934 1410 Abram

354 1451 533 1503 animo
567 1458 620 1503 et
656 1448 966 1504 fortitudine
996 1450 1161 1517 ipsam
1206 1462 1417 1517 quoque
1443 1448 1716 1517 praeditam
1748 1446 1929 1501 fuisse.

357 1541 418 1592 Et
448 1539 548 1593 hoc
592 1540 826 1594 maxime
855 1540 1084 1593 sciemus
1107 1579 1122 1605 ,
1152 1551 1274 1592 cum
1303 1552 1367 1592 ea
1395 1552 1512 1607 qua:
1550 1548 1936 1607 consequenter

355 1631 488 1684 lecta
535 1638 658 1683 sunt
688 1630 1205 1699 pertractaverimus.
1243 1628 1429 1683 Vidisti
1467 1638 1743 1697 postquam
1781 1630 1933 1682 audi-

354 1725 448 1788 vit,
478 1723 671 1777 Semini
706 1732 789 1776 tuo
816 1723 946 1775 dabo
969 1732 1155 1775 terram
1182 1722 1331 1787 hanc,
1355 1720 1623 1789 quomodo
1648 1736 1752 1773 non
1783 1721 1933 1791 quie-

354 1818 488 1870 verit
509 1817 682 1886 justus
724 1816 832 1879 ille,
863 1825 917 1870 et
946 1829 1086 1868 nunc
1115 1814 1216 1867 huc
1238 1854 1254 1880 ,
1287 1829 1429 1868 nunc
1458 1813 1582 1867 illuc
1623 1814 1886 1866 transierit
1910 1813 1934 1865 ?

352 1910 457 1965 Sed
488 1910 608 1964 vide
640 1908 908 1979 quomodo
936 1910 1124 1963 iterum
1151 1922 1182 1961 a
1224 1906 1507 1963 solitudine
1533 1908 1793 1977 exigitur,
1827 1924 1930 1960 non

354 2004 421 2056 ab
449 2001 768 2063 hominibus,
798 1999 890 2054 sed
914 2000 1227 2053 necessitate
1248 1999 1399 2051 famis
1423 2016 1435 2051 :
1466 1998 1552 2052 IO.
1580 1996 1645 2050 Et
1674 2000 1809 2067 [item
1837 2010 1927 2061 est,

354 2094 541 2162 inquit,
570 2096 729 2162 fames
756 2106 907 2160 super
932 2100 1135 2143 terram.
1167 2088 1401 2143 Audiant
1426 2090 1512 2158 qui
1542 2098 1742 2142 temere
1772 2099 1824 2142 et
1849 2089 1928 2141 iu-

353 2193 508 2236 cautc
539 2184 840 2252 loquuntur,
874 2190 929 2235 et
956 2181 1213 2244 divinant,
1235 2180 1472 2234 dicentes
1504 2196 1517 2231 :
1549 2178 1807 2245 Quoniam
1847 2178 1933 2232 ille

355 2275 475 2327 talis
505 2273 760 2337 advenit,
800 2273 966 2325 fames
1003 2271 1260 2332 invaluit;
1293 2269 1544 2339 quoniam
1594 2269 1683 2323 ille
1723 2268 1929 2331 adfuit,

354 2368 469 2420 haec
501 2367 853 2434 contigerunt.
886 2365 1023 2419 Ecce
1052 2363 1211 2418 etiam
1234 2362 1287 2416 in
1325 2362 1553 2418 adventu
1577 2362 1708 2432 justi
1740 2361 1929 2426 fames,

351 2467 406 2511 et
431 2457 596 2511 fames
621 2457 809 2519 valida,
833 2466 888 2509 et
913 2470 1016 2509 non
1048 2454 1290 2508 turbatur
1307 2453 1502 2523 justus,
1532 2468 1703 2522 neque
1731 2452 1926 2522 aliquid

354 2548 640 2601 humanum
678 2547 906 2616 patitur,
936 2561 1108 2615 neque
1141 2561 1237 2599 suo
1267 2545 1516 2600 adventui
1562 2544 1744 2599 tribuit
1778 2542 1931 2598 famis

351 2654 588 2692 causam.
615 2638 717 2694 Sed
746 2639 868 2708 quia
895 2638 1025 2691 vidit
1052 2646 1296 2690 naturam
1324 2637 1583 2691 coarctari
1606 2678 1622 2703 ,
1650 2645 1705 2691 et
1731 2636 1930 2689 invale—

317 2710 328 2720 ﬂ
356 2745 505 2783 scere
528 2729 718 2782 famem
750 2744 764 2781 :
797 2728 1082 2793 Descendit,
1108 2728 1295 2797 inquit,
1323 2728 1376 2780 in
1404 2726 1693 2796 zEgyptum
1720 2724 1925 2789 Abram,

351 2834 406 2877 ut
431 2823 673 2875 habitaret
696 2822 821 2887 illic,
849 2821 967 2890 quia
991 2819 1202 2872 invaluit
1227 2823 1386 2889 fames
1413 2834 1565 2885 super
1582 2826 1785 2869 terram.

420 2916 473 2969 4.
516 2913 745 2969 Attende
790 2912 1057 2983 quomodo
1099 2910 1338 2980 longiora
1382 2910 1512 2963 fiunt
1556 2908 1701 2977 justo
1736 2907 1924 2962 stadia.

354 3005 486 3059 Illud
515 3005 657 3058 enim
684 3001 992 3072 providebat
1021 3001 1294 3067 Dominus,
1321 3008 1376 3054 ut
1414 3015 1519 3053 non
1553 2999 1724 3052 solum
1765 2998 1932 3052 Palu:-

350 3097 544 3150 stinatn
587 3092 938 3147 incolentibus
967 3099 1111 3145 esset
1152 3089 1356 3153 doctor,
1398 3088 1494 3143 sed
1538 3098 1592 3142 et
1632 3089 1696 3142 iis
1737 3088 1827 3158 qui
1876 3087 1927 3142 in

351 3186 585 3255 Egypto
608 3191 760 3239 erant
779 3224 794 3250 ,
824 3192 874 3237 et
907 3183 1113 3236 virtutis
1143 3184 1257 3249 ejus
1286 3179 1539 3249 splendor
1564 3179 1809 3234 omnibus
1838 3194 1929 3247 pa-

353 3289 507 3335 teret.
537 3278 697 3346 Quasi
737 3277 877 3332 enim
907 3276 1165 3330 luminare
1209 3272 1473 3343 quoddam
1501 3272 1673 3327 latens
1713 3280 1766 3326 et
1803 3273 1927 3326 abs-

349 3370 619 3426 conditum
666 3369 718 3422 in
759 3366 1128 3421 Chaldaeorum
1159 3374 1334 3431 terra,
1367 3362 1511 3417 illinc
1552 3363 1823 3426 evocavit,
1869 3372 1924 3415 ut

348 3478 443 3518 eos
478 3464 566 3533 qui
618 3462 668 3515 in
709 3460 940 3515 tenebris
972 3474 1211 3513 errorum
1256 3456 1547 3521 sedebant,
1578 3456 1644 3510 ad
1687 3455 1927 3510 veritatis

351 3558 486 3610 viam
514 3554 889 3609 introduceret.
918 3552 1024 3606 Sed
1056 3549 1192 3605 forte
1229 3549 1370 3603 dicet
1397 3548 1588 3619 aliquis
1618 3565 1631 3601 :
1663 3547 1729 3601 Et
1763 3561 1926 3616 quare

352 3662 455 3699 non
485 3646 658 3714 potius
698 3651 754 3697 ut
789 3643 845 3707 ii,
869 3641 958 3711 qui
987 3642 1040 3695 in
1064 3639 1308 3694 Chaldaaa
1341 3646 1514 3703 erant,
1543 3636 1610 3691 ad
1640 3651 1817 3690 veram
1840 3651 1925 3689 re-

352 3739 598 3807 ligionetu
627 3736 887 3799 venirent,
917 3749 1011 3803 per
1038 3733 1208 3801 ipsmn
1239 3729 1453 3785 eﬂ‘ecit?
1484 3727 1780 3783 Verisimile
1807 3727 1926 3795 qui-

350 3830 472 3884 dem
516 3837 626 3891 est,
658 3828 866 3881 illorum
906 3824 1127 3878 salutem
1162 3837 1254 3891 per
1280 3821 1504 3875 aliorum
1545 3818 1928 3888 providentiam

351 3932 688 3993 procuratam
712 3921 907 3973 fuisse:
937 3926 1168 3970 attamen
1190 3913 1313 3967 audi
1337 3912 1606 3967 Christum
1627 3911 1890 3965 dicentem
1912 3926 1925 3963 :

356 4016 476 4070 Non
506 4022 575 4068 est
600 4013 842 4085 propheta
859 4012 966 4063 sine
985 4009 1190 4071 honore,
1211 4006 1304 4060 nisi
1324 4006 1377 4059 in
1405 4004 1569 4073 patria
1594 4020 1685 4056 sua
1711 4003 1923 4073 (Matth.

354 4108 440 4161 15.
470 4104 581 4174 5'7).
612 4103 680 4159 Ut
701 4102 858 4171 igitur
885 4114 1045 4169 opere
1068 4097 1309 4166 impleret
1336 4094 1737 4164 promissionem
1768 4109 1924 4163 quam

354 4198 427 4251 illi
457 4195 674 4259 fecerat,
696 4191 910 4247 dicens:
939 4188 1004 4241 Et
1032 4186 1364 4257 magniﬁcabo
1390 4201 1569 4238 nomen
1595 4193 1731 4236 tuum
1763 4200 1781 4237 :
1811 4200 1930 4253 pro-

353 4298 532 4356 pterea
557 4293 611 4338 et
636 4284 827 4337 famem
853 4278 980 4334 oriri
1008 4278 1282 4349 permittit,
1300 4286 1354 4331 et
1378 4284 1597 4345 cogente
1617 4275 1930 4328 necessitate

354 4380 406 4432 in
448 4378 735 4447 rEgyptum
783 4388 903 4429 eum
945 4373 1022 4426 ire
1048 4367 1351 4439 compellit,
1385 4375 1442 4421 ut
1466 4366 1729 4421 discerent
1763 4376 1814 4418 et
1847 4383 1930 4417 ιιι-

351 4470 483 4523 colze
510 4476 705 4537 quanta
732 4465 829 4518 viri
855 4464 1024 4517 virtus
1048 4470 1205 4515 esset.
1237 4458 1366 4512 Nam
1388 4457 1555 4511 fames
1576 4457 1724 4524 quasi
1754 4456 1925 4519 lictor,

350 4574 450 4614 ceu
477 4556 701 4613 vinculis
731 4555 958 4625 injectis,
992 4554 1059 4607 ita
1084 4552 1132 4605 vi
1160 4567 1190 4604 e
1209 4550 1422 4604 deserto
1443 4548 1493 4600 in
1517 4546 1807 4618 [Egyptum
1836 4561 1929 4601 eos

351 4650 626 4703 abstraxit.
654 4645 759 4701 Sed
804 4644 1075 4698 videamus
1113 4655 1231 4709 quae
1280 4638 1404 4692 hinc
1450 4647 1759 4705 sequantur.
1788 4645 1837 4688 et
1875 4636 1925 4688 in

352 4751 577 4810 quantas
621 4737 959 4793 difﬁcultates
983 4734 1157 4803 justus
1184 4730 1427 4785 inciderit
1456 4742 1470 4778 :
1507 4736 1562 4781 ut
1588 4736 1641 4781 ct
1680 4728 1794 4794 ejus
1822 4727 1928 4780 for-

354 4833 628 4886 titudinem
673 4831 969 4892 discamus,
1000 4835 1053 4880 et
1101 4824 1281 4877 uxoris
1320 4822 1462 4874 illius
1501 4818 1773 4887 sapientia:
1814 4828 1927 4871 stu-

352 4925 559 4976 diosam
591 4928 841 4973 mentem.
872 4918 1155 4985 Postquam
1198 4913 1355 4981 igitur
1385 4910 1549 4965 multo
1579 4909 1768 4963 itinere
1799 4923 1925 4976 pro-

352 5017 645 5071 cesserant,
677 5018 730 5061 et
758 5007 991 5075 proxime
1014 5004 1302 5074 Egyptum
1328 5009 1498 5059 erant.
1526 5000 1699 5069 justus
1724 5013 1922 5068 angore

354 5102 547 5157 mentis
573 5098 799 5152 afﬂictus
828 5105 931 5160 est,
954 5104 1037 5159 et,
1071 5105 1125 5148 ut
1152 5096 1219 5146 ita
1262 5093 1455 5156 (licam,
1482 5091 1548 5146 de
1574 5090 1679 5144 vita
1719 5105 1812 5143 sua
1852 5090 1922 5143 ti-

354 5210 505 5249 mens
534 5201 589 5247 et
611 5201 843 5245 tremens
865 5188 1149 5255 alloquitur
1167 5200 1383 5237 uxorem
1410 5184 1624 5236 suath
1644 5184 1659 5234 ι
1676 5222 1688 5234 .
1713 5180 1927 5233 Factum

353 5298 424 5342 est
445 5331 457 5352 ,
493 5288 662 5354 inquit
686 5325 700 5347 ,
723 5281 923 5352 quando
952 5278 1135 5332 Abram
1163 5275 1615 5343 appropinquabat,
1643 5284 1696 5325 ut
1726 5273 1932 5325 intraret

351 5382 404 5433 in
439 5378 742 5447 /Egyptum,
772 5372 900 5425 dixit
949 5370 1095 5424 Sara:
1133 5366 1279 5420 uxori
1308 5380 1412 5417 sua:
1440 5381 1457 5417 :
1483 5363 1604 5418 Scio
1652 5362 1786 5431 quod
1828 5363 1935 5422 for.

352 5486 493 5523 ntosa
520 5468 587 5520 sis
609 5466 803 5518 mulier.
838 5462 925 5515 19..
951 5458 1199 5511 Futurum
1228 5456 1392 5523 itaque
1416 5463 1486 5505 est
1514 5463 1566 5505 ut
1589 5468 1700 5505 cum
1723 5461 1769 5503 te
1794 5450 1935 5503 vide-

353 5564 452 5615 rint
484 5558 740 5628 .Egyptii,
776 5556 943 5607 dicant
972 5568 991 5605 :
1022 5549 1129 5602 Ista
1169 5558 1240 5600 est
1280 5563 1408 5600 uxor
1441 5546 1590 5616 ejus;
1624 5554 1670 5597 et
1710 5543 1936 5596 occident

355 5669 452 5715 me,
482 5661 527 5702 te
553 5659 717 5701 autem
739 5645 1021 5699 servabunt.
1050 5641 1137 5695 15.
1170 5639 1264 5691 Dic
1288 5638 1458 5706 igitur,
1484 5635 1644 5690 Soror
1669 5635 1777 5703 ejus
1801 5649 1929 5699 sum,

357 5753 407 5795 ut
440 5742 560 5794 mitti
586 5748 791 5808 propter
824 5746 870 5790 te
898 5735 1016 5789 bene
1041 5732 1122 5797 sit,
1147 5739 1192 5784 et
1230 5729 1351 5782 vivet
1392 5728 1559 5780 anima
1602 5743 1708 5778 mea
1736 5734 1938 5795 propter

1384 334 1447 388 IN
1486 334 1637 390 CAP.
1686 334 1799 389 XII.
1839 334 2080 393 GENES.
2124 337 2347 394 IIOMIL.
2392 340 2605 397 XXXII.

3515 351 3617 407 998

2046 457 2114 503 te.
2146 448 2329 505 Vidisd
2355 468 2420 505 ex
2451 453 2649 516 verbis,
2694 455 2745 507 in
2774 466 2969 524 quanto
2997 472 3194 527 angore
3226 468 3281 513 et
3322 473 3463 515 metu
3489 479 3620 520 eon-

2044 541 2256 594 stitutus
2299 542 2455 596 fuerit
2490 542 2705 611 justus:
2736 561 2909 616 neque
2949 557 3124 604 tamen
3170 551 3478 609 turbabatur
3502 558 3619 611 ani-

2045 646 2134 684 mo
2157 671 2172 693 ,
2203 646 2373 701 neque
2396 635 2632 701 cogitans
2663 636 2796 689 intra
2825 651 2905 703 se,
2934 639 3141 694 dicebat
3170 658 3183 693 :
3211 642 3346 707 Quid
3375 643 3475 698 hoc
3496 648 3623 700 cst?

2048 737 2171 775 num
2207 723 2439 778 derelicti
2482 725 2708 781 sumus?
2729 744 2854 782 num
2879 730 3084 799 decepti
3123 736 3348 788 sumus?
3371 752 3494 790 num
3526 754 3623 791 nos

2052 812 2375 878 providentia
2402 829 2495 866 sua
2518 815 2754 869 destituit
2782 818 3068 874 Dominus?
3093 838 3216 876 num
3244 825 3332 878 ille
3356 828 3443 894 qui
3468 826 3620 882 dixit:

2046 898 2385 969 Magniﬁcabo
2423 913 2498 967 te,
2533 912 2580 957 et
2601 907 2778 958 semini
2809 917 2893 959 tuo
2935 909 3066 962 dabo
3108 922 3291 966 terram
3330 916 3459 968 hanc
3480 934 3499 969 :
3527 932 3624 971 nos

2043 989 2113 1043 ita
2137 992 2387 1061 relinquit
2410 1009 2549 1048 nunc
2576 1003 2632 1049 ut
2656 997 2722 1049 de
2741 1000 2993 1053 extremis
3018 1001 3320 1070 timeamus,
3351 1016 3405 1059 ct
3432 1007 3483 1060 in
3510 1025 3625 1062 tua-

2042 1078 2290 1135 nifestum
2339 1080 2631 1141 incidamus
2675 1090 3005 1155 periculum?
3046 1092 3183 1147 Nihil
3225 1094 3411 1151 horum
3450 1100 3533 1153 vel
3570 1102 3620 1153 in

2042 1181 2274 1225 mentem
2315 1173 2697 1230 admittendum
2727 1180 3048 1235 existimavit
3083 1183 3255 1251 justus
3281 1227 3295 1249 ,
3327 1187 3418 1240 sed
3459 1205 3619 1243 unmn

2042 1260 2143 1315 hoc
2183 1265 2433 1329 curabat,
2462 1269 2729 1336 quomodo
2770 1282 2884 1325 arte
2921 1274 3094 1342 aliqua
3122 1281 3413 1347 excogitata
3447 1292 3622 1349 posset

2039 1352 2192 1407 famis
2214 1355 2509 1409 remedium
2544 1373 2607 1412 ac
2630 1362 3046 1418 consolationem
3078 1366 3334 1434 invenire,
3366 1381 3421 1423 et
3448 1371 3617 1443 Egy-

2039 1442 2269 1511 ptiorum
2302 1460 2488 1500 manus
2517 1448 2767 1519 effugere.
2799 1452 2921 1507 Scio
2942 1495 2957 1519 ,
2991 1456 3192 1526 inquit,
3221 1461 3358 1529 quod
3400 1442 3621 1529 formosa

2038 1533 2217 1585 mulier
2244 1535 2333 1588 sis.
2362 1535 2494 1591 Vide
2517 1549 2712 1608 quanta
2742 1543 2979 1597 mulieris
2998 1556 3113 1600 erat
3139 1548 3471 1605 formositas:
3496 1569 3617 1608 nam

2037 1632 2234 1678 etcum
2263 1626 2313 1680 in
2343 1639 2609 1684 senectam
2632 1631 2741 1700 jam
2772 1647 3044 1704 vergeret,
3075 1648 3130 1692 et
3165 1652 3283 1708 post
3325 1651 3402 1696 tot
3446 1660 3617 1701 anno-

2039 1727 2154 1766 rum
2186 1730 2497 1784 numerum,
2524 1720 2698 1775 adhuc
2717 1724 2797 1776 vis
2820 1726 3224 1792 pulchritudinis
3244 1731 3296 1784 in
3324 1730 3457 1788 facie
3485 1736 3620 1789 emi-

2038 1804 2211 1871 cabat,
2237 1808 2396 1862 etiam
2424 1820 2541 1879 post
2572 1822 2649 1865 tot
2679 1814 2883 1870 labores
2912 1828 2965 1871 et
2987 1834 3273 1887 a2runtnas,
3292 1839 3423 1892 quas
3450 1826 3501 1879 in
3535 1828 3618 1881 via

2038 1894 2104 1948 de
2139 1897 2268 1951 locis
2303 1900 2355 1953 in
2386 1900 2499 1955 loca
2539 1908 2859 1960 transeundo
2888 1921 3106 1978 experta
3131 1923 3214 1967 est
3237 1956 3252 1980 ,
3283 1930 3311 1968 a
3339 1917 3622 1973 Chaldtro-

2040 2001 2159 2040 rum
2190 2004 2381 2061 nempe
2407 1995 2621 2062 regione
2647 1997 2699 2049 in
2723 1998 2982 2066 Charran,
2999 2011 3053 2055 et
3078 2017 3107 2056 a
3136 2002 3375 2060 Charran
3408 2008 3459 2060 in
3484 2008 3622 2063 Cha-

2041 2090 2196 2141 naan,
2226 2090 2278 2132 et
2308 2096 2491 2135 rursus
2513 2084 2562 2136 in
2587 2084 2883 2142 Chanantea
2914 2089 3017 2144 huc
3039 2100 3198 2162 atque
3224 2095 3370 2162 illuc,
3398 2106 3453 2152 et
3480 2115 3622 2154 nunc

2040 2165 2229 2221 iterum
2261 2169 2314 2222 in
2341 2170 2651 2243 Egyptum.
2682 2176 2847 2243 Quem
2876 2194 2980 2233 non
3016 2181 3228 2237 fortium
3259 2186 3493 2241 virorum
3525 2189 3621 2244 de-

2038 2255 2315 2347 fatigarent
2339 2269 2415 2314 tot
2434 2265 2698 2319 continua:
2724 2270 3175 2338 peregrinationes
3198 2275 3222 2326 'P
3250 2274 3445 2331 Verum
3470 2293 3620 2347 egre-

2038 2346 2120 2414 gia
2162 2346 2274 2401 hmc
2315 2352 2504 2406 mulier
2541 2355 2701 2409 etiam
2744 2369 2863 2426 post
2905 2369 2982 2414 tot
3016 2364 3311 2419 exantlatas
3357 2346 3623 2423 aarutnnas

2038 2436 2301 2492 luculenta
2340 2441 2511 2497 adhuc
2544 2455 2659 2498 erat
2687 2445 2839 2513 facie,
2865 2450 3005 2505 unde
3029 2461 3085 2506 et
3112 2454 3479 2511 vehementem
3509 2458 3620 2512 for-

2039 2527 2292 2583 midinem
2331 2531 2583 2587 alTerebat
2615 2535 2761 2605 justo
2790 2555 2804 2590 :
2840 2538 2960 2595 ideo
2982 2551 3038 2595 et
3063 2542 3272 2599 dicebat
3299 2563 3314 2599 :
3344 2546 3466 2601 Scio
3487 2550 3621 2615 quod

2038 2619 2217 2671 mulier
2241 2623 2465 2688 formosa
2492 2624 2562 2677 sis
2591 2641 2611 2678 :
2636 2630 2865 2696 futurum
2890 2632 3058 2701 itaque
3081 2645 3153 2687 est
3176 2645 3229 2687 ut
3253 2653 3366 2689 cum
3394 2648 3442 2692 te
3483 2642 3619 2695 vide-

2035 2710 2136 2762 rint
2182 2709 2423 2781 .Egyptii
2440 2755 2456 2780 ,
2484 2714 2696 2770 dicant:
2722 2717 2833 2772 Ista
2862 2731 2936 2773 est
2971 2738 3099 2776 uxor
3137 2726 3249 2794 ejus
3273 2742 3293 2790 ;
3321 2737 3367 2781 et
3392 2730 3616 2785 occident

2036 2816 2134 2864 me,
2166 2810 2214 2855 te
2238 2812 2404 2857 autent
2427 2808 2711 2862 servabunt.
2753 2810 3067 2879 Considera,
3097 2828 3353 2885 quantum
3384 2823 3619 2878 conlide-

2039 2890 2127 2945 bat
2154 2893 2390 2949 moribus
2416 2897 2673 2963 mulieris,
2698 2915 2805 2955 non
2827 2913 3070 2959 metuens
3089 2922 3157 2962 ne
3179 2908 3423 2966 laudibus
3448 2916 3615 2969 emol-

2036 2982 2255 3047 lirctur,
2282 2988 2408 3057 quin
2430 2999 2485 3044 et
2513 2990 2615 3045 tale
2641 2992 2841 3049 inducit
2866 2998 3169 3067 consilium,
3196 3000 3379 3059 dicens
3410 3022 3423 3059 :
3456 3005 3521 3063 Ut
3549 3023 3616 3064 ne

2036 3089 2122 3167 me
2150 3076 2364 3145 quidem
2392 3080 2669 3147 occidant,
2701 3092 2753 3139 te
2790 3096 2965 3141 autem
3014 3102 3231 3146 servent
3264 3111 3276 3146 :
3310 3094 3403 3148 Dic
3429 3098 3613 3167 igitur,

2035 3166 2198 3220 Soror
2224 3170 2333 3238 ejus
2355 3187 2467 3223 sum
2489 3214 2505 3238 ,
2531 3182 2586 3225 ut
2613 3176 2737 3227 mihi
2764 3176 2884 3230 bene
2919 3179 3019 3243 sit,
3042 3189 3090 3233 et
3125 3182 3249 3236 uiset
3289 3166 3458 3239 anima
3504 3205 3616 3242 mea

2034 3270 2239 3329 propter
2264 3272 2328 3315 te.
2344 3264 2604 3330 Quoniam
2636 3281 2742 3322 non
2770 3269 2982 3338 vulgare
3003 3282 3117 3326 erat
3136 3274 3276 3344 quod
3297 3276 3610 3345 imperabat,

2035 3363 2315 3422 pr0pterea
2363 3357 2536 3411 verbis
2573 3375 2690 3426 quze
2730 3360 2995 3426 subdidit,
3025 3363 3240 3421 allicere
3278 3382 3394 3422 eam
3442 3379 3497 3424 et
3543 3371 3609 3424 ad

2032 3442 2447 3499 misericordiam
2492 3447 2731 3508 flectere.
2762 3452 3186 3524 persuadereque
3208 3456 3259 3510 ei
3285 3458 3526 3524 volebat,
3554 3472 3612 3515 ut

2032 3538 2275 3603 prompte
2320 3536 2372 3590 in
2404 3537 2502 3590 hac
2537 3536 2710 3592 fabula
2737 3554 2915 3607 partes
2956 3558 3083 3597 suas
3125 3555 3324 3615 ageret.
3360 3548 3610 3604 Futurum

2033 3632 2102 3676 est
2130 3624 2298 3692 itaque
2320 3636 2375 3679 ut
2398 3643 2512 3679 cum
2538 3637 2585 3680 te
2618 3630 2829 3683 viderint
2862 3630 3100 3701 ngyptii
3117 3674 3133 3697 ,
3161 3636 3333 3690 dicant
3360 3654 3381 3691 :
3408 3638 3515 3693 Ista
3541 3651 3612 3695 est

2031 3732 2162 3769 uxor
2192 3719 2344 3785 ejus;
2389 3727 2435 3771 et
2478 3720 2704 3773 occident
2744 3736 2855 3784 me,
2890 3732 2936 3775 te
2975 3734 3140 3777 autem
3179 3727 3463 3783 servabunt.
3493 3729 3609 3784 Non

2032 3807 2185 3875 dixit,
2227 3807 2572 3863 Contumeliis
2610 3818 2661 3865 te
2695 3810 2975 3870 afficieut:
3016 3830 3124 3870 non
3163 3818 3272 3871 vult
3305 3819 3446 3875 enim
3489 3837 3606 3877 eam

2032 3914 2176 3954 nunc
2201 3900 2378 3953 verbis
2408 3910 2642 3967 terrere,
2682 3904 2947 3973 praecipue
2968 3919 3097 3961 vero
3135 3909 3404 3965 metuebat
3446 3925 3607 3982 super

2035 3988 2128 4043 Dei
2178 3989 2547 4059 promissione.
2594 3991 2879 4060 Propterea
2927 3994 3054 4049 dicit
3082 4013 3096 4050 :
3128 3995 3198 4049 Te
3229 4010 3396 4052 autem
3429 4017 3605 4055 serna-

2035 4082 2156 4134 bunt
2183 4099 2201 4134 :
2230 4083 2310 4135 du:
2342 4083 2514 4153 igitur,
2539 4083 2699 4137 Soror
2724 4086 2832 4154 ejus
2852 4103 2981 4141 sum.
3010 4085 3189 4159 Cogita
3214 4130 3228 4153 ,
3250 4106 3433 4160 quarso
3455 4132 3470 4157 ,
3500 4108 3606 4162 quo

2034 4180 2194 4234 fuisse
2216 4189 2323 4233 tum
2351 4180 2403 4234 in
2442 4190 2583 4235 statu
2622 4181 2753 4247 justi
2781 4191 3012 4237 mentem
3037 4184 3324 4239 verisimile
3352 4186 3453 4253 sit,
3481 4201 3604 4243 cum

2034 4272 2130 4325 ista
2158 4271 2306 4325 uvori
2335 4273 2655 4327 consuleret.
2682 4273 2839 4328 Scitis
2860 4276 2999 4328 enim
3020 4317 3035 4341 ,
3067 4276 3214 4330 scitis
3238 4276 3368 4331 nihil
3393 4280 3609 4349 gravius
3640 4266 3643 4269 Α

2033 4363 2236 4415 maritis
2263 4377 2417 4429 esse,
2445 4378 2602 4431 quam
2638 4374 2694 4417 ut
2719 4365 2803 4419 vel
2847 4366 2897 4419 in
2940 4366 3199 4433 ejusmodi
3246 4370 3606 4439 sttSpicionetn

2034 4469 2167 4506 uxor
2199 4454 2395 4507 veniat.
2427 4453 2799 4508 Verumtamen
2836 4455 2922 4510 hic
2955 4458 3132 4524 justus
3169 4468 3222 4512 et
3258 4461 3531 4515 contendit
3556 4472 3611 4515 et

2032 4561 2244 4599 omnem
2282 4545 2509 4614 lapidem
2557 4555 2768 4612 movet,
2798 4555 2857 4601 ut
2900 4548 3214 4604 adulterium
3250 4566 3414 4621 opere
3458 4568 3609 4608 cont-

2033 4637 2261 4705 pleatur.
2285 4636 2401 4690 Noli
2425 4645 2598 4691 tamen
2617 4637 2816 4705 justum
2840 4638 2980 4693 hunc
3006 4650 3205 4697 temere
3226 4644 3603 4712 condemnare,

2033 4727 2373 4781 dilectissime
2398 4768 2411 4791 ,
2444 4727 2537 4782 sed
2561 4743 2624 4783 ex
2657 4728 2757 4783 hoc
2788 4731 2967 4799 potius
2990 4732 3207 4785 multam
3235 4733 3350 4801 ejus
3378 4734 3609 4802 pruden-

2035 4817 2160 4869 tiam
2188 4830 2251 4870 ac
2280 4817 2637 4871 fortitudinem
2662 4833 2958 4887 cognosce;
2983 4819 3344 4875 fortitudinem
3369 4822 3605 4890 quidem,

2034 4906 2175 4975 quod
2220 4906 2287 4959 ita
2331 4921 2590 4975 generose
2634 4908 2863 4960 motibus
2904 4908 3280 4977 cogitationum
3311 4910 3608 4975 restiterit,

2037 5010 2235 5064 eosque
2261 4997 2545 5064 superarit,
2574 5004 2629 5050 ut
2657 4996 2815 5049 etiam
2851 4996 2944 5049 ista
2973 4997 3294 5052 consuleret.
3327 4998 3436 5053 Hac
3462 5001 3605 5055 enim

2039 5100 2096 5139 re
2131 5085 2261 5139 nihil
2312 5100 2432 5141 esse
2474 5085 2852 5139 intolerabilius
2894 5086 3014 5139 audi
3061 5102 3125 5141 ex
3170 5087 3487 5153 Salomone,
3518 5093 3609 5161 qui

2037 5175 2209 5230 dicit:
2248 5175 2435 5229 Plenus
2482 5177 2612 5229 enim
2660 5176 2753 5228 zeli
2781 5180 2924 5246 furor
2967 5177 3060 5230 viri
3102 5179 3243 5245 eius;
3290 5197 3391 5233 non
3439 5192 3610 5250 parcet

2040 5266 2092 5319 in
2127 5265 2208 5319 die
2252 5266 2439 5335 judieii
2459 5307 2474 5329 ,
2505 5282 2661 5335 neque
2698 5267 3018 5319 commutabit
3046 5268 3217 5322 odium
3254 5271 3424 5325 multis
3464 5271 3612 5327 donis

2039 5357 2058 5427 (
2081 5356 2234 5410 Prov.
2263 5357 2317 5410 6.
2348 5356 2437 5410 54.
2461 5355 2551 5428 55)
2583 5375 2596 5410 :
2625 5367 2680 5412 et
2707 5374 2911 5425 rursus,
2941 5358 3112 5415 Durus
3137 5371 3189 5415 ut
3214 5363 3445 5433 infernus
3474 5367 3611 5419 zelus

2042 5447 2211 5519 (Cant.
2241 5447 2294 5502 8.
2324 5444 2400 5515 6).

2110 5541 2163 5594 5.
2192 5538 2469 5608 Zelotypus
2509 5537 2705 5591 insania
2732 5551 2937 5608 quanta.
2962 5571 3028 5581 —
3045 5542 3238 5598 Multos
3264 5553 3438 5598 autem
3466 5543 3611 5596 vide-

2045 5644 2163 5683 mus
2184 5630 2234 5681 in
2262 5637 2458 5680 tantam
2488 5626 2745 5681 insaniam
2774 5631 3078 5699 prorupisse
3096 5672 3111 5697 ,
3140 5642 3198 5687 ut
3239 5647 3336 5686 nec
3360 5631 3610 5685 uxoribus

2045 5722 2172 5792 ipsis
2195 5728 2493 5791 parcerent,
2521 5718 2613 5775 sed
2654 5728 2703 5774 et
2726 5719 3020 5776 adulterum
3051 5723 3220 5792 ipsum
3247 5735 3611 5790 saepenumero
