4020 6136
453 310 557 364 199

455 436 508 478 ct
535 422 845 487 semetipsos
871 416 1254 472 imminuerunt.
1284 414 1450 467 'l'auta
1478 414 1554 467 rei
1585 413 1741 480 hujus
1768 423 1850 465 est
1879 413 2022 466 iusa-

457 515 541 566 nia
561 554 575 574 ,
607 520 711 564 tam
743 510 1006 576 impotens
1028 513 1083 560 et
1109 503 1362 558 indomita
1388 511 1473 557 est
1497 502 1775 573 zelotypia,
1805 509 1863 555 ut
1903 516 2023 553 cum

457 603 545 670 qui
577 598 737 654 semel
765 597 864 651 hac
884 595 1192 665 {egritudine
1215 600 1493 663 correptus
1517 592 1605 650 sit.
1632 591 1828 645 efticiat
1865 592 2024 643 etiam

457 691 719 758 propriam
746 688 970 740 salutem
1000 695 1362 738 contemnere.
1394 684 1472 736 Ac
1497 680 1860 735 fortitudinem
1903 680 2022 750 qui-

453 785 573 837 dem
609 782 737 849 justi
784 781 907 836 licet
956 780 1078 835 inde
1120 793 1481 849 cognoscere:
1512 778 1842 847 prudentiam
1895 792 2026 831 vero

456 889 559 925 non
589 872 909 926 mediocrem
937 888 999 923 ex
1028 887 1114 935 eo,
1145 870 1283 939 quod
1329 870 1382 922 in
1431 878 1602 923 tantas
1647 868 1890 922 redactus
1931 883 2022 920 an.

451 964 651 1029 gustias
688 974 741 1016 et
774 970 1039 1030 tamquam
1072 961 1269 1030 laqueis
1296 960 1550 1023 irretitus,
1581 960 1717 1013 hanc
1763 959 1898 1012 viam
1927 974 2022 1026 po.

454 1052 613 1104 tuerit
637 1051 965 1113 adiuveuire,
995 1065 1098 1119 qua
1129 1050 1322 1102 malum
1357 1050 1773 1102 imminueretur.
1800 1046 1931 1101 Nam
1979 1047 2023 1100 si

452 1141 663 1207 quidem
686 1140 904 1195 dixisset
935 1155 1151 1193 uxorem
1171 1153 1231 1193 sc
1259 1140 1397 1192 illius
1422 1153 1560 1204 esse,
1586 1152 1755 1208 neque
1798 1138 2022 1191 fabulam

456 1235 596 1287 illam
623 1234 836 1303 egisset,
863 1249 925 1286 ac
949 1232 1148 1286 sororis
1195 1247 1386 1285 nomen
1431 1238 1738 1298 usurpasset
1763 1247 1776 1282 :
1804 1238 1859 1284 et
1911 1229 2022 1297 ipsa

449 1329 591 1396 justo
617 1334 798 1393 erepta
819 1332 979 1387 esset,
1006 1337 1125 1376 cum
1151 1323 1267 1391 ejus
1292 1322 1475 1375 forma:
1506 1319 1838 1390 pulchritudo
1866 1319 2024 1373 lasci-

452 1433 575 1470 vum
602 1414 974 1486 Egyptiorum
999 1413 1234 1468 animum
1276 1412 1599 1482 peilexlsset,
1630 1423 1680 1466 et
1718 1411 2025 1465 interfectus

448 1508 621 1575 justus
650 1504 853 1571 fuisset,
904 1514 961 1558 ut
1004 1504 1221 1559 sceleris
1256 1512 1528 1557 accusator
1552 1518 1583 1557 c
1608 1502 1781 1557 medio
1809 1502 2021 1555 tollere-

451 1607 556 1651 tur.
584 1596 804 1663 Quando
833 1596 987 1665 igitur
1017 1596 1098 1647 ha:
1139 1593 1257 1647 duae
1280 1594 1511 1648 molesta:
1548 1607 1634 1647 res
1660 1592 1877 1646 omnino
1904 1606 2026 1660 pro-

452 1698 570 1756 pter
598 1688 868 1741 hominum
899 1686 1111 1740 illorum
1154 1684 1611 1754 intemperantiam
1668 1686 1912 1752 regisque
1943 1692 2023 1751 ty—

452 1777 726 1831 rannidem
750 1784 1018 1831 eventum
1041 1784 1216 1839 erant,
1243 1783 1298 1827 ut
1344 1774 1394 1826 in
1425 1774 1582 1827 tantis
1625 1772 2023 1826 difficultatibus

449 1868 696 1937 exiguum
733 1865 947 1935 aliquod
991 1865 1236 1918 solatium
1281 1864 1512 1918 nancisci
1566 1871 1783 1931 possent
1835 1879 1849 1917 :
1901 1860 2016 1924 Dic,

452 1958 639 2028 inquit,
672 1958 832 2012 Soror
864 1958 974 2027 ejus
1006 1972 1158 2020 sum;
1186 1956 1286 2009 hoc
1305 1956 1444 2009 enim
1488 1953 1717 2009 fortasse
1744 1968 1830 2008 me
1865 1971 1893 2008 a
1926 1970 2022 2022 pe.

452 2050 631 2103 riculis
657 2048 915 2103 liberabit.
936 2045 1067 2101 Nam
1093 2047 1231 2116 quod
1258 2045 1323 2098 ad
1350 2055 1402 2098 te
1429 2044 1639 2114 quidem
1670 2045 1877 2108 attinet,
1907 2044 2024 2098 sive

450 2154 688 2194 sororem
718 2138 935 2208 teipsam
959 2138 1179 2202 dixeris,
1208 2138 1321 2190 sive
1355 2136 1655 2205 conjugem,
1683 2151 1838 2188 nemo
1867 2150 2024 2205 nega-

451 2232 522 2285 bit
552 2232 674 2298 quin
696 2231 914 2284 omnino
944 2228 1175 2283 futurum
1202 2227 1289 2289 sit,
1324 2236 1378 2279 ut
1423 2236 1472 2279 te
1520 2235 1739 2294 propter
1778 2226 2025 2293 corporis

451 2323 895 2394 pulchritudinem
947 2320 1228 2375 confestim
1267 2319 1529 2387 eripiant;
1569 2334 1653 2371 me
1677 2332 1803 2371 vero
1828 2318 2021 2386 proha-

453 2415 556 2467 bile
581 2423 661 2467 est
690 2412 909 2465 insidias
944 2425 1245 2474 evasurum,
1281 2410 1323 2462 si
1356 2424 1548 2461 nomen
1569 2409 1769 2461 sororis
1793 2423 2022 2476 usurpa-

452 2506 611 2558 veris.
648 2502 806 2557 Vides
830 2501 1160 2571 prudentiam
1185 2500 1342 2569 justi;
1373 2515 1478 2568 quo
1506 2509 1657 2568 pacto
1699 2500 2023 2568 interceptus

457 2599 594 2649 viain
645 2593 872 2662 potuerit
914 2593 1185 2652 invenire,
1236 2605 1300 2645 ac
1345 2590 1557 2645 modum
1610 2590 2017 2659 excogitaverit,

449 2703 557 2756 quo
602 2686 967 2757 Egyptiorum
1015 2683 1230 2738 insidias
1280 2692 1458 2752 posset
1502 2682 1773 2738 evadere?
1820 2684 2022 2737 Rursus

450 2782 549 2833 hoc
579 2780 695 2833 loco
726 2778 852 2830 mihi
883 2775 1185 2846 patientiam
1236 2789 1450 2845 quoque
1481 2774 1607 2844 justi
1640 2774 1927 2844 perpende,
1958 2791 2021 2828 ac

448 2870 685 2923 mulieris
709 2868 1068 2937 probitatem:
1094 2865 1220 2935 justi
1265 2865 1501 2935 quidem,
1554 2868 1693 2933 quod
1733 2879 1839 2919 non
1886 2865 2022 2918 indi-

445 2970 633 3028 gnams
662 2959 732 3012 sit
758 2971 927 3027 neque
953 2955 1149 3011 dixerit
1173 2974 1186 3009 :
1209 2956 1317 3011 Cur
1354 2966 1528 3010 autem
1566 2954 1703 3009 hanc
1746 2955 2017 3010 mulierem

447 3066 654 3103 mecum
671 3049 827 3113 duco,
853 3047 1006 3117 cujus
1032 3048 1198 3115 gratia
1227 3056 1368 3099 truta
1392 3046 1443 3099 in
1470 3058 1555 3099 me
1576 3056 1858 3114 tempestas
1877 3046 2021 3099 exci-

448 3142 627 3193 tatur?
655 3139 779 3209 quid
808 3141 951 3193 enim
976 3136 1093 3206 ejus
1131 3136 1257 3190 mihi
1287 3137 1502 3205 prodest
1522 3136 1869 3200 consuetudo,
1900 3152 2017 3190 cum

445 3233 559 3299 ejus
585 3245 743 3285 causa
785 3230 836 3283 iu
880 3244 1144 3284 summum
1188 3230 1377 3297 capitis
1424 3228 1711 3283 discrimen
1747 3228 2019 3283 adducar?

447 3324 571 3391 quid
602 3323 728 3375 inibi
753 3322 978 3391 proficit,
1004 3335 1126 3375 cum
1154 3334 1259 3373 non
1303 3320 1461 3373 modo
1502 3320 1646 3374 nullo
1703 3336 1788 3375 me
1830 3320 2019 3374 solatio

443 3414 612 3479 juvet.
643 3412 735 3465 sed
764 3414 924 3465 etiam
949 3425 1042 3464 sua
1081 3409 1470 3479 pulchritudine
1494 3410 1680 3464 mortis
1724 3409 1849 3464 mihi
1882 3413 2020 3480 peri-

446 3503 623 3556 culum
668 3501 854 3555 creet?
880 3500 1015 3555 Nihil
1047 3499 1236 3554 horum
1285 3499 1417 3553 dixit
1461 3508 1553 3553 aut
1606 3499 1872 3570 cogitavit,
1922 3501 2017 3556 sed

448 3595 592 3647 muni
621 3592 880 3662 ejusmodi
920 3592 1115 3661 rejecta
1161 3591 1481 3660 cogitatione
1522 3589 1590 3645 de
1616 3591 1706 3645 Dei
1758 3592 2018 3661 promisso

447 3685 665 3739 minime
687 3684 975 3748 dubitavit;
998 3684 1092 3738 sed
1115 3684 1165 3737 in
1190 3684 1238 3737 id
1264 3698 1423 3737 unum
1451 3683 1706 3750 incubuit,
1736 3694 1790 3738 ut
1831 3685 2018 3753 praevi-

446 3792 562 3828 sum
588 3775 873 3829 discrimen
896 3785 1074 3843 posset
1101 3774 1351 3829 evadere.
1386 3774 1481 3828 llic
1529 3776 1670 3829 enim
1699 3774 2016 3832 ineffabilem

447 3868 538 3921 Dei
568 3869 869 3936 patientiam
904 3866 1284 3934 animadverte,
1332 3866 1695 3929 dilectissime,
1727 3883 1832 3937 quo
1863 3877 2015 3937 pacto

444 3972 550 4011 non
597 3958 808 4011 assistat
847 3972 1018 4026 neque
1038 3956 1343 4012 consoletur
1367 3956 1588 4024 justum,
1633 3956 1725 4010 sed
1777 3958 2017 4025 ingrave-

441 4064 592 4101 scere
618 4047 752 4101 mala
783 4047 922 4100 sinat
944 4056 998 4100 et
1021 4046 1220 4115 augeri,
1249 4055 1405 4114 atque
1453 4046 1503 4098 in
1537 4056 1801 4101 extremas
1846 4063 2013 4116 angu-

443 4138 573 4191 stias
622 4136 809 4204 redigi,
855 4146 1071 4204 tumque
1114 4150 1262 4188 suam
1319 4135 1699 4203 providentiam
1748 4138 2010 4192 ostendat.

444 4225 539 4278 Dic
563 4225 737 4293 igitur,
762 4224 950 4291 inquit,
979 4224 1139 4277 Soror
1186 4225 1293 4291 ejus
1345 4240 1455 4275 sum
1483 4238 1502 4276 .'
1526 4234 1578 4277 ut
1623 4224 1746 4278 bene
1784 4226 1845 4278 sit
1891 4228 2014 4281 milii

443 4326 647 4385 propter
692 4328 759 4379 te,
806 4325 854 4368 et
901 4315 1025 4368 vivet
1072 4316 1243 4367 anima
1279 4332 1388 4367 mea
1413 4325 1614 4385 propter
1632 4326 1696 4370 te.
1723 4316 1836 4372 Non
1863 4320 2010 4387 quasi

441 4406 695 4459 moritura
722 4414 863 4461 esset
889 4405 1052 4474 ipsius
1079 4404 1272 4469 anima,
1296 4405 1411 4458 hinc
1434 4404 1568 4459 dixit
1592 4405 1763 4475 justus
1803 4405 2014 4475 (Nolite

440 4497 582 4549 enim
603 4497 793 4563 timere,
821 4498 1009 4567 inquit,
1038 4515 1122 4552 eos
1155 4498 1240 4567 qui
1268 4497 1505 4553 occidunt
1540 4515 1740 4568 corpus,
1791 4501 2011 4553 animam

441 4596 610 4640 autem
637 4603 736 4640 non
760 4595 964 4656 possunt
989 4588 1211 4640 occidere
1238 4586 1448 4660 [Matth.
1480 4589 1566 4643 10.
1596 4588 1735 4659 28]),
1765 4590 1856 4643 sed
1880 4594 2007 4643 sim-

443 4677 650 4747 pliciter
670 4691 735 4730 ex
754 4676 1136 4730 consuetudine
1159 4676 1240 4729 bis
1261 4677 1434 4730 verbis
1456 4692 1672 4731 uxorem
1694 4677 1883 4733 affatus
1906 4688 2006 4732 est.

444 4768 512 4824 Ut
532 4770 653 4822 bene
679 4767 802 4819 mihi
818 4767 902 4831 sit,
933 4766 1116 4836 inquit,
1144 4775 1345 4836 propter
1370 4776 1438 4831 te,
1474 4778 1520 4819 et
1544 4765 1664 4821 vivet
1702 4770 1872 4823 animo
1901 4787 2010 4824 mea

440 4871 642 4933 propter
683 4869 731 4913 te
760 4877 779 4914 :
806 4859 957 4930 quasi
982 4858 1186 4913 diceret
1230 4859 1303 4912 illi
1333 4876 1346 4912 :
1370 4858 1488 4921 Dic,
1535 4858 1695 4914 Soror
1718 4864 1826 4927 eius
1850 4881 1959 4916 sum
1989 4880 2007 4917 :

440 4968 507 5006 nc
532 4952 732 5006 efficias
758 4960 835 5016 ut,
861 4965 982 5005 cum
1014 4957 1229 5018 propter
1253 4948 1445 5004 famem
1484 4964 1516 5004 e
1538 4950 1833 5006 Chananaea
1864 4954 2006 5025 fuge-

439 5042 558 5105 rim,
592 5041 836 5097 manibus
871 5054 1063 5094 cneccr
1090 5038 1481 5109 Aigyptiorum.
1513 5040 1635 5095 Fias
1678 5043 1854 5111 potius
1879 5047 2005 5101 mihi

440 5132 623 5185 salutis
654 5145 833 5192 causa,
868 5127 937 5183 Ut
976 5132 1095 5183 bene
1125 5130 1188 5182 sit
1230 5130 1351 5183 mihi
1380 5141 1580 5199 propter
1604 5140 1667 5184 te.
1696 5131 2005 5190 Miserabilia

437 5231 560 5273 sunt
589 5220 702 5275 hate
742 5220 923 5286 verba,
973 5220 1142 5276 sedet
1189 5222 1384 5275 multus
1425 5234 1539 5277 erat
1582 5224 1740 5277 timor
1791 5239 2003 5294 propter

436 5311 694 5363 insaniam
729 5310 1123 5381 Egyptiacam,
1166 5320 1221 5365 et
1269 5310 1387 5379 quia
1432 5312 1664 5365 nomlum
1689 5316 1873 5367 mortis
1892 5327 2006 5371 erat

436 5402 607 5455 soluta
631 5402 891 5471 tyrannis;
926 5415 1199 5470 propterea
1228 5402 1277 5454 in
1303 5402 1613 5455 adulterium
1654 5404 1831 5456 uxoris
1878 5420 2002 5459 con-

433 5492 592 5544 scutit
633 5492 824 5560 justus,
858 5502 911 5545 et
952 5494 1098 5561 quasi
1151 5493 1314 5545 servit
1360 5491 1600 5544 adultero
1652 5495 1702 5546 iu
1753 5494 1991 5549 "mlieris

432 5581 828 5647 contumeliam,
859 5592 914 5634 ut
957 5593 1179 5635 mortem
1229 5583 1460 5650 effugiat.
1505 5583 1628 5636 Erat
1662 5585 1804 5638 enim
1831 5584 2003 5639 adhuc

434 5673 683 5727 tcrrilnlis
724 5675 882 5728 facies
915 5673 1140 5738 mortis;
1184 5674 1417 5728 nondum
1469 5686 1618 5730 erant
1654 5694 1807 5732 terea:
1834 5690 1998 5746 portae

1227 304 1282 360 S.
1322 301 1594 359 JO.\.\NIS
1629 301 2097 356 Cllli'lSUS'lOill
2138 301 2449 355 ARClllEl’.
2491 303 3010 361 CONSTANTINOP.

3608 320 3710 375 ῖοο

2132 410 2415 465 Οιιιιίίιιιίιε
2468 430 2481 475 ;
2534 415 2766 469 nondum
2812 429 2927 471 erat
2976 422 3193 475 aculeus
3243 425 3360 494 ejus
3407 430 3705 485 hebetatus.

2137 500 2321 556 Vidisti
2363 504 2629 557 vinculqu
2673 507 2909 561 caritatis
2962 509 3057 563 viri
3104 522 3160 566 ct
3206 513 3481 573 mulieris?
3529 522 3706 578 vidisti

2130 592 2301 645 virum
2323 634 2337 656 ,
2369 594 2543 660 qualia
2567 595 2771 649 mulieri
2798 611 3079 665 suggerere
3109 603 3178 656 sit
3214 619 3402 672 ausus,
3448 617 3503 663 et
3544 614 3702 680 quale

2128 683 2406 736 consilium
2434 699 2579 753 accc;
2597 685 2698 739 erit
2724 688 2953 742 mulier?
2980 688 3096 745 Non
3123 695 3299 748 renuit
3320 737 3337 759 ,
3365 715 3537 767 neque
3581 714 3707 770 gia-

2129 773 2291 823 vatim
2318 772 2417 827 fert
2446 789 2462 827 :
2495 776 2583 829 sed
2614 778 2790 830 omnia
2837 778 2961 833 facit
2984 821 2998 842 ,
3029 782 3097 835 ita
3145 793 3201 837 ιιι
3252 786 3426 841 fabula
3467 800 3521 843 et
3562 794 3707 846 lictiu

2131 860 2219 915 illa
2261 863 2436 917 lateat.
2484 866 2714 920 Audiant
2764 869 2857 921 viri
2907 881 2961 923 et
3008 872 3297 939 mulieres,
3342 886 3396 930 et
3435 878 3708 935 imitentur

2132 950 2318 1004 borum
2372 955 2751 1021 coiicqrdiam,
2808 959 3075 1014 vinculum
3132 965 3397 1031 caritatis,
3454 969 3705 1036 pietatem

2133 1043 2423 1113 insignem,
2472 1058 2522 1100 et
2560 1048 2706 1101 Sara:
2754 1053 3132 1107 continentiam
3183 1057 3528 1123 aemulentur;
3583 1077 3706 1131 qua:

2134 1134 2302 1187 vetula
2347 1134 2397 1187 in
2442 1145 2583 1189 tanta
2629 1147 2903 1194 venustate
2935 1156 3283 1209 permanens,
3323 1149 3557 1202 certabat
3583 1166 3703 1204 cum

2124 1224 2273 1293 justo
2304 1226 2581 1282 virtutibus
2612 1245 2625 1281 :
2655 1229 2774 1283 ideo
2803 1241 2854 1285 et
2888 1241 3087 1287 tantam
3137 1237 3253 1303 ejus
3293 1253 3473 1291 curam
3524 1239 3706 1295 habuit

2134 1315 2270 1369 Deus
2297 1356 2312 1381 ,
2344 1326 2651 1387 tantumque
2680 1334 2910 1388 superne
2940 1323 3011 1375 illi
3043 1325 3354 1380 retribututn
3385 1338 3485 1382 est.
3518 1329 3706 1385 Nullus

2132 1404 2289 1472 igitur
2328 1416 2543 1460 accuset
2587 1408 3064 1477 pulchritudinem,
3118 1415 3293 1468 nullus
3339 1416 3455 1471 lucc
3501 1419 3705 1472 inutilia

2129 1497 2287 1549 verba
2312 1496 2453 1550 dicat
2480 1514 2493 1551 :
2525 1497 2671 1554 llanc
2715 1501 2946 1568 perdidit
2974 1503 3177 1568 forma;
3208 1505 3329 1561 huic
3372 1508 3705 1576 pulchritudo

2128 1602 2286 1640 causa
2336 1589 2429 1643 fuit
2468 1590 2726 1645 interitus.
2765 1592 2879 1647 Non
2925 1595 3262 1663 pulchritudo
3301 1598 3353 1651 iu
3395 1615 3548 1654 causa
3569 1611 3700 1656 est;

2126 1676 2292 1738 absit;
2322 1692 2454 1746 opus
2482 1680 2624 1734 enim
2650 1680 2738 1735 Dei
2761 1692 2841 1736 est
2866 1694 2916 1737 et
2945 1685 3053 1753 ipsa
3079 1703 3091 1737 :
3118 1686 3209 1740 sed
3239 1703 3483 1754 perversa
3514 1699 3705 1745 volun-

2139 1774 2221 1820 tas
2252 1767 2509 1822 malorum
2544 1772 2779 1824 omnium
2806 1784 2964 1825 causa
2990 1784 3091 1828 est.
3129 1774 3313 1829 Vidisti
3339 1778 3702 1835 admirabilem

2139 1857 2275 1910 hanc
2300 1860 2571 1914 mulierem
2601 1863 2843 1931 utrinque
2871 1864 3214 1931 relucentem,
3242 1878 3295 1921 et
3320 1870 3390 1922 ob
3416 1871 3705 1938 pulchritu-

2127 1947 2303 2001 dinem
2330 1949 2541 2017 animm,
2563 1961 2619 2005 et
2646 1953 2715 2005 ob
2742 1952 3126 2009 formositatem
3152 1956 3303 2012 faciei
3333 1962 3550 2031 vestigia
3573 1963 3701 2028 juin

2129 2046 2367 2109 proxime
2411 2046 2763 2114 sequentem?
2796 2045 2941 2099 llaue
2984 2047 3256 2103 imitentur
3298 2051 3565 2106 mulieres.
3608 2054 3701 2107 lit-

2126 2136 2267 2188 enim
2296 2150 2393 2189 nec
2423 2136 2707 2189 venustatis
2736 2135 2920 2201 decor,
2953 2152 3051 2190 nec
3071 2139 3338 2205 sterilitas,
3371 2157 3467 2195 nec
3502 2152 3699 2197 tantum

2130 2234 2360 2294 tempus,
2390 2241 2486 2279 nec
2507 2225 2811 2279 facultatum
2852 2226 3191 2293 abundantia,
3218 2244 3390 2299 neque
3417 2242 3491 2285 tot
3517 2234 3702 2301 migra-

2129 2316 2319 2380 tiones,
2353 2330 2521 2383 neque
2561 2316 3028 2385 peregrinationes,
3070 2328 3125 2372 et
3164 2321 3429 2374 continua:
3470 2324 3697 2376 crebra:-

2125 2421 2228 2474 que
2276 2406 2628 2469 tentatioucs,
2675 2406 2757 2460 vel
2807 2407 3061 2476 quidquid
3115 2409 3253 2473 tale,
3303 2421 3531 2465 mentem
3582 2414 3697 2480 ejus

2127 2510 2340 2549 movere
2369 2504 2689 2564 potuerunt:
2721 2496 3004 2550 inunobilis
3038 2500 3179 2552 enim
3211 2500 3421 2554 ntausit.
3454 2501 3599 2556 Unde
3626 2503 3697 2557 ob

2128 2587 2473 2655 patientiam,
2524 2587 2734 2656 dignam
2783 2590 3078 2642 mercedem
3134 2593 3463 2659 reportavit:
3500 2594 3550 2646 in
3598 2609 3695 2647 ex-

2130 2686 2294 2730 trema
2320 2678 2460 2730 enim
2491 2688 2781 2742 senectute,
2805 2695 2867 2731 ex
2894 2680 3044 2733 vulva
3072 2682 3237 2735 sterili
3267 2693 3321 2736 et
3348 2692 3495 2736 utero
3521 2699 3695 2739 emor-

2129 2775 2217 2818 tuo
2243 2782 2425 2834 parcre
2455 2767 2642 2835 potuit.
2677 2767 2741 2821 Ut
2769 2769 2909 2833 milii,
2937 2770 3123 2838 inquit,
3154 2770 3273 2823 bene
3297 2773 3359 2824 sit
3386 2785 3587 2843 propter
3612 2787 3692 2842 te,

2126 2864 2169 2907 et
2194 2856 2315 2907 vivet
2358 2857 2526 2908 anima
2570 2872 2677 2910 mea
2725 2868 2926 2928 propter
2964 2870 3029 2912 te.
3080 2861 3239 2926 Quasi
3288 2862 3526 2917 diceret:
3557 2865 3692 2919 Nihil

2124 2945 2263 2999 aliud
2293 2947 2527 3001 relictum
2560 2948 2685 3001 mihi
2730 2959 2811 3002 est
2857 2950 2921 3003 ad
2978 2952 3222 3017 salutem,
3253 2969 3407 3022 quam
3438 2965 3493 3008 ut
3515 2957 3691 3011 dicas:

2127 3036 2287 3089 Soror
2329 3038 2435 3107 t'jns
2475 3055 2604 3091 sum.
2656 3039 2917 3095 Fortassis
2945 3042 3085 3096 enim
3127 3044 3373 3114 effugiam
3407 3049 3691 3116 periculum

2125 3126 2264 3195 quod
2299 3128 2582 3182 reformido
2608 3168 2622 3193 ,
2650 3139 2703 3184 et
2725 3130 2942 3198 posthac
2970 3146 3183 3203 propter
3208 3144 3259 3190 te
3292 3138 3497 3203 vivam,
3528 3150 3577 3194 et
3601 3142 3693 3196 tibi

2123 3216 2260 3284 quod
2286 3218 2545 3286 reliquum
2570 3220 2687 3272 vita-
2710 3219 2866 3275 fuerit
2889 3233 3159 3293 acceptum
3188 3226 3431 3281 referam.
3462 3229 3693 3285 Sufficie-

2123 3306 2250 3361 baut
2287 3309 2400 3364 haic
2434 3310 2591 3365 verba
2622 3311 2688 3365 ad
2715 3314 3229 3371 coxumiseratiunem
3262 3322 3441 3373 uxoris
3471 3337 3690 3377 moven-

2122 3397 2282 3461 dam,
2326 3409 2377 3453 ct
2423 3400 2488 3453 ad
2536 3402 2982 3470 persuadendum.

2193 3490 2245 3544 fi.
2280 3489 2389 3543 lloc
2428 3506 2553 3546 vere
2579 3503 2660 3546 est
2684 3494 2983 3564 conjugimu
3004 3536 3019 3558 ,
3061 3498 3272 3566 quando
3303 3517 3406 3555 non
3436 3503 3606 3557 solum
3639 3505 3691 3560 in

2123 3580 2492 3649 prosperitate,
2516 3581 2608 3635 scd
2636 3592 2686 3637 et
2714 3582 2764 3635 in
2787 3586 3037 3652 periculis
3064 3588 3219 3641 simul
3249 3590 3520 3645 ambulant
3550 3614 3562 3647 :
3592 3594 3693 3649 huc

2119 3686 2386 3741 germanae
2413 3674 2646 3729 caritatis
2673 3675 2921 3731 iudicium
2950 3688 3030 3732 est
3055 3696 3069 3740 ;
3094 3678 3193 3733 hoc
3226 3683 3376 3750 signo
3399 3686 3691 3740 certissime

2122 3761 2491 3816 iuternoscitur
2514 3763 2760 3817 amicitia.
2789 3766 2902 3819 Neu
2928 3770 3004 3821 sic
3030 3767 3267 3822 diadema
3292 3773 3344 3825 iu
3360 3773 3527 3841 capite
3547 3776 3688 3843 posi-

2121 3860 2230 3905 tum
2259 3868 2434 3923 regem
2460 3853 2701 3919 illustrat,
2723 3866 2881 3924 atque
2898 3858 3193 3913 obcdientia
3214 3862 3319 3924 illa,
3344 3878 3444 3932 qua
3467 3866 3690 3919 consilio

2114 3945 2240 4011 justi
2265 3945 2453 4012 paruit,
2481 3947 2614 4000 hanc
2635 3946 2837 4001 beatam
2864 3950 3107 4004 feminam
3133 3952 3389 4009 illustrem
3415 3967 3465 4008 et
3489 3958 3687 4013 claram

2118 4032 2515 4087 demonstravit.
2566 4035 2731 4101 Quem
2779 4036 2937 4107 igitur
2963 4055 3066 4094 non
3113 4043 3537 4112 obstupefaceret
3573 4050 3688 4102 lucc

2119 4125 2339 4193 parendi
2369 4124 2624 4179 facilitas?
2670 4127 2788 4195 quis
2829 4128 2963 4183 hanc
3004 4132 3131 4184 satis
3181 4133 3474 4189 laudaverit
3499 4178 3514 4201 ,
3545 4139 3687 4205 quod

2117 4225 2237 4283 post
2278 4224 2472 4270 utzitatu
2516 4217 2933 4283 continentiam,
2965 4230 3019 4275 et
3055 4221 3108 4275 in
3149 4225 3235 4277 tali
3280 4237 3434 4279 aetate
3477 4226 3543 4281 ad
3585 4228 3688 4283 hoc

2118 4315 2174 4359 ut
2213 4306 2409 4375 justum
2437 4319 2642 4375 servet,
2677 4322 2929 4380 quantum
2957 4327 3021 4365 ex
3047 4313 3211 4382 ipsius
3249 4317 3512 4371 voluntate
3554 4335 3686 4387 peu-

2116 4394 2304 4459 debat,
2340 4398 2498 4451 etiam
2547 4399 2806 4455 adulterio
2858 4415 2917 4456 se
2965 4406 3205 4471 exponit
3247 4415 3301 4459 et
3344 4405 3684 4463 barbarorum

2115 4489 2465 4557 congressui?
2512 4490 2615 4545 Sed
2656 4492 2920 4563 paulisper
2964 4507 3240 4564 exspecta,
3267 4507 3321 4551 et
3370 4499 3571 4553 videbis
3596 4518 3682 4554 sa-

2118 4581 2344 4648 pientem
2373 4584 2725 4651 solertemquc
2754 4586 2841 4637 Det
2877 4587 3281 4653 providentiam.
3312 4588 3438 4642 Nam
3470 4604 3682 4658 propter

2116 4671 2217 4725 hoc
2248 4672 2383 4726 Deus
2409 4684 2603 4727 tantam
2630 4690 2737 4742 pra:
2766 4692 2823 4729 se
2854 4680 2969 4730 tulit
2995 4678 3297 4747 patientiam
3318 4721 3334 4745 ,
3361 4691 3413 4734 ct
3438 4684 3680 4750 opitulari

2113 4762 2347 4827 distulit,
2371 4773 2427 4817 ut
2448 4764 2646 4832 justum
2672 4766 2948 4821 clariorem
2981 4770 3176 4822 faceret
3194 4809 3208 4830 ,
3237 4780 3290 4823 ct
3322 4786 3415 4839 per
3438 4787 3498 4827 ea
3524 4813 3537 4837 ,
3566 4791 3683 4843 qua:

2116 4852 2218 4906 illic
2242 4864 2386 4921 gesta
2409 4864 2563 4919 sunt,
2592 4870 2694 4908 non
2729 4856 2899 4910 solum
2930 4858 3183 4928 Egyptii,
3216 4862 3308 4915 Sed
3337 4872 3391 4916 ct
3419 4864 3679 4919 Palaestini

2113 4944 2447 4998 erudirentur
2470 4985 2484 5009 ,
2510 4956 2756 5014 quautam
2782 4949 3202 5006 benevolentiam
3235 4952 3439 5009 Domini
3471 4958 3677 5009 univer-

2112 5050 2290 5089 sorum
2320 5039 2651 5107 experiretur
2669 5041 2983 5108 patriarcha.
3015 5042 3101 5097 14.
3133 5042 3345 5098 Factum
3365 5057 3457 5110 est,
3492 5047 3679 5117 inquit,

2112 5132 2311 5198 quando
2326 5132 2525 5189 intravit
2543 5132 2726 5185 Abram
2742 5133 2793 5184 in
2810 5132 3114 5205 rEgyptum,
3140 5148 3193 5188 ut
3214 5138 3681 5209 videruntrEgyptii

2112 5238 2337 5289 uxorein,
2368 5224 2502 5291 quod
2530 5235 2652 5279 esset
2672 5225 2816 5278 valde
2836 5226 3046 5295 pulchra
3077 5244 3095 5280 :
3130 5230 3213 5283 15.
3239 5240 3285 5282 et
3311 5231 3538 5284 viderunt
3571 5249 3680 5286 eam

2112 5313 2358 5381 principes
2384 5311 2690 5377 Pharaonis,
2719 5326 2765 5367 et
2791 5317 3119 5370 laudauerunt
3147 5335 3257 5372 eam
3283 5324 3417 5389 nde
3449 5320 3679 5375 Pharao-

2111 5421 2241 5463 nem,
2289 5416 2336 5458 et
2375 5404 2754 5459 introduxerunt
2781 5424 2891 5460 eam
2924 5409 2975 5461 in
3013 5410 3213 5463 domum
3253 5411 3554 5477 Pharaonis,
3591 5413 3675 5468 16.

2109 5504 2154 5547 et
2201 5496 2385 5547 Abram
2414 5497 2535 5549 bene
2561 5498 2634 5549 usi
2669 5509 2787 5550 sunt
2841 5510 3043 5566 propter
3082 5500 3244 5552 illaut.
3290 5499 3354 5553 Et
3398 5507 3591 5570 [nerunt
3634 5505 3677 5555 ei

2109 5602 2241 5647 ores,
2264 5596 2310 5639 et
2337 5588 2495 5648 vituli,
2538 5598 2581 5639 ct
2609 5590 2757 5652 asini,
2799 5599 2843 5640 et
2890 5591 3034 5652 servi,
3076 5601 3122 5643 et
3146 5592 3363 5656 ancillae,
3391 5605 3436 5646 et
3470 5594 3610 5657 muli,
3633 5602 3679 5645 et

2110 5677 2304 5729 cameli.
2338 5676 2465 5731 Vide
2489 5678 2751 5746 quomodo
2776 5695 2837 5733 ea
2864 5697 2980 5749 qtae
3010 5681 3153 5749 prius
3179 5682 3352 5751 justus
3375 5686 3682 5757 suspicaba-
