4020 6136
289 298 383 351 3M

294 423 397 474 tur,
434 426 490 463 re
517 411 628 478 ipsa
656 421 958 465 evenerunt.
988 407 1115 465 Nam
1145 422 1195 465 ut
1238 414 1287 466 in
1319 412 1603 482 JEgypunn
1628 414 1859 478 intravit,

296 501 361 555 Ut
406 501 637 555 uiderunt
687 500 925 572 ὧραι)ιῆ
977 502 1254 569 mulierem,
1308 505 1441 569 quod
1485 504 1693 573 puli-bra
1743 512 1868 556 esset

294 594 454 645 refrte.
494 593 606 645 Non
636 592 945 660 simpliciter
976 592 1159 661 inquit,
1195 594 1430 661 pulchra,
1469 594 1560 647 sed
1598 593 1871 647 excellen—

298 693 397 747 ter,
429 684 496 736 ita
524 692 580 736 ut
606 698 813 749 omnes,
845 684 933 752 qni
956 698 1074 737 eam
1100 685 1365 747 videbant,
1413 685 1769 738 allicerentur.
1803 682 1870 736 Et

298 783 353 826 ut
385 775 608 827 viderunt
633 790 741 827 eam
766 774 1014 842 principes
1038 773 1345 839 Pharaonis,
1391 773 1717 827 fundaverant
1764 789 1871 826 eam

298 879 470 922 Coram
492 865 780 920 Pharaone.
804 865 932 932 Oro,
980 866 1192 931 dilecte,
1238 882 1305 920 nc
1351 876 1551 921 temere
1591 874 1875 935 praetereas

302 958 441 1026 quod
469 958 668 1012 dictum
688 969 789 1022 est,
820 959 911 1011 sed
939 958 1198 1012 admirare
1224 958 1488 1027 quomodo
1516 958 1687 1011 nullus
1714 956 1875 1026 Egy-

305 1051 535 1117 ptiorum
565 1050 771 1103 mulieri
799 1057 981 1117 utpote
1019 1050 1330 1118 peregrinae,
1365 1061 1415 1103 et
1440 1065 1468 1101 a
1514 1059 1653 1102 terra
1707 1050 1875 1101 aliena

305 1139 611 1192 adventanti
643 1154 827 1191 manus
870 1139 1127 1207 injccerit,
1151 1151 1323 1207 neque
1352 1137 1767 1206 contempserint
1796 1139 1876 1189 vi-

308 1244 427 1281 rum
458 1247 470 1282 :
499 1229 592 1282 sed
621 1230 845 1298 ingressi
900 1230 1008 1298 regi
1044 1232 1218 1283 omnia
1257 1230 1568 1283 nuntiarint.
1618 1229 1878 1282 Cmterum

309 1321 411 1374 hoc
432 1319 629 1374 factum
657 1329 757 1384 est,
784 1328 839 1372 ut
877 1334 965 1373 res
995 1320 1142 1373 fieret
1162 1319 1510 1383 manifestior,
1543 1328 1595 1373 et
1621 1319 1750 1373 ultio
1774 1334 1879 1370 non

310 1412 363 1464 in
396 1412 659 1479 privatum
685 1420 736 1463 et
758 1409 1018 1477 plebeium
1047 1409 1297 1477 aliquem,
1329 1408 1420 1463 sed
1448 1410 1498 1461 in
1527 1424 1705 1475 regem
1732 1407 1882 1460 saevi-
1915 1395 1931 1409 ’

314 1510 415 1565 ret,
445 1509 498 1553 ut
529 1499 721 1567 ubique
745 1497 1104 1567 divulgaretur
1134 1498 1232 1552 hoc
1261 1498 1476 1551 factum.
1508 1498 1570 1550 Et
1599 1498 1886 1551 introduxe-

314 1598 430 1641 runt
471 1604 581 1642 eam
626 1588 680 1641 in
722 1587 922 1640 domum
972 1586 1276 1641 Pharaonis.
1330 1586 1574 1642 Protinus
1618 1588 1685 1641 ab
1723 1601 1889 1641 uxore

315 1681 489 1746 justus
514 1677 809 1743 abducitur,
839 1687 893 1730 et
918 1678 1032 1745 ipsa
1061 1677 1126 1731 ad
1153 1677 1483 1731 Pharaonem
1518 1678 1885 1731 introducitur.

318 1768 608 1823 Considera
628 1776 818 1838 quanta
852 1768 943 1822 Dei
970 1769 1217 1837 patientia
1248 1769 1441 1834 fuerit;
1491 1768 1757 1837 quomodo
1786 1783 1889 1821 non

319 1858 386 1910 ab
408 1858 576 1923 initio,
609 1872 779 1927 neque
800 1873 828 1911 a
852 1859 1121 1927 procemiis
1144 1874 1292 1912 suam
1332 1859 1677 1913 declaraverit
1711 1857 1892 1926 provi-

324 1947 581 2013 dentiam,
604 1950 697 2003 sed
720 1950 1015 2019 permiserit
1040 1950 1213 2004 omnia
1243 1952 1375 2015 fieri,
1405 1950 1616 2020 etquasi
1635 1950 1687 2004 in
1715 1949 1895 2005 fauces

324 2040 506 2094 bestiae
553 2040 829 2094 mulierem
882 2039 1153 2105 incidere;
1194 2050 1247 2094 et
1278 2050 1401 2094 tunc
1432 2040 1641 2094 tandem
1672 2041 1892 2093 manife-

325 2140 459 2183 stam
479 2131 723 2185 omnibus
751 2146 898 2184 suam
919 2132 1163 2184 virtutem
1191 2131 1394 2185 fecerit.
1423 2130 1487 2182 Et
1512 2129 1897 2184 introduxerunt

324 2236 438 2272 eam
461 2220 512 2271 in
540 2219 741 2272 domum
772 2218 1076 2272 Pharaonis.
1112 2218 1166 2273 ln
1190 2236 1295 2289 quo
1320 2230 1457 2273 statu
1487 2236 1579 2288 per
1604 2218 1731 2272 illud
1759 2228 1895 2272 tem-

328 2325 427 2378 pus
451 2318 566 2364 erat
590 2310 822 2363 mulieris
852 2311 1034 2363 mens?
1062 2310 1326 2380 quomodo
1355 2311 1557 2364 turbata
1584 2319 1698 2364 emt
1725 2308 1901 2363 ratio?

326 2399 593 2467 quomodo
603 2398 792 2454 ﬂuctus
803 2400 1162 2469 erigebantur?
1173 2401 1438 2471 quomodo
1457 2402 1780 2470 naufragium
1796 2414 1900 2453 non

330 2490 474 2557 fecit,
493 2491 586 2546 sed
603 2493 796 2546 mansit
810 2494 955 2562 quasi
977 2494 1257 2549 immobilis
1271 2502 1413 2563 petra
1426 2495 1491 2548 ad
1501 2494 1767 2549 caelestem
1785 2507 1904 2562 grao

331 2585 457 2636 tiam
491 2598 701 2652 semper
728 2587 1008 2653 spectans?
1041 2586 1174 2652 Quid
1196 2596 1369 2640 autem
1391 2587 1561 2640 dicam
1591 2585 1906 2640 mulierem?

333 2673 550 2740 Qualem
569 2677 803 2728 animum
832 2676 1116 2730 verisimile
1143 2686 1223 2729 est
1246 2676 1580 2743 fuissejusto,
1609 2676 1697 2728 illa
1724 2675 1775 2728 in
1805 2674 1903 2729 do-

334 2780 479 2818 mum
501 2764 787 2818 Pharaonis
804 2764 1132 2819 introducta?
1146 2764 1211 2817 Et
1228 2766 1337 2835 ipso
1355 2764 1561 2831 Abram,
1584 2765 1768 2833 inquit,
1790 2764 1907 2816 bene

333 2854 547 2907 usisunt
588 2863 790 2925 prapter
812 2856 974 2919 illam,
1016 2866 1283 2927 tamquam
1332 2856 1494 2910 fratre
1524 2857 1785 2911 videlicet.
1846 2855 1911 2908 Et

337 2950 537 3017 fuerunt
561 2948 605 2998 ei
624 2962 756 3012 oves,
784 2955 831 2999 et
858 2946 1020 3011 uitali,
1048 2957 1093 2999 et
1129 2947 1278 3012 asini,
1325 2956 1372 3000 et
1404 2947 1551 3011 servi,
1598 2956 1644 3001 et
1687 2945 1907 3009 ancilla,

337 3046 384 3089 et
408 3035 606 3099 cameli,
650 3046 695 3089 et
739 3037 881 3092 muli.
912 3036 1036 3090 llarc
1079 3046 1254 3090 autem
1310 3038 1421 3105 ipsa
1470 3052 1586 3106 qua:
1618 3036 1832 3089 honoris
1859 3045 1914 3088 et

341 3127 620 3180 ministerii
647 3127 816 3196 gratia
857 3128 976 3181 data
1014 3137 1135 3182 sunt
1161 3128 1210 3183 ei
1234 3169 1248 3193 ,
1282 3138 1537 3198 quantum
1577 3143 1681 3181 non
1727 3142 1912 3196 rogum

343 3217 398 3269 in
426 3230 492 3270 eo
517 3215 947 3271 succenderunt?
985 3217 1252 3286 quomodo
1280 3228 1454 3272 autem
1481 3233 1585 3272 non
1610 3217 1725 3286 ejus
1751 3232 1912 3271 exus-

343 3307 413 3359 sit
464 3315 698 3361 mentem
720 3344 735 3371 ,
766 3322 863 3361 nec
886 3306 1226 3361 inﬂammavit
1253 3308 1628 3376 cogitationem
1650 3306 1912 3361 donorum

346 3398 642 3467 hujusmodi
673 3400 1085 3468 argumentum?
1135 3399 1316 3453 Vidisti
1362 3401 1625 3469 quomodo
1657 3416 1818 3469 prOpe
1845 3399 1911 3452 ad

347 3491 504 3544 tinent
549 3493 881 3560 pervenerint
928 3491 1199 3559 pericula?
1245 3491 1417 3545 vidisti
1465 3492 1727 3561 quomodo
1771 3491 1915 3544 nulla

347 3583 639 3636 secundum
660 3598 831 3637 rerum
852 3583 1201 3637 humanarum
1221 3585 1410 3638 seriem
1434 3599 1554 3653 spes
1570 3583 1918 3638 correctionis

350 3674 529 3727 relicta
550 3674 572 3726 ?
600 3674 772 3727 vidisti
794 3674 1059 3743 quomodo
1084 3675 1373 3727 secundum
1401 3675 1686 3727 humanam
1708 3674 1888 3743 opinio
1904 3703 1916 3713 -

356 3778 476 3817 nem
503 3779 592 3817 res
615 3763 900 3832 deplorata:
928 3765 1115 3818 fuere?
1158 3764 1332 3817 vidisti
1376 3765 1640 3832 quomodo
1688 3765 1835 3831 quasi
1869 3764 1919 3817 in

350 3856 525 3923 gulam
548 3852 674 3907 fera:
700 3854 887 3909 mulier
911 3854 1189 3909 inciderit?
1215 3855 1331 3909 vide
1345 3855 1592 3924 deinceps
1608 3854 1922 3909 incﬂabilcm

357 3944 447 3997 Dei
496 3944 907 3999 misericordiam
933 3984 949 4011 ,
976 3953 1031 3998 et
1057 3943 1368 4012 obstupesce
1396 3945 1643 4013 potentiae
1669 3945 1785 4012 ejus
1812 3959 1926 3998 ma-

352 4034 700 4103 gnitudinem.
750 4036 836 4088 l7.
872 4034 936 4087 Et
970 4034 1145 4105 aﬂlixit
1165 4074 1180 4098 ,
1210 4033 1405 4103 inquit,
1437 4033 1573 4087 Deus
1604 4033 1926 4088 Pharaonem

354 4124 697 4195 aﬂlictionibus
737 4126 929 4196 magnis
954 4136 998 4179 et
1019 4114 1268 4195 gravibus,
1296 4134 1342 4178 et
1363 4125 1564 4178 domum
1589 4125 1699 4195 ejus
1723 4135 1926 4195 prapter

361 4216 548 4270 Saram
587 4233 791 4269 umorem
840 4218 1044 4270 Abram.
1097 4217 1230 4283 Quid
1256 4226 1337 4271 est
1360 4256 1376 4282 ,
1404 4217 1590 4287 Amisit
1611 4218 1635 4270 ?
1671 4217 1919 4282 Poenam,

354 4307 560 4376 inquit,
600 4308 772 4377 exegit
817 4306 995 4377 ﬂagitii
1040 4316 1095 4362 et
1120 4308 1240 4361 mali
1281 4319 1520 4363 conatus.
1569 4308 1926 4379 Aﬁlictionibus

355 4398 550 4467 magnis
585 4413 604 4451 :
632 4413 734 4451 non
768 4398 1076 4466 simpliciter
1114 4400 1313 4467 punivit
1354 4414 1533 4469 regem
1556 4439 1572 4464 ,
1618 4401 1711 4454 sed
1757 4400 1926 4455 Ptenis

356 4490 570 4558 magnis.
612 4488 742 4556 Quia
787 4488 1037 4558 ﬂagitium
1082 4506 1186 4545 non
1233 4500 1349 4545 erat
1375 4491 1625 4561 vulgare,
1653 4493 1746 4546 sed
1776 4493 1927 4547 valde

354 4594 621 4647 magnum,
650 4578 768 4633 ideo
793 4593 843 4634 et
865 4595 1017 4649 pcena
1046 4594 1252 4650 magna.
1278 4581 1341 4635 Et
1362 4582 1565 4635 domum
1588 4584 1715 4653 ejus,
1740 4584 1923 4652 inquit;

358 4685 459 4723 non
505 4670 673 4738 ipsum
731 4671 928 4738 solum,
980 4671 1072 4724 sed
1098 4670 1164 4723 Et
1204 4673 1405 4724 domum
1446 4673 1572 4741 ejus.
1629 4673 1695 4726 Et
1740 4689 1841 4742 qua
1861 4674 1930 4729 de

356 4774 534 4823 causa,
562 4776 680 4814 cum
712 4778 802 4815 rex
835 4771 1046 4829 peccet,
1075 4777 1261 4817 omnes
1304 4763 1371 4816 de
1412 4763 1571 4817 domo
1599 4764 1714 4834 ejus
1757 4780 1921 4834 poena

358 4857 480 4900 sunt
509 4851 827 4917 participes?
868 4853 984 4906 Non
1033 4854 1233 4922 absque
1258 4850 1460 4909 ratione
1488 4854 1588 4908 hoc
1617 4871 1825 4924 quoque
1848 4857 1923 4914 tit.

359 4938 451 4989 sed
485 4947 539 4990 ut
570 4954 661 5003 per
687 4939 785 4993 hoc
824 4942 963 5009 regis
1015 4943 1216 4996 insania
1266 4953 1655 5012 compescatur.
1687 4944 1928 4999 Gravimi

360 5028 508 5097 plaga
536 5028 818 5097 indigebat,
852 5032 919 5083 ita
952 5041 1007 5084 ut
1042 5034 1152 5100 ipse
1198 5048 1227 5085 a
1270 5034 1502 5089 facinore
1548 5035 1925 5091 deterreretur.

361 5119 425 5171 Et
454 5120 563 5187 qui,
590 5120 721 5186 aies,
756 5120 854 5174 hoc
878 5121 1075 5189 justum
1119 5124 1203 5187 sit,
1229 5135 1445 5194 propter
1494 5126 1639 5180 illum
1677 5128 1808 5181 alios
1835 5143 1928 5195 pu-

359 5209 503 5263 niri?
526 5209 641 5263 Non
670 5219 885 5279 propter
913 5211 1057 5265 illum
1101 5214 1269 5267 solum
1307 5231 1518 5284 ptenam
1542 5218 1926 5282 sustinuerunt,

360 5301 453 5355 sed
484 5302 768 5357 verisimile
814 5312 897 5357 est
923 5318 1018 5357 eos
1058 5316 1369 5375 cooperatos
1398 5307 1592 5375 fuisse,
1645 5319 1701 5364 ut
1749 5320 1929 5379 postea

360 5394 782 5447 committeretur
801 5394 1062 5463 iniquitas.
1105 5396 1306 5450 Audisti
1333 5398 1473 5451 enim
1515 5413 1671 5468 supra
1691 5400 1927 5470 Scriptu-

363 5499 475 5539 ram
499 5483 762 5540 dicentem
796 5506 810 5541 :
845 5485 914 5541 Ut
940 5486 1165 5540 viderunt
1184 5503 1295 5540 eam
1336 5489 1588 5558 principes
1618 5488 1926 5559 Pharaonis,

364 5576 713 5644 laudauerunt,
764 5587 809 5632 et
849 5579 1233 5633 introduxerunt
1284 5596 1396 5636 eam
1445 5581 1498 5633 in
1544 5580 1747 5634 domum
1799 5584 1929 5651 ejus.

373 5670 584 5726 Vidistis
610 5684 703 5728 eos
724 5671 971 5731 lenonum
1001 5688 1159 5743 agere
1178 5673 1410 5731 officium
1442 5676 1491 5730 in
1515 5675 1652 5747 regis
1678 5676 1925 5747 gratiam,

1309 298 1372 354 IN
1411 300 1559 353 (IAI‘.
1605 297 1717 354 XII.
1759 299 2001 355 GliNl-LS.
2046 302 2270 356 HUMIL.
2316 300 2526 358 XXXII.

3438 300 3539 354 30‘!

1971 415 2259 470 aufert-udo
2280 418 2408 485 justi
2442 418 2695 471 uxorem?
2741 419 3069 486 QuaprOpter
3099 433 3200 470 non
3239 417 3350 488 ipse
3375 420 3569 484 solus,’

1972 506 2063 558 sed
2090 515 2141 559 et
2171 508 2649 561 omnesdomcstici
2676 508 2789 576 ejns
2813 524 2980 576 patrue
3010 508 3215 561 fuerunt
3239 509 3539 577 participes,

1975 609 2031 649 ut
2056 594 2319 650 discerent
2349 613 2406 651 se
2436 613 2538 651 non
2563 600 2611 651 in
2638 600 2969 667 peregrinum
2988 598 3294 667 simpliciter
3313 600 3540 651 furorem

1974 701 2127 738 suum
2158 688 2475 747 excreuisse.
2508 704 2676 756 nejue
2706 690 2756 741 in
2787 686 3053 742 hominem
3082 704 3111 741 c
3148 688 3324 742 medio
3373 689 3548 756 vulgo,

1978 776 2068 830 sed
2100 778 2147 830 in
2173 778 2339 831 virum
2370 779 2699 833 carissimum
2751 781 2877 843 Deo,
2928 779 3013 848 qui
3061 786 3205 833 tanta
3248 779 3396 833 illum
3425 793 3548 832 cura

1980 867 2309 937 dignaretur.
2334 868 2399 921 Et
2423 870 2617 922 idcirco
2651 870 2989 923 acerbissima
3038 884 3192 937 poena
3244 870 3551 922 concutiens

1981 960 2095 1027 ejus
2125 968 2376 1023 mentem,
2405 961 2623 1013 abduxit
2657 976 2686 1012 a
2718 960 2917 1014 nefario
2960 958 3171 1028 ﬂagitio,
3216 960 3449 1013 coercuit
3488 960 3554 1011 ab

1983 1052 2273 1105 irrationali
2304 1054 2535 1118 impetu,
2567 1051 2802 1105 cohibuit
2839 1052 3249 1104 incontinentem
3282 1058 3513 1103 mentem
3538 1090 3551 1110 ,

1981 1142 2215 1211 alligavit
2239 1143 2715 1211 concupiscentiam
2744 1142 3071 1207 indomitam,
3099 1141 3383 1195 refrenavit
3410 1138 3561 1192 furo-

1984 1233 2057 1285 ris
2087 1232 2363 1284 insaniam.

2058 1321 2108 1373 7.
2150 1321 2436 1388 Propterea
2476 1322 2593 1375 vide
2631 1330 2820 1389 quanta
2852 1327 3035 1390 postea
3075 1319 3289 1373 lenitate
3328 1318 3561 1386 loquitur

1989 1427 2082 1466 rex
2108 1454 2124 1479 ,
2155 1423 2411 1484 tyrannus
2448 1412 2535 1467 ille
2567 1413 2757 1482 hospiti
2785 1455 2798 1477 ,
2828 1416 2975 1480 quasi
3006 1426 3137 1480 vago
3164 1409 3521 1466 obambulanti
3544 1449 3557 1468 ,

1988 1503 2071 1557 cui
2103 1512 2155 1558 et
2186 1518 2401 1557 uxorem
2432 1502 2642 1557 auferre
2668 1518 2828 1557 ausus
2857 1502 2972 1557 fuit.
3007 1502 3071 1555 Et
3102 1500 3236 1555 bene
3260 1499 3388 1554 dixit
3414 1498 3560 1553 Scri-

1994 1604 2164 1666 ptura,
2197 1596 2383 1666 Afﬂixit
2426 1594 2746 1648 Pharaonem
2791 1605 2837 1648 et
2880 1594 3085 1648 domum
3129 1595 3235 1664 ejus
3279 1593 3339 1645 ob
3379 1591 3563 1645 Saram

1993 1704 2196 1740 uxorem
2256 1687 2421 1740 Abrw.
2475 1686 2699 1740 Sensum
2746 1687 2793 1740 ei
2839 1699 2992 1754 paena
3035 1692 3243 1752 prtcstat
3270 1722 3285 1746 ,
3330 1680 3467 1749 quod
3498 1680 3564 1731 sit

1995 1777 2289 1845 uxorjusti.
2319 1775 2522 1830 Etenim
2546 1777 2669 1829 etin
2693 1775 2905 1828 donnnn
2931 1770 3220 1827 Pharaonis
3247 1772 3560 1831 introducta,

1996 1871 2189 1924 mansit
2211 1885 2343 1923 uxor
2366 1869 2513 1937 justi.
2540 1870 2626 1924 l8.
2651 1867 2776 1923 Cum
2792 1876 3009 1921 vocasset
3033 1875 3199 1920 autem
3226 1864 3409 1918 Abram
3432 1861 3567 1915 Pha-

1996 1977 2106 2025 rao,
2134 1961 2259 2013 dixit
2286 1961 2365 2013 ei:
2389 1960 2554 2023 Quare
2580 1959 2671 2012 hoc
2695 1959 2857 2027 fecisti
2883 1957 3040 2009 mihi?
3064 1956 3192 2009 Vide
3213 1955 3386 2023 qualia
3410 1952 3568 2007 verba

2000 2067 2093 2105 rex
2116 2050 2385 2121 profatur:
2409 2050 2576 2117 Quare
2592 2050 2683 2103 hoc
2699 2049 2860 2119 fecisti
2880 2048 3002 2100 mihi
3021 2047 3047 2101 ?
3074 2046 3261 2115 inquit.
3280 2045 3459 2114 Egone
3481 2041 3568 2095 tibi

2003 2141 2124 2209 feci,
2156 2145 2245 2209 qui
2275 2141 2581 2210 peregrinus
2605 2181 2617 2200 ,
2648 2140 2736 2208 qtti
2768 2138 2890 2191 nulli
2924 2145 3113 2201 notus,
3145 2136 3233 2204 qui
3260 2142 3474 2204 propter
3501 2132 3572 2183 fa.

2004 2246 2141 2285 mem
2169 2231 2351 2285 adsum
2377 2272 2391 2292 ,
2436 2230 2525 2283 tibi
2560 2230 2701 2298 regi,
2732 2238 2954 2299 tyranno
2976 2269 2990 2291 ,
3021 2235 3074 2280 ct
3112 2225 3390 2294 imperanti
3417 2237 3575 2291 super

2004 2320 2327 2393 Egyptum?
2348 2320 2479 2387 Quid
2506 2319 2603 2373 feci
2633 2320 2722 2372 tibi
2743 2319 2859 2373 ?Tu
2882 2318 3008 2371 mihi
3032 2315 3291 2370 abstulisti
3320 2328 3535 2367 uxorem
3560 2330 3572 2362 :

2005 2410 2141 2464 sicut
2165 2412 2497 2479 peregrinum
2528 2425 2613 2463 me
2636 2408 2939 2476 despexisti,
2968 2404 3355 2472 contempsisti,
3384 2403 3575 2456 nullius

2006 2502 2258 2555 momenti
2288 2515 2373 2554 me
2403 2499 2629 2552 habuisti
2660 2515 2672 2552 :
2705 2498 2922 2552 omnino
2969 2493 3337 2564 intemperanti
3380 2507 3578 2545 concu-

2009 2591 2277 2661 piscentiae
2304 2600 2407 2644 tuae
2435 2592 2760 2658 obsequutus
2787 2603 2845 2643 es
2863 2628 2878 2652 ,
2915 2596 2968 2641 et
2996 2602 3115 2656 quae
3146 2585 3236 2639 tibi
3269 2583 3575 2653 placebant,

2009 2694 2169 2748 opere
2200 2679 2413 2733 volebas
2440 2680 2728 2746 complere.
2758 2678 3017 2742 Quidnam
3042 2689 3169 2743 ergo
3196 2674 3292 2727 feci
3317 2673 3406 2725 tibi
3424 2673 3446 2723 ?
3477 2670 3580 2723 Ma-

2009 2785 2132 2837 gna,
2162 2768 2363 2838 inquit,
2392 2769 2517 2822 mihi
2548 2768 2749 2833 fecisti,
2781 2776 2834 2821 et
2858 2766 3034 2836 gravia
3063 2768 3114 2819 in
3139 2780 3223 2819 me
3249 2762 3578 2818 commisisti.

2014 2859 2146 2912 Vide
2184 2868 2379 2927 quanta
2426 2873 2601 2911 rerum
2643 2856 2995 2911 vicissitudo:
3036 2870 3126 2909 rex
3168 2854 3372 2925 privato
3409 2851 3533 2903 dicit
3567 2868 3579 2901 :

2012 2951 2146 3016 Quid
2172 2949 2341 3005 fecisti
2369 2948 2494 3002 mihi
2523 2948 2546 3000 ?
2579 2949 2763 3012 Deum,
2791 2946 2981 3016 inquit,
3006 2945 3273 2998 inimicum
3307 2942 3431 2995 mihi
3463 2940 3585 2994 red-

2013 3040 2212 3103 didisti,
2233 3040 2361 3093 iram
2382 3042 2498 3107 ejus
2512 3054 2673 3108 super
2696 3052 2780 3091 me
2807 3035 3076 3100 induxisti,
3102 3048 3270 3101 paula:
3295 3031 3583 3085 obnoxium

2016 3147 2100 3185 me
2123 3129 2415 3194 reddidisti,
2444 3128 2612 3183 fecisti
2631 3137 2685 3182 ut
2709 3142 2915 3196 [mnam
2938 3126 3107 3179 lueret
3134 3132 3237 3177 tota
3262 3136 3376 3175 mea
3399 3124 3587 3173 domus

2016 3236 2199 3275 eorum
2226 3235 2344 3290 qua:
2385 3220 2437 3273 in
2478 3228 2529 3273 te
2558 3219 2782 3273 admissa
2813 3227 2954 3272 sunt.
2985 3215 3084 3269 (.‘ur
3114 3215 3208 3268 hoc
3238 3214 3359 3266 mihi
3390 3212 3589 3281 fecisti?

2022 3314 2191 3380 Quare
2222 3328 2321 3365 non
2350 3312 2658 3365 annuntiasti
2685 3310 2808 3362 mihi
2836 3309 2968 3377 quod
3002 3323 3130 3360 uxor
3167 3316 3251 3358 tua
3289 3303 3459 3358 esset?
3499 3302 3585 3355 l9.

2024 3405 2189 3471 Quare
2217 3403 2387 3457 dixisti
2410 3418 2429 3456 :
2454 3402 2611 3457 Soror
2640 3417 2747 3454 mea
2773 3400 2880 3454 est?
2909 3408 2955 3452 et
2980 3397 3150 3468 accepi
3173 3412 3284 3449 eam
3316 3395 3437 3448 mihi
3462 3408 3591 3445 uxo-

2018 3513 2139 3549 rem.
2163 3496 2291 3563 Ego,
2313 3494 2498 3563 inquit,
2523 3492 2669 3562 quasi
2697 3507 2932 3545 sororem
2954 3501 3092 3543 tuam
3114 3487 3353 3541 volebam
3373 3485 3586 3538 ducere.

2022 3587 2088 3639 At
2117 3585 2252 3639 unde
2280 3584 2504 3638 didicisti
2534 3598 2748 3637 uxorem
2779 3596 2897 3636 esse
2921 3580 3089 3648 justi?
3117 3579 3267 3633 Ultor
3302 3584 3459 3629 tanta:
3488 3575 3589 3626 iui-

2022 3676 2234 3743 quitatis
2254 3715 2269 3739 ,
2300 3673 2384 3728 ille
2412 3674 2537 3727 mihi
2569 3689 2681 3725 rem
2714 3672 2974 3725 indicavit.
3003 3669 3105 3723 Cur
3129 3667 3288 3738 fecisti
3316 3665 3438 3717 mihi
3463 3664 3554 3716 hoc
3574 3702 3590 3723 ,

2024 3779 2067 3818 et
2097 3781 2193 3818 non
2214 3765 2446 3817 indicasti
2472 3765 2592 3816 mihi
2611 3763 2745 3833 quod
2766 3778 2894 3816 uxor
2914 3773 3001 3814 tua
3029 3759 3193 3814 esset?
3220 3768 3265 3810 et
3296 3756 3463 3825 accepi
3484 3771 3591 3807 eam

2026 3855 2149 3908 mihi
2176 3855 2274 3924 ipsi
2299 3870 2505 3908 uxorem
2532 3862 2861 3921 peccaturus.
2894 3850 3052 3917 Quasi
3079 3862 3314 3903 sororem
3338 3856 3478 3899 tuam
3504 3845 3594 3895 ha-

2027 3948 2231 4002 biturus
2272 3947 2373 4000 hoc
2414 3944 2528 4001 feci.
2563 3944 2789 3999 Attende
2815 3942 3079 4013 quomodo
3104 3938 3342 4009 supplicii
3368 3937 3595 4006 gravitas

2026 4038 2294 4094 concussit
2319 4036 2437 4105 ejus
2465 4044 2715 4100 mentem,
2748 4036 2818 4087 ita
2848 4041 2905 4085 ut
2930 4041 2984 4087 et
3007 4032 3152 4101 justo
3178 4031 3437 4083 rationem
3469 4025 3591 4078 red-

2028 4131 2216 4195 deret,
2257 4138 2312 4184 et
2348 4143 2505 4183 omne
2528 4143 2650 4197 erga
2679 4142 2799 4181 eum
2830 4125 3122 4180 declararet
3161 4120 3413 4176 officium.
3439 4117 3594 4185 Atqui

2030 4220 2129 4277 nisi
2161 4222 2249 4276 Dei
2276 4219 2460 4275 fuisset
2486 4220 2650 4288 gratia
2677 4260 2692 4282 ,
2716 4233 2835 4287 qua:
2863 4224 3095 4270 mentem
3119 4213 3232 4282 ejus
3257 4208 3560 4265 emollicbat
3580 4247 3594 4267 ,

2028 4321 2082 4367 et
2112 4321 2308 4366 metum
2338 4310 2411 4363 illi
2434 4308 2739 4373 incutiebat,
2767 4320 3097 4374 consequens
3125 4311 3239 4357 erat
3261 4315 3381 4361 cum
3404 4299 3456 4351 iu
3488 4310 3601 4349 ma-

2026 4404 2197 4471 jorem
2241 4400 2476 4454 furorem
2522 4398 2790 4453 inductum
2830 4395 2977 4466 quasi
3023 4395 3359 4460 deceptoretn
3396 4390 3600 4457 justum

2032 4493 2335 4563 punitorum
2366 4491 2560 4553 fuisse,
2601 4499 2653 4543 et
2682 4488 2935 4543 extremis
2962 4484 3273 4539 atl‘ectnrunt
3304 4478 3599 4549 suppliciis.

2030 4584 2100 4637 At
2126 4581 2254 4635 nihil
2280 4581 2466 4634 horum
2492 4578 2612 4634 fecit
2637 4596 2651 4632 :
2680 4580 2839 4632 timor
2861 4576 3004 4632 enim
3034 4573 3274 4644 supplicii
3301 4569 3603 4626 inﬂamma-

2033 4687 2136 4730 tam
2167 4676 2283 4743 ejus
2308 4675 2437 4728 iram
2472 4672 2724 4742 repressit
2749 4679 2803 4724 et
2830 4667 3073 4725 restinxit
3103 4684 3117 4721 :
3149 4664 3287 4720 unde
3312 4678 3472 4717 unum
3504 4659 3604 4712 hoc

2030 4768 2266 4833 curabat,
2290 4774 2348 4820 ut
2365 4780 2488 4835 erga
2511 4764 2711 4835 justum
2731 4761 2998 4816 officiosus
3017 4767 3178 4812 esset.
3206 4753 3440 4810 Rescivit
3458 4750 3601 4804 enim

2034 4859 2244 4912 tandem
2269 4899 2282 4921 ,
2311 4872 2415 4911 non
2444 4871 2561 4911 esse
2583 4854 2832 4925 possibile
2855 4866 2977 4906 eum
3005 4850 3277 4917 vulgarem
3303 4842 3602 4913 quempiam

2031 4963 2191 5013 esse,
2228 4948 2315 5016 qui
2358 4955 2501 5001 tanta
2538 4959 2763 5014 superna
2802 4940 3169 4995 benevolentia
3208 4934 3488 4989 frueretur.
3538 4929 3604 4983 Et

2033 5053 2163 5091 nunc
2203 5052 2315 5090 ecce
2350 5052 2479 5089 uxor
2510 5042 2596 5087 tua
2629 5048 2800 5086 coram
2834 5040 2881 5083 te
2901 5069 2916 5093 ,
2951 5036 3156 5097 accepta
3192 5041 3250 5080 ea
3290 5024 3427 5078 ocius
3456 5020 3600 5075 vade.

2032 5130 2181 5186 Nunc
2202 5171 2217 5195 ,
2247 5128 2451 5198 inquit,
2478 5124 2600 5195 quia
2627 5123 2847 5194 cognovi
2879 5138 2982 5176 non
3012 5134 3131 5175 esse
3156 5131 3394 5173 sororem
3421 5124 3563 5169 tuam
3587 5155 3603 5178 ,

2032 5220 2126 5275 sed
2151 5234 2370 5275 uxorem
2391 5258 2405 5282 ,
2434 5231 2560 5271 ecce
2594 5216 2756 5273 babes
2781 5229 2920 5270 eam.
2952 5212 3133 5282 Neque
3159 5209 3299 5266 enim
3328 5208 3433 5262 ulla
3463 5207 3517 5262 in
3546 5221 3606 5260 re

2032 5310 2302 5378 deturpavi
2327 5307 2627 5377 conjttgium
2655 5317 2910 5369 vestrum,
2941 5317 3111 5372 neque
3135 5298 3334 5371 privavi
3359 5308 3410 5353 te
3441 5311 3610 5353 uxore

2034 5411 2140 5455 tua.
2173 5401 2279 5455 Sed
2303 5415 2415 5454 ecce
2441 5414 2567 5453 uxor
2591 5406 2678 5450 tua
2694 5412 2866 5451 coram
2890 5407 2957 5463 te,
2985 5402 3191 5463 accepta
3213 5408 3271 5446 ea
3296 5390 3432 5443 ocius
3460 5386 3602 5440 uade.

2031 5492 2160 5561 Qua.-
2186 5504 2338 5546 mens
2363 5490 2557 5559 poterit
2581 5487 2736 5559 digne
2762 5502 2883 5558 qua:
2906 5487 3040 5541 facta
3069 5492 3194 5539 sunt
3219 5480 3492 5541 admirari,
3517 5484 3607 5528 aut

2030 5598 2149 5656 qua:
2170 5583 2347 5651 lingua
2370 5579 2681 5637 miraculum
2703 5580 2894 5634 valebit
2913 5577 3199 5638 enarrare?
3220 5574 3406 5629 Mulier
3422 5569 3604 5636 splen-

2041 5677 2159 5735 dida
2198 5677 2362 5733 forma
2392 5674 2549 5733 simul
2574 5688 2691 5730 cum
2718 5672 2833 5729 viro
2862 5671 3111 5744 Egyptio
3130 5711 3147 5737 ,
3179 5680 3232 5723 et
3258 5678 3379 5734 rege
3399 5702 3413 5726 ,
3440 5670 3494 5715 et
3522 5669 3607 5729 ty-
