4020 6136
418 260 515 311 5115
1190 256 1243 310 S.
1286 255 1560 312 JOANNIS
1599 256 2071 314 CllRVSOSTODiI
2112 257 2429 315 ARCHIEI".
2472 259 3005 317 CONSTANTINOP.

413 386 597 437 ranno,
626 380 678 427 01
706 370 782 425 sic
804 370 1009 437 insano,
1030 380 1084 424 et
1110 369 1495 442 incontinenter
1518 369 1708 426 affecto
1730 386 1985 427 concum-

410 465 575 531 licus,
628 464 820 517 intacta
866 461 1152 532 egreditur.
1201 472 1406 519 servata
1431 464 1672 519 castitate
1698 480 1814 519 sua.
1846 466 1989 520 Talia

405 556 567 616 enim.
597 556 732 607 sicut
763 554 904 621 prius
934 552 1039 606 disi
1061 596 1075 616 ,
1110 562 1231 607 sunt
1254 570 1369 624 qua!
1398 570 1427 609 a
1458 557 1566 610 Deo
1591 556 1988 626 dispensantur,

406 664 522 700 iara
545 662 757 715 semper
783 655 835 700 et
863 645 1191 700 admirabilia
1220 663 1233 699 :
1262 656 1315 701 et
1341 647 1552 716 quando
1577 649 1714 717 apud
1748 648 1989 703 homines

403 742 738 806 desperatum
770 749 847 792 est
873 780 887 802 ,
920 748 1044 793 tunc
1071 740 1318 794 invictam
1348 741 1396 794 in
1424 740 1670 795 omnibus
1697 742 1986 811 potentiam

402 848 549 885 suam
599 832 737 885 Deus
776 830 1028 885 declarat.
1081 833 1362 887 Enimvero
1405 833 1537 887 sicut
1584 832 1896 889 admirabile
1936 843 1988 889 et

400 937 577 975 rarum
610 932 723 977 erat
757 922 936 977 videre
958 925 1125 977 virmn
1152 923 1535 979 desideriorum
1564 934 1705 978 stare
1738 926 1787 979 in
1814 926 1988 983 medio

402 1014 628 1067 ferarum
659 1014 676 1083 (
703 1012 837 1067 Dan.
869 1014 989 1085 14),
1017 1024 1069 1069 01
1098 1014 1226 1069 nihil
1255 1016 1383 1085 pati,
1414 1016 1505 1070 sed
1538 1016 1685 1085 quasi
1714 1031 1839 1070 oves
1864 1032 1984 1069 cum

398 1108 881 1162 circumstetissent
904 1150 918 1174 ,
968 1108 1035 1161 ita
1082 1108 1303 1162 illmsnm
1350 1108 1525 1177 egredi
1557 1124 1587 1162 e
1617 1109 1770 1174 lacu;
1799 1119 1848 1162 et
1879 1115 1987 1162 tres

399 1214 594 1267 pueros
635 1199 685 1252 in
715 1199 924 1253 camino
952 1199 1100 1268 quasi
1134 1200 1184 1251 in
1225 1208 1377 1268 prato
1407 1208 1461 1253 et
1490 1200 1539 1253 in
1569 1200 1723 1253 horto
1747 1201 1983 1266 versari,

398 1301 451 1345 et
478 1292 609 1346 nihil
652 1292 719 1346 ab
749 1292 867 1362 igne
897 1290 1016 1345 l:edi
1044 1290 1062 1362 (
1081 1289 1167 1343 Id.
1196 1291 1231 1346 ὅ
1254 1291 1273 1362 )
1296 1333 1309 1353 ,
1342 1291 1434 1346 sed
1483 1293 1660 1363 egredi
1691 1292 1815 1347 inde
1848 1302 1983 1346 tam-

399 1401 557 1452 quam
586 1393 785 1439 statuas
814 1402 826 1439 :
861 1383 1079 1453 perinde
1111 1384 1179 1438 ita
1206 1384 1555 1439 admiratione
1579 1385 1794 1455 dignum
1821 1396 1901 1441 est
1931 1395 1984 1440 et

402 1475 502 1530 hoc
543 1475 784 1543 facinus,
830 1475 969 1545 quod
1009 1474 1138 1545 justi
1189 1490 1322 1530 uxor
1369 1477 1565 1530 nullam
1608 1478 1980 1532 contumeliam

399 1576 616 1635 experta
661 1581 707 1619 a.
732 1581 854 1636 rege
882 1565 1134 1637 Egyptio
1163 1607 1179 1633 ,
1226 1575 1452 1636 tyranno
1480 1607 1495 1632 ,
1552 1568 1937 1637 intemperante
1965 1607 1989 1634 ,

399 1658 590 1710 exierit
627 1658 791 1711 salva.
828 1657 964 1711 Deus
994 1657 1134 1713 enim
1161 1666 1273 1713 erat
1299 1659 1389 1728 qui
1422 1660 1649 1714 faciebat
1677 1660 1854 1714 omnia
1883 1702 1897 1726 ,
1931 1670 1982 1715 ct

399 1747 450 1800 in
480 1747 637 1802 inviis
659 1747 797 1800 viam
818 1747 999 1814 dabat,
1016 1747 1104 1819 qui
1131 1762 1277 1818 spem
1301 1750 1492 1804 bonam
1510 1764 1722 1820 semper
1742 1751 1793 1806 in
1823 1752 1983 1808 rebus

397 1841 684 1909 deploratis
712 1840 903 1895 all'crre
926 1843 1085 1896 valet.
1115 1842 1179 1897 Et
1209 1861 1361 1907 nunc,
1393 1846 1584 1914 inquit,
1612 1862 1721 1901 ecce
1747 1863 1875 1901 uxor
1896 1857 1983 1901 tua

397 1948 565 1985 coram
596 1942 661 1994 te,
690 1943 890 2002 accepta
918 1951 975 1987 ea
1003 1936 1141 1989 ocius
1168 1936 1314 1990 vade.
1346 1936 1421 1991 Ne
1445 1938 1720 1994 existimes
1743 1978 1758 2002 ,
1792 1939 1980 2010 inquit,

399 2034 450 2078 te
475 2040 504 2077 a
534 2025 687 2078 nobis
719 2026 907 2094 injuria
936 2026 1181 2081 affectum
1213 2043 1351 2083 esse.
1390 2028 1521 2082 Nam
1567 2030 1689 2084 licet
1715 2045 1809 2100 per
1835 2032 1983 2100 igno-

396 2118 620 2172 rantiam
648 2119 1085 2174 attenuwerimus
1110 2136 1228 2189 qua:
1271 2120 1404 2174 faeta
1445 2131 1566 2175 sunt
1596 2164 1610 2187 ,
1641 2139 1779 2176 nunc
1806 2134 1978 2177 tamen

397 2224 521 2263 ecce
543 2211 887 2279 cognovimus
910 2227 1068 2281 quem
1093 2211 1291 2267 habeas
1311 2213 1673 2270 defensorem:
1692 2216 1981 2287 indignatio

396 2301 538 2353 enim
564 2316 682 2369 qua:
710 2301 759 2355 in
785 2317 882 2356 nos
910 2301 1131 2358 deszcvit
1154 2344 1167 2369 ,
1201 2303 1380 2359 11001111
1406 2320 1501 2359 1105
1523 2317 1773 2375 quantum
1800 2309 1982 2377 gratia:

398 2390 490 2442 tibi
515 2392 584 2444 sit
613 2392 749 2459 apud
781 2392 948 2446 Deum
976 2394 1234 2448 onmium.
1260 2397 1485 2464 Accepta
1515 2397 1672 2465 igitur
1701 2413 1864 2453 uxore
1895 2408 1980 2453 tua

397 2483 547 2535 ocius
569 2482 718 2537 vade.
739 2483 1014 2539 Terribilis
1049 2496 1227 2554 postea
1247 2498 1361 2541 erat
1386 2489 1464 2543 eis
1479 2488 1673 2557 justus,
1703 2500 1980 2558 prepterea

398 2572 602 2640 magnis
644 2572 832 2627 officiis
865 2588 987 2629 eum
1026 2577 1270 2646 prosequi
1299 2579 1624 2633 contendunt
1653 2621 1670 2646 ,
1711 2581 1981 2650 p‘acantes

400 2666 566 2732 ipsius
610 2665 888 2722 Dominum
931 2677 1150 2739 111-011101·
1188 2684 1250 2726 ea
1295 2685 1414 2740 qua:
1458 2672 1508 2725 in
1564 2671 1711 2725 illum
1754 2675 1979 2728 commi-

397 2763 596 2809 serant.

469 2846 521 2898 8.
558 2846 765 2909 Vidisti,
792 2846 984 2902 dilecte
1007 2890 1020 2911 ,
1052 2858 1305 2918 quantum
1334 2850 1528 2905 bonum
1555 2853 1622 2906 sit
1647 2854 1895 2920 patienthi
1927 2864 1982 2910 et

398 2938 835 3005 perseverantia?
864 2939 978 3005 llic,
1007 2954 1207 3009 qumso,
1242 2958 1445 2996 memor
1466 2952 1581 2998 e.~to
1611 2945 1891 3000 verborum
1919 2947 1982 3001 il-

397 3028 568 3082 lorum
596 3044 714 3097 qua:
744 3030 1040 3099 patriarcha
1066 3031 1275 3087 dicebat
1303 3032 1589 3104 {Egyptum
1616 3035 1979 3106 ingressurus:

398 3118 519 3172 Scio
555 3119 689 3187 quod
727 3121 906 3174 mulier
934 3123 1150 3190 pulchra
1173 3124 1242 3177 sis
1267 3140 1285 3177 :
1314 3126 1541 3193 futurum
1585 3137 1659 3181 est
1695 3128 1896 3199 itaque,
1925 3140 1981 3184 nt

397 3224 511 3260 cum
537 3218 584 3262 te
608 3210 818 3263 viderint
840 3210 1099 3282 ZEgyptii,
1131 3230 1209 3267 me
1231 3215 1432 3283 quidem
1460 3216 1712 3282 occidant,
1742 3230 1790 3274 te
1811 3231 1978 3275 autem

396 3306 609 3350 servent.
632 3297 739 3353 lllis
757 3298 913 3367 igitur
933 3302 983 3354 in
1008 3311 1184 3356 mente
1201 3306 1509 3375 resumptis,
1523 3308 1801 3363 considera
1818 3310 1977 3365 etiam

397 3402 517 3455 qua:
545 3403 685 3443 mine
718 3388 846 3443 fiunt
869 3433 882 3454 ,
914 3399 969 3445 et
1004 3391 1267 3448 admirare
1295 3394 1451 3449 simul
1488 3396 1614 3465 justi
1644 3399 1976 3455 tolerantiam

397 3487 451 3533 et
468 3479 824 3535 misericordis
849 3481 939 3535 Dei
966 3483 1232 3551 virtutem,
1252 3495 1446 3554 quanta
1472 3502 1594 3542 cum
1612 3488 1778 3558 gloria
1803 3490 1980 3547 redire

396 3581 549 3626 curet
567 3571 764 3641 justum
790 3616 804 3637 ,
831 3576 920 3645 qui
948 3590 1068 3631 cum
1099 3583 1245 3631 tanto
1272 3579 1461 3634 timore
1486 3587 1539 3634 et
1566 3589 1709 3635 metu
1737 3591 1977 3638 venerat.

394 3662 484 3718 20.
513 3664 579 3718 Et
608 3667 862 3735 praecepit,
896 3668 1084 3739 inquit,
1118 3668 1322 3725 Pharao
1348 3672 1473 3727 viris
1497 3688 1649 3744 super
1670 3674 1855 3729 Abram
1878 3716 1893 3739 ,
1926 3687 1979 3730 ut

394 3757 512 3810 inde
534 3756 784 3812 deducant
808 3775 959 3825 eum,
987 3769 1034 3815 et
1061 3778 1269 3816 uxorem
1295 3765 1407 3833 ejus
1425 3806 1439 3831 ,
1466 3774 1512 3819 et
1537 3767 1707 3819 omnia
1730 3783 1844 3835 qua
1869 3772 1977 3834 eius

394 3856 536 3899 erant
556 3890 570 3913 ,
598 3858 645 3901 et
678 3848 769 3903 Lat
794 3866 910 3904 cum
950 3868 1026 3905 eo.
1057 3852 1242 3923 Magna
1269 3869 1388 3911 cum
1413 3856 1654 3913 claritate
1681 3867 1734 3913 et
1770 3858 1934 3928 gloria
1959 3899 1973 3924 ,

399 3938 851 4010 locupletatusque
877 3941 1075 3997 divitiis
1105 3943 1243 3998 redit
1262 3944 1439 4012 justus
1465 3962 1478 4000 :
1507 3956 1560 3999 et
1586 3946 1644 4001 111
1671 3946 1860 4002 doctor
1886 3965 1980 4018 per

398 4044 458 4082 ea
489 4044 606 4098 quae
641 4032 979 4099 contigerunt
1005 4073 1017 4095 ,
1050 4047 1157 4086 non
1187 4033 1358 4088 solum
1386 4033 1665 4104 Egyptiis,
1698 4037 1789 4090 sed
1817 4039 1977 4092 etiam

396 4124 642 4177 omnibus
668 4124 755 4193 qui
787 4124 838 4177 in
869 4124 1059 4178 itinere
1088 4132 1275 4187 erant,
1304 4134 1358 4178 et
1389 4110 1450 4179 iis
1476 4126 1566 4195 qui
1609 4127 1659 4180 in
1698 4127 1977 4184 Palaestina

398 4213 720 4266 habitabant.
766 4212 896 4265 Nam
921 4222 1177 4282 quotquot
1204 4213 1445 4268 viderant
1477 4230 1597 4269 eum
1637 4217 1848 4285 quando
1881 4219 1976 4274 de-

396 4302 605 4357 scendit
648 4302 785 4357 fame
819 4311 1035 4356 coactus
1058 4343 1073 4368 ,
1110 4305 1301 4359 timore
1330 4315 1383 4359 et
1413 4315 1641 4360 tremore
1666 4316 1939 4377 correptus
1960 4336 1987 4375 ,ι

394 4409 535 4449 1111110
560 4410 686 4449 vero
708 4394 1017 4451 redeuntem
1052 4410 1174 4450 cum
1204 4406 1346 4452 tanta
1375 4397 1694 4454 claritate-et
1721 4398 1982 4455 facultati-

395 4487 494 4539 bus
528 4495 580 4541 et
619 4486 815 4542 divitiis
838 4528 853 4553 ,
897 4488 1173 4544 discebant
1205 4489 1454 4546 virtutem
1495 4492 1839 4560 providentiae
1882 4492 1976 4549 Dei

392 4592 517 4647 erga
540 4578 708 4632 illum.
742 4578 870 4646 Quis
898 4580 1028 4635 vidit
1053 4582 1341 4652 umquam?
1361 4582 1481 4652 quis
1495 4583 1733 4641 audivit?
1758 4584 1901 4639 Abiit
1924 4595 1981 4641 ut

393 4669 586 4723 laniem
617 4685 766 4724 suam
796 4673 1094 4741 mitigaret;
1126 4682 1182 4727 et
1208 4674 1405 4728 divitiis
1431 4676 1707 4731 abundans
1734 4678 1978 4733 ineliabi-

394 4762 533 4831 lique
559 4777 679 4816 cum
707 4762 871 4831 gloria
904 4761 1058 4819 redit.
1093 4761 1170 4816 Ne
1197 4763 1508 4829 admireris,
1535 4766 1729 4823 dilecte
1751 4807 1768 4834 ,
1800 4784 1865 4824 ne
1897 4769 1976 4824 fa-

392 4864 534 4909 ctum
563 4853 664 4908 hoc
695 4855 763 4908 ita
799 4854 1120 4923 stupendum
1149 4853 1240 4908 tibi
1269 4854 1508 4909 videatur
1533 4874 1545 4909 :
1579 4858 1685 4912 imo
1711 4858 1977 4915 admirare

390 4956 446 4999 et
469 4946 805 5015 obstupesce,
835 4954 887 5001 et
913 4947 1122 5001 celebra
1152 4948 1451 5003 communis
1475 4949 1710 5002 omnium
1739 4960 1977 5006 nostrum

394 5036 601 5091 Domini
647 5040 918 5092 virtutem.
973 5039 1039 5092 Et
1087 5037 1207 5094 vide
1258 5040 1418 5094 etiam
1467 5040 1607 5096 illius
1647 5054 1864 5111 nepotes
1909 5045 1979 5099 ob

392 5128 632 5182 eamdem
663 5129 815 5183 famis
835 5131 1203 5185 necessitatem
1227 5130 1278 5186 in
1305 5131 1593 5202 Egyptum
1615 5132 1975 5198 descendisse,

392 5226 441 5269 et
470 5233 591 5273 eum
616 5220 682 5273 ibi
711 5220 761 5273 in
787 5220 931 5289 gravi
952 5221 1205 5277 servitute
1227 5222 1501 5291 vixissent,
1526 5226 1823 5294 multasque
1854 5241 1975 5295 per-

392 5311 637 5364 tulissent
651 5327 935 5379 temmnas,
955 5313 1287 5370 lacunalibus
1302 5326 1488 5370 auctos
1505 5318 1714 5372 tandem
1731 5318 1975 5374 rediisse.

392 5400 535 5454 Talis
569 5402 708 5455 enim
736 5413 819 5458 est
863 5406 1285 5474 sapientissimus
1331 5408 1466 5462 Deus
1508 5417 1723 5474 noster,
1766 5409 1978 5478 quando

392 5497 643 5563 permittit
677 5498 855 5566 augeri
884 5507 937 5552 et
962 5500 1263 5554 coacervari
1298 5500 1568 5555 molestias
1592 5542 1605 5567 ,
1636 5509 1760 5556 tunc
1786 5502 1977 5556 iterum

391 5588 627 5642 discussa
677 5598 1029 5660 tempestate,
1074 5592 1415 5648 serenitatem
1460 5608 1745 5662 rerumque
1786 5593 1975 5649 miram

393 5679 814 5738 vicissitudinem
841 5682 984 5750 facit,
1007 5682 1206 5740 11000115
1236 5699 1332 5739 1105
1348 5698 1457 5740 suae
1488 5686 1737 5754 potentiae
1767 5688 1975 5753 magni-

3578 268 3682 322 3M

2097 372 2353 428 tudinem.
2374 376 2424 429 1.
2449 374 2467 442 (
2491 372 2617 444 Cap.
2640 377 2744 445 15)
2767 378 2999 430 Ascendit
3026 386 3192 430 autem
3209 378 3394 433 Abram
3422 396 3489 433 ea:
3508 380 3681 451 Λίμν-

2095 474 2201 534 pto,
2224 465 2331 533 ipse
2361 476 2407 520 et
2433 483 2561 519 uxor
2584 469 2691 537 ejus
2714 509 2728 533 ,
2756 478 2802 520 et
2832 468 3000 521 omnia
3023 484 3137 538 qua:
3162 469 3272 539 ejus
3298 482 3440 524 eram
3464 512 3479 535 ,
3512 485 3557 526 et
3588 472 3684 526 Lot

2095 571 2209 608 cum
2250 572 2306 608 eo
2329 597 2344 622 ,
2397 558 2449 610 in
2479 559 2817 611 solitudinem.
2866 558 3173 628 Opportune
3204 559 3290 614 11ζο
3326 562 3447 633 quis
3466 578 3682 617 accom-

2094 649 2321 703 modarit
2352 651 2509 703 verba
2542 650 2628 704 illa
2654 692 2668 716 ,
2702 666 2818 720 qtae
2847 652 3029 707 beatus
3059 652 3222 707 David
3250 654 3314 708 iis
3338 656 3425 725 qui
3453 670 3485 709 e
3511 656 3681 727 Baby-

2094 738 2264 794 lonica
2303 741 2545 795 redibant
2586 742 2891 811 captivitate
2928 742 3176 798 dicebat:
3209 744 3311 808 Qui
3354 747 3601 799 seminam
3626 750 3683 801 in

2097 830 2357 901 lacrymis,
2384 832 2435 885 in
2465 834 2797 888 exsultatione
2825 844 3031 889 metent.
3049 834 3241 890 Euntes
3261 837 3397 890 ibant
3420 848 3466 891 et
3491 838 3680 907 ﬂebant

2095 924 2339 977 mittentes
2358 925 2546 978 sentina
2566 942 2676 978 sua.
2708 925 2967 980 Venientes
2988 938 3154 981 autem
3168 930 3362 983 venient
3377 931 3429 984 in
3451 933 3680 986 015111111-

2094 1016 2248 1083 ιὶοηρ,
2271 1027 2517 1087 gestantes
2537 1018 2822 1083 manipulos
2841 1035 2959 1073 suos
2982 1018 3149 1091 (Psal.
3172 1022 3367 1077 125.5.
3387 1023 3466 1092 6).
3492 1024 3679 1079 Vidisti

2092 1106 2405 1163 descensum
2437 1110 2700 1164 anxietate
2726 1121 2884 1180 atque
2911 1111 3099 1166 timore
3125 1113 3359 1181 plenum,
3390 1114 3676 1171 habentem

2093 1212 2279 1253 secum
2300 1209 2351 1252 et
2379 1200 2563 1253 mortis
2594 1201 2927 1255 formidinem
2951 1201 2974 1255 ?
3004 1202 3131 1257 Vide
3155 1218 3293 1262 nunc
3317 1205 3541 1260 reditum
3569 1209 3679 1261 cla-

2092 1290 2247 1341 ritate
2274 1298 2328 1344 et
2353 1289 2605 1359 dignitate
2646 1291 2809 1346 multa
2847 1282 3212 1362 conspicuum.
3245 1295 3502 1351 Omnibus
3529 1300 3676 1354 enim

2095 1380 2314 1449 posthac
2341 1383 2658 1438 venerabilis
2704 1392 2818 1438 erat
2864 1384 3041 1451 justus
3085 1385 3174 1439 1110
3218 1394 3323 1440 tam
3373 1387 3443 1442 iis
3481 1392 3569 1459 qui
3623 1392 3678 1445 iu

2091 1470 2323 1541 {Egypto
2343 1514 2356 1539 ,
2389 1489 2547 1543 quam
2594 1474 2659 1527 iis
2700 1476 2787 1544 qui
2830 1475 2883 1529 111
2911 1474 3211 1531 Paltestina.
3242 1476 3372 1542 Quis
3397 1480 3537 1533 enim
3569 1498 3684 1534 non

2091 1563 2351 1617 reveritus
2384 1562 2567 1618 fuisset
2593 1581 2713 1618 eum
2742 1568 2831 1635 qui
2860 1567 2939 1619 sic
2964 1581 2993 1619 a
3023 1566 3135 1621 Deo
3160 1568 3455 1623 custoditus
3484 1571 3590 1636 sit,
3622 1583 3681 1627 cl

2092 1661 2287 1707 tantam
2339 1653 2762 1709 benevoltentiam
2806 1658 3169 1726 assequutus?
3209 1657 3486 1715 Neminem
3530 1662 3683 1717 enim

2091 1746 2225 1801 forte
2257 1747 2490 1801 latebant
2516 1762 2599 1813 ea,
2630 1762 2749 1818 quae
2779 1749 2890 1818 regi
2914 1757 2970 1803 et
2994 1748 3177 1803 domui
3204 1751 3320 1820 ejus
3346 1752 3675 1810 acciderant.

2088 1838 2276 1893 Omnia
2302 1841 2441 1893 enim
2474 1840 2610 1895 Deus
2636 1849 2915 1911 propterea
2947 1842 3204 1910 permisit,
3235 1851 3291 1897 et
3316 1847 3675 1916 0005110000-

2088 1940 2338 1985 raverunt
2361 1933 2677 1987 tentationes
2698 1932 2845 2001 justi,
2869 1941 2927 1986 ut
2946 1933 3063 2002 ejus
3088 1935 3337 2002 patientia
3366 1936 3562 1992 clarior
3584 1940 3677 1993 110»

2090 2030 2191 2085 ret,
2216 2031 2269 2076 et
2291 2022 2425 2077 facta
2453 2022 2569 2091 ejus
2597 2024 2647 2077 in
2681 2032 2848 2077 totum
2870 2023 3053 2078 orbem
3082 2024 3504 2095 divulgarentnr,
3533 2030 3681 2084 itaut

2089 2112 2266 2167 nullus
2291 2125 2432 2169 esset
2460 2114 2548 2184 qui
2574 2114 2701 2182 justi
2730 2113 2978 2169 virtutem
3006 2114 3291 2184 ignoraret.

2158 2203 2211 2259 9.
2259 2203 2471 2259 Moralis
2519 2206 2819 2259 exhortatio.
2861 2206 3071 2277 Afﬂictio
3110 2208 3311 2278 signum
3352 2210 3678 2279 providentia

2088 2297 2287 2350 divinte.
2320 2326 2392 2336 —
2417 2296 2664 2363 Vidistis,
2686 2296 2895 2365 dilecti,
2926 2306 3180 2366 quantum
3205 2314 3271 2352 ex
3297 2301 3676 2355 tentationibus

2088 2386 2331 2441 lucrum?
2353 2386 2557 2442 vidistis
2574 2396 2830 2456 quantum
2847 2387 3115 2457 patienth
3135 2390 3449 2459 prazmium?
3470 2390 3674 2447 vidistis

2087 2489 2139 2531 et
2166 2478 2361 2541 virum,
2395 2486 2447 2531 et
2475 2478 2787 2546 mulierem,
2822 2487 2878 2533 et
2900 2493 3105 2545 senem,
3139 2488 3194 2534 et
3222 2481 3472 2547 vetulam,
3506 2498 3671 2551 quao-

2088 2577 2197 2621 tuut
2227 2568 2575 2637 philosophia:
2603 2586 2709 2638 pra:
2739 2584 2798 2625 se
2824 2570 3094 2625 tulerunt?
3122 2580 3375 2641 quantum
3406 2573 3671 2629 Fortitudi-

2088 2660 2173 2713 nis
2198 2700 2221 2725 ,
2242 2669 2495 2729 quantum
2542 2670 2738 2714 mutua:
2777 2660 3075 2716 dilectionis
3095 2702 3110 2725 ,
3140 2671 3394 2732 quantum
3435 2666 3673 2719 caritatis

2088 2752 2354 2805 vinculum
2384 2750 2859 2806 demonstrarunt?
2897 2753 3045 2806 Illum
3076 2768 3264 2808 omnes
3293 2754 3577 2820 imitemur,
3613 2767 3670 2809 et

2087 2860 2375 2915 numquam
2396 2845 2685 2899 tristemur.
2705 2844 2782 2900 Ne
2796 2844 3158 2900 existimemus
3172 2861 3291 2900 esse
3306 2846 3511 2915 signum
3528 2848 3669 2918 quod

2087 2950 2185 2990 nos
2213 2935 2556 3007 dereliquerit
2581 2945 2633 2991 et
2668 2936 2926 3005 despiciat
2954 2936 3210 2991 Dominus
3231 2978 3246 3003 ,
3278 2937 3323 2991 si
3350 2941 3679 2992 tentationes

2087 3031 2239 3086 nobis
2269 3030 2564 3085 inferantur
2597 3049 2611 3085 :
2642 3030 2736 3085 sed
2765 3032 2866 3084 hoc
2906 3030 3191 3084 niaximum
3231 3030 3301 3085 sit
3342 3030 3494 3085 nobis
3534 3032 3669 3086 indi-

2085 3124 2247 3190 cium,
2276 3122 2417 3193 quod
2440 3123 2577 3177 Deus
2603 3123 2768 3176 nostri
2790 3136 2971 3175 curam
2992 3132 3159 3191 gerat.
3188 3122 3318 3175 Nam
3346 3122 3442 3177 etsi
3473 3123 3670 3176 hahea-

2086 3230 2203 3268 mus
2225 3224 2561 3283 peccatorum
2582 3213 2816 3267 sarcinas
2833 3226 2952 3281 qua:
2978 3226 3075 3267 nos
3092 3221 3351 3283 premant,
3379 3214 3670 3281 poterimus

2087 3320 2329 3373 magnam
2355 3304 2660 3373 patientiam
2680 3313 2728 3358 et
2751 3303 3038 3373 gratiarum
3066 3303 3329 3357 actionem
3348 3303 3673 3358 declaranda

2087 3396 2314 3450 leviores
2338 3410 2429 3451 eas
2463 3394 2641 3450 facere
2671 3413 2684 3449 :
2716 3404 2771 3450 et
2808 3394 2851 3448 si
2892 3407 3004 3447 non
3027 3393 3189 3446 multa
3218 3392 3509 3447 habeamus
3538 3409 3663 3464 pce-

2086 3496 2222 3552 cata,
2246 3486 2437 3540 iterum
2463 3484 2645 3554 majori
2676 3484 2911 3538 fruemur
2927 3482 3115 3552 gratia,
3146 3484 3191 3536 si
3213 3494 3364 3552 grato
3389 3483 3565 3537 animo
3587 3493 3670 3537 tu-

2088 3575 2322 3629 lerimus.
2338 3575 2470 3642 Quia
2491 3576 2630 3630 enim
2656 3574 2795 3628 Deus
2819 3584 2999 3627 noster
3015 3572 3246 3627 liberalis
3268 3580 3373 3637 est,
3396 3583 3446 3626 et
3474 3583 3668 3627 nostris

2086 3667 2272 3723 salutis
2294 3682 2474 3722 curam
2500 3667 2636 3736 gerit
2660 3684 2675 3720 :
2702 3680 2765 3721 ea
2788 3665 2856 3720 de
2880 3679 3035 3719 causa
3053 3664 3202 3733 quasi
3220 3665 3415 3718 luctam
3438 3673 3492 3719 et
3512 3680 3667 3718 exer-

2084 3762 2240 3818 cendi
2271 3763 2544 3816 materiam
2582 3759 2733 3813 nobis
2772 3757 3017 3826 pr0ponit
3038 3797 3054 3823 ,
3086 3772 3183 3827 pro
3220 3755 3391 3811 stadio
3421 3765 3471 3810 et
3505 3771 3665 3811 arena

2088 3853 2406 3907 tentationes
2432 3851 2660 3905 inferens
2694 3867 2707 3904 :
2739 3855 2799 3902 ut
2828 3846 2873 3900 si
2899 3849 3037 3919 quod
3066 3856 3302 3902 nostrum
3332 3857 3414 3901 est
3447 3855 3667 3916 praeste-

2087 3960 2225 4013 mus,
2251 3945 2477 4014 largiore
2492 3942 2738 4013 dignetur
2764 3956 2862 3997 nos
2883 3956 2977 3996 sua
3000 3939 3348 4010 providentia.
3371 3938 3522 4005 Quod
3544 3954 3665 3992 cum

2086 4040 2345 4103 sciamus,
2378 4052 2443 4091 ne
2472 4038 2648 4090 tristes
2678 4036 2844 4088 simus
2872 4035 2924 4088 in
2956 4032 3356 4095 tentationibus,
3390 4048 3559 4101 neque
3586 4031 3665 4084 af-

2085 4131 2347 4185 ﬂictiones
2374 4128 2628 4198 gravatim
2659 4112 2891 4181 feramus
2920 4143 2933 4179 :
2966 4124 3059 4180 sed
3087 4133 3141 4179 et
3176 4123 3502 4194 gaudeamus
3526 4163 3539 4188 ,
3573 4139 3667 4177 se-

2084 4221 2314 4277 cundum
2343 4220 2555 4275 beatum
2585 4218 2807 4274 Paulum
2836 4235 2849 4271 :
2884 4216 2934 4270 Ν
2942 4232 3037 4270 unc
3061 4216 3227 4278 enim,
3252 4215 3442 4283 inquit,
3468 4214 3665 4283 gaudeo

2084 4315 2136 4367 in
2162 4312 2507 4384 afﬂictionibus
2530 4310 2651 4364 meis
2672 4309 2806 4378 (Col.
2837 4309 2889 4363 1.
2918 4308 2987 4362 24
3016 4307 3055 4376 ).
3089 4305 3271 4361 Vidisti
3298 4306 3529 4359 animam
3544 4319 3673 4373 gra-
3721 4346 3735 4358 .

2090 4415 2194 4458 tam
2218 4404 2240 4457 ?
2270 4403 2399 4457 Nam
2429 4404 2472 4457 si
2500 4402 2550 4456 in
2575 4399 2949 4457 afﬂictionibus
2973 4396 3255 4468 gaudebat,
3279 4395 3546 4464 quomodo
3573 4409 3671 4466 po-

2089 4500 2188 4552 tuit
2218 4512 2447 4567 unquam
2479 4497 2530 4550 in
2561 4493 2771 4549 tristitia
2810 4491 2976 4546 esse?
3013 4491 3056 4543 si
3100 4503 3219 4559 qua“:
3261 4487 3394 4542 alios
3430 4486 3668 4547 alliciunt

2087 4588 2299 4642 tristitia
2332 4586 2429 4655 ipsi
2461 4584 2666 4655 pariant
2691 4581 2886 4637 laetitia:
2913 4579 3248 4635 occasionem
3275 4617 3289 4641 ,
3316 4577 3517 4647 cogita,
3546 4590 3662 4638 oro,

2086 4679 2143 4733 in
2166 4694 2269 4748 quo
2295 4685 2436 4732 statu
2463 4676 2606 4731 illius
2634 4683 2749 4728 erat
2771 4672 2968 4726 anima.
2997 4670 3063 4724 Et
3087 4677 3146 4724 ut
3172 4668 3348 4722 discas
3372 4682 3477 4721 non
3506 4678 3663 4736 posse

2085 4773 2239 4827 aliter
2262 4785 2360 4826 nos
2388 4769 2647 4839 promissa
2686 4766 2823 4823 bona
2861 4763 3105 4833 assequi,
3136 4770 3193 4817 et
3217 4776 3383 4831 regno
3412 4760 3667 4815 caelorum

2083 4864 2273 4933 dignos
2312 4861 2464 4925 fieri,
2506 4859 2606 4913 nisi
2651 4872 2746 4928 per
2774 4854 3115 4910 afﬂictionem
3142 4852 3304 4906 vitam
3343 4860 3664 4921 praesentem

2084 4964 2438 5016 transeamus,
2468 4950 2588 5005 audi
2620 4949 2891 5017 apostolos
2916 4945 3154 5001 dicentes
3180 4944 3258 4998 eis
3284 4942 3373 5012 qui
3402 4956 3568 5011 nuper
3597 4939 3663 4995 ad

2085 5044 2243 5099 ﬁdem
2288 5043 2533 5099 conversi
2575 5049 2729 5096 erant
2772 5036 2882 5095 εει
2929 5053 3043 5090 cum
3089 5034 3406 5097 docuissent,
3449 5031 3664 5102 inquit,

2083 5139 2287 5202 multos,
2305 5134 2489 5189 reversi
2506 5142 2622 5188 sunt
2637 5130 2890 5202 Lystram,
2914 5137 2958 5182 et
2980 5125 3228 5188 Iconium,
3252 5133 3299 5179 et
3327 5123 3664 5188 Antiochiam,

2081 5229 2247 5282 denuo
2269 5243 2361 5280 con
2365 5227 2624 5295 ﬁrmantes
2640 5225 2833 5278 animos
2853 5220 3238 5290 discipuiorum,
3257 5218 3669 5283 ahartantesque

2083 5328 2138 5372 ut
2165 5326 2533 5389 perseverarent
2557 5316 2610 5370 in
2635 5316 2737 5384 ﬁde
2759 5355 2775 5380 ,
2806 5323 2853 5368 et
2888 5312 3022 5382 quod
3052 5328 3143 5381 per
3168 5309 3353 5363 mutuis
3378 5308 3668 5377 afﬂictione:

2082 5420 2274 5481 oportet
2293 5426 2386 5465 nos
2405 5414 2596 5464 intrare
2611 5406 2664 5461 in
2679 5420 2887 5478 regnum
2908 5404 3148 5457 ctclorum
3170 5402 3302 5469 (Act.
3329 5399 3497 5455 H.2l
3512 5439 3525 5451 .
3546 5398 3663 5464 ΞΩ).

2082 5503 2264 5571 Qualis
2291 5502 2450 5571 igitur
2476 5498 2696 5570 posthac
2724 5496 2828 5551 erit
2858 5494 3010 5549 nobis
3035 5491 3329 5555 excusatio,
3358 5490 3402 5543 si
3434 5489 3667 5544 nolueri-

2084 5609 2202 5649 mus
2230 5606 2488 5662 generose
2510 5605 2572 5644 ac
2599 5589 2804 5643 fortiter
2822 5586 2999 5641 omnia
3033 5582 3172 5638 ferre
3195 5598 3315 5652 quae
3340 5582 3663 5636 inferuntur:

2088 5695 2380 5753 111-1050111111
2423 5680 2655 5735 scientes
2693 5692 2797 5733 non
2839 5689 2996 5747 posse
3021 5673 3175 5728 aliter
3198 5686 3298 5728 nos
3327 5670 3547 5725 salutem
3574 5683 3664 5723 as-
