4020 6136
273 309 381 368 ωδ

274 425 575 498 Δίγυπτίῳ,
630 425 723 480 καὶ
757 423 997 495 βασιλεῖ,
1032 425 1123 478 καὶ
1155 425 1428 496 τυράννῳ,
1485 427 1579 480 καὶ
1623 425 1765 480 οὕτω
1816 445 1944 499 μαι-

273 512 520 583 νομένῳ,
569 512 663 564 καὶ.
715 508 1029 572 ἀκολάστως
1070 508 1400 579 διακειμένῳ
1459 511 1948 577 συγκατακλιθεῖσα

275 596 554 664 ἀνέπαφος
586 593 754 665 ἐξῄει,
784 597 882 664 τὴν
921 592 1126 646 οίκείαν
1161 591 1512 663 σωφροσύνην
1539 592 1797 662 ἀκέραιον
1832 595 1948 647 δια-

272 679 578 749 τηρήσασα.
615 674 848 730 Τοιαῦτα
874 674 1004 747 γάρ,
1041 674 1291 746 καθάπερ
1323 674 1494 746 ἔφθην
1539 677 1729 740 εἰπὼν,
1764 677 1850 729 ἀεὶ
1879 678 1947 731 τά

275 762 427 832 παρά
450 759 545 814 τοῦ
577 758 713 813 Θεοῦ
738 758 1187 829 οἰκονομούμενα,
1219 758 1509 828 θαυμαστά
1530 761 1625 812 καὶ
1648 759 1942 830 παράδοξα.

275 845 386 898 Καὶ
408 843 536 896 ὅταν
561 841 713 913 παρὰ
731 839 842 894 τῶν
863 839 1164 912 ἀνθρώπων
1185 839 1512 912 ἀπογνωσθῇ
1536 842 1604 894 τά
1623 843 1943 912 πράγματα,

271 928 397 981 τότε
425 926 586 988 αὐτὸς
612 925 883 978 δείκνυσιν
919 923 1084 976 αὑτοῦ
1113 923 1214 995 τὴν
1244 925 1455 995 ἀμαχον
1497 928 1554 979 ἐν
1586 929 1758 980 ἆπασι
1781 925 1944 979 δύνα-

271 1026 388 1080 μιν.
417 1009 628 1076 Ὠσπερ
653 1007 763 1077 γὰρ
798 1004 1106 1075 θαυμαστὸν
1131 999 1198 1076 ἦν
1231 1007 1324 1060 καὶ
1357 1007 1690 1078 παράδοξον,
1725 1007 1816 1060 τὸν
1852 1007 1946 1061 άν-

266 1092 373 1164 δρα
415 1091 524 1146 τῶν
568 1089 874 1159 ἐπιθυμιῶν
907 1089 1031 1142 ίδεῖν
1064 1090 1120 1140 ἐν
1152 1089 1302 1159 μέσῳ
1345 1091 1453 1142 τῶν
1487 1090 1688 1164 Θηρίων
1721 1092 1944 1144 ἐκείνων

270 1175 658 1244 κυκλούμενον,
703 1173 798 1225 καὶ
847 1173 1012 1244 μηδὲν
1044 1174 1342 1242 πάσχοντα,
1374 1173 1509 1226 ἀλλά
1548 1173 1799 1243 καθάπερ
1837 1174 1943 1227 ύπὸ

268 1259 560 1330 προϐάτων
593 1257 1146 1329 περιστοιχιζόμενον,
1174 1256 1346 1320 οὕτως
1377 1259 1534 1329 ἀσινῆ
1580 1260 1643 1311 ἐκ
1682 1258 1776 1311 τοῦ
1813 1259 1943 1312 λάκ-

267 1356 367 1392 κου
400 1339 635 1400 ἀνιόντα,
685 1340 781 1393 καὶ
827 1339 953 1402 τοὺς
1004 1341 1152 1410 τρεῖς
1206 1339 1402 1402 παῖδας
1458 1341 1517 1392 ἐν
1570 1343 1637 1411 τῇ
1685 1339 1938 1412 καμίνῳ,

269 1421 522 1492 καθάπερ
568 1423 624 1474 ἐν
653 1420 878 1492 λειμῶνι
917 1422 1011 1474 καὶ
1047 1421 1357 1493 παραδείσῳ
1404 1419 1798 1495 διατρίϐοντας,
1847 1424 1941 1476 καὶ

271 1505 436 1578 μηδὲν
472 1505 576 1559 ὐπὸ
605 1503 700 1558 τοῦ
729 1504 898 1576 πυρὸς
928 1503 1355 1574 βλαπτομένους,
1386 1504 1520 1558 ἀλλά
1547 1505 1802 1576 καθάπερ
1845 1507 1939 1559 ἀν-

262 1588 520 1660 δριάντας
548 1587 720 1651 οὐτως
745 1586 956 1640 ἐκεῖθεν
985 1586 1314 1651 ἐξελθόντας
1343 1587 1434 1640 τὸν
1462 1587 1624 1640 αὐτὸν
1643 1588 1706 1658 δὴ
1739 1587 1939 1660 τρόπον

269 1671 548 1741 θαυμάσαι
576 1669 726 1734 ἄξιον
755 1671 849 1722 καὶ
880 1669 940 1721 τὺ
970 1669 1064 1723 νῦν
1107 1669 1364 1736 γεγονὸς,
1397 1669 1478 1722 ὅτι
1519 1671 1553 1739 ή
1595 1668 1691 1722 τοῦ
1729 1669 1937 1723 δικαίου

262 1749 404 1821 γυνὴ
447 1748 703 1819 οὐδεμίαν
751 1747 910 1820 ὓϐριν
963 1749 1302 1820 ὑπομείνασα
1346 1751 1496 1820 παρὰ
1537 1750 1631 1804 τοῦ
1674 1751 1939 1821 βασιλέως

265 1831 361 1885 τοῦ
392 1831 711 1901 Αἰγυπτίου,
737 1832 828 1885 τοῦ
856 1833 1144 1903 τυράννου,
1166 1831 1261 1885 τοῦ
1283 1833 1606 1896 ἀκολάστου,
1627 1832 1776 1904 ἐξῄει
1800 1833 1934 1891 σῶα.

264 1917 397 1979 Θεὸς
425 1917 534 1987 γάρ
561 1911 628 1986 ἦν
651 1917 678 1968 6
710 1915 778 1967 τὰ
804 1917 982 1968 πάντα
1015 1915 1387 1986 ἐργασάμενος
1405 1955 1420 1979 ,
1447 1918 1475 1969 6
1500 1918 1593 1970 καὶ
1624 1919 1680 1970 ἐν
1709 1917 1936 1988 ἀπόροις

266 2002 433 2073 πόρον
460 2001 652 2063 διδοὺς,
699 1999 794 2052 καὶ
837 1999 906 2052 τά
947 1999 1247 2069 πράγματα
1292 1998 1352 2064 ἐξ
1383 1999 1823 2070 ἀπεγνωσμένων
1857 2002 1936 2064 είς

265 2084 456 2136 ἐλπίδα
483 2081 724 2153 χρηστὴν
753 2081 907 2148 ἀγειν
949 2081 1038 2134 ἀεὶ
1075 2080 1390 2151 δυνάμενος.
1424 2081 1532 2135 Kal
1571 2082 1688 2136 νῦν
1722 2081 1851 2135 ίδοὺ
1895 2083 1935 2151 ἡ

265 2165 420 2238 γυνή
455 2179 572 2218 σου
593 2164 872 2217 ἐναντίον
904 2178 1043 2218 σου*
1081 2162 1285 2217 λαϐὼν
1308 2163 1619 2232 ἀπότρεχε.
1654 2163 1746 2235 Μὴ
1783 2163 1935 2235 νομί-

265 2263 389 2318 σῃς,
430 2247 615 2316 φησὶν,
657 2245 950 2317 ήδικῆσθαί
989 2262 1048 2298 σε
1099 2245 1230 2315 παρ’
1277 2247 1456 2316 ήμῶν.
1493 2247 1557 2299 El
1602 2246 1710 2318 γάρ
1752 2247 1849 2300 καὶ
1877 2248 1937 2312 ἐξ

264 2329 490 2397 ἀγνοίας
521 2329 591 2381 τά
622 2328 722 2398 τῆς
757 2328 1149 2400 ἐπιχειρήσεως
1194 2329 1326 2398 ἡμῖν
1375 2328 1618 2397 γέγονεν,
1661 2328 1775 2382 ἀλλ’
1823 2329 1934 2383 ίδοὺ

265 2417 362 2470 νῦν
392 2415 655 2486 ἔγνωμεν,
691 2410 803 2468 οἷον
835 2415 981 2485 έχεις
1012 2416 1340 2486 προστάτην·
1376 2416 1470 2470 καὶ
1501 2418 1534 2487 ή
1565 2417 1936 2488 ἀγανάκτησις

261 2503 298 2568 ὴ
327 2499 445 2552 καθ’
470 2498 626 2570 ήμῶν
652 2499 919 2568 γενομένη
963 2497 1200 2562 ἐδίδαξεν
1243 2499 1426 2570 ἡμᾶς,
1463 2499 1596 2569 ὅσης
1641 2499 1935 2562 ἀπολαύεις

265 2581 418 2652 παρά
450 2579 544 2634 τοῦ
577 2580 686 2634 τῶν
723 2581 979 2634 ἀπάντων
1021 2579 1157 2632 Θεοῦ
1194 2581 1294 2652 τῆς
1336 2582 1568 2645 εὐνοίας.
1608 2581 1805 2636 Λαϐὼν
1839 2577 1934 2635 οὖν

264 2667 362 2735 τὴν
399 2664 633 2731 γυναῖκά
655 2680 749 2716 σου
777 2663 1067 2733 ἀπότρεχε.
1098 2663 1331 2734 Φοϐερὸς
1361 2665 1546 2717 λοιπὸν
1582 2660 1649 2734 ἦν
1683 2665 1867 2726 αὐτοῖς
1904 2664 1934 2716 ό

257 2749 491 2812 δίκαιος,
528 2745 594 2799 δι’
645 2744 674 2798 δ
726 2747 822 2798 καὶ
875 2745 1013 2815 μετά
1065 2745 1266 2814 πολλῆς
1297 2746 1396 2816 τῆς
1429 2746 1723 2816 θεραπείας
1771 2746 1934 2798 αὐτὸν

267 2829 588 2900 προπέμψαι
616 2828 949 2896 ἐπείγονται,
999 2828 1087 2881 διά
1134 2827 1244 2881 τῶν
1290 2830 1370 2892 είς
1427 2829 1586 2884 αὐτὸν
1636 2830 1935 2900 γινομένων

264 2915 356 2967 τὸν
387 2912 553 2968 αὐτοῦ
580 2911 858 2980 Δεσπότην
890 2909 1387 2982 ἐξευμενιζόμενοι.

334 3013 403 3077 η’.
435 3002 608 3070 Εἶδες,
637 3005 910 3075 ἀγαπητέ.
935 3005 1059 3058 ὅσον
1082 3005 1228 3059 ἐστὶν
1252 3006 1498 3076 ὑπομονὴ
1521 3007 1613 3059 καὶ
1634 3007 1930 3078 καρτερία;

273 3087 538 3142 Ἐνταῦθά
573 3104 662 3157 μοι
690 3088 1110 3158 ἀναμιμνήσκου
1141 3087 1247 3141 τῶν
1272 3091 1533 3159 ῥημάτων
1563 3091 1809 3154 ἐκείνων,
1833 3085 1930 3158 ὧν,

260 3173 338 3225 ὅτ’
390 3169 613 3240 ἔμελλον
670 3169 990 3239 πλησιάζειν
1038 3173 1103 3241 τῇ
1159 3171 1452 3240 Αἰγύπτῳ,
1507 3172 1538 3224 6
1588 3173 1933 3242 πατριάρχης

259 3255 433 3322 ἔλεγε’
475 3252 760 3306 Γινώσκω
787 3253 878 3306 ὅτι
905 3252 1058 3322 γυνὴ
1085 3255 1476 3321 εὐπρόσωπος
1501 3248 1572 3307 εἷ’
1595 3254 1765 3308 ἔσται
1796 3250 1929 3318 οὖν,

257 3338 338 3404 ὡς
363 3337 440 3390 ἂν
472 3336 645 3388 ἴδωσί
667 3350 742 3388 σε
775 3337 829 3388 ol
867 3336 1196 3404 Αἰγύπτιοι,
1232 3335 1339 3403 ἐμὲ
1382 3337 1806 3402 ἀποκτενοῦσι,
1857 3337 1932 3390 σὲ

255 3421 329 3474 δὲ
361 3419 871 3487 περιποιήσονται.
917 3417 1128 3471 Ἐκεῖνα
1159 3419 1338 3471 τοίνυν
1384 3419 1444 3470 ἐν
1492 3418 1700 3490 διανοίᾳ
1748 3418 1929 3472 λαϐὼν

261 3503 452 3556 σκόπει
481 3501 550 3554 τά
585 3500 680 3553 νῦν
716 3501 998 3570 γινόμενα,
1028 3500 1123 3554 καὶ
1166 3499 1413 3572 θαύμαζε
1452 3500 1545 3554 καὶ
1583 3500 1677 3554 τοῦ
1719 3501 1928 3556 δικαίου

259 3585 358 3656 τὴν
395 3582 690 3654 ὑπομονὴν,
722 3583 816 3636 κα)⁵
846 3583 938 3636 τοῦ
970 3582 1356 3654 φιλανθρώπου
1385 3583 1520 3635 Θεοῦ
1541 3582 1639 3653 τὴν
1666 3583 1926 3654 δύναμιν,

264 3668 381 3738 μεθ’
407 3667 540 3737 ὅσης
592 3665 748 3735 δόξης
777 3665 1092 3721 ἐπανελθεῖν
1127 3665 1538 3737 παρασκευάζει
1559 3664 1650 3718 τὸν
1683 3665 1890 3719 δίκαιον
1911 3709 1925 3733 ,

259 3749 352 3802 τὸν
393 3749 529 3818 μετά
556 3749 808 3802 τοσούτου
853 3749 1021 3817 φόϐου
1071 3749 1164 3801 καὶ
1207 3747 1356 3810 δέους
1408 3747 1649 3801 ἐλθόντα.
1698 3749 1804 3802 Kal
1833 3748 1930 3802 ἐν·

261 3832 548 3893 ετείλατο,
565 3830 718 3900 φησὶ,
742 3829 952 3897 Φαραὼ
966 3829 1223 3896 ἀνδράσι
1243 3828 1377 3896 περὶ
1401 3829 1634 3898 Ἄϐραμ,
1661 3843 1930 3898 συμπρο-

259 3913 701 3982 πέμψαιαὺτὸν
745 3914 843 3967 καὶ
885 3912 1000 3980 τήν
1043 3911 1297 3980 γυναῖκα
1324 3911 1547 3976 αὐτοῦ,
1590 3912 1689 3964 καὶ
1732 3911 1929 3965 πάντα

255 3996 376 4049 ὅσα
398 3991 671 4063 ἦναύτῷ,
699 3995 796 4048 xal
843 3993 952 4047 τὸν
1001 3992 1132 4047 Λὼτ
1171 3992 1298 4062 μετ’
1321 3992 1529 4047 αὑτοῦ.
1576 3994 1728 4047 Μετά
1768 4011 1928 4064 περι-

245 4078 484 4146 φανείας
517 4076 698 4130 λοιπὸν
733 4077 952 4146 ἀπάσης
985 4075 1014 4127 6
1045 4075 1251 4138 δίκαιος
1293 4076 1539 4128 ἐπάνεισι
1577 4077 1670 4130 καὶ
1712 4093 1928 4148 περιου-

258 4160 382 4220 σίας
409 4159 627 4229 πολλῆς,
675 4160 768 4212 καὶ
809 4159 1018 4226 γίνεται
1072 4158 1133 4210 οὐ
1192 4159 1352 4228 μόνον
1397 4159 1505 4213 τῶν
1558 4161 1615 4212 ἐν
1667 4161 1928 4232 Αἰγύπτῳ

256 4241 574 4306 διδάσκαλος
607 4241 696 4294 διά
725 4242 830 4294 τῶν
854 4241 1298 4312 συμϐεϐηκότων,
1329 4241 1467 4294 ἀλλά
1512 4242 1606 4296 καὶ
1639 4245 1750 4306 τοῖς
1785 4244 1928 4298 κατὰ

257 4323 356 4392 τὴν
386 4323 502 4377 ὁδὸν
532 4323 724 4388 άπασι,
755 4323 851 4376 καὶ
878 4326 989 4386 τοῖς
1021 4325 1102 4388 είς
1135 4323 1236 4394 τὴν
1269 4323 1633 4394 Παλαιστίνην
1661 4325 1924 4379 οἰκοῦσιν.

257 4409 319 4459 Οἱ
347 4406 457 4476 γάρ
487 4406 687 4466 ἰδόντες
717 4406 900 4469 αὐτὸν,
945 4405 1104 4476 ἡνίκα
1137 4405 1331 4476 κατῄει
1367 4406 1458 4459 διὰ
1481 4407 1581 4476 τὴν
1623 4407 1717 4460 τοῦ
1763 4407 1925 4478 λιμοῦ

256 4495 524 4564 ἀνάγκην,
576 4494 714 4564 μετά
751 4492 916 4561 φόϐου
964 4493 1057 4546 καὶ
1106 4493 1310 4563 τρόμου
1367 4493 1648 4556 κατιόντα,
1697 4496 1792 4548 καὶ
1831 4495 1926 4549 νῦν

259 4577 420 4629 πάλιν
435 4577 495 4630 ἐν
521 4575 758 4646 τοσαύτῃ
787 4576 1116 4646 περιφανείᾳ
1141 4576 1235 4630 καὶ
1261 4579 1550 4648 περιουσίᾳ
1571 4579 1666 4630 καὶ
1688 4579 1922 4649 πλούτῳ,

256 4659 557 4729 ἐμάνθανον
580 4659 682 4729 τῆς
707 4660 837 4730 περὶ
874 4659 1034 4712 αὐτὸν
1059 4659 1154 4712 τοῦ
1183 4659 1318 4712 Θεοῦ
1354 4661 1609 4729 προνοίας
1638 4661 1736 4732 τὴν
1763 4661 1924 4714 δύνα-

257 4761 372 4812 μιν.
407 4743 502 4806 Τίς
530 4739 634 4796 είδέ
662 4761 830 4811 ποτε;
855 4743 935 4807 τίς
973 4741 1240 4815 ἤκουσενς
1283 4744 1518 4814 ’Δπῆλθε
1556 4744 1716 4815 λιμοῦ
1749 4763 1926 4816 παρα-

261 4825 460 4895 μυθίαν
473 4825 754 4897 εὕρασθαιο
770 4829 865 4881 καὶ
885 4827 1113 4881 πλοῦτον
1136 4845 1200 4880 πε
1208 4826 1644 4899 ριϐαλ[λ]όμενος
1661 4828 1925 4894 καὶδόξαν

257 4906 498 4975 ἄφατον,
557 4908 729 4972 οὓτως
760 4909 1139 4981 ἐπανέρχεται.
1176 4909 1267 4980 Μὴ
1318 4909 1597 4982 ξενισθῇς,
1635 4912 1922 4983 ἀγαπητὴ

261 4989 399 5060 μηδὲ
424 4988 575 5061 [3‘29]
609 4989 897 5062 θαυμάσῃς
926 4993 1018 5044 ἐπὶ
1066 4991 1144 5062 τῷ
1174 4993 1440 5061 γεγονότι·
1488 4993 1688 5064 μᾶλλον
1730 4995 1788 5048 δὲ
1829 4995 1924 5048 καὶ

259 5071 562 5145 θαύμασον,
594 5073 690 5126 καὶ
719 5073 1046 5144 ἐκπλάγηθι.
1083 5075 1177 5128 καὶ
1207 5076 1396 5140 δόξαζε
1440 5076 1535 5129 τοῦ
1570 5077 1750 5131 κοινοῦ
1787 5079 1924 5131 πάν-

258 5174 369 5212 των
399 5155 558 5226 ήμῶν
584 5157 856 5210 Δεσπότου
885 5156 982 5228 τὴν
1013 5157 1262 5229 δύναμιν.
1290 5161 1396 5213 Καὶ
1416 5161 1517 5232 ὅρα
1545 5161 1782 5226 καὶτοὺς
1803 5162 1925 5216 τού-

257 5257 354 5295 του
389 5239 707 5306 ἀπογόνους,
744 5239 886 5292 κατὰ
918 5239 1007 5292 τὸν
1059 5241 1221 5294 αὐτὸν
1253 5243 1454 5312 τρόπον
1504 5245 1788 5308 κατιόντας
1825 5246 1925 5316 μέν

258 5326 341 5388 είς
367 5324 639 5392 Αἴγυπτον
670 5323 829 5378 πάλιν
861 5323 950 5376 διὰ
979 5323 1078 5393 τὴν
1121 5324 1365 5395 ἀνάγκην
1393 5326 1485 5379 τοῦ
1517 5326 1698 5396 λιμοῦ,
1739 5332 1924 5382 κακετ.

259 5405 353 5459 θεν
381 5406 560 5468 πάλιν,
588 5405 725 5476 μετά
757 5405 956 5477 πολλὴν
983 5405 1227 5459 δουλείαν
1258 5409 1351 5461 καὶ
1375 5408 1771 5478 ταλαιπωρίαν,
1798 5414 1918 5482 μετ’

256 5490 518 5560 εὐπορίας
541 5490 808 5552 ἀνιόντας.
837 5488 1089 5542 Τοιοῦτον
1121 5489 1230 5561 γὰρ
1261 5489 1570 5562 εὐμήχανος
1598 5493 1627 5545 ό
1649 5494 1923 5562 Δεσπότης

256 5573 286 5624 6
318 5571 603 5643 ἡμέτερος.
641 5573 811 5626 Ὅταν
845 5573 1174 5642 συγχωρήσῃ
1207 5573 1591 5643 κορυφωθῆναι
1639 5573 1708 5628 τὰ
1751 5575 1922 5640 δεινά,

227 5665 234 5670 ·
259 5654 381 5708 τότε
408 5653 570 5708 πάλιν
585 5654 940 5718 διασκεδάσας
952 5653 1043 5707 τὸν
1069 5655 1333 5726 χειμῶνα,
1357 5656 1596 5727 γαλήνην
1609 5657 1924 5727 ἐργάζεται,

267 5738 356 5791 καὶ
392 5736 590 5805 πολλὴν
623 5738 732 5792 τῶν
777 5737 1117 5810 πραγμάτων
1163 5737 1258 5810 τὴν
1283 5735 1604 5811 μεταϐολὴν,
1656 5739 1921 5795 διδάσκων

1403 307 1474 365 ΙΝ
1501 309 1657 366 CAP.
1698 308 1789 365 Xll
1823 307 2068 365 GENES.
2111 307 2342 365 HOMIL.
2382 305 2596 364 XXXII.

2053 427 2201 497 ήμᾶς
2216 425 2317 495 τῆς
2336 425 2499 478 αὐτοῦ
2523 421 2804 494 δυνάμεως
2825 423 2884 476 τὸ
2906 422 3154 496 μέγεθος.
3171 423 3379 491 Ἀνέϐη
3400 423 3468 476 δὲ
3499 425 3722 495 Ἀὅραμ

2048 514 2117 577 ἐξ
2141 514 2456 582 Αίγύπτου,
2489 513 2672 577 αὐτὸς
2696 514 2790 564 καὶ
2825 512 2862 580 ἡ
2885 512 3037 582 γυνὴ
3061 512 3267 577 αὐτοῦ,
3302 513 3399 566 καὶ
3435 511 3629 565 πάντα
3653 517 3724 566 τὰ

2047 594 2253 657 αὐτοῦ,
2274 595 2369 646 καί
2395 593 2524 648 Λὼτ
2541 594 2669 662 μετ’
2696 595 2903 656 αὑτοῦ,
2929 596 3016 660 είς
3033 594 3149 662 τὴν
3173 595 3418 664 ἔρημον.
3438 596 3722 667 Εὐκαῐρως

2047 679 2112 732 ὧν
2127 696 2210 741 τις
2239 677 2498 747 ἁρμόσειε
2517 674 2594 746 τῷ
2621 676 2812 746 δικαίῳ
2829 676 3004 747 τούτῳ
3024 679 3206 730 ἐκεῖνα
3224 677 3292 731 τὰ
3315 679 3556 748 ῥήματα,
3579 678 3722 748 άπερ

2045 763 2081 813 6'
2104 761 2370 831 μακάριος
2395 757 2559 810 Δαυῖδ
2579 761 2691 822 τοῖς
2711 759 2820 811 ἀπὸ
2837 759 2936 830 τῆς
2959 763 3018 813 ἐν
3045 759 3325 813 Βαϐυλῶνι
3345 761 3723 830 αἰχμαλωσίας

2046 843 2430 897 ἐπανελθοῦσιν
2457 841 2662 908 ἐλεγεψ
2683 845 2748 894 Ol
2781 843 3135 910 σπείροντες
3169 843 3239 896 ἐν
3269 843 3604 911 δάκρυσιν,
3650 845 3723 896 ἐν

2045 923 2400 990 ἀγαλλιάσει
2453 923 2736 992 θεριοῦσι.
2767 925 3160 994 Πορευόμενοι
3195 926 3577 993 ἐπορεύοντο,
3619 929 3720 982 καὶ

2045 1008 2298 1061 ἔκλαιον
2314 1005 2660 1071 βάλλοντες
2689 1006 2762 1059 τὰ
2791 1005 3103 1077 σπέρματα
3125 1006 3344 1062 αὐτῶν.
3376 1008 3721 1078 Ἐρχόμενοι

2044 1087 2112 1140 δὲ
2141 1089 2402 1156 ἥξουσιν
2435 1089 2505 1142 ὲν
2536 1088 2926 1158 ἀγαλλιάσει,
2975 1090 3247 1158 αἴροντες
3292 1091 3366 1146 τὰ
3413 1090 3720 1161 δράγματα

2037 1168 2261 1225 αὐτῶν.
2281 1168 2431 1235 Εἶδες
2453 1170 2678 1224 κάθοδον
2703 1171 2914 1239 ἀγῶνος
2951 1171 3044 1225 καὶ
3075 1172 3228 1236 δέους
3254 1174 3717 1246 πεπληρωμένην,

2044 1254 2138 1308 καὶ
2172 1256 2298 1326 περὶ
2329 1255 2495 1309 αὐτοῦ
2526 1254 2620 1308 τοῦ
2653 1255 2884 1308 θανάτου
2914 1255 3004 1306 τὸν
3039 1254 3202 1323 φόϐον
3253 1254 3482 1326 ἔχουσαν
3511 1258 3722 1311 ἐπικεί-

2044 1336 2400 1408 μενον;’¹ορα
2433 1338 2594 1391 πάλιν
2617 1337 2799 1392 ἄνοδον
2817 1338 3174 1407 περιφανείας
3209 1338 3412 1409 πολλῆς
3443 1340 3722 1409 γέμουσαν

2043 1419 2135 1473 καὶ
2157 1419 2558 1491 λαμπρότητος.
2574 1420 2716 1472 Πᾶσι
2735 1420 2842 1488 γὰρ
2862 1419 3046 1472 λοιπὴν
3072 1419 3349 1490 αἰδέσιμος
3365 1417 3434 1492 ἦν
3450 1422 3478 1474 6
3490 1422 3718 1486 δίκαιος,

2039 1503 2135 1557 καὶ
2155 1505 2264 1565 τοῖς
2298 1503 2356 1556 ἐν
2375 1501 2656 1572 Αίγύπτῳ,
2673 1503 2766 1555 καὶ
2790 1505 2900 1566 τοῖς
2936 1504 2994 1554 ἐν
3013 1501 3363 1576 Παλαιστίνῃ.
3380 1504 3477 1566 Τίς
3493 1504 3600 1575 γάρ
3623 1506 3722 1558 οὐκ

2041 1583 2107 1638 ἂν
2127 1583 2325 1655 ᾐδέσθη
2341 1585 2432 1638 τὸν
2446 1583 2618 1648 οὕτως
2637 1583 2742 1637 ὑπὸ
2757 1583 2852 1636 τοῦ
2873 1583 3008 1637 Θεοῦ
3031 1585 3459 1656 φρουρούμενον,
3483 1588 3577 1638 καὶ
3597 1604 3722 1639 τοσ-

2037 1666 2211 1738 αύτης
2246 1666 2564 1738 ἀξιούμενον
2597 1667 2888 1740 προνοίας;
2925 1665 3134 1721 Οὐδένα
3165 1667 3275 1738 γάρ
3307 1669 3435 1731 ίσως
3467 1669 3622 1722 ἔλαθε
3651 1671 3720 1724 τὰ

2040 1751 2120 1813 είς
2134 1750 2226 1803 τὸν
2258 1750 2483 1821 βασιλέα
2501 1751 2783 1819 γεγονότα,
2802 1749 3002 1803 καὶτὸν
3031 1745 3178 1802 οἶκον
3199 1751 3384 1804 αὐτοῦ.
3405 1751 3589 1804 Πάντα
3611 1755 3720 1824 γὰρ

2034 1832 2127 1886 διὰ
2153 1833 2310 1888 τοῦτο
2346 1833 2728 1906 συνεχωρήθη,
2779 1833 2874 1886 καὶ
2921 1831 3009 1886 διὰ
3055 1831 3212 1886 τοῦτο
3256 1836 3417 1904 μέχρι
3467 1836 3720 1892 τοσούτου

2041 1916 2281 1989 προῆλθε
2303 1916 2371 1971 τά
2396 1917 2505 1970 τῶν
2537 1915 2858 1988 πειρασμῶν
2892 1915 2970 1986 τῷ
3003 1915 3218 1988 δικαίῳ,
3247 1917 3333 1970 ἵνα
3361 1918 3452 1971 καὶ
3491 1920 3657 1973 αὐτοῦ
3685 1923 3716 1989 ἡ

2041 2000 2282 2071 ὑπομονὴ
2313 2000 2668 2072 λαμπροτέρα
2709 1999 2954 2069 γένηται,
2989 1999 3097 2066 ,καὶ
3146 1997 3216 2052 τὰ
3265 2002 3396 2070 παρ’
3438 2001 3604 2054 αὐτοῦ
3640 2005 3720 2066 εἰς

2039 2082 2254 2136 ἃπασαν
2291 2082 2544 2153 ἐξενεχθῇ
2578 2082 2676 2154 τὴν
2713 2081 3069 2153 οἰκουμένην,
3116 2083 3212 2138 καὶ
3257 2084 3445 2155 μηδεὶς
3492 2086 3720 2156 ἀνήκοος

2038 2163 2266 2234 γένηται
2299 2166 2398 2236 τῆς
2429 2165 2630 2236 ἀρετῆς
2657 2163 2752 2218 τοῦ
2786 2164 3019 2218 δικαίου.

2107 2245 2174 2302 θ’.
2206 2246 2410 2312 Εἴδετε,
2447 2248 2742 2317 ἀγαπητοὶ,
2769 2248 2890 2302 ὅσον
2922 2246 3031 2299 τῶν
3063 2245 3386 2318 πειρασμῶν
3407 2247 3468 2300 τὸ
3491 2247 3716 2317 act-5960;;

2038 2330 2206 2384 εἴδετε
2238 2332 2336 2402 ὅση
2367 2335 2466 2402 τῆς
2501 2330 2781 2402 ὑπομονῆς
2817 2331 2850 2402 ή
2897 2329 3098 2402 ἀμοιϐή
3125 2347 3139 2396 ;
3169 2331 3338 2384 είδετε
3378 2332 3472 2384 καὶ
3507 2332 3674 2404 ἄνδρα
3701 2373 3716 2398 ,

2038 2414 2134 2468 καὶ
2180 2417 2433 2483 γυναῖκα,
2489 2414 2583 2467 καὶ
2633 2414 2885 2483 γέροντα,
2950 2414 3044 2466 καὶ
3093 2415 3536 2486 προϐεϐηκυῒαν,
3586 2417 3718 2484 ὅσην

2035 2494 2378 2560 ἐπεδείξαντο
2419 2495 2516 2566 τὴν
2551 2495 2896 2565 φιλοσοφίαν,
2951 2497 3084 2567 ὅσην
3119 2496 3220 2568 τὴν
3271 2497 3545 2568 ἀνδρείαν,
3587 2499 3719 2568 ὅσην

2035 2579 2136 2648 τὴν
2197 2579 2325 2648 περὶ
2382 2577 2648 2648 ἀλλήλους
2702 2579 3110 2650 φιλοστοργίαν,
3157 2580 3290 2650 ὅσην
3341 2579 3442 2649 τῆς
3495 2580 3718 2649 ἀγάπης

2035 2661 2125 2713 τὸν
2191 2661 2521 2731 σύνδεσμον;
2584 2661 2788 2715 Τοῦτον
2845 2663 3086 2726 ἅπαντες
3148 2661 3524 2733 μιμησὼμεθα
3551 2704 3566 2728 ,
3623 2664 3718 2716 καὶ

2040 2742 2308 2811 μηδέποτε
2358 2742 2759 2812 ἀσχάλλωμεν,
2825 2743 2962 2814 μηδὲ
3019 2743 3330 2814 νομίζωμεν
3389 2744 3712 2811 ἐγκαταλεί-

2033 2821 2180 2891 ψεως
2209 2819 2350 2876 εἶναι
2390 2823 2484 2877 τοῦ
2525 2823 2661 2876 Θεοῦ
2713 2825 2808 2877 καὶ
2856 2824 2951 2877 τοῦ
2996 2824 3360 2896 περιορᾶσθαι
3415 2827 3717 2896 τεκμήριον

2034 2905 2132 2976 τὴν
2170 2905 2278 2959 τῶν
2317 2905 2638 2976 πειρασμῶν
2686 2906 3006 2975 ἐπαγωγὴν,
3059 2905 3196 2959 ἀλλά
3245 2905 3405 2958 τοῦτο
3458 2906 3716 2977 μέγιστον

2036 2986 2316 3057 ποιώμεθα
2354 2987 2550 3058 μᾶλλον
2577 2988 2777 3057 δεῖγμα
2805 2989 2901 3058 τῆς
2924 2987 3054 3056 περὶ
3075 2988 3224 3058 ήμᾶς
3257 2986 3352 3039 τοῦ
3384 2986 3522 3040 Θεοῦ
3557 2986 3713 3058 κηδε-

2036 3075 2248 3144 μονίας.
2285 3076 2384 3127 Ἂν
2435 3091 2494 3127 τε
2551 3074 2660 3146 γὰρ
2688 3075 3103 3145 ἁμαρτημάτων
3136 3074 3349 3144 ἔχωμεν
3393 3073 3714 3144 ἐπικείμενα

2033 3163 2166 3232 ἡμῖν
2191 3161 2414 3232 φορτία,
2445 3161 2809 3232 δυνησόμεθα,
2841 3161 3042 3232 πολλὴν
3067 3159 3164 3232 τὴν
3192 3160 3469 3230 ὑπομονὴν
3498 3160 3590 3214 καὶ
3617 3161 3714 3225 τὴν

2033 3248 2380 3320 εὐχαριστίαν
2397 3248 2819 3319 ἐπιδειξάμενοι,
2834 3249 3142 3320 κουφότερα
3157 3247 3333 3303 ταῦτα
3353 3248 3708 3319 ἐργάσασθαιο

2033 3336 2098 3390 ἀν
2133 3353 2193 3389 τε
2230 3335 2306 3407 μὴ
2336 3335 2509 3396 πολλά
2537 3335 2750 3406 ἔχωμεν
2799 3337 3195 3406 ἁμαρτήματα,
3239 3334 3404 3389 πάλιν
3435 3336 3530 3388 καλ⁵
3572 3335 3714 3389 οὕτω

2033 3423 2272 3488 πλείονος
2296 3422 2678 3494 ἀπολαύσομεν
2694 3423 2795 3492 τῆς
2821 3421 3027 3477 ἀνωθεν
3047 3421 3280 3486 εὐνοίας,
3301 3423 3350 3475 εί
3374 3423 3711 3493 εὐχαρίστως

2030 3510 2368 3582 ἐνέγκοιμεν.
2404 3510 2686 3580 Φιλότιμος
2721 3509 2830 3581 γὰρ
2862 3508 2937 3562 ὢν
2966 3510 2994 3561 6
3027 3509 3308 3577 Δεσπότης
3351 3511 3380 3561 ὁ
3422 3509 3710 3579 ἡμέτερος,

2031 3599 2126 3652 καὶ
2157 3598 2258 3667 τῆς
2281 3597 2556 3667 ἡμετέρας
2584 3595 2879 3666 κηδόμενος
2906 3595 3204 3665 σωτηρίας,
3237 3595 3328 3648 διὰ
3357 3595 3513 3648 τοῦτο
3543 3596 3710 3650 καθά-

2030 3702 2136 3754 περ
2161 3683 2460 3754 γυμνάσιόν
2509 3699 2562 3735 τι
2617 3683 2712 3736 καὶ
2753 3681 2975 3750 ἀγῶνας
3025 3681 3346 3752 προτίθησιν
3401 3683 3532 3752 ἡμῖν
3590 3684 3710 3735 ἀντὶ

2032 3771 2372 3842 σκαμμάτων
2413 3769 2670 3832 πολλάκις
2721 3767 2823 3840 τὴν
2857 3767 2969 3822 τῶν
3013 3767 3340 3839 πειρασμῶν
3389 3770 3707 3837 ἐπαγωγὴν,

2030 3860 2121 3912 ἵνα
2145 3859 2215 3912 τά
2241 3857 2370 3928 παρ’
2415 3857 2623 3912 ἐαυτῶν
2651 3857 2746 3910 καὶ
2783 3857 2948 3927 ἡμεῖς
2999 3856 3423 3927 ἐπιδειξάμενοι,
3454 3856 3708 3926 δαψιλοῦς

2029 3947 2424 4017 ἀπολαύσωμεν
2457 3948 2556 4016 τῆς
2600 3947 2730 4016 παρ’
2775 3943 2942 3998 αὐτοῦ
2991 3944 3271 4015 προνοίας.
3303 3945 3480 4014 Ὅπερ
3512 3944 3706 4007 εἰδότες

2031 4035 2108 4106 μὴ
2139 4035 2428 4106 ναρκῶμεν
2457 4035 2514 4087 ἐν
2540 4036 2650 4096 τοῖς
2690 4035 3018 4102 πειρασμοῖς
3042 4073 3056 4096 ,
3093 4031 3231 4101 μηδέ
3263 4030 3707 4101 δυσχεραίνωμεν

2028 4124 2088 4176 ἐν
2103 4125 2222 4184 ταῖς
2237 4122 2500 4191 θλίψεσιν,
2533 4121 2671 4174 ἀλλὰ
2700 4121 2794 4174 καὶ
2822 4121 3125 4191 χαίρωμεν,
3155 4119 3296 4172 κατὰ
3325 4119 3416 4172 τὸν
3441 4118 3709 4189 μακάριον

2031 4211 2241 4266 Παῦλον
2261 4228 2276 4243 ο
2317 4210 2447 4266 Νῦν
2475 4212 2603 4283 γὰρ,
2632 4211 2788 4281 φησὶ,
2823 4210 3008 4279 χαίρω
3035 4209 3106 4263 ὲν
3133 4207 3262 4270 ταῖς
3288 4208 3538 4276 θλίψεσί
3555 4205 3707 4278 [330]

2023 4317 2163 4369 μου.
2201 4293 2353 4362 Εἶδες
2384 4298 2562 4370 ψυχὴν
2601 4297 2919 4368 εὐγνώμονα
2946 4313 2960 4361 ;
2991 4297 3054 4350 Εἰ
3081 4295 3190 4367 γάρ
3220 4297 3278 4348 ἐν
3316 4297 3435 4358 ταῖς
3465 4293 3709 4363 θλίψεσιν

2028 4387 2234 4459 ἔχαιρε,
2258 4387 2384 4440 πότε
2407 4385 2636 4457 ὴδύνατο
2663 4383 2836 4448 οὕτως
2855 4385 2913 4437 ἐν
2945 4383 3092 4456 λύπῃ
3121 4382 3376 4452 γενέσθαι
3397 4398 3412 4447 ;
3435 4383 3497 4435 El
3518 4382 3585 4435 τά
3613 4382 3708 4434 ἐπὶ

2027 4475 2135 4527 τῶν
2148 4474 2323 4529 ἄλλων
2339 4473 2610 4526 λυποῦντα
2627 4472 2820 4543 ἐκείνῳ
2835 4470 3174 4542 εὐφροσύνης
3195 4469 3453 4523 ὑπόθεσιν
3474 4467 3703 4532 ἔτικτεν,

2029 4561 2201 4615 ἐννόει
2233 4577 2323 4631 μοι
2355 4561 2454 4630 τῆς
2485 4560 2662 4630 ψυχῆς
2715 4557 2882 4613 αὐτοῦ
2933 4557 3032 4629 τὴν
3065 4557 3423 4611 κατάστασιν.
3478 4556 3588 4609 Καὶ
3620 4556 3710 4609 ἵνα

2031 4647 2208 4718 μάθῃς
2233 4649 2317 4700 ὅτι
2338 4647 2436 4716 οὐχ
2473 4643 2584 4699 οἷόν
2614 4663 2674 4699 τε
2725 4646 2925 4716 ἐτέρως
2958 4645 3066 4698 τῶν
3120 4643 3545 4714 ἐπηγγελμένων
3576 4644 3707 4711 ἡμῖν

2027 4734 2248 4804 ἀγαθῶν
2274 4737 2572 4804 ἐπιτυχεῖν,
2597 4734 2809 4803 καὶτῆς
2829 4731 2938 4785 τῶν
2963 4730 3210 4802 οὐρανῶν
3241 4729 3515 4800 βασιλείας
3545 4727 3706 4792 ἀξιω-

2027 4823 2209 4895 θῆναι,
2239 4825 2288 4877 εί
2319 4824 2394 4894 μὴ
2417 4823 2506 4876 διὰ
2535 4822 2766 4892 θλίψεως
2795 4819 3117 4890 ὀδεύσαιμεν
3166 4817 3263 4892 τὸν
3283 4815 3528 4885 παρόντα
3562 4813 3700 4884 βίον,

2026 4912 2190 4965 ἄκουε
2210 4911 2319 4964 τῶν
2341 4909 2656 4966 ἀποστόλων
2679 4908 2949 4977 λεγόντων
2976 4905 3114 4975 πρὸς
3143 4905 3269 4966 τοὺς
3287 4903 3411 4973 ἀρτι
3437 4903 3502 4972 τῇ
3524 4901 3703 4954 πίστει

2027 5001 2387 5072 προσιόντας·
2428 4998 2534 5054 Kal
2581 4995 3069 5070 μαθητεύσαντες
3099 5031 3114 5054 ,
3151 4990 3317 5061 φησὶν
3352 5029 3366 5053 ,
3426 4990 3699 5054 ἱκανοὺς,

2030 5081 2424 5151 ὑπέστρεψαν
2457 5083 2544 5146 εὶς
2571 5080 2876 5146 Λύστραν,
2906 5075 3005 5130 καὶ
3047 5075 3320 5137 Ἰκόνιον,
3345 5072 3442 5126 καὶ
3487 5075 3700 5126 Ἀντιιςτ-

2024 5182 2218 5235 χειαν,
2255 5161 2732 5232 ἐπιστηρίζοντες
2753 5161 2860 5226 τὰς
2887 5157 3094 5228 ψυχὰς
3115 5155 3233 5210 τῶν
3259 5153 3563 5224 μαθητῶν,
3599 5157 3700 5208 καὶ

2027 5247 2523 5318 παρακαλοῦντες
2540 5243 2816 5313 ἐμμένειν
2841 5241 2916 5310 τῇ
2946 5243 3166 5305 πίστει,
3194 5240 3290 5294 καί
3320 5238 3410 5292 ὅτι
3437 5237 3535 5292 διὰ
3561 5241 3702 5291 πολ-

2025 5330 2154 5386 λῶν
2180 5334 2448 5400 θλίψεων
2471 5329 2563 5385 δεῖ
2589 5326 2748 5398 ἡμᾶς
2771 5324 3070 5381 εἰσελθεῖν
3113 5326 3200 5390 είς
3237 5321 3351 5390 τὴν
3374 5322 3702 5387 ,βασιλείαν

2025 5414 2144 5470 τῶν
2163 5414 2456 5484 οὐρανῶν.
2485 5412 2624 5468 Ποία
2649 5406 2742 5465 οὖν
2763 5408 3025 5478 ἀπολογία
3053 5405 3200 5460 ἔσται
3225 5407 3376 5476 ήμῖν,
3409 5405 3482 5476 μὴ
3510 5403 3697 5474 βουλε.

2027 5496 2211 5565 μένοις
2234 5483 2516 5565 γενναίως
2562 5493 2658 5549 καὶ
2704 5491 2964 5562 ἀνδρείως
3021 5489 3114 5542 καὶ
3152 5487 3488 5558 εὐχαρίστως
3518 5483 3697 5565 πάνγώ⁴

2025 5563 2211 5649 φέρειν
2236 5563 2305 5632 τά
2335 5577 2670 5646 ἐπαγόμενα,
2721 5575 2850 5628 ὅταν
2903 5571 3122 5642 ἴδωμεν,
3174 5571 3256 5624 ὅτι
3305 5565 3427 5621 οὐδέ
3475 5563 3693 5649 δυνατὸν

2023 5648 2226 5730 ἑτέρως
2256 5661 2405 5731 ήμᾶς
2433 5659 2532 5730 τῆς
2555 5657 2826 5729 σωτηρίας
2856 5656 3151 5724 ἐπιτυχεῖν,
3190 5653 3264 5724 μὴ
3314 5649 3517 5731 ταύτην
3549 5648 3696 5731 ὁδεύ-

2030 5729 2226 5805 σαντας
2255 5729 2352 5815 τὴν
2384 5729 2498 5798 ὁδόν
2522 5758 2536 5808 ;
2569 5741 2696 5795 Ὅτι
2725 5741 2832 5810 γὰρ
2863 5737 3013 5792 οὐδὲν
3031 5736 3177 5801 ξένον
3200 5735 3288 5787 καὶ
3315 5730 3498 5786 καινὸν
3523 5729 3694 5789 οὐδεὶς
