4020 6136
1576 104 1597 129 τ

314 168 419 228 307
1058 174 1115 230 S.
1154 174 1429 233 JOANNIS
1453 132 1923 237 CHR‘YSOSTOMI
1964 183 2279 239 ARCHIEP.
2322 185 2855 245 CONSTANTINOP.
3470 194 3574 251 508

312 283 510 352 Bethel,
537 301 691 355 usque
722 286 794 339 ad
819 287 982 341 locum
1022 289 1073 342 in
1099 305 1196 359 quo
1227 291 1367 359 prius
1391 293 1488 360 fuit
1514 293 1885 349 tabernaculum

308 377 441 444 ejus,
485 375 615 430 inter
651 375 824 429 Betltel
859 385 905 430 et
932 378 1061 430 inter
1099 379 1275 449 Agga’,
1318 382 1373 434 4.
1415 384 1484 435 ad
1514 383 1676 436 locum
1707 386 1884 438 altaris

306 467 445 532 quod
477 465 582 519 illic
607 466 854 535 principio
885 469 1072 537 fecerat
1096 484 1116 522 :
1143 482 1188 522 et
1214 471 1457 525 invocavit
1486 475 1556 526 ibi
1584 475 1768 528 Abram
1792 494 1883 530 ’10-.

306 572 418 609 men
452 554 655 608 Domini
684 555 796 610 Dei.
820 556 897 611 Ne
925 568 1303 620 praetereamus
1324 563 1495 620 obiter
1513 581 1574 620 ea
1603 582 1719 636 qua:
1745 568 1879 623 lct-ta

304 654 450 710 sunt,
497 646 589 699 sed
631 646 899 702 discamus
926 662 1070 705 ctare
1102 651 1398 716 divinarum
1425 654 1718 711 Literarum
1760 659 1881 712 diti.

301 737 559 804 gentiam,
591 740 859 804 quomodo
890 742 1022 795 nihil
1045 744 1197 797 nobis
1224 760 1608 815 supervacuum
1638 761 1875 804 narrent.

300 826 490 879 Abram
512 838 697 891 autem,
734 830 921 900 inquit,
955 845 1061 886 erat
1087 837 1223 890 dives
1241 837 1403 892 valde.
1435 838 1727 896 Considera
1767 843 1875 910 pri-

298 930 447 970 mum
488 917 626 972 istud
659 918 830 988 ipsum
874 938 978 976 non
1018 925 1235 993 frustra,
1281 944 1455 999 neque
1496 940 1697 986 temere
1740 933 1876 987 indi-

296 1009 447 1075 cari;
497 1026 597 1068 nec
643 1015 695 1069 in
738 1033 931 1073 vamnn
976 1020 1194 1076 divitem
1243 1038 1383 1077 nunc
1418 1035 1592 1091 vocat,
1640 1026 1689 1079 id
1735 1027 1874 1096 quod

297 1114 561 1169 nusquam
599 1106 728 1162 alias
756 1112 1017 1176 meminit,
1050 1113 1144 1173 sed
1173 1129 1311 1170 nunc
1351 1115 1577 1184 primum
1615 1117 1763 1180 dicit,
1794 1118 1891 1175 di-~

292 1192 461 1251 vitem
504 1193 686 1252 fuisse.
738 1199 912 1269 Quare
959 1203 1059 1258 hoc
1111 1213 1162 1259 et
1200 1222 1356 1275 quam
1406 1207 1476 1260 ob
1514 1208 1772 1262 causam?
1806 1209 1874 1265 Ut

293 1283 469 1339 discas
497 1286 689 1344 divina:
732 1294 1003 1361 sapientia:
1042 1298 1332 1365 solertiam,
1375 1308 1429 1353 et
1454 1315 1565 1354 sua:
1597 1302 1647 1354 in
1672 1307 1868 1369 justum

296 1376 638 1443 providentia:
669 1379 977 1439 immensam
1005 1386 1377 1459 ingentemque
1406 1390 1711 1459 petentium.
1740 1394 1869 1449 Nam

295 1465 384 1528 qui
409 1464 560 1521 famis
582 1473 895 1529 necessitate
921 1477 974 1529 in
997 1476 1282 1549 [Egyptum
1310 1484 1631 1552 peregrinari
1654 1497 1869 1543 coactus

297 1555 412 1618 fuit,
443 1572 509 1611 eo
535 1561 673 1627 quod
704 1567 971 1633 angustias
999 1585 1130 1637 quas
1162 1571 1211 1623 in
1239 1571 1534 1627 Chananwa
1558 1577 1865 1645 experieba-

295 1658 379 1700 tur
409 1651 546 1705 ferre
573 1670 674 1708 non
704 1670 901 1724 posset,
951 1660 996 1714 is
1024 1662 1203 1717 subito
1243 1663 1392 1719 dives
1421 1665 1592 1721 factus
1617 1678 1698 1722 est
1726 1687 1739 1722 :
1770 1685 1887 1743 ncc_

291 1738 602 1806 situpliciter
642 1745 811 1814 dives,
842 1749 933 1804 sed
967 1752 1140 1821 valde,
1185 1770 1289 1809 non
1331 1763 1533 1812 tantum
1564 1760 1863 1828 pecoribus,

290 1829 381 1881 sed
410 1838 464 1884 et
487 1845 704 1901 argento
729 1847 783 1891 et
804 1854 952 1894 auro.

358 1918 410 1970 2.
459 1920 677 1982 Vidistis
713 1939 906 1995 quanta
957 1931 1026 1985 sit
1067 1932 1158 1992 Dei
1205 1936 1579 2003 providentia?
1611 1940 1771 2008 Abiit,
1807 1954 1865 1996 ut

288 2008 517 2076 aliquam
542 2012 692 2070 fatuis
720 2021 1137 2077 consolationem
1166 2026 1445 2089 inveniret,
1477 2039 1530 2083 et
1555 2031 1729 2095 rediit,
1757 2048 1863 2088 non

285 2099 458 2153 Solum
488 2101 624 2158 fame
654 2107 908 2178 mitigata,
940 2112 1032 2167 sed
1063 2124 1117 2167 et
1143 2113 1339 2169 divitiis
1367 2128 1420 2194 et
1460 2118 1716 2175 immensa
1746 2124 1861 2194 διο.

286 2188 359 2239 ria
388 2192 740 2263 Conspicuus;
788 2202 1138 2273 omnibusque
1183 2192 1518 2264 manifestum
1549 2211 1645 2267 fuit
1672 2188 1860 2283 qualis-

285 2294 406 2341 nam
436 2295 579 2338 esset
611 2304 623 2339 :
658 2288 954 2361 deindeqne
981 2294 1295 2351 Chananane
1325 2301 1513 2356 incola:
1540 2303 1665 2371 justi
1697 2307 1860 2361 virtu-

283 2377 389 2427 tem
418 2372 612 2429 clarius
657 2378 971 2449 didicerunt,
1006 2387 1245 2443 videntes
1289 2406 1466 2445 rerum
1513 2397 1857 2452 mutationem

284 2467 389 2512 tam
412 2467 763 2539 repentinam,
793 2480 845 2524 et
873 2474 1028 2528 tantis
1057 2476 1255 2532 divitiis
1279 2479 1579 2536 affluentem
1608 2500 1726 2539 eum
1768 2488 1855 2555 qui

282 2561 339 2605 ut
380 2559 702 2628 peregrinus,
738 2570 789 2615 et
815 2566 965 2633 quasi
1010 2568 1273 2639 fugitivus,
1304 2584 1357 2628 et
1382 2590 1565 2644 vagus,
1599 2577 1652 2631 in
1694 2577 1854 2651 Egy-

281 2654 426 2709 punn
475 2646 838 2709 descenderat.
871 2660 938 2709 At
983 2666 1039 2715 tu
1082 2659 1201 2716 vide
1246 2666 1511 2732 quomodo
1556 2667 1641 2722 hic
1687 2646 1857 2740 neque

281 2737 663 2805 prosperitate,
696 2757 867 2813 neque
917 2746 1218 2805 divitiarum
1263 2752 1531 2810 affluentia
1580 2737 1857 2816 remissior

276 2824 359 2877 vel
408 2828 753 2897 negligentior
791 2835 955 2898 factus
992 2850 1073 2893 est
1127 2855 1149 2897 ι
1200 2843 1292 2898 sed
1346 2844 1538 2899 iterum
1582 2851 1853 2906 contendit

275 2913 340 2979 ad
369 2931 489 2970 eum
519 2919 713 2988 locum,
760 2926 846 2978 ubi
878 2929 1021 3014 prins
1048 2931 1240 3000 fuerat,
1274 2935 1576 3006 priusquam
1607 2940 1658 2994 iu
1687 2941 1851 3014 [Egy-

276 3015 419 3069 ptqu
451 3012 785 3067 concederet.
828 3006 1152 3086 Venit'euim,
1180 3024 1369 3094 inquit,
1402 3028 1453 3081 in
1492 3006 1812 3095 solitudinem
1832 3075 1847 3099 ,

273 3113 426 3163 usque
472 3101 540 3152 ad
586 3102 749 3159 locum
792 3108 875 3161 ubi
907 3114 1045 3179 prius
1074 3116 1171 3185 fuit
1214 3118 1586 3174 tabernaculum
1610 3125 1739 3193 ejus,
1782 3128 1850 3180 ad

273 3188 436 3251 locum
460 3193 636 3247 altatis
661 3198 796 3266 quod
831 3200 946 3266 fecit
986 3203 1051 3261 ibi
1080 3206 1356 3277 principio,
1384 3219 1431 3263 et
1469 3188 1845 3270 invocdvitino-

272 3292 381 3329 utea
404 3278 608 3335 Domini
635 3284 746 3346 Dei.
775 3289 979 3357 COgita,
1008 3293 1252 3361 obsecro,
1281 3308 1535 3367 quantum
1560 3313 1677 3359 erat
1695 3307 1846 3375 quie-

271 3368 416 3467 tis_ct
449 3376 834 3443 tranquillitatis
859 3392 1083 3452 amator,
1130 3397 1182 3440 et
1210 3388 1262 3443 in
1291 3389 1470 3447 divino
1499 3394 1643 3449 cultu
1682 3368 1841 3467 quam

268 3457 502 3513 sedulus.
526 3463 605 3516 Ad
634 3480 752 3520 cum
782 3471 922 3524 enim
948 3472 1144 3543 locum,
1173 3477 1360 3548 inquit,
1389 3484 1632 3548 accessit,
1662 3457 1713 3540 in
1738 3503 1843 3557 quo

270 3548 415 3639 prius
460 3552 625 3609 altare
657 3556 1031 3629 :ndificaverat,
1073 3574 1125 3619 et
1160 3566 1212 3621 in
1257 3584 1362 3639 quo
1392 3586 1585 3629 nomen
1629 3548 1838 3632 Dom-ini

270 3638 621 3735 intoeaverat.
653 3647 789 3703 Ecce
813 3648 922 3718 jam
966 3655 1145 3710 multis
1172 3638 1325 3713 antea
1354 3663 1562 3717 smculis
1606 3666 1839 3735 implevit

266 3725 369 3781 hoc
568 3745 747 3827 postea
784 3753 813 3791 a
846 3740 1009 3795 David
1053 3746 1249 3801 dictum
1280 3759 1361 3804 est
1391 3769 1403 3805 :
1436 3751 1581 3824 Elegt'
1616 3725 1836 3827 abjectus

264 3832 369 3870 esse
391 3819 442 3873 in
469 3822 617 3877 domo
646 3825 743 3881 Dei
785 3832 881 3883 mei
904 3834 1064 3904 magis
1087 3853 1236 3906 quam
1270 3840 1494 3896 habitare
1518 3846 1569 3897 in
1604 3819 1836 3903 taberna-

263 3910 418 4009 culis-
438 3927 751 3980 peccatorum
795 3922 962 3994 (Psal.
994 3928 1081 3981 85.
1114 3930 1225 3999 Η).
1268 3932 1509 3990 Solitudo
1536 3940 1675 3993 enim
1710 3958 1835 4009 pro-

265 4010 379 4079 pter
407 4003 789 4065 invocationem
823 4017 1048 4071 nominis
1077 4019 1166 4073 Dei
1194 4023 1394 4089 gratior
1431 4027 1478 4078 ei
1510 4038 1643 4093 erat,
1674 4003 1833 4102 quam

260 4093 522 4161 civitates.
556 4098 769 4157 Sciebat
806 4112 970 4173 enim,
999 4110 1200 4164 sciebat
1231 4114 1432 4181 utique,
1464 4093 1832 4179 civitatisma-

257 4183 589 4256 gnitudincm
612 4206 715 4244 non
746 4208 810 4247 ex
837 4196 1176 4252 :edificiorum
1225 4202 1633 4277 pulchritmlinc,
1663 4228 1832 4283 neque

258 4288 320 4327 ex
350 4275 541 4349 civium
588 4283 924 4356 multitudine
967 4299 1212 4346 constare
1246 4310 1259 4344 :
1292 4296 1385 4350 sed
1415 4314 1478 4351 ex
1526 4275 1828 4359 inhabitan-

260 4364 387 4418 titnn
417 4367 629 4435 virtute,
663 4383 875 4443 propter
901 4393 1056 4448 quam
1099 4382 1208 4452 ipsa
1253 4386 1484 4443 solitudo
1529 4392 1829 4453 civitatibus

255 4455 464 4523 dignior
491 4459 606 4537 fuit,
629 4480 748 4547 qua;
773 4468 970 4543 virtute
992 4472 1122 4542 justi
1149 4477 1456 4547 ornabatur,
1485 4493 1539 4536 et
1559 4485 1690 4539 orbe
1719 4495 1829 4543 toto

255 4548 502 4616 l'ttlgidior
526 4565 657 4625 erat.
690 4559 742 4612 5.
778 4559 842 4613 Et
870 4561 981 4643 Lot,
1010 4566 1197 4635 inquit,
1225 4571 1310 4639 qui
1344 4589 1458 4627 cum
1486 4576 1669 4630 Abram
1700 4579 1822 4646 ibat,

246 4822 422 4887 multa,
454 4835 505 4901 et,
538 4844 636 4895 non
666 4841 897 4905 poterant
920 4834 1144 4906 habitare
1170 4839 1340 4897 simul.
1382 4841 1496 4899 Non
1522 4848 1693 4902 solum
1723 4867 1820 4919 pa.

246 4912 492 4994 triarcbge
543 4917 818 4993 facultates
864 4934 1033 4979 auctae
1075 4936 1218 4991 sunt,
1251 4930 1343 4997 sed
1372 4930 1439 5009 ζῐι
1469 4932 1597 5003 Lot,
1626 4912 1816 5008 inquit,

242 5014 383 5056 erant
421 5022 553 5078 oves,
586 5021 632 5079 et
661 5011 825 5089 bones,
870 5023 916 5066 et
943 5032 1141 5084 pecora.
1175 5019 1331 5091 Forte
1361 5024 1548 5091 partim
1580 5026 1775 5083 Abram
1797 5072 1814 5098 ,

242 5104 422 5162 utpote
451 5098 700 5183 liberalis,
726 5103 811 5167 illa
840 5103 939 5158 Lot
960 5104 1136 5161 fratris
1161 5108 1267 5162 filio
1291 5110 1599 5188 donaverat,
1622 5121 1813 5187 partim

237 5186 328 5238 alii
356 5187 610 5263 dederant
639 5193 689 5270 in
722 5197 1033 5277 patriarchae
1058 5201 1301 5280 gratiam.
1343 5186 1407 5257 Et
1435 5223 1533 5265 non
1564 5186 1809 5281 capiebat,

241 5278 427 5360 inquit,
455 5297 538 5334 eos
567 5293 719 5347 terra,
738 5276 853 5369 erat
880 5291 1067 5369 quippe
1105 5276 1387 5351 substantia
1429 5314 1602 5368 eorum
1626 5276 1808 5356 multa.

242 5372 372 5447 Vide
418 5376 684 5447 qumnodo
724 5380 1029 5462 facultatum
1076 5385 1227 5454 copia
1283 5389 1462 5442 statim
1509 5405 1664 5447 causa
1713 5395 1807 5449 fuit

234 5466 584 5535 separationis
613 5485 627 5521 :
653 5456 1133 5553 divisione-areum
1164 5488 1434 5546 operatur,
1465 5482 1804 5539 concordiam

230 5561 473 5634 impedit,
502 5573 559 5649 et
585 5568 1209 5657 cognationis'vincttlumi
1249 5569 1466 5653 dirimit.
1495 5573 1540 5627 7.
1569 5575 1637 5633 Et
1668 5576 1808 5645 facta

1994 308 2065 350 est
2092 314 2259 366 pugna
2280 298 2407 351 inter
2428 308 2651 366 pastores
2672 318 2907 370 pecorum
2935 304 3095 370 Abire,
3123 314 3169 359 et
3194 304 3323 360 inter
3347 320 3577 376 pastores

1990 387 2104 440 Lot.
2134 386 2409 442 Chananwi
2455 401 2621 443 autent
2662 400 2711 443 et
2759 389 3027 454 Pherezrei
3066 404 3183 448 tunc
3225 397 3573 455 inhabitabant

1989 486 2194 532 terram.
2218 480 2448 534 Attende
2474 480 2741 548 quomodo
2766 496 2963 551 genere
2987 486 3197 549 cognati
3226 488 3573 546 discessionis

1989 568 2193 621 initium
2222 569 2442 625 faciunt.
2474 570 2608 624 Hinc
2651 571 2791 625 enim
2822 588 3038 641 semper
3062 577 3241 633 omnia
3271 580 3409 637 mala
3453 584 3572 646 pul-

1988 657 2172 721 lulant,
2204 674 2231 710 a
2263 659 2575 714 famulorum
2609 662 2864 731 nequitia.
2896 662 3054 716 Facta
3081 677 3154 718 est
3177 669 3341 732 enim,
3376 671 3568 738 inquit,

1986 764 2153 818 pugna
2175 750 2306 801 inter
2332 759 2575 817 pastores.
2603 750 2664 804 Hi
2687 751 3035 806 dissensionis
3064 758 3398 812 occasionem
3424 776 3567 831 prae-

1985 839 2231 905 bnerunt,
2260 840 2293 893 ii
2321 842 2663 896 concordiam
2690 842 3030 909 dirimebant,
3054 846 3089 898 ii
3112 846 3330 905 multam
3355 865 3564 904 tuorum

1985 928 2376 998 improbitatem
2423 945 2533 998 prie
2583 946 2643 986 se
2689 932 2950 987 ferebant.
2997 935 3273 991 Chananan'
3315 952 3479 994 autem
3519 953 3564 995 ct

1988 1021 2243 1076 Pltereztei
2282 1035 2398 1078 tunc
2436 1024 2778 1078 inhabitabant
2819 1036 3022 1080 terram.
3062 1029 3237 1095 Quare
3283 1032 3560 1087 nobishoc

1981 1116 2334 1183 significavit?
2362 1116 2621 1182 Quoniam
2652 1117 2879 1182 dixerat,
2929 1118 3048 1173 Non
3072 1121 3298 1190 cupiebat
3324 1140 3405 1177 eos
3426 1135 3559 1179 terra

1979 1216 2032 1256 ut
2080 1205 2363 1262 habitarent
2404 1209 2572 1273 simul,
2625 1223 2840 1263 causam
2888 1225 3099 1280 quoque
3144 1215 3339 1271 docere
3394 1217 3556 1273 voluit

1952 1286 1953 1289 “
1978 1294 2153 1376 divina
2187 1296 2479 1366 Scriptura,
2512 1298 2630 1354 ideo
2656 1314 2753 1354 nos
2777 1315 2969 1371 capere
2996 1316 3100 1356 non
3131 1304 3387 1372 potuisse,
3418 1322 3546 1376 qtto-

1978 1374 2314 1442 niam'adhuc
2338 1404 2367 1442 a
2394 1390 2637 1458 gentibus
2667 1390 2766 1444 illis
2797 1401 3158 1462 pneoccupata
3188 1404 3319 1448 erat.
3355 1395 3550 1452 Verum

1978 1492 2075 1532 nos
2125 1478 2424 1549 religiosam
2456 1481 2771 1548 patriarcha:
2796 1491 3049 1537 mentem
3095 1483 3389 1551 videamus,
3422 1504 3552 1557 quo-

1976 1569 2135 1622 modo
2161 1585 2253 1624 sua
2288 1572 2505 1625 lenitate
2545 1588 2857 1627 exarsurum
2890 1574 3192 1628 incendium
3238 1577 3548 1646 resnnguat.

1972 1659 2023 1713 8.
2060 1659 2198 1712 Dixit
2222 1670 2407 1726 autem,
2440 1661 2627 1731 inquit,
2649 1662 2834 1715 Abram
2855 1663 2923 1715 ad
2948 1661 3045 1715 Lot
3074 1679 3094 1717 :
3118 1680 3181 1717 ne
3206 1665 3271 1717 sit
3294 1668 3405 1718 rixa
3421 1668 3551 1722 inter

1971 1767 2049 1803 me
2073 1763 2117 1805 et
2135 1763 2201 1818 te,
2226 1762 2274 1805 et
2302 1754 2430 1805 inter
2457 1762 2681 1822 pastores
2706 1770 2840 1809 meos
2865 1763 2912 1807 et
2948 1762 3081 1821 tuos,
3109 1755 3228 1824 quia
3254 1760 3440 1823 fratres
3463 1775 3550 1811 su.

1950 1858 2081 1902 ,mus
2119 1860 2230 1895 nos.
2259 1842 2393 1897 Vide
2431 1844 2689 1912 insignem
2732 1844 3066 1910 modestiam,
3098 1845 3219 1901 vide
3267 1848 3550 1907 sublimem

1971 1934 2376 2004 philosophiam.
2408 1936 2587 1991 Attale
2629 1947 2682 1991 et
2728 1936 2983 2006 dignitate
3023 1939 3204 1993 senior
3246 1940 3499 2009 juvenem
3529 1983 3542 2005 ,

1969 2024 2143 2080 fratris
2176 2026 2338 2080 lilium
2373 2027 2587 2082 fratrem
2630 2030 2880 2097 appellat,
2907 2039 2961 2083 et
2989 2030 3040 2083 in
3068 2030 3327 2095 eamdem,
3364 2033 3413 2084 iu
3443 2048 3546 2102 qna

1967 2117 2082 2186 ipse
2102 2127 2235 2185 erat,
2262 2118 2571 2187 dignitatem
2595 2119 2792 2186 evehit,
2824 2120 3061 2189 nihilque
3089 2123 3263 2178 minus
3286 2124 3357 2178 illi
3385 2139 3542 2192 quam

1966 2209 2063 2263 sibi
2099 2209 2281 2263 tribuit
2309 2227 2323 2264 :
2351 2210 2445 2265 sed
2472 2210 2599 2265 dicit
2629 2228 2642 2265 :
2673 2210 2757 2265 Ne
2788 2212 2852 2265 sit
2888 2213 3001 2266 rixa
3025 2215 3154 2267 inter
3182 2231 3260 2268 me
3289 2224 3337 2268 et
3366 2227 3430 2280 te,
3459 2217 3539 2270 in.

1962 2306 2038 2354 ter
2085 2310 2306 2370 pastores
2346 2318 2478 2355 meos
2522 2312 2567 2355 et
2615 2312 2747 2357 tuos.
2779 2302 2996 2374 lndigne
3024 2306 3167 2359 enim
3216 2305 3318 2361 hoc
3347 2306 3497 2361 fieret
3522 2351 3537 2371 ,

1966 2392 2154 2462 inquit,
2210 2395 2457 2463 quoniam
2515 2394 2707 2450 fratres
2760 2412 2964 2451 smnus.
3022 2398 3211 2454 Vidisti
3265 2402 3539 2469 quomodo

1960 2488 2200 2556 Apostoli
2217 2485 2603 2561 Iegemimplet,
2629 2502 2746 2556 quae
2773 2487 2901 2542 dicit
2932 2506 2944 2541 :
2972 2488 3091 2541 Jam
3110 2490 3310 2558 quidem
3335 2494 3538 2546 omnino

1962 2571 2199 2628 delictum
2224 2575 2279 2629 in
2318 2576 2455 2630 vobis
2491 2584 2594 2643 est,
2637 2578 2771 2647 quod
2807 2577 3007 2648 judicia
3052 2579 3243 2633 habetis
3284 2581 3414 2635 inter
3454 2597 3539 2638 vos

1960 2662 2187 2717 invicem.
2217 2663 2321 2719 Cur
2349 2682 2448 2719 non
2499 2668 2666 2736 potius
2715 2669 2956 2737 injuriam
3003 2671 3283 2740 patimini?
3306 2688 3397 2725 cur
3436 2690 3536 2727 non

1960 2754 2125 2820 potius
2154 2756 2394 2808 damnum
2423 2757 2651 2826 accipitis
2671 2758 2696 2810 ε)
2724 2757 2751 2809 1
2760 2774 2839 2810 mo
2869 2776 2953 2813 vos
2996 2761 3235 2823 iniuriam
3259 2762 3442 2831 facitis,
3489 2776 3534 2818 et

1958 2845 2237 2915 fraudatis,
2266 2846 2415 2916 idque
2441 2846 2622 2915 fratres
2659 2849 2734 2917 (l.
2765 2850 2881 2903 Cor.
2913 2850 2965 2903 6.
2997 2850 3050 2904 7.
3097 2848 3174 2921 8).
3211 2851 3332 2906 Haec
3356 2855 3531 2907 omnia

1955 2937 2206 3004 operibus
2250 2937 2476 3006 itnplens
2500 2938 2801 3006 patriarcha
2827 2939 2961 3011 dixit
2992 2956 3005 2993 :
3039 2939 3121 2994 Ne
3146 2941 3210 2994 sit
3255 2943 3367 2994 rixa
3405 2944 3532 2998 inter

1954 3042 2032 3080 me
2059 3036 2107 3080 et
2134 3037 2200 3093 te,
2231 3038 2276 3080 et
2302 3028 2430 3081 inter
2455 3038 2680 3097 pastores
2709 3047 2842 3086 meos
2872 3042 2916 3084 et
2946 3042 3079 3095 tuos,
3107 3034 3345 3102 quoniam
3373 3036 3531 3088 homi-

1953 3135 2039 3173 nes
2088 3120 2269 3188 fratres
2321 3136 2414 3174 nos
2459 3136 2653 3175 sumus.
2698 3120 2833 3189 Quid
2887 3122 2987 3176 hac
3033 3123 3206 3179 anima
3255 3124 3531 3194 pacatius?

1954 3211 2181 3265 Proinde
2211 3226 2315 3267 non
2360 3210 2579 3277 frustra,
2610 3227 2707 3266 nec
2752 3212 2869 3266 sine
2900 3227 3059 3266 causa
3099 3214 3364 3283 principio
3386 3214 3529 3271 dice-

1951 3300 2095 3367 bam,
2119 3317 2239 3356 eum
2262 3317 2446 3356 amore
2471 3303 2663 3371 quietis
2690 3313 2743 3356 et
2765 3302 3164 3373 tranquillitatis
3188 3305 3523 3362 solitudine»:

1949 3390 2079 3446 locis
2105 3390 2467 3461 frequentibus
2494 3393 2807 3461 pra-tulisse.
2835 3392 3063 3448 Attende
3090 3394 3229 3446 enim
3259 3396 3525 3463 quomodo

1947 3492 1996 3538 et
2032 3498 2172 3537 nunc
2209 3482 2399 3536 videns
2445 3493 2686 3553 pastores
2728 3482 3035 3550 confligere,
3067 3483 3244 3538 statim
3293 3485 3345 3537 in
3376 3486 3525 3541 initio

1947 3588 2117 3635 teutat
2141 3578 2474 3647 restinguere
2518 3578 2818 3632 incendium
2848 3578 2989 3649 quod
3031 3588 3338 3647 erupturunt
3367 3589 3520 3648 erat,

1944 3678 1998 3722 et
2035 3668 2431 3731 contentionem
2477 3668 2648 3723 sedat.
2684 3669 2916 3723 Debebat
2961 3670 3103 3723 enim
3156 3670 3290 3740 ipse,
3339 3682 3521 3740 utpote

1943 3759 2190 3813 omnibus
2226 3759 2522 3815 Palaestina:
2560 3759 2746 3813 incolis
2772 3761 3048 3827 sapientiae
3076 3760 3262 3815 doctor
3289 3762 3478 3817 missus
3501 3805 3515 3824 ,

1942 3849 2137 3907 nullam
2165 3849 2460 3905 oil‘endiculi
2504 3849 2634 3912 dare
2660 3851 3019 3917 occasionem,
3050 3851 3129 3904 vel
3158 3867 3341 3905 ansam
3386 3867 3514 3907 con-

1941 3941 2152 4007 cedere,
2177 3940 2268 3995 sed
2314 3956 2521 3995 morum
2552 3941 2771 3997 lenitate
2812 3942 2935 3997 tuba
2961 3942 3156 3996 clarius
3184 3958 3370 3996 omnes
3396 3959 3518 3998 eru-

1941 4031 2075 4096 dire,
2110 4041 2163 4086 et
2182 4048 2291 4085 suae
2312 4032 2523 4086 virtutis
2550 4031 2723 4087 facere
2747 4033 3065 4087 imitatores.
3101 4033 3181 4087 Ne
3206 4034 3292 4100 sit,
3325 4035 3511 4103 inquit,

1939 4122 2050 4175 rixa
2078 4124 2208 4176 inter
2235 4138 2313 4177 me
2327 4134 2373 4177 et
2398 4134 2464 4189 te,
2487 4124 2615 4178 inter
2640 4133 2865 4194 pastores
2888 4141 3022 4178 meos
3049 4135 3095 4178 et
3121 4136 3251 4191 tuos,
3277 4127 3514 4195 quoniam

1938 4214 2162 4266 homines
2191 4216 2371 4283 fratres
2398 4230 2594 4268 sumus.
2626 4214 2785 4270 Multa
2818 4215 3100 4271 verborum
3132 4215 3340 4280 lenitas,
3372 4214 3513 4270 Inter

1937 4319 2017 4356 me
2039 4312 2085 4356 Cl
2115 4313 2179 4356 te.

2005 4395 2058 4449 3.
2094 4395 2237 4450 Rixa:
2267 4403 2313 4449 et
2339 4396 2676 4450 contentiones
2699 4396 2937 4450 vitanda.
2957 4425 3027 4437 -—
3050 4396 3337 4451 Considera
3374 4412 3508 4468 quo-

1936 4485 2093 4538 modo
2123 4485 2171 4539 ei
2204 4485 2433 4555 loquitur
2460 4500 2558 4541 ceu
2602 4486 2802 4542 honore
2839 4488 2951 4556 pari
2982 4503 2996 4550 ;
3040 4488 3283 4566 quamvis
3319 4489 3509 4558 opinor

1933 4591 2040 4630 non
2061 4575 2273 4630 aliunde
2298 4577 2443 4630 rixas
2468 4576 2628 4631 fuisse
2647 4586 2889 4644 exortas,
2916 4593 3075 4648 quam
3097 4578 3241 4646 quod
3267 4590 3509 4647 pastores

1931 4668 2248 4735 patriarcha:
2294 4683 2400 4722 non
2428 4670 2768 4736 permiserint
2796 4671 2899 4725 illis
2927 4670 3114 4727 eadem
3141 4672 3351 4726 licentia
3379 4672 3502 4738 frui,

1929 4776 2031 4829 qua
2063 4761 2182 4830 ipsi.
2227 4760 2331 4816 Sed
2371 4762 2546 4831 justus
2573 4762 2901 4831 aequabiliter
2937 4764 3113 4818 omnia
3152 4764 3298 4832 facit,
3334 4766 3504 4833 speci-

1927 4866 2049 4906 men
2081 4852 2324 4921 przebens
2368 4852 2656 4908 eminentis
2703 4867 2814 4907 sua:
2860 4854 3150 4922 patientiae,
3199 4870 3262 4909 ac
3304 4856 3505 4910 docens

1927 4958 2032 4995 non
2074 4951 2275 4997 tantum
2306 4953 2617 5013 praesentes,
2646 4945 2739 4999 sed
2781 4954 3022 5012 posteros
3065 4946 3225 4999 etiam
3268 4961 3456 5001 omnes
3481 4986 3501 5013 ,

1924 5048 2211 5104 numquam
2262 5050 2384 5090 esse
2432 5035 2839 5097 admittendum,
2895 5045 2953 5089 ιιι
3001 5037 3167 5091 nostri
3210 5036 3498 5091 familiares

1919 5139 2043 5181 cum
2095 5126 2350 5195 proximis
2396 5126 2742 5181 contendant.
2796 5125 2928 5180 Nam
2990 5142 3176 5181 eorum
3230 5130 3502 5183 contentio

1920 5229 2165 5283 magnam
2191 5214 2342 5269 nobis
2384 5214 2536 5271 affert
2577 5215 2940 5284 ignominiam,
2971 5225 3026 5270 et
3058 5231 3161 5269 non
3192 5217 3294 5271 illis
3325 5218 3498 5286 impu-

1921 5316 2098 5360 tantur
2122 5322 2240 5375 qua:
2267 5306 2419 5370 ﬁunt,
2445 5307 2538 5361 sed
2569 5310 2621 5360 in
2650 5324 2745 5361 nos
2772 5309 3091 5362 transfertur
3128 5308 3493 5374 reprehensio.

1918 5395 2196 5462 Quomodo
2234 5396 2377 5449 enim
2418 5397 2609 5451 rationi
2654 5407 3072 5452 consentaneum
3115 5397 3202 5461 sit,
3251 5396 3497 5453 homines

1917 5486 2007 5556 qui
2039 5484 2229 5540 fratres
2257 5496 2412 5550 sunt,
2444 5488 2533 5556 qui
2584 5489 2829 5544 eamdem
2877 5500 3119 5545 naturam
3159 5490 3356 5551 sortiti,
3403 5494 3492 5560 qui

1919 5580 2156 5668 ejusdem
2202 5591 2326 5661 sunt
2375 5580 2609 5660 familiar,
2657 5586 2745 5655 qui
2794 5595 3062 5657 tamquam
3120 5585 3383 5655 peregrini
3437 5595 3490 5650 et

3964 188 3992 205 Δ
