4020 6136
263 215 380 302 ,τοι

279 333 618 390 εταλέσατο
641 333 772 390 ἐκεῖ
808 338 1022 409 Ἅϐραμ
1052 339 1117 394 τὸ
1165 341 1353 412 ὄνομα
1395 343 1617 410 Κιφίου
1654 343 1760 398 τοῦ
1789 344 1955 398 Θεοῦ.

281 419 373 489 Μὴ
401 421 588 486 ἁπλῶς
617 423 1066 496 παραδράμωμεν
1094 426 1159 478 τὰ
1191 429 1599 499 ἀνεγνωσμένα,
1626 429 1758 482 άλλά
1783 446 1954 482 κατα-

284 506 545 578 μάθωμεν
575 510 760 578 σαφῶς
793 512 891 583 τῆς
921 513 1071 576 θείας
1100 514 1322 586 Γραφῆς
1345 515 1442 586 τὴν
1465 515 1771 584 ἀκρίϐειαν,
1806 516 1956 580 ὅπως

279 594 432 648 οὐδὲν
460 598 589 665 ἡμῖν
639 598 928 670 παρέργως
968 600 1252 669 διηγεῖται.
1291 603 1518 670 Ἀϐραμ
1544 601 1632 664 δέ,
1664 603 1847 671 φησὶν,
1875 599 1956 672 ἦν

278 682 574 748 πλούσιος
608 683 863 752 σφόδρα.
898 685 1097 739 Σκόπει
1127 687 1342 758 πρῶτον
1368 687 1498 740 αὐτὸ
1535 688 1711 753 τοῦτο,
1744 690 1827 743 ὅτι
1853 689 1952 758 οὐχ

277 767 465 831 ἁπλῶς
488 770 1030 847 ἐπεσημήνατοωύδέ
1058 774 1389 844 μάτην,οὖδὲ
1419 776 1541 845 είκῆ
1570 775 1664 830 νῦν
1699 777 1952 830 πλούσιον

277 853 439 907 αὑτὸν
471 855 646 911 καλεῖ.
700 858 951 930 Οὑδαμοῦ
985 859 1094 930 γὰρ
1149 862 1378 932 ἑτέρωθι
1437 864 1841 934 ἐμνημόνευσεν
1870 865 1951 918 ὅτι

278 940 529 1005 πλούσιος
551 937 641 1013 ἦν,
673 944 812 997 ἀλλά
838 943 934 998 νῦν
959 946 1197 1017 πρῶτον.
1225 948 1381 1012 Τίνος
1413 949 1598 1002 ἐνεκεν
1629 950 1721 1005 καὶ
1753 950 1839 1004 διὰ
1861 950 1911 1003 τί
1934 969 1948 1017 ;

277 1027 394 1081 Ἵνα
426 1028 606 1100 μάθῃς
637 1031 735 1102 τῆς
757 1033 852 1085 τοῦ
878 1032 1013 1086 Θεοῦ
1053 1033 1243 1102 σοφίας
1276 1034 1336 1088 τὸ
1365 1036 1696 1106 εὐμήχανον,
1738 1037 1952 1112 καὶτῆς

278 1113 555 1183 προνοίας,
587 1115 653 1185 ἢν
681 1116 812 1187 περὶ
828 1115 918 1170 τὸν
946 1116 1150 1172 δίκαιον
1165 1119 1425 1180 ἐποιεῖτο,
1457 1121 1554 1188 τὴν
1578 1119 1950 1188 ὑπερϐάλλου-

278 1199 377 1256 adv
407 1216 467 1252 τε
494 1199 587 1252 καί
617 1199 768 1272 [555]
799 1201 1023 1274 ἄπειρον
1053 1203 1300 1274 δύναμιν.
1342 1204 1400 1258 '0
1423 1204 1532 1274 γὰρ
1557 1202 1645 1258 διὰ
1667 1203 1765 1274 τὴν
1781 1204 1950 1273 ἀνάγ-

275 1302 378 1355 κην
403 1285 496 1339 τοῦ
527 1285 685 1356 λιμοῦ
715 1287 814 1358 τὴν
841 1289 1150 1360 ἀποδημίαν
1172 1292 1540 1362 ποιησάμενος
1565 1290 1662 1362 τὴν
1682 1293 1763 1354 εἰς
1783 1289 1950 1358 Λίγυ-

275 1389 429 1434 πτον,
470 1373 562 1427 καὶ
586 1373 674 1428 διά
699 1374 759 1426 τὸ
793 1373 869 1446 μὴ
905 1375 1090 1446 φέρειν
1136 1376 1235 1446 τὴν
1267 1377 1327 1429 ἐν
1363 1379 1430 1447 τῇ
1455 1377 1735 1449 Χαναναία
1769 1392 1950 1429 στενο-

274 1459 499 1530 χωρίαν,
523 1458 718 1531 ἁθρόον
740 1461 992 1524 πλούσιος
1009 1461 1219 1531 γέγονε,
1245 1463 1339 1516 καὶ
1356 1463 1609 1528 πλούσιος
1624 1464 1722 1534 οὐχ
1739 1463 1944 1531 ἁπλῶς,

273 1547 411 1602 ἀλλὰ
443 1548 667 1619 σφόδρα,
703 1548 796 1600 καί⁸
823 1549 882 1602 ού
922 1549 1145 1622 κτήνεσι
1198 1549 1379 1620 μόνον,
1407 1549 1543 1604 ἀλλὰ
1575 1550 1669 1604 καὶ
1697 1550 1948 1623 ἀργυρίῳ

274 1633 369 1687 καὶ
401 1634 626 1705 χρυσίῳ.

345 1721 408 1791 β’.
429 1717 577 1785 Εἶδες
601 1720 700 1792 ὅση
716 1720 808 1774 τοῦ
827 1720 962 1774 Θεοῦ
980 1721 1203 1791 πρόνοια
1221 1739 1236 1788 ;
1266 1722 1498 1794 Ἀπῆλθε
1513 1722 1671 1793 λιμοῦ
1689 1741 1946 1794 παραμυ-

276 1807 396 1864 θίαν
430 1809 706 1880 εὑρέσθαι,
742 1809 836 1862 καί⁸
862 1808 1161 1878 ἐπανῆλθεν
1185 1808 1248 1860 ού
1276 1809 1368 1861 τὸν
1395 1809 1552 1881 λιμὸν
1585 1811 1744 1880 μόνον
1777 1828 1950 1883 παρα-

277 1895 677 1969 μυθησάμενος,
711 1894 849 1948 ἀλλά
875 1895 970 1949 καί¹
997 1894 1225 1949 πλοῦτον
1249 1895 1414 1950 πολὺν
1445 1896 1948 1969 περιϐαλίλμμενος

275 1985 370 2038 καὶ
390 1983 547 2050 δόξαν
581 1982 808 2050 ἄφατον,
840 1983 935 2036 καὶ
969 1985 1104 2034 πᾶσι
1163 1983 1462 2053 κατάδηλος
1513 1983 1770 2052 γεγονὼς,
1800 1986 1949 2050 ὅστις

273 2067 343 2142 ἦν
366 2088 381 2108 ο
418 2071 512 2125 καὶ
531 2069 716 2123 λοιπὸν
737 2070 830 2123 καὶ
867 2071 916 2122 οἰ
964 2069 1061 2140 τὴν
1086 2069 1397 2124 Χαναναίαν
1421 2069 1696 2135 οἰκοῦντες
1720 2072 1916 2144 ἀκριϐέ
1938 2101 1948 2110 -

277 2175 466 2230 στερον
483 2157 781 2228 ἐμάνθανον
803 2155 897 2210 τοῦ
921 2156 1130 2210 δικαίου
1155 2157 1253 2226 τὴν
1276 2157 1498 2229 ἀρετὴν,
1515 2156 1749 2228 ὁρῶντες
1777 2157 1948 2222 οὕτως

276 2246 342 2300 ἁθ
352 2245 480 2318 ρόαν
503 2245 878 2315 γεγενημένην
900 2243 999 2315 τὴν
1023 2243 1343 2314 μεταϐολὴν,
1369 2245 1464 2298 καὶ
1481 2244 1718 2316 τοσούτῳ
1735 2245 1949 2316 πλούτῳ

275 2335 702 2406 περιρρεόμενον
737 2333 828 2386 τὸν
862 2333 1033 2400 ξένον,
1056 2333 1148 2386 τὸν
1171 2333 1423 2404 καθάπερ
1448 2334 1662 2404 φυγάδα
1701 2335 1794 2388 καὶ
1817 2333 1951 2406 ἀλή-

274 2441 376 2493 την
409 2425 488 2486 εἰς
516 2423 616 2494 τὴν
652 2422 930 2492 Αἴγυπτον
960 2420 1309 2476 κατελθόντα.
1346 2423 1455 2476 Καὶ
1495 2422 1596 2495 ὅρα
1627 2423 1789 2476 αὐτὸν
1827 2423 1948 2477 οὐδὲ

276 2509 515 2580 ὑπὸτῆς
545 2499 745 2580 πολλῆς
774 2509 1071 2581 εὐημερίας
1105 2508 1198 2562 καὶ
1241 2508 1342 2578 τῆς
1382 2507 1476 2562 τοῦ
1534 2508 1764 2562 πλούτου
1795 2527 1950 2581 περι-

276 2598 467 2662 ουσίας
519 2596 845 2668 χαυνότερον
901 2595 1180 2664 γεγονότα,
1219 2596 1340 2648 οὐδὲ
1388 2595 1780 2669 ῥᾳθυμότερον,
1815 2597 1950 2651 ἀλλά

278 2686 443 2742 πάλιν
481 2687 560 2748 εἰς
585 2686 787 2738 ἐκεῖνον
811 2682 902 2736 τὸν
921 2682 1086 2735 τόπον
1115 2681 1490 2751 ἐπειγόμενον,
1521 2682 1649 2736 ἐνθα
1673 2683 1767 2736 καὶ
1818 2683 1952 2753 πρό-

277 2791 439 2847 ⁴τερον
465 2768 554 2844 ἦν,
585 2771 714 2842 πρὶν
743 2770 778 2842 ἢ
801 2771 898 2842 τὴν
919 2768 1196 2836 Αἴγυπτον
1224 2769 1568 2823 καταλαϐεῖν.
1600 2765 1790 2826 Ἦλθε
1817 2770 1948 2841 γὰρ,

283 2863 471 2934 φησὶν,
501 2863 587 2927 εἰς
605 2859 723 2926 τὴν
748 2859 974 2926 ἔρημον
1004 2856 1115 2923 ἕως
1140 2856 1248 2911 τοῦ
1275 2857 1464 2910 τόπου
1492 2852 1564 2912 οὗ
1587 2853 1666 2927 ἦν
1687 2859 1726 2925 ἠ
1748 2856 1951 2926 σκηνὴ

280 2949 472 3004 αὐτοῦ
490 2948 555 3001 τὸ
579 2948 887 3015 πρότερον,
916 2946 1003 3009 εἰς
1027 2945 1137 2998 τὸν
1159 2944 1348 2997 τόπον
1365 2943 1473 2996 τοῦ
1497 2945 1950 3018 θυσιαστηρίου,

280 3032 355 3093 οὗ
398 3037 688 3101 ἐποίησεν
715 3031 846 3086 ἐκεῖ
867 3030 981 3098 τὴν
1010 3029 1229 3099 ἀρχὴν,
1279 3030 1378 3084 καί
1419 3030 1830 3085 ἐπεκαλέσατο
1886 3031 1952 3086 τό

281 3124 471 3192 ὄνομα
501 3120 721 3188 Κυρίου
749 3117 858 3172 τοῦ
900 3117 1069 3179 Θεοῦ,
1115 3116 1316 3170 Ἐννόει
1370 3133 1458 3186 μοι
1491 3117 1611 3180 πῶς
1633 3113 1701 3188 ἦν
1728 3118 1954 3188 ἡσυχίας

282 3207 520 3277 ἐραστὴς
547 3205 640 3258 καὶ
666 3201 1124 3282 ἀπραγμοσύνης,
1156 3203 1253 3260 καὶ
1295 3200 1558 3272 διηνεκῶς
1597 3203 1955 3274 ἀνακείμενος

283 3297 352 3365 τῇ
372 3292 510 3364 πρὸς
533 3291 594 3345 τὺ
613 3290 766 3344 Θεῖον
789 3290 1077 3361 θεραπείᾳ.
1104 3291 1342 3343 Ἐκεῖνον
1361 3289 1489 3360 γάρ,
1506 3289 1660 3358 φησὶ,
1681 3288 1774 3342 τὸν
1793 3289 1956 3344 τόπον

286 3378 604 3439 κατέλαϐεν,
635 3378 762 3432 ἔνθα
786 3373 854 3448 ἦν
877 3377 1142 3449 πρότερον
1171 3376 1233 3430 τὸ
1265 3376 1648 3447 θυσιαστήριον
1673 3378 1956 3448 οἰκοδομή-

232 3474 236 3478 ’
287 3485 408 3531 σας,
444 3467 536 3519 καὶ
575 3464 1038 3535 ἐπικαλεσάμενος
1057 3463 1119 3516 τὸ
1145 3463 1316 3534 ὅνομα
1332 3463 1428 3516 τοῦ
1457 3462 1614 3524 Θεοῦ,
1642 3463 1738 3518 καὶ
1763 3465 1958 3535 προλα-

287 3552 399 3606 ϐὼν
429 3553 530 3624 ἤδη
568 3551 774 3607 ἀνωθεν
819 3551 913 3604 καὶ
950 3549 1009 3615 ἐξ
1059 3549 1237 3619 ἀρχῆς
1286 3549 1522 3621 ἐπλήρου
1572 3549 1635 3602 τὺ
1663 3550 1816 3620 παρὰ
1860 3550 1956 3605 τοῦ

267 3639 452 3697 ,Δαυῒδ
478 3637 785 3710 εἰρημένον,
809 3638 890 3691 ὅτι
917 3636 1326 3706 Ἐξελεξάμην
1344 3636 1408 3690 τὸ
1427 3636 1957 3704 παραρριπτεῒσθαι

287 3729 359 3783 ἐν
409 3725 488 3792 τῷ
519 3726 662 3790 οἴκῳ
711 3723 818 3778 τοῦ
881 3723 1028 3778 Θεοῦ
1053 3741 1174 3792 μου
1213 3721 1478 3790 μᾶλλον,
1508 3722 1548 3790 ἢ
1578 3723 1768 3776 οἰκεῖν
1782 3740 1859 3791 με
1889 3724 1958 3777 ἐν

288 3813 684 3882 σκηνώμασιν
709 3809 1091 3879 ἁμαρτωλῶν.
1134 3810 1200 3861 Ἦ
1231 3807 1340 3880 γὰρ
1361 3808 1566 3880 ἐρημία
1596 3807 1685 3862 διὰ
1709 3809 1958 3880 τὴν-ἐπί..

289 3903 482 3971 κλησιν
513 3897 608 3952 τοῦ
632 3897 894 3966 ὀνόματος
921 3895 1016 3948 τοῦ
1065 3894 1200 3948 Θεοῦ
1223 3895 1593 3966 προτιμοτέρο.
1621 3895 1770 3966 αύτῷ
1796 3896 1958 3966 ἐτύγ.

288 4005 420 4060 χανε
459 3984 567 4039 τῶν
599 3984 826 4037 πόλεων.
869 3981 1023 4053 ¹ᾘδει
1055 3981 1184 4052 γὰρ,
1233 3981 1351 4053 ᾔδει
1379 3981 1460 4034 ὅτι
1490 3981 1696 4045 πόλεως
1731 3983 1959 4053 μέγεθος

287 4077 388 4129 οὐκ
414 4072 863 4143 οἰκοδομημάτων
880 4071 1024 4121 ποιεῖ
1044 4067 1256 4131 κάλλος,
1279 4067 1399 4121 οὐδὲ
1419 4068 1715 4140 οἰκητόρων
1735 4069 1957 4140 πλῆθος,

288 4161 403 4218 ἀλλ’
430 4164 464 4233 ἡ
489 4159 596 4213 τῶν
629 4155 979 4212 ἐνοικούντων
1018 4155 1207 4226 ἀρετὴ,
1240 4155 1307 4208 δι’
1340 4155 1408 4226 ἢν
1435 4156 1529 4209 καί
1553 4158 1586 4226 ἡ
1613 4155 1816 4227 ἔρημος
1853 4157 1961 4212 τῶν

289 4251 497 4304 πόλεων
518 4245 819 4317 τιμιωτέρα
839 4243 1132 4313 ἐτύγχανεν
1155 4241 1260 4296 ὑπό
1281 4242 1381 4312 τῆς
1401 4242 1494 4295 τοῦ
1521 4242 1726 4296 δικαίου
1759 4244 1962 4315 ἀρετῆς

290 4334 660 4408 κοσμουμένη,
685 4333 778 4386 καὶ
799 4331 1156 4402 λαμπροτέρα
1172 4330 1270 4399 τῆς
1291 4329 1616 4400 οἰκουμένης
1638 4330 1956 4401 φαινομένη.

289 4425 400 4479 Καὶ
425 4422 577 4485 Λὼτ,
608 4421 761 4492 φησὶ,
786 4419 866 4484 τῷ
895 4418 1402 4488 συμπορευομένῳ
1447 4418 1599 4486 μετὰ
1623 4419 1839 4487 Ἅϐραμ
1881 4414 1961 4486 ἦν

291 4508 390 4566 καί
422 4509 706 4576 πρόϐατα,
740 4505 838 4559 καί
865 4504 1034 4569 βόες,
1081 4503 1180 4556 καί
1219 4502 1409 4568 κτήνη
1428 4517 1444 4534 ο
1474 4502 1574 4558 καί
1625 4504 1735 4556 οὐκ
1756 4502 1962 4570 ἐχώρει

290 4595 513 4659 αὐτοὺς
555 4595 594 4663 ἠ
643 4591 720 4663 γῆ
753 4591 1052 4646 κατοικεῖν
1079 4589 1218 4657 ἅμα,
1275 4587 1365 4642 ὅτι
1407 4584 1483 4658 ἦν
1520 4588 1592 4642 τὰ
1615 4589 1963 4658 ὑπάρχοντα

291 4681 491 4738 αὐτῶν
521 4680 742 4743 πολλὰ,
766 4681 867 4733 καί
895 4681 1007 4732 οὐκ
1036 4677 1338 4745 ἠδύναντο
1376 4676 1674 4730 κατοικεῖν
1708 4677 1847 4747 ἅμα.
1886 4679 1960 4733 ού

298 4771 457 4841 μόνον
503 4767 582 4837 τῷ
628 4767 942 4838 πατριάρχῃ
973 4764 1042 4818 τὰ
1069 4765 1170 4833 τῆς
1213 4763 1532 4834 περιουσίας
1563 4763 1779 4834 ηὔξετο,
1829 4765 1964 4821 ἀλλά

295 4857 406 4917 Kal
430 4853 512 4920 τῷ
534 4855 664 4909 Λὼτ
689 4851 790 4922 ἦν,
816 4855 969 4922 φησὶ,
996 4853 1284 4920 πρόϐατα,
1316 4851 1414 4905 καὶ
1432 4851 1602 4918 βόες,
1626 4853 1722 4906 καί
1746 4854 1960 4922 κτήνη.

299 4945 462 5003 Ἴσως
493 4939 564 4993 τά
598 4939 696 5009 μὲν
750 4939 914 5000 αὐτὸς
932 4977 948 4999 ,
979 4937 1258 5007 φιλότιμος
1289 4935 1390 4999 ὢν,
1423 4937 1676 5008 ἐδωρεῖτο
1704 4938 1783 5008 τῷ
1813 4939 1965 4991 ἀδελ-

297 5029 455 5102 φιδῷ,
477 5028 548 5082 τὰ
573 5027 635 5082 δὲ.
674 5026 770 5080 καὶ
813 5025 990 5094 ἐτεροι
1036 5024 1184 5094 αὐτῷ
1217 5027 1474 5095 παρεῖχον
1507 5024 1598 5078 διὰ
1639 5025 1738 5096 τὴν
1761 5026 1842 5089 εἰς
1872 5025 1965 5079 τὸν

296 5115 640 5186 πατριάρχην
660 5111 844 5180 τιμήν.
878 5109 986 5164 Καὶ
1015 5111 1127 5162 οὐκ
1160 5108 1366 5178 ἐχώρει
1417 5110 1661 5176 αὐτοὺς,
1709 5111 1895 5181 φησὶν,
1921 5111 1962 5177 ἠ

295 5202 398 5274 τῆ,
457 5200 547 5254 ὅτι
581 5193 661 5268 ἦν
699 5194 774 5249 τὰ
809 5194 1159 5263 ὑπάρχοντα
1203 5193 1404 5258 αὐτῶν
1447 5197 1670 5250 πολλά.
1710 5198 1850 5268 Ὅρα
1902 5196 1966 5250 τὸ

297 5285 499 5356 πλῆθος
548 5282 646 5351 τῆς
677 5277 992 5350 περιουσίας
1021 5277 1220 5340 εὐθέως
1249 5277 1581 5340 διαστάσεως
1632 5278 1802 5332 αἴτιον
1830 5279 1967 5348 γινό-

302 5390 484 5444 μενον,
518 5370 614 5424 καὶ
640 5367 741 5438 τὴν
765 5366 1032 5437 διαίρεσιν
1059 5365 1446 5434 ἐργαζόμενον,
1468 5365 1566 5418 καὶ
1595 5364 1693 5436 τὴν
1715 5366 1966 5435 ὁμόνοιαν

297 5455 607 5517 διακόπτον,
632 5452 724 5505 καὶ
755 5448 854 5519 τῆς
894 5447 1212 5515 συγγενείας
1257 5446 1348 5499 τὸν
1379 5445 1672 5515 σύνδεσμον
1702 5447 1961 5517 διαιροῦν.

298 5541 409 5598 Καὶ
443 5536 677 5608 ἐγένετο
713 5536 878 5606 μάχη
928 5534 1046 5589 ἀνὰ
1081 5532 1279 5603 μέσον
1337 5532 1456 5588 τῶν
1511 5533 1810 5603 ποιμένων
1847 5535 1966 5590 τῶν

299 5627 534 5695 κτηνῶν
561 5624 669 5679 τοῦ
706 5625 941 5692 Ἀϐραμ,
968 5622 1067 5676 καί
1113 5620 1233 5676 ἀνὰ
1270 5619 1464 5692 μέσον
1503 5620 1621 5674 τῶν
1665 5622 1962 5692 ποιμένων

300 5714 405 5770 τοῦ
442 5713 590 5768 Λώτ.
636 5713 701 5764 Ol
741 5708 810 5762 δὲ
865 5708 1182 5763 Χαναναῖοι
1238 5705 1338 5761 καί
1390 5708 1446 5761 οἰ
1504 5707 1793 5775 Φερεζὶιῖοι
1833 5710 1964 5764 τότε

301 5797 606 5866 κατῴκουν
645 5797 758 5867 τὴν
796 5795 930 5866 γῆν.
970 5796 1168 5855 Σκόπει
1207 5793 1323 5861 πῶς
1367 5797 1416 5849 οί
1476 5797 1838 5869 προσήκοντες
1866 5797 1964 5870 τὴν

1323 224 1403 282 IN
1439 225 1592 284 CAP.
1638 227 1758 284 XIII
1794 226 2046 286 GENES.‘
2083 228 2317 290 HOMIL.
2357 233 2599 293 XXXIII.

2059 345 2234 416 ἀρχὴν
2258 348 2356 420 τῆς
2407 350 2744 417 διαστάσεως
2776 353 3121 426 ἐργάζονται.
3160 357 3436 413 Ἐντεῦθεν
3470 361 3580 432 γάρ
3633 365 3722 419 ἀεὶ

2057 434 2232 485 πάντα
2261 433 2454 503 φύεται
2494 437 2561 491 τά
2588 437 2734 493 κακὰ
2756 440 2863 493 ἀπὸ
2889 442 2986 512 τῆς
3014 442 3123 496 τῶν
3149 445 3364 498 οἰκείων
3394 446 3717 518 μοχθηρίας.

2067 519 2336 604 Ἰξγένετο
2364 523 2491 594 γὰρ,
2517 526 2669 595 φησί,
2697 527 2862 596 μάχη
2895 529 3013 584 ἀνὰ
3029 530 3226 598 μέσον
3257 533 3375 586 τῶν
3399 535 3713 604 ποιμένων.

2055 599 2215 659 υῦτοί
2242 609 2379 662 εἰσιν
2404 611 2452 662 οἰ
2484 611 2583 680 τῆς
2609 611 2928 683 διαιρέσεως
2962 615 3060 686 τὴν
3083 617 3336 689 ἀφορμὴν
3367 599 3719 691 παρέχοντες,

2052 695 2102 747 οἰ
2142 694 2236 780 τὴν
2262 697 2515 780 ὁμόνοιαν
2538 697 2688 772 [354]
2723 701 3076 780 διασπῶντες,
3117 706 3165 758 οἰ
3199 705 3398 778 πολλὴν
3423 708 3524 778 τὴν
3545 709 3720 777 ἀγνω-

2055 775 2293 859 μοσύνην
2319 779 2772 852 ἐπιδεικνύμενοι.
2810 775 2873 837 Οί
2894 783 2963 837 δὲ
2992 787 3314 842 Χαναναῖοι
3343 775 3442 844 καὶ
3467 775 3522 843 οί
3555 775 3722 859 Φερε-

2052 856 2193 942 ζαῖοι
2215 861 2344 914 τότε
2366 861 2676 927 κατῴκουν
2702 864 2818 934 τὴν
2843 865 2982 936 γῆν.
3005 867 3160 932 Τίνος
3185 869 3370 924 ἕνεκεν
3407 874 3540 942 ἡμῖν
3563 856 3722 928 τοῦτο

2051 941 2468 1013 ἐπεσημήνατος
2509 946 2725 1019 Ἐπειδὴ
2762 943 2951 1015 εἶπεν,
2985 951 3068 1004 ὅτι
3101 953 3222 1007 Οὐκ
3268 941 3472 1022 ἐχώρει
3500 957 3721 1022 αὐτοὺς

2049 1027 2087 1093 ἠ
2111 1026 2188 1096 γῆ
2221 1031 2520 1084 κατοικεῖν
2541 1033 2681 1101 ἅμα,
2717 1033 2814 1106 τὴν
2846 1036 3025 1090 αἰτίαν
3047 1038 3194 1108 ἡμᾶς
3221 1039 3427 1104 διδάξαι
3460 1041 3722 1111 ἠθέλησεν

2048 1114 2080 1206 ὴ
2114 1113 2232 1168 θεία
2260 1117 2474 1206 Γραφὴ,
2508 1120 2590 1174 ὅτι
2618 1121 2705 1174 διὰ
2737 1121 2896 1176 τοῦτο
2931 1125 3130 1188 αὐτοὺς
3150 1125 3249 1178 οὐκ
3279 1125 3499 1206 ἐχώρει,
3534 1127 3722 1199 ἐπειδὴ

2031 1199 2131 1284 ,ἔτι
2161 1205 2552 1276 προκατείχετο
2581 1207 2687 1261 ὑπὸ
2709 1208 2915 1263 τούτων
2957 1211 3065 1264 τῶν
3117 1199 3307 1268 ἐθνῶν.
3340 1213 3491 1273 ,Ἀλλ’
3526 1214 3722 1284 ἴδωμεν

2048 1283 2141 1336 τοῦ
2164 1287 2500 1359 πατριάρχου
2528 1291 2627 1360 τὴν
2659 1291 2906 1361 φιλόθεον
2936 1292 3182 1363 γνώμην,
3205 1295 3352 1360 ὅπως
3376 1283 3723 1352 καταστέλλει

2049 1370 2147 1442 τὴν
2181 1373 2480 1444 μέλλουσαν
2499 1377 2832 1444 ἐξάπτεσθαι
2861 1379 3042 1448 πυρὰν
3070 1380 3159 1434 διὰ
3184 1381 3283 1451 τῆς
3313 1383 3516 1448 οἰκείας
3547 1387 3722 1437 ἐπιει-

2049 1455 2221 1519 κείας.
2244 1453 2391 1512 Εἴπε
2416 1458 2504 1522 δὲ,
2527 1461 2713 1532 φησὶν,
2741 1462 2958 1531 Ἀϐραμ
2986 1461 3066 1527 τῷ
3085 1463 3211 1518 Λώτ
3232 1480 3248 1493 ο
3279 1464 3375 1530 Μὴ
3392 1464 3548 1519 ἔστω
3556 1464 3722 1536 μάχη

2049 1541 2166 1596 ἀνὰ
2192 1545 2388 1612 μέσον
2409 1547 2555 1614 ἐμοῦ
2582 1548 2680 1601 καὶ
2709 1547 2848 1612 σοῦ,
2883 1549 2982 1603 καί
3017 1550 3135 1604 ἀνὰ
3155 1553 3354 1619 μέσον
3376 1551 3496 1605 τῶν
3522 1551 3724 1621 ποιμέ-

2048 1646 2170 1682 νων
2186 1649 2306 1700 μου
2333 1633 2431 1686 καὶ
2458 1633 2577 1687 τῶν
2604 1635 2902 1704 ποιμένων
2939 1651 3077 1702 σου,
3109 1638 3199 1690 ὅτι
3249 1638 3501 1707 ἀδελφοί
3551 1639 3726 1708 ἡμεῖς

2047 1719 2254 1787 ἐσμεν.
2275 1720 2417 1792 Ὅρα
2449 1723 2947 1794 ταπεινοφροσύνης
3002 1724 3330 1798 ὑπερϐολὴν,
3377 1728 3480 1797 ὅρα
3519 1727 3725 1796 φιλοσο-

2050 1805 2177 1874 φίας
2202 1805 2354 1874 ῦψος.
2390 1807 2447 1861 '0
2480 1807 2677 1879 γέρων,
2708 1810 2737 1862 ὁ
2761 1810 3070 1882 πρεσϐύτης
3108 1812 3198 1866 τὸν
3225 1813 3364 1880 νέον,
3388 1814 3475 1866 τὸν
3512 1813 3724 1882 ἀδελφι-

2047 1891 2169 1974 δοῦν
2204 1892 2427 1960 ἀδελφὸν
2484 1895 2902 1967 προσαγορεύει,
2956 1899 3048 1951 καί
3097 1899 3177 1960 εἰς
3210 1897 3306 1968 τὴν
3353 1898 3523 1969 αὐτὴν
3569 1898 3719 1970 αὐτῷ

2047 1979 2212 2050 τιμὴν
2247 1980 2459 2048 ἀνάγει,
2489 1983 2580 2035 καὶ
2604 1983 2756 2036 οὐδὲν
2795 1983 2973 2055 ἐαυτῷ
2993 1984 3154 2037 πλέον
3184 1985 3371 2051 νέμει·
3403 1985 3537 2039 ἀλλά
3563 2003 3719 2055 φησι,

2046 2067 2106 2119 Μ
2111 2065 2144 2132 ἡ
2167 2066 2322 2120 ἔστω
2341 2067 2504 2137 μάχη
2532 2069 2649 2124 ἀνὰ
2672 2069 2863 2139 μέσον
2880 2071 3027 2138 ἐμοῦ
3051 2071 3150 2125 καί
3171 2073 3308 2137 σοῦ,
3328 2072 3424 2126 καί
3454 2073 3570 2126 τῶν
3588 2085 3719 2126 ποι-

2043 2155 2243 2223 μένων
2263 2174 2383 2224 μου
2430 2157 2529 2210 καί.
2565 2156 2684 2211 τῶν
2707 2158 3005 2228 ποιμένων
3040 2175 3177 2215 σου.
3212 2160 3349 2214 Οὐδὲ
3371 2159 3480 2230 γὰρ
3512 2160 3578 2214 ἂν
3611 2160 3721 2230 εἰη,

2050 2243 2234 2312 φησὶν,
2277 2242 2498 2312 εὔλογον
2532 2245 2690 2298 τοῦτο
2718 2245 2992 2315 γενέσθαι,
3044 2247 3231 2318 ἐπειδὴ
3260 2247 3477 2316 ἀδελφοί
3534 2248 3721 2317 ἐσμεν.

2049 2325 2202 2393 Εἶδες
2226 2331 2581 2389 ἀποστολικδν
2610 2333 2774 2403 νόμον
2803 2334 2964 2387 αὐτὸν
2997 2333 3326 2404 πληροῦντα,
3354 2333 3445 2387 τὸν
3474 2332 3721 2401 λέγοντα⁶

2054 2417 2196 2483 Ἤδη
2223 2418 2340 2487 μὲν
2374 2415 2490 2473 οὖν
2519 2420 2675 2486 ὅλως
2708 2421 2940 2489 ἥττημα
2968 2420 3111 2490 ὑμῖν
3135 2421 3325 2483 ἐστιν,
3359 2420 3449 2474 ὅτι
3473 2414 3725 2490 κρίματα

2050 2504 2221 2572 ἔχετε
2268 2508 2397 2574 μεθ’
2425 2506 2673 2561 ἑαυτῶν.
2710 2509 2813 2562 Διὰ
2841 2509 2898 2562 τί
2939 2508 3077 2576 οὐχὶ
3103 2505 3344 2577 μᾶλλον
3379 2507 3725 2570 ἀδικεῖσθε;

2049 2592 2147 2646 διὰ
2171 2593 2226 2645 τί
2245 2595 2318 2648 οὐ
2332 2594 2574 2663 μᾶλλον
2595 2595 3064 2664 ἀποστερεῖσθε;
3107 2597 3258 2649 Ἀλλ’
3282 2595 3449 2665 ὑμεῖς
3471 2595 3727 2650 ἀδικεῖτε

2052 2679 2152 2732 καί
2173 2680 2574 2748 ἀποστερεῖτε,
2604 2681 2704 2733 καί
2746 2681 2936 2735 ταῦτα
2965 2682 3286 2750 ἀδελφούς.
3334 2682 3520 2737 Ταῦτα
3551 2683 3726 2737 πάντα

2051 2767 2140 2820 διὰ
2167 2767 2274 2820 τῶν
2312 2767 2488 2837 ἔργων
2521 2767 2743 2839 πληρῶν
2773 2771 2802 2821 ό
2852 2770 3195 2839 πατριάρχης
3225 2770 3376 2840 φησί·
3430 2769 3526 2837 Μὴ
3571 2771 3728 2824 ἐστω

2047 2854 2211 2924 μάχη
2239 2854 2356 2908 ἀνὰ
2385 2855 2582 2924 μέσον
2610 2865 2636 2894 ι
2670 2852 2790 2906 τῶν
2821 2855 3118 2923 ποιμένων
3142 2873 3286 2924 μου,
3317 2856 3414 2910 καὶ
3445 2854 3564 2908 τῶν
3594 2870 3724 2910 ποι-

2035 2994 2038 2997 ,
2049 2941 2250 3012 μένων
2279 2957 2415 3006 σου,
2454 2942 2543 2995 ὅτι
2575 2940 2871 3010 ἄνθρωποι
2918 2941 3168 3009 ἀδελφοί
3225 2941 3394 3010 ἡμεῖς
3419 2941 3628 3011 ἐσμεν.
3661 2943 3727 2997 Τί

2055 3032 2256 3104 ταύτης
2285 3033 2384 3103 τῆς
2433 3032 2612 3103 ψυχῆς
2667 3030 3084 3104 εἰρηνικώτερον
3127 3033 3321 3101 γένοιτ’
3354 3033 3418 3087 άν
3447 3052 3460 3099 ;
3499 3035 3638 3106 Ἀρα
3665 3034 3727 3089 οὐ

2061 3121 2235 3192 μάτην
2251 3120 2371 3173 ούδέ
2403 3119 2526 3190 εἰκῆ
2547 3121 2605 3172 ἐν
2628 3119 2934 3191 προοιμίοις
2961 3118 3167 3187 ἔλεγον,
3189 3121 3270 3173 ὅτι
3300 3120 3387 3174 διὰ
3418 3120 3477 3173 τὸ
3502 3122 3728 3192 ἡσυχίας

2039 3209 2184 3278 ’ἐρᾷν
2221 3207 2314 3259 καὶ
2365 3205 2832 3277 ἀπραγμοσύνης,
2886 3205 2974 3260 διὰ
3005 3205 3162 3260 τοῦτο
3206 3207 3304 3276 τὴν
3343 3208 3579 3278 ἐρημίαν
3632 3207 3730 3278 τῆς

2054 3292 2375 3364 οἰκουμένης
2413 3291 2708 3364 προετίμα.
2743 3293 2886 3363 Ὅρα
2931 3293 3040 3364 γάρ
3068 3291 3229 3346 αὑτὸν
3267 3293 3361 3346 καὶ
3387 3293 3504 3360 νῦν,
3541 3293 3729 3365 ἐπειδὴ

2054 3379 2190 3443 ὅλως
2249 3374 2358 3433 εἶδε
2404 3380 2531 3443 τοὺς
2583 3378 2850 3447 ποιμένας
2883 3378 3454 3450 διαπληκτιζομένους,
3523 3379 3642 3444 πῶς
3670 3381 3731 3447 ἐξ

2055 3467 2229 3538 ἀρχῆς
2255 3465 2454 3530 εὐθέως
2493 3466 2749 3537 πειρᾶται
2782 3466 3135 3519 καταστεῖλαι
3175 3465 3273 3536 τὴν
3315 3465 3609 3536 μέλλουσαν
3645 3464 3730 3530 ἐξ-

2055 3555 2324 3613 άπτεσθαι
2365 3552 2565 3623 πυρὰν,
2601 3554 2696 3606 καὶ
2724 3552 2888 3605 παύει
2927 3554 3026 3623 τὴν
3058 3552 3412 3623 φιλονεικίαν.
3445 3552 3592 3606 Ἔδει
3621 3553 3732 3624 γὰρ

2057 3641 2219 3696 αὐτὸν
2275 3640 2411 3694 πᾶσι
2463 3641 2578 3703 τοῖς
2603 3639 2701 3711 τὴν
2753 3637 3121 3709 Παλαιστίνην
3148 3637 3356 3692 οἰκοῦσι
3414 3639 3732 3694 διδάσκαλον

2057 3725 2372 3796 φιλοσοφίας
2389 3725 2688 3795 ἀφιγμένον
2718 3725 2989 3795 μηδεμίαν
3012 3723 3270 3796 παρέχειν
3300 3723 3570 3796 ἀφορμὴν,
3596 3726 3732 3795 μηδὲ

2056 3813 2227 3884 λαϐὴν
2252 3811 2454 3876 δοῦναι,
2477 3809 2612 3864 ἀλλά
2634 3809 2722 3863 διὰ
2749 3810 2850 3881 τῆς
2873 3809 2984 3864 τῶν
3015 3810 3232 3879 τρόπων
3280 3812 3576 3875 ἐπιεικείας
3613 3813 3731 3866 σάλε

2060 3916 2256 3969 πιγγος
2287 3898 2665 3970 λαμπρότερον
2692 3896 2899 3960 πάντας
2941 3898 3136 3960 αὐτοὺς
3168 3896 3472 3960 παιδεῦσαι,
3525 3900 3616 3952 καὶ
3648 3917 3732 3968 με.

2063 3986 2239 4057 μητάς
2265 3985 2601 4055 καταστῆσαι
2631 3985 2728 4054 τῆς
2753 3985 2958 4046 οἰκείας
2988 3984 3206 4054 ἀρετῆς.
3241 3984 3340 4051 Μὴ
3378 3984 3534 4038 ἔστω
3575 3987 3730 4054 φησί,

2054 4075 2222 4146 μάχη
2272 4072 2390 4128 ἀνὰ
2409 4073 2604 4142 μέσον
2631 4070 2776 4140 ἐμοῦ
2809 4070 2909 4124 καί
2945 4067 3085 4134 σοῦ,
3125 4071 3223 4124 καὶ
3251 4062 3368 4125 ἀνῖι
3390 4068 3584 4139 μέσον
3611 4069 3734 4124 τῶν

2059 4159 2355 4230 ποιμένων
2377 4177 2497 4228 μου
2535 4157 2633 4212 καί
2667 4156 2785 4210 τῶν
2813 4157 3112 4226 ποιμένων
3137 4172 3274 4221 σου,
3310 4155 3399 4210 ὅτι
3433 4156 3739 4223 ἅνθρωποι-

2057 4247 2309 4317 ἀδελφοί
2340 4246 2512 4316 ἡμεῖς
2531 4244 2737 4315 ἐσμεν.
2763 4243 2942 4316 Πολλὴ
2967 4243 3074 4298 τῶν
3103 4245 3361 4316 ῥημάτων
3385 4245 3418 4314 ἡ
3441 4243 3731 4309 ἐπιείκεια,

2072 4335 2204 4391 Ἀνὰ
2219 4334 2416 4404 μέσον
2444 4332 2592 4402 ἐμοῦ
2620 4331 2716 4385 καί
2743 4330 2881 4384 σοῦ.

2129 4429 2200 4492 γ’.
2225 4421 2421 4474 Σκόπει
2443 4418 2558 4481 πῶς
2573 4416 2632 4482 ἐξ
2650 4418 2915 4486 ἰσοτιμίας
2942 4415 3089 4486 αὐτῷ
3106 4415 3440 4484 διαλέγεται·
3469 4417 3644 4471 καίτοι
3664 4417 3731 4475 τὰ

2059 4509 2160 4580 τῆς
2189 4508 2367 4580 μάχης
2405 4506 2502 4575 οὐχ
2544 4503 2805 4588 ἑτέρωθεν
2837 4499 2989 4572 οἶμαι
3022 4501 3120 4572 τὴν
3148 4501 3322 4574 ἀρχὴν
3351 4503 3662 4574 ἐσχηκέναι,
3696 4505 3730 4575 ἢ

2061 4596 2170 4651 ἀπὺ
2221 4593 2316 4648 τοῦ
2360 4594 2487 4656 τοὺς
2519 4590 2784 4662 ποιμένας
2815 4589 2911 4643 τοῦ
2955 4589 3292 4660 πατριάρχου
3325 4591 3402 4661 μὴ
3431 4593 3734 4662 συγχωρεῖν

2061 4683 2288 4744 ἐκείνοις
2316 4680 2414 4751 τῆς
2445 4681 2615 4749 αὐτῆς
2643 4679 2824 4741 αὐτοῖς
2858 4676 3042 4740 ἀδείας
3073 4676 3385 4731 ἀπολαύειν.
3428 4677 3567 4729 Ἀλλ’
3599 4677 3628 4728 ὁ
3651 4677 3731 4728 δίς

2061 4786 2216 4832 καιυς
2249 4767 2503 4830 ἐπιεικῶς
2541 4766 2717 4820 πάντα
2738 4767 2880 4818 ποιεῖ
2909 4764 2960 4830 ι),
2989 4761 3323 4833 δεικνὺςντῆς
3347 4762 3552 4824 οἰκείας
3583 4763 3733 4830 φιλο-

2063 4857 2252 4926 σοφίας
2283 4855 2380 4926 τὴν
2411 4853 2736 4926 ὑπερϐολὴν,
2769 4852 2863 4904 καὶ
2897 4849 3164 4903 παιδεύων
3195 4851 3256 4902 οὐ
3289 4852 3413 4912 τοὺς
3442 4849 3564 4902 τότε
3592 4868 3734 4921 παρ-

2059 4945 2220 5008 όντας
2259 4946 2438 5016 μόνον,
2473 4943 2607 4997 ἀλλὰ
2630 4943 2723 4995 καὶ
2754 4940 2960 5000 πάντας
2979 4939 3104 5000 τοὺς
3133 4937 3282 5006 ἐξῆς,
3305 4937 3572 5008 μηδέποτε
3597 4939 3732 5009 πρὸς

2061 5035 2187 5097 τοὺς
2219 5033 2443 5103 πλησίον
2489 5027 2969 5099 διαπληκτίζεσθαι
3009 5025 3137 5089 τοὺς
3183 5027 3315 5095 ἡμῖν
3357 5024 3730 5096 διαφέροντας.

2073 5121 2137 5173 Ἤ
2167 5120 2274 5192 γὰρ
2316 5119 2540 5173 ἐκείνων
2589 5115 2889 5184 φιλονεικία
2940 5114 3072 5184 ἡμῖν
3105 5112 3303 5182 πολλὴν
3346 5113 3733 5184 προστρίϐεται

2061 5205 2160 5276 τὴν
2183 5204 2417 5271 ἀδοξίαν,
2451 5203 2545 5258 καὶ
2752 5202 2901 5255 οὐδὲν
2927 5200 3153 5263 ἐκείνοις
3189 5200 3446 5268 λογιεῖται
3483 5211 3505 5240 ε
3538 5201 3605 5254 τὰ
3651 5219 3734 5268 γι-

2063 5295 2283 5365 νόμενα,
2309 5291 2424 5346 ἀλλ’
2452 5292 2532 5353 εἰς
2564 5289 2711 5359 ἡμᾶς
2740 5285 3122 5358 ἀνατρέχειτά
3157 5285 3257 5355 τῆς
3294 5285 3574 5356 μέμψεως.
3621 5282 3731 5338 Ποῦ

2063 5377 2157 5435 οὖν
2181 5379 2400 5448 εὔλογον
2443 5375 2760 5448 ἀνθρώπους
2787 5374 3046 5442 ἀδελφοὺς
3079 5373 3260 5436 ὄντας,
3312 5374 3406 5426 καὶ
3434 5372 3534 5441 τῆς
3562 5372 3732 5439 αὐτῆς

2067 5468 2283 5538 φύσεως
2329 5464 2693 5536 τυγχάνοντας
2725 5503 2742 5530 ,
2802 5461 2897 5515 καὶ
2927 5461 3026 5532 τῆς
3055 5460 3225 5531 αὐτῆς
3257 5459 3595 5529 συγγενείας,
3636 5457 3734 5510 καὶ

2131 5626 2155 5654 ⁸
2181 5622 2278 5673 Alii
2303 5623 2392 5671 ἀνὰ
2413 5623 2558 5685 μέσον
2580 5619 2697 5683 ἐμοῦ
2720 5620 2800 5668 καὶ
2821 5616 2932 5685 σοῦ,
2954 5618 3035 5685 καὶ
3057 5618 3145 5685 ᾇνά
3164 5617 3473 5685 μέσον,.θιο.,
3493 5620 3641 5673 atque
3663 5615 3730 5685 Ita

2074 5686 2199 5746 legit
2219 5680 2424 5745 interpﬁ
2465 5683 2493 5723 ἰ)
2517 5680 2723 5746 δίείτεε
2742 5695 2875 5746 ιιιςιεἒ
2888 5681 2938 5746 _|n
2953 5680 3110 5746 gditis
3129 5680 3377 5727 sententia
3399 5687 3564 5746 [putica
3585 5684 3728 5746 era‘t“:

2076 5701 2122 5734 le
2161 5701 2199 5734 ιι
2219 5701 2398 5745 Inlerp.
2466 5701 2493 5723 ³³
2517 5701 2599 5732 διε
2622 5701 2723 5731 ιτεδ
2743 5701 2860 5729 mss.
2889 5701 2938 5728 Ill
2959 5701 3110 5727 unus
3129 5701 3377 5727 sculcuua
3400 5701 3564 5723 malum:
3585 5701 3691 5722 ωαι
3716 5701 3728 5721 :

2073 5701 2161 5795 δεῇ
2184 5746 2507 5806 iuleerwne
2531 5745 2740 5806 logei-al.
2777 5804 2783 5806 Α
2811 5743 2926 5789 cSic
2948 5741 3124 5789 Samel
3145 5751 3231 5806 sex
3395 5736 3457 5784 Al
3481 5735 3598 5784 Mur.
3622 5734 3732 5784 οὐδὲ

2075 5794 2266 5864 ἐκείνοις
2289 5794 2537 5869 λογίζεται.
2578 5794 2727 5856 SaVil.
2774 5804 2821 5853 iu
2858 5815 3008 5863 marg-
3059 5801 3182 5858 L'Ollj-
3218 5794 3383 5852 οὐδείς.
