4020 6136
326 267 436 323 309

322 381 608 454 παροικεῖν
657 376 888 434 ἐνταῦθα
919 376 1231 448 μέλλοντας,
1292 379 1372 443 εἰς
1403 375 1670 449 τοσαύτην
1697 377 1996 448 ἐμπίπτειν

323 470 674 538 φιλονεικίαν,
709 466 1020 535 ὀφείλοντας
1052 466 1380 529 ἐπιεικείας,
1415 467 1510 519 καὶ
1542 466 1872 536 πραΰτητος,
1903 468 1999 520 καλ⁵

322 555 642 624 φιλοσοφίας
691 555 910 624 ἀπάσης
957 552 1313 616 διδασκάλους
1375 551 1737 608 καθίστασθαι
1789 552 2000 617 τούτοις

323 644 522 706 nam;
570 639 937 692 ’Λκουέτωσαν
958 639 1131 692 ταῦτα
1153 640 1200 691 οἱ
1229 638 1542 708 νομίζοντες
1578 637 1684 703 ἔξω
1708 639 1999 709 τυγχάνειν

322 727 704 800 ἐγκλημάτων,
725 727 940 780 ἐπειδάν
962 728 1087 790 τοὺς
1107 728 1289 798 αὐτοῖς
1309 729 1679 798 προσήκοντας
1701 726 1998 798 περιορῶσι

319 818 409 871 διὰ
442 819 540 886 τὴν
594 816 733 887 πρὸς
782 816 979 880 αὐτοὺς
1017 815 1325 885 οἰκειότητα
1373 813 1739 886 ἁρπάζοντας,
1778 813 2000 866 πλεονε-

322 903 602 967 κτοῦντας,
636 903 806 974 μυρία
855 903 1001 956 κακά
1051 900 1402 965 διατιθέντας,
1455 901 1550 954 καὶ
1578 901 1635 952 ἐν
1669 899 1874 964 πόλεσι,
1909 902 1997 953 καὶ

320 993 379 1044 ἐν
406 992 614 1062 ἀγροῖς,
642 991 769 1052 τούς
793 991 974 1052 αὐτοῖς
999 987 1371 1057 γειτνιῶντας,
1403 988 1499 1041 καὶ
1525 986 2001 1058 παρασπωμένους

317 1080 412 1132 τοῦ
447 1078 546 1149 μέν
575 1079 667 1132 τὸν
697 1078 887 1150 ἀγρὸν,
910 1076 1004 1130 τοῦ
1029 1077 1087 1130 δὲ
1117 1075 1214 1146 τὴν
1239 1077 1435 1139 οἰκίαν,
1463 1073 1748 1146 καὶταύτῃ
1784 1073 2000 1126 πλείονα

323 1166 524 1235 μᾶλλον
555 1165 654 1237 τὴν
675 1165 887 1222 εὐνοιαν
916 1165 1044 1235 περὶ
1075 1165 1274 1227 αὐτοὺς
1315 1162 1770 1232 ἐπιδεικνύμενοι.
1800 1162 1862 1214 EE
1893 1159 2000 1230 γὰρ

319 1255 414 1307 καὶ
444 1254 630 1322 ἐτέρου
659 1255 720 1306 τὸ
752 1253 853 1321 τῆς
883 1253 1098 1314 ἀδικίας
1133 1251 1290 1321 ἔργον
1318 1247 1406 1322 ἦν,
1437 1249 1550 1303 ἀλλ’
1585 1248 1746 1313 αὐτὸς
1777 1248 2000 1302 ἐκοινώ-

318 1357 488 1410 νησας
511 1338 604 1393 τοῦ
646 1339 990 1409 πράγματος,
1026 1338 1088 1391 οὐ
1118 1339 1277 1408 μόνον
1310 1337 1388 1408 τῷ
1423 1337 1713 1407 ἐφήδεσθαι
1743 1335 1819 1406 τῷ
1841 1352 2002 1403 γεγε-

319 1447 384 1496 νη
395 1428 561 1499 μένῳ,
583 1428 677 1480 καὶ
710 1427 948 1497 νομίζειν
974 1428 1037 1478 ἐκ
1067 1426 1255 1478 τούτου
1277 1441 1356 1477 σοι
1388 1424 1484 1495 τὴν
1515 1424 1704 1476 οὐσίαν
1721 1421 1998 1488 αὔξεσθαι,

321 1516 414 1568 καὶ
451 1515 547 1585 τὴν
579 1514 894 1584 περιουσίαν
932 1513 1151 1566 πλείονα
1183 1511 1456 1580 γενέσθαι,
1499 1510 1633 1565 ἀλλά
1685 1510 1780 1564 καὶ
1806 1509 1883 1580 τῷ
1924 1510 1998 1580 μὴ

324 1603 562 1657 κωλῦσαι
600 1601 898 1673 μέλλουσαν
933 1601 1027 1672 τὴν
1057 1602 1270 1654 ἀδικίαν
1295 1603 1375 1662 είς
1405 1598 1566 1670 ἔργον
1603 1598 1895 1651 ἐκϐαίνειν.
1941 1597 2000 1650 Ὀ

323 1692 431 1762 γὰρ
467 1689 760 1760 δυνάμενος
798 1688 1038 1742 κωλῦσαι
1086 1690 1178 1741 τὸν
1225 1687 1536 1748 ἀδικοῦντα,
1572 1686 1666 1740 καὶ
1719 1684 1794 1756 μὴ
1845 1683 2002 1738 τοῦτο

324 1775 514 1839 ποιῶν,
545 1776 642 1828 οὐκ
672 1774 892 1828 ἔλαττον
924 1775 1016 1827 τοῦ
1047 1774 1358 1837 ἀδικοῦντος
1389 1773 1488 1836 τὰς
1524 1771 1754 1834 εὐθύνας
1791 1769 1997 1839 ὑφέξει.

393 1879 486 1950 Μὴ
507 1879 686 1932 τοίνυν
707 1878 1004 1949 ἀπατῶμεν
1026 1879 1270 1943 ἑαυτοὺς,
1293 1876 1614 1950 παρακαλῶ,
1638 1875 1774 1928 ἀλλὰ
1793 1873 1887 1928 καὶ
1907 1874 2002 1928 αὐ-

320 1966 404 2019 τοὶ
424 1965 712 2036 φεύγωμεν
732 1965 829 2029 τὰς
851 1965 1126 2034 ἀρπαγάς,
1144 1965 1243 2028 τὰς
1265 1963 1596 2028 πλεονεξίας,
1616 1963 1709 2015 καὶ
1728 1962 1789 2014 τὸ
1811 1963 1875 2014 ἐκ
1893 1962 2002 2014 τῶν

319 2053 576 2106 τοιούτων
597 2052 781 2117 αὔξειν
803 2055 932 2123 ἡμῖν
953 2052 1050 2122 τὴν
1072 2050 1409 2122 περιουσίαν,
1433 2052 1526 2104 καὶ
1545 2052 1670 2113 τοὺς
1690 2051 1821 2120 ἡμῖν
1842 2065 2002 2119 προσ-

321 2140 556 2209 ήκοντας
576 2137 917 2207 παιδεύωμεν
941 2137 1107 2208 μηδὲν
1128 2136 1336 2189 τοιοῦτο
1356 2134 1702 2207 ἐργάξεσθαι.
1738 2135 1874 2188 Οὐδέ
1893 2132 2002 2204 γὰρ

321 2225 644 2290 ἀνευθύνους
667 2228 812 2297 ἡμᾶς
833 2224 990 2279 τοῦτο
1011 2225 1252 2294 ἀφίησιν,
1277 2224 1413 2278 ἀλλά
1445 2223 1666 2278 πλείονα
1701 2223 1800 2294 τὴν
1838 2221 1996 2275 κατά-

321 2331 500 2386 κρισιν
537 2313 866 2385 ἐργάζεταιο
911 2312 1045 2384 πρὸς
1092 2313 1200 2383 γάρ
1253 2313 1349 2384 τὴν
1396 2313 1671 2383 ἡμετέραν
1707 2310 2003 2381 ἀρέσκειαν

321 2403 519 2454 ἐκεῖνοι
557 2402 652 2472 τὴν
689 2401 896 2454 ἑαυτῶν
935 2401 1275 2468 προδιδόντες
1313 2400 1619 2471 σωτηρίαν,
1657 2400 1756 2470 τὴν
1789 2398 2001 2454 ἀδικίαν

321 2487 585 2558 τολμῶσι,
612 2485 749 2556 μετά
781 2487 880 2555 τῆς
913 2485 1123 2539 ἑαυτῶν
1144 2485 1420 2548 ἀπωλείας
1440 2487 1535 2538 καὶ
1553 2487 1702 2556 ἡμᾶς
1723 2502 2001 2553 συγκατα-

323 2574 584 2635 σπῶντες.
608 2574 670 2626 Εἰ
701 2574 759 2626 δέ
794 2573 1096 2644 βουλόμεθα
1115 2575 1325 2643 νήφειν,
1349 2573 1443 2627 καὶ
1462 2573 1616 2627 αὐτοὶ
1636 2577 1736 2645 τῆς
1756 2573 2002 2626 ἐντεῦθεν

320 2659 498 2731 λύμης
518 2658 1015 2730 ἀπαλλαγησόμεθα
1037 2700 1050 2722 ,
1074 2659 1363 2721 κάκείνους
1383 2659 1765 2728 ἀποστήσομεν
1787 2660 1885 2729 τῆς
1905 2677 2002 2712 κα-

322 2745 426 2806 κῆς
447 2746 862 2822 ἐπιχειρήσεως.
885 2745 995 2799 Καὶ
1033 2747 1104 2816 μή
1144 2762 1232 2816 μοι
1266 2744 1390 2812 λέγε
1409 2745 1477 2798 τά
1495 2745 1679 2816 ψυχρά
1699 2747 1881 2799 ἐκεῖνα
1904 2747 2002 2817 ῥή-

324 2850 500 2904 ματα·
525 2834 692 2887 Οὐδέν
714 2852 803 2905 μοι
827 2834 995 2905 μέλει.
1019 2835 1108 2905 Μὴ
1131 2834 1240 2904 γὰρ
1261 2833 1372 2903 ἐγὼ
1392 2835 1870 2905 παρεσπασάμην;
1899 2836 2002 2888 Οὐ-

319 2922 408 2974 δὲν
427 2916 542 2973 οῖδα
563 2939 576 2952 ’
602 2922 688 2975 ἐτε
699 2939 787 2993 ρος
809 2923 1124 2992 εἰργάσατο,
1160 2921 1260 2974 οὐκ
1297 2922 1628 2991 ἐκοινώνησα
1646 2922 1746 2993 τῆς
1767 2923 1996 2986 ἀδικίας.

321 3008 527 3078 Σκῆψις
544 3009 714 3061 ταῦτα
736 3009 829 3062 καὶ
850 3008 1144 3080 πρόφασις.
1170 3010 1232 3062 Εἰ
1257 3007 1434 3078 βούλει
1452 3008 1618 3074 δεῖξαι
1638 3011 1720 3064 ὅτι
1741 3011 1840 3064 οὐκ
1861 3012 2002 3063 ἐκοι-

319 3094 567 3167 νώνησας
587 3095 683 3166 τῆς
703 3096 937 3159 ἀδικίας,
960 3097 1052 3149 καὶ
1072 3097 1132 3149 οὐ
1156 3095 1518 3168 συνέπραξας,
1542 3099 1753 3167 καὶτῆς
1779 3099 2000 3152 πλεονεια

323 3181 442 3245 ξίας
461 3184 521 3235 οὐ
542 3183 770 3250 γέγονας
792 3183 1051 3254 ἐργάτης,
1074 3183 1363 3254 διόρθωσαι
1382 3185 1443 3238 τδ
1462 3185 1704 3253 γεγονὸς,
1744 3185 2001 3256 παραμύ⁹

322 3269 482 3339 θησαι
503 3269 592 3321 τὸν
613 3269 959 3338 ήδικημένον,
983 3270 1179 3333 ἀπόδος
1211 3270 1279 3323 τά
1313 3270 1694 3343 ἀφαιρεθέντα.
1719 3271 1874 3325 Οὕτω
1894 3271 2002 3343 γάρ

322 3357 419 3408 καὶ
441 3355 633 3408 σαυτὸν
656 3354 1041 3424 ἐλευθερώσεις
1062 3356 1448 3427 ἐγκλημάτων,
1484 3358 1578 3412 καὶ
1595 3359 1684 3412 τὸν
1705 3360 2002 3430 ἠδικηκότα

321 3441 610 3515 διορθώσῃ,
633 3442 812 3508 δείξας
850 3443 926 3507 ώς
964 3445 1025 3497 οὐ
1065 3444 1205 3498 κατά
1239 3445 1462 3516 γνώμην
1485 3462 1578 3498 σου
1600 3446 1668 3500 τὰ
1689 3447 1815 3517 παρ’
1837 3448 2000 3501 αὐτοῦ

324 3527 659 3598 πέπρακται,
700 3530 796 3582 καὶ
831 3529 920 3584 τὸν
958 3529 1165 3602 πένητα
1203 3531 1592 3602 παρακαλέσας
1628 3533 1729 3586 οὐκ
1766 3533 2002 3606 ἀφήσεις

325 3615 430 3668 ὑπὸ
465 3616 562 3686 τῆς
599 3616 834 3686 ἀθυμίας
869 3617 1265 3691 καταποθῆναι,
1287 3618 1353 3690 ἢν
1372 3618 1459 3673 διά
1479 3620 1574 3691 τὴν
1594 3619 1882 3692 ἀφαίρεσιν
1901 3621 2003 3691 ὐφ-

327 3702 574 3757 ίστασθαι
595 3702 807 3774 ἔμελλε.
832 3702 930 3773 Μὴ
957 3703 1134 3769 ἔστω,
1155 3706 1305 3776 φησὶ,
1325 3705 1490 3776 μάχη
1511 3707 1627 3761 ἀνὰ
1638 3707 1835 3776 μέσον
1855 3709 2001 3778 ἐμοῦ

323 3791 421 3842 καὶ
461 3790 600 3854 σοῦ,
627 3792 724 3845 καί
766 3790 885 3846 τῶν
924 3792 1222 3862 ποιμένων
1253 3810 1372 3863 μου
1411 3795 1509 3848 καί
1551 3793 1670 3847 τῶν
1704 3797 2002 3865 ποιμένων

322 3894 461 3944 σου,
483 3876 572 3930 ὄτι
594 3876 890 3946 ἅνθρωποι
910 3879 1159 3948 ἀδελφοί
1181 3880 1350 3950 ἡμεῖς
1368 3881 1572 3948 ἐσμεν.
1590 3877 1742 3945 Εἶδες
1763 3885 2002 3954 πραΰτη-

322 3981 392 4018 τα
411 3983 422 3994 ·
449 3962 588 4028 εἶδες
609 3966 938 4032 ἐπιείκειαν;
966 3967 1162 4020 ’Ἄκουε
1185 3967 1401 4022 καὶτῶν
1424 3967 1572 4036 ἐξῆς,
1597 3967 1684 4022 ἵνα
1707 3968 1883 4041 μάθῃς
1905 3970 2000 4023 αὐ-

323 4052 415 4106 τοῦ
435 4053 533 4124 τῆς
554 4054 869 4124 φιλοσοφίας
889 4054 986 4124 τὴν
1007 4054 1332 4125 ὑπερϐολήν.
1356 4054 1482 4118 Πῶς
1502 4050 1594 4108 οῦν
1613 4056 1682 4109 τά
1699 4057 1798 4126 τῆς
1821 4058 2000 4129 μάχης

322 4140 476 4193 λύσιν
514 4141 676 4211 λάϐῃ,
702 4142 795 4195 καὶ
839 4140 1038 4211 σϐεσθῇ
1061 4141 1129 4194 τά
1148 4145 1248 4212 τῆς
1269 4139 1631 4210 φιλονεικίας;
1665 4143 1809 4197 Ἰδοὺ
1831 4143 1999 4210 πᾶσα

321 4231 362 4298 ἠ
405 4229 502 4300 γῆ,
541 4233 725 4301 φησὶν,
756 4231 1035 4285 ἐναντίον
1079 4246 1192 4285 σου
1233 4231 1387 4285 ἐστι.
1434 4234 1856 4302 Διαχωρίσθητι
1897 4235 1999 4290 ἀπ’

322 4316 470 4385 ἐμοῦ
489 4333 502 4346 ο
527 4319 580 4370 εί
618 4317 700 4371 σὺ
737 4320 824 4384 εἰς
863 4318 1163 4386 ἀριστερὰ,
1190 4318 1304 4390 ἐγὼ
1324 4323 1409 4387 εἰς
1429 4320 1596 4385 δεξιά
1614 4338 1627 4352 ·
1649 4324 1701 4375 εὶ
1721 4321 1789 4375 δὲ
1809 4322 1890 4376 σὺ
1911 4326 1998 4390 είς

323 4401 513 4468 δεξιὰ,
537 4402 652 4473 ἐγὼ
669 4405 757 4470 εἰς
779 4404 1079 4474 ἀριστερά.
1104 4406 1304 4461 Σκόπει
1322 4406 1415 4460 τοῦ
1436 4409 1644 4462 δικαίου
1662 4407 1761 4479 τὴν
1784 4409 1996 4477 φιλοσο-

325 4491 454 4560 φίαν
484 4491 577 4543 καὶ
607 4490 705 4560 τῆς
735 4494 1233 4566 ταπεινοφροσύνης
1250 4495 1350 4566 τὴν
1370 4496 1640 4550 ἐπίτασιν.
1663 4496 1775 4568 Πρὸ
1793 4497 1850 4551 δέ
1870 4497 1993 4551 τού-

320 4595 428 4631 των
449 4576 620 4630 ἐννόει
643 4595 753 4647 μοι,
773 4581 1046 4650 ἀγαπητέ,
1069 4582 1167 4652 ὅση
1189 4582 1280 4635 τοῦ
1301 4582 1532 4636 πλούτου
1557 4584 1588 4654 ή
1609 4583 1777 4655 λύμη,
1792 4585 1884 4638 καὶ
1897 4584 1998 4654 τῆς

323 4666 639 4740 περιουσίας
681 4667 780 4738 τῆς
823 4667 1073 4738 πολλῆςή
1097 4669 1347 4740 διαφορά.
1381 4671 1604 4742 Ηύξήθη
1641 4674 1710 4725 τά
1747 4673 1994 4743 ποίμνια,

323 4754 679 4826 προσεγένετο
699 4753 928 4818 πλοῦτος
946 4753 1092 4826 [556]
1111 4755 1295 4818 πολὺς,
1315 4758 1408 4808 καὶ
1427 4757 1626 4822 εὐθέως
1647 4759 1997 4815 διακόπτεται

242 4869 256 4884 .
319 4844 354 4913 ἡ
377 4843 600 4914 ὁμόνοια
617 4859 629 4871 ·
652 4842 749 4896 καὶ
769 4842 896 4896 ἔνθα
914 4837 983 4912 ῆν
1003 4843 1036 4913 ή
1057 4842 1248 4913 εἰρήνη
1269 4842 1362 4895 καὶ
1380 4844 1408 4896 6
1427 4843 1720 4915 σύνδεσμος
1738 4848 1836 4919 τῆς
1857 4848 1998 4917 ἀγά-

323 4946 452 5000 πης,
475 4931 591 4983 ἐκεῖ
611 4931 757 5001 μάχη
778 4931 873 4984 καί⁸
894 4929 1394 4998 φιλονεικία.”οπου
1416 4929 1525 5002 γὰρ
1558 4931 1618 4984 τὸ
1654 4933 1786 5002 ἐμὸν
1823 4935 1918 4988 καί
1937 4937 1998 4988 τὸ

324 5017 592 5076 σὺν,εέκε”ί
629 5019 778 5070 πᾶσα
815 5017 996 5088 μάχης
1036 5016 1166 5082 ἰδέα,
1209 5017 1303 5071 καὶ
1341 5018 1671 5087 φιλονεικίας
1707 5020 1993 5087 ὑπόθεσιςο

320 5102 450 5156 ἔνθα
485 5104 542 5156 δέ
577 5104 733 5158 τοῦτο
773 5104 846 5176 μὴ
886 5101 942 5178 ᾗ,
963 5105 1032 5158 τὰ
1060 5105 1161 5176 τῆς
1186 5106 1440 5177 ὁμονοίας
1459 5106 1551 5161 καί
1570 5106 1638 5161 τά
1655 5110 1755 5179 τῆς
1775 5110 1997 5180 είρήνης

323 5190 461 5258 μετά
486 5190 665 5258 πάσης
683 5191 970 5261 ἀκριϐείας
989 5191 1346 5247 πολιτεύεται.
1369 5193 1478 5247 Καὶ
1500 5195 1585 5248 ἵνα
1607 5195 1805 5267 μάθῃς,
1829 5195 1994 5251 ἀκουε

320 5277 374 5329 τί
396 5294 562 5346 φησιν
596 5280 624 5331 6
659 5279 928 5352 μακάριος
948 5281 1162 5346 Λουκᾶς
1183 5282 1310 5353 περὶ
1328 5281 1435 5335 τῶν
1455 5281 1513 5347 ἐξ
1532 5283 1706 5354 ἀρχῆς
1726 5287 1792 5355 τῇ
1815 5284 1994 5340 πίστει

321 5361 812 5436 προσιόντωνῘΗν,
839 5367 992 5439 φησὶ,
1029 5367 1270 5422 πάντων
1290 5370 1328 5437 ἠ
1355 5368 1566 5436 καρδία
1602 5370 1701 5424 καί
1741 5372 1779 5440 ἡ
1820 5371 1992 5442 ψυχὴ

315 5454 458 5522 μιά’
497 5452 597 5508 οὐκ
633 5455 818 5527 ἐπειδὴ
852 5457 1029 5527 ψυχὴν
1053 5457 1179 5528 μίαν
1217 5451 1361 5527 εἶχον
1399 5457 1772 5530 πάντες(πῶς
1791 5459 1899 5531 γάρ
1936 5464 1993 5514 ἐν

318 5542 594 5612 διαφόροις
617 5543 860 5615 σώμασιν
880 5545 1030 5608 ὄντες
1050 5564 1063 5599 :
1085 5545 1127 5614 ),
1161 5544 1295 5599 ἀλλά
1326 5545 1421 5616 τὴν
1447 5545 1842 5618 ἐπιτεταμένην
1862 5547 1984 5617 671.6-

320 5645 465 5686 νοιαν
483 5633 614 5700 ἡμῖν
635 5632 890 5685 δείκνυσι.
917 5631 1028 5684 Καὶ
1047 5633 1096 5684 εί
1118 5633 1190 5701 μὴ
1214 5633 1417 5702 σφόδρα
1443 5632 1791 5702 μακρόθυμός
1811 5651 1893 5697 τις
1924 5630 1992 5704 ἦν

323 5715 591 5784 ὁδίγαιος,
615 5724 708 5777 καὶ
748 5722 1054 5797 φιλοσοφεῖν
1083 5719 1258 5784 εἰδὼς,
1283 5721 1375 5774 καὶ
1407 5720 1739 5792 ἐχαλέπηνεν
1776 5721 1860 5785 ἂν,
1897 5723 1994 5777 καὶ

1113 261 1172 318 S.
1213 257 1503 318 JOANNIS
1538 258 2036 318 CHRYSOSTOMI
2072 255 2399 314 ARCIIIEP.
2440 250 2993 311 CONSTANTINOP.

3686 248 3800 305 310

2109 371 2228 428 εἰπε
2271 372 2408 444 πρὸς
2443 370 2624 426 αὐτόν’
2665 369 2831 439 Τίςοή
2870 365 3108 436 τοσαύτη
3150 361 3435 438 παροινία;
3461 362 3640 427 Ὀλως
3680 364 3796 434 γὰρ

2103 462 2408 532 ἐτόλμησαν
2446 460 2496 513 οἰ
2534 455 2905 530 προσήκοντές
2946 471 3028 507 σοι
3066 453 3250 524 διᾶραι
3289 451 3464 522 στόμα
3505 452 3642 522 πρὸς
3665 452 3795 516 τοὺς

2105 551 2227 621 ἐμοὶ
2245 548 2604 619 διαφέροντας
2627 562 2641 608 ;
2681 544 2775 598 καὶ
2806 545 2904 596 οὐκ
2926 541 3236 611 ἐνενόησαν,
3258 541 3381 594 ὅσον
3402 541 3461 593 τὸ
3485 540 3648 610 μέσον
3671 541 3793 593 ἐστὶ

2107 638 2310 710 μεταξύ
2331 636 2517 707 ήμῶν;
2541 634 2711 688 Πόθεν
2731 634 2840 703 γάρ
2862 649 2942 684 σοι
2963 629 3030 684 τά
3049 630 3148 701 τῆς
3168 628 3430 699 εὐπορίας
3450 629 3653 697 ταύτης
3694 645 3791 696 γε-

2105 725 2365 795 γένηται;
2399 724 2498 778 οὐκ
2530 724 2595 775 ἐκ
2630 722 2729 792 τῆς
2763 721 2902 790 ἐμῆς
2935 717 3411 788 κηδεμονίας;Τίς
3434 717 3489 770 δέ
3513 735 3570 770 σε
3593 719 3674 780 εἰς
3694 719 3790 770 ἀν-

2106 811 2358 885 θρώπους
2393 810 2623 880 ὀφθῆναι
2660 806 2995 878 πεποίηκεν;
3035 806 3134 858 οὐκ
3172 803 3282 874 ἐγὼ
3320 805 3440 858 ἀντὶ
3465 805 3682 858 πάντων
3705 823 3788 857 σοι

2104 897 2365 968 γεγονὼς,
2387 898 2481 952 καὶ
2502 897 2601 967 τὴν
2623 895 2826 966 πατρός
2847 911 2928 948 σοι
2949 892 3139 962 χρείαν
3159 889 3247 944 διὰ
3268 893 3488 945 πάντων
3517 891 3788 956 ἐπιδειξά-

2109 1002 2268 1054 μενος
2287 1003 2302 1051 ;
2322 983 2536 1047 Ταύτας
2559 999 2646 1053 μοι
2667 981 2765 1046 τὰς
2785 979 3021 1051 ἀμοιϐὰς
3042 978 3306 1041 ἀποδίδως
3325 978 3423 1049 τῆς
3445 978 3642 1048 πολλῆς
3660 978 3790 1048 περὶ

2108 1073 2167 1125 σέ
2203 1070 2534 1144 θεραπείας;
2587 1071 2771 1123 Ταῦτα
2810 1065 3043 1130 ἐλπίζων
3081 1064 3357 1137 πανταχοῦ
3398 1083 3457 1119 σε
3497 1066 3612 1136 μετ’
3652 1065 3787 1136 ἐμοῦ

2111 1161 2406 1231 περιῆγον;
2442 1160 2643 1223 Ἔστω,
2663 1156 2815 1210 οὐδὲν
2847 1155 2956 1208 τῶν
2993 1155 3360 1226 ὑπηργμένων
3399 1172 3480 1208 σοι
3502 1153 3630 1224 παρ’
3652 1152 3788 1224 ἐμοῦ

2105 1248 2186 1310 εἰς
2225 1247 2432 1300 ἔννοιαν
2467 1245 2658 1308 ἔλαϐες
2677 1261 2691 1275 ο
2725 1243 2827 1297 κάν
2849 1261 2950 1312 μου
2971 1241 3100 1312 γοῦν
3118 1242 3178 1295 τὸ
3197 1242 3375 1312 γῆρας
3395 1241 3706 1311 αἰδεσθῆναί
3730 1257 3790 1293 σε

2106 1335 2206 1388 οὐκ
2225 1333 2413 1405 ἐχρῆν,
2436 1333 2532 1386 καὶ
2548 1332 2774 1403 τιμῆσαι
2796 1331 2895 1394 τὰς
2915 1329 3107 1394 πολιάς
3126 1333 3225 1392 τὰς
3246 1330 3384 1401 ἐμάς
3404 1348 3419 1396 ;
3454 1329 3611 1383 Ἀλλά
3634 1345 3793 1400 περι-

2106 1422 2245 1486 εῖδες
2275 1423 2402 1485 τούς
2434 1421 2701 1492 ποιμένας
2720 1419 2846 1482 τοὺς
2867 1420 2994 1480 σούς
3015 1421 3167 1489 ἐμπα
3176 1419 3484 1490 ροινοῦντας
3503 1421 3615 1482 τοῖς
3635 1420 3794 1489 ἐμοῖς

2107 1508 2382 1580 ποιμέσιν,
2402 1507 2500 1560 οὐκ
2520 1506 2676 1570 εἰδὼς
2694 1507 2775 1560 ὅτι
2796 1505 2986 1577 ὥσπερ
3003 1508 3037 1576 ή
3060 1507 3138 1569 εἰς
3155 1506 3396 1570 ἐκείνους
3414 1505 3568 1575 ὕϐρις
3588 1507 3668 1568 είς
3686 1505 3793 1575 ἐμὲ

2105 1595 2392 1664 διαϐαίνει,
2405 1594 2548 1648 οὕτω
2569 1595 2662 1648 καὶ
2681 1597 2715 1666 ή
2737 1593 2960 1648 ἐκείνων
2980 1593 3283 1668 προπέτεια
3302 1596 3382 1657 εἰς
3401 1593 3459 1647 σὲ
3481 1593 3575 1664 τὴν
3591 1593 3795 1662 ἀναφο-

2112 1684 2210 1757 ρὰν
2229 1683 2364 1756 ἔχει.

2177 1789 2239 1843 δ’.
2284 1789 2422 1843 Ἀλλ’
2443 1789 2593 1844 οὐδὲν
2610 1789 2815 1843 τούτων
2833 1791 2861 1844 6
2878 1789 3086 1852 δίκαιος
3104 1786 3228 1842 οὔτε
3250 1789 3330 1850 είς
3346 1787 3584 1842 διάνοιαν
3601 1787 3793 1840 λαϐεῖν

2108 1875 2450 1940 κατεδέξατο,
2472 1876 2607 1930 ἀλλά
2644 1878 2820 1931 πάντα
2853 1876 3094 1931 τοιοῦτον
3125 1874 3383 1947 λογισμὸν
3403 1875 3788 1946 ἀπωσάμενος,

2109 1966 2227 2030 ἐνὸς
2258 1967 2466 2035 γίνεται
2504 1968 2688 2037 μόνου,
2710 1967 2859 2030 ὅπως
2891 1966 2986 2020 καὶ
3015 1965 3115 2036 τὴν
3137 1965 3436 2036 μέλλουσαν
3457 1964 3789 2030 ἐξάπτεσθαι

2109 2054 2442 2123 φιλονεικίαν
2461 2054 2795 2125 κατασϐέσῃ,
2817 2055 2910 2107 καὶ
2929 2053 3019 2107 τὸν
3038 2053 3312 2123 χωρισμὸν
3332 2052 3554 2117 ἀλύπως
3573 2055 3790 2124 ἐπινοή-

2110 2158 2211 2205 σας
2241 2141 2422 2210 πάσης
2455 2142 2702 2213 ταραχῆς
2739 2141 2893 2204 ἐκτὸς
2925 2143 3128 2214 ποιήσῃ
3146 2143 3244 2212 τὴν
3264 2141 3460 2195 οίκίαν.
3487 2144 3608 2195 Οὐκ
3633 2141 3789 2206 ἰδοὺ,

2109 2229 2263 2298 φησι,
2285 2228 2453 2282 πᾶσα
2491 2231 2528 2296 ἡ
2569 2228 2646 2298 γῆ
2689 2229 2970 2283 ἐναντίον
3006 2243 3122 2283 σου
3162 2229 3326 2290 ἑστί;
3364 2230 3792 2298 Διαχωρίσθητι

2107 2315 2209 2368 ἀπ’
2229 2315 2374 2383 ἐμοῦ
2396 2333 2409 2346 ο
2452 2318 2504 2368 εἰ
2544 2315 2625 2369 σὺ
2659 2318 2746 2381 είς
2763 2315 2951 2380 δεξιὰ,
2973 2315 3086 2384 ἐγὼ
3106 2318 3194 2381 είς
3212 2314 3494 2383 ἀριστερά
3512 2333 3526 2346 ο
3549 2318 3598 2369 εἰ
3620 2317 3687 2369 δὲ
3704 2318 3791 2369 σὺ

2107 2403 2210 2466 είς·
2232 2401 2536 2469 ἀριστερὰ,
2563 2401 2678 2471 ἐγὼ
2714 2404 2802 2467 εὶς
2841 2401 3026 2465 δεξιά.
3043 2401 3186 2471 Ὅρα
3220 2401 3318 2471 τὴν
3357 2402 3655 2455 ἐπιείκειαν
3693 2401 3791 2454 τοῦ

2107 2487 2338 2542 δικαίου.
2362 2490 2584 2552 Δεικνὺς
2622 2488 2730 2557 γὰρ
2767 2488 2915 2560 αὐτῷ
2933 2488 3021 2541 διὰ
3039 2489 3148 2542 τῶν
3167 2489 3531 2560 πραγμάτων,
3571 2490 3653 2544 ὅτι
3689 2492 3791 2560 οὐχ

2108 2575 2248 2630 ἐκὼν
2266 2575 2423 2629 τοῦτο
2443 2577 2738 2645 ποιεῖ,οὐδέ
2761 2575 3080 2647 βουλόμενος
3097 2576 3260 2630 αὐτὸν
3275 2576 3630 2648 χωρισθῆναι,
3649 2578 3793 2632 ἀλλὰ

2106 2663 2194 2717 διά
2211 2665 2309 2734 τὴν
2326 2665 2425 2732 τῆς
2445 2664 2776 2733 φιλονεικίας
2797 2665 3066 2735 ἀνάγκην,
3084 2666 3178 2718 καὶ
3197 2664 3336 2718 ὥστε
3361 2664 3435 2735 μὴ
3454 2666 3676 2736 διηνεκῆ
3698 2666 3793 2720 τὸν

2109 2751 2342 2822 πόλεμον
2381 2747 2519 2806 εῖναι
2559 2754 2616 2805 ἐν
2634 2755 2700 2824 τῇ
2722 2753 2891 2823 οἰκίᾳ,
2915 2751 3244 2815 σκόπει’πῶς
3261 2751 3348 2806 διὰ
3365 2753 3471 2805 τῶν
3492 2753 3665 2820 λόγων
3686 2772 3792 2806 κα-

2106 2841 2408 2912 ταπραύνει
2445 2841 2611 2894 αὐτοϋ
2649 2842 2748 2912 τὴν
2785 2841 3125 2913 φλεγμονὴν,
3162 2842 3257 2894 καὶ
3292 2842 3440 2912 αὐτῷ
3475 2845 3656 2896 πᾶσαν
3692 2843 3795 2914 τὴν

2107 2928 2353 2994 ἐξουσίαν
2387 2929 2570 2983 δίδωσι
2607 2929 2708 2996 τῆς
2746 2929 3000 2999 ἐκλογῆς,
3021 2931 3116 2983 καὶ
3152 2931 3473 3002 προτίθησιν
3509 2931 3658 3002 αὐτῷ
3690 2933 3794 3002 τὴν

2107 3017 2209 3086 γῆν
2231 3015 2472 3080 ἃπασαν,
2495 3017 2586 3069 καί
2609 3031 2773 3086 φησιν
2793 3033 2806 3047 ·
2833 3019 2956 3071 Οὐκ
2997 3017 3126 3071 ἰδοὺ
3165 3018 3337 3073 πᾶσα
3354 3019 3392 3086 ἠ
3416 3017 3491 3087 γῆ
3510 3019 3795 3074 ἐναντίον

2107 3117 2255 3168 σου;
2280 3105 2382 3157 Ἦν
2402 3103 2468 3156 ἂν
2491 3103 2676 3176 βούλῃ,
2691 3102 2836 3168 ἐλοῦ,
2855 3103 3011 3169 κάγὼ
3029 3105 3244 3175 ἐκείνην
3265 3105 3627 3176 καταδέξομαι
3647 3109 3793 3178 μετά

2110 3189 2307 3260 πολλῆς
2345 3191 2445 3261 τῆς
2480 3191 2696 3262 ἡδονῆς,
2719 3192 2784 3262 ἢν
2819 3192 2884 3246 ἀν
2919 3192 3079 3255 αὐτὸς
3097 3192 3421 3264 καταλίπῃς.
3444 3194 3671 3265 Μεγάλη
3691 3197 3790 3250 τοῦ

2106 3277 2314 3332 δικαίου
2352 3280 2386 3348 ή
2429 3279 2738 3347 φιλοσοφία.
2797 3279 2897 3334 Διά
2934 3280 3152 3334 πάντων
3189 3267 3501 3352 ἀνέπαχθὴς
3539 3282 3788 3352 βούλεται

2107 3368 2363 3437 γενέσθαι
2381 3367 2460 3439 τῷ
2479 3368 2763 3440 ἀδελφιδῷ.
2782 3367 2998 3441 Ἐπειδὴ
3019 3370 3148 3438 γάρ,
3164 3370 3349 3440 φησὶν,
3365 3371 3501 3442 ὅπερ
3519 3374 3620 3426 οὐκ
3638 3373 3788 3426 ἐϐου-

2107 3456 2302 3528 λόμην,
2323 3457 2481 3510 τοῦτο
2518 3457 2748 3525 γίνεται,
2773 3458 2870 3510 καὶ
2905 3457 2993 3510 ἴνα
3024 3457 3090 3511 τά
3114 3459 3213 3528 τῆς
3235 3458 3562 3526 φιλονεικίας
3582 3462 3784 3533 παυθῇ,

2106 3544 2198 3596 τὸν
2218 3542 2497 3614 χωρισμὸν
2516 3545 2732 3613 ἀνάγκη
2755 3543 3052 3614 συμϐῆναι·
3077 3544 3166 3597 διὰ
3185 3543 3340 3597 τοῦτό
3364 3563 3422 3598 σε
3442 3546 3630 3617 κύριον
3651 3550 3788 3603 καθ-

2111 3630 2300 3700 ίστημι
2337 3631 2438 3702 τῆς
2458 3631 2743 3702 αἱρέσεως,
2767 3632 2861 3686 καὶ
2879 3631 2976 3702 τὴν
2998 3631 3246 3698 ἐξουσίαν
3269 3649 3350 3685 σοι
3371 3635 3551 3687 πᾶσαν
3570 3635 3786 3707 δίδωμι,

2107 3719 2196 3771 ἵνα
2214 3718 2280 3790 ἣν
2303 3719 2368 3773 ἀν
2389 3719 2620 3790 νομίσῃς
2637 3715 2776 3772 εἶναι
2792 3719 3126 3790 τιμιωτέραν
3141 3720 3265 3790 γῆν,
3282 3721 3496 3791 ἐκείνην
3512 3723 3786 3793 ἐλόμενος,

2105 3806 2204 3878 τὴν
2239 3806 2432 3878 λοιπὴν
2469 3807 2593 3875 ἐμοὶ
2632 3805 3112 3881 κατα).ίπῃς.¹Ἀρα
3153 3810 3218 3863 ἀν
3237 3809 3394 3864 τοῦτο
3413 3813 3634 3882 ποιῆσαί
3654 3815 3787 3867 ποτέ

2105 3911 2190 3956 τις
2209 3892 2530 3957 κατεδέξατο
2552 3893 2687 3964 πρὸς
2705 3893 2943 3965 ὁμήλικα
2963 3895 3211 3964 ἀδελφὺν,
3241 3897 3378 3970 ὅπερ
3397 3900 3424 3951 6
3445 3901 3788 3971 πατριάρχης

2107 3981 2243 4048 πρὸς
2261 3981 2350 4034 τὸν
2372 3979 2691 4048 ἀδελφιδοῦν
2711 3981 3022 4046 ἐπεδείξατο
3043 4000 3056 4047 ;
3079 3984 3142 4036 Εἰ
3162 3983 3270 4056 γάρ
3291 3987 3386 4038 καὶ
3405 3987 3568 4050 αὐτὸς
3589 3989 3788 4057 προλαο

2106 4066 2216 4120 ϐὼν
2251 4067 2350 4139 τὴν
2375 4065 2522 4139 [537]
2547 4066 2776 4138 ἐκλογὴν
2817 4070 3206 4140 ποιησάμενος,
3228 4073 3324 4125 καὶ⁸
3342 4073 3411 4126 τά
3429 4077 3676 4144 πρωτεῖα
3694 4076 3785 4128 λα-

2105 4153 2215 4207 ϐὼν
2237 4152 2634 4225 παρεχώρησεν
2655 4154 2848 4225 ἐκείνῳ
2869 4155 2936 4208 τὰ
2958 4156 3371 4226 ὑπολειφθέντα,
3393 4161 3512 4229 οὐχὶ
3531 4162 3626 4213 καὶ
3644 4162 3788 4216 οὕτω

2107 4241 2248 4311 μέγα
2264 4237 2332 4312 ἦν
2349 4240 2412 4294 τὺ
2434 4242 2565 4311 παρ’
2585 4240 2749 4295 αὐτοῦ
2769 4243 3050 4312 γινόμενον
3077 4261 3091 4310 ;
3136 4245 3274 4299 Ἀλλ’
3294 4247 3445 4316 ὅμως
3466 4247 3784 4318 βουλόμενος

2105 4329 2198 4380 καὶ
2234 4328 2334 4399 τῆς
2373 4329 2576 4400 ἀρετῆς
2610 4328 2783 4393 δεῖξαι
2821 4329 2918 4402 τὴν
2959 4331 3284 4402 ὑπερϐολὴν,
3309 4334 3402 4386 καὶ
3432 4335 3524 4388 τοῦ
3546 4336 3668 4388 νέου
3687 4337 3787 4404 τὴν

2103 4413 2400 4485 ἐπιθυμίαν
2434 4415 2734 4485 ἐμπλῆσαι,
2755 4415 2895 4470 ὥστε
2917 4417 3188 4487 μηδεμίαν
3223 4419 3332 4472 ἀπὸ
3365 4419 3460 4472 τοῦ
3501 4424 3784 4492 χωρισμιύ

2103 4500 2356 4570 γενέσθαι
2393 4501 2571 4574 λύπης
2608 4503 2885 4574 ἀφορμὴν,
2909 4504 3060 4574 αὐτῷ
3097 4505 3322 4578 προθεὶς
3342 4507 3560 4561 ἃπασαν
3579 4509 3678 4578 τὴν
3699 4511 3786 4574 ἐξ·

2102 4589 2312 4655 ουσίαν,
2335 4590 2498 4660 φησίν
2520 4607 2532 4620 ·
2568 4590 2723 4645 Ἰδοὺ
2743 4590 2914 4646 πᾶσα
2936 4594 2973 4660 ἡ
3001 4593 3074 4663 γῆ
3097 4594 3378 4650 ἐναντίον
3396 4613 3513 4651 σου
3535 4615 3551 4628 ο
3573 4597 3786 4666 διαχω-

2096 4677 2338 4746 ρίσθητι
2377 4678 2478 4732 ἀπ’
2498 4678 2668 4746 ἐμοῦ,
2691 4680 2786 4732 καὶ
2821 4680 2941 4734 οἵαν
2974 4680 3040 4735 ἂν
3083 4682 3244 4755 βούλῃ
3282 4683 3424 4738 ἐλοῦ.
3447 4685 3576 4739 Δέον
3601 4688 3784 4739 τοίνυν

2101 4763 2194 4816 τὸν
2211 4763 2527 4832 ἀδελφιδοῦν
2545 4764 2814 4836 τοσαύτης
2832 4767 3135 4833 ἐπιεικείας
3157 4772 3485 4841 πειραθέντα
3504 4773 3786 4843 ἀντιτιμῆ-

2105 4866 2194 4904 σαι
2212 4849 2302 4904 τὺν
2324 4868 2430 4906 πατ
2439 4851 2691 4924 ριάρχην,
2705 4855 2801 4907 καὶ
2823 4854 3022 4924 μᾶλλον
3037 4857 3200 4910 αὐτὸν
3217 4857 3367 4928 αὐτῷ
3383 4861 3783 4930 παραχωρῆσαι

2101 4939 2201 5008 τῆς
2228 4937 2495 5009 αἱρέσεως
2513 4940 2610 5010 τὴν
2631 4941 2886 5013 ἐκλογήν.
2906 4942 3195 5016 Είώθαμεν
3213 4947 3321 5018 γάρ
3341 4965 3459 5011 πως
3476 4947 3714 5012 ἅπαντες
3732 4950 3784 5003 οἰ

2101 5026 2198 5081 ἀνθ
2207 5043 2401 5098 ρωποι,
2418 5029 2638 5083 ἐπειδὰν
2657 5030 3056 5096 ἀντιτείνοντας
3077 5033 3176 5102 μὲν
3197 5034 3394 5105 ἴδωμεν
3412 5037 3538 5099 τοὺς
3563 5035 3786 5106 μέλλον-

2099 5131 2199 5178 τας
2237 5113 2372 5186 πρὸς
2409 5117 2559 5185 ἡμᾶς
2597 5133 2650 5169 τι
2689 5117 3066 5188 διερευνᾶσθαι
3086 5121 3181 5174 καὶ
3200 5121 3632 5190 φιλονεικοῦντας
3669 5128 3784 5189 τοῖς

2103 5201 2387 5272 πρωτείοις
2422 5202 2728 5274 ἐπιπηδᾷν,
2770 5203 2846 5274 μὴ
2883 5205 3171 5276 ἀνέχεσθαι
3209 5208 3598 5274 ἐλαττοῦσθαι,
3644 5212 3783 5282 μηδέ

2100 5288 2359 5344 ἐνδιδόναι
2379 5288 2590 5352 αὐτοῖς’
2611 5291 2740 5344 ὅταν
2759 5292 2816 5346 δὲ
2837 5294 3299 5366 παραχωροῦντας
3320 5295 3663 5368 θεασώμεθα,
3686 5301 3783 5353 καὶ

2102 5375 2519 5446 καθυφειμένοις
2541 5377 2750 5448 ῥήμασι
2769 5379 2870 5451 τὴν
2888 5380 3136 5446 ἐξουσίαν
3171 5381 3388 5437 ἃπασαν
3407 5387 3542 5455 ἡμῖν
3560 5386 3782 5456 ἐπιτρέ-

2101 5478 2321 5526 ποντας,
2345 5461 2534 5534 ὥσπερ
2552 5465 2856 5535 αἰδούμενοι
2875 5467 2976 5538 τὴν
2996 5469 3194 5540 πολλὴν
3213 5471 3538 5535 ἐπιείκειαν,
3560 5473 3654 5524 καὶ
3680 5472 3780 5542 τῆς

2101 5550 2430 5619 φιλονεικίας
2447 5551 2816 5622 ἀφιστάμεθα,
2833 5557 2929 5610 καὶ
2949 5557 3111 5610 πάλιν
3131 5559 3576 5631 ἀντιστρέφοντες
3598 5561 3781 5612 πᾶσαν

2100 5638 2198 5706 τὴν
2237 5635 2485 5701 ἐξουσίαν
2522 5641 2976 5712 παραχωροῦμεν,
3001 5644 3101 5696 κᾶν
3137 5645 3382 5698 ἐλάττων
3414 5643 3553 5699 εἶναι
3588 5647 3720 5715 δοκῇ
3749 5647 3782 5701 6

2105 5723 2236 5798 πρὸς
2257 5725 2404 5795 ἡμᾶς
2421 5724 2863 5798 διερευνώμενος.
2895 5729 3156 5800 Ὀφείλων
3177 5732 3355 5787 τοίνυν
3377 5735 3467 5787 καὶ
3488 5735 3516 5786 6
3537 5733 3661 5786 Λὼτ
3685 5734 3776 5788 ἐπὶ
