4020 6136
441 308 546 365 509

443 426 663 481 advena:
691 422 779 478 hic
805 422 1064 478 versaturi
1087 431 1232 487 sunt,
1262 437 1396 492 quos
1422 421 1864 489 mansuetudinis,
1893 421 2028 477 leni-

446 520 588 582 tatis,
615 526 670 572 et
699 516 874 569 munis
910 514 1261 585 philosophia:
1299 514 1546 570 doctores
1583 528 1703 568 esse
1725 513 2024 582 oportebat,

445 611 582 664 inter
625 624 684 663 se
727 608 1052 662 contendere
1093 616 1147 662 et
1174 607 1492 676 digladiari?
1519 607 1751 660 Audiam
1794 605 1912 661 htec
1937 605 2028 676 qui

441 717 501 755 se
526 711 678 756 extra
721 699 1198 768 reprehensionem
1245 706 1436 768 putant
1481 712 1622 762 esse,
1665 697 1878 767 quando
1903 710 2028 766 pro-

441 800 560 859 pter
591 788 1000 843 familiaritatem
1025 787 1334 856 propinquis
1364 786 1476 840 suis
1500 785 1790 840 connivent
1814 785 2029 854 rapien-

443 882 605 945 tibus,
653 881 1063 950 decipientibus,
1096 881 1260 933 multa
1309 878 1446 933 mala
1496 878 1944 941 machinantibus,
1974 886 2030 931 et

443 971 494 1023 in
524 971 847 1034 civitatibus,
878 979 932 1025 et
960 971 1010 1024 in
1033 971 1195 1040 agris,
1221 969 1588 1024 auferentibus
1614 984 1643 1022 a
1671 968 1858 1024 vicinis
1888 983 2033 1023 nunc

442 1077 651 1128 agrum,
701 1076 843 1115 nunc
887 1060 1126 1123 domum,
1159 1074 1327 1128 eaque
1365 1058 1432 1113 de
1474 1073 1631 1113 causa
1682 1058 1868 1127 majori
1896 1057 2032 1113 tales

445 1147 692 1203 homines
732 1149 1101 1204 benevolentia
1143 1159 1558 1218 prosequuntur.
1597 1147 1728 1202 Nam
1767 1148 1890 1202 licet
1927 1147 2028 1200 ini-

444 1256 608 1309 quum
631 1255 767 1309 opus
795 1240 864 1294 ab
883 1237 989 1295 alio
1017 1249 1283 1309 patratum
1311 1243 1401 1304 sit,
1441 1248 1614 1292 tamen
1643 1245 1698 1292 et
1727 1237 1840 1306 ipse
1869 1251 2033 1305 nego-

449 1330 502 1384 tii
533 1330 798 1400 particeps
824 1327 971 1383 fuisti
1001 1347 1015 1381 :
1045 1343 1150 1382 non
1181 1328 1355 1382 solum
1383 1327 1524 1396 quod
1546 1326 1832 1380 oblecteris
1862 1324 2024 1392 facto,

445 1427 502 1474 et
541 1419 731 1474 credas
777 1418 900 1474 inde
940 1417 1280 1481 facultatibus
1315 1417 1423 1471 tuis
1461 1417 1847 1470 incrementum
1875 1430 2030 1470 acce-

445 1509 611 1575 dere;
642 1507 737 1564 sed
765 1508 907 1578 quod
948 1507 1250 1578 prohibeas,
1279 1523 1349 1562 ne
1401 1507 1602 1563 facinus
1645 1507 2028 1560 committatur.

446 1600 577 1658 Nam
599 1600 686 1670 qui
718 1598 1003 1669 prohibere
1022 1605 1198 1669 potest
1221 1613 1344 1654 eum
1372 1597 1461 1667 qui
1488 1597 1735 1667 injuriam
1765 1595 1946 1662 infert,
1979 1603 2036 1650 et

449 1708 553 1751 non
602 1692 869 1762 prohibet,
912 1691 958 1746 is
995 1707 1102 1746 non
1147 1691 1411 1745 minorem
1456 1690 1568 1744 luet
1596 1702 1830 1759 pmnam,
1872 1703 2034 1759 quam

447 1784 535 1853 qui
568 1783 813 1851 injuriam
841 1781 1022 1836 infert.

517 1878 560 1928 Α
581 1875 845 1946 fraudibus
857 1884 904 1929 et
925 1874 1118 1944 rapinis
1136 1881 1406 1927 avocat.—
1418 1871 1654 1926 Obsecro
1669 1871 1848 1940 igitur,
1867 1886 1933 1924 ne
1949 1883 2035 1924 se-

449 1967 705 2021 ducamus
733 1965 1111 2034 nosmetipsos,
1133 1963 1227 2019 sed
1253 1976 1307 2018 et
1332 1963 1430 2032 ipsi
1458 1961 1720 2032 fugiamus
1746 1961 1956 2030 rapinas
1980 1967 2037 2014 et

450 2058 685 2124 fraudes,
729 2067 786 2112 et
827 2073 891 2113 ex
935 2055 1232 2111 istiusmodi
1275 2056 1480 2110 artibus
1497 2055 1853 2109 emolumenta
1877 2061 1930 2106 et
1953 2053 2037 2106 lu-

449 2168 580 2206 cra:
631 2161 684 2206 et
726 2150 1014 2205 familiares
1051 2157 1264 2203 nostros
1307 2146 1636 2213 erudiamus,
1668 2161 1736 2200 ne
1769 2144 1896 2214 quid
1929 2144 2034 2198 tale

450 2250 759 2310 Opereiitur.
790 2241 905 2296 Non
933 2240 1076 2295 enim
1117 2239 1222 2294 hoc
1250 2253 1350 2294 nos
1388 2239 1624 2292 insontes
1658 2244 1898 2306 praestat,
1939 2235 2033 2290 sed

453 2335 631 2402 potius
656 2332 844 2401 majori
873 2331 1302 2387 condemnationi
1330 2329 1834 2398 obnoxios:quiain
1865 2328 2034 2383 nostri

451 2425 672 2495 gratiam
702 2424 775 2478 illi
803 2439 953 2478 suam
982 2424 1292 2478 amittentes
1325 2423 1574 2488 salutem,
1602 2421 1913 2490 iniustitiam
1941 2435 2036 2474 au-

451 2520 600 2582 dent,
629 2526 683 2572 et
709 2518 807 2586 ipsi
837 2518 889 2571 in
920 2518 1212 2586 perniciem
1239 2524 1430 2571 euntes
1455 2528 1556 2569 nos
1583 2528 1766 2568 secum
1797 2513 2030 2582 rapiunt.

451 2609 602 2674 Quod
628 2608 673 2661 si
703 2608 886 2677 vigiles
915 2622 1036 2662 esse
1063 2606 1408 2670 voluerimus,
1437 2612 1493 2660 et
1519 2604 1619 2672 ipsi
1645 2603 1714 2658 ab
1747 2617 1814 2657 eo
1839 2603 2035 2658 damno

455 2697 816 2756 liberabimur.
871 2702 928 2751 et
978 2696 1100 2750 illos
1138 2711 1168 2749 a
1199 2693 1354 2749 malis
1390 2693 1671 2748 conatibus
1710 2692 2031 2746 arcebimus.

455 2788 624 2848 Porro
670 2803 737 2842 ne
784 2786 916 2841 mihi
952 2785 1100 2840 dicas
1140 2784 1328 2840 frivola
1378 2785 1469 2838 illa
1510 2782 1708 2837 verba:
1736 2781 1877 2835 Nihil
1904 2780 2036 2834 mihi

452 2895 597 2935 cura:
637 2887 738 2935 est.
785 2877 1048 2947 Numquid
1075 2892 1176 2946 ego
1203 2876 1397 2946 rapui?
1425 2875 1568 2930 Nihil
1608 2874 1738 2929 mihi
1783 2889 1845 2927 ea
1882 2873 1949 2928 de
1977 2889 2038 2929 re

453 2977 694 3024 constat:
725 2968 859 3023 alius
884 2965 1029 3031 fecit,
1052 2982 1156 3021 non
1182 2965 1254 3020 fui
1277 2965 1550 3034 particeps
1570 2964 1859 3032 injustitiaa.
1892 2963 2038 3017 Pras-

457 3069 630 3114 textus
657 3058 746 3113 illa
786 3067 930 3123 sunt,
958 3065 1014 3113 et
1044 3057 1201 3112 inane
1240 3065 1626 3110 commentum.
1655 3053 1711 3108 Si
1745 3054 1827 3108 vis
1853 3053 2035 3107 decla-

455 3166 578 3204 rare
603 3159 652 3204 te
675 3165 781 3204 non
805 3159 1109 3204 consortem
1145 3147 1311 3201 fuisse
1345 3146 1637 3215 injustitiae,
1665 3160 1836 3215 neque
1862 3142 2037 3198 avari-

457 3241 542 3294 tia:
568 3239 854 3305 studuisse,
877 3238 1102 3294 emenda
1129 3239 1347 3304 factum,
1377 3238 1552 3292 solare
1577 3252 1698 3291 eum
1730 3237 1818 3305 qui
1846 3236 2036 3304 injuria

455 3332 674 3387 affectus
695 3341 796 3398 est,
832 3331 1000 3386 redde
1030 3332 1227 3385 ablata.
1257 3331 1348 3384 Sic
1372 3329 1514 3384 enim
1545 3337 1600 3384 et
1627 3329 1852 3397 teipsum
1873 3343 1902 3380 a
1929 3327 2034 3381 cri-

456 3423 687 3477 minibus
716 3421 987 3488 liberabis,
1017 3430 1071 3476 et
1093 3436 1214 3475 eum
1241 3421 1331 3488 qui
1356 3419 1600 3488 injuriam
1630 3418 1752 3472 fecit
1775 3417 2032 3486 corriges,

455 3513 499 3566 si
543 3513 912 3579 declaraveris,
956 3514 1071 3566 haec
1110 3527 1214 3566 non
1255 3511 1419 3566 fuisse
1445 3512 1579 3565 facta
1618 3509 1912 3564 secundum
1943 3523 2036 3561 vo—

457 3607 712 3661 luntatem
758 3614 924 3667 tuam,
964 3615 1019 3659 et
1046 3605 1329 3658 consolans
1356 3599 1664 3672 pauperem,
1699 3617 1803 3655 non
1844 3600 2038 3654 siveris

456 3712 581 3750 eum
621 3712 650 3749 a
699 3696 912 3751 tristitia
954 3695 1250 3760 absorberi,
1293 3709 1450 3763 quam
1492 3693 1684 3746 ablatis
1732 3692 1887 3744 bonis
1929 3691 2040 3744 suis

459 3801 714 3855 passurus
733 3798 868 3840 erat.
900 3784 982 3839 Ne
1006 3786 1091 3850 sit,
1121 3785 1312 3854 inquit,
1338 3785 1451 3836 rixa
1477 3784 1608 3836 inter
1642 3798 1719 3835 me
1745 3791 1789 3835 et
1815 3792 1881 3847 te,
1913 3783 2040 3836 inter

459 3886 684 3944 pastores
710 3891 844 3928 meos
869 3883 912 3928 et
938 3882 1070 3939 tuos,
1109 3875 1228 3942 quia
1253 3874 1476 3928 homines
1505 3874 1686 3942 fratres
1712 3889 1802 3926 nos
1844 3888 2035 3925 sumus.

465 3966 650 4019 Vidisti
717 3965 1223 4020 mansuetudinem?
1287 3965 1466 4021 vidisti
1525 3965 1836 4020 lenitatem?
1903 3965 2042 4020 Audi

459 4067 514 4111 et
566 4059 865 4126 sequentia,
918 4066 976 4111 ut
1024 4055 1202 4111 discas
1251 4057 1604 4111 excellentem
1649 4058 1766 4126 ejus
1802 4056 2040 4127 philoso-

464 4151 662 4220 phiam.
703 4148 982 4216 Quomodo
1025 4149 1184 4219 igitur
1225 4149 1338 4202 rixa
1377 4147 1663 4213 dirimitur,
1693 4159 1744 4202 ct
1771 4150 2042 4204 contentio

463 4243 850 4312 restinguitur?
903 4242 957 4297 9.
1008 4240 1141 4294 Ecce
1185 4241 1348 4304 omnis
1385 4250 1536 4303 terra,
1569 4240 1758 4309 inquit,
1797 4257 1968 4294 coram
1997 4250 2043 4294 te

461 4345 551 4388 est.
577 4333 786 4388 Discede
805 4349 836 4384 a
858 4349 937 4386 me
955 4350 976 4387 .°
1000 4333 1044 4386 si
1070 4342 1123 4385 tu
1151 4332 1218 4384 ad
1241 4331 1518 4396 sinistram,
1548 4347 1636 4401 ego
1657 4333 1722 4383 ad
1747 4332 2042 4396 dexteram;

459 4428 504 4481 si
544 4436 598 4479 tu
639 4426 706 4478 ad
735 4425 1013 4488 dexteram,
1058 4441 1149 4494 ego
1179 4424 1246 4476 ad
1291 4424 1570 4477 sinistram.
1613 4424 1810 4479 Tecum
1855 4435 2040 4492 reputa

461 4516 874 4586 phil050phiam,
897 4524 952 4570 et
973 4516 1234 4584 insignem
1259 4516 1571 4570 modestiam
1595 4515 1752 4585 hujus
1767 4515 1914 4584 justi.
1938 4517 2040 4571 Sed

459 4614 582 4660 ante
607 4605 756 4669 haec,
789 4607 1012 4660 obsecro
1037 4646 1051 4666 .
1093 4607 1264 4674 cogita
1316 4615 1568 4675 quantmn
1605 4622 1673 4660 ex
1710 4606 1908 4661 divitiis
1953 4608 2045 4662 da-

465 4711 668 4760 mnum,
696 4705 749 4750 et
775 4705 973 4765 quanta
1007 4710 1072 4751 ex
1101 4697 1282 4750 multis
1323 4697 1513 4765 opibus
1541 4691 1831 4752 contentio.
1876 4700 2043 4752 Aucta

463 4795 587 4838 sum
622 4795 884 4851 armenta,
933 4787 1264 4856 multiplicati
1299 4801 1508 4856 greges,
1550 4787 1870 4843 aflluxerunt
1905 4789 2044 4843 divi-

465 4874 551 4928 tia:
595 4876 796 4942 multm,
836 4889 893 4932 et
931 4878 1112 4932 statim
1151 4878 1468 4933 discinditur
1509 4879 1831 4934 concordia:
1859 4891 1913 4935 et
1955 4880 2042 4935 ubi

461 4976 576 5019 erat
605 4981 705 5034 pax
733 4976 787 5020 et
809 4969 1044 5024 caritatis
1072 4971 1365 5036 vinculum,
1401 4986 1540 5026 nunc
1567 4973 1702 5039 rixa,
1732 4983 1786 5028 et
1816 4983 2042 5028 conten-

466 5056 559 5110 tio.
596 5054 692 5110 Ubi
718 5057 858 5110 enim
887 5073 1060 5112 meum
1089 5069 1326 5124 ettuum,
1357 5061 1463 5117 illic
1491 5077 1651 5117 omne
1679 5063 1846 5117 litium
1875 5080 2043 5134 genus

463 5158 518 5201 et
537 5149 892 5203 contentionis
917 5137 1155 5205 occasio:
1189 5154 1275 5206 ubi
1302 5164 1477 5208 autem
1520 5154 1634 5210 hmc
1661 5173 1765 5210 non
1793 5166 1936 5223 sunt,
1971 5157 2042 5212 ibi

463 5253 652 5294 secura
684 5248 927 5294 versatur
953 5257 1053 5309 pax
1093 5253 1146 5297 et
1187 5245 1491 5299 concordia.
1525 5247 1586 5299 Et
1617 5247 1731 5301 haec
1761 5257 1818 5301 ut
1847 5249 2074 5328 discas”

462 5330 584 5382 audi
631 5329 754 5399 quid
799 5329 939 5384 dicat
983 5331 1165 5385 beatus
1200 5333 1369 5387 Lucas
1405 5335 1470 5388 de
1494 5335 1556 5388 iis
1586 5337 1673 5404 qui
1703 5337 1769 5390 ab
1797 5337 1949 5392 initio
1974 5329 2068 5393 ad'

467 5418 622 5473 fidem
661 5419 904 5473 conversi
937 5430 1080 5473 sunt.
1120 5420 1270 5488 Erat,
1302 5422 1489 5491 inquit,
1524 5427 1746 5477 omnium
1773 5443 2040 5482 cornuum

455 5517 507 5560 δι
531 5509 700 5561 anima
726 5525 829 5562 una
855 5510 872 5578 (
897 5509 1009 5563 Act.
1047 5510 1100 5564 4.
1129 5511 1198 5566 5?.
1222 5511 1240 5582 )
1265 5527 1278 5564 :
1313 5528 1417 5566 non
1443 5513 1582 5584 quod
1611 5530 1766 5568 unam
1808 5516 2039 5573 animam

463 5597 741 5653 habuerint
770 5615 978 5666 omnes,
999 5601 1289 5673 (quomodo
1314 5600 1456 5660 enim
1482 5604 1604 5669 hoc,
1632 5622 1752 5660 cum
1784 5609 1835 5662 in
1862 5609 2037 5665 diver-

461 5690 536 5756 sis
557 5691 870 5762 corporibus
902 5693 1179 5765 fuerint?)
1223 5697 1314 5752 scd
1345 5699 1684 5754 concordiam
1713 5698 1922 5756 illorum
1948 5718 2034 5757 ar-

1469 307 1530 364 lN
1567 308 1720 364 CAP.
1760 307 1900 363 Xlll.
1939 303 2184 364 GENES.
2224 307 2458 369 HOMIL.
2498 313 2741 374 XXXIII.
3614 326 3710 381 510

2137 423 2428 481 ctissimam
2474 428 2628 484 nobis
2666 429 3016 486 demonstrat.
3062 429 3181 489 1am
3221 437 3322 492 nisi
3362 437 3601 508 plurima:
3633 455 3713 509 pa-
3763 431 3767 436 ’

2135 515 2336 571 tientia:
2370 517 2557 574 fuisset
2580 521 2752 591 justus
2783 521 2889 588 ille,
2917 535 2970 580 et
2997 525 3256 595 insignem
3283 543 3393 597 pra:
3419 544 3480 584 se
3508 529 3716 585 tulisset

2135 607 2544 677 philosophiam,
2580 617 2972 671 succensuisset
3002 616 3241 683 forsitan,
3271 628 3325 674 et
3365 619 3436 675 ita
3461 621 3512 676 ei
3548 621 3722 678 dixis-

2134 705 2255 751 set:
2299 699 2430 766 Quis
2461 701 2610 756 furor
2649 704 2779 758 ille?
2811 705 3012 761 Ausine
3038 716 3160 762 sunt
3186 707 3370 763 famuli
3403 711 3479 765 tui
3502 726 3564 766 os
3586 729 3714 782 ape-

2133 787 2240 842 rire
2267 789 2523 846 adversus
2553 807 2744 862 operas
2774 796 2922 848 meas
2949 796 2972 850 ?
3004 811 3108 849 non
3135 800 3434 868 cogitarunt
3457 815 3714 870 quantum

2134 877 2275 933 inter
2320 895 2418 935 nos
2463 883 2532 935 sit
2574 883 2901 940 discrimen?
2941 885 3090 942 Unde
3129 889 3270 942 enim
3302 890 3395 944 tibi
3430 891 3515 946 illa
3543 892 3713 947 abun-

2133 969 2360 1026 dantis?
2399 989 2574 1030 nonne
2615 991 2680 1031 ex
2719 993 2834 1032 mea
2877 981 3043 1034 cura?
3081 981 3211 1046 Quis
3239 994 3290 1038 te
3335 985 3388 1038 in
3438 987 3714 1040 hominum

2134 1074 2479 1130 conspectum
2509 1067 2768 1132 protulit?
2793 1085 2970 1124 nonne
2999 1085 3097 1140 ego
3117 1073 3204 1141 qui
3231 1089 3326 1142 pro
3352 1077 3600 1130 omnibus
3623 1077 3713 1131 tibi

2135 1148 2230 1215 fui,
2274 1160 2328 1205 et
2378 1155 2541 1221 patris
2585 1156 2678 1210 tibi
2721 1158 2866 1212 vices
2905 1160 2987 1229 egi
3041 1177 3134 1230 per
3171 1164 3388 1218 onniia?
3422 1167 3596 1236 Atque
3619 1166 3715 1222 has

2135 1241 2264 1294 mihi
2313 1258 2410 1310 pro
2457 1252 2535 1299 tot
2577 1247 2886 1305 ministeriis
2922 1253 3195 1306 mercedes
3230 1254 3444 1308 reddis?
3485 1257 3716 1313 Haecine

2135 1345 2231 1400 spe
2282 1333 2478 1403 ubique
2524 1345 2576 1390 te
2616 1339 2866 1394 comitem
2920 1342 3125 1397 itineris
3163 1343 3360 1398 habui?
3401 1346 3548 1410 Esto,
3583 1347 3714 1404 nihil

2133 1437 2318 1480 eorum
2346 1441 2462 1494 qua:
2482 1441 2511 1480 a
2539 1443 2624 1483 me
2649 1428 2813 1484 habes
2842 1431 2892 1485 in
2920 1444 3150 1488 mentem
3181 1436 3272 1490 tibi
3305 1437 3478 1492 veniat
3503 1456 3515 1490 :
3539 1455 3714 1494 nonne

2135 1512 2322 1568 saltem
2349 1515 2430 1568 vel
2453 1525 2722 1571 senectam
2750 1535 2922 1583 meam
2950 1530 3004 1576 et
3031 1537 3196 1578 canos
3229 1528 3462 1580 revereri
3493 1538 3713 1596 oporte-

2135 1601 2262 1656 bat?
2282 1602 2389 1657 Sed
2414 1605 2748 1661 connivendo
2773 1610 3058 1677 permisisti
3082 1623 3320 1680 pastores
3347 1623 3464 1668 tuos
3490 1617 3540 1669 in
3569 1633 3716 1670 meos

2136 1691 2476 1760 debacchari,
2515 1699 2726 1751 nescius
2763 1700 2903 1768 quod
2947 1701 3084 1755 sicut
3121 1705 3465 1769 contumelia,
3506 1723 3605 1776 qua
3639 1706 3713 1760 illi

2137 1781 2310 1836 affecti
2351 1795 2498 1851 sunt,
2545 1787 2596 1841 in
2642 1803 2730 1844 me
2772 1791 2979 1858 transit,
3009 1793 3080 1847 ita
3114 1803 3168 1848 et
3201 1804 3409 1850 tuorum
3448 1799 3717 1853 tetiicritas

2141 1871 2232 1926 tibi
2255 1873 2594 1933 adscribitur.

2209 1963 2264 2016 4.
2309 1963 2414 2018 Sed
2452 1965 2582 2019 nihil
2610 1966 2797 2022 horum
2820 1969 2994 2039 justus
3020 1963 3102 2026 vel
3131 1972 3181 2026 in
3214 1983 3448 2028 mentem
3480 1975 3713 2042 admisit,

2137 2051 2234 2106 sed
2262 2053 2511 2109 omnibus
2541 2057 2644 2110 illis
2669 2057 2737 2112 ab
2761 2059 2939 2114 animo
2966 2062 3215 2130 repulsis,
3257 2080 3417 2118 unum
3463 2065 3564 2119 hoc
3588 2082 3716 2136 age-

2138 2143 2250 2207 bat,
2277 2146 2545 2214 quomodo
2570 2149 2709 2216 quod
2744 2158 3054 2220 erupturum
3093 2163 3210 2207 erat
3235 2156 3592 2210 contentioois
3633 2159 3716 2211 in-

2137 2234 2384 2289 cendium
2411 2239 2790 2307 exstingueret,
2834 2251 2889 2295 et
2924 2242 3074 2296 suavi
3125 2247 3462 2313 separatione
3509 2247 3719 2317 excogi-

2138 2329 2483 2398 tata,absque
2511 2331 2678 2384 turbis
2704 2331 2995 2387 habitaret:
3023 2334 3153 2388 dicit
3172 2336 3314 2389 enim
3350 2353 3363 2389 :
3391 2335 3523 2390 Ecce
3549 2354 3719 2390 annon

2138 2421 2300 2472 omnis
2323 2427 2456 2472 terra
2478 2437 2650 2473 coram
2681 2431 2728 2474 te
2755 2430 2828 2475 est
2844 2422 2870 2475 ?
2897 2421 3109 2476 Discede
3129 2440 3159 2476 a
3189 2440 3266 2476 me
3287 2439 3306 2478 :
3347 2425 3388 2476 si
3419 2435 3470 2477 tu
3497 2424 3564 2477 ad
3591 2425 3720 2477 sini-

2136 2520 2316 2580 stram,
2336 2527 2428 2583 ego
2449 2511 2518 2565 ad
2549 2513 2845 2577 dexteram;
2871 2513 2913 2568 si
2953 2524 3008 2567 tu
3031 2515 3099 2567 ad
3128 2515 3403 2580 dexteram,
3435 2532 3525 2585 ego
3561 2516 3628 2568 ad
3648 2517 3721 2569 si-

2138 2603 2370 2655 nistram.
2409 2602 2544 2656 Vide
2585 2603 3050 2658 mansuetudinem
3092 2604 3241 2673 justi.
3273 2605 3539 2674 Operibus
3577 2606 3719 2660 enim

2139 2692 2392 2758 ostendit,
2435 2708 2494 2747 se
2521 2709 2625 2746 non
2657 2709 2748 2747 sua
2776 2703 2965 2763 sponte
2991 2693 3168 2749 facere
3202 2695 3325 2761 hoc,
3359 2711 3530 2765 neque
3569 2711 3722 2765 sepa-

2139 2785 2246 2839 rari
2267 2785 2424 2851 velle,
2453 2785 2549 2839 sed
2575 2785 2644 2840 ob
2675 2786 3033 2840 contentionis
3059 2787 3455 2852 necessitatem,
3488 2797 3543 2840 ut
3572 2803 3638 2841 ne
3665 2789 3718 2841 in

2139 2876 2302 2932 domo
2332 2877 2400 2930 sit
2441 2886 2756 2947 perpetuum
2803 2879 2998 2932 bellum
3028 2897 3041 2932 :
3069 2879 3191 2934 vide
3233 2879 3503 2948 quomodo
3551 2879 3725 2933 Verbis

2141 2966 2284 3022 illius
2310 2967 2467 3021 bilem
2499 2967 2868 3033 mansuefacit,
2915 2979 2969 3022 et
3001 2983 3213 3022 omnem
3242 2971 3291 3023 ei
3311 2969 3585 3022 electionis
3625 2986 3720 3037 po-

2143 3065 2389 3112 testatem
2427 3056 2536 3124 dat,
2571 3060 2922 3127 proponitque
2960 3073 3173 3112 omnem
3205 3068 3426 3124 terram,
3462 3074 3524 3112 ac
3556 3060 3718 3113 dicit:

2140 3147 2273 3202 Ecce
2287 3164 2456 3202 annon
2483 3149 2643 3201 omnis
2668 3158 2800 3202 terra
2823 3165 2993 3203 coram
3021 3149 3108 3202 te?
3132 3147 3300 3215 Quam
3329 3149 3429 3216 vis,
3461 3150 3597 3218 elige
3623 3167 3634 3202 :
3667 3160 3723 3204 et

2139 3255 2256 3310 ego,
2272 3256 2427 3310 quam
2441 3251 2494 3295 tu
2515 3241 2812 3310 reliqueris,
2831 3257 3017 3312 magna
3033 3258 3151 3296 cum
3170 3244 3434 3311 voluptate
3447 3241 3720 3312 accipiam.

2141 3330 2325 3400 Magna
2358 3341 2439 3384 est
2462 3331 2592 3400 justi
2635 3331 2792 3401 hujus
2832 3331 3186 3402 philosophia.
3222 3332 3338 3386 Non
3374 3333 3486 3385 vult
3509 3331 3726 3386 ornuino

2139 3437 2404 3479 onerosus
2447 3439 2568 3479 esse
2610 3423 2788 3479 fratris
2828 3426 2972 3490 tilio;
3006 3425 3156 3494 quasi
3184 3425 3421 3479 diceret:
3465 3424 3725 3492 Quoniam

2141 3513 2195 3568 id
2231 3513 2374 3583 quod
2421 3515 2669 3569 nolebam
2713 3515 2924 3578 accidit,
2957 3530 3062 3584 quo
3096 3523 3307 3568 cessent
3335 3515 3724 3577 contentiones,

2143 3604 2503 3658 necessarium
2544 3612 2627 3657 est
2668 3612 2724 3657 ut
2761 3619 3106 3672 separemur:
3151 3613 3430 3672 propterea
3467 3611 3517 3654 te
3555 3603 3727 3655 domi-

2144 3713 2272 3750 num
2299 3696 2577 3750 electionis
2606 3704 2660 3750 et
2688 3695 2945 3749 arbitrum
2973 3695 3276 3756 constituo;
3312 3702 3363 3746 et
3387 3708 3597 3745 omnem
3635 3693 3726 3746 tibi

2146 3793 2461 3855 potestatem
2504 3785 2595 3850 do,
2623 3795 2680 3838 nt
2707 3793 2901 3838 terram
2948 3799 3107 3852 quam
3150 3783 3423 3836 meliorem
3454 3796 3640 3835 censes
3673 3791 3728 3835 tu

2145 3879 2330 3948 eligas,
2371 3885 2426 3931 et
2469 3876 2728 3945 reliquam
2769 3876 2914 3929 sinas
2943 3889 3059 3928 esse
3095 3889 3287 3927 meam.
3317 3871 3451 3926 Num
3484 3872 3584 3925 hoc
3609 3873 3728 3942 quis

2143 3985 2394 4039 umquam
2434 3968 2654 4039 mqualis
2686 3967 2855 4021 anatis
2892 3965 3040 4020 fratri
3075 3964 3373 4019 faciendum
3414 3964 3640 4027 censuit,
3670 3961 3720 4015 id

2144 4059 2287 4130 quod
2315 4058 2491 4114 fratris
2524 4058 2634 4112 filio
2663 4056 3003 4127 patriarcha?
3041 4054 3169 4109 Nam
3201 4055 3243 4108 si
3278 4055 3388 4124 ipse
3419 4053 3549 4106 facta
3582 4052 3730 4121 prius

2144 4151 2408 4206 electione
2436 4151 2662 4220 primum
2685 4149 2856 4204 locum
2885 4148 2985 4202 sibi
3017 4155 3305 4212 servasset,
3338 4146 3723 4201 concessisset-

2145 4239 2338 4315 queilli
2363 4244 2587 4313 reliqua,
2615 4257 2791 4298 nonne
2818 4251 2871 4296 et
2899 4241 2999 4295 hoc
3023 4249 3178 4310 pacto
3208 4254 3454 4308 magnum
3477 4237 3728 4307 quiddam

2150 4336 2402 4390 fecisset?
2435 4336 2503 4388 At
2532 4334 2759 4403 iungentis
2786 4332 2994 4386 virtutis
3015 4346 3124 4387 sua:
3151 4331 3419 4398 specimen
3447 4327 3724 4394 exhibere,

2147 4437 2204 4482 et
2229 4427 2552 4482 desiderium
2574 4424 2780 4495 juvenis
2801 4425 3016 4494 explere
3040 4423 3272 4488 volebat,
3307 4423 3378 4475 ita
3401 4431 3456 4476 ut
3487 4421 3629 4474 nulla
3660 4437 3723 4474 ex

2147 4521 2485 4589 separatione
2532 4525 2844 4572 nasceretur
2889 4516 3136 4571 mteroris
3184 4515 3435 4579 occasio,
3486 4512 3625 4568 unde
3677 4513 3726 4566 ei

2149 4613 2419 4682 pr0posita
2451 4619 2712 4680 potestate
2741 4608 2909 4673 omni,
2938 4607 3066 4662 dicit
3091 4625 3103 4661 :
3134 4605 3263 4659 Ecce
3297 4607 3458 4659 omnis
3481 4614 3612 4658 terra
3638 4619 3725 4655 co-

2146 4721 2256 4757 ram
2293 4714 2380 4758 te:
2422 4718 2658 4773 separare
2692 4719 2725 4754 a
2760 4717 2859 4765 me,
2905 4708 2961 4756 et
2995 4698 3205 4770 qualem
3245 4699 3474 4751 volueris
3529 4705 3726 4749 terram

2148 4795 2304 4865 elige.
2333 4794 2616 4864 Oportebat
2647 4793 2806 4863 igitur
2833 4791 3012 4846 fratris
3040 4791 3225 4854 tilium,
3254 4805 3374 4842 cum
3407 4795 3604 4840 tantam
3627 4802 3717 4840 cx-

2151 4887 2416 4955 ]:eriretur
2455 4887 2758 4952 :equitatem
2803 4881 3155 4952 patriarehze.
3214 4894 3393 4946 parem
3432 4877 3730 4947 rependere

2151 4978 2434 5044 honorem,
2463 4985 2519 5030 et
2539 4975 2590 5031 ei
2616 4974 2789 5044 potius
2818 4973 3035 5026 liberam
3061 4973 3378 5025 electionem
3408 4969 3726 5023 concedere.

2147 5068 2394 5124 Solemus
2437 5065 2578 5121 enim
2621 5065 2786 5118 ferme
2823 5063 2998 5116 cuncti
3031 5061 3292 5125 homines,
3321 5061 3363 5113 si
3395 5059 3730 5114 obluctantes

2150 5157 2423 5212 videamus
2452 5156 2808 5219 adversarios,
2834 5169 2896 5207 ac
2911 5152 3296 5208 contendentes
3321 5152 3373 5204 in
3400 5152 3628 5221 pritnum
3649 5153 3726 5206 lo-

2157 5257 2269 5304 tum
2296 5247 2604 5312 ascendere,
2639 5261 2742 5299 non
2771 5243 2912 5299 ferre
2937 5258 3036 5297 nos
3067 5241 3344 5296 inferiores
3375 5257 3514 5305 esse,
3555 5256 3729 5311 neque

2151 5357 2229 5397 eis
2255 5339 2486 5395 cedere:
2526 5352 2659 5408 quos
2697 5338 2740 5391 si
2768 5335 2959 5391 cedere
2997 5333 3308 5400 viderimus,
3354 5344 3403 5388 et
3441 5333 3730 5386 humilibus

2149 5433 2328 5488 verbis
2365 5439 2678 5500 potestatem
2728 5443 2942 5483 onmem
2995 5425 3147 5480 nobis
3199 5426 3526 5495 permittere,
3576 5422 3725 5490 quasi

2150 5530 2456 5577 reverentes
2478 5535 2722 5589 magnam
2752 5517 3233 5583 mansuetudinem,
3259 5533 3312 5571 et
3333 5532 3361 5569 a
3385 5513 3726 5569 contentione

2149 5613 2474 5674 desistimus,
2505 5619 2561 5665 et
2584 5609 2701 5664 vice
2732 5622 2886 5662 versa
2909 5623 3121 5662 omnem
3144 5613 3458 5676 potestatem
3489 5601 3566 5654 eis
3593 5615 3725 5653 con-

2154 5704 2418 5768 cedimus,
2464 5701 2671 5758 etiamsi
2717 5701 2891 5757 minor
2923 5716 3041 5756 esse
3072 5699 3310 5756 videatur
3350 5701 3395 5756 is
3424 5698 3512 5771 qui
3547 5697 3731 5753 nobis
