4020 6136
301 248 399 306 5H

297 374 418 413 cum
464 358 647 429 litigat.
679 358 810 413 Cum
853 358 1073 414 deberet
1113 360 1270 428 igitur
1293 369 1342 413 et
1373 359 1471 415 Lot
1498 374 1620 415 cum
1646 360 1869 430 patriar~

302 452 400 504 cha
435 451 534 503 hoc
576 450 782 511 facere;
817 450 904 503 ille
936 459 1112 504 tamen
1136 460 1317 519 utpote
1347 451 1576 520 juvenis,
1605 461 1660 506 et
1688 451 1876 520 majori

302 540 730 609 concupiscentia
758 549 976 603 tractus,
1008 542 1242 610 potiores
1274 551 1380 597 tum
1407 544 1506 597 sibi
1536 543 1677 598 visas
1703 554 1880 611 partes

303 631 516 697 arripit,
539 638 592 683 et
616 630 929 685 electionem
954 631 1095 685 facit.
1126 632 1211 687 I0.
1237 632 1302 687 Et
1323 633 1552 700 sublatis,
1571 635 1761 702 inquit,
1784 634 1879 689 Lat

300 720 462 772 oculis
489 719 615 782 suis,
643 721 763 772 vidit
791 736 988 774 omnem
1012 724 1265 793 regionem
1279 724 1411 778 circa
1424 723 1725 789 Iordanem,
1748 727 1881 795 quod

303 820 407 863 tota
450 820 574 865 esset
616 812 825 882 irrigua,
866 824 1133 884 antequam
1159 808 1419 870 Dominus
1458 817 1756 874 subverteret
1782 816 1883 873 So-

294 901 453 955 .doma
500 912 544 955 et
593 902 896 968 Gomorrha,
945 907 1090 974 quasi
1124 907 1297 961 hortus
1342 907 1456 973 Dei,
1501 918 1548 962 et
1577 910 1707 962 sicut
1749 921 1883 963 terra

301 992 521 1063 .Egypti
546 1011 701 1061 usque
727 995 845 1047 dum
874 998 1067 1049 venitur
1093 998 1147 1055 in
1171 997 1388 1069 Zogora.
1420 1002 1506 1054 ll.
1529 1000 1596 1054 Et
1616 1002 1761 1071 elegit
1788 1002 1882 1055 sibi

303 1081 402 1135 Lot
444 1101 638 1137 omnem
678 1085 812 1138 circa
848 1084 1126 1140 Jordanem
1166 1090 1439 1158 regionem,
1475 1100 1523 1144 et
1557 1092 1753 1145 recessit
1789 1090 1882 1144 Lat

300 1173 366 1225 ab
394 1173 616 1240 Oriente,
646 1175 889 1246 divisique
925 1187 1040 1231 sunt
1065 1189 1268 1249 uterque
1300 1198 1331 1232 a
1357 1181 1513 1250 fratre
1539 1198 1650 1235 suo.
1693 1182 1883 1237 Vidisti

300 1266 430 1334 justi
461 1266 707 1322 virtutem
740 1270 1004 1338 ingentem
1028 1311 1043 1332 ,
1086 1273 1353 1341 quomodo
1398 1274 1629 1328 radicem
1670 1276 1884 1329 malitia:

310 1372 375 1409 ne
397 1358 701 1425 germinare
730 1360 941 1429 quidem
973 1363 1234 1431 permisit,
1281 1365 1373 1418 sed
1418 1366 1597 1419 statim
1631 1380 1751 1420 cum
1773 1367 1882 1435 jam

306 1449 559 1515 oriretur,
588 1450 821 1507 funditus
847 1455 1084 1508 exsecuit
1107 1464 1160 1509 et
1185 1456 1436 1522 abolevit,
1466 1458 1629 1511 multa
1655 1473 1782 1512 usus
1812 1458 1887 1512 le-

310 1540 493 1603 nitate,
522 1549 576 1594 et
612 1542 820 1596 virtutis
857 1558 1016 1597 causa
1051 1529 1364 1599 camerarum
1397 1562 1574 1600 rerum
1619 1564 1885 1603 summum

307 1637 669 1696 contemptum
715 1648 821 1699 pra:
862 1647 921 1685 se
962 1631 1159 1699 ferens,
1202 1635 1588 1706 declarausque
1615 1638 1881 1702 omnibus,

304 1719 573 1786 quomodo
603 1734 783 1789 pacem
817 1721 1035 1790 habere,
1062 1734 1118 1779 et
1145 1740 1175 1779 a
1206 1728 1546 1782 contentione
1570 1728 1802 1795 liberari,
1836 1730 1887 1783 id

311 1810 473 1877 pluris
501 1810 697 1865 faceret
719 1828 875 1881 quam
894 1830 1080 1869 omnes
1102 1814 1563 1872 facultates?Nam
1592 1828 1649 1872 ut
1677 1835 1745 1874 ne
1769 1820 1887 1889 quis

307 1899 629 1955 condemnet
652 1900 854 1970 justum
879 1904 1031 1973 quasi
1054 1905 1316 1974 ingratum
1347 1908 1487 1963 circa
1522 1908 1641 1974 Lot,
1670 1920 1725 1963 et
1747 1909 1887 1978 quod

307 2004 467 2058 quem
498 2005 528 2042 e
557 1991 718 2045 domo
746 2008 841 2047 sua
870 1993 1129 2049 eduxerat
1156 1994 1210 2049 in
1240 2004 1435 2051 terram
1466 1997 1716 2061 alienam,
1748 2014 1890 2053 nunc

308 2097 339 2134 a
361 2080 753 2138 cohabitatione
780 2084 1017 2154 cjiceret,
1047 2102 1182 2142 neve
1204 2096 1353 2157 putet
1378 2089 1551 2157 ipsum
1581 2088 1888 2144 inimicitia-

310 2189 427 2226 rum
447 2175 610 2243 gratia
632 2176 743 2230 haec
760 2176 954 2239 facere.
970 2178 1064 2233 sed
1088 2189 1144 2233 ut
1166 2179 1433 2235 discamus
1455 2195 1642 2236 omnes
1664 2197 1724 2237 se
1745 2182 1891 2250 pacis

298 2256 489 2319 ‘studio
533 2265 649 2320 haec
700 2268 892 2333 facere,
928 2268 1049 2324 ideo
1086 2279 1139 2324 et
1175 2271 1489 2327 electionem
1518 2274 1566 2327 ei
1601 2274 1887 2339 concessit,

312 2370 483 2423 neque
514 2355 737 2411 moleste
767 2358 884 2411 tulit
909 2359 1051 2428 quod
1093 2360 1264 2429 prima
1317 2363 1501 2428 ferret,
1549 2372 1605 2417 ut
1644 2365 1890 2419 omnibus

313 2454 495 2497 notum
521 2445 677 2511 foret,
697 2448 966 2516 quomodo
984 2464 1135 2507 mens
1162 2466 1256 2505 sua
1284 2452 1353 2507 ad
1382 2455 1526 2521 pacis
1549 2454 1892 2523 caritatisque

307 2549 530 2605 scopum
553 2547 816 2606 spectaret
838 2541 1192 2608 potissimum.
1210 2544 1472 2599 Praeterea
1488 2554 1543 2601 et
1561 2546 1703 2601 aliud
1725 2549 1893 2617 quod-

308 2623 435 2678 dam
482 2629 792 2697 mysterium
826 2629 936 2699 jam
978 2641 1133 2687 antea
1171 2633 1598 2703 dispensabatur,
1631 2646 1690 2692 ut
1726 2638 1892 2691 multa

310 2713 413 2768 hoc
434 2719 680 2786 exemplo
711 2718 919 2787 fierent,
947 2732 1001 2775 et
1026 2730 1084 2777 ut
1105 2723 1201 2778 Lot
1223 2725 1384 2780 rebus
1404 2727 1533 2797 ipsis
1567 2727 1890 2794 erudiretur,

313 2820 373 2860 se
394 2821 496 2859 non
524 2816 584 2860 ut
616 2824 709 2877 par
734 2820 848 2865 erat
868 2812 1112 2882 elegisse,
1132 2824 1185 2869 et
1214 2823 1273 2870 ut
1308 2816 1576 2872 discerent
1604 2819 1895 2876 Sodomita:

313 2895 564 2952 virtutem
594 2898 715 2967 Lot,
743 2913 797 2955 et
818 2904 1154 2973 separatione
1181 2905 1317 2961 facta
1347 2909 1635 2976 promissio
1667 2911 1893 2978 patriar-

307 2987 426 3042 clue
452 2989 571 3044 data
589 3004 780 3047 eventu
811 2996 1192 3065 compleretur,
1215 3013 1317 3068 qua
1339 2999 1541 3054 dictum
1571 3012 1655 3055 est
1674 3003 1723 3057 ei
1745 3021 1756 3054 :
1779 3003 1895 3057 Tibi

308 3087 359 3133 et
387 3081 566 3133 semini
589 3091 675 3134 tuo
694 3084 824 3137 dabo
851 3094 1034 3139 (errant
1059 3087 1191 3141 hanc
1209 3103 1228 3141 :
1257 3087 1308 3143 id
1334 3091 1474 3159 quod
1505 3094 1755 3160 paulatim
1774 3109 1897 3163 pro-

312 3169 556 3225 cedendo
588 3170 904 3237 videbimus,
928 3175 1104 3230 divina
1126 3176 1398 3248 Scriptura
1425 3181 1579 3236 nobis
1613 3198 1674 3237 ea
1709 3183 1895 3238 decla-

310 3271 489 3314 rantc.
538 3261 625 3315 12.
657 3261 725 3315 Et
772 3264 959 3323 Abram
981 3305 997 3331 ,
1043 3268 1232 3337 inquit,
1263 3271 1501 3324 habitavit
1528 3274 1579 3326 in
1606 3283 1739 3327 terra
1759 3274 1891 3328 Cha-

315 3364 490 3415 naan;
522 3350 618 3403 Lot
655 3360 821 3404 autem
860 3354 1100 3409 habitavit
1146 3358 1198 3410 in
1236 3360 1433 3412 civitate
1463 3377 1576 3432 qua
1613 3373 1718 3416 erat
1762 3365 1897 3417 circa

312 3438 615 3508 Iordanem,
643 3453 688 3496 et
714 3447 1089 3501 tabernaculum
1120 3450 1293 3503 habuit
1320 3451 1371 3505 in
1402 3451 1662 3507 Sodomis.
1685 3454 1770 3509 15.
1797 3455 1896 3521 Qui

311 3541 482 3585 autem
508 3533 731 3590 homines
757 3536 1001 3595 Sodomis
1038 3542 1271 3611 agebant,
1303 3545 1427 3597 mali
1456 3555 1598 3599 erant
1636 3556 1683 3601 et
1720 3563 1899 3617 pecca-

317 3632 452 3677 tores
498 3641 666 3678 coram
715 3626 822 3681 Deo
867 3630 1029 3683 valde.
1074 3631 1232 3687 Vides
1274 3633 1377 3690 Lot
1415 3646 1615 3690 tantum
1656 3647 1899 3708 spectare

313 3723 472 3767 terra:
487 3723 751 3784 naturam,
771 3728 823 3771 et
844 3734 949 3772 non
967 3721 1244 3779 advertere
1270 3724 1557 3780 incolarum
1576 3729 1898 3797 nequitiam?

316 3803 448 3869 Qua:
490 3806 630 3859 enim
665 3810 883 3876 utilitas,
911 3810 1015 3878 die,
1055 3828 1172 3879 oro,
1205 3815 1249 3870 si
1278 3824 1418 3871 terra
1444 3816 1515 3871 sit
1542 3816 1814 3875 fructuosa
1843 3830 1898 3876 et

313 3894 489 3963 ferax,
521 3897 764 3955 homines
803 3913 981 3958 autem
1027 3905 1162 3961 adeo
1198 3908 1456 3963 scelesti?
1486 3910 1621 3977 Quid
1648 3911 1828 3967 damni
1865 3930 1897 3969 e

312 3987 604 4044 solitudine
629 3999 681 4045 et
714 3990 1021 4062 infrugifera
1050 4007 1211 4063 terra,
1239 3998 1283 4051 si
1316 3999 1560 4055 homines
1589 4002 1697 4056 sint
1719 4004 1899 4059 Imma-

316 4078 534 4132 niores?
559 4080 731 4149 Caput
767 4083 911 4137 enim
951 4094 1006 4139 et
1030 4100 1235 4139 summa
1278 4087 1538 4143 bonorum
1573 4076 1899 4149 estlinbabi-

316 4171 540 4223 mntium
582 4173 833 4238 probitas.
862 4174 1127 4229 Cteterum
1152 4175 1251 4230 Lot
1280 4177 1349 4231 ad
1382 4195 1542 4233 unum
1578 4189 1778 4237 tantum
1815 4200 1897 4238 re-

318 4260 514 4327 spexit,
542 4275 732 4328 nempc
758 4261 824 4315 ad
853 4262 1179 4321 fertilitatem
1211 4276 1387 4323 terra}.
1416 4270 1482 4325 Et
1510 4271 1709 4328 idcirco
1751 4274 1898 4330 Scri-

318 4362 476 4419 ptura
505 4349 780 4409 declarare
806 4356 960 4412 nobis
991 4358 1171 4414 volens
1211 4360 1565 4419 habitantium
1607 4366 1715 4422 illic
1743 4369 1898 4423 mali-

317 4440 469 4506 tiam,
505 4440 670 4496 dicit:
718 4444 818 4510 Qui
851 4456 1019 4502 autem
1051 4449 1275 4507 homines
1311 4455 1364 4507 in
1392 4454 1631 4510 Sodomis
1663 4459 1895 4528 agebant,

321 4531 445 4583 mali
473 4541 614 4585 erant
645 4544 690 4588 et
724 4548 1007 4604 peccatores
1036 4557 1207 4595 coram
1234 4543 1345 4598 Deo
1370 4546 1533 4601 valde.
1560 4547 1676 4603 Non
1701 4549 1894 4614 solum,

322 4621 513 4692 inquit,
538 4620 687 4689 Mali,
719 4626 813 4679 sed
850 4626 1165 4695 Peccatores,
1192 4642 1246 4688 et
1267 4650 1372 4688 non
1404 4637 1738 4707 simpliciter,
1776 4639 1900 4694 Pec-

317 4721 530 4779 catores,
563 4714 656 4769 sed
680 4725 735 4770 et
759 4715 940 4771 Coram
969 4718 1100 4784 Deo;
1132 4722 1232 4776 hoc
1256 4732 1358 4789 est,
1387 4725 1438 4779 in
1467 4726 1782 4783 immensum
1808 4746 1903 4784 ex-

315 4813 599 4860 creverant
637 4822 822 4862 eorum
861 4821 1097 4878 peccata.
1140 4821 1194 4865 et
1230 4813 1528 4882 prodigiosa
1564 4830 1679 4872 erat
1713 4834 1897 4873 eorum

321 4895 576 4963 iniquitas
602 4916 616 4952 :
648 4898 769 4955 ideo
797 4908 851 4955 et
878 4901 1134 4965 subdidit,
1166 4901 1349 4957 Coram
1383 4903 1489 4960 Deo
1517 4907 1680 4962 valde.
1713 4908 1900 4965 Vidisti

320 4987 542 5041 malitia:
586 4990 1001 5059 magnitudinem
1028 4991 1052 5044 ?
1090 4992 1267 5048 vidisti
1304 5005 1559 5064 quantum
1588 5006 1677 5052 est
1702 5002 1897 5056 malum

318 5078 521 5146 primas
552 5088 725 5146 partes
751 5095 963 5149 capere,
991 5091 1044 5135 et
1077 5098 1181 5137 non
1215 5085 1355 5153 quod
1395 5086 1523 5142 utile
1550 5098 1632 5142 est
1658 5090 1901 5145 conside-

323 5166 484 5218 rare?
508 5165 687 5220 vidisti
715 5180 970 5237 quantum
1003 5172 1199 5227 bonum
1238 5175 1307 5229 sit
1344 5175 1665 5242 humanitas,
1694 5190 1749 5235 et
1792 5181 1894 5251 pri-

325 5270 415 5309 mo
441 5255 558 5311 loco
585 5258 797 5325 cedere,
825 5270 879 5315 et
908 5261 1211 5320 inferiorem
1242 5278 1446 5336 partem
1476 5268 1721 5326 habere?
1760 5271 1900 5329 Ecce

322 5346 465 5400 enim
494 5346 545 5400 in
576 5363 828 5415 processu
857 5353 1115 5410 doctrina:
1141 5357 1438 5414 videbimus
1466 5360 1597 5414 nihil
1638 5362 1899 5430 profuisse

324 5438 553 5507 primum
584 5440 759 5495 locum
785 5444 832 5498 ci
863 5445 953 5515 qui
984 5445 1259 5517 elegerat;
1303 5459 1356 5503 et
1379 5465 1502 5503 eum
1531 5452 1620 5520 qui
1647 5452 1897 5510 inferiora

325 5528 496 5598 petiit,
537 5531 819 5587 clariorem
849 5536 1085 5604 quotidie
1123 5536 1343 5605 factum,
1371 5555 1607 5610 opesque
1636 5542 1776 5603 illius
1805 5560 1901 5615 per

323 5621 502 5678 omnia
527 5636 729 5694 auctas,
756 5627 1109 5701 omnibusque
1134 5628 1331 5688 factum
1359 5634 1725 5703 spectabilem.

1012 248 1071 304 S.
1111 248 1390 305 JOANNIS
1426 246 1895 306 CHRYSOSTOMI
1938 247 2238 302 lBClllEP.
2278 239 2813 304 CONSTANTINOP.

3454 250 3557 305 512

2052 359 2107 414 5.
2146 358 2362 414 Horatia
2398 361 2682 413 exhortatio
2710 362 2777 412 ad
2813 358 3163 413 humilitatem.
3192 390 3262 400 —
3296 360 3562 418 Caeterum

1983 459 2137 503 utne
2181 449 2447 519 longiores
2487 450 2654 504 simus
2679 449 2940 515 docendo,
2991 450 3092 505 hue
3133 452 3250 505 loco
3294 453 3452 507 linem
3484 454 3564 507 lo-

1981 540 2176 610 quendi
2228 540 2518 603 facientes,
2565 541 2708 609 quod
2753 541 3014 609 reliquum
3063 550 3180 606 est,
3231 543 3284 596 in
3334 556 3563 612 sequen-

1986 642 2090 685 tem
2130 645 2406 685 servemus
2431 632 2763 685 concionem.
2815 631 2945 685 Illud
2983 640 3160 686 autem
3206 647 3302 686 vos
3346 648 3567 703 rogave-

1986 722 2107 786 rim,
2157 730 2215 775 ut
2260 722 2557 775 imitatores
2589 723 2706 775 sitis
2752 721 3086 790 patriarchae,
3122 732 3176 776 et
3219 724 3417 790 primas
3447 739 3569 792 par-

1989 819 2068 864 tes
2094 826 2381 879 numquam
2404 810 2817 879 concupiscatis,
2858 811 2954 866 sed
2988 812 3374 880 obtemperetis
3413 813 3571 869 beato

1988 898 2154 955 Paulo
2202 900 2425 966 dicenti,
2482 900 2691 956 Honore
2735 903 2942 956 invicem
2994 905 3347 974 pra'venientes
3389 905 3565 973 (Itum.

1991 992 2078 1046 12.
2138 994 2230 1065 10)
2267 993 2571 1063 superiores
2617 1008 2677 1049 se
2719 996 2878 1063 ipsis:
2911 1003 2963 1049 et
2995 995 3135 1049 detis
3159 1012 3398 1066 operam,
3427 1006 3486 1050 ut
3514 997 3567 1051 in

1987 1083 2233 1139 omnibus
2281 1085 2488 1138 minora
2540 1087 2782 1140 teneatis.
2829 1086 2940 1140 lloc
2979 1097 3061 1142 est
3095 1089 3241 1141 enim
3282 1090 3568 1156 primatum

1990 1173 2186 1228 habere
2214 1213 2228 1237 .
2276 1175 2413 1229 sicut
2451 1184 2507 1230 et
2547 1175 2795 1229 Christus
2837 1176 3007 1230 dicit:
3058 1176 3159 1241 Qui
3201 1194 3255 1232 se
3306 1179 3568 1245 humiliat,

1987 1266 2291 1319 exaltabitur
2342 1265 2495 1335 (Luc.
2550 1266 2638 1321 14.
2697 1268 2784 1331 11,
2829 1272 2887 1319 et
2925 1268 3012 1322 l8.
3055 1269 3167 1336 lli).
3225 1268 3361 1334 Quid
3412 1269 3571 1339 igitur

1994 1356 2116 1411 huic
2159 1357 2362 1426 aequale
2408 1357 2590 1422 fuerit,
2641 1357 2857 1426 quando
2901 1374 2996 1427 per
3037 1375 3101 1413 ea
3144 1360 3195 1413 in
3232 1362 3424 1429 quibus
3451 1360 3569 1415 aliis

1993 1445 2191 1514 primas
2249 1445 2528 1511 cedimus.
2574 1448 2674 1516 ipsi
2719 1448 2904 1516 majori
2953 1448 3179 1503 fruimur
3226 1449 3461 1513 honore;
3510 1459 3566 1503 et

1992 1554 2088 1606 per
2110 1554 2230 1607 qua:
2259 1539 2392 1593 alios
2417 1538 2768 1609 praeferimus,
2800 1541 2897 1608 ipsi
2930 1542 2981 1595 in
3004 1555 3270 1596 summum
3314 1542 3569 1597 honorem

1991 1626 2308 1684 evehimur?
2334 1627 2515 1699 Itaque
2540 1629 2765 1684 obsecro
2809 1631 3211 1695 ut‘studeamus
3252 1632 3445 1686 imitari
3482 1648 3573 1701 pa-

1996 1718 2242 1773 triarcha:
2272 1718 2645 1787 humilitatem,
2674 1730 2728 1775 et
2751 1722 2901 1791 sequi
2930 1723 3147 1792 vestigia
3172 1723 3308 1792 ejus,
3331 1725 3420 1793 qui
3450 1735 3573 1779 ante

1993 1812 2167 1881 legem
2198 1820 2395 1865 tantam
2430 1812 2815 1881 philosophiam
2843 1828 2951 1882 pra:
2996 1829 3054 1868 se
3098 1813 3233 1879 tulit,
3256 1828 3353 1868 nos
3393 1816 3482 1885 qui
3518 1815 3573 1869 in

1991 1902 2156 1970 gratia
2184 1917 2481 1957 versamur.
2511 1901 2613 1957 Ista
2634 1902 2778 1957 enim
2822 1918 2946 1958 vera
2967 1913 3051 1958 est
3079 1905 3376 1970 humilitas,
3414 1920 3573 1974 quam

1998 1995 2225 2048 eximius
2256 1994 2346 2049 ille
2369 1994 2451 2049 vir
2474 1994 2759 2048 declaravit
2784 2009 2909 2064 erga
2936 2010 3060 2050 eum
3086 1995 3173 2065 qui
3201 1995 3369 2049 multo
3398 2010 3457 2049 se
3480 1994 3576 2048 fuit

1993 2087 2233 2150 inferior,
2267 2101 2374 2141 non
2398 2086 2574 2141 solum
2596 2086 2666 2140 ob
2685 2087 2894 2140 virtutis
2923 2087 3180 2140 rationem
3203 2127 3217 2152 ,
3244 2086 3337 2141 sed
3370 2095 3423 2139 et
3446 2101 3572 2154 pro-

1993 2184 2112 2245 pter
2140 2185 2350 2232 aetatem
2371 2185 2426 2231 et
2444 2177 2546 2231 alia
2571 2176 2771 2231 omnia.
2801 2175 2985 2246 Cogita
3010 2177 3155 2231 enim
3181 2191 3362 2231 senem
3389 2176 3570 2245 juveni

1992 2268 2239 2333 cessisse,
2270 2277 2325 2323 et
2373 2277 2620 2339 patruum
2675 2268 2852 2323 fratris
2901 2268 3029 2335 filio,
3059 2276 3112 2323 et
3162 2268 3251 2338 qui
3295 2276 3493 2321 tantam
3544 2283 3572 2319 a

1997 2359 2104 2414 Deo
2124 2360 2345 2414 sortitus
2382 2371 2497 2415 erat
2522 2360 2767 2429 gratiam,
2788 2361 2839 2415 ei
2858 2361 2951 2429 qui
2991 2362 3043 2413 in
3072 2359 3210 2414 nulla
3250 2374 3307 2414 re
3332 2374 3573 2428 magnam

1993 2450 2208 2520 aliquod
2254 2451 2523 2520 specimen
2563 2453 2862 2519 praebuerat
2892 2466 2907 2504 :
2938 2459 2993 2504 et
3035 2465 3098 2505 ea
3140 2465 3261 2520 qua:
3300 2448 3575 2518 oportebat

1995 2540 2142 2595 illum
2170 2539 2372 2607 dicere,
2394 2549 2451 2594 ut
2468 2540 2717 2609 juvenem
2746 2539 2810 2594 ad
2833 2554 3014 2595 senem
3042 2533 3197 2594 aetate
3224 2547 3277 2593 et
3300 2537 3569 2607 dignitate,

1995 2641 2050 2687 et
2080 2642 2347 2701 patruum,
2367 2632 2453 2686 illa
2482 2631 2836 2700 patriarcham
2862 2631 3041 2701 juveni
3062 2631 3279 2685 dixisse.
3304 2630 3466 2700 Igitur
3483 2643 3576 2682 nos

1995 2737 2208 2791 quoatie
2240 2739 2350 2780 non
2369 2723 2655 2788 eistatum,
2693 2723 2782 2790 qui
2804 2731 2959 2776 aetate
2983 2721 3137 2775 nobis
3162 2731 3285 2775 sunt
3310 2721 3541 2790 majores
3558 2760 3571 2782 ,

2001 2810 2265 2865 veletiam
2322 2812 2575 2880 aquales,
2602 2811 2856 2865 honorem
2910 2810 3275 2865 exbibeamus.
3326 2810 3441 2865 Non
3493 2820 3575 2863 est

1997 2904 2138 2957 enim
2188 2903 2493 2968 humilitas,
2529 2903 2704 2957 facere
2744 2903 2883 2972 quod
2922 2903 3241 2957 necessitate
3287 2901 3451 2956 debes
3491 2902 3572 2953 vel

1996 2994 2205 3063 cogeris
2234 3010 2247 3047 :
2274 2993 2394 3060 hoc,
2419 2994 2654 3064 inquam,
2678 3009 2783 3047 non
2808 3002 2889 3048 est
2911 2994 3244 3059 humilitatis,
3274 2993 3367 3048 sed
3392 2993 3572 3047 debiti.

2000 3086 2136 3139 Vera
2179 3094 2355 3139 autem
2403 3085 2673 3139 humilitas
2713 3093 2795 3139 est
2819 3124 2833 3148 ,
2863 3084 3077 3153 quando
3116 3084 3354 3139 cedimus
3386 3084 3452 3138 iis
3488 3084 3575 3153 qui

1999 3177 2152 3231 nobis
2180 3175 2427 3230 videntur
2454 3190 2576 3230 esse
2597 3175 2865 3239 minores,
2896 3184 2951 3229 et
2989 3189 3083 3229 eos
3125 3189 3445 3228 veneramur
3487 3176 3573 3243 qui

2001 3267 2153 3321 nobis
2180 3264 2461 3320 inferiores
2489 3279 2609 3319 esse
2636 3263 3059 3329 videntur.Quod
3085 3263 3129 3317 si
3152 3271 3296 3318 recte
3320 3262 3575 3332 sapimus,

2001 3357 2173 3411 nullos
2196 3357 2354 3409 etiam
2384 3354 2535 3409 nobis
2557 3368 2679 3410 esse
2703 3354 2936 3409 minores
2960 3352 3352 3416 arbitrabimur,
3367 3351 3460 3406 sed
3483 3367 3576 3405 nos

2000 3446 2244 3515 superari
2272 3446 2341 3501 ab
2363 3444 2615 3500 omnibus
2639 3443 2945 3498 hominibus
2971 3442 3229 3497 dicemus.
3250 3442 3315 3495 Et
3336 3442 3438 3495 hoc
3461 3440 3579 3495 dico

2000 3550 2108 3589 non
2134 3535 2202 3590 de
2222 3534 2396 3601 nobis,
2414 3534 2504 3604 qui
2531 3534 2822 3589 innumeris
2842 3532 3078 3587 immersi
3106 3546 3291 3587 sumus
3312 3533 3574 3601 peccatis:

1998 3625 2093 3683 sed
2120 3626 2329 3681 etiamsi
2353 3625 2474 3694 quis
2498 3624 2597 3679 sibi
2626 3624 2975 3694 plurimorum
3005 3622 3140 3678 bene
3159 3633 3428 3693 gestorum
3449 3636 3575 3676 con-

2001 3718 2143 3772 scius
2171 3718 2261 3783 sit,
2286 3717 2387 3773 nisi
2412 3716 2551 3786 apud
2574 3730 2634 3771 se
2666 3718 2857 3771 sentiat
2888 3730 2947 3772 se
2969 3715 3207 3770 omnium
3232 3730 3351 3770 esse
3382 3728 3578 3784 postrc~

2001 3823 2181 3875 nium,
2206 3808 2350 3863 nulla
2391 3809 2439 3863 ei
2471 3807 2646 3862 futura
2674 3807 2873 3861 utilitas
2909 3823 2975 3861 ex
3012 3806 3259 3861 omnibus
3298 3806 3451 3860 bonis
3473 3807 3579 3859 suis

2000 3898 2274 3967 operibus.
2289 3898 2416 3953 Haec
2443 3907 2525 3952 est
2551 3898 2693 3953 enim
2717 3897 3010 3962 humilitas,
3037 3895 3248 3965 quando
3277 3897 3414 3965 quis,
3436 3910 3580 3949 occa-

2001 3990 2181 4043 siones
2209 3987 2414 4043 babens
2439 3997 2499 4044 ut
2525 3989 2830 4053 extollatur,
2853 4002 2912 4042 se
2941 3987 3114 4054 ipsum
3146 3986 3391 4039 humiliat
3419 3995 3472 4039 et
3492 3986 3579 4039 de-

2002 4080 2218 4149 primit,
2255 4094 2318 4133 ae
2373 4079 2615 4135 modeste
2656 4092 2715 4132 se
2763 4078 2920 4146 gerit.
2951 4077 3102 4132 Tunc
3126 4078 3266 4132 enim
3306 4076 3373 4129 ad
3399 4091 3580 4129 verum

2000 4170 2324 4224 subvelietur
2365 4168 2627 4238 fastigium
2673 4167 2964 4223 secundum
3016 4166 3424 4235 promissionem
3476 4164 3579 4216 Do-

2002 4260 2151 4324 mini,
2177 4275 2294 4328 quie
2322 4259 2452 4314 dicit
2484 4259 2619 4326 :Qui
2637 4276 2690 4313 se
2712 4259 2960 4324 humiliat,
2989 4258 3291 4311 exaltabitur
3320 4256 3467 4327 (Luc.
3494 4256 3579 4309 14.

2003 4349 2114 4418 11).
2137 4335 2458 4418 5.ιωε³ιυυε’
2480 4348 2657 4417 igitur,
2678 4349 2922 4412 obsecro,
2940 4348 3195 4403 verticem
3219 4347 3368 4400 illum
3396 4360 3581 4399 omnes

2001 4436 2407 4507 apprehendere
2459 4453 2553 4507 per
2604 4436 2954 4492 humilitatem
2978 4478 2994 4505 ,
3039 4446 3099 4492 ut
3145 4437 3389 4492 eamdem
3441 4436 3581 4488 illam

2002 4546 2160 4599 quam
2187 4530 2363 4598 justus
2389 4529 2477 4584 ille
2503 4544 2534 4583 a
2563 4529 2790 4585 Domino
2828 4532 3053 4599 gratiam
3083 4544 3497 4597 consequamur,
3529 4536 3583 4580 et

2003 4620 2285 4675 ineffabilia
2316 4620 2403 4674 illa
2429 4620 2565 4674 bona
2594 4634 2915 4685 mereamur,
2942 4620 3111 4690 gratia
3138 4629 3194 4675 et
3221 4616 3580 4673 misericordia

2006 4694 2212 4765 Domini
2243 4711 2409 4765 nostri
2429 4708 2559 4765 Jesu
2582 4709 2818 4774 Christi,
2860 4710 3074 4779 quicum
3104 4708 3286 4773 Patri,
3309 4717 3366 4763 et
3399 4719 3582 4760 sancto

2002 4801 2219 4871 Spiritui
2249 4801 2317 4855 sit
2335 4800 2527 4871 gloria,
2552 4800 2855 4870 imperium,
2883 4800 3077 4867 honor,
3097 4814 3240 4855 nunc
3265 4806 3321 4854 et
3347 4810 3581 4864 semper,

2002 4905 2057 4949 et
2084 4895 2136 4953 in
2158 4893 2356 4948 secula
2384 4892 2724 4950 saeculorum.
2754 4893 2946 4947 Amen.

2512 5025 2792 5081 IIOMILIA
2833 5024 3073 5079 XXXIV.

2007 5137 2071 5192 Et
2100 5138 2228 5191 dixit
2256 5136 2392 5191 Deus
2419 5138 2570 5192 Abra:
2594 5148 2857 5207 postquam
2874 5144 3138 5207 separatus
3172 5144 3248 5189 est
3272 5133 3334 5187 ab
3358 5149 3417 5186 eo
3456 5130 3580 5185 Lat.

2076 5228 2296 5283 Elevatis
2323 5229 2484 5281 oculis
2511 5228 2610 5281 tuis
2637 5227 2748 5281 vide
2770 5244 2801 5280 a
2828 5225 2958 5292 loco,
2990 5226 3043 5279 in
3068 5241 3165 5293 quo
3192 5233 3244 5277 tu
3275 5238 3407 5276 nunc
3431 5221 3583 5286 es,“

2071 5321 2354 5389 aquilonem
2366 5329 2411 5372 et
2427 5319 2701 5385 meridiem,
2716 5328 2760 5371 et
2776 5319 3010 5372 orientem
3024 5327 3071 5371 et
3086 5332 3221 5369 mare
3231 5331 3251 5368 :
3262 5315 3378 5377 quia
3392 5328 3587 5366 onmem

2076 5420 2278 5475 terram,
2295 5426 2447 5479 quam
2468 5420 2520 5463 tu
2536 5410 2692 5476 vides,
2713 5409 2800 5463 tibi
2820 5408 2950 5462 dabo
2964 5424 3076 5462 eam
3094 5404 3243 5477 (Gen.
3267 5406 3353 5460 15.
3375 5404 3458 5458 14.
3472 5403 3536 5456 1
3543 5408 3561 5470 )

3574 5470 3603 5483 ᾳ

2077 5545 2130 5599 1.
2185 5542 2485 5598 Modestiam
2532 5554 2579 5598 et
2646 5545 3080 5599 mansuetudinem
3144 5539 3477 5594 commendat.
3506 5570 3572 5579 —

2009 5636 2274 5695 Didicistis
2311 5637 2458 5702 beri,
2493 5637 2753 5694 carissimi
2775 5680 2791 5707 ,
2822 5638 3068 5695 eximiam
3116 5633 3430 5706 patriarcha:
3487 5628 3583 5682 hu.

3696 466 3723 479 ul.
