4020 6136
322 310 414 365 5H

319 429 413 483 τοῦ
451 431 785 502 πατριάρχου
821 431 978 486 τοῦτο
1015 430 1438 503 διαπράξασθαι,
1461 433 1712 504 καθάπερ
1751 433 1986 497 νεοστὺς,

321 517 416 569 καί⁸
451 517 556 570 ὐπὸ
593 518 692 587 τῆς
727 517 822 571 τοῦ
859 518 1104 581 πλείονος
1141 518 1437 588 ἐπιθυμίας
1475 520 1843 590 ἐξελκόμενος.
1878 522 1990 582 τοῖς

322 604 607 673 πρωτείοις
627 604 885 674 ἐπιπηδᾷ,
901 604 977 668 ὡς
996 604 1234 674 ἐνόμιζε.
1255 607 1348 659 καὶ
1366 605 1464 677 τὴν
1486 606 1713 677 ἐκλογὴν
1733 609 1986 660 ποιεῖται.

319 689 424 742 Καὶ
449 689 696 757 ἐπάρας,
719 693 874 761 φησὶ,
895 691 1024 746 Λὼτ
1061 692 1202 758 τοὺς
1241 693 1587 763 ὀφθαλμοὺς
1625 694 1834 760 αὑτοῦ,
1869 689 1992 748 εἶδε

317 771 526 828 πᾶσαν
562 775 676 844 τὴν
713 778 1044 847 περίχωρον
1080 777 1188 833 τοῦ
1218 778 1534 846 Ἰορδάνου,
1571 779 1661 834 ὅτι
1702 779 1872 836 πᾶσα
1910 776 1993 850 ἦν

317 860 685 930 ποτιζομένῃ,
711 865 824 930 πρὸ
867 864 972 919 τοῦ
1009 866 1417 934 καταστρέψαι
1452 867 1557 920 τὸν
1579 867 1727 922 Θεὸν
1757 866 1990 937 Σόδομα

318 946 414 999 καί
436 949 731 1017 Γόμορρα,
756 951 840 1016 ὡς,
855 953 888 1005 ὁ
909 951 1270 1019 παράδεισος
1290 953 1396 1007 τοῦ
1421 955 1586 1019 Θεοῦ,
1621 955 1716 1008 καί
1748 956 1830 1020 ὡς
1852 955 1888 1022 ή
1912 953 1989 1024 γῆ

314 1035 617 1102 Αίγυύπτου
644 1077 659 1098 ,
701 1037 812 1103 ἕως
857 1038 1056 1093 ἐλθεῖν
1099 1042 1186 1106 είς
1228 1040 1471 1110 Ζόγορα.
1515 1041 1624 1095 Καὶ
1667 1040 1987 1107 ἐξελέξατο

314 1122 508 1188 ἐαυτῷ
532 1124 662 1178 Λὼτ
683 1124 892 1180 πᾶσαν
917 1127 1032 1194 τὴν
1053 1128 1387 1196 περίχωρον
1410 1129 1516 1183 τοῦ
1549 1127 1865 1197 Ἰορδάνου,
1888 1129 1988 1185 καί

313 1207 511 1276 ἀπῆρε
545 1209 675 1264 Λὼτ
711 1212 829 1265 ἀπό
852 1213 1184 1277 ἀνατολῶν,
1219 1215 1315 1267 καὶ
1339 1206 1816 1284 διεχωρίσθησαν
1847 1217 1986 1271 ἐκα-

313 1311 461 1363 στος
484 1297 602 1351 ἀπὸ
639 1298 744 1352 τοῦ
766 1299 1034 1369 ἀδελφοῦ
1054 1302 1262 1356 αὑτοῦ.
1284 1296 1435 1365 Εἶδες
1453 1303 1552 1373 τῆς
1572 1303 1773 1374 ἀρετῆς
1791 1303 1884 1357 τοῦ
1903 1305 1985 1358 δι-

314 1384 472 1437 καίου
491 1384 588 1455 τὴν
611 1386 940 1458 ὑπερϐολὴν,
961 1389 1108 1452 ὅπως
1128 1390 1186 1441 οὐ
1212 1390 1587 1462 συνεχώρησεν
1606 1391 1726 1444 οὐδὲ
1747 1392 1984 1462 βλαστῆ-

314 1491 405 1527 σαι
440 1474 538 1546 τὴν
577 1475 731 1545 ῥίζαν
771 1476 870 1546 τῆς
909 1477 1127 1542 κακίας,
1150 1478 1267 1531 ἀλλ’
1286 1479 1489 1544 εὐθέως
1507 1481 1601 1534 καὶ
1630 1481 1698 1535 τά
1721 1482 1985 1550 μέλλοντα

312 1565 542 1634 φύεσθαι
562 1566 803 1618 κάτωθεν
821 1566 1042 1636 ἐξέτεμε
1059 1569 1151 1620 καὶ
1165 1568 1395 1637 ἠφάνισε
1409 1583 1424 1598 ⁸
1449 1569 1615 1641 πολλῇ
1630 1572 1696 1641 τῇ
1717 1571 1986 1643 ἐπιεικείᾳ

311 1655 678 1723 χρησάμενος,
703 1655 795 1707 καὶ
815 1654 887 1707 δι’
903 1655 1100 1727 ἀρετὴν
1134 1655 1242 1709 τῶν
1262 1655 1436 1710 ἀλλων
1459 1657 1759 1728 ὑπεροψίαν
1777 1657 1983 1728 ἄφατον

309 1742 742 1811 ἐπιδειξάμενος.
763 1743 858 1796 καὶ
875 1744 1088 1810 δεικνὺς
1120 1744 1323 1798 ἅπασιν
1342 1745 1490 1808 ὅπως
1509 1745 1689 1816 πάσης
1709 1747 1858 1818 αὐτῷ
1879 1765 1981 1800 πε-

311 1828 554 1898 ριουσίας
575 1831 946 1902 προτιμοτέρα
965 1832 1272 1903 τυγχάνειὴ
1295 1834 1506 1904 εἰρήνη,
1531 1834 1625 1886 καὶ
1658 1834 1720 1887 τό
1751 1834 1981 1903 φιλονει-

307 1917 433 1980 κίας
469 1917 844 1988 ἁπηλλάχθαι;
868 1919 985 1972 Ἵνα
1027 1920 1133 1992 γὰρ
1173 1920 1247 1990 μή
1283 1939 1366 1985 τις
1385 1922 1638 1992 καταγνῷ
1657 1921 1750 1974 τοῦ
1769 1922 1985 1975 δικαίου

306 2003 382 2065 ὡς
419 2002 730 2074 ἀγνώμονος
768 2006 1060 2075 γενομένου
1097 2006 1226 2076 περὶ
1263 2007 1354 2060 τὸν
1392 2006 1535 2070 Λὼτ,
1558 2009 1651 2061 καὶ
1669 2009 1749 2062 ὅτι
1769 2009 1980 2062 οἴκοθεν

306 2089 469 2142 αὐτὸν
501 2090 830 2161 ἀναστήσας,
853 2091 948 2144 καὶ
980 2092 1203 2160 ἀγαγών
1221 2093 1315 2146 ἐπὶ
1333 2094 1432 2163 τῆς
1452 2092 1759 2166 ἀλλοτρίας,
1783 2095 1980 2150 ἐκϐάλ-

305 2174 388 2228 λει
422 2177 522 2245 τῆς
557 2177 751 2240 οἰκίας,
777 2178 910 2249 μηδέ
949 2180 1151 2250 νομίσῃ,
1183 2197 1266 2243 τις
1298 2179 1593 2251 ἀπεχθείας
1611 2181 1772 2235 αὐτὸν
1792 2182 1980 2236 ἕνεκεν

304 2261 475 2317 ταῦτα
512 2263 858 2336 ἐργάξεσθαι,
880 2265 1016 2319 ἀλλά
1055 2267 1317 2338 μάθωμεν
1356 2267 1614 2333 ἅπαντες,
1637 2270 1718 2323 ὅτι
1752 2271 1978 2341 εἰρήνης

304 2350 662 2420 ἀντεχόμενος
695 2351 866 2404 ταῦτα
888 2355 1048 2416 ποιεῖ,
1070 2353 1158 2407 διά
1175 2353 1334 2408 τοῦτο
1353 2355 1446 2409 καὶ
1465 2354 1569 2427 τὴν
1580 2357 1812 2426 ἐκλογὴν
1829 2358 1983 2429 αὐτῷ

304 2437 687 2508 παρεχώρησε,
710 2439 800 2492 καὶ
836 2439 905 2492 τά
940 2442 1180 2510 πρωτεῖα
1203 2441 1410 2495 ἐκείνου
1431 2443 1684 2513 ἑλομένου
1705 2444 1804 2498 οὐκ
1825 2445 1978 2498 ἐδυσ-

303 2523 550 2592 χέρανεν,
569 2525 656 2578 ἴνα
674 2525 872 2590 πάντες
895 2526 1094 2580 εἰδέναι
1115 2526 1328 2599 ἔχωμεν
1358 2533 1459 2601 τῆς
1489 2530 1583 2583 τοῦ
1605 2531 1822 2584 δικαίου
1836 2532 1977 2600 γνώ-

307 2626 415 2679 μης
449 2609 510 2661 τὸ
547 2611 864 2679 φιλάγαθον,
885 2614 979 2665 καὶ
1014 2615 1112 2684 τῆς
1146 2615 1428 2685 εἰρηνικῆς
1465 2617 1635 2671 αὐτοῦ
1671 2619 1849 2689 ψυχῆς
1885 2620 1976 2673 τὸν

305 2695 744 2760 σκοπόν.”Δλλως
769 2697 827 2752 δέ
862 2700 956 2751 καὶ
975 2699 1160 2769 ἕτερόν
1179 2719 1232 2754 τι
1256 2704 1554 2773 μυστήριον
1570 2700 1638 2774 ἦν
1659 2721 1975 2775 προοικονοο

306 2779 592 2850 μούμενον,
618 2782 758 2836 ῶστε
797 2785 967 2838 πολλά
1004 2787 1124 2839 κατ’
1145 2787 1306 2842 αὐτὸν
1335 2789 1606 2856 γενέσθαι,
1630 2792 1832 2843 καὶτὸν
1851 2791 1976 2845 Λὼτ

301 2866 389 2921 διὰ
409 2868 514 2920 τῶν
536 2871 873 2940 πραγμάτων
895 2873 1265 2944 παιδευθῆναι,
1285 2875 1360 2938 ὡς
1379 2876 1441 2929 οὐ
1459 2875 1686 2940 δεόντως
1704 2877 1801 2949 τὴν
1822 2878 1976 2931 ἐκλο-

302 2953 405 3024 γὴν
424 2955 738 3026 ἐποιήσατο,
766 2959 859 3011 καὶ
892 2960 1017 3023 τοὺς
1050 2961 1107 3014 ἐν
1139 2961 1393 3031 Σοδόμοις
1414 2964 1604 3032 μαθεῖν
1621 2963 1718 3016 τοῦ
1735 2964 1863 3018 Λὼτ
1876 2965 1976 3036 τὴν

305 3042 523 3111 ἀρετήν.
545 3042 640 3095 καὶ
657 3041 750 3095 τοῦ
772 3046 1052 3116 χωρισμοῦ
1077 3049 1387 3120 γενομένου,
1411 3050 1508 3120 τὴν
1527 3052 1858 3120 ἐπαγγελίαν
1875 3053 1974 3124 τὴν

303 3128 384 3190 εἰς
417 3127 507 3180 τὸν
543 3132 886 3203 πατριάρχην
925 3137 1299 3208 γεγενημένην
1320 3140 1398 3202 εἰς
1417 3138 1578 3209 ἔργον
1609 3139 1976 3212 ἐκϐῆναι,τὴν

301 3212 562 3282 λέγουσαν
585 3234 598 3245 ’
620 3219 723 3271 Σοὶ
760 3221 854 3273 καὶ
893 3220 973 3286 τῷ
1011 3223 1306 3293 σπέρματί
1327 3224 1476 3298 [558]
1499 3242 1615 3281 σου
1653 3225 1824 3281 δώσω
1859 3228 1974 3295 τὴν

303 3300 420 3371 γῆν
440 3305 667 3370 ταύτην
686 3323 700 3335 ·
725 3306 1005 3361 καὶταῦτα
1025 3309 1166 3364 κατά
1188 3313 1381 3382 μικρὸν
1409 3315 1688 3384 προϊόντες
1706 3314 1968 3386 ὀψόμεθα,

300 3385 399 3456 τῆς
421 3388 568 3453 θείας
591 3392 814 3463 Γραφῆς
835 3395 966 3465 ἡμῖν
1007 3396 1220 3451 ἅπαντα
1254 3399 1529 3469 κατάδηλα
1564 3401 1839 3472 ποιούσης.
1861 3403 1969 3456 Καὶ

304 3474 550 3543 Ἀϐραμ,
590 3478 756 3548 φησὶ,
799 3480 1157 3549 παρῴκησεν
1193 3483 1263 3536 ἐν
1305 3482 1382 3554 γῇ
1426 3485 1694 3541 Χαναάν·
1738 3487 1871 3542 Λὼτ
1903 3488 1972 3541 δὲ

299 3560 652 3628 κατῴκησεν
671 3565 742 3618 ἐν
761 3567 933 3620 πόλει
968 3567 1087 3623 τῶν
1109 3571 1467 3640 περιχώρων,
1491 3574 1590 3627 καί
1615 3573 1972 3641 ἐσκήνωσεν

298 3645 368 3696 ἐν
388 3647 690 3718 Σοδόμοις.
721 3655 787 3705 Οἱ
820 3653 888 3706 δὲ
911 3653 1207 3722 ἅνθρωποι
1230 3660 1283 3712 οί
1316 3658 1386 3711 ἐν
1407 3659 1692 3728 Σοδόμοις
1716 3663 1968 3728 πονηροὶ

299 3733 394 3819 καί
433 3735 764 3803 ἁμαρτωλοί
803 3739 1081 3794 ἐναντίον
1112 3742 1220 3796 τοῦ
1255 3743 1403 3798 Θεοῦ
1419 3746 1675 3816 σφόδρα.
1695 3748 1857 3819 Ὁρᾷς
1877 3748 1970 3802 τὸν

297 3818 422 3873 Λὼτ
449 3821 583 3890 πρὸς
618 3823 716 3892 τὴν
738 3825 834 3894 τῆς
857 3826 957 3895 γῆς
980 3827 1139 3891 φύσιν
1164 3829 1322 3898 μόνον
1344 3831 1621 3897 ἀπιδόντα,
1644 3835 1736 3887 καὶ
1756 3836 1815 3888 οὐ
1841 3853 1967 3890 σκο-

296 3905 400 3959 πού
409 3925 566 3976 μενον
601 3909 708 3961 τῶν
733 3912 1083 3968 ἐνοικούντων
1103 3915 1202 3985 τὴν
1229 3919 1486 3988 πονηρίαν
1507 3936 1520 3984 ;
1543 3920 1608 3972 Τί
1628 3920 1735 3992 γάρ
1755 3923 1964 3992 ὄφελος,

296 3994 415 4046 εἰπέ
441 4011 550 4063 μοι,
571 3996 674 4079 γῆς
696 3997 1070 4072 ἐπιτηδειότης
1111 4005 1204 4056 καὶ
1245 4005 1474 4074 καρπῶν
1494 4008 1742 4079 εὐφορία,
1764 4011 1890 4064 ὅταν
1916 4014 1964 4065 οἱ

296 4080 628 4145 ἐνοικοῦντες
653 4077 754 4136 ῶσι
797 4087 1061 4158 μοχθηροὶ
1097 4089 1188 4143 τὸν
1227 4092 1459 4162 τρόπον;
1496 4096 1560 4148 Τί
1574 4077 1640 4149 δέ
1657 4097 1852 4166 βλάϐος
1871 4100 1966 4152 ἀπ’

294 4168 528 4251 ἐρημίας
547 4170 611 4223 ἂν
630 4172 840 4239 γένοιτο
859 4176 953 4228 καί
971 4176 1074 4246 γῆς
1097 4178 1404 4251 φαυλοτάτη
1414 4199 1456 4244 ς,
1477 4183 1603 4236 ὅταν
1621 4187 1670 4236 οἱ
1691 4186 1965 4240 ἐνοικοῦν-

293 4271 384 4317 τες
402 4249 534 4310 ὦσιν
553 4258 946 4332 ἐπιεικέστεροι
966 4279 980 4327 ;
1002 4262 1077 4315 Τὸ
1094 4263 1203 4335 γὰρ
1222 4249 1512 4334 κεφάλαιον
1545 4269 1651 4322 τῶν
1688 4271 1907 4340 ἀγαθῶν
1929 4275 1962 4345 ή

293 4341 410 4395 τῶν
434 4345 786 4430 ἐνοικούντων
805 4348 952 4402 ἐστὶν
971 4350 1383 4424 εὐγνωμοσύνη.
1403 4355 1540 4408 Ἀλλ’
1560 4359 1587 4410 6
1605 4357 1726 4410 Λὼτ
1749 4361 1884 4430 πρὸς
1903 4341 1962 4414 ἓν

295 4427 454 4520 μόνον
491 4427 618 4496 εἶδε,
641 4435 739 4504 τῆς
778 4435 884 4504 γῆς
922 4436 1019 4508 τὴν
1055 4439 1331 4518 εὐφορίαν.
1371 4442 1469 4496 Διά
1503 4445 1662 4498 τοῦτο
1701 4448 1733 4516 ἡ
1771 4427 1961 4520 Γραφῇ

294 4517 532 4606 σημᾶναι
566 4520 696 4606 ἡμῖν
717 4519 1014 4594 βουλομένη
1036 4525 1144 4578 τῶν
1166 4516 1350 4581 αὐτόθι
1372 4531 1660 4584 οἰκούντων
1679 4533 1777 4604 τὴν
1798 4516 1962 4606 πονη-ἰ

293 4601 432 4672 ρίαν,
457 4605 658 4675 φησίν·
703 4609 768 4661 Ol
803 4607 871 4661 δὲ
906 4608 1202 4678 ἄνθρωποι
1235 4617 1288 4668 οί
1320 4614 1691 4686 ἐνΣοδόμοις
1712 4601 1960 4690 πονηροί

291 4690 386 4743 καὶ
424 4693 756 4760 ἁμαρτωλοί
795 4695 1078 4764 ἐναντίον
1098 4701 1203 4754 τοῦ
1227 4701 1374 4756 Θεοῦ
1396 4705 1650 4772 σφόδρα.
1678 4707 1750 4760 Οὐ
1777 4699 1956 4778 μόνον,

290 4778 445 4846 φησὶ,
485 4783 760 4850 Πονηροὶ,
803 4780 939 4838 ἀλλὰ
978 4787 1085 4840 Καὶ
1129 4787 1481 4858 ἁμαρτωλοὶ,
1504 4794 1597 4845 καὶ
1630 4795 1728 4864 οὐχ
1773 4796 1958 4862 ἁπλῶς

302 4865 666 4953 Ἀμαρτωλοί,
689 4871 825 4926 ἀλλά
865 4875 959 4927 καὶ
990 4875 1302 4930 Ἐναντίον
1337 4879 1444 4932 τοῦ
1463 4881 1633 4945 Θεοῦ,
1655 4884 1796 4937 τοῦτ’
1817 4885 1952 4953 ἐστι,

288 4951 457 5043 πολλὴ
477 4954 583 5043 τῶν
597 4957 821 5043 ἀμαρτη
830 4959 1012 5028 μάτων
1032 4963 1211 5018 αὐτῶν
1231 4965 1268 5036 ἡ
1284 4965 1554 5032 ἐπίτασις,
1573 4969 1665 5023 καὶ
1685 4951 1956 5043 ὐπερδάλέ

286 5036 449 5091 λουσα
481 5040 660 5093 αὐτῶν
686 5043 719 5110 ή
742 5047 1003 5115 πονηρία·
1024 5049 1091 5102 δι’
1111 5050 1141 5102 ὃ
1172 5053 1264 5104 καὶ
1297 5054 1603 5124 ἐπήγαγενο
1641 5036 1956 5114 Ἐναντίον

285 5125 392 5179 τοῦ
417 5126 563 5180 Θεοῦ
582 5130 835 5196 σφόδρα.
858 5128 1010 5196 Εἶδες
1031 5137 1230 5202 κακίας
1253 5141 1511 5208 μέγεθος;
1543 5140 1680 5208 εἶδες
1695 5146 1821 5199 ὅσον
1835 5148 1954 5201 ἐστὶ

286 5213 453 5265 κακὸν
487 5214 548 5266 τὺ
581 5219 691 5304 τοῖς
728 5219 1016 5288 πρωτείοις
1051 5223 1343 5297 ἐπιπηδᾷν,
1365 5231 1456 5283 και
1483 5229 1559 5300 μὴ
1575 5231 1637 5284 τὸ
1673 5233 1950 5304 συμφέρον

285 5303 508 5354 σκοπεῖν
526 5317 542 5367 ;
563 5297 701 5366 εἶδες
720 5305 842 5357 ὅσον
863 5306 1010 5360 ἐστὶν
1030 5311 1317 5376 ἐπιείκεια,
1338 5316 1434 5369 καὶ
1450 5297 1510 5369 τδ
1529 5297 1638 5371 τῶν
1665 5320 1952 5390 πρωτείων

283 5393 654 5478 παραχωρεῖν,
674 5392 770 5478 καλ.
805 5392 1192 5478 ἐλαττοῦσθαι;
1230 5400 1358 5454 Ἰδοὺ
1379 5401 1488 5474 γάρ
1516 5404 1811 5476 προϊούσης
1849 5407 1947 5478 τῆς

279 5471 626 5539 διδασκαλίας
661 5476 905 5548 ὀψόμεθα
923 5480 1015 5534 τὸν
1037 5483 1136 5552 μὲν
1152 5484 1224 5539 τά
1243 5485 1436 5556 πρῶτα
1453 5471 1833 5559 ἐκλεξάμενον,
1853 5471 1944 5546 οδ.

281 5559 468 5629 δεμίαν
505 5562 711 5617 ἐκεῖθεν
747 5564 932 5636 ὄνησιν
972 5569 1472 5642 προσλαμϐάνοντα,
1495 5576 1586 5629 τὸν
1612 5577 1669 5631 δὲ
1692 5577 1945 5634 ἐλάττονα

281 5645 548 5716 ἑλόμενον,
586 5651 1046 5727 περιφανέστερον
1087 5657 1207 5711 καθ’
1228 5660 1460 5734 ἑκάστην
1502 5666 1804 5737 γινόμενον,
1842 5668 1938 5724 καὶ

1396 315 1465 370 ΙΝ
1501 317 1656 372 CAP.
1697 317 1812 374 XIII
1847 316 2093 376 GENES.
2119 313 2331 381 HOMSL
2394 327 2633 389 XXXIV.

3662 319 3786 400 διε

2090 438 2179 492 διὰ
2217 443 2434 499 πάντων
2475 447 2847 522 αὐξανομένην
2884 451 3050 506 αὐτοῦ
3070 453 3170 526 τὴν
3189 447 3470 527 εὐπορίαν,
3496 459 3590 512 καὶ
3629 463 3767 516 πᾶσι

2097 529 2457 598 περίϐλεπτον
2477 534 2894 606 καθιστάμενον.
3786 549 3790 554 ’

2161 614 2222 668 ε’.
2242 619 2380 670 Ἀλλ’
2401 620 2488 673 ἵνα
2510 622 2584 693 μή
2605 624 2684 686 εἰς
2699 623 2833 677 πολύ
2857 626 3032 696 μῆκος
3049 626 3492 702 ἐκτείνωμεν.τήν
3505 630 3620 684 διδα
3629 650 3758 686 σκα-

2086 703 2228 767 λίαν,
2254 706 2414 777 μέχρι
2445 708 2633 762 τούτου
2674 711 2967 782 στήσαντες
2985 714 3077 767 τὸν
3095 713 3271 784 λόγον,
3296 719 3377 779 εἰς
3397 717 3493 789 τὴν
3513 717 3640 788 ἐξῆς
3660 738 3759 772 τα-

2091 791 2446 861 μιευσώμεθα
2466 793 2533 847 τά
2552 793 3064 865 λειπόμενα,⁸ἐκεῖνο
3085 816 3160 852 πα
3169 800 3562 871 ρακαλέσαντες
3595 806 3766 874 ὑμᾶς,

2086 875 2227 930 ὥστε
2265 876 2504 948 ζηλῶσαι
2540 880 2633 934 τόν
2670 883 3034 957 πατριάρχην,
3056 885 3152 939 καὶ
3190 887 3459 958 μηδέποτε
3477 889 3587 943 τῶν
3607 909 3760 960 πρω-·

2085 962 2241 1017 τείων
2278 963 2546 1032 ἐφίεσθαι.
2579 967 2713 1022 ἀλλά
2749 970 3029 1024 πείθεσθαι
3067 971 3146 1042 τῷ
3186 975 3440 1045 μακαρίῳ
3460 975 3655 1046 Παύλῳ
3673 977 3758 1030 λέ-

2083 1067 2264 1114 γοντι’
2295 1051 2372 1121 Τῇ
2409 1053 2547 1122 τιμῇ
2591 1055 2904 1124 ἀλλήλους
2939 1059 3372 1129 προηγούμενοι
3392 1062 3769 1134 ὑπερέχοντας·

2084 1137 2316 1202 ἑαυτῶν,
2338 1140 2432 1193 καὶ
2469 1142 2791 1207 σπουδάζειν
2832 1145 2892 1198 ἐν
2928 1144 3132 1199 ἅπασιν
3171 1145 3545 1202 ἐλαττοῦσθαι.
3587 1149 3768 1204 Τοῦτοι

2084 1226 2193 1296 γάρ
2210 1227 2326 1280 ἐστι
2349 1227 2406 1280 τὸ
2423 1228 2490 1281 τά
2511 1233 2754 1300 πρωτεῖα
2774 1232 2938 1302 ἐχειν,
2961 1232 3213 1304 καθάπερ
3237 1236 3332 1286 καὶ
3350 1237 3378 1287 6
3397 1235 3628 1307 Χριστός
3651 1254 3757 1307 φη-

2083 1329 2194 1364 σιν·
2248 1313 2301 1365 Ὁ
2340 1313 2637 1369 ταπεινῶν
2678 1316 2916 1384 ἑαυτὸν,
2958 1321 3364 1387 ὑψωθήσεται.
3389 1321 3455 1375 Τί
3473 1317 3565 1376 οὖν
3585 1321 3650 1377 ἂν
3670 1325 3763 1395 εἴη,

2080 1399 2270 1453 τούτου
2311 1399 2447 1467 ἴσον,
2467 1401 2595 1455 ὅταν
2627 1402 2694 1456 δι’
2714 1399 2791 1456 ῶν
2824 1405 3031 1475 ἑτέροις
3050 1407 3158 1461 τῶν
3179 1408 3464 1479 πρωτείων
3499 1426 3758 1480 παραχω-

2083 1485 2306 1558 ροῦμεν,
2328 1489 2481 1542 αὐτοὶ
2506 1488 2749 1559 μείζονος
2769 1491 3130 1564 ἀπολαύωμεν
3150 1494 3252 1564 τῆς
3270 1495 3459 1566 τιμῆς,
3481 1499 3573 1551 καὶ
3595 1496 3663 1550 δι’
3680 1492 3764 1552 ὧν

2079 1575 2302 1646 ἐτέρους
2342 1577 2998 1648 προτιμῶμεν,’ἐαυτούς
3038 1583 3118 1644 εἰς
3158 1581 3257 1653 τὴν
3296 1584 3557 1640 ἀνωτάτω
3590 1587 3764 1657 τιμὴν

2079 1664 2408 1735 ἀνάγωμεν;
2457 1665 2629 1719 Τοῦτο
2681 1667 2861 1724 τοίνυν
2882 1708 2898 1733 ,
2938 1671 3242 1741 παρακαλῶ
3263 1714 3280 1738 ,
3325 1673 3715 1744 σπουδάζωμεν
3737 1715 3755 1741 ,

2079 1750 2218 1804 ὥστε
2264 1751 2545 1822 μιμεῖσθαι
2584 1752 2678 1806 τοῦ
2717 1755 3059 1826 πατριάρχου
3098 1758 3196 1828 τὴν
3229 1761 3751 1832 ταπεινοφροσύνην,

2078 1836 2171 1890 καὶ
2190 1839 2314 1890 κατ’
2333 1838 2479 1908 τχνος
2496 1839 2683 1892 τούτου
2703 1839 2797 1894 τοῦ
2818 1842 2923 1912 πρὸ
2943 1841 3036 1896 τοῦ
3057 1842 3220 1914 νόμου
3241 1845 3340 1916 τὴν
3359 1847 3611 1917 τοιαύτην
3632 1849 3754 1901 ἐπι-

2076 1923 2392 1994 δειξαμένου
2414 1925 2730 1994 φιλοσοφίαν
2753 1930 2911 1999 ήμεῖς
2931 1930 2980 1982 οἰ
3001 1931 3060 1983 ἐν
3077 1933 3141 2001 τῇ
3163 1931 3345 2002 χάριτι
3366 1933 3750 2005 πορευώμεθα.

2079 2007 2557 2083 Ταπεινοφροσύνη
2579 2013 2689 2083 γάρ
2708 2015 2926 2085 άληθῶς
2943 2016 3082 2088 αὐτη
3106 2018 3273 2081 ἐστὶν,
3293 2019 3470 2089 ἥνπερ
3487 2022 3516 2073 6
3535 2019 3752 2090 θαυμά-

2079 2112 2194 2160 σιος
2212 2091 2365 2161 οὗτος
2401 2099 2540 2170 ἀνὴρ
2570 2100 2880 2165 ἐπεδείξατο
2901 2103 3027 2172 περὶ
3047 2103 3136 2158 τὸν
3158 2105 3292 2161 πολὺ
3312 2106 3477 2160 αὐτοῦ
3499 2107 3751 2178 λειπόμε-

2077 2200 2186 2245 νον,
2208 2183 2270 2236 οὐ
2309 2185 2452 2239 κατά
2489 2185 2580 2238 τὸν
2611 2187 2710 2257 τῆς
2730 2188 2929 2260 ἀρετῆς
2949 2189 3109 2259 λόγον
3129 2192 3309 2262 μόνον,
3333 2194 3467 2247 ἀλλά
3487 2195 3582 2249 καὶ
3604 2197 3750 2249 κατά

2075 2268 2172 2339 τήν
2191 2270 2405 2340 ἡλικίαν
2426 2273 2519 2325 καὶ
2539 2272 2607 2326 τὰ
2629 2273 2761 2327 ἄλλα
2783 2274 2980 2329 πάντα.
2998 2277 3280 2348 Ἐννόησον
3300 2279 3407 2352 γὰρ
3427 2282 3510 2334 ὅτι
3544 2282 3573 2334 6
3614 2300 3748 2353 πρε-

2039 2428 2046 2432 .
2076 2354 2279 2426 σῆύτης
2306 2356 2384 2427 τῷ
2402 2359 2508 2428 νέῳ
2527 2360 2908 2433 παρεχώρησε,
2933 2364 3026 2416 καὶ
3045 2364 3072 2416 6
3092 2363 3235 2428 θεῖος
3252 2364 3330 2436 τῷ
3350 2367 3630 2437 ἀδελφιδῷ,
3653 2369 3754 2422 καὶ

2074 2443 2104 2496 ὅ
2135 2443 2404 2514 τοσαύτης
2438 2445 2727 2500 ἀπολαύων
2771 2449 2922 2520 παρὰ
2958 2450 3051 2503 τοῦ
3085 2450 3219 2504 Θεοῦ
3253 2452 3558 2525 εὐνοίαςτῷ
3581 2455 3753 2525 μηδὲν

2078 2529 2300 2599 μηδέπω
2339 2531 2482 2601 μέγα
2515 2549 2569 2586 τι
2605 2532 3027 2607 ἐπιδειξαμένῳο
3068 2539 3163 2592 καὶ
3193 2539 3336 2611 άπερ
3356 2542 3520 2611 ἐχρῆν
3539 2544 3749 2596 ἐκεῖνον

2073 2616 2266 2678 εἰπεῖν,
2287 2618 2363 2680 ὥς
2403 2619 2522 2672 νέον
2557 2619 2696 2692 πρὸς
2735 2621 2827 2674 τὸν
2866 2626 3181 2696 πρεσϐύτην
3216 2628 3309 2680 καὶ
3347 2627 3488 2681 θεῖον
3528 2629 3743 2694 ἑαυτοῦ,

2071 2701 2244 2757 ταῦτα
2262 2707 2290 2756 6
2310 2707 2658 2778 πατριάρχης
2675 2709 2812 2778 πρὸς
2830 2710 2921 2763 τὸν
2942 2711 3096 2783 {559]
3119 2713 3238 2766 νέον
3257 2713 3431 2782 ἔλεγε.
3456 2715 3564 2768 Καὶ
3584 2717 3745 2787 ἡμεῖς

2071 2788 2252 2842 τοίνυν
2274 2789 2348 2860 μὴ
2369 2793 2498 2862 περὶ
2514 2795 2640 2856 τούς
2657 2795 3100 2867 ὐπερϐεϐηκότας
3117 2801 3285 2869 ἡμᾶς,
3304 2799 3336 2871 ἦ
3353 2803 3433 2863 εἰς
3449 2802 3576 2865 τούς
3597 2803 3749 2866 ἴσους

2072 2875 2248 2945 ήμῖνα
2284 2877 2653 2948 τυγχάνοντας
2695 2881 2855 2950 μόνον
2889 2882 2959 2935 τά
2999 2883 3097 2953 τῆς
3135 2885 3306 2955 τιμῆς
3327 2885 3742 2957 ἐπιδειξώμεθα.

2072 2961 2244 3015 Τοῦτο
2263 2963 2370 3036 γάρ
2389 2965 2488 3018 οὐκ
2506 2965 2572 3019 ἄν
2593 2967 2676 3039 εἴη
2698 2968 3161 3042 ταπεινοφροσύνῃ
3191 2989 3203 3001 ·
3225 2973 3352 3026 ὅταν
3370 2974 3478 3044 γάρ
3495 2991 3578 3037 τις
3595 2976 3656 3028 τὸ
3684 2973 3750 3041 ἐξ

2071 3049 2318 3120 ἀνάγκης
2367 3052 2714 3123 ὀφειλόμενον
2755 3059 2920 3127 ποιῇ,
2961 3057 3021 3110 οὐ
3062 3059 3528 3132 ταπεινοφροσύννη
3582 3062 3746 3114 τοῦτό

2072 3137 2237 3198 ἐστιν,
2279 3137 2392 3190 ἀλλ’
2412 3138 2620 3210 ὀφειλή.
2645 3141 2712 3194 Ἡ
2748 3141 2805 3194 δὲ
2842 3135 3048 3214 ἀληθής
3085 3147 3574 3219 ταπεινοφροσύνῃ,
3613 3149 3744 3201 ὅταν

2070 3224 2180 3287 τοῖς
2201 3224 2475 3280 ἐλάττοσιν
2495 3223 2634 3281 εἶναι
2652 3228 2868 3283 δοκοῦσι
2898 3231 3335 3305 παραχωρῶμεν,
3369 3235 3464 3288 καὶ
3499 3235 3744 3300 ἐκείνους

2073 3310 2432 3381 προτιμῶμεν
2468 3313 2592 3378 τούς
2634 3314 2768 3369 πολύ
2812 3317 3267 3389 καταδεεστέρους
3294 3315 3739 3392 εἷναινομιζομέ-

2069 3399 2320 3460 νους,“Αν
2361 3398 2418 3451 δὲ
2458 3401 2736 3471 νήφωμεν,
2776 3403 2897 3457 οὐδέ
2929 3404 3182 3468 ἐλάττους
3219 3405 3379 3476 ἡμῶν
3418 3403 3562 3461 εἷναί
3592 3425 3746 3472 τινας

2067 3482 2540 3553 νομίσομεν,ἀλλά
2579 3487 2787 3552 πάντας
2828 3489 3146 3562 ἀνθρώπους
3186 3493 3534 3563 ὑπερϐαίνειν
3570 3496 3762 3565 ἡμᾶς.

2067 3567 2178 3620 Καὶ
2216 3568 2374 3622 τοῦτο
2409 3570 2573 3639 λέγω,
2598 3574 2657 3627 οὐ
2691 3576 2818 3645 περὶ
2837 3577 2994 3646 ήμῶν
3013 3577 3120 3630 τῶν
3145 3578 3357 3649 μυρίοις
3379 3580 3741 3651 ἁμαρτήμασι.

2069 3650 2539 3723 βεϐαπτισμένων,
2563 3658 2699 3711 ἀλλά
2725 3659 2826 3712 κάν
2850 3660 3018 3730 μυρία
3038 3659 3173 3734 τις
3196 3650 3594 3734 κατορθώματα
3613 3668 3742 3718 ἐαυσ

2065 3737 2144 3808 τῷ
2165 3740 2441 3805 συνειδὼς,
2467 3743 2540 3814 μὴ
2562 3745 2718 3798 τοῦτο
2748 3747 2805 3799 δέ
2843 3747 3107 3815 λογίζοιτο
3127 3750 3248 3803 καθ’
3270 3749 3582 3816 ἐαυτὸν,ὅτι
3604 3753 3743 3807 πάν-

2065 3842 2176 3878 των
2196 3828 2342 3880 ἐστὶν
2362 3822 2612 3899 ἔσχατος,
2629 3824 2946 3904 οὐδέναύτῷ
2967 3835 3154 3905 ὄφελος
3175 3835 3241 3890 ἄν
3259 3837 3466 3904 γένοιτο
3484 3839 3592 3893 τῶν
3612 3858 3744 3893 τοσ-

2065 3913 2238 3967 ούτων
2260 3917 2714 3987 κατορθωμάτων.
2740 3919 2912 3974 Τοῦτο
2947 3923 3055 3993 γάρ
3093 3925 3209 3977 ἐστι
3243 3926 3736 3998 ταπεινοφροσύνη,

2066 4001 2192 4055 ὅταν
2210 4019 2294 4066 τις
2314 4003 2568 4075 ἀφορμάς
2587 4005 2724 4074 ἔχων
2756 4007 2850 4060 τοῦ
2891 4009 3234 4081 ἐπαίρεσθαι,
3256 4013 3593 4088 καταστέλλῃ
3613 4016 3740 4068 ἐαυ-

2066 4087 2156 4139 τὸν
2175 4089 2268 4142 καὶ
2286 4093 2551 4154 ταπεινοῖ,
2575 4093 2669 4144 καὶ
2692 4095 2980 4168 μετριάζῃ.
3004 4097 3136 4150 Τότε
3173 4099 3281 4170 γάρ
3311 4101 3405 4153 καὶ
3427 4102 3505 4165 είς
3523 4087 3584 4155 τδ
3603 4102 3741 4174 ἀλη-

2065 4173 2156 4238 θὲς
2174 4173 2309 4244 ὕψος
2323 4177 2706 4250 ἀναχθήσεται,
2728 4181 2867 4235 κατά
2884 4183 2981 4254 τὴν
3001 4184 3093 4237 τοῦ
3115 4183 3189 4237 Κυ
3196 4186 3310 4257 ρίου
3328 4187 3620 4259 ὑπόσχεσιν
3635 4173 3742 4261 τήν

2064 4259 2346 4329 λέγουσαν,
2366 4263 2449 4316 ὅτι
2479 4263 2532 4317 Ὁ
2553 4267 2850 4321 ταπεινῶν
2869 4269 3087 4324 ἑαυτὸν
3119 4272 3522 4339 ὑψωθήσεται.
3562 4259 3734 4332 Σπου-

2063 4347 2310 4419 δάσωμεν
2346 4351 2542 4418 τοίνυν,
2566 4355 2889 4426 παρακαλῶ,
2912 4357 3115 4420 πάντες
3134 4357 3226 4411 τοῦ
3249 4357 3416 4429 ὕψους
3453 4363 3739 4433 ἐπιτυχεῖν

2049 4435 2155 4488 ,τοῦ
2195 4436 2282 4490 διὰ
2315 4437 2416 4508 τῆς
2453 4443 2974 4512 ταπεινοφροσύνης,
2996 4445 3082 4498 ἵνα
3121 4446 3218 4516 τῆς
3252 4447 3422 4518 αὐτῆς
3440 4448 3517 4518 τῷ
3536 4449 3755 4517 δικαίῳ·

2063 4523 2276 4587 εὐνοίας
2308 4525 2702 4598 ἀπολαύσωμεν
2723 4546 2796 4582 πα
2803 4531 2871 4600 ρὰ
2891 4529 2984 4583 τοῦ
3007 4534 3295 4599 Δεσπότου,
3320 4535 3538 4589 καὶτῶν
3558 4534 3732 4607 ἀπορ-

2063 4614 2244 4682 ρήτων
2264 4615 2726 4686 ἐκείνωξάγαθῶν
2744 4616 3080 4689 ἀξιωθῶμεν,
3105 4621 3294 4693 χάριτι
3307 4623 3405 4676 καὶ
3424 4624 3727 4696 φιλανθρω-

2061 4700 2161 4771 πίᾳ
2187 4701 2282 4754 τοῦ
2311 4702 2524 4774 Κυρίου
2538 4703 2696 4774 ἡμῶν
2729 4705 2901 4776 Ἰησοῦ
2923 4708 3180 4779 Χριστοῦ,
3207 4711 3326 4781 μεθ’
3347 4703 3409 4763 οὗ
3427 4711 3505 4780 τῷ
3525 4713 3727 4782 Πατρῖ,

2058 4785 2176 4858 ἃμα
2204 4785 2283 4858 τῷ
2319 4789 2458 4860 ἀγίῳ
2478 4790 2775 4861 Πνεύματι,
2796 4791 2941 4858 δόξα,
2963 4795 3184 4864 κράτος,
3206 4795 3360 4866 τιμὴ,
3386 4795 3481 4850 νῦν
3501 4799 3594 4850 καὶ
3613 4796 3727 4858 ἀεὶ,

2057 4875 2150 4926 καὶ
2170 4875 2250 4939 είς
2267 4875 2392 4940 τοὺς
2411 4878 2611 4942 αἰῶνας
2628 4878 2736 4933 τῶν
2755 4877 2984 4934 αἰώνων.
3004 4882 3195 4952 Ἀμήν.

2685 5001 2928 5054 ΟΜΙΛῙΑ
2967 5002 3088 5056 ΛΔ’.

2053 5092 2200 5180 Εῒπε
2230 5098 2313 5180 δὲ.
2331 5101 2543 5180 Ιςύριος
2565 5101 2921 5180 ςῷ-ᾊόραμ
2943 5106 3094 5174 μετὰ
3121 5107 3190 5180 τό
3221 5109 3586 5180 χωρισθῆναι
3611 5114 3726 5167 τὸν

2123 5169 2379 5250 Αὼτάξΐ
2408 5171 2625 5250 αῄτοῦ·
2672 5169 3048 5250 Ἀναϐλέψας
3087 5169 3577 5250 τοῖς-ὀξὶθαλιὶοῖς
3599 5199 3721 5237 σου

2122 5237 2716 5330 τὲεοξῖπὲξοῗέςξθῗτέιξο
2743 5237 2817 5330 οδ
2850 5237 3072 5330 ενι
3098 5248 3170 5310 ετ,
3186 5237 3348 5330 ’πρεες
3363 5237 3596 5330 ﬂama»
3618 5253 3719 5330 ειμι

2121 5307 2283 5386 λίϐα,
2304 5308 2405 5388 Ξίαί
2437 5309 2738 5388 ἀνατολὰς
2771 5313 2875 5388 καί
2905 5307 3582 5388 θάλασσάνξὸτῖπᾶσαν
3604 5321 3720 5388 τὴν

2120 5375 2256 5445 γῆν,
2292 5375 2372 5444 ἣν
2401 5379 2482 5432 σὺ
2520 5378 2683 5448 ὁρᾷς,
2714 5375 2816 5436 σοὶ
2845 5382 3018 5438 δώσω
3044 5375 3268 5454 αὑτήν..

2119 5487 2186 5535 α’.
2226 5482 2573 5552 Κατεμάθετε
2604 5486 2751 5557 χθὲς,
2791 5490 3084 5561 ἀγαπητοὶ.
3116 5493 3211 5547 τοῦ
3247 5497 3577 5567 πατριάρχου
3613 5495 3714 5565 τὴν

2052 5566 2486 5640 ὑπερϐάλλουσαν
2501 5579 3016 5650 ταπεινοφροσύνην,
3036 5579 3205 5633 εἴδετε
3226 5566 3520 5646 ἐπιεικείας
3541 5583 3710 5655 ὑπερ-

2123 5692 2153 5720 ⁸·
2178 5693 2325 5743 εοτὶι.
2349 5700 2400 5744 el
2421 5695 2614 5756 quidam
2638 5696 2720 5747 alii
2741 5699 2850 5756 τοὺς
2866 5701 2913 5758 ἐξ
2946 5701 3056 5762 tam
3075 5703 3203 5766 ἡμῖν.
