4020 6136
249 281 357 337 5ἰῦ

249 394 435 465 ϐολήν.
449 390 584 446 Οὐδὲ
594 390 701 463 γάρ
715 385 782 461 ἦν
795 388 853 441 τὸ
864 384 1024 457 τυχὸν
1038 384 1100 439 τὸ
1116 383 1207 438 τὸν
1226 378 1559 452 πρεσϐύτην,
1575 376 1666 430 τδν
1683 373 1920 465 τοσαῦτα

252 463 669 554 εὐεργετηκότα,
685 475 777 531 τὸν
788 473 1056 545 τοσαύτης
1069 469 1411 526 ἀπολαύοντα
1428 465 1524 537 τῆς
1545 465 1755 554 εὐνοίας
1772 463 1923 554 παρά

250 549 363 622 τοῦ,
386 549 601 621 πάντων
638 562 930 625 Δεσπότου,
948 558 1217 629 τοσαύτην
1255 553 1627 619 ἐπιδείξασθαι
1665 551 1795 623 περί
1831 549 1922 605 τὸν

252 656 394 717 νέον,
413 653 503 707 τδν
534 648 868 720 ἀδελφιδοῦν,
889 648 988 719 τήν
1029 644 1321 716 ἰσοτιμίαν,
1342 642 1482 697 ὥστε
1519 642 1614 696 καὶ
1639 640 1749 694 τῶν
1768 656 1923 712 πρω-

251 739 413 796 τείων
449 739 599 810 αὑτῷ
639 738 1057 809 παραχωρῆσαι,
1078 734 1174 791 καὶ
1188 732 1256 786 τὰ
1278 731 1534 786 ἐλάττονα
1568 727 1803 790 ἑλέσθαι,
1828 726 1923 782 καί

253 830 431 885 πάντα
466 824 860 893 καταδέξασθαι
902 823 1043 893 ὑπὲρ
1079 820 1171 875 τοῦ
1209 821 1301 872 τὸν
1330 818 1566 889 πόλεμον
1586 816 1920 880 ἀναστεῖλαι,

254 916 349 971 καὶ
368 915 465 987 τὴν
483 914 585 985 τῆς
603 910 934 983 φιλονεικίας
953 907 1208 963 ὑπόθεσιν
1241 903 1480 960 ἐκποδὼν
1517 904 1762 975 ποιῆσαι.
1785 902 1925 957 Τοῦ-

252 1020 344 1057 τον
384 1002 620 1065 ἅπαντες
663 996 857 1069 ζηλοῦν
897 996 1304 1065 σπουδάζωμεν,
1339 993 1434 1047 καὶ
1477 991 1742 1064 μηδέποτε
1784 992 1925 1046 κατά

253 1089 363 1144 τῶν
402 1088 627 1158 πλησίον
663 1083 1041 1156 ὲπαιρώμεθα,
1064 1081 1198 1153 μηδὲ
1242 1081 1384 1151 μέγα
1423 1080 1710 1152 φρονῶμεν
1733 1096 1747 1110 ο
1790 1079 1924 1134 ἀλλά

256 1179 457 1250 πολλὴν
487 1177 585 1247 τὴν
604 1172 1103 1245 ταπεινοφροσύνην
1124 1169 1556 1240 ἐπιδεικνύμενοι
1577 1169 1922 1241 παραχωρῶ-

260 1284 382 1336 μεν,
402 1262 498 1318 καὶ
517 1261 867 1317 ἐλαττοῦσθαι
890 1260 1089 1331 μᾶλλον
1110 1258 1425 1326 σπεύδωμεν
1445 1257 1502 1311 έν
1523 1258 1811 1327 πράγμασι
1831 1255 1923 1309 καὶ

258 1354 317 1406 ὲν
337 1352 562 1423 ῥήμασι,
575 1349 669 1403 καί
690 1350 825 1419 μήτε
840 1345 974 1416 πρὸς
989 1344 1113 1408 τοὺς
1130 1342 1450 1405 ἀδικοῦντας
1466 1339 1924 1412 ἀπεχθανώμεθα,

258 1439 361 1495 κᾶν
399 1435 825 1509 εὑηργετημένοι
857 1433 1062 1504 τύχωσι
1098 1434 1226 1503 παρ’
1261 1428 1415 1500 ἡμῶν
1448 1429 1599 1492 ὄντες
1619 1428 1797 1499 (τοῦτο
1815 1429 1924 1502 γάρ

255 1524 454 1596 ἀρίστη
477 1520 805 1592 φιλοσοφία),
828 1522 965 1591 μήτε
985 1517 1118 1589 πρὸς
1137 1517 1235 1580 τὰς
1256 1514 1405 1587 1540]
1426 1514 1557 1586 ῦϐρε
1567 1532 1612 1578 ις
1631 1516 1925 1586 ἀγριαίνω-

261 1630 381 1683 μεν,
402 1612 506 1667 κᾶν
525 1610 900 1678 ὑποδεέστεροι
933 1601 1042 1659 εἷεν
1071 1605 1120 1657 οί
1144 1604 1279 1675 πρὸς
1299 1604 1445 1673 ἡμᾶς
1464 1602 1925 1673 διαπληκτιζόμε-

258 1717 361 1763 νοι,
381 1699 516 1752 ἀλλά
551 1700 615 1769 τῇ
649 1693 919 1764 ἐπιεικείᾳ
950 1692 1046 1746 καὶ
1078 1692 1142 1762 τῇ
1167 1689 1440 1761 πραΰτητι
1461 1690 1550 1743 τὸν
1572 1688 1741 1759 θυμὸν
1759 1707 1926 1742 κατα-

260 1791 585 1861 στέλλωμεν.
607 1786 772 1840 Οὐδὲν
790 1781 898 1854 γὰρ
918 1781 1122 1852 ταύτης
1162 1780 1532 1851 ἰσχυρότερον,
1553 1778 1705 1832 οὐδὲν
1724 1778 1926 1849 ταύτης

258 1875 643 1945 δυνατώτερον.
667 1869 817 1940 Αῦτη
834 1870 932 1940 τὴν
951 1868 1223 1940 ἡμετέραν
1250 1865 1426 1936 ψυχὴν
1447 1866 1503 1919 έν
1523 1865 1761 1933 διηνεκεῖ
1796 1864 1928 1918 καθ-

263 1965 441 2035 ίστησι
476 1964 544 2033 τῇ
585 1959 814 2030 γαλήνη,
837 1956 1086 2028 καθάπερ
1124 1957 1181 2009 ὲν
1218 1954 1400 2025 λιμένι
1416 1953 1586 2023 αὐτὴν
1604 1951 1926 2024 ὁρμίζεσθαι

209 2047 214 2051 ’
261 2047 771 2122 παρασκευάζουσα,
795 2045 890 2100 καὶ
929 2045 1110 2113 πάσης
1145 2039 1503 2103 ἀναπαύσεως
1522 2039 1777 2103 ὑπόθεσις
1795 2041 1926 2110 ἡμῖν

260 2137 541 2209 γινομένη.
562 2134 661 2188 Διὰ
696 2132 853 2186 τοῦτο
891 2132 982 2185 καί
1014 2130 1042 2183 6
1079 2127 1315 2200 Χριστὸς
1333 2127 1433 2199 τὴν
1452 2128 1603 2182 Θείαν
1624 2127 1840 2198 ἐκείνην
1858 2126 1930 2180 δι-

260 2224 553 2280 δασκαλίαν
617 2218 936 2290 ποιούμενος
987 2216 1138 2286 ἔλεγε
1157 2232 1171 2248 ·
1219 2213 1451 2270 Μάθετε
1492 2214 1593 2270 ἀπ’
1611 2215 1757 2284 ἐμοῦ
1778 2255 1794 2278 ,
1839 2214 1931 2270 ὅτι

262 2312 451 2381 πρᾶός
488 2312 605 2379 ειμι
640 2307 748 2361 καὶ.
775 2303 1054 2369 ταπεινὸς
1091 2301 1165 2370 τῇ
1205 2301 1414 2371 καρδίᾳ
1437 2344 1452 2366 ,
1492 2301 1593 2355 καί
1644 2300 1931 2367 εὑρήσετε

261 2398 609 2454 ἀνάπαυσιν
643 2392 772 2459 ταῖς
811 2390 1038 2460 ψυχαῖς
1075 2388 1261 2459 ὑμῶν.
1304 2388 1469 2442 Οὐδὲν
1508 2387 1619 2459 γὰρ
1654 2387 1798 2442 οὑτω
1833 2387 1931 2460 τὴν

261 2486 441 2556 ψυχὴν
479 2484 537 2537 ὲν
577 2478 879 2534 ἀναπαύσει
919 2476 1210 2547 καθίστησι
1231 2476 1325 2528 καὶ
1343 2474 1510 2546 πολλῇ
1529 2478 1595 2546 τῇ
1617 2475 1837 2546 ἡσυχίᾳ,
1856 2475 1933 2540 ὡς

262 2572 508 2645 πραότης
543 2567 640 2622 καὶ
674 2561 1161 2634 ταπεινοφροσύνη.
1182 2560 1352 2616 Τοῦτο
1385 2561 1584 2626 παντὸς
1603 2560 1933 2632 διαδήματος

263 2657 583 2731 τιμιώτερον
600 2654 665 2709 ἀν
679 2653 888 2723 γένοιτο
904 2650 982 2721 τῷ
999 2649 1201 2721 ταύτην
1221 2648 1559 2719 κεκτημένῳ,
1577 2647 1734 2703 τοῦτο
1752 2649 1931 2721 πάσης

264 2744 620 2818 περιφανείας
658 2743 753 2796 καὶ
770 2738 927 2811 δόξης
945 2736 1401 2808 λυσιτελέστερον.
1423 2735 1488 2789 Τί
1507 2736 1617 2807 γάρ
1637 2736 1703 2790 ἂν
1721 2738 1933 2806 γένοιτο

267 2831 677 2905 μακαριώτερον
695 2825 804 2881 -τοῦ
835 2823 1254 2897 ἀπηλλαγμένου
1274 2821 1367 2876 τοῦ
1388 2822 1597 2877 ἔνδοθεν
1617 2824 1932 2895 τικτομένου

265 2920 501 2991 πολέμου
520 2936 535 2986 ;
559 2916 675 2972 Κᾶν
705 2914 814 2986 γὰρ
838 2912 1097 2985 μυριάκις
1115 2911 1338 2982 εἰρήνης
1356 2908 1554 2974 ἔξωθεν
1572 2910 1934 2983 ἀπολαύωμεν

264 3009 359 3063 καὶ
376 3005 691 3078 θεραπείας,
712 3002 920 3058 ἔνδοθεν
939 3001 997 3054 δὲ
1016 3000 1265 3070 τίκτηται
1297 3000 1430 3070 ήμίν
1467 2998 1533 3052 ὲκ
1567 3000 1664 3069 τῆς
1701 2999 1811 3053 τῶν
1849 2999 1936 3054 λο-

265 3094 480 3166 γισμῶν
518 3090 763 3164 ταραχῆς
803 3088 1030 3158 θόρυϐος
1068 3086 1164 3141 καὶ
1203 3084 1339 3157 ζάλη
1364 3124 1380 3149 ,
1423 3085 1573 3139 οὐδὲν
1606 3086 1800 3154 ὄφελος
1835 3091 1934 3159 τῆς

265 3182 464 3251 ἔξωθεν
521 3180 773 3252 εἰρήνης’
831 3175 1019 3247 ὥσπερ
1089 3174 1213 3228 οὑδὲ
1269 3172 1476 3237 πόλεώς
1525 3191 1577 3228 τι
1639 3173 1932 3230 ἐλεεινότε-

269 3286 361 3339 ρον
383 3281 433 3333 ι,
474 3267 578 3321 κᾶν
612 3264 781 3337 μυρία
816 3281 900 3327 τις
941 3263 1096 3332 τείχη
1131 3262 1227 3316 καί
1246 3258 1624 3331 χαρακώματα
1644 3262 1813 3333 αὐτὴν
1834 3280 1934 3316 πε-

269 3354 519 3427 ριϐἀλλη,
554 3355 618 3406 εκ
653 3350 709 3404 δὲ
746 3349 855 3403 τῶν
894 3348 1103 3403 ἔνδοθεν
1141 3346 1493 3401 ἐνοικούντων
1525 3347 1623 3416 τὴν
1646 3348 1934 3417 προδοσίαν

267 3437 533 3508 ὑπομένῃ.
568 3433 736 3487 Τοῦτο
777 3431 979 3496 τοίνυν,
1013 3429 1333 3500 παρακαλῶ,
1372 3428 1477 3501 πρὸ
1514 3428 1729 3484 πάντων
1765 3447 1933 3483 σπου-

268 3521 540 3593 δίιζωμεν,
587 3518 858 3591 ἀτάραχον
893 3516 1038 3587 ἔχειν
1075 3516 1174 3588 τὴν
1199 3515 1398 3586 ψυχὴν,
1432 3517 1490 3568 έν
1522 3515 1725 3586 ἡσυχίᾳ
1766 3515 1934 3587 αὐτὴν

266 3608 610 3670 καθιστάναι,
656 3606 839 3676 πάσης
873 3605 1064 3677 ἀηδίας
1110 3602 1474 3676 ἀπηλλάχθαι.
1519 3603 1606 3657 ἵνα
1656 3604 1750 3658 καί⁵
1782 3604 1936 3657 αὐτοὶ

268 3697 465 3769 πολλῆς
488 3695 977 3765 τῆς-ἀναπαύσεως
1013 3693 1394 3765 ἀπολαύωμεν,
1429 3693 1654 3757 καὶτοῖς
1683 3708 1933 3761 συγγινο-

272 3784 451 3857 μένοις
497 3786 628 3857 ἡμῖν
675 3784 965 3856 προσηνεῖς
1001 3780 1301 3852 γινώμεθα.
1340 3779 1512 3834 Τοῦτο
1556 3779 1665 3850 γ⁹ἀρ
1702 3779 1934 3850 μάλιστα

268 3871 559 3944 γνώρισμα
602 3871 891 3942 ἀνθρώπου
934 3869 1028 3922 τοῦ
1049 3868 1191 3940 λόγῳ
1217 3866 1603 3938 τετιμημένου,
1621 3867 1682 3919 τὸ
1705 3867 1931 3938 ἥμερον,

266 3959 330 4012 τὸ
351 3958 611 4023 ἐπιεικὲς,
655 3958 717 4012 τὺ
754 3959 951 4029 πρᾶον,
997 3955 1057 4009 τὸ
1091 3952 1448 4016 ταπεινὸν,τδ
1495 3953 1718 4024 ἥσυχον,
1762 3953 1824 4007 τὸ
1860 3954 1935 4025 μὴ

269 4046 519 4118 καθάπερ
537 4044 867 4117 ἀνδράποδον
886 4042 1057 4105 οὑτως
1075 4039 1330 4094 ἕλκεσθαι
1358 4038 1453 4106 καὶ
1473 4037 1753 4110 σύρεσθαι,
1774 4039 1807 4110 ἢ
1831 4041 1936 4095 ὑπὸ

267 4131 530 4206 ὀργῆςᾶἢ
563 4132 669 4186 ὑπὸ
697 4131 805 4185 τῶν
839 4129 1014 4183 ἄλλων
1052 4127 1259 4191 παθῶν,
1288 4124 1425 4179 ἀλλά
1445 4125 1525 4195 τῷ
1556 4126 1803 4196 λογισμῷ
1839 4146 1933 4182 πε.

273 4218 574 4290 ριγίνεσθαι
601 4217 712 4269 τῶν
757 4214 966 4269 ἔνδοθεν
1011 4212 1418 4282 σκιρτημάτων,
1461 4212 1559 4265 καὶ
1600 4213 1700 4283 τὴν
1730 4214 1935 4268 οἰκείαν

269 4303 558 4369 διασώζειν
582 4301 882 4368 εὐγένειαν.
905 4301 999 4355 καὶ
1036 4298 1110 4371 μή
1131 4299 1221 4352 διὰ
1260 4296 1530 4370 ῥᾳθυμίας
1560 4299 1589 4339 ι’
1609 4300 1690 4362 είς
1706 4299 1807 4371 τὴν
1825 4301 1934 4355 τῶν

272 4392 483 4460 ἀλόγων
529 4389 816 4445 ἐκπίπτειν
856 4386 1172 4460 θηριωδίαν.
1210 4386 1320 4441 Καὶ
1367 4384 1455 4441 ίνα
1495 4386 1673 4461 μάθῃς
1699 4387 1799 4460 ὅση
1836 4390 1934 4460 τῆς

270 4478 582 4550 πραΰτητος
611 4477 704 4529 καὶ
742 4476 841 4546 τῆς
866 4473 1163 4538 ἐπιεικείας
1197 4477 1231 4548 ἡ
1271 4475 1442 4545 ἰσχὺς,
1461 4477 1556 4530 καὶ
1598 4476 1675 4539 ὡς
1704 4477 1937 4549 ήρκεσεν

270 4566 411 4637 αῦτη
434 4565 566 4635 μόνη
590 4565 622 4634 ἡ
653 4563 821 4635 ἀρετὴ
840 4564 929 4619 τὸν
967 4564 1135 4635 αὐτὴν
1166 4565 1305 4635 μετά
1322 4564 1606 4635 ἀκριϐείας
1643 4566 1936 4637 κατωρθωο

196 4674 201 4677 “
271 4655 405 4708 κότα
443 4651 552 4706 τῶν
592 4651 919 4722 ἀπορῤήτων
964 4650 1186 4703 ἐκείνων
1215 4650 1452 4705 ἐπαίνων
1489 4650 1740 4717 ἀξιῶσαι,
1771 4652 1937 4708 ἄκουε

270 4741 365 4796 τοῦ
389 4738 662 4815 μακαρίου
690 4735 968 4800 Μωῦσέως
986 4734 1086 4806 τὴν
1102 4735 1276 4804 ἀνακή
1286 4734 1433 4806 ρυξιν
1452 4736 1698 4791 ἐντεῦθεν
1717 4739 1938 4809 γινομέ-

269 4846 390 4901 νην,
412 4829 508 4885 καὶ
526 4826 788 4896 στέφανον
807 4823 954 4894 αὑτῷ
987 4824 1053 4876 ὲκ
1068 4820 1273 4890 ταύτης
1292 4820 1432 4874 οῦτω
1453 4821 1804 4893 πλεκόμενον.
1827 4826 1937 4880 Καὶ

270 4914 532 4983 Μωῦσῆς
549 4909 649 4983 ἦν,
676 4911 829 4980 φησί,
853 4908 1184 4977 πραότατος
1203 4905 1445 4959 πάντων
1464 4907 1791 4975 ἀνθρώπων
1819 4911 1938 4966 τῶν

270 5002 369 5057 ἐπὶ
389 5001 499 5070 τῆς
535 4999 668 5070 γῆς.
703 4995 856 5060 Εἶδες
892 4994 1170 5065 ὲγκωμίου
1210 4992 1461 5064 μέγεθος,
1496 4993 1734 5065 δ·πάσης
1773 4997 1937 5052 αὑτὸν

268 5089 375 5160 τῆς
399 5086 744 5158 ἀνθρωπίνης
780 5081 994 5152 φύσεως
1033 5078 1334 5134 ἰσοστάσιον
1366 5080 1632 5151 ἀπέφηνε,
1659 5080 1858 5150 μᾶλλον
1882 5084 1937 5136 δὲ

271 5176 473 5239 παντὸς
491 5174 584 5227 τοῦ
603 5173 710 5227 τῶν
731 5168 1035 5242 ἀνθρώπων
1065 5167 1254 5236 γένους
1284 5167 1609 5239 προέκρινες
1643 5168 1754 5222 Καὶ
1778 5169 1936 5223 πάλιν

270 5260 519 5335 περὶτοῦ
537 5260 699 5314 Δαυῖδ
732 5275 895 5329 φησιν
922 5258 956 5329 ἠ
990 5257 1198 5329 Γραφήο
1238 5255 1572 5323 Μνήσθητι,
1612 5258 1808 5325 Κύριε,
1831 5257 1935 5313 τοῦ

271 5348 473 5413 Δαυῒδ,
520 5346 617 5401 καί
667 5344 876 5415 πάσης
905 5341 1010 5412 τῆς
1048 5343 1381 5411 πραότητος
1408 5341 1615 5415 αὑτοῦ.
1660 5342 1937 5398 Ἐντεῦθεν

271 5361 473 5413 Δαυτο,
520 5361 617 5401 και
667 5361 876 5415 πασης
905 5361 1010 5412 της
1048 5361 1381 5411 πραοτητος
1408 5361 1555 5396 avra
1599 5380 1615 5395 .
1675 5361 1936 5398 ιιντευυεν

271 5438 368 5493 καὶ
408 5439 437 5490 6
482 5433 825 5507 πατριάρχης
865 5430 1042 5501 πολλῷ
1088 5430 1307 5483 πλείονα
1344 5429 1441 5501 τὴν
1479 5361 1684 5498 άνῶεν
1724 5429 1936 5485 εὔνοιαν

270 5526 641 5588 δπεσπάσατο,
680 5522 776 5576 καὶ
802 5519 871 5574 τά
908 5519 1038 5591 παρ’
1068 5516 1261 5571 ἑαυτοῦ
1302 5516 1646 5584 εἰσενεγκὼν,
1687 5517 1795 5571 τῶν
1818 5536 1939 5589 μει-

271 5610 439 5674 ζόνων
473 5594 681 5680 η’ξιώθη
719 5605 871 5679 παρά
902 5605 995 5659 τοῦ
1039 5604 1420 5675 φιλανθρώπου
1452 5601 1607 5656 Θεοῦ.
1639 5605 1749 5657 Καὶ
1778 5603 1938 5659 τοῦτο

270 5697 502 5766 εἴσεσθε,
538 5695 759 5751 ἐπειδὰν
788 5696 869 5759 εἰς
904 5691 1069 5766 μέσον
1100 5689 1389 5762 προθῶμεν
1422 5689 1550 5760 ὑμῖν
1581 5689 1653 5743 τά
1670 5691 1934 5747 ἀκόλουθα

338 5894 363 5924 ⁸
385 5892 484 5945 Δίὶί
508 5895 812 5961 ἐλεεινότερον
841 5897 1041 5960 γένοιτο.
1107 5892 1135 5933 b
1162 5893 1365 5955 Septem
1388 5901 1501 5939 mss.
1529 5887 1606 5936 διὰ
1631 5889 1870 5961 ῥᾳθυμίαν.

1088 268 1145 325 S.
1182 261 1469 323 JOANNXS
1502 250 1988 317 CHRYSOSTOMI
2025 251 2341 311 ARCHIEP.
2385 250 2926 311 CONSTANTINOP.

3584 250 3695 312 3H

2023 372 2131 426 τῶν
2179 371 2308 443 χθὲς
2363 372 2702 444 εἰρημένων,
2753 370 2846 423 καὶ
2898 368 2966 423 τά
3018 368 3231 440 πρῶτον
3278 370 3695 439 ἀναγνωσθέντα

2021 455 2416 526 ἀναπτύξωμεν
2450 456 2544 509 ἐπὶ
2580 455 2679 524 τῆς
2725 451 2996 524 ὑμετέρας
3029 454 3268 523 ἀγάπης.
3323 453 3540 524 Ἐπειδὴ
3583 453 3695 523 γὰρ

2021 543 2223 616 πολλὴν
2274 542 2683 612 ἐπιδειξάμενος
2723 540 2820 611 τὴν
2865 541 3167 594 ἐπιείκειαν
3215 540 3581 612 παρεχώρησε
3613 540 3695 611 τῷ

2020 632 2147 688 Λὼτ
2175 633 2284 687 τῶν
2313 633 2614 704 πρωτείων,
2641 633 2736 686 καὶ
2764 631 2864 700 τῆς
2893 629 3124 699 ἐκλογῆς
3152 628 3300 700 αὐτῷ
3324 629 3422 699 τὴν
3445 628 3693 694 ἐξουσίαν

2020 714 2289 786 δεδωκὼς,
2325 720 2496 773 είλετο
2528 718 2827 790 προθύμως
2871 717 2969 791 τὴν
3008 716 3267 771 ἐλάττονα
3307 716 3499 787 μερίδα
3550 715 3693 785 ὑπὲρ

2021 806 2116 861 τοῦ
2174 809 2352 861 πᾶσαν
2407 800 2648 860 ἐκποδὼν
2700 803 2951 874 γενέσθαι
2990 801 3345 872 φιλονεικίαν·
3403 802 3504 867 ὅρα
3535 799 3689 874 [541]

2021 897 2153 966 ὅσης
2202 896 2462 951 ἀπολαύει
2513 864 3039 965 παραχρῆμανπαρά
3087 889 3181 944 τοῦ
3216 889 3350 944 Θεοῦ
3395 864 3492 961 τῆς
3531 864 3694 959 ἀμοιΞ

2024 985 2148 1054 ϐῆς,
2179 984 2273 1038 καὶ
2303 984 2450 1048 ὅπως
2490 984 2555 1036 ὲκ
2580 981 2779 1052 πολλῆς
2801 980 2901 1050 τῆς
2933 978 3247 1051 περιουσίας
3280 976 3521 1047 μείζονος
3548 971 3693 1042 ἀξιοῖ

2020 1072 2121 1141 τῆς
2155 1070 2474 1133 ἀντιδόσεως
2502 1068 2592 1122 τὸν
2618 1056 2980 1138 πατριάρχην.
3022 1063 3277 1126 Τοιοῦτος
3303 1063 3412 1134 γὰρ
3430 1062 3460 1115 6
3483 1063 3691 1116 Δεσπό-

2020 1175 2121 1229 της
2150 1160 2178 1211 6
2229 1157 2517 1228 ήμέτερος⁶
2563 1152 2778 1208 ἐπειδάν
2809 1153 2893 1226 ίδῃ
2952 1153 3145 1222 μικρόν
3178 1168 3231 1203 τι
3282 1150 3693 1218 εἰσενεγκόντας

2024 1245 2191 1315 ἡμᾶς,
2220 1243 2461 1312 δαψιλεῖς
2491 1243 2622 1313 ήμῖν
2654 1239 2879 1314 παρέχει
2910 1240 3007 1302 τὰς
3048 1238 3175 1309 παρ’
3205 1236 3397 1292 ἑαυτοῦ
3430 1235 3687 1307 ἀμοιϐὰς,

2023 1332 2116 1384 καὶ
2136 1329 2403 1400 τοσαύτην
2425 1327 2788 1382 ἐπιδείκνυται
2813 1326 2911 1396 τὴν
2943 1323 3274 1396 φιλοτιμίαν,
3309 1324 3384 1387 ὡς
3417 1322 3593 1393 πολλῷ
3611 1316 3692 1394 τῷ

2028 1417 2213 1488 μέτρῳ
2236 1415 2657 1488 ὑπερακοντωαι
2689 1413 2756 1466 τὰ
2786 1414 2913 1488 παρ’
2939 1412 3095 1483 ήμῶν
3128 1409 3404 1479 γεγονότα.

2098 1478 2162 1578 βῖ.
2184 1478 2294 1560 kal
2313 1478 2472 1560 τοῦτο
2502 1505 2586 1574 ἐφ’
2614 1478 3120 1583 έκάστῳΙτῶν-παμ
3141 1478 3305 1571 ήμῶν
3343 1496 3692 1570 ἐπιτελουμέ-

2026 1611 2133 1648 νων
2160 1594 2382 1666 εὑρήσει
2403 1611 2487 1658 τις
2509 1592 2638 1665 παρ’
2665 1592 2829 1647 αὑτοῦ
2860 1591 3159 1661 γινόμενον.
3189 1589 3253 1642 Τί
3278 1588 3407 1660 γὰρ,
3437 1588 3557 1641 εἰπέ
3575 1605 3690 1658 μοι,

2025 1683 2117 1738 δύο
2145 1683 2347 1737 ὀϐολῶν
2378 1681 2444 1737 ἂν
2500 1682 2708 1751 γένοιτο
2762 1680 3167 1747 εὑτελέστερον;
3218 1677 3359 1730 Ἀλλ’
3400 1679 3547 1747 ὅμως
3593 1676 3692 1747 τὴν

2027 1772 2202 1842 χήραν
2226 1771 2460 1842 ἐκείνην,
2502 1770 2602 1841 τὴν
2638 1771 2763 1833 τοὺς
2800 1768 2891 1822 δύο
2926 1767 3143 1830 ὀϐολοὺς
3168 1764 3595 1825 καταϐαλοῦσαν,
3632 1761 3693 1828 ἐξ

2028 1859 2233 1913 ἐκείνου
2261 1858 2421 1930 μέχρι
2466 1856 2559 1911 τοῦ
2590 1856 2853 1929 παρόντος
2902 1856 2982 1918 εἰς
3011 1857 3188 1908 πᾶσαν
3237 1852 3335 1923 τὴν
3367 1851 3692 1921 οἰκουμένην

2027 1944 2496 2016 ἀνακηρύττεσθαι
2550 1944 2835 2013 πεποίηκε.
2870 1942 2981 1995 Καὶ
3028 1939 3081 1993 τί
3125 1941 3268 2009 λέγω
3301 1937 3393 1992 δύο
3433 1938 3690 2002 ὀϐολούςς

2028 2032 2147 2086 Κᾶν
2177 2032 2432 2103 ποτήριον
2462 2031 2671 2103 ψυχροῦ
2696 2048 2779 2095 τις
2812 2029 2909 2101 δῷ,
2939 2030 3031 2083 καί
3057 2030 3196 2098 ὑπὲρ
3222 2027 3412 2081 τούτου
3450 2024 3693 2097 μεγάλας

2027 2121 2198 2194 ὁρίζει
2224 2120 2321 2184 τάς
2354 2119 2607 2191 ἀμοιϐὰς,
2641 2118 2750 2173 ἀπὸ
2782 2119 2878 2189 τῆς
2903 2116 3125 2186 γνώμης
3157 2116 3243 2168 ἀεὶ
3262 2114 3538 2192 στεφανῶν
3566 2114 3693 2182 τοὺς

2028 2208 2126 2278 τὴν
2155 2207 2356 2278 ἀρετὴν
2405 2204 2824 2278 κατορθοῦντας.
2867 2205 2978 2259 Καὶ
3026 2204 3120 2256 ἐπὶ
3152 2202 3250 2273 τῆς
3279 2200 3602 2274 προσεδρίας
3634 2202 3691 2254 δὲ

2028 2296 2136 2350 τῶν
2165 2294 2339 2364 εὑχῶν
2366 2292 2523 2347 τοῦτο
2555 2293 2652 2348 ῑδοι
2674 2310 2757 2357 τις
2792 2293 2860 2347 ἂν
2893 2292 3021 2363 παρ’
3047 2289 3210 2345 αὑτοῦ
3246 2289 3548 2360 γινόμενον.
3567 2290 3691 2343 Ἐάν

1992 2396 2002 2405 ’
2028 2383 2137 2454 γάρ
2172 2382 2256 2453 ίδῃ
2318 2381 2458 2452 μετά
2486 2379 2814 2451 θερμότητός
2851 2395 2972 2433 τινα
3007 2378 3317 2448 προσιόντα,
3346 2377 3547 2441 εὐθέως
3577 2377 3694 2448 ὲρεῖ

2029 2473 2165 2543 πρὸς
2216 2471 2396 2525 αὐτόν’
2427 2471 2548 2523 Ἔτι
2575 2467 2912 2533 ,λαλοῦντός
2940 2481 3056 2520 σου
3085 2466 3213 2521 ἰδοὺ
3255 2466 3508 2538 πάρειμι.
3550 2469 3611 2521 Εἰ
3633 2468 3690 2521 δὲ

2030 2559 2249 2613 πλείονα
2281 2556 2379 2630 τὴν
2424 2556 2750 2628 προσεδρίαν
2799 2554 3150 2619 ἐπιδείξηται,
3198 2555 3289 2607 καὶ
3332 2555 3469 2625 μετά
3496 2555 3688 2609 πολλοῦ

2028 2647 2122 2702 τοῦ
2156 2646 2322 2702 πόθου
2346 2646 2442 2701 κα⁵ι
2473 2644 2703 2714 ζεούσης
2741 2644 2837 2713 τῆς
2867 2642 3173 2715 προθυμίας
3198 2643 3266 2696 τά
3293 2644 3391 2714 τῆς
3425 2643 3692 2714 αἰτήσεως

2032 2734 2415 2804 φιλοτιμεῖται,
2462 2733 2557 2785 καὶ
2603 2728 2709 2800 πρὸ
2757 2730 2854 2801 τῆς
2902 2730 3167 2800 αἰτήσεως
3208 2728 3570 2800 ἀνακηρύττει
3596 2732 3693 2784 καὶ

2034 2822 2305 2892 στεφανοῖ·
2360 2820 2499 2889 ὅπερ
2551 2818 2647 2872 καὶ
2700 2818 2794 2871 ἐπὶ
2854 2815 2953 2886 τῆς
3009 2815 3319 2879 Χαναναίας
3370 2814 3690 2886 πεποίηκεν.

2044 2898 2419 2980 Ἐπειδὴὶγάρ
2451 2903 2589 2960 εἶδεν
2623 2904 2790 2976 αὑτῆς
2827 2904 2917 2957 τὸν
2946 2902 3095 2956 τόνον
3125 2904 3219 2957 καὶ
3241 2904 3339 2973 τὴν
3366 2902 3566 2974 πολλὴν
3609 2904 3694 2956 έν-

2034 3013 2242 3059 στασιν,
2282 2996 2543 3067 πρότερον
2595 2990 2941 3063 ἀνακηρύξας
2976 2992 3071 3044 καὶ
3111 2989 3477 3060 στεφανώσας,
3505 2989 3582 3055 ὡς
3618 2992 3695 3044 εί-

2033 3086 2154 3140 πεῖν
2183 3084 2271 3137 διὰ
2302 3082 2410 3137 τῶν
2440 3080 2751 3151 ἐγκωμίων,
2792 3079 2886 3134 καὶ
2927 3079 3074 3151 πάσῃ
3106 3081 3170 3150 τῇ
3206 3078 3498 3151 οἰκουμένῃ
3523 3079 3694 3134 κατά-

2031 3172 2187 3244 δηλον
2215 3170 2384 3242 αὑτὴν
2417 3170 2670 3240 ποιήσας,
2690 3166 2812 3221 τότε
2840 3168 2935 3220 καὶ
2958 3165 3024 3219 τὰ
3050 3166 3151 3236 τῆς
3163 3167 3442 3264 θίτήσεως
3469 3166 3695 3233 ἑφιλοτι·

2036 3263 2245 3332 μήσατο
2271 3257 2409 3331 μετά
2434 3256 2630 3327 πολλῆς
2654 3254 2753 3324 τῆς
2780 3253 3076 3323 δαψιλείας.
3115 3248 3299 3306 Είῖτὼν
3333 3251 3463 3322 γὰρ,
3488 3248 3555 3305 Ὦ
3586 3252 3693 3322 γύ-

2033 3366 2151 3413 ναι,
2189 3345 2421 3416 μεγάλη
2474 3360 2590 3398 σου
2611 3344 2646 3408 ἡ
2674 3343 2899 3407 πίστις,
2926 3340 3047 3393 τότε
3076 3340 3340 3410 ἐπήγαγε,
3376 3341 3437 3392 Γ.
3457 3340 3695 3407 νηθήτω

2035 3453 2132 3491 σοι
2159 3437 2239 3500 ὡς
2270 3432 2485 3498 θέλεις.
2523 3431 2634 3485 Καὶ
2661 3433 2707 3483 εἰ
2750 3427 3070 3499 βουλοίμεθα
3099 3427 3328 3481 ἕκαστον
3353 3426 3458 3481 τῶν
3487 3429 3544 3480 έν
3573 3430 3695 3491 ταῖς

2035 3524 2206 3587 θείαις
2229 3521 2468 3594 Γραφαῖς
2496 3517 2759 3585 ἐκλέγειν,
2799 3512 3074 3585 πανταχοῦ
3106 3513 3306 3584 πολλὴν
3333 3512 3574 3584 ὀψόμεθα
3594 3513 3694 3586 τὴν

2035 3612 2341 3683 φιλοτιμίαν
2378 3606 2471 3662 τοῦ
2494 3605 2784 3661 Δεσπότου.
2813 3604 2986 3673 Ὅπερ
3022 3600 3265 3673 ἀκριϐῶς
3302 3602 3332 3654 6
3355 3602 3695 3674 πατριάρχης

2033 3699 2413 3769 ἐπιστάμενος,
2443 3696 2538 3749 καὶ
2570 3692 2723 3755 εἰδὼς
2743 3692 2825 3745 ὃτι
2855 3691 2884 3743 6
2912 3690 3018 3744 τῶν
3046 3689 3342 3742 ἐλαττόνων
3364 3691 3697 3759 παραχωρή-

2037 3805 2135 3851 σας
2190 3785 2452 3857 μειζόνων
2516 3777 2875 3845 ὲπιτεύξεται,
2933 3776 3183 3847 καθάπερ
3233 3774 3360 3846 χθὲς
3394 3775 3696 3846 ἠκούσατε,

2036 3872 2398 3945 παρεχώρησε
2419 3868 2498 3941 τῷ
2547 3867 2690 3933 Λὼτ,
2711 3867 2807 3919 καί
2837 3864 3011 3918 εἵλετο
3052 3863 3149 3934 τὴν
3180 3862 3562 3932 εὐτελεστέραν
3586 3862 3695 3932 χώ-

2038 3976 2158 4030 ραν,
2180 3958 2269 4012 ἵνα
2299 3955 2510 4025 καὶτῆς
2540 3951 2872 4022 φιλονεικίας
2898 3950 2996 4014 τάς
3033 3949 3287 4019 ἀφορμὰς
3318 3947 3574 4021 περιέλῃ,
3603 3949 3701 4001 καὶ

2036 4054 2133 4126 τὴν
2164 4052 2368 4108 οἰκείαν
2400 4051 2597 4123 ἀρετὴν
2621 4046 2972 4118 ἐπιδείξηται,
3007 4046 3101 4101 καὶ
3121 4044 3180 4098 έν
3204 4045 3396 4116 εἰρήνῃ
3413 4046 3700 4113 καταστή-

2040 4170 2108 4225 σῃ
2140 4152 2238 4222 τὴν
2274 4149 2452 4204 οἰκίαν
2483 4147 2719 4201 ἀπασαν.
2756 4144 2894 4199 Ἀλλ’
2928 4144 3127 4213 ἴδωμεν
3154 4144 3219 4195 ἐκ
3239 4140 3348 4194 τῶν
3374 4126 3766 4221 προσφάτωςῤ]

2039 4230 2481 4317 ἀνεγνωσμένων,
2526 4243 2678 4306 τίνας
2723 4240 2988 4312 λαμϐάνει
3027 4237 3125 4302 τάς
3143 4236 3381 4309 ἀμοιϐὰς
3418 4235 3572 4308 παρά
3603 4236 3700 4289 τοῦ

2038 4345 2307 4412 Δεσπότου
2345 4341 2487 4413 ὑπὲρ
2511 4340 2608 4410 τῆς
2632 4336 2899 4405 τοσαύτης
2934 4332 3251 4397 ἐπιεικείας.
3275 4332 3381 4387 Καί
3406 4327 3560 4395 abre,
3592 4348 3693 4402 φη-

2041 4441 2145 4505 σιν,
2186 4443 2220 4494 ό
2253 4438 2397 4504 Θεὸς
2441 4434 2520 4501 τῷ
2552 4435 2778 4503 Ἀϐραμ
2825 4430 2973 4501 μετά
2994 4428 3062 4483 τὸ
3108 4425 3571 4498 διαχωρισθῆναι
3594 4426 3705 4480 τὸν

2038 4537 2171 4592 Λὼτ
2184 4537 2287 4591 ἀπ’
2306 4533 2513 4589 αὐτοῦ’
2554 4527 2916 4598 Ἀναϐλέψας
2939 4525 3063 4592 τοῖς
3094 4523 3423 4595 ὀφθαλμοῖς
3451 4538 3588 4586 σου,
3611 4522 3703 4576 ῐδε

2037 4633 2155 4687 ἀπὸ
2173 4630 2278 4685 τοῦ
2305 4631 2511 4693 τόπου,
2539 4620 2613 4683 οὗ
2633 4623 2750 4679 νῦν
2769 4622 2851 4677 σὺ
2888 4616 2961 4688 εἴ,
2988 4619 3138 4689 πρὸς
3155 4617 3389 4689 ,ϐορῤἇν
3414 4616 3511 4671 καί
3540 4617 3700 4678 λίϐα,

2038 4727 2138 4783 καί
2170 4724 2474 4790 ἀνατολὰς
2516 4721 2615 4776 καὶ
2664 4718 3004 4774 θάλασσαν’
3039 4715 3130 4769 ὅτι
3181 4712 3387 4768 πᾶσαν
3428 4711 3543 4779 τὴν
3564 4710 3703 4781 γῆν,

2039 4824 2120 4893 ῆν
2149 4824 2231 4879 σὺ
2261 4819 2426 4891 ὁρᾷς,
2453 4819 2549 4874 σοί
2573 4814 2742 4870 δώσω
2773 4811 2986 4880 αὐτὴν,
3018 4809 3118 4865 καί
3152 4800 3234 4874 τῷ
3264 4802 3560 4876 σπέρματί
3586 4821 3705 4859 σου

2035 4923 2146 4987 ἕως
2169 4920 2275 4975 τοῦ
2325 4916 2557 4983 αἰῶνος.
2592 4916 2733 4986 Ὅρα
2763 4912 2824 4966 τὸ
2839 4912 3002 4981 τάχος
3025 4908 3126 4979 τῆς
3162 4904 3258 4959 τοῦ
3284 4904 3420 4958 Θεοῦ
3451 4903 3707 4976 προνοίας

2036 5018 2129 5071 καὶ
2159 5016 2258 5085 τῆς
2287 5010 2544 5084 ἀμοιϐῆς,
2575 5002 2643 5080 ἧς
2676 5005 2804 5075 περί
2820 5004 2910 5056 τὸν
2933 5002 3138 5055 δίκαιον
3168 4998 3556 5052 ἐπιδείκνυται.
3580 4995 3711 5048 Βου-

2035 5112 2238 5184 λομένη
2279 5108 2390 5179 γὰρ
2411 5106 2560 5179 ἡμᾶς
2588 5102 2846 5171 διδάξαιή
2871 5098 2990 5153 θεία
3021 5095 3235 5168 Γραφὴ,
3270 5094 3403 5164 ὅσης
3432 5091 3707 5162 ἀποδοχῆς

2036 5206 2241 5278 ἠξιώθη
2274 5204 2428 5275 παρά
2454 5199 2547 5254 τοῦ
2573 5194 2980 5269 ,φιλανθρώπου
3001 5191 3137 5246 Θεοῦ
3186 5192 3216 5245 ό
3246 5188 3589 5260 πατριάρχης
3614 5188 3712 5257 ἐπὶ

2037 5304 2103 5373 τῇ
2127 5298 2365 5370 τοσαύτῃ
2401 5290 2898 5364 ταπεινοφροσύνῃ,
2934 5284 3166 5341 εἰποῦσα
3192 5285 3276 5337 ὅτι
3316 5281 3641 5354 διεχώρισθη
3678 5282 3710 5332 6

2040 5398 2181 5463 Λὼτ,
2216 5397 2311 5452 καὶ
2364 5391 2606 5460 ἀπῆλθεν
2646 5390 2728 5452 εἰς
2781 5385 2881 5456 τὴν
2920 5383 3047 5453 γῆν,
3091 5382 3160 5452 ἣν
3197 5378 3369 5432 είλετο
3412 5377 3489 5441 ώς
3533 5376 3714 5431 καλλι.

2040 5498 2356 5560 στεύουσαν,
2397 5487 2599 5552 εὐθέως
2629 5484 2899 5557 ἐπήγαγεο
2940 5479 3046 5534 Καὶ
3086 5474 3218 5531 εἷπε
3252 5476 3471 5544 Κύριος
3498 5477 3534 5529 ό
3564 5473 3712 5539 Θεὸς

2040 5591 2120 5660 τῷ
2140 5594 2388 5659 Ἄϐραμ.
2416 5582 2550 5640 Εἶτα
2571 5584 2658 5638 ἵνα
2706 5580 2964 5652 μάθωμεν
2985 5574 3122 5648 μετά
3155 5572 3440 5645 ἀκριϐείας
3460 5575 3539 5625 ὅτι
3568 5569 3712 5640 ὑπὲρ

2041 5688 2149 5742 τῶν
2182 5689 2262 5749 εἰς
2296 5684 2386 5738 τὸν
2410 5680 2531 5736 Λὼτ
2555 5675 2938 5748 γεγενημένων
2968 5668 3327 5740 ἀμειϐόμενος
3357 5665 3510 5739 [542]
3549 5664 3712 5717 αὑτὸν

2040 5782 2228 5850 ταῦτά
2246 5797 2399 5850 φησι,
2430 5775 2756 5848 προσέθηκεο
2793 5768 2901 5823 Καὶ
2933 5763 3102 5819 εἶπεν
3128 5768 3160 5817 ό
3194 5763 3339 5827 Θεὸς
3379 5759 3458 5825 τῷ
3495 5760 3713 5826 ’Ἃϐραιι

2037 5848 2279 5951 μετάντύ
2306 5869 2767 5944 διαχωρισθῆναι
2792 5865 2899 5919 τὸν
2917 5860 3047 5917 Λὼτ
3071 5858 3175 5913 ἀπ’
3199 5857 3406 5913 αῦτοῦο
3428 5855 3711 5926 μονονουχὶ
