4020 6136
356 307 460 361 315

357 429 628 480 ιιιιΙίιδιιιιιι
652 467 668 492 ,
696 426 900 480 vidistis
952 426 1218 480 lettitatctn
1262 426 1548 494 egregiam.
1579 423 1761 491 Neque
1798 423 1938 478 enim

357 527 471 570 erat
501 533 586 570 res
613 516 858 586 volgaris,
889 516 1030 586 quod
1061 532 1222 570 senes
1241 559 1256 581 ,
1293 516 1382 585 qui
1411 524 1485 570 tot
1517 516 1771 569 beneficia
1807 530 1936 570 con-

363 609 576 672 tulerat,
605 624 759 678 quem
803 619 944 662 tanta
995 609 1360 664 benevolentia
1407 609 1661 662 Dominus
1701 608 1938 663 omnium

357 698 792 768 prosequebatur,
827 699 940 769 pari
987 699 1188 753 honore
1219 699 1526 767 dignaretur
1564 698 1854 767 juvenem,
1887 709 1940 754 et

321 787 535 851 ,fratris
577 787 774 849 lilium,
804 797 858 843 et
889 790 1116 858 primatu
1169 788 1241 841 illi
1293 788 1544 850 cederet,
1585 786 1938 857 inferioraque

355 877 467 946 ipse
493 877 766 946 deligeret,
797 877 1035 948 nihilque
1060 894 1166 932 non
1197 879 1393 933 faceret
1420 895 1522 948 quo
1547 878 1742 933 bellum
1771 878 1936 947 impe-

352 967 513 1033 diret,
568 979 621 1022 ct
676 969 1036 1022 contentionis
1079 968 1358 1022 materiam
1402 983 1432 1023 e
1476 967 1653 1023 medio
1702 968 1937 1024 tolleret.

352 1057 504 1112 llunc
544 1074 733 1113 omnes
772 1060 968 1116 imitari
1009 1060 1339 1127 Studeamus,
1363 1069 1417 1116 et
1461 1076 1745 1129 numquam
1773 1075 1934 1130 super

352 1149 652 1216 proximum
702 1151 1058 1218 extollamur,
1089 1167 1374 1221 numquam
1401 1150 1466 1206 de
1496 1152 1646 1204 nobis
1689 1151 1932 1205 sublimia

349 1241 678 1296 sentiamus:
709 1242 802 1296 sed
827 1242 1086 1296 modestia
1116 1241 1386 1310 conspicui
1415 1241 1666 1294 cedamus
1693 1240 1811 1292 aliis
1836 1281 1849 1298 .
1879 1247 1933 1293 et

352 1328 638 1384 inferiores
670 1331 852 1385 haberi
881 1346 1158 1397 conemur,
1189 1341 1294 1385 tam
1329 1332 1502 1385 verbis
1545 1341 1703 1400 quam
1748 1331 1929 1398 operi-

347 1417 477 1484 bus,
511 1434 608 1473 nec
635 1436 881 1488 umquam
911 1423 988 1476 eis
1017 1423 1103 1490 qui
1143 1423 1298 1476 nobis
1338 1422 1580 1488 iniuriam
1615 1421 1926 1486 intulerunt,

345 1509 727 1578 adverscmur,
771 1513 979 1567 etiamsi
1037 1513 1216 1566 multis
1271 1513 1464 1567 nostris
1502 1512 1674 1565 affecti
1733 1512 1928 1564 fuerint

345 1601 621 1654 beneficiis
655 1620 668 1656 :
701 1602 813 1657 haec
840 1604 982 1657 enim
1011 1604 1208 1671 optima
1239 1613 1319 1656 est
1355 1602 1728 1672 philosophia;
1757 1617 1926 1670 neque

343 1693 664 1746 contumelia
695 1693 870 1748 affecti
910 1693 1115 1748 feroces
1159 1695 1361 1757 simus,
1393 1699 1600 1748 etiamsi
1643 1693 1925 1747 inferiores

343 1783 498 1835 nobis
527 1786 630 1837 sint
663 1785 696 1837 ii
727 1785 815 1853 qui
847 1785 1124 1838 nobiscmn
1157 1784 1483 1838 contendunt
1511 1801 1523 1835 :
1554 1782 1646 1838 sed
1676 1799 1925 1836 mansuc-

341 1873 522 1926 tudiue
562 1883 614 1926 et
659 1874 874 1928 lenitate
925 1875 1251 1928 iracundiam
1300 1875 1732 1945 comprimamus‘.
1780 1873 1921 1928 Nihil

339 1965 479 2016 enim
530 1964 616 2016 illa
650 1966 950 2034 potentius,
987 1966 1115 2018 nihil
1163 1966 1251 2019 illa
1312 1967 1517 2020 fortius.
1550 1965 1636 2018 illa
1690 1967 1919 2020 animant

341 2062 578 2107 nostram
611 2054 660 2106 in
693 2065 945 2124 perpetua
977 2057 1386 2124 tranquillitate,
1411 2065 1464 2109 et
1493 2057 1643 2125 quasi
1683 2056 1733 2109 in
1766 2066 1918 2124 portu

337 2146 723 2208 ronstitoit,ct
771 2147 945 2200 munis
985 2146 1330 2200 recreationis
1371 2161 1434 2200 ac
1477 2147 1669 2216 quietis
1710 2149 1918 2202 (ιςοέιείο

341 2234 492 2286 nobis
521 2245 620 2288 est.
650 2236 944 2306 Eapropter
989 2246 1042 2291 et
1085 2237 1328 2293 Christus
1364 2238 1540 2292 divina
1591 2240 1677 2293 illa
1721 2241 1917 2295 docens

334 2325 543 2378 dicebat
568 2343 579 2378 :
607 2325 794 2380 Discite
818 2345 848 2380 a
873 2345 967 2392 nte,
986 2330 1103 2398 quia
1128 2330 1260 2382 mitis
1278 2347 1388 2384 sunt
1419 2342 1465 2383 et
1494 2331 1698 2385 humilis
1721 2331 1870 2386 corde
1897 2348 1916 2386 :

335 2425 380 2467 et
414 2416 670 2471 invenietis
696 2419 910 2489 requiem
937 2419 1200 2473 animabus
1230 2421 1400 2473 vestris
1432 2420 1642 2490 (Matth.
1678 2422 1764 2476 11.
1796 2423 1910 2494 99).

337 2505 472 2558 Nihil
503 2507 643 2560 enim
668 2510 898 2562 animam
926 2510 992 2563 ita
1023 2511 1074 2564 in
1103 2512 1479 2582 tranquillitate
1506 2521 1560 2566 et
1580 2514 1758 2582 quiete
1787 2529 1915 2567 coo-

333 2596 527 2662 stituit,
557 2606 612 2651 ut
642 2599 991 2654 mansuetudo
1020 2611 1073 2654 et
1097 2601 1376 2655 modestia.
1405 2602 1527 2656 llaec
1554 2604 1700 2657 omni
1732 2603 1914 2659 diade-

333 2699 474 2742 mate
514 2704 571 2743 se
599 2691 888 2757 poSsidenti
919 2701 999 2745 est
1027 2693 1365 2758 honoratior;
1391 2694 1505 2747 haze
1535 2695 1678 2747 omni
1698 2695 1912 2748 claritu-

332 2777 456 2832 dine
483 2780 716 2847 etgloria
739 2781 1140 2835 eonducibilior.
1156 2781 1291 2849 Quid
1322 2783 1462 2836 enim
1494 2781 1720 2849 beatius,
1751 2800 1910 2853 quam

332 2870 582 2924 intestino
613 2871 821 2926 liberari
849 2874 1024 2928 bello?
1045 2874 1174 2928 Nam
1199 2875 1440 2944 quamvis
1459 2875 1683 2944 plurima
1707 2890 1835 2944 pace
1857 2884 1910 2930 et

335 2960 586 3016 faniulatu
614 2974 839 3018 externo
871 2964 1128 3030 fruamur,
1156 2965 1200 3019 si
1231 2967 1369 3020 intra
1399 2980 1494 3020 nos
1528 2966 1909 3035 cogitationum

331 3038 580 3105 nascatur
611 3061 920 3121 tempestas,
940 3056 1194 3109 tumultus
1216 3065 1270 3110 et
1297 3055 1509 3120 seditio,
1532 3055 1664 3110 nihil
1691 3066 1907 3110 externa

334 3158 432 3209 pax
486 3143 638 3196 nobis
692 3145 930 3214 proderit
963 3164 975 3197 ;
1007 3145 1143 3200 sicut
1194 3161 1367 3214 neque
1425 3145 1779 3199 miserabilius
1826 3155 1909 3200 est

329 3231 470 3284 aliud
499 3234 710 3288 civitate
732 3276 746 3297 ,
777 3251 894 3304 qua:
926 3235 1047 3290 licet
1070 3238 1350 3306 aggeribus
1379 3244 1432 3290 et
1471 3237 1637 3290 muris
1667 3235 1802 3290 bene
1841 3237 1910 3290 sit

331 3311 550 3387 munita,
577 3323 715 3378 intus
753 3335 929 3380 tamen
959 3328 1105 3382 cives
1128 3327 1303 3382 foveat
1334 3328 1650 3397 proditores.
1676 3328 1788 3383 Hoc
1813 3329 1908 3399 igi-

331 3423 414 3466 tur
444 3415 670 3470 obsccro
691 3458 704 3478 ,
736 3427 792 3470 ut
811 3429 934 3473 ante
956 3419 1132 3472 omnia
1161 3420 1314 3473 nobis
1340 3419 1404 3473 sit
1433 3436 1576 3475 cura:
1596 3462 1612 3488 ,
1636 3423 1906 3492 quomodo

329 3507 558 3560 animam
589 3523 618 3562 a
648 3509 970 3564 turbulentia
1000 3511 1329 3566 vindicemus
1349 3553 1362 3575 ,
1395 3523 1448 3567 et
1483 3513 1534 3566 in
1563 3514 1904 3583 tranquillmn

329 3605 522 3650 stmum
555 3599 841 3654 educamus
861 3641 876 3666 ,
902 3612 1060 3670 atque
1086 3601 1153 3656 ab
1174 3602 1318 3656 omni
1346 3602 1631 3656 liberemus
1655 3604 1906 3656 amaritu-

327 3685 474 3751 dine,
506 3702 612 3755 quo
638 3696 692 3742 et
721 3689 818 3757 ipsi
849 3690 1011 3743 multa
1046 3689 1282 3745 fruantur
1308 3692 1508 3760 quiete,
1538 3700 1591 3744 et
1620 3691 1685 3744 iis
1713 3692 1800 3760 qui
1830 3691 1906 3744 fa-

330 3775 688 3830 miliaritatem
748 3779 1023 3832 nobiscum
1063 3779 1296 3844 habent,
1329 3780 1497 3834 simus
1549 3779 1746 3835 blandi.
1795 3781 1906 3836 Hoc

328 3865 470 3916 enim
517 3865 871 3920 certissimum
909 3868 1142 3937 signum,
1172 3883 1279 3938 quo
1309 3857 1685 3924 internoscitur
1711 3873 1792 3926 vir
1816 3887 1904 3926 ra-

329 3956 474 4009 tione
505 3956 756 4024 prarditus
779 3998 795 4024 ,
820 3960 862 4012 si
888 3970 1198 4016 mansuetus
1227 3961 1404 4027 fuerit,
1427 3964 1470 4016 si
1499 3963 1655 4028 lenis,
1673 3964 1716 4019 si
1740 3965 1899 4029 mitis,

328 4048 372 4100 si
405 4048 682 4104 modestus
719 4061 773 4105 et
795 4051 1008 4120 quietus
1038 4070 1052 4106 :
1083 4053 1127 4108 si
1155 4068 1261 4108 non
1285 4053 1438 4122 quasi
1465 4069 1653 4112 servus
1679 4054 1904 4110 ducatur

326 4149 380 4191 et
405 4137 644 4193 trahatur
670 4149 761 4194 aut
790 4141 857 4196 ab
885 4142 982 4204 ira,
1012 4152 1102 4196 aut
1131 4143 1199 4197 ab
1227 4143 1346 4196 aliis
1369 4143 1775 4208 affectionibus;
1807 4144 1904 4200 sed

329 4227 535 4282 ratione
564 4230 741 4283 vincat
766 4230 1001 4285 infernos
1033 4231 1150 4286 illos
1181 4233 1558 4301 incompositos
1583 4242 1777 4298 motus,
1803 4249 1892 4289 ιιοο

329 4317 695 4388 bilitatemque
733 4334 882 4374 suam
919 4329 1136 4387 servet,
1160 4336 1226 4375 ne
1258 4322 1309 4374 in
1348 4320 1624 4376 brutorum
1653 4323 1901 4377 ferociam

328 4411 645 4479 negligentia
673 4411 980 4481 degeneret.
1005 4413 1070 4466 Et
1093 4423 1146 4466 ut
1167 4411 1342 4468 discas
1366 4423 1621 4482 quantum
1650 4429 1900 4469 mansue-

328 4499 524 4554 tudinis
549 4509 605 4555 et
632 4501 866 4555 lenitatis
892 4503 961 4556 sit
990 4503 1180 4566 robur,
1203 4513 1256 4558 et
1289 4503 1430 4572 quod
1459 4503 1571 4558 sola
1599 4503 1710 4558 haec
1734 4505 1902 4560 virtus

328 4592 495 4660 possit
521 4607 580 4648 se
602 4595 868 4648 colentem
898 4595 1184 4664 diligenter
1212 4594 1563 4650 ineffabilibus
1594 4596 1695 4649 illis
1733 4596 1903 4650 laudi-

327 4681 426 4736 bus
454 4683 668 4753 dignum
699 4685 1093 4758 reddere,‘audi
1122 4686 1337 4742 beatum
1360 4686 1558 4742 Mosem
1584 4687 1707 4742 hinc
1733 4689 1900 4756 potis-

324 4775 518 4829 simum
560 4778 873 4846 praedicari,
905 4787 960 4833 et
1003 4793 1067 4833 ex
1116 4780 1214 4833 hac
1255 4778 1304 4834 ei
1342 4793 1593 4833 coronam
1625 4779 1804 4847 plecti.
1839 4779 1901 4832 Et

327 4863 525 4927 Moses,
560 4866 760 4935 inquit,
789 4877 896 4920 erat
938 4868 1226 4922 mitissimus
1243 4868 1466 4922 omnium
1497 4867 1784 4933 hominum,
1815 4870 1902 4937 qui

323 4974 478 5022 super
505 4967 686 5011 terram
716 4957 904 5025 (Num.
929 4959 1013 5014 12.
1036 4961 1110 5030 5).
1130 4959 1314 5014 Vidisti
1358 4961 1588 5015 encomii
1633 4961 1853 5030 magnin
1880 4989 1901 5001 -

325 5048 528 5113 dinem,
556 5048 694 5118 quod
727 5050 873 5104 oinni
911 5065 1032 5104 eum
1075 5051 1306 5106 humano
1333 5053 1512 5122 generi
1551 5067 1731 5122 parem
1775 5066 1900 5120 pto-

325 5141 530 5194 mmtiet
549 5181 565 5205 ,
594 5140 700 5192 imo
729 5143 870 5193 omni
904 5141 1174 5194 hominum
1198 5145 1376 5212 generi
1407 5142 1687 5212 praeferat?
1709 5143 1774 5197 Et
1798 5143 1898 5198 ite.

323 5245 440 5285 rum
465 5230 532 5284 de
563 5228 722 5283 David
747 5228 874 5284 dicit
897 5229 1168 5298 Scriptura
1193 5249 1205 5283 :
1232 5231 1504 5295 Memento,
1531 5230 1764 5299 Domine,
1797 5231 1902 5286 Da-

323 5322 427 5386 vid,
468 5329 514 5373 et
543 5321 704 5375 onmis
734 5321 1130 5375 mansuetudinis
1159 5322 1268 5392 ejus
1297 5320 1465 5392 (Psaf.
1497 5325 1619 5378 151.
1657 5324 1732 5392 1).
1768 5325 1898 5378 llinc

324 5411 621 5480 patriarcha
665 5411 764 5465 sibi
795 5411 1050 5479 majorem
1094 5413 1296 5467 etelitus
1333 5413 1633 5468 conciliavit
1669 5414 1898 5470 benevo-

324 5501 570 5564 lentiam,
598 5509 652 5555 et
695 5502 925 5556 alferens
965 5518 1082 5572 qua:
1129 5517 1222 5557 sua
1275 5514 1454 5569 erant,
1483 5519 1513 5558 a
1553 5506 1895 5562 niisericorde

324 5593 435 5648 Deo
473 5593 674 5662 majora
720 5605 1042 5664 assequutus
1066 5604 1167 5651 est.
1205 5595 1316 5651 lloc
1344 5596 1523 5651 scietis
1550 5607 1604 5652 et
1641 5612 1735 5652 vos
1759 5639 1774 5662 ,
1805 5599 1893 5653 ubi

321 5685 651 5740 attulerinius
697 5686 750 5740 in
803 5685 1034 5744 medium
1083 5701 1144 5744 ea
1191 5703 1310 5758 quas
1346 5688 1592 5746 hesterna
1625 5689 1761 5745 dicta
1805 5705 1894 5745 se-

1393 307 1457 362 I'N
1495 307 1647 362 CAP.
1689 307 1828 362 XIII.
1867 304 2112 364 GENES.
2157 305 2379 360 1103111..
2425 306 2660 361 XXXIV.

3519 307 3612 364 5M

2045 431 2306 492 quuntur,
2335 431 2388 476 et
2413 438 2534 493 qua:
2562 423 2709 491 prius
2739 430 2863 477 sunt
2891 424 3026 478 lecta
3068 423 3272 477 caritati
3304 434 3492 478 vestrm
3519 425 3587 477 de

2045 511 2444 570 claraverimns.
2466 512 2595 566 Nam
2621 515 2738 582 quia
2763 514 2956 567 Abram
2986 515 3202 568 inultam
3235 531 3342 584 prze
3363 529 3420 570 se
3442 515 3616 570 ferens

2043 601 2506 656 mansuetudinem
2537 603 2668 656 Loto
2699 603 2958 672 potiorem
2989 613 3190 673 partem
3213 606 3395 669 cessit,
3418 620 3470 659 ct
3496 620 3615 658 om-

2045 708 2167 747 nem
2192 694 2239 747 ei
2280 693 2504 761 eligendi
2554 693 2856 748 facultatem
2895 695 3371 763 permittens.cum
3423 695 3617 765 gaudio

2041 781 2200 853 elegit
2229 783 2492 837 minorem
2521 785 2858 853 portionem,
2890 785 3049 838 modo
3087 784 3389 839 auferretur
3439 787 3615 840 omnis

2041 875 2355 930 contentio:
2385 874 2506 928 vide
2549 885 2800 944 quantam
2854 875 3029 928 statim
3078 876 3378 930 mercedem
3431 891 3461 928 a
3507 877 3616 930 Deo

2040 965 2402 1033 consequitur,
2435 974 2490 1018 et
2527 965 2794 1034 quomodo
2818 965 2990 1018 adhuc
3021 965 3206 1034 majori
3238 965 3610 1030 retributione,

2040 1055 2137 1107 etsi
2167 1054 2391 1108 multum
2431 1053 2628 1108 divitiis
2655 1056 2919 1120 abundet,
2951 1055 3310 1126 patriarcham
3363 1054 3614 1124 dignatur

2042 1145 2202 1200 Deus.
2230 1145 2375 1200 Talis
2397 1147 2539 1200 enim
2569 1156 2651 1201 est
2677 1148 2930 1202 Dominus
2953 1159 3134 1203 noster
3159 1149 3270 1201 utsi
3301 1148 3512 1216 quando
3531 1149 3611 1203 vel

2037 1251 2256 1304 parvum
2296 1237 2422 1305 quid
2454 1238 2695 1292 attulisse
2737 1255 2833 1293 nos
2867 1239 3090 1303 viderit,
3124 1239 3450 1306 largissimas
3486 1255 3611 1294 suas

2035 1326 2188 1381 nobis
2219 1329 2674 1382 remunerationes
2700 1329 3040 1398 suppeditet,
3075 1337 3381 1399 tantamque
3403 1346 3512 1398 pra:
3550 1345 3610 1384 se

2031 1414 2167 1471 ferat
2207 1419 2594 1483 liberalitatem,
2622 1430 2678 1474 ut
2717 1437 2779 1474 ea
2829 1437 2948 1490 qua:
2986 1436 3016 1474 a
3063 1421 3214 1476 nobis
3263 1430 3389 1476 sunt
3431 1421 3564 1477 facta
3589 1463 3606 1486 ,

2031 1508 2212 1562 multis
2240 1510 2475 1563 numeris
2497 1525 2526 1562 a
2559 1511 2708 1564 novis
2735 1511 2851 1577 ejus
2878 1511 3150 1566 beneficiis
3181 1512 3477 1568 vincantur.

2099 1598 2156 1654 2.
2189 1597 2310 1654 Non
2331 1601 2452 1654 doni
2472 1603 2785 1671 magnitudo,
2809 1603 2896 1656 sed
2921 1605 3086 1672 dantis
3115 1605 3312 1657 animus
3333 1615 3606 1673 spectatur.

2026 1682 2177 1742 —Et
2204 1687 2303 1743 hoc
2334 1689 2384 1743 in
2412 1691 2658 1745 omnibus
2704 1693 2901 1746 nostris
2929 1693 3078 1746 lactis
3109 1692 3341 1747 inveniet
3382 1695 3500 1763 quis
3537 1696 3605 1747 ab

2027 1791 2092 1831 eo
2120 1778 2258 1833 fieri.
2284 1779 2418 1844 Quid
2453 1781 2632 1846 enim,
2662 1781 2746 1835 dic
2774 1783 2932 1845 mibi,
2965 1782 3120 1837 vilius
3145 1782 3350 1836 duolms
3391 1784 3604 1837 obolis?

2027 1868 2273 1923 Attamen
2303 1870 2423 1936 quia
2452 1871 2607 1926 vidua
2636 1872 2719 1937 illa
2741 1872 2874 1926 duos
2893 1873 3080 1926 obolos
3107 1875 3159 1927 in
3188 1875 3472 1928 corbonam
3503 1875 3604 1929 mi-

2025 1959 2094 2012 sit
2114 1957 2444 2031 (Luc.2l.5),
2478 1961 2599 2016 inde
2619 1963 2843 2016 celebris
2863 1965 3108 2018 universo
3130 1965 3326 2018 mundo
3365 1964 3498 2020 facta
3520 1975 3601 2019 est

2024 2051 2092 2104 ab
2119 2067 2184 2106 eo
2212 2061 2448 2120 tempore
2487 2069 2653 2125 usque
2683 2056 2734 2108 in
2777 2070 3030 2124 prazsens.
3061 2055 3125 2110 Et
3154 2056 3276 2124 quid
3307 2055 3428 2110 dico
3463 2056 3600 2111 duos

2023 2143 2252 2197 obolos?
2285 2145 2501 2199 Etiamsi
2531 2147 2650 2215 quis
2675 2147 2896 2201 calicem
2940 2163 3090 2216 aqua:
3121 2147 3322 2215 frigida:
3366 2148 3600 2216 pra-beat

2025 2231 2238 2302 (Matth.
2264 2233 2342 2288 10.
2379 2234 2491 2305 42),
2525 2251 2622 2304 pro
2667 2250 2733 2291 eo
2777 2237 2938 2290 etiam
2993 2253 3195 2306 magna:
3241 2236 3599 2292 decernuntur

2011 2323 2396 2387 retributiones
2419 2342 2432 2379 :
2462 2341 2672 2395 semper
2699 2326 2841 2380 enim
2873 2335 3091 2381 coronat
3117 2341 3210 2380 eos
3231 2327 3321 2396 qui
3347 2328 3593 2381 virtutem

2017 2423 2324 2484 operantur,
2355 2417 2645 2470 secundum
2677 2420 3007 2486 operantium
3054 2418 3402 2471 voluntatem.
3437 2418 3596 2472 Simi-

2015 2504 2138 2559 liter
2165 2505 2216 2559 iu
2249 2521 2464 2575 precum
2507 2509 2814 2563 assiduitate
2863 2509 3000 2563 istud
3041 2509 3210 2578 ipsmn
3255 2511 3324 2564 ab
3366 2525 3432 2565 eo
3482 2511 3593 2563 fieri

2015 2595 2195 2649 videre
2224 2596 2369 2650 licet.
2397 2595 2528 2651 Nam
2559 2598 2605 2652 si
2637 2614 2795 2668 quem
2828 2599 3001 2653 videat
3043 2599 3286 2666 alacriter
3311 2615 3371 2654 se
3396 2599 3592 2654 adeun-

2015 2695 2120 2739 tem
2145 2729 2157 2750 ,
2196 2689 2373 2740 statim
2413 2689 2460 2741 ei
2488 2688 2616 2742 dicit
2647 2705 2661 2742 :
2695 2689 2874 2743 Adhuc
2911 2690 3140 2759 loquente
3179 2700 3226 2743 te
3259 2706 3370 2744 ecce
3413 2691 3593 2744 adsum

2015 2774 2162 2846 (Isai.
2190 2777 2276 2831 65.
2307 2775 2590 2845 2t).Quod
2611 2779 2655 2831 si
2681 2779 2991 2847 ampliorem
3023 2778 3358 2832 sedulitatem
3392 2790 3587 2845 teneat,

2013 2876 2067 2919 et
2090 2880 2281 2934 magno
2311 2866 2603 2932 desiderio,
2637 2867 2963 2936 ferventique
2990 2871 3186 2922 mentis
3207 2870 3476 2922 alacritate
3502 2885 3592 2938 pe-

2015 2954 2230 3009 titiones
2274 2956 2516 3010 emittat:
2548 2957 2704 3010 etiam
2741 2967 2864 3013 ante
2905 2959 3214 3028 petitionem
3253 2961 3502 3029 prmdieat
3537 2970 3589 3014 et

2012 3055 2233 3100 coronat
2267 3064 2280 3099 :
2312 3046 2362 3101 id
2393 3047 2532 3116 quod
2561 3057 2614 3102 et
2636 3049 2686 3102 in
2709 3048 3004 3104 Chanamca
3035 3052 3255 3106 muliere
3278 3048 3584 3106 declaravit.

2011 3137 2272 3204 Quoniam
2300 3138 2441 3193 enim
2469 3139 2599 3193 vidit
2626 3140 3068 3210 indefatigabilem
3099 3141 3213 3212 ejus
3235 3145 3586 3198 etnistantiam

2010 3237 2064 3282 et
2091 3229 2559 3297 persevcrantiam,
2588 3231 2674 3283 ubi
2707 3230 2936 3299 primum
2968 3247 3084 3287 eam
3111 3232 3435 3301 praedicavit,
3457 3243 3589 3288 etut

2011 3321 2078 3374 ita
2103 3321 2294 3384 dicam,
2317 3323 2610 3385 coronavit,
2629 3324 2829 3393 totique
2852 3323 3048 3378 mundo
3079 3325 3384 3390 celebravit,
3405 3335 3583 3394 postea

2009 3411 2326 3466 liberalitate
2358 3427 2543 3482 magna
2576 3428 2761 3482 preces
2788 3413 2902 3484 ejus
2927 3415 3087 3469 etiam
3117 3419 3406 3485 superavit.
3433 3417 3583 3482 Nam,

2010 3510 2066 3554 ut
2094 3502 2224 3555 dixit
2247 3521 2259 3555 :
2284 3502 2328 3554 0
2349 3504 2548 3565 mulier,
2573 3521 2755 3574 magna
2777 3515 2847 3558 est
2872 3506 2997 3573 ﬁdes
3020 3517 3106 3558 tua
3127 3523 3147 3560 :
3176 3515 3300 3561 tunc
3323 3507 3581 3572 subdidit,

2008 3590 2128 3644 Fiat
2158 3591 2246 3644 tibi
2287 3593 2415 3644 sicut
2462 3593 2534 3646 ris
2566 3593 2777 3660 (Matth.
2812 3595 2898 3648 15.
2921 3594 3035 3664 28).
3071 3596 3135 3650 Et
3178 3597 3221 3649 si
3267 3598 3584 3652 voluerimus

2007 3683 2215 3752 singula
2261 3682 2550 3752 Scriptura:
2595 3683 2804 3737 divina?
2838 3686 3082 3754 exempla
3129 3686 3342 3749 alferre,
3391 3688 3584 3756 ubique

2008 3790 2252 3845 magnam
2277 3775 2485 3829 Domini
2507 3777 2922 3831 munificentiam
2947 3777 3258 3832 videbimus.
3285 3779 3396 3833 Hoc
3416 3779 3582 3848 probe

2007 3865 2209 3920 sciebat
2237 3865 2532 3934 patriarcha
2556 3866 2667 3932 ille,
2696 3867 2971 3922 cedentem
3004 3869 3297 3922 minoribus
3322 3885 3582 3938 assequu-

2008 3964 2184 4010 turum
2206 3957 2426 4026 majora,
2445 3957 2580 4011 sicut
2602 3956 2715 4012 heri
2735 3957 3008 4013 audivistis
3029 3977 3041 4013 :
3062 3959 3221 4014 cessit
3237 3960 3392 4017 Loto.
3415 3961 3583 4030 regio-

2007 4063 2236 4118 nemque
2262 4049 2580 4104 deteriorem
2612 4050 2769 4120 eli-git
2794 4091 2808 4115 ,
2842 4060 2900 4105 ut
2927 4053 3284 4107 contentionis
3317 4063 3584 4106 resecaret

2007 4140 2430 4206 occasiones,et
2469 4152 2684 4196 ostensa
2732 4143 2936 4207 virtute,
2967 4157 3061 4198 sua
3111 4144 3365 4213 peculiari
3418 4153 3581 4200 totam

2006 4231 2222 4288 domum
2269 4243 2509 4302 pacatam
2565 4233 2834 4289 redderet.
2883 4232 3148 4288 Carterum
3202 4235 3476 4289 videamus
3514 4251 3579 4288 ex

2006 4338 2192 4380 recens
2220 4324 2389 4391 lectis,
2419 4341 2660 4396 quautam
2693 4340 2789 4394 pro
2811 4334 2952 4380 tanta
2998 4327 3402 4384 mansuetudine
3443 4329 3584 4382 acci-

2009 4418 2117 4489 piat
2142 4433 2170 4470 a
2198 4418 2308 4472 Deo
2337 4419 2577 4486 przemia.
2610 4418 2694 4472 14.
2713 4415 2779 4470 Ει
2801 4419 2966 4484 dixit,
2999 4417 3165 4487 inquit
3188 4457 3205 4482 ,
3238 4417 3372 4472 Deus
3394 4418 3541 4472 Abra.’
3560 4459 3578 4482 ,

2006 4516 2265 4578 postquam
2302 4518 2561 4576 separatus
2581 4517 2652 4560 est
2681 4507 2744 4560 ab
2766 4524 2823 4560 eo
2855 4507 2946 4559 Lot
2972 4522 2991 4560 :
3017 4506 3236 4561 Elevatis
3277 4509 3437 4561 oculis
3475 4509 3576 4561 tuis

2006 4614 2149 4652 cerne
2168 4615 2198 4650 tt
2217 4598 2326 4651 loco
2346 4597 2398 4650 in
2410 4613 2507 4667 quo
2528 4607 2579 4650 tu
2603 4613 2735 4650 nunc
2755 4613 2826 4664 es,
2844 4596 2911 4649 ad
2931 4597 3212 4666 aquilonem
3236 4607 3280 4651 et
3302 4598 3576 4662 meridiem,

2005 4698 2052 4742 et
2095 4689 2333 4742 orientem
2359 4672 2413 4740 et.
2436 4704 2572 4741 mare
2597 4703 2616 4742 .'
2645 4688 2728 4743 l5.
2758 4689 2875 4760 quia
2899 4705 3096 4742 onmem
3139 4697 3322 4742 terram
3346 4704 3496 4758 quam
3526 4698 3579 4740 tu

2006 4777 2172 4842 uides,
2202 4778 2289 4832 tibi
2313 4776 2442 4830 dabo
2473 4794 2613 4844 eam,
2641 4787 2689 4831 et
2724 4779 2902 4832 semini
2927 4787 3013 4832 tuo
3037 4795 3192 4847 usque
3226 4779 3278 4831 in
3317 4777 3578 4830 steculum.
3636 4766 3649 4778 ’

2007 4871 2140 4926 Vide
2164 4871 2430 4941 quomodo
2453 4871 2629 4925 divina
2651 4870 2924 4940 Scriptura
2953 4870 3298 4924 aceeleratam
3331 4868 3423 4922 Dei
3452 4883 3578 4937 pro-

2004 4962 2290 5016 videntiam
2326 4972 2380 5018 et
2412 4963 2814 5017 retributionem
2840 4961 2984 5030 justo
3012 4959 3199 5014 factam
3228 4958 3575 5013 demonstrat.

1982 5052 2202 5106 'Volens
2231 5055 2371 5107 enim
2400 5067 2495 5106 nos
2539 5051 2733 5104 docere
2753 5089 2767 5112 ,
2800 5059 3056 5120 quantum
3087 5050 3374 5118 approbata
3423 5050 3577 5104 fuerit

2005 5157 2034 5195 a
2076 5141 2422 5196 miscricorde
2474 5141 2581 5195 Deo
2621 5140 2933 5209 patriarcha:
2977 5141 3274 5206 Immilitas,
3303 5151 3577 5211 postquam
3645 5157 3650 5162 ·

2004 5232 2156 5300 dixit,
2178 5240 2477 5302 separatum
2506 5229 2666 5286 fuisse
2688 5230 2807 5298 Lot,
2839 5241 2892 5286 et
2918 5231 3114 5286 abiisse
3133 5233 3182 5286 iu
3207 5242 3397 5286 terram
3421 5247 3578 5302 quam

2003 5323 2164 5394 elegit
2211 5333 2269 5378 ut
2308 5325 2728 5393 prtestantiorem
2754 5339 2768 5386 ;
2797 5324 2976 5378 statim
3027 5323 3262 5378 subdidit
3294 5341 3308 5378 :
3343 5323 3408 5378 Et
3451 5325 3579 5378 dia-it

2005 5413 2141 5468 Deus
2170 5413 2332 5468 Abrae.
2360 5412 2557 5468 Deinde
2583 5422 2639 5467 ut
2665 5411 2942 5482 diligenter
2969 5412 3234 5467 discamus
3255 5413 3367 5468 haec
3382 5413 3580 5468 dixisse

2005 5504 2170 5558 Deum
2201 5503 2253 5558 in
2279 5501 2577 5558 mercedem
2606 5517 2790 5558 eorum
2821 5518 2940 5573 qua:
2968 5505 3106 5558 circa
3131 5502 3319 5558 Letum
3350 5503 3569 5563 fecerat,

2006 5598 2120 5652 lucc
2143 5596 2346 5651 addidit
2377 5613 2390 5650 :
2427 5594 2492 5650 Et
2515 5596 2642 5649 dixit
2672 5593 2808 5650 Deus
2836 5595 3002 5662 Abrte,
3027 5608 3292 5666 postquam
3319 5605 3576 5662 separatus
3657 5592 3660 5594 ⁷

2007 5699 2078 5744 est
2098 5689 2158 5742 ab
2184 5705 2241 5742 eo
2268 5686 2381 5756 Lat,
2413 5687 2561 5760 quasi
2605 5687 2883 5744 manifeste
2924 5687 3035 5742 hmc
3069 5689 3116 5742 ei
3160 5687 3320 5741 verba
3351 5685 3569 5745 dicens:
