4020 6136
403 317 508 374 315

403 431 484 486 Ob
512 441 656 484 tuam
693 427 1144 482 mansuetudinem
1187 428 1402 495 regione
1439 426 1657 479 meliore
1705 435 1759 478 et
1801 439 1966 478 amm-

407 523 556 575 niore
601 519 779 573 fratris
805 519 909 571 lilio
933 517 1178 582 cessisti,
1204 526 1256 570 et
1301 516 1548 570 eximiam
1576 529 1684 585 prie
1714 522 1766 569 te
1809 513 1973 567 tulisti

410 610 781 675 humilitatem,
813 619 1117 678 tantamque
1141 608 1284 676 pacis
1319 607 1545 660 habuisti
1576 618 1756 660 curam
1775 644 1790 668 ,
1813 613 1870 657 ut
1897 604 1976 657 ni-

412 705 484 758 hil
513 719 617 758 non
646 705 816 774 potius
843 700 1125 770 delegeris,
1156 714 1316 768 quam
1336 713 1455 752 esse
1483 699 1619 750 inter
1637 712 1732 749 vos
1755 706 1976 749 conten-

410 794 624 847 tiones:
657 799 938 860 eapropter
978 789 1148 858 largas
1190 788 1304 840 illas
1340 801 1370 840 a
1406 802 1492 840 me
1523 783 1980 839 remunerationes

411 883 615 951 accipe.
643 879 862 934 Elevatis
881 919 896 942 ,
921 879 1112 948 inquit,
1132 879 1290 931 oculis
1315 877 1413 929 tuis
1433 917 1446 939 ,
1479 877 1646 945 viden
1675 875 1783 927 loco
1803 875 1853 927 in
1882 888 1979 942 quo

408 983 461 1026 tu
492 988 625 1026 nunc
651 988 722 1038 es,
749 970 818 1024 ad
859 970 1140 1039 aquilonem
1185 977 1230 1021 et
1272 966 1545 1030 meridiem,
1569 972 1614 1018 et
1659 965 1894 1018 orientem
1933 971 1982 1014 et

409 1071 549 1108 mare
577 1069 597 1108 :
621 1055 739 1124 quia
775 1068 971 1106 onmem
1010 1061 1195 1103 terram
1217 1091 1232 1113 ,
1259 1063 1410 1120 quant
1450 1056 1502 1100 tu
1528 1047 1661 1100 rides
1679 1089 1694 1112 ,
1728 1046 1814 1098 tibi
1853 1043 1982 1097 dabo

415 1164 544 1211 eam,
565 1155 611 1201 et
632 1146 808 1200 semini
833 1154 917 1198 tuo
945 1159 1100 1212 usque
1119 1143 1170 1196 in
1195 1141 1451 1196 steculum.
1470 1139 1657 1194 Vidisti
1683 1137 1978 1193 retributio-
2005 1204 2037 1221 κ

420 1251 543 1290 nem
587 1245 734 1306 gesta
778 1235 894 1303 ejus
926 1235 1105 1288 multis
1145 1232 1317 1286 modis
1358 1230 1739 1299 superantem?
1792 1227 1984 1282 Iisdem

419 1327 595 1381 verbis
619 1325 783 1378 utitur
810 1325 1117 1378 misericors
1142 1321 1396 1377 Dominus
1414 1359 1430 1384 ,
1464 1319 1654 1388 quibus
1680 1326 1734 1372 et
1765 1316 1986 1385 patriar-

418 1417 518 1470 cha
545 1416 841 1470 cessionem
871 1413 1087 1469 fecerat.
1113 1412 1242 1466 Nam
1272 1412 1406 1465 sicut
1426 1408 1721 1480 patriarcha
1741 1407 1984 1464 dicebat:

421 1505 571 1572 Ecce,
602 1521 771 1558 annon
809 1506 970 1558 omnis
1011 1513 1144 1557 terra
1181 1517 1349 1556 coram
1402 1500 1488 1554 te?
1528 1499 1727 1553 discede
1749 1515 1779 1551 a
1805 1498 1986 1552 me:si

423 1606 478 1648 tu
501 1595 568 1648 ad
595 1595 872 1659 dexteram,
901 1609 992 1664 ego
1016 1593 1084 1645 ad
1111 1592 1366 1645 sinistram
1385 1605 1404 1653 ,°
1425 1590 1469 1643 si
1497 1600 1552 1642 tu
1582 1590 1651 1641 ad
1691 1589 1943 1641 sinistram
1969 1628 1985 1653 ,

421 1701 513 1755 ego
537 1685 604 1738 ad
631 1685 889 1738 dexteram
915 1698 934 1736 :
964 1683 1033 1736 ita
1055 1690 1109 1736 et
1149 1682 1400 1735 Dominus
1423 1681 1585 1734 dicit:
1615 1678 1835 1733 Elevatis
1867 1694 1990 1731 ocu-

421 1777 483 1828 lis
509 1776 608 1828 tuis
635 1773 747 1828 vide
772 1790 805 1826 a
829 1773 938 1826 loco
966 1773 1019 1826 in
1044 1787 1142 1840 quo
1167 1781 1220 1824 tu
1246 1787 1380 1824 nunc
1409 1787 1460 1824 es
1480 1787 1500 1826 :
1525 1771 1644 1840 quia
1669 1785 1862 1823 omnem
1886 1778 1991 1822 ter-

423 1882 552 1928 ram,
580 1881 733 1932 quam
753 1873 805 1918 tu
833 1863 991 1927 vides,
1009 1862 1097 1916 tibi
1119 1863 1248 1916 dabo
1277 1878 1388 1916 eant
1407 1903 1422 1925 ,
1453 1871 1498 1915 et
1526 1861 1703 1915 semini
1725 1869 1812 1913 tuo
1839 1875 1994 1927 usque

423 1956 477 2008 in
503 1954 763 2009 siccatum.
795 1955 909 2021 llic,
941 1968 1156 2024 qumso,
1184 1952 1546 2007 animadverte
1579 1951 1844 2018 ingentem
1877 1965 1995 2004 mu-

426 2046 769 2100 niﬁcentiam.
815 2044 893 2099 Tu
939 2044 1176 2114 quidem,
1203 2043 1405 2113 inquit,
1433 2042 1558 2096 dato
1604 2040 1680 2095 illi
1717 2038 1997 2095 electionis

426 2137 665 2202 arbitrio,
694 2151 778 2201 ea,
810 2150 968 2204 quam
993 2135 1082 2188 ille
1128 2134 1291 2188 voluit
1328 2133 1543 2202 eligere,
1575 2141 1715 2185 terra
1745 2129 1950 2185 cessisti
1978 2169 1994 2194 ,

429 2227 668 2281 relictam
688 2234 866 2281 autem
891 2226 1005 2295 ipse
1028 2225 1281 2295 accepisti
1304 2245 1319 2280 :
1347 2239 1446 2294 ego
1471 2238 1598 2280 vero
1619 2231 1763 2278 tanta
1794 2230 1845 2276 te
1869 2219 2000 2275 libe-

427 2317 635 2371 ralitate
662 2329 972 2385 prosequar,
997 2323 1054 2369 ut
1080 2328 1293 2370 omnem
1312 2328 1471 2386 quam
1505 2322 1630 2368 ante
1666 2311 1848 2366 oculos
1880 2319 1998 2364 tuos

432 2417 632 2462 terram
661 2407 806 2461 vides
835 2407 1010 2472 sitam,
1034 2422 1098 2460 ex
1126 2415 1353 2475 utroque
1382 2406 1549 2460 latere
1572 2403 1760 2459 dextro
1785 2410 1839 2458 et
1867 2402 2000 2458 sini-

434 2508 567 2561 stro,
593 2513 624 2551 a
661 2498 1024 2566 septentrione
1064 2506 1119 2552 et
1146 2497 1388 2561 meridie,
1420 2497 1486 2550 ab
1510 2495 1715 2550 oriente
1761 2503 1815 2549 et
1853 2494 2000 2548 occi-

433 2589 610 2652 dente,
637 2597 692 2641 et
721 2588 774 2641 in
803 2601 1028 2652 summa,
1057 2601 1268 2641 omnem
1293 2595 1489 2642 terram
1516 2599 1672 2656 quam
1691 2585 1885 2651 cernis,
1908 2584 2003 2638 tibi

435 2695 554 2735 sum
575 2694 927 2735 concessurus
953 2697 968 2734 :
999 2695 1171 2750 neque
1191 2679 1282 2734 tibi
1303 2679 1494 2744 solum,
1519 2677 1611 2733 sed
1635 2677 1701 2731 Et
1719 2677 1895 2732 semini
1920 2685 2004 2730 tuo

436 2787 592 2840 usque
616 2772 667 2825 in
685 2770 1134 2826 swculumNidisti
1156 2770 1368 2841 dignam
1382 2769 1558 2824 divina
1578 2769 1813 2825 bonitate
1832 2769 2006 2823 muni-

441 2861 706 2916 licentiam
727 2862 749 2914 ?
774 2861 959 2916 Vidisti
985 2861 1196 2932 quantis
1223 2861 1402 2926 cessit,
1430 2870 1625 2930 quanta
1655 2869 1738 2915 est
1761 2871 2010 2929 assequu-

443 2941 568 3004 tus?
597 2951 730 3006 IIinc
771 2951 1110 3020 erudiamur,
1143 2961 1199 3005 ut
1227 2967 1416 3021 magna
1460 2951 1513 3006 in
1543 2952 1735 3008 dandis
1777 2952 2007 3007 eleemo-

439 3043 586 3113 synis
616 3044 855 3114 largitate
884 3051 1094 3098 utamur
1112 3083 1127 3109 ,
1157 3058 1264 3113 quo
1291 3043 1429 3098 datis
1451 3044 1627 3113 parvis
1654 3043 2012 3113 adipiscamur

441 3147 653 3203 magna.
682 3133 958 3200 Quomodo
978 3134 1120 3188 enim
1141 3135 1285 3204 paria
1308 3146 1448 3199 sunt,
1477 3135 1583 3204 die,
1611 3136 1856 3202 obsecro,
1885 3136 2012 3190 dare

447 3241 634 3295 parum
663 3228 891 3297 argenti,
914 3239 966 3283 et
988 3229 1228 3283 obtinere
1257 3238 1598 3296 peccatorum
1619 3229 2014 3284 remissionem?

451 3334 668 3387 pascere
694 3322 1050 3387 esurientem,
1079 3329 1133 3376 et
1160 3321 1211 3375 in
1239 3321 1327 3376 die
1357 3321 1444 3375 illa
1483 3321 1722 3376 horribili
1766 3321 2012 3377 ﬁduciam

448 3411 691 3480 assequi.
725 3421 779 3464 et
823 3411 1008 3466 audire
1056 3411 1216 3466 verba
1268 3426 1389 3466 cum
1435 3426 1599 3482 regno
1649 3409 2013 3468 conferenda:

455 3499 674 3564 Esnrivi,
705 3513 750 3555 et
782 3501 987 3558 dedistis
1021 3503 1149 3557 milii
1192 3503 1494 3558 manducare
1521 3502 1733 3574 (Matth.
1764 3504 1854 3560 25.
1882 3504 2018 3575 '55)?

451 3591 589 3646 Num
619 3595 706 3663 qui
738 3595 832 3649 tibi
866 3604 1064 3650 tantam
1095 3611 1276 3652 rerum
1304 3597 1450 3651 dedit
1485 3597 1778 3652 ubertatem
1798 3640 1813 3665 ,
1849 3599 2019 3670 potuit

456 3692 513 3736 et
540 3683 684 3737 illius
710 3685 944 3754 inopiam
969 3686 1146 3741 levare
1171 3696 1226 3741 et
1249 3687 1450 3742 solari?
1474 3687 1580 3742 Sed
1620 3687 1718 3742 hac
1755 3689 1823 3744 de
1860 3703 2018 3743 causa

454 3774 705 3844 relinquit
752 3776 900 3830 illum
949 3776 1128 3846 inopia
1166 3779 1380 3846 vexari,
1417 3789 1474 3834 ut
1510 3787 1564 3834 et
1614 3780 1726 3849 ipse
1771 3780 2018 3849 patientia

435 3864 680 3917 ‘multum
707 3866 968 3922 mercedis
991 3867 1289 3937 acquireret
1307 3910 1322 3935 ,
1352 3878 1406 3922 et
1433 3879 1484 3923 tu
1507 3883 1602 3938 per
1629 3870 2023 3942 eleemosynam

461 3952 555 4007 tibi
587 3953 790 4008 ﬁduciae
815 3956 1092 4010 materiam
1121 3957 1243 4010 illuc
1270 3958 1637 4026 praemitteres.

529 4046 581 4100 5.
603 4046 786 4100 Vidisti
816 4046 1228 4102 misericordiam
1255 4048 1481 4110 Domini,
1512 4048 1778 4116 quomodo
1810 4058 2027 4119 propter

461 4146 698 4191 nostram
728 4137 950 4190 salutem
978 4135 1249 4206 dispenset
1275 4137 1450 4190 omnia
1473 4137 1498 4188 7
1528 4137 1704 4206 Itaque
1729 4139 1853 4192 dum
1880 4140 2023 4209 cogi-

463 4233 573 4287 tas,
605 4235 822 4293 prepter
847 4234 900 4278 te
927 4233 981 4278 et
1005 4233 1224 4294 propter
1250 4235 1391 4280 tuam
1415 4226 1686 4281 utilitatem
1723 4229 1867 4282 illum
1907 4244 2026 4284 cum

465 4314 637 4383 inopia
665 4313 1055 4370 conﬁictantem
1101 4314 1238 4370 fame
1266 4317 1469 4385 perire,
1512 4333 1578 4372 ne
1601 4319 1798 4387 absque
1826 4320 2031 4374 miseri-

469 4404 643 4458 cordia
683 4415 948 4471 transeas,
989 4405 1082 4462 sed
1108 4417 1223 4461 esto
1253 4407 1423 4462 ﬁdelis
1462 4422 1679 4475 eorum,
1728 4424 1845 4478 qua:
1880 4409 1972 4464 tibi
2001 4425 2030 4463 a

473 4497 694 4551 Domino
717 4513 965 4554 concessa
996 4508 1138 4564 sunt,
1162 4499 1421 4555 bonorum
1439 4500 1791 4570 dispensator,
1817 4513 1872 4556 ut
1893 4503 2033 4557 illius

467 4588 794 4641 sublevando
816 4591 1106 4657 penuriam,
1140 4593 1354 4646 multam
1373 4592 1464 4647 tibi
1482 4608 1760 4662 supernam
1783 4593 2034 4649 concilies

469 4677 712 4747 gratiam.
763 4677 824 4732 Et
849 4679 1081 4749 gloriﬁca
1111 4681 1386 4735 Dominum
1415 4693 1560 4735 tuum
1584 4723 1600 4748 ,
1646 4683 1786 4752 quod
1817 4693 2033 4753 propter

473 4781 523 4823 te
565 4779 619 4824 et
664 4771 884 4825 salutent
935 4781 1076 4826 tuam
1115 4771 1412 4840 permiserit
1455 4773 1600 4826 illum
1640 4774 1690 4826 in
1731 4784 2038 4844 paupertate

463 4861 670 4916 versari
701 4903 716 4928 ,
765 4871 820 4916 ut
848 4862 936 4916 tibi
965 4863 1043 4915 \‘ia
1072 4870 1282 4930 pateat,
1324 4876 1418 4930 per
1445 4877 1601 4930 quam
1627 4873 1838 4931 peccata
1868 4866 2040 4935 possis

474 4952 686 5007 abluere
712 4994 726 5015 ,
770 4962 823 5007 et
846 4953 1166 5022 dispensatis
1194 4951 1327 5006 bene
1358 4952 1422 5006 iis
1442 4967 1559 5021 quae
1600 4966 1630 5006 a
1677 4953 1896 5008 Domino
1942 4954 2039 5010 tibi

474 5051 597 5096 sunt
617 5057 892 5108 concessa,
921 5043 1101 5097 Iaudes
1126 5043 1243 5096 illas
1270 5057 1527 5108 mereare,
1556 5059 1672 5114 qua:
1692 5058 1903 5099 omnem
1930 5061 2044 5102 ser-

478 5148 687 5187 monent
735 5143 790 5188 et
843 5135 1100 5188 rationem
1159 5135 1556 5190 transcendunt.
1609 5136 1806 5192 Audies
1853 5139 1993 5193 enim
2024 5179 2042 5205 ,

486 5221 653 5294 Euge,
675 5241 814 5279 serve
852 5227 976 5281 bone
999 5237 1043 5280 et
1063 5227 1259 5294 ﬁdelis,
1298 5244 1448 5299 super
1472 5247 1635 5300 pauca
1673 5229 1812 5298 fuisti
1845 5231 2042 5299 ﬁdelis,

480 5329 630 5382 super
657 5315 815 5368 multa
843 5326 889 5370 te
912 5318 1208 5371 constituant
1235 5335 1254 5374 :
1277 5321 1412 5374 intra
1456 5322 1508 5374 in
1552 5321 1791 5391 gaudium
1845 5320 2046 5376 Domini

475 5404 549 5458 tui
577 5403 800 5476 (Matth.
823 5405 913 5464 25.
943 5407 1068 5479 25).
1095 5408 1218 5463 Hice
1246 5409 1743 5475 animadvertentes,
1779 5411 1848 5465 ita
1881 5412 2047 5481 respi-

472 5515 678 5560 Hamus
726 5521 1020 5576 pauperes,
1064 5507 1213 5578 quasi
1259 5507 1555 5574 beneﬁcos,
1601 5506 1691 5576 qui
1741 5506 2048 5561 occasiones

479 5595 667 5650 salutis
692 5599 818 5652 dare
860 5597 1014 5653 nobis
1043 5607 1292 5668 possunt,
1342 5608 1396 5653 et
1433 5600 1512 5654 eis
1552 5598 1764 5666 largiter
1789 5595 2050 5665 hilarique

483 5695 531 5737 at
552 5685 659 5744 imo
687 5705 986 5763 erogemus,
1016 5707 1300 5762 numquam
1332 5701 1613 5747 renuentes
1635 5690 1782 5755 dare,
1814 5685 1908 5744 sed
1937 5701 2048 5742 ma-

1143 311 1199 370 S.
1237 311 1512 368 JOANNIS
1547 307 2017 367 CIIIWSOSTOMI
2058 307 2370 364 ARCIIIEI‘.
2410 307 2933 366 CONSTANTINOP.

3550 310 3652 367 316

2078 438 2180 492 gna
2211 421 2426 478 lenitate
2448 439 2567 478 cum
2598 425 2675 478 eis
2698 423 3062 493 colloquentes
3085 465 3101 490 ,
3146 436 3199 479 et
3243 427 3458 479 multam
3503 443 3653 480 Inan-

2079 515 2409 570 suetudinem
2439 515 2788 571 declarantes.
2821 515 3023 570 Inclina
3045 557 3060 580 ,
3080 499 3294 587 inquit,
3325 520 3532 586 pauperi
3557 536 3653 570 au-

2079 623 2182 659 rem
2211 616 2369 672 tuam,
2401 617 2445 659 et
2468 607 2713 674 responde
2736 607 2782 659 ei
2808 606 3018 676 paci/ice
3042 608 3092 660 in
3124 608 3502 660 mansuetudine
3531 607 3653 674 (Ec-

2080 697 2164 750 cli.
2191 696 2243 751 4.
2276 697 2330 767 8)
2354 738 2368 761 ,
2399 705 2456 751 ut
2488 705 2542 750 et
2570 705 2851 766 antequam
2895 697 3022 758 des.
3052 698 3333 752 verborum
3371 698 3653 752 clementia

2083 786 2248 840 multa
2292 787 2467 855 inopia
2494 787 2755 856 dejectum
2797 787 2912 855 ejus
2950 787 3184 840 animum
3211 787 3421 856 erigas;
3470 787 3656 840 Melior

2083 877 2214 930 enim
2237 885 2331 942 est,
2365 878 2552 946 inquit,
2579 893 2763 939 sermo,
2789 893 2940 946 quam
2973 879 3177 930 donatio
3206 877 3387 948 (Eccli.
3421 878 3507 933 18.
3540 877 3654 947 16).

2083 965 2233 1020 Adeo
2270 967 2428 1020 etiam
2470 967 2691 1022 verbum
2731 968 2960 1021 animam
3003 967 3289 1034 roborare,
3333 970 3660 1024 consolatio-

2086 1071 2315 1123 nemque
2340 1057 2556 1110 multam
2588 1055 2776 1111 aITerre
2797 1057 2952 1110 solet.

2158 1147 2489 1217 Eleemosyna
2519 1147 2750 1202 alacriter
2787 1146 3061 1217 eroganda.
3107 1145 3323 1202 Serendi
3365 1156 3554 1219 tempus
3583 1160 3657 1202 est

2088 1239 2194 1292 [nec
2218 1241 2336 1291 vita.
2365 1267 2437 1278 --
2463 1237 2623 1308 Igitur
2667 1252 2770 1290 non
2819 1246 3021 1291 tantum
3050 1237 3381 1292 attendentes
3407 1254 3526 1292 eum
3564 1240 3656 1308 qui

2088 1329 2298 1398 accipit,
2341 1329 2392 1383 in
2431 1329 2618 1382 dandis
2646 1328 2998 1398 eleetnosynis
3031 1329 3194 1382 simus
3224 1329 3468 1386 liberales
3509 1347 3522 1383 :
3561 1331 3657 1385 sed

2090 1421 2466 1475 ratiocinantes
2506 1421 2680 1490 potius
2708 1420 2824 1490 quis
2851 1419 2942 1474 ille
2966 1421 3036 1473 sit
3071 1420 3159 1489 qui
3202 1435 3263 1474 ea
3305 1437 3421 1490 qua:
3447 1422 3497 1474 in
3527 1437 3659 1491 pau-

2092 1529 2271 1584 perem
2302 1514 2557 1569 collocata
2586 1522 2730 1579 sunt,
2761 1524 2818 1568 ut
2856 1515 2956 1569 sibi
2999 1514 3131 1569 facta
3161 1515 3389 1569 vindieat
3411 1557 3428 1581 ,
3469 1525 3524 1571 et
3562 1532 3660 1584 pro

2091 1606 2228 1660 datis
2267 1606 2583 1661 sdIutionem
2635 1605 2954 1675 pollicetur:
2985 1615 3140 1673 atque
3180 1605 3250 1658 ita
3292 1606 3468 1659 animo
3511 1606 3660 1659 illum

2095 1695 2358 1751 intuentes
2381 1735 2398 1764 ,
2444 1711 2630 1766 magna
2656 1696 2924 1750 alacritate
2947 1694 3074 1748 dare
3103 1695 3410 1748 studeamus
3429 1733 3444 1759 ,
3476 1704 3529 1749 et
3556 1694 3656 1748 Iar-

2094 1799 2238 1854 gam,
2263 1785 2386 1839 dum
2409 1785 2582 1838 adhuc
2607 1795 2813 1852 tempus
2837 1793 2939 1845 est,
2972 1792 3263 1837 sementem
3285 1783 3541 1851 jaciamus
3558 1822 3574 1846 ,
3608 1793 3666 1836 ut

2094 1883 2148 1928 et
2173 1875 2403 1928 ubertim
2433 1884 2710 1928 metamus.
2738 1872 2868 1927 Nam
2904 1873 3004 1939 Qui
3026 1888 3174 1941 parce
3195 1873 3438 1934 seminat,
3461 1873 3662 1941 inquit,

2098 1981 2247 2035 parce
2261 1975 2305 2019 et
2321 1973 2466 2018 metet
2490 1963 2569 2035 (2.
2593 1963 2709 2019 Cor.
2731 1964 2782 2019 9.
2809 1964 2888 2032 6).
2917 1962 3070 2017 Manu
3097 1962 3252 2032 igitur
3272 1962 3487 2017 minime
3509 1977 3666 2031 parca

2098 2057 2300 2111 semina
2325 2056 2411 2110 illa
2439 2056 2572 2110 bona
2603 2070 2930 2125 spargamns,
2963 2065 3019 2108 ut
3047 2070 3142 2110 suo
3171 2064 3408 2124 tempore
3435 2054 3666 2108 ubertim

2100 2155 2382 2202 metamus.
2414 2146 2563 2202 Nunc
2587 2149 2727 2202 enim
2755 2146 3049 2201 seminandi
3077 2156 3281 2215 tempus
3307 2154 3407 2212 est,
3433 2145 3569 2215 quod
3602 2159 3670 2198 ne

2099 2247 2479 2310 preatereamus
2504 2238 2726 2293 obsecro
2745 2278 2760 2303 ,
2804 2247 2860 2292 ut
2902 2239 2953 2292 in
2981 2238 3067 2292 die
3094 2237 3454 2292 retributionis
3481 2253 3573 2305 pro
3604 2236 3669 2290 iis

2101 2346 2219 2400 quae
2249 2330 2334 2386 hic
2362 2330 2741 2386 seminavimus
2763 2370 2778 2397 ,
2823 2327 3025 2384 fructus
3052 2328 3406 2399 percipiamus
3430 2369 3445 2394 ,
3481 2337 3532 2381 et
3561 2326 3668 2379 Dn-

2103 2420 2231 2476 mini
2277 2419 2697 2474 misericordiam
2739 2433 3103 2489 assequamur.
3148 2416 3358 2472 Nullum
3384 2417 3522 2471 enim
3550 2432 3668 2468 om-

2105 2513 2233 2568 nino
2261 2512 2400 2566 aliud
2426 2527 2558 2581 opus
2585 2512 2778 2566 bonum
2799 2511 2876 2567 sic
2904 2510 3098 2580 poterit
3125 2509 3450 2579 restinguere
3487 2522 3671 2577 pecca-

2109 2611 2282 2659 torum
2307 2612 2607 2658 nostrorum
2631 2602 2949 2667 incendium,
2975 2609 3034 2655 ut
3052 2601 3402 2671 eleemosynze
3422 2598 3668 2668 largitas:

2108 2695 2206 2749 ista
2233 2703 2288 2748 et
2317 2702 2648 2763 peccatorum
2678 2702 2979 2748 nostrorum
3019 2691 3358 2746 abolitionem
3401 2699 3670 2760 operatur,

2109 2792 2164 2839 et
2187 2783 2341 2838 nobis
2367 2783 2612 2838 ﬁduciam
2651 2783 2936 2847 conciliat,
2978 2789 3032 2837 et
3078 2779 3416 2835 ineﬁ‘abilium
3462 2778 3672 2832 illorum

2109 2875 2368 2931 bonorum
2401 2876 2625 2930 fructum
2664 2883 2945 2945 praeparat.
2973 2872 3168 2927 Verum
3221 2871 3288 2926 de
3336 2870 3420 2924 his
3461 2869 3675 2938 quidem

2113 2969 2242 3023 satis
2283 2964 2489 3021 dictum
2531 2975 2612 3020 est
2644 2966 2696 3019 in
2722 2951 3140 3021 cohortationem
3183 2971 3450 3024 vestram;
3497 2969 3550 3012 et
3585 2957 3678 3012 de.-

2114 3067 2462 3113 monstratum
2495 3071 2592 3111 nos
2621 3055 2665 3111 si
2695 3069 2852 3124 parva
2874 3052 3175 3109 dederimus
3195 3092 3211 3116 ,
3242 3065 3271 3104 a
3319 3049 3539 3102 Domino
3579 3061 3678 3099 no-

2114 3159 2226 3204 stro
2255 3163 2440 3218 magna
2463 3153 2878 3215 consequuturos
2919 3157 3056 3198 esse.
3081 3141 3214 3195 Hinc
3239 3140 3377 3194 enim
3420 3151 3595 3192 sermo
3624 3136 3677 3188 in

2116 3239 2467 3309 eleemosynae
2495 3235 2908 3290 admonitionem
2937 3231 3218 3288 devolutus
3245 3241 3326 3283 est
3354 3247 3367 3282 :
3399 3228 3517 3298 quia
3539 3229 3678 3281 enim

2117 3329 2345 3384 diximus
2383 3327 2733 3398 patriarcham
2758 3367 2776 3393 ,
2806 3325 2932 3380 dum
2963 3331 3164 3394 partem
3209 3331 3365 3377 term
3411 3319 3681 3374 meliorem

2119 3419 2219 3474 Lot
2245 3418 2529 3483 concessit,
2558 3425 2612 3471 et
2636 3417 2875 3471 viliorem
2901 3415 3014 3484 ipse
3035 3412 3272 3477 retinuit,
3305 3419 3502 3464 lautam
3528 3424 3555 3460 a
3583 3409 3685 3462 Do-

2120 3509 2267 3564 mino
2295 3517 2682 3578 consequutum
2708 3520 2829 3561 esse
2853 3503 3239 3567 liberalitatem,
3268 3509 3326 3554 ut
3347 3513 3556 3553 onmem
3590 3512 3686 3550 eo-

2121 3601 2427 3671 gitationem
2465 3597 2802 3654 transcendat
2843 3595 3124 3667 promissio
3149 3609 3302 3664 quam
3341 3592 3390 3646 ei
3436 3591 3688 3646 Dominus

2123 3692 2247 3749 fecit
2275 3710 2288 3746 :
2318 3691 2539 3746 Elevatis
2564 3692 2694 3745 enim
2723 3688 2881 3743 oculis
2924 3688 3042 3754 tuis,
3071 3685 3258 3755 inquit,
3301 3686 3460 3737 video
3481 3684 3608 3744 loco,
3634 3683 3688 3735 in

2123 3801 2222 3853 quo
2246 3794 2298 3837 tu
2327 3799 2458 3836 nunc
2483 3799 2554 3845 es,
2585 3782 2652 3834 ad
2674 3779 2953 3850 aquilonem
2980 3787 3027 3831 et
3054 3776 3342 3838 meridiem,
3380 3783 3426 3826 et
3453 3773 3691 3826 orientem

2125 3887 2170 3930 et
2199 3892 2336 3930 mare
2359 3890 2378 3928 :
2405 3875 2522 3944 quia
2545 3889 2740 3927 omnem
2765 3881 2945 3925 terram
2967 3911 2981 3934 ,
3010 3885 3159 3938 quam
3186 3877 3237 3919 tu
3261 3865 3394 3919 vides
3416 3905 3432 3929 ,
3467 3879 3575 3917 eam
3605 3861 3694 3914 tibi

2128 3966 2280 4030 dabo,
2317 3973 2361 4018 et
2387 3964 2560 4018 semini
2583 3971 2669 4015 tuo
2695 3976 2852 4029 usque
2877 3961 2928 4012 in
2948 3959 3202 4013 saeculum.
3232 3955 3385 4010 Parte
3410 3961 3584 4017 teme,
3615 3952 3698 4005 in-

2129 4054 2261 4124 quit,
2290 4052 2498 4108 cessisti
2528 4050 2705 4105 fratris
2735 4049 2844 4103 ﬁlio
2869 4066 2883 4103 :
2912 4062 3037 4102 ecce
3066 4061 3164 4115 ego
3193 4055 3355 4099 totam
3380 4043 3471 4098 tibi
3499 4051 3696 4096 terram

2131 4147 2387 4216 polliceor
2412 4160 2427 4209 ;
2457 4157 2628 4212 neque
2660 4141 2761 4194 hoc
2787 4140 2976 4203 solum,
3006 4137 3099 4192 sed
3123 4146 3178 4191 et
3206 4135 3391 4190 semini
3422 4143 3511 4186 tuo
3538 4131 3696 4201 polli-

2131 4250 2256 4289 ceor
2281 4247 2399 4288 eam
2423 4246 2588 4300 usque
2626 4231 2677 4283 in
2717 4229 2968 4283 saeculum
3003 4245 3014 4280 ε
3047 4227 3146 4280 hoc
3174 4235 3275 4292 est,
3300 4231 3573 4293 perpetuo.
3604 4220 3699 4273 Vi-

2134 4323 2254 4376 disti
2281 4320 2544 4391 quemodo
2575 4326 2753 4374 certat
2778 4316 3094 4372 beneﬁciis?
3140 4314 3326 4369 Sciens
3369 4312 3508 4366 enim
3561 4310 3702 4363 Deus

2137 4413 2237 4467 hoc
2266 4413 2494 4467 maxime
2519 4424 2712 4479 cupere
2737 4406 3112 4478 patriarcham,
3145 4413 3200 4460 et
3222 4405 3347 4458 nihil
3369 4403 3483 4472 ejus
3506 4399 3701 4454 alacri-

2138 4513 2297 4560 tatem
2327 4505 2396 4558 ita
2423 4503 2792 4557 roboraturum
2817 4514 2954 4563 esse,
2986 4499 3155 4569 inquit
3185 4516 3197 4550 :
3227 4496 3294 4551 Et
3318 4494 3421 4549 hoc
3457 4494 3546 4548 tibi
3573 4508 3703 4547 eon—

2139 4597 2346 4662 cedam,
2374 4595 2542 4664 utqui
2572 4609 2634 4647 ex
2659 4600 2710 4647 te
2735 4598 3036 4656 nascentur,
3064 4588 3365 4650 succedant,
3390 4596 3443 4641 et
3463 4584 3706 4639 similiter

2141 4697 2281 4741 terra
2328 4690 2602 4750 fruantur,
2659 4683 2986 4751 habeantque
3027 4688 3334 4749 perpetuum
3365 4677 3504 4731 illius
3529 4675 3705 4729 domi.

2143 4777 2308 4832 nium.
2342 4773 2557 4840 Deinde,
2597 4781 2654 4826 ut
2683 4787 2750 4827 ne
2776 4772 3062 4837 respiciens
3083 4768 3148 4822 ad
3171 4776 3411 4822 naturam
3450 4774 3506 4819 et
3552 4777 3708 4817 δεικ-

2143 4875 2340 4921 etatem
2370 4879 2518 4919 suam
2545 4905 2560 4930 ,
2588 4863 2837 4932 Saraeque
2876 4861 3204 4915 sterilitatem
3230 4897 3245 4922 ,
3305 4855 3707 4925 promissionem

2144 4960 2318 5013 minus
2347 4963 2574 5019 curaret,
2607 4955 2700 5008 sed
2721 4954 2855 5008 bene
2884 4951 3068 5006 ﬁderet
3091 4948 3384 5019 pollicentis
3404 4945 3604 5007 virtuti,
3628 4945 3709 4996 in.

2146 5053 2261 5122 quit
2289 5069 2302 5104 :
2328 5049 2412 5104 16.
2444 5046 2508 5101 Ει
2551 5048 2736 5118 faciam
2772 5060 2936 5098 semen
2975 5053 3117 5095 tuum
3142 5040 3271 5093 sicut
3302 5053 3508 5091 arenam
3545 5044 3704 5087 tam.

2149 5142 2210 5196 Si
2237 5140 2347 5209 quis
2377 5147 2533 5208 potest
2561 5151 2822 5190 numerare
2847 5147 3050 5186 arenam
3091 5141 3254 5196 terrae,
3295 5137 3341 5182 et
3371 5141 3535 5180 semen
3571 5134 3715 5176 tuum

2149 5231 2506 5286 numerabitur.
2539 5227 2673 5282 Vere
2703 5241 2859 5295 supra
2885 5233 3122 5277 naturam
3153 5221 3434 5275 humanam
3462 5213 3718 5271 erattunc

2150 5323 2431 5394 promissio
2469 5340 2482 5376 :
2527 5335 2630 5374 non
2658 5319 2828 5373 solum
2873 5317 3013 5372 enim
3065 5313 3304 5385 promisit
3350 5325 3410 5365 se
3455 5307 3719 5363 facturum

2151 5431 2272 5470 ettm
2323 5423 2522 5483 patrem
2565 5413 2700 5464 inter
2758 5417 2833 5463 tot
2862 5401 3232 5478 impedimenta
3256 5445 3272 5470 ,
3295 5401 3389 5457 sed
3419 5402 3472 5455 in
3515 5407 3722 5453 tantum

2153 5504 2618 5573 multiplicaturum
2646 5499 2803 5561 ﬁlios,
2833 5507 2889 5552 ut
2906 5510 3081 5552 arena:
3105 5505 3257 5549 terra:
3281 5489 3574 5561 comparari
3595 5501 3725 5558 ροσε

2155 5607 2292 5653 sent.
2337 5597 2670 5652 Innumeram
2709 5604 2870 5661 porro
2919 5584 3453 5661 multitudinemlore
3473 5592 3581 5638 tam
3623 5579 3722 5644 hy.

2160 5685 2421 5758 perboliea
2450 5655 2790 5740 similitudine
2817 5677 3088 5736 declarare
3115 5655 3340 5732 voluit.’
