4020 6136
315 307 425 370 315

312 427 474 482 ταυτὶ
509 427 646 497 πρὸς
671 424 831 479 αὑτὸν
861 421 1106 494 φανερῶς
1147 420 1314 492 λέγων
1339 422 1408 476 τὰ
1445 423 1682 493 ῥήματα⁹
1729 418 1980 491 παρεχώ-

315 528 492 583 ρησας
538 511 625 565 διά
655 508 854 581 πολλὴν
883 509 1181 561 ἐπιείκειαν
1224 508 1324 578 τῆς
1361 504 1848 575 καλλιστευομένης
1879 501 1982 571 χώο

318 611 417 665 ρας
451 593 531 662 τῷ
559 591 844 662 ἀδελφιδῷ,
871 591 965 644 καὶ
1009 590 1106 661 τὴν
1137 591 1314 661 ἄκραν
1343 588 1599 653 ἐπεδείξω
1621 601 1981 653 ταπεινοφρο-

317 675 502 746 σύνην,
535 676 626 728 καὶ
643 673 910 744 τοσαύτην
933 674 1172 744 ἐποιήσω
1199 676 1295 743 τῆς
1326 674 1549 744 εἰρήνης
1577 671 1675 741 τὴν
1701 668 1982 740 πρόνοιαν,

313 759 391 822 ὡς
425 759 600 812 πάντα
652 757 1047 822 καταδέξασθαι
1069 757 1209 822 ὑπὲρ
1239 755 1331 809 τοῦ
1359 755 1627 827 μηδεμίαν
1659 749 1798 806 εἶναι
1828 749 1984 820 ὑμῶν

317 841 520 911 μεταξὺ
565 840 916 910 φιλονεικίανο
941 841 1028 893 διὰ
1057 839 1214 892 τοῦτο
1247 839 1484 909 λάμϐανε
1519 836 1648 908 παρ’
1671 835 1804 906 ἐμοῦ
1824 833 1982 902 δαψι-

312 923 424 986 λεῖς
452 924 550 987 τάς
579 924 832 994 ἀμοιϐάς.
880 925 1274 992 Ἀναϐλέψας,
1307 922 1462 991 φησὶ,
1503 921 1626 986 τοῖς
1656 915 1983 987 ὀφθαλμοῖς

313 1024 452 1071 σου,
488 1007 578 1060 ῖδε
601 1007 720 1060 ἀπὸ
741 1007 844 1060 τοῦ
868 1009 1078 1070 τόπου,
1105 1004 1176 1062 οὗ
1212 1007 1329 1060 νῦν
1356 1005 1438 1058 σὺ
1461 1001 1533 1067 εἴ,
1576 1003 1726 1070 πρὸς
1750 998 1983 1068 βορρᾶν

313 1089 410 1142 καί
448 1091 607 1154 λίϐα,
639 1090 738 1142 καί
788 1091 1096 1155 ἀνατολὰς
1123 1088 1221 1143 καί
1264 1089 1606 1143 θάλασσαν·
1658 1087 1748 1139 ὅτι
1777 1082 1982 1138 πᾶσαν

312 1187 346 1223 τ
351 1172 430 1236 ἢν
448 1170 582 1241 γῆν.
620 1170 795 1238 ἢνσὺ
823 1171 988 1239 ὁρᾷς,
1016 1167 1115 1226 σοί
1138 1171 1310 1224 δώσω
1341 1170 1537 1236 αὐτὴν
1570 1169 1665 1222 καί
1691 1167 1771 1234 τῷ
1798 1165 1982 1232 σπέρ-

309 1256 452 1322 ματί
472 1271 589 1310 σου
610 1256 722 1321 ἕως
759 1255 864 1309 τοῦ
917 1253 1151 1320 αἰῶνος.
1193 1250 1342 1317 Εἶδες
1388 1253 1652 1306 ἀντίδοσιν
1695 1249 1875 1319 πολλῷ
1903 1246 1981 1317 τῷ

314 1337 502 1408 μέτρῳ
537 1339 968 1410 ὑπερϐαίνουσαν
996 1339 1064 1391 τά
1102 1339 1229 1409 παρ’
1273 1335 1436 1389 αὑτοῦ
1462 1335 1751 1404 γινόμενα;
1784 1335 1860 1384 Δι’
1881 1332 1978 1384 αὑ-

311 1419 420 1471 τῶν
447 1419 556 1472 τῶν
576 1421 835 1490 ῥημάτων
873 1420 1091 1490 ἔρχεται
1120 1421 1148 1471 ό
1178 1418 1557 1490 φιλάνθρωπος
1587 1417 1882 1485 Δεσπότης,
1913 1413 1979 1466 δι’

312 1494 389 1556 ὧν
405 1503 495 1554 καὶ
516 1504 544 1554 6
565 1504 910 1575 πατριάρχης
931 1503 1030 1574 τὴν
1052 1503 1442 1574 παραχώρησιν
1466 1502 1774 1572 ἐποιήσατο.
1801 1498 1981 1552 Καθά-

313 1603 420 1656 περ
447 1586 555 1657 γάρ
584 1589 788 1650 ἐκεῖνος
807 1587 1010 1656 ἔλεγεν,
1048 1590 1168 1639 Οὐκ
1200 1586 1328 1640 ίδοὺ
1345 1583 1512 1640 πᾶσα
1540 1586 1578 1651 ἡ
1609 1582 1683 1652 γῆ
1706 1584 1982 1636 ἐναντίον

311 1684 465 1731 σου;
488 1668 908 1738 διαχωρίσθητι
940 1670 1040 1724 ἀπ’
1075 1669 1240 1738 ὲμοῦ-
1260 1672 1311 1722 εί
1337 1669 1418 1723 σὺ
1437 1672 1524 1734 είς
1552 1669 1738 1732 δεξιὰ,
1760 1667 1872 1735 ἐγὼ
1896 1669 1983 1730 είς

308 1752 613 1822 ἀριστερά·
645 1755 699 1806 εί
731 1753 800 1805 δὲ
827 1753 908 1807 σὺ
925 1756 1013 1819 είς
1041 1753 1344 1821 ἀριστερὰ,
1372 1751 1486 1821 ἐγὼ
1509 1755 1595 1818 εις
1629 1750 1818 1814 δεξιάο
1841 1749 1982 1802 οὑτω

309 1837 404 1888 καὶ
450 1837 479 1888 6
525 1837 804 1907 Δεσπότης
853 1835 1038 1906 φησίνο
1090 1835 1462 1902 Ἀναϐλέψας
1504 1835 1626 1900 τοῖς
1654 1830 1983 1901 ὀφθαλμοῖς

309 1932 448 1981 σου,
475 1917 566 1972 ῑδε
587 1919 704 1973 ἀπὸ
726 1918 834 1973 τοῦ
859 1922 1068 1981 τόπου,
1090 1915 1162 1976 οὗ
1195 1919 1278 1972 σὺ
1307 1914 1366 1971 εἷ
1379 1917 1512 1971 νῦν
1534 1917 1623 1970 ὅτι
1643 1915 1850 1970 πᾶσαν
1872 1914 1983 1981 τὴν

311 1999 445 2067 γῆν,
487 2000 568 2067 ἢν
597 2001 763 2069 ὁρᾷς,
784 2001 886 2056 σοί
901 2000 1074 2055 δώσω
1094 2001 1290 2069 αὐτὴν
1311 2001 1410 2055 καί
1439 1999 1519 2065 τῷ
1535 2001 1832 2068 σπέρματί
1864 2013 1981 2051 σου

309 2083 416 2148 ἕως
453 2085 559 2137 τοῦ
607 2083 840 2151 αἰῶνος.
890 2084 1154 2138 Ἐνταῦθά
1183 2102 1271 2154 μοι
1313 2085 1505 2138 σκόπει
1534 2083 1631 2154 τῆς
1665 2081 1977 2151 φιλοτιμίας

309 2168 409 2236 τὴν
440 2167 764 2237 ὑπερϐολήν.
806 2167 879 2220 Σὺ
913 2168 1010 2238 μὲν
1057 2167 1187 2238 γὰρ,
1230 2167 1430 2237 φησὶν,
1481 2166 1690 2236 αἵρεσιν
1719 2164 1844 2231 δοὺς
1883 2161 1982 2232 τὴν

313 2249 409 2317 τῆς
429 2249 681 2317 ἐκλογῆς,
704 2248 801 2318 τὴν
835 2249 937 2318 μὲν
962 2247 1380 2320 παρεχώρησας,
1402 2249 1574 2318 ἤνπερ
1593 2245 1805 2299 ἑλέσθαι
1827 2244 1982 2297 ἐϐου-

309 2331 470 2401 λήθη,
502 2331 598 2402 τὴν
653 2332 709 2384 δὲ
751 2332 1168 2398 ὑπολειφθεῖσαν
1210 2331 1371 2395 αὑτὸς
1431 2329 1725 2394 κατεδέξωο
1770 2327 1881 2395 ἐγὼ
1926 2326 1982 2378 δὲ

309 2415 577 2485 τοσαύτην
621 2415 878 2486 ποιοῦμαι
902 2416 999 2488 τὴν
1029 2415 1356 2485 φιλοτιμίαν,
1395 2414 1470 2476 ὡς
1519 2416 1696 2465 πᾶσαν
1727 2413 1826 2479 τὴν
1876 2410 1982 2479 γῆν

308 2499 408 2568 τὴν
406 2499 845 2582 δίςποπίτττουσαν
874 2503 938 2570 τῇ
967 2500 1074 2553 τῶν
1112 2499 1218 2552 σῶν
1262 2495 1554 2568 ὀφθαλμῶν
1588 2495 1685 2565 θέα
1709 2494 1764 2560 ἐξ
1792 2493 1981 2546 ἐκατέ-

311 2575 427 2648 per}
447 2580 554 2634 τῶν
582 2583 783 2652 μερῶν,
821 2583 930 2636 ἀπὸ
971 2583 1174 2653 ἄρκτου
1218 2581 1310 2634 καὶ
1344 2581 1452 2634 ἀπὸ
1482 2576 1848 2649 μεσημϐρίας,
1889 2575 1982 2628 καὶ

309 2664 419 2716 ἀπὸ
449 2663 720 2716 ἀνατολῶν
747 2665 840 2716 καὶ
859 2663 1102 2734 δυσμῶν,
1139 2665 1318 2717 πᾶσαν
1346 2663 1445 2734 τὴν
1471 2663 1594 2730 γῆν,
1626 2661 1692 2730 ἢν
1722 2659 1876 2736 ὁρᾷς,
1901 2660 1985 2714 σοὶ

309 2747 751 2816 παραχωρήσειν·
785 2748 876 2801 καὶ
907 2748 967 2800 οὑ
999 2747 1156 2800 τοῦτο
1190 2747 1371 2818 μόνον,
1393 2745 1530 2800 ἀλλά
1555 2745 1663 2799 Καὶ
1686 2740 1764 2806 τῷ
1796 2740 1974 2810 σπέρ·

307 2829 450 2895 μιιτί
491 2845 607 2882 σου
637 2829 747 2893 ἕως
785 2830 893 2884 τοῦ
928 2828 1162 2895 αἰῶνος.
1193 2825 1349 2893 Εἶδες
1385 2829 1541 2893 ἀξίαν
1577 2829 1675 2898 τῆς
1707 2824 1804 2878 τοῦ
1847 2823 1983 2877 Θεοῦ

308 2910 647 2983 ἀγαθότητος
673 2913 772 2983 τὴν
811 2913 1150 2984 φιλοτιμίαν;
1198 2909 1335 2976 είδες
1364 2913 1504 2966 ὅσων
1555 2909 1981 2982 παραχωρήσας,

308 2995 448 3048 δσων
470 2994 706 3068 ἡξιὼθη;
742 2995 1020 3050 Ἐντεῦθεν
1044 2995 1429 3067 παιδευώμεθα
1461 2994 1662 3065 πολλὴν
1686 2993 1986 3045 ἐπιδείκνυ-

311 3077 434 3129 σθαι
464 3078 741 3147 δαψίλειαν
776 3079 904 3148 περὶ
927 3079 1025 3149 τὴν
1072 3077 1461 3150 ἐλεημοσύνην,
1492 3078 1576 3130 ἵνα
1611 3074 1781 3146 μικρά
1801 3074 1984 3137 δόντες

312 3159 564 3230 μεγάλων
608 3160 947 3232 άξιωθῶμεν.
986 3163 1096 3216 Ποῦ
1131 3163 1240 3233 γάρ
1260 3164 1397 3222 ἴσον,
1431 3160 1552 3213 είπέ
1579 3175 1689 3228 μοι,
1721 3155 1984 3230 ἀργύριον

311 3242 484 3313 βραχὺ
522 3242 728 3309 δοῦναι,
761 3245 854 3296 καὶ
909 3244 1257 3316 συγχώρησιν
1297 3241 1710 3313 ἁμαρτημάτων
1754 3240 1986 3311 κομίσα-

311 3325 465 3390 σθαι;
525 3325 720 3396 θρέψαι
767 3327 1057 3391 πεινῶντα,
1113 3327 1205 3380 καὶ
1239 3325 1550 3399 παρρησίας
1599 3324 1896 3393 ἀξιωθῆναι
1925 3323 1982 3374 ἐν

308 3407 491 3477 ἐκείνῃ
522 3410 588 3477 τῇ
618 3408 801 3479 ἡμέρᾳ
829 3411 894 3479 τῇ
938 3409 1162 3479 φοϐερᾷ,
1199 3409 1294 3462 καὶ
1334 3407 1562 3461 ἀκοῦσαι
1589 3407 1655 3458 τὰ
1685 3409 1782 3476 τῆς
1823 3405 1976 3474 βασι-

309 3489 458 3553 λείας
487 3491 714 3554 ἀντάξια
765 3493 1006 3562 ῥήματα,
1062 3491 1406 3550 Ἐπείνασα,
1441 3489 1536 3542 καί
1582 3487 1837 3541 ἐδώκατέ
1876 3504 1979 3556 μοι

308 3572 559 3642 φαγεῖν-ς
597 3575 687 3646 Μὴ
739 3576 850 3646 γὰρ
887 3577 916 3628 6
947 3576 1030 3628 σοὶ
1069 3573 1368 3646 παρασχὼν
1401 3573 1497 3644 τὴν
1527 3572 1795 3641 τοσαύτην
1824 3571 1981 3640 δαψί-

309 3652 458 3706 λειαν
501 3656 601 3709 οὑκ
644 3657 873 3725 ἠδύνατο
916 3657 1169 3710 κάκείνου
1208 3657 1308 3728 τὴν
1343 3656 1548 3709 ἐνδειαν
1580 3654 1980 3725 παραμυθήσα-

311 3736 465 3802 σθαι;
483 3738 642 3792 Ἀλλά
669 3739 756 3792 διὰ
787 3740 944 3793 τοῦτο
972 3741 1196 3810 ἀφίησιν
1216 3740 1378 3793 αὑτὸν
1405 3741 1469 3808 τῇ
1488 3737 1647 3808 πενίᾳ
1663 3737 1981 3807 τρύχεσθαι,

309 3819 396 3872 ἵνα
416 3821 665 3885 κάκεῖνος
689 3824 786 3892 τῆς
822 3824 1098 3894 ὑπομονῆς
1128 3823 1295 3877 πολὺν
1326 3821 1622 3892 κομίζηται
1644 3824 1734 3874 τὸν
1767 3820 1979 3891 μισθὸν,

308 3903 404 3955 καὶ
431 3905 494 3956 σὺ
538 3903 636 3976 τὴν
669 3905 778 3958 ἀπὸ
806 3907 907 3977 τῆς
949 3903 1320 3975 ἐλεημοσύνης
1351 3903 1532 3973 σαυτῷ
1571 3903 1852 3974 προαποθῇ
1885 3903 1982 3974 τὴν

307 3986 643 4058 παρρησίαν.

379 4077 448 4140 γ’.
476 4068 630 4134 Εἶδες
647 4071 1058 4142 φιλανθρωπίαν
1081 4071 1371 4138 Δεσπότου,
1400 4071 1516 4134 πῶς
1533 4070 1746 4123 ἅπαντα
1770 4067 1858 4120 διὰ
1885 4067 1982 4139 τὴν

307 4154 586 4228 ἡμετέραν
617 4157 888 4227 σωτηρίαν
928 4157 1232 4226 οίκονομεῖ;
1266 4155 1436 4210 Ὅταν
1466 4150 1559 4208 οὖν
1589 4153 1874 4223 ἐννοήσῃς,
1899 4153 1981 4206 ὅτι

307 4237 396 4290 διὰ
414 4238 472 4290 σέ
527 4239 621 4291 καὶ
651 4237 749 4310 τὴν
780 4239 878 4310 σὴν
907 4239 1172 4308 ὠφέλειαν
1215 4240 1420 4303 ἐκεῖνος
1443 4243 1509 4310 τῇ
1539 4237 1698 4310 πενίᾳ
1730 4251 1981 4307 προσπα-

310 4319 479 4374 λαίων
515 4320 661 4390 λιμῶ
690 4320 1086 4392 διαφθείρεται,
1128 4321 1201 4393 μὴ
1231 4321 1506 4392 παρέλθῃς
1529 4318 1794 4390 ἀνηλεῶς,
1844 4316 1979 4370 ἀλλά

309 4403 468 4471 γενοῦ
489 4405 679 4467 πιστὸς
697 4405 977 4475 οἰκονόμος
1005 4405 1112 4459 τῶν
1143 4405 1294 4477 παρὰ
1339 4405 1433 4458 τοῦ
1457 4403 1727 4456 Δεσπότου
1762 4419 1844 4454 σοι
1877 4418 1982 4452 πα-

315 4485 706 4555 ρασχεθέντων,
736 4486 823 4540 ἵνα
840 4486 938 4558 τὴν
963 4486 1171 4540 ἐκείνου
1203 4487 1411 4540 ἔνδειαν
1444 4482 1980 4557 παραμυθησάμενος

313 4568 516 4638 πολλὴν
553 4567 834 4641 ἐπισπάσῃ
858 4569 956 4641 τὴν
1004 4569 1207 4625 ἄνωθεν
1231 4568 1463 4626 εὔνοιαν.
1497 4568 1604 4621 Καὶ
1634 4566 1855 4629 δόξασόν
1887 4580 1978 4616 σου

310 4650 402 4704 τὸν
430 4652 724 4722 Δεσπότην,
748 4653 830 4704 ὅτι
851 4652 939 4706 διὰ
977 4653 1037 4705 σέ
1065 4653 1158 4707 καὶ
1179 4652 1278 4724 τὴν
1311 4651 1410 4723 σὴν
1450 4650 1723 4720 σωτηρίαν
1748 4646 1982 4715 συνεχώ-

316 4749 480 4804 ρησεν
514 4733 722 4787 ἐκεῖνον
764 4736 821 4788 ἐν
869 4735 1028 4805 πενίᾳ
1074 4733 1222 4806 [545]
1269 4735 1497 4803 διάγειν,
1547 4733 1635 4785 ἴνα
1662 4729 1982 4806 σῦδυνηθῇς

311 4795 430 4867 666v
464 4813 663 4884 εὑρεῖν,
687 4815 753 4868 δι’
773 4810 840 4886 ἦς
870 4795 1094 4887 δυνήίιιή⁵
1111 4795 1303 4870 auat-:6
1325 4795 1982 4885 ἡμαρτημένανάπονίψα-

315 4895 460 4955 σθαι,
488 4898 582 4949 καὶ
606 4897 674 4950 τὰ
694 4898 843 4966 παρὰ
859 4897 954 4951 τοῦ
981 4899 1252 4952 Δεσπότου
1265 4914 1346 4950 σοι
1373 4894 1780 4967 παρασχεθέντα
1802 4893 1982 4955 καλῶς

311 4978 688 5048 οἰκονομήσας,
707 4978 813 5032 τῶν
839 4980 1070 5034 ἐπαίνων
1093 4981 1317 5034 ἐκείνων
1344 4979 1638 5048 ἀξιωθῆναι
1665 4976 1772 5030 τῶν
1805 4976 1980 5028 πάντα

315 5059 471 5128 λόγον
504 5061 596 5112 καὶ
628 5060 866 5114 διάνοιαν
906 5062 1364 5133 ὑπερϐαινόντων.
1408 5060 1641 5131 Ἀκούσῃ
1682 5061 1812 5129 γὰρ,
1868 5055 1980 5124 Εὖ,

312 5142 498 5198 δοῦλε
519 5143 702 5211 ἀγαθὲ
727 5143 825 5196 καί
865 5143 1061 5209 πιστὲ,
1107 5147 1198 5198 ἐπ’
1246 5146 1467 5214 ὀλίγων
1495 5140 1570 5212 ἧς
1609 5143 1847 5208 πιστὸς,
1882 5142 1980 5195 ἐπὶ

314 5223 565 5280 πολλῶν⁵
604 5242 680 5279 σε
718 5226 1095 5292 καταστήσω-
1133 5227 1374 5282 εἴσελθε
1393 5229 1481 5292 είς
1505 5226 1618 5293 τὴν
1659 5225 1852 5293 χαρὰν
1877 5223 1984 5278 τοῦ

315 5307 536 5376 Κυρίου
566 5321 704 5360 σου.
727 5306 912 5360 Ταῦτα
940 5307 1266 5371 ἐννοοῦντες,
1294 5307 1544 5377 καθάπερ
1561 5307 1874 5377 εὐεργέτας,
1890 5309 1984 5362 καὶ

311 5389 415 5459 τῆς
444 5388 717 5459 σωτηρίας
745 5391 880 5460 ἡμῖν
902 5390 1002 5453 τὰς
1033 5389 1286 5461 ἀφορμὰς
1334 5390 1593 5460 παρέχειν
1626 5389 1982 5458 δυναμένους,

312 5469 490 5532 οὑτως
532 5471 749 5543 ὁρῶμεν
793 5473 918 5535 τοὺς
958 5473 1215 5544 πένητας,
1259 5473 1353 5526 καὶ
1388 5473 1526 5541 μετά
1570 5471 1848 5542 δαψιλείας
1888 5471 1984 5524 καὶ

315 5554 510 5626 ῑλαρᾱς
541 5557 640 5626 τῆς
666 5555 974 5626 προθυμίας
1013 5557 1366 5629 παρέχωμεν,
1391 5557 1663 5629 μηδέποτε
1690 5554 1982 5610 ἀνανεύον-

311 5650 405 5700 τες
427 5637 668 5708 περὶτὴν
707 5637 874 5703 δόσιν,
920 5637 1055 5691 ἀλλά
1107 5639 1246 5710 μετά
1298 5640 1496 5710 πολλῆς
1542 5639 1646 5708 τῆς
1685 5637 1985 5700 ἐπιεικείας

301 5716 702 5791 διαλεγόμενοι,
731 5721 826 5774 καὶ
843 5721 1122 5793 πραότητα
1143 5721 1344 5791 πολλὴν
1370 5721 1726 5795 δεικνύμενοι.
1758 5717 1983 5774 Κλῖνον

829 5839 1099 5902 Ριτιιοι..
1141 5841 1260 5902 Gn.
1309 5843 1466 5906 LIII.

1415 305 1480 362 IN
1511 306 1663 362 CAP.
1707 301 1820 359 XIII
1859 301 2108 360 GENES.
2143 298 2376 357 HOMIL.
2416 297 2654 354 XXXIV.

3647 291 3752 346 3m

2093 415 2202 486 γὰρ
2227 415 2438 482 πτωχῷ
2457 414 2524 468 τὸ
2543 409 2652 480 οὖς
2671 429 2809 479 σου,
2831 411 2926 466 καί
2944 409 3289 480 ἀποκρίθητι
3316 408 3476 475 αὐτῷ
3493 410 3755 477 εἰρηνικὰ

2092 505 2162 556 ἐν
2198 505 2507 571 πραΰτητι,
2527 503 2614 555 ῐνα
2638 502 2732 554 καὶ
2756 501 2862 572 πρὸ
2890 502 2986 571 τῆς
3005 499 3203 562 δόσεως
3232 500 3298 570 τῇ
3321 497 3617 569 προσηνείᾳ
3649 496 3756 550 τῶν

2094 591 2354 662 ῥημάτων
2414 592 2512 660 τὴν
2561 588 3042 660 καταϐεϐλημένην
3081 585 3246 640 αὑτοῦ
3292 585 3468 657 ψυχὴν
3517 585 3622 638 ὑπὸ
3653 585 3756 654 τῆς

2093 678 2292 748 πολλῆς
2321 678 2529 742 ἐνδείας
2562 678 2892 747 ἀναστήσῃς.
2921 675 3222 742 Κρεῒσσον
3243 673 3371 744 γὰρ,
3401 673 3555 742 φησὶ,
3577 673 3758 741 λόγος

2091 765 2130 834 ἢ
2155 765 2346 832 δόσις.
2379 765 2562 829 Οὕτως
2590 761 2698 818 οἶδε
2721 763 2812 816 καὶ
2844 763 2994 833 ρἧα
3013 761 3280 832 νευρῶσαι
3298 758 3496 829 ψυχήν,
3517 759 3612 811 καὶ
3631 759 3758 811 πολ-

2091 853 2187 924 λὴν
2209 856 2524 922 εἰσαγαγεῖν
2555 851 2652 923 τὴν
2683 849 3055 922 παραμυθίαν.

2161 941 2255 1010 Μὴ
2269 941 2448 994 τοίνυν
2467 939 2602 1010 πρὸς
2623 938 2713 990 τὸν
2729 936 3072 1007 λαμϐάνοντα
3090 934 3248 1005 μόνον
3265 933 3498 1004 ὁρῶντες
3517 932 3615 1003 τὴν
3630 932 3758 1001 περὶ

2090 1028 2189 1098 τὴν
2233 1025 2600 1097 ἐλεημοσύνην
2631 1025 2942 1096 φιλοτιμίαν
2980 1020 3283 1091 ποιώμεθα,
3315 1019 3448 1073 ἀλλά
3479 1018 3758 1088 λογιζόμε-

2093 1131 2171 1167 νοι
2192 1114 2273 1176 τίς
2303 1116 2448 1166 ἐστιν
2480 1115 2508 1166 6
2538 1112 2904 1182 οίκειούμενος
2936 1109 3003 1163 τὰ
3023 1110 3105 1171 είς
3136 1109 3227 1160 τὸν
3255 1107 3464 1175 πένητα
3479 1105 3758 1174 γινόμενα,

2091 1201 2184 1253 καὶ
2215 1199 2312 1270 τὴν
2336 1200 2474 1270 ὑπὲρ
2505 1198 2612 1250 τῶν
2640 1197 2930 1268 διδομένων
2960 1195 3163 1248 ἔκτισιν
3198 1192 3585 1263 ὑποσχόμενος,
3618 1189 3762 1244 οὕτω

2091 1283 2227 1359 πρὸς
2271 1284 2474 1359 ἐκεῖνον
2505 1279 2900 1359 τείνοντεςλῂν
2926 1278 3162 1359 διάνοιαν
3223 1277 3360 1359 μετὰ
3397 1275 3594 1359 πάσηςο
3627 1291 3759 1359 προ-

2092 1343 2291 1422 θὺμίας
2320 1351 2580 1420 παρέχειν
2624 1343 3033 1418 σπουδάζωμεν,
3062 1347 3158 1398 καὶ
3205 1343 3539 1415 σπείρωμεν,
3564 1343 3640 1405 ὼς
3680 1343 3758 1396 ἔτι

2062 1425 2300 1509 Ἕιαιρὸς,
2338 1437 2474 1507 μετὰ
2507 1435 2804 1506 δαψιλείας,
2833 1435 2918 1488 ἵνα
2949 1434 3042 1487 καὶ
3079 1431 3217 1503 μετά
3241 1430 3512 1500 δαψιλείας
3531 1429 3759 1498 θερίσω-

2094 1542 2213 1594 μεν.
2261 1525 2323 1577 Ὀ
2356 1525 2622 1591 σπείρων
2662 1522 2793 1593 γὰρ,
2823 1521 2978 1590 φησὶ,
2999 1518 3380 1590 φειδομένως,
3404 1515 3761 1585 φειδομένως

2089 1617 2187 1669 καί
2249 1616 2489 1682 θερίσει.
2563 1613 2799 1684 Ἀφειδεῖ
2840 1613 3018 1666 τοίνυν
3083 1614 3148 1682 τῇ
3207 1611 3351 1683 χειρὶ
3411 1608 3760 1664 καταϐάλλω-

2093 1719 2192 1771 μεν
2220 1702 2290 1754 τὰ
2329 1702 2468 1756 καλὰ
2496 1702 2668 1754 ταῦτα
2681 1701 2989 1772 σπέρματα,
3021 1699 3108 1752 ἵνα
3136 1701 3194 1751 ἐν
3225 1697 3399 1769 καιρῷ
3430 1695 3567 1766 μετὰ
3602 1695 3759 1763 δαψι-

2090 1788 2236 1852 λείας
2255 1788 2578 1860 θερίσωμεν.
2597 1787 2711 1840 Νῦν
2737 1787 2834 1857 μὲν
2850 1787 2958 1857 γάρ
2983 1789 3128 1840 ἐστιν
3150 1787 3178 1838 ὁ
3205 1785 3296 1838 τοῦ
3323 1784 3522 1855 σπόρου
3548 1783 3759 1852 καιρὸς,

2088 1876 2148 1929 ὃν
2180 1877 2255 1949 μή
2280 1877 2749 1949 παραδράμωμεν,
2780 1875 3103 1948 παρακαλῶ,
3152 1876 3238 1928 ἵνα
3268 1876 3324 1928 ἐν
3362 1876 3428 1944 τῇ
3459 1873 3558 1943 τῆς
3601 1873 3762 1925 ἁντα·

2090 1964 2358 2028 ποδόσεως
2384 1966 2491 2020 τῶν
2519 1964 2752 2018 ἐνταῦθα
2790 1963 3106 2035 σπαρέντων
3141 1963 3486 2034 ἡμέρα,τοὺ;
3515 1959 3764 2031 καρποὺς

2089 2051 2544 2122 ἀποδρεψώμεθα,
2558 2053 2650 2106 καὶ
2667 2051 2766 2122 τῆς
2784 2051 2933 2122 παρὰ
2952 2050 3044 2104 τοῦ
3062 2051 3331 2104 Δεσπότου
3353 2048 3542 2118 φιλανθ
3552 2047 3762 2120 ρωπίας

2089 2137 2430 2209 ἀξιωθῶμεν.
2455 2139 2622 2194 Οὑδέν
2645 2139 2776 2210 γὰρ,
2806 2139 2960 2192 οὐδὲν
2987 2137 3173 2209 ἕτερον
3197 2136 3307 2190 τῶν
3323 2134 3763 2206 κατορθωμάτων

2089 2223 2229 2277 οὕτω
2285 2225 2569 2297 δυνήσεται
2615 2225 2806 2278 σϐέσαι
2857 2225 2966 2278 τῶν
3018 2223 3434 2296 ἁμαρτημάτων
3479 2221 3636 2293 ἡμῶν
3663 2219 3763 2289 τὴν

2089 2312 2290 2383 πυράν,
2319 2312 2396 2376 ὡς
2435 2314 2469 2383 ή
2515 2313 2615 2383 τῆς
2657 2310 3029 2382 ἐλεημοσύνης
3061 2311 3329 2380 δαψίλεια.
3360 2309 3506 2377 Αὕτη
3530 2307 3624 2361 καὶ
3652 2307 3761 2358 τῶν

2088 2398 2502 2468 ἡμαρτημένων
2529 2399 2660 2468 ἡμῖν
2691 2398 2780 2450 τὸν
2811 2397 3120 2468 ἀφανισμὸν
3151 2395 3460 2468 ἐργάζεται,
3491 2395 3584 2446 καὶ
3621 2395 3762 2463 παρ-

2091 2484 2283 2553 ρησίας
2319 2487 2448 2554 ἡμῖν
2470 2483 2728 2554 πρόξενος
2754 2483 2987 2552 γίνεται,
3017 2484 3111 2536 καὶ
3138 2483 3245 2534 τῶν
3271 2482 3596 2553 ἀπορρήτων
3617 2478 3760 2532 ἐκεί-

2088 2589 2194 2624 νων
2219 2571 2440 2639 ἀγαθῶν
2471 2571 2567 2642 τὴν
2597 2571 2898 2624 ἀπόλαυσιν
2924 2570 3362 2641 προευτρεπίςει.
3409 2567 3570 2621 Ἀλλὰ
3590 2565 3763 2618 ταῦτα

2091 2659 2190 2728 μὲν
2214 2659 2414 2722 ίκανῶς
2444 2659 2658 2729 εἴρηται
2698 2659 2832 2728 πρὸς
2861 2657 2958 2728 τὴν
2995 2658 3267 2728 ὑμετέραν
3301 2656 3635 2726 προτροπὴν,
3667 2657 3761 2707 καὶ

2089 2747 2225 2817 πρὸς
2251 2749 2312 2799 τὸ
2340 2747 2530 2811 δεῖξαι,
2561 2748 2643 2799 ὃτι
2677 2747 2852 2816 μικρὰ
2900 2745 3132 2807 διδόντες
3184 2745 3434 2814 μεγάλων
3464 2743 3762 2813 ἀξιούμεθα

2091 2831 2243 2902 παρά
2262 2832 2355 2884 τοῦ
2391 2832 2682 2885 Δεσπότου.
2716 2831 2990 2885 Ἐντεῦθεν
3009 2831 3116 2900 γὰρ
3134 2832 3264 2901 ἡμῖν
3289 2831 3380 2884 καὶ
3405 2833 3433 2883 6
3451 2830 3607 2898 λόγος
3624 2828 3761 2900 πρὸς

2088 2918 2187 2988 τὴν
2216 2920 2312 2988 τῆς
2342 2918 2710 2989 ἐλεημοσύνης
2733 2919 3054 2990 παραίνεσιν
3078 2917 3415 2988 ἐξεκυλίσθη·
3445 2917 3629 2988 ἐπειδὴ
3653 2916 3762 2986 γάρ

2089 3005 2369 3076 ἐλέγομεν,
2391 3007 2470 3059 ὅτι
2499 3006 2699 3077 μέρους
2741 3007 2844 3076 γῆς
2879 3006 3285 3076 παραχωρήσας
3321 3005 3349 3057 6
3395 3005 3761 3075 πατριάρχης.

2091 3093 2182 3147 καὶ
2207 3091 2268 3146 τδ
2299 3093 2585 3147 κάλλιστον
2607 3094 2705 3164 τῆς
2741 3091 2924 3164 χώρας
2949 3094 3248 3165 προέμενος
3277 3093 3356 3164 τῷ
3377 3092 3518 3158 Λὼτ,
3544 3093 3637 3145 καὶ
3661 3092 3762 3162 τὴν

2091 3179 2434 3250 φαυλοτάτην
2476 3184 2578 3252 γῆν
2625 3181 2876 3252 ἐλόμενος
2913 3180 3090 3250 ἐαυτῷ
3116 3181 3382 3252 τοσαύτης
3415 3178 3622 3250 ἠξιώθη
3662 3177 3762 3248 τῆς

2091 3267 2243 3338 παρὰ
2271 3267 2361 3320 τοῦ
2395 3267 2530 3320 Θεοῦ
2585 3267 2918 3339 φιλοτιμίας,
2950 3269 3026 3332 ὼς
3057 3268 3402 3338 ὑπερϐαίνειν
3431 3266 3607 3320 πάντα
3636 3263 3762 3318 νοῦν

2093 3355 2188 3409 καὶ
2213 3355 2450 3408 διάνοιαν
2467 3354 2562 3426 τὴν
2584 3355 2874 3426 ὑπόσχεσιν
2899 3355 2998 3425 τὴν
3031 3356 3183 3427 παρὰ
3201 3353 3297 3407 τοῦ
3324 3353 3459 3407 Θεοῦ
3490 3355 3570 3416 είς
3597 3352 3761 3407 αὑτὸν

2094 3441 2485 3512 γεγενημένην.
2541 3441 2916 3510 Ἀναϐλέψας
2937 3443 3066 3513 γὰρ,
3098 3443 3250 3512 φησὶ,
3281 3441 3404 3507 τοῖς
3433 3439 3764 3510 ὀφθαλμοῖς

2087 3545 2225 3594 σου,
2263 3529 2352 3582 ίδε
2367 3529 2486 3582 ἀπὸ
2519 3529 2623 3584 τοῦ
2655 3531 2863 3591 τόπου.
2898 3526 2970 3585 οὗ
3003 3530 3084 3582 σὺ
3108 3525 3164 3582 εἷ
3186 3529 3322 3590 νῦν,
3348 3528 3497 3596 πρὸς
3530 3527 3764 3596 ,ϐορρᾶν

2090 3616 2188 3668 καί
2214 3616 2354 3669 λίϐα
2378 3627 2428 3654 δ’
2455 3615 2540 3667 ὅτι
2581 3614 2788 3669 πᾶσαν
2813 3615 2927 3682 τὴν
2943 3614 3081 3684 γῆν,
3121 3614 3201 3682 ἢν
3227 3615 3309 3669 σὺ
3337 3613 3503 3682 ὁρᾷς.
3530 3614 3628 3670 σοί
3653 3615 3763 3668 δώο

2089 3717 2178 3754 σω
2191 3700 2386 3768 αὐτὴν
2413 3701 2508 3753 καί
2530 3699 2610 3765 τῷ
2625 3701 2919 3770 σπέρματί
2936 3717 3051 3754 σου
3068 3702 3176 3765 ἕως
3193 3701 3426 3767 αἰῶνος.
3441 3701 3622 3771 Μέρος
3633 3704 3760 3773 γῆς,

2090 3787 2244 3881 [ζμ]
2277 3790 2430 3881 φησὶ,
2453 3788 2853 3881 παρεχώρλσας
2873 3788 2951 3858 τῷ
2971 3788 3253 3881 ἀδελφιδῶο
3279 3789 3386 3880 ἰδοὺ
3410 3788 3520 3881 ἐγῶ
3537 3789 3760 3881 ὁλόκλης

2093 3871 2183 3941 ρόν
2215 3887 2297 3924 σοι
2323 3871 2421 3941 τὴν
2449 3871 2552 3939 γῆν
2578 3868 2941 3941 ὑπιιῖχνοῦμαι
2959 3888 2973 3900 ·
3010 3871 3105 3924 καὶ
3141 3871 3204 3924 οὐ
3230 3868 3385 3923 τοῦτο
3420 3871 3598 3940 μόνον,
3622 3872 3758 3924 ἀλλά

2090 3959 2185 4012 καὶ
2213 3957 2292 4028 τῷ
2326 3958 2598 4028 σπέρματί
2633 3976 2726 4012 σου
2758 3957 3016 4030 παρέξειν
3049 3959 3418 4029 ἐπαγέλλομαι
3440 3959 3632 4031 αὑτήν,
3661 3961 3761 4012 καὶ

2090 4045 2194 4109 ἕως
2227 4044 2438 4108 αἰῶνος,
2470 4044 2613 4099 τοῦτ’
2637 4045 2751 4099 ἐστι
2779 4046 3062 4117 διηνεκῶς.
3089 4043 3241 4109 Εἶδες
3263 4045 3379 4108 πῶς
3395 4045 3759 4116 φιλοτιμεῖται

2091 4135 2150 4186 ἐν
2173 4138 2290 4198 ταῖς
2324 4136 2695 4205 εὐεργεσίαις,
2733 4135 2949 4206 Ἐπειδὴ
2978 4135 3086 4206 γάρ
3119 4135 3234 4206 ᾔδει
3263 4136 3342 4188 ὅτι
3376 4135 3566 4188 τούτου
3602 4136 3761 4206 μάλιο

2093 4237 2193 4274 στα
2214 4220 2475 4292 ἐπεθύμει
2496 4224 2525 4274 ό
2549 4222 2911 4293 πατριάρχης,
2939 4223 3032 4275 καὶ
3061 4223 3210 4275 ούδέν
3230 4221 3394 4276 αὑτοῦ
3426 4221 3525 4292 τὴν
3552 4221 3758 4293 προθυσ-

2094 4308 2223 4380 μίαν
2256 4308 2398 4362 οὕτω
2418 4308 2700 4379 νευρώσει,
2734 4310 2866 4380 φησί
2888 4323 2904 4340 ⁸
2946 4311 3038 4366 καὶ
3063 4309 3221 4362 τοῦτό
3248 4326 3332 4362 σοι
3353 4309 3594 4382 παρέξω,
3617 4310 3758 4366 ὥστε

2090 4397 2186 4448 καὶ
2221 4395 2347 4458 τοὺς
2379 4395 2486 4448 ἀπὸ
2525 4395 2617 4448 σοῦ
2650 4396 2998 4466 τικτομένους
3029 4395 3371 4460 διαδέξασθαι
3405 4396 3503 4465 τῆς
3531 4397 3633 4467 γῆς
3657 4398 3758 4469 τὴν

2089 4481 2408 4547 ἀπόλαυσιν,
2438 4482 2531 4534 καὶ
2554 4481 2776 4552 διηνεκῆ
2802 4481 3004 4552 ταύτης
3039 4481 3182 4552 ἔχειν
3209 4482 3309 4554 τὴν
3324 4482 3596 4547 ἐξουσίαν.
3628 4481 3760 4538 Εἶτα

2087 4568 2179 4622 ἴνα
2207 4565 2282 4638 μὴ
2313 4567 2448 4636 πρὸς
2469 4567 2568 4637 τὴν
2591 4568 2792 4621 οἰκείαν
2825 4569 2985 4639 μόνον
3005 4567 3184 4637 φύσιν,
3213 4569 3304 4622 καὶ
3334 4569 3471 4639 πρὸς
3497 4569 3556 4622 τὸ
3582 4570 3760 4639 γῆρας

2087 4654 2149 4705 τὸ
2178 4653 2393 4718 ἐαυτοῦ,
2420 4654 2514 4707 καὶ
2557 4655 2655 4726 τὴν
2686 4655 2783 4726 τῆς
2814 4655 2994 4726 Σάρας
3027 4657 3314 4728 στείρωσιν
3360 4657 3588 4717 ἀπιδὼν,
3628 4673 3761 4727 ναρ-

2088 4743 2233 4814 κήσῃ
2271 4742 2406 4811 πρὸς
2439 4741 2538 4812 τήν
2568 4742 2880 4813 ὑπόσχεσιν,
2921 4743 3057 4797 ἀλλὰ
3103 4744 3352 4815 θαρρήσῃ
3393 4746 3459 4814 τῇ
3499 4742 3593 4795 τοῦ
3627 4743 3760 4795 ὑπο-

2090 4829 2352 4900 σχομένου
2377 4830 2622 4902 δυνάμει,
2655 4831 2787 4902 φησί
2806 4849 2820 4862 ·
2858 4832 2966 4886 Καὶ
3001 4831 3235 4898 ποιήσω
3263 4830 3328 4883 τὸ
3355 4829 3592 4897 σπέρμα
3617 4844 3757 4894 σου,

2087 4917 2166 4983 ὡς
2197 4916 2314 4984 τὴν
2335 4916 2533 4987 ἅμμον
2561 4918 2673 4986 τῆς
2706 4918 2836 4988 γῆς.
2860 4921 2926 4971 EI
2955 4916 3286 4982 δυνήσεταί
3306 4933 3397 4980 τις
3422 4914 3536 4984 τὴν
3561 4917 3759 4987 ἄμμον

2087 5003 2197 5072 τῆς
2228 5004 2340 5074 γῆς
2367 5004 2782 5073 ἐξαριθμῆσαι,
2809 5005 2907 5058 καί
2938 5003 3004 5057 τὸ
3031 5003 3268 5074 σπέρμα
3289 5019 3408 5058 σου
3435 5005 3758 5074 ἀριθμηθή-

2086 5105 2277 5144 σεται.
2310 5091 2548 5161 Ἀληθῶς
2567 5092 2709 5162 ὑπὲρ
2732 5091 2893 5160 φύσιν
2914 5091 3264 5162 ἀνθρωπίνην
3281 5085 3350 5162 ἦν
3376 5091 3410 5162 ἡ
3440 5093 3754 5163 ὑπόσχεσιςο

2085 5179 2146 5230 οὑ
2178 5178 2337 5247 μόνον
2363 5178 2472 5249 γὰρ
2515 5179 2726 5250 πατέρα
2763 5179 2926 5234 αὐτὸν
2962 5181 3208 5250 ποιήσειν
3247 5179 3530 5252 ὑπέσχετο,
3569 5181 3757 5234 τοσού-

2085 5282 2196 5318 των
2225 5265 2394 5318 ὄντων
2431 5266 2539 5318 τῶν
2568 5265 2712 5318 κωλυ
2721 5267 2925 5336 μάτων,
2949 5266 3084 5320 ἀλλά
3117 5266 3211 5318 καὶ
3239 5267 3319 5329 είς
3343 5266 3545 5338 πλῆθος
3565 5268 3754 5322 τοσοῦ-

2086 5368 2178 5404 τον
2212 5351 2520 5415 ἐπιδώσειν,
2547 5351 2624 5415 ὡς
2652 5354 2720 5422 τῇ
2767 5353 2938 5423 ἄμμῳ
2968 5355 3066 5423 τῆς
3097 5353 3202 5423 γῆς
3228 5353 3626 5425 παρισωθῆναι,
3659 5355 3755 5408 καὶ

2086 5439 2359 5510 ἀνώτερον
2383 5437 2620 5510 ἀριθμοῦ
2647 5439 2708 5492 τὺ
2731 5438 2931 5510 πλῆθος
2962 5439 3240 5508 γενέσθαι,
3261 5441 3361 5510 τὴν
3389 5441 3638 5514 ἐπίτασιν
3655 5440 3754 5511 τῆς

2088 5525 2394 5598 ὑπερϐολῆς
2422 5527 2511 5581 διά
2542 5525 2638 5580 τοῦ
2667 5527 3104 5600 παραδείγματος
3133 5527 3374 5598 ἐμφῆναι
3409 5525 3748 5597 βουλόμενος.

2150 5675 2176 5704 ⁸
2193 5674 2310 5724 Post
2319 5675 2429 5724 λίϐα
2449 5688 2574 5725 unus
2592 5675 2724 5728 addit
2740 5679 2820 5726 καὶ
2842 5678 3070 5735 ἀνατολὰς
3087 5677 3168 5726 καὶ
3193 5676 3272 5726 θά)
3281 5689 3454 5736 ασσαν,
3466 5680 3522 5724 et
3542 5675 3608 5724 I'a
3626 5672 3757 5737 legit

2095 5741 2240 5786 vetus
2257 5738 2521 5800 interpres.
2899 5782 2905 5786 .

3396 5830 3468 5881 20
