4020 6136
291 306 390 366 ΞΠ

361 426 559 480 Σκόπει
607 426 723 490 πῶς
764 426 794 478 ὁ
836 422 1218 495 φιλάνθρωπος
1257 423 1535 493 Δεσπότης
1584 422 1728 476 κατὰ
1769 419 1962 492 μικρὸν

290 514 560 587 γυμνάζει
585 514 681 569 τοῦ
715 513 926 567 δικαίου
952 512 1050 584 τὴν
1080 513 1302 584 ἀρετήν.
1330 512 1516 567 Εἰπὼν
1541 504 1652 583 γὰρ
1685 509 1965 581 ἀνωτέρω,

290 605 372 657 ὅτι
421 603 504 668 Τῷ
557 601 854 671 σπέρματί
899 614 1016 655 σου
1057 599 1234 654 δώσω
1273 600 1388 667 τὴν
1419 598 1537 670 γῆν
1582 600 1834 666 ταύτην·
1871 597 1968 651 νῦν

291 692 453 744 πάλιν
477 690 662 759 φησὶν,
689 687 903 754 Καίτῷ
932 685 1227 758 σπέρματί
1259 704 1375 742 σου
1405 687 1576 741 δώσω
1594 687 1704 752 ἕως
1731 687 1966 751 αἰῶνος,

290 779 388 832 καί
427 776 660 844 ποιήσω
692 776 839 830 αὐτὸ
884 776 965 842 ὡς
1002 774 1118 843 τὴν
1146 777 1344 845 ἄμμον
1370 772 1482 844 τῆς
1510 774 1643 846 γῆς.
1685 774 1795 827 Καὶ
1831 774 1968 837 τέως

295 866 456 938 μέχρι
506 865 680 933 λόγων
720 862 792 917 τὰ
820 862 929 933 τῆς
973 863 1341 933 ὑποσχέσεως,
1386 862 1480 916 καὶ
1515 862 1678 924 πολὺς
1727 863 1784 914 ἐν
1818 860 1969 930 μέσῳ

292 953 659 1023 παραγίνεται
686 953 901 1025 χρόνος,
938 942 1151 1006 ἴνανκαὶ
1180 950 1280 1020 τῆς
1313 949 1539 1021 γνώμης
1575 947 1668 1003 τοῦ
1700 947 1969 1018 πατριάρ-

293 1057 387 1112 χου
418 1041 680 1110 μάθωμεν
706 1040 767 1092 τὸ
796 1038 1061 1108 φιλόθεον,
1083 1037 1291 1092 καὶτοῦ
1318 1038 1453 1093 Θεοῦ
1480 1038 1578 1110 τὴν
1599 1034 1969 1106 ὑπερϐάλλου-

294 1146 393 1182 σαν
414 1128 664 1199 δύναμιν.
683 1126 968 1197 Ἐπίτηδες
998 1126 1107 1197 γὰρ
1139 1125 1323 1196 μέλλει
1346 1126 1439 1179 καὶ
1468 1124 1853 1182 ἀναϐάλλεται,
1882 1122 1969 1174 ἵνα

292 1220 372 1281 εἰς
415 1217 551 1289 βαθὺ
587 1217 765 1287 γῆρας
799 1215 1089 1279 ἐλάσαντες
1132 1214 1180 1266 οἱ
1220 1215 1319 1287 τὴν
1349 1214 1635 1284 ὑπόσχεσιν
1664 1212 1966 1283 δεξάμενοι,

291 1310 384 1362 καὶ
420 1306 773 1376 ἀπογνόντες,
801 1305 875 1368 ὡς
906 1306 1101 1370 εἰπεῖν,
1131 1305 1268 1369 τέως
1312 1303 1449 1357 κατὰ
1476 1298 1821 1375 ἀνθρωπίνην
1843 1301 1970 1355 ἀκο-

291 1393 532 1459 λουθίαν,
563 1393 683 1446 τότε
714 1392 808 1447 καὶ
831 1392 932 1461 τῆς
967 1391 1172 1456 οἰκείας
1202 1391 1485 1454 ἀσθενείας
1509 1392 1607 1463 τὴν
1634 1392 1849 1461 πεῖραν,
1876 1389 1970 1443 καὶ

291 1485 390 1554 τῆς
417 1481 627 1552 ἀφάτου
655 1480 937 1551 δυνάμεως
959 1478 1053 1533 τοῦ
1082 1479 1216 1533 Θεοῦ
1246 1480 1343 1551 τὴν
1362 1478 1664 1550 ὑπερϐολὴν
1693 1478 1895 1531 ἴδωσιν.

358 1612 422 1664 δ’.
452 1609 652 1664 Ἐννόει
664 1608 721 1663 δέ
744 1627 832 1680 μοι
850 1610 914 1662 ἐκ
932 1609 1032 1678 τῆς
1047 1609 1406 1681 παρατάσεως
1417 1608 1511 1662 τοῦ
1528 1610 1587 1662 ἐν
1609 1608 1759 1679 μέσῳ
1776 1607 1967 1679 χρόνου

291 1698 351 1751 τὶ
381 1697 606 1767 στερρὸν
638 1696 741 1767 τῆς
766 1695 862 1750 τοῦ
897 1695 1234 1767 πατριάρχου
1270 1696 1516 1767 γνώμης,
1550 1694 1667 1759 πῶς
1694 1694 1872 1748 πάντα
1899 1695 1968 1749 τὰ

289 1783 608 1856 ἀνθρώπινα
638 1784 1019 1856 παρατρέχων.
1054 1784 1192 1855 πρὸς
1220 1783 1281 1836 τὸ
1307 1782 1530 1837 δυνατὸν
1549 1782 1644 1837 τοῦ
1666 1783 1969 1853 ὑποσχομέ-

290 1890 385 1927 νου
424 1873 606 1937 τείνας
636 1871 734 1945 τὴν
762 1872 1021 1937 διάνοιαν,
1052 1872 1154 1926 οὑκ
1199 1871 1529 1943 ἐθορυϐεῖτο,
1575 1872 1696 1926 οὐδὲ
1739 1872 1969 1943 ἐταράτ-

288 1976 429 2013 τετο.
451 1958 593 2012 Ἴστε
626 1959 735 2031 γὰρ
765 1959 1045 2026 πολλάκις,
1071 1960 1151 2014 ὃτι
1176 1959 1396 2013 ἐπειδάν
1431 1976 1515 2023 τις
1546 1958 1691 2025 ἅπαξ
1723 1960 1817 2012 καὶ
1841 1958 1967 2013 δεύ-

290 2063 447 2116 τερον
470 2046 841 2116 ὑποσχόμενος
866 2046 1090 2117 μηδέπω
1119 2047 1199 2110 εἰς
1224 2045 1381 2117 ἔργον
1411 2044 1594 2116 ἀγάγῃ
1612 2043 1683 2098 τὰ
1704 2044 1969 2113 ἐπαγγελ-

290 2133 472 2197 θέντα,
515 2134 634 2198 πῶς
665 2135 1015 2207 ὀκνηρότεροι
1054 2133 1317 2204 γινόμεθα
1359 2132 1495 2204 πρὸς
1534 2131 1597 2185 τὸ
1630 2131 1792 2185 πάλιν
1819 2130 1968 2204 αὑτῷ

290 2222 577 2276 πιστεῦσαι
604 2210 1040 2293 ὑπισχνουμένῳ.
1082 2221 1220 2274 Ἀλλ’
1256 2222 1349 2274 ἐπὶ
1386 2220 1485 2291 μὲν
1516 2219 1803 2292 ἀνθρώπου
1830 2219 1969 2274 είκό-

288 2324 400 2373 τως
429 2310 495 2363 ἂν
524 2308 682 2363 τοῦτο
713 2309 951 2379 γένοιτο·
989 2309 1082 2362 ἐπὶ
1113 2309 1171 2362 δέ
1202 2307 1296 2362 τοῦ
1317 2307 1450 2361 Θεοῦ
1481 2307 1571 2361 τοῦ
1601 2307 1739 2376 μετά
1766 2307 1968 2382 πολλῆς

292 2395 482 2464 σοφίας
524 2395 595 2449 τὰ
627 2395 871 2467 ἡμέτερα
900 2395 1327 2466 οίκονομοῦντος.
1361 2394 1577 2448 ἐπειδὰν
1607 2393 1754 2459 ἅπαξ
1797 2397 1967 2463 ἐπαγο

291 2483 560 2555 γείληται,
600 2483 706 2536 κᾶν
745 2482 911 2553 μυρία
939 2484 997 2535 ἐν
1028 2482 1109 2551 τῷ
1156 2482 1304 2552 μέσῳ
1344 2480 1640 2551 κωλύματα
1681 2480 1964 2552 παρεμπίο

290 2587 437 2634 πτοι,
467 2569 605 2641 πρὸς
618 2569 687 2622 τὸ
719 2568 948 2647 μέγεθος
978 2569 1076 2639 τῆς
1097 2567 1191 2622 τοῦ
1226 2566 1361 2622 Θεοῦ
1401 2567 1682 2639 δυνάμεως
1722 2567 1965 2639 ὁρῶντας

290 2656 513 2728 θαρρεῖν
539 2654 667 2728 χρὴ,
705 2656 802 2710 καὶ
831 2650 1226 2728 ἐστηριγμένον
1266 2654 1409 2726 ἔχειν
1434 2656 1525 2708 τὸν
1555 2654 1832 2726 λογισμὸν,
1871 2656 1965 2710 καὶ¹

290 2745 485 2798 εἰδέναι
516 2744 591 2808 ὡς
627 2744 843 2808 πάντως
873 2745 952 2809 είς
982 2743 1141 2815 ἔργον
1177 2744 1402 2815 ἐκϐῆναι
1427 2745 1507 2798 δεῖ
1539 2743 1609 2798 τὰ
1639 2745 1768 2815 παρ’
1798 2745 1963 2799 αὑτοῦ

288 2832 554 2905 εἰρημένα
575 2848 588 2862 θ
644 2832 810 2886 Οὐδὲν
853 2833 963 2902 γάρ
1009 2834 1157 2886 ἐστιν
1184 2832 1212 2885 ὃ
1240 2832 1526 2904 δυνήσεταί
1556 2850 1683 2886 ποτε
1714 2832 1965 2903 διακόψαι

286 2921 355 2976 τὰ
386 2922 514 2992 παρ’
545 2919 710 2974 αὑτοῦ
736 2919 1123 2991 ἐπηγγελμένα
1144 2935 1157 2947 '
1209 2919 1340 2984 Θεὸς
1374 2919 1483 2991 γάρ
1513 2920 1682 2983 ἐστιν,
1713 2913 1757 2988 ᾧ
1787 2923 1965 2976 πάντα

286 3008 516 3063 δυνατά·
560 3008 655 3061 καὶ
689 3006 778 3061 διά
815 3007 975 3060 τοῦτο
1021 3006 1158 3078 πρὸς
1194 3006 1222 3060 ὃ
1266 3007 1534 3078 βούλεται,
1582 3007 1964 3082 μεθίστησιτά

287 3097 612 3169 πράγματα,
647 3096 742 3149 καλ
770 3095 972 3166 πόρους
1000 3093 1059 3160 ἐξ
1083 3095 1302 3166 ἀπόρων
1322 3096 1500 3167 εὑρεῖν
1522 3095 1838 3164 δυνάμενος,
1869 3097 1964 3150 καὶ

287 3188 431 3255 μετά
461 3184 560 3256 τὴν
588 3183 902 3256 ἀπόγνωσιν
935 3183 1035 3253 τὴν
1063 3183 1336 3255 ἡμετέραν
1366 3185 1445 3246 είς
1473 3183 1715 3255 χρηστὰς
1744 3184 1964 3250 ἐλπίδας

286 3254 458 3341 ἄγων,
487 3254 552 3324 ἵν’
585 3254 729 3324 οὕτω
755 3270 1084 3340 σαφέστερον
1110 3270 1276 3323 αὑτοῦ
1310 3254 1668 3341 μανθάνωμεν
1691 3271 1841 3343 [545]
1865 3273 1965 3341 τῆς

287 3357 595 3428 εὐμηχάνου
627 3356 819 3423 σοφίας
845 3355 944 3424 τὴν
971 3354 1297 3426 ὑπερϐολήν.
1336 3354 1621 3421 Ἀναστὰς
1649 3356 1777 3427 γὰρ,
1809 3357 1962 3427 φησὶ,

286 3444 608 3498 διόδευσον
638 3442 753 3509 τὴν
783 3441 921 3512 γῆν,
956 3441 1045 3507 είς
1088 3459 1153 3496 τε
1189 3441 1255 3495 τὸ
1300 3440 1493 3512 μῆκος
1529 3442 1719 3511 αὐτῆς
1753 3445 1851 3498 καὶ
1877 3447 1964 3511 είς

286 3534 353 3584 τὸ
386 3530 751 3596 πλάτος,ιὸτι
780 3545 877 3585 σοι
901 3529 1074 3583 δώσω
1090 3528 1304 3597 αὐτὴν.
1322 3530 1463 3600 Ὅρα
1498 3529 1611 3593 πῶς
1637 3530 1725 3584 διὰ
1746 3531 1964 3588 πάντων

286 3621 394 3674 τῶν
420 3620 761 3692 πραγμάτων
791 3618 990 3690 πολλὴν
1025 3616 1270 3689 βούλεται
1312 3617 1686 3689 πληροφορίαν
1731 3619 1963 3674 ἐνθεῖναι

285 3708 363 3779 τῷ
412 3708 624 3778 δικαίῳ.
665 3705 953 3771 Ἀναστάς,
1002 3705 1158 3777 φησὶ,
1214 3704 1491 3776 περίελθε,
1535 3707 1631 3759 καὶ
1678 3707 1962 3779 κατάμαθε

283 3798 380 3851 καὶ
422 3797 484 3850 τὸ
521 3795 695 3866 μῆκος
732 3794 825 3848 καὶ
859 3794 921 3847 τὸ
955 3793 1177 3859 πλάτος,
1225 3792 1313 3848 ἵνα
1345 3793 1541 3848 εἰδέναι
1572 3792 1702 3867 ἔχῃς
1753 3796 1848 3848 καὶ
1904 3796 1964 3849 το

289 3883 517 3955 μέγεθος
549 3882 648 3953 τῆς
695 3881 816 3952 γῆς.
855 3876 925 3953 ἦς
970 3881 1262 3935 ἀπολαύειν
1309 3881 1547 3951 μέλλεις,
1598 3884 1692 3936 καὶ
1728 3882 1835 3954 πρὸ
1864 3884 1964 3954 τῆς

288 3968 641 4031 ἀπολαύσεως
665 3970 732 4039 τῇ
769 3967 943 4020 ἐλπίδι
971 3968 1323 4038 τρεφόμενος,
1353 3966 1553 4037 πολλὴν
1589 3967 1717 4038 ἔχῃς
1751 3967 1848 4039 τὴν
1874 3970 1963 4021 εὑ-

285 4057 347 4109 θυ
358 4056 508 4127 μίαν.
535 4056 710 4125 Ὄσην
742 4054 851 4125 γὰρ
884 4052 949 4107 ἂν
980 4052 1273 4123 περιέλθῃς
1305 4052 1430 4121 γῆν,
1469 4054 1551 4105 σοὶ
1582 4053 1737 4106 δώσω
1769 4054 1959 4126 αὐτὴν,

284 4145 375 4198 ἵνα
423 4142 600 4214 μάθῃς
631 4143 715 4196 ὅτι
744 4142 806 4194 οὑ
842 4139 1077 4194 τοσαῦτα
1120 4139 1542 4211 παρεχώρησας,
1576 4142 1676 4194 ὅσα
1700 4139 1794 4195 νῦν
1822 4140 1963 4213 λαμ-

285 4227 470 4278 ϐίινειν
499 4223 732 4294 μέλλεις.
757 4222 850 4293 Μὴ
879 4221 1057 4274 τοίνυν
1082 4219 1312 4294 νομίσῃς
1333 4220 1431 4291 τὴν
1464 4220 1724 4276 ἐλάττονα
1747 4222 1963 4294 εἰληφέ-

284 4328 392 4374 ναι,
419 4309 605 4381 ἐπειδὴ
632 4309 839 4371 ἐκεῖνος
859 4308 973 4371 τοῖς
1006 4307 1295 4379 πρωτείοις
1322 4308 1667 4379 φαινομένοις
1689 4311 1964 4382 ἐπεπήδη-

288 4417 400 4452 σεν.
444 4398 582 4471 Εἴσῃ
610 4394 665 4450 δὲ
697 4395 814 4467 μετ’
843 4395 903 4449 οὑ
952 4394 1086 4448 πολὺ
1117 4394 1183 4449 δι’
1217 4395 1395 4453 αὐτῶν
1429 4396 1539 4452 τῶν
1583 4399 1955 4470 πραγμάτων,

284 4487 367 4539 ὅτι
400 4488 459 4538 οὑ
493 4482 775 4556 λυσιτελὴς
809 4479 877 4556 ἦν
904 4481 1052 4555 αὑτῷ
1082 4483 1189 4537 τῶν
1216 4484 1499 4556 πρωτείων
1527 4487 1559 4557 ή
1594 4485 1792 4558 ἐκλογή
1824 4500 1835 4516 ’
1872 4489 1962 4542 καὶ

286 4574 448 4639 αὐτὸς
472 4574 528 4629 δὲ
549 4575 752 4636 ἐκεῖνος
780 4572 1104 4642 μαθήσεται,
1127 4572 1251 4625 ὅσον
1280 4573 1396 4626 ἐστὶ
1418 4572 1586 4628 κακον
1602 4572 1663 4627 τὺ
1673 4575 1782 4628 τῶν
1809 4591 1960 4645 πρω-

284 4662 442 4717 τείων
471 4661 623 4734 ἐρᾷν.
652 4658 871 4722 Τέωςδέ
893 4657 1054 4722 αὐτὸς
1082 4658 1309 4727 κομίζου
1335 4659 1432 4730 τῆς
1464 4661 1963 4734 ταπεινοφροσύνης

285 4753 380 4806 καὶ
420 4751 521 4822 τῆς
576 4747 898 4813 ἐπιεικείας,
944 4748 1011 4817 ἢν
1058 4747 1188 4817 περὶ
1219 4746 1311 4799 τὸν
1341 4746 1653 4816 ἀδελφιδοῦν
1680 4749 1959 4816 ἐπεδείξω,

286 4831 678 4909 τὰς’ἀμοιϐἀς,
708 4835 802 4889 καὶ
829 4832 985 4906 δέχου
1034 4832 1134 4903 τὴν
1164 4831 1480 4902 ὑπόσχεσιν,
1524 4834 1620 4887 καὶ
1654 4835 1756 4906 ήδη
1791 4852 1962 4892 κατα-

294 4922 526 4997 μάνθανε
554 4923 653 4996 τὴν
681 4923 787 4993 γῆν
813 4921 1052 4987 ἃπασαν,
1077 4914 1146 4991 ἧς
1163 4920 1351 4992 κύριος
1384 4915 1452 4985 εί,
1483 4921 1577 4973 καὶ
1608 4921 1723 4991 μετ’
1743 4923 1804 4977 οὑ
1827 4925 1960 4978 πολὺ

291 5015 383 5066 καὶ
420 5012 580 5075 αὐτὸς
618 5011 712 5064 καὶ
739 5011 800 5063 τὸ
831 5008 1055 5078 σπέρμα
1095 5006 1156 5058 τὸ
1194 5006 1285 5059 σὸν
1321 5008 1400 5070 είς
1425 5006 1486 5060 τὸ
1518 5006 1762 5076 διηνεκὲς
1801 5010 1962 5064 καθέ-
2019 5005 2023 5008 ’

292 5100 432 5165 ξετε.
456 5099 563 5153 Καὶ
595 5097 676 5164 τῷ
700 5095 997 5166 σπέρματί
1032 5110 1151 5148 σου
1180 5093 1310 5166 γὰρ,
1335 5095 1518 5167 φησὶν,
1558 5094 1670 5161 ἕως
1696 5096 1804 5151 τοῦ
1829 5097 1962 5153 αἰῶ-

286 5205 413 5252 νος.
449 5185 588 5239 Πολὺ
627 5186 725 5254 τῆς
751 5181 1085 5251 ἐπαγγελίας
1112 5180 1205 5235 τοῦ
1242 5182 1377 5236 Θεοῦ
1416 5183 1476 5236 τὸ
1506 5184 1754 5253 μέγεθος,
1790 5186 1960 5259 πολλὴ

285 5277 383 5345 τῆς
419 5272 728 5342 φιλοτιμίας
758 5271 850 5325 τοῦ
885 5272 1104 5325 πάντων
1128 5270 1286 5340 ήμῶν
1318 5272 1590 5324 Δεσπότου
1625 5273 1658 5343 ὴ
1688 5273 1957 5343 δαψίλεια,

285 5362 455 5433 πολλὴ
486 5361 583 5432 τῆς
608 5360 842 5433 ἀμοιϐῆς
864 5359 957 5414 τοῦ
980 5357 1363 5431 φιλανθρώπου
1384 5361 1478 5413 καὶ
1511 5361 1961 5433 πανοικτίρμονος

285 5454 321 5524 ή
361 5446 657 5523 ὑπερϐολή,
704 5448 773 5521 ἢν
811 5449 940 5521 περὶ
975 5447 1067 5502 τὸν
1103 5448 1373 5520 μακάριον
1413 5445 1601 5502 τοῦτον
1646 5449 1958 5521 ἐποιήσατο,

285 5540 382 5593 καὶ
410 5539 486 5610 τῷ
526 5537 585 5603 ἐξ
626 5536 792 5593 αὑτοῦ
830 5535 1073 5607 μέλλοντι
1104 5534 1384 5589 τίκτεσθαι
1433 5535 1729 5607 σπέρματι.
1773 5537 1958 5591 Ταῦτα

289 5625 526 5689 ἀκούσας
556 5627 584 5679 ὁ
613 5624 977 5697 πατριάρχης.
1019 5622 1114 5675 καὶ
1156 5621 1453 5691 ἐκπλαγεὶς
1485 5623 1583 5693 τὴν
1628 5622 1834 5693 ἄφατον
1863 5625 1957 5680 τοῦ

288 5711 432 5766 Θεοῦ
453 5712 784 5785 άγαθότητα,
818 5707 1303 5778 Ἀποσκηνώσας,
1333 5709 1518 5781 φησὶν,
1540 5709 1738 5767 ἐλθὼν
1767 5710 1954 5778 κατῴ-

1076 310 1136 365 S.
1176 306 1463 365 JOANNIS
1496 298 1991 364 CIIRYSOSTOMI
2032 301 2349 358 ARCHIEP.
2389 296 2937 361 CONSTBNTINOP.

2073 435 2228 488 κησε
2263 420 2423 489 παρὰ
2449 419 2565 488 τὴν
2602 419 2755 490 δρῦν
2784 418 2902 487 τὴν
2931 416 3201 487 Μαμϐρὴ,
3229 418 3344 485 τὴν
3375 417 3447 472 ἐν
3486 418 3754 489 Χεϐρὼν.

2070 493 2313 560 Mardi/t0
2342 507 2618 572 δέξασθαι,
2647 507 2801 578 φησὶ,
2835 507 2935 577 τὴν
2963 505 3316 575 ἐπαγγελίαν,
3340 505 3552 560 καὶτὸν
3583 525 3759 579 χωρι-

2070 595 2207 665 σμὸν
2237 596 2493 663 γενέσθαι
2534 595 2630 649 τοῦ
2673 593 2819 658 Λὼτ,
2864 594 2965 665 τὴν
3014 595 3220 667 σκηνὴν
3253 592 3416 649 αὑτοῦ
3471 595 3755 667 μετῴκισι

2069 682 2221 753 παρὰ
2250 682 2349 753 τὴν
2377 681 2509 755 δρῦν
2536 682 2636 754 τὴν
2676 682 2946 754 Μαμϐρῆ.
2974 681 3118 753 Ὅρα
3168 681 3458 751 φιλόσοφον
3501 682 3752 753 γνώμην,

2069 769 2170 841 δρα
2203 772 2547 842 φρονήματος
2583 770 2734 841 ὑέος,
2768 771 2887 834 πῶς
2919 770 3035 842 μετ’
3056 769 3306 834 εὐκολίας
3338 770 3753 841 μετανίσταται,

2072 857 2168 911 καὶ
2197 859 2258 910 οὐ
2287 857 2630 929 δυσχεραίνει
2662 858 2798 931 πρὸς
2840 859 2903 911 τὸ
2934 858 3131 922 τόπους
3162 858 3227 910 ἐκ
3254 858 3439 912 τόπων
3473 857 3751 928 ἀμείϐειν.

2073 945 2182 998 Καὶ
2212 945 2320 1015 γὰρ
2351 946 2603 1018 εὑρήσεις
2634 948 2797 1000 αὑτὸν
2822 946 2883 1000 οὑ
2917 944 3178 1016 συνηθείᾳ
3208 945 3314 999 τινί
3342 946 3755 1017 προκατειλημ-

2076 1031 2236 1101 μένον
2264 1033 2360 1086 καὶ
2389 1034 2816 1105 προστετηκότα,
2841 1034 2870 1087 δ
2906 1032 3090 1088 πολλοὶ
3131 1032 3391 1097 πολλάκις
3416 1031 3753 1104 ὑπομένωσι

2072 1121 2166 1173 καὶ
2186 1120 2293 1174 τῶν
2313 1122 2613 1177 δοκούντων
2641 1124 2973 1192 φιλοσοφεῖν,
2994 1123 3089 1177 καὶ
3110 1122 3218 1176 τῶν
3245 1123 3303 1176 ἐν
3332 1120 3481 1193 μέσῳ
3503 1121 3753 1194 θορύϐων

2070 1209 2445 1281 ἀπηλλάχθαι·
2502 1212 2596 1265 καὶ
2628 1214 2834 1266 εἴποτε
2865 1211 3055 1284 καιρὸς
3090 1210 3280 1280 καλοίη
3325 1211 3751 1282 μεταναστῆναι,

2070 1297 2165 1349 καὶ
2195 1298 2271 1360 είς
2300 1299 2397 1369 τὴν
2425 1299 2709 1370 ἀλλοτρίαν
2735 1298 3013 1363 ἀπελθεῖν,
3048 1298 3311 1362 πολλάκις
3344 1298 3437 1351 καὶ
3457 1315 3753 1369 πνευματι-

2072 1384 2168 1438 κοῦ
2192 1386 2513 1458 πράγματος
2528 1388 2710 1450 ἐνεκα,
2730 1387 3201 1459 δυσχεραίνοντας,
3226 1386 3508 1449 ἀλύοντας,
3533 1384 3752 1457 βαρέως

2072 1471 2338 1545 φέροντας
2375 1475 2475 1548 τὴν
2513 1476 2842 1546 μετάστασιν
2876 1475 3057 1545 εὑροις
3093 1474 3161 1529 ἂν
3198 1474 3417 1538 αὑτοὺς,
3464 1473 3553 1527 διὰ
3585 1472 3648 1524 1:0
3678 1474 3749 1540 τῇ

2073 1559 2328 1632 συνηθείᾳ
2361 1561 2743 1632 προειλῆφθαι.
2776 1563 2916 1615 Ἀλλ’
2941 1563 3041 1632 οὐχ
3071 1563 3099 1614 ὁ
3143 1561 3348 1625 δίκαιος
3394 1558 3589 1627 οὕτως,
3630 1556 3752 1611 ἀλλ’

2070 1645 2278 1701 ἄνωθεν
2298 1650 2393 1702 καὶ
2429 1651 2494 1702 ἐκ
2516 1649 2817 1721 προοιμίων
2848 1648 3189 1718 ἐφιλοσόφει·
3232 1649 3326 1701 καὶ
3370 1646 3626 1716 καθάπερ
3664 1644 3755 1708 ξέ-

2070 1750 2158 1798 νος
2177 1735 2272 1789 καὶ
2297 1736 2696 1808 παρεπίδημος,
2725 1736 2901 1800 οὕτως
2928 1735 3180 1790 ἐντεῦθεν
3208 1736 3346 1800 ἐκεῖ,
3375 1733 3626 1788 κάκεῖθεν
3644 1726 3751 1785 ὧδε

2072 1818 2556 1890 μετανιστάμενος,
2588 1820 2683 1873 καὶ
2717 1820 2996 1891 πανταχοῦ
3027 1819 3125 1891 τὴν
3152 1818 3398 1890 φιλόθεον
3421 1816 3586 1872 αὑτοῦ
3608 1814 3753 1884 γνώ-

2072 1921 2180 1975 μην
2211 1905 2301 1959 διά
2341 1906 2449 1961 τῶν
2482 1906 2661 1980 ἔργων
2698 1906 3030 1972 ἐσπούδαζεν
3067 1905 3490 1962 ἐπιδείκνυσθαι.
3528 1902 3751 1974 Ἐπειδὴ

2068 1992 2180 2065 γάρ
2207 1995 2593 2065 κατεσκήνωσε
2628 1995 2783 2068 παρὰ
2806 1997 2908 2068 τὴν
2944 1994 3078 2067 δρῦν
3109 1995 3208 2067 τὴν
3243 1992 3512 2064 Μαμϐρῆ,
3544 1991 3750 2055 εὐθέως

2069 2083 2188 2135 ἐκεῖ
2213 2081 2601 2155 θυσιαστήριον
2627 2082 2946 2155 ᾠκοδόμησε
2985 2083 3062 2155 τῷ
3092 2084 3304 2156 Κυρίῳ.
3339 2078 3496 2145 Εἶδες
3524 2079 3753 2150 εὐχάρι-

2070 2184 2194 2222 στον
2220 2168 2474 2241 γνώμην;
2513 2172 2734 2244 Ἐπειδὴ
2763 2172 2872 2242 γάρ
2904 2171 3004 2244 τὴν
3037 2170 3240 2242 σκηνὴν
3264 2170 3523 2242 ἐπήξατο,
3544 2168 3752 2230 εὐθέως

2068 2255 2208 2327 ὑπὲρ
2223 2257 2322 2327 τῆς
2346 2259 2719 2330 γεγενημένης
2739 2258 2887 2329 αὑτῷ
2917 2258 3251 2329 ἐπαγγελίας
3274 2258 3373 2323 τάς
3396 2256 3750 2329 εὐχαριστίας

2069 2344 2302 2416 ἀνέφερε
2326 2345 2406 2417 τῷ
2426 2347 2691 2421 Δεσπότῃ.
2719 2348 2829 2402 Καὶ
2856 2348 2977 2401 καθ’
3004 2348 3235 2403 ἕκαστον
3257 2348 3442 2408 τόπον,
3467 2344 3594 2398 ἔνθα
3615 2360 3749 2397 κατ-

2067 2432 2320 2503 εσκήνου,
2360 2434 2616 2506 εὑρήσεις
2655 2434 2820 2490 αὑτὸν
2846 2434 3037 2489 τούτου
3070 2436 3177 2507 πρὸ
3207 2435 3425 2491 πάντων
3454 2429 3745 2501 ἐπιμελού-

2070 2536 2252 2590 μενον,
2291 2522 2386 2574 καὶ
2434 2521 2821 2595 θυσιαστήριον
2862 2522 3267 2594 οίκοδομοῦντα,
3304 2523 3398 2575 καὶ
3440 2520 3538 2585 τάς
3582 2518 3748 2589 εὐχάς

2068 2607 2430 2703 ἀναφέροντα,
2462 2610 2555 2665 καὶ
2585 2611 2942 2666 ἀποστολικδν
2972 2612 3136 2683 νόμον
3161 2611 3498 2703 θηροῦντα,
3524 2609 3613 2663 τὸν
3647 2622 3747 2703 κεῖ

2066 2695 2289 2751 λεύοντα
2320 2698 2378 2752 ἐν
2406 2698 2568 2752 παντὶ
2589 2700 2741 2771 τόπῳ
2760 2698 3014 2772 εὔχεσθαι
3046 2693 3372 2773 ἐπαίροντας
3393 2701 3569 2765 ὁσίους
3588 2693 3745 2773 [διε]

2068 2788 2278 2858 χεῖρας.
2319 2782 2475 2851 Εἶδες
2520 2786 2698 2859 ψυχὴν
2742 2787 3133 2861 ἐπτερωμένην
3175 2789 3311 2861 πρὸς
3354 2789 3447 2843 τὸν
3486 2788 3577 2843 τοῦ
3608 2788 3746 2842 Θεοῦ

2067 2873 2252 2937 πόθον,
2292 2875 2387 2928 καὶ
2416 2874 2556 2947 ὑπὲρ
2584 2875 2837 2930 ἀπάντων
2866 2876 3188 2948 εὐχάριστον
3235 2876 3560 2949 γινομένην;
3607 2875 3745 2930 Ούόἐ

2065 2957 2176 3030 γὰρ
2195 2959 2454 3030 ἀνέμενεν
2471 2963 2550 3025 είς
2574 2960 2734 3033 ἔργον
2757 2961 2934 3016 ἐλθεῖν
2955 2961 3024 3016 τά
3039 2961 3468 3031 ἐπαγγελθέντα,
3492 2962 3625 3016 ἀλλὰ
3649 2963 3747 3016 καὶ

2070 3046 2210 3118 ὑπὲρ
2234 3047 2335 3118 τῆς
2376 3048 2725 3120 ὑποσχέσεως
2771 3051 3106 3122 εὐχαριστεῖ,
3146 3050 3242 3105 καὶ
3290 3050 3359 3104 τά
3392 3053 3522 3122 παρ’
3548 3050 3742 3105 ἐαυτοῦ

2065 3132 2454 3201 ἐπιδείκνυται,
2491 3137 2579 3190 ἵνα
2605 3137 2706 3209 τὴν
2739 3139 2833 3192 ἐπὶ
2862 3141 2976 3203 τοῖς
3009 3137 3370 3210 προλαϐοῦσιν
3402 3138 3744 3209 εὐγνωμοσύ-

2067 3237 2165 3291 νην
2190 3222 2622 3296 ἐπιδειξάμενος,
2644 3226 2739 3280 καὶ
2760 3226 3021 3299 περὶτὴν
3043 3226 3391 3300 ἐκπλήρωσιν
3417 3227 3526 3283 τῶν
3564 3230 3743 3297 ἐπαγ-

2066 3308 2261 3377 γελιῶν
2291 3311 2655 3385 ἐκκαλέσηται
2676 3313 2767 3368 τὸν
2791 3311 2986 3368 ἐαυτοῦ
3018 3315 3316 3387 Δεσπότην.

2136 3454 2196 3510 ε’.
2245 3454 2446 3511 Τοῦτον
2470 3457 2534 3529 δὴ
2555 3459 2649 3513 καὶ
2666 3459 2827 3530 ἡμεῖς
2849 3458 3169 3531 μιμώμεθα,
3191 3460 3286 3514 καὶ
3309 3459 3600 3532 θαρρῶμεν
3620 3460 3743 3523 ταῖς

2064 3539 2159 3594 τοῦ
2194 3541 2329 3595 Θεοῦ
2359 3544 2709 3615 ὑποσχέσεσι,
2749 3545 2840 3600 καὶ
2868 3546 3008 3617 μήτε
3025 3548 3054 3600 ὁ
3073 3546 3267 3619 χρόνος
3289 3545 3622 3618 ἀμαυρούτω
3640 3546 3741 3616 τὴν

2067 3627 2399 3700 προθυμίαν,
2418 3632 2555 3701 μήτε
2570 3630 2641 3685 τὰ
2658 3634 2716 3687 ἐν
2738 3632 2889 3705 μέσῳ
2904 3633 3224 3705 κωλύματα,
3240 3633 3580 3705 ἂνσυμϐαίη,
3606 3652 3744 3705 χαυ-

2064 3715 2237 3770 νούτω
2270 3716 2429 3787 ήμῶν
2453 3718 2544 3772 τὸν
2576 3719 2866 3792 λογισμόν·
2915 3720 3055 3776 ἀλλά
3093 3724 3158 3793 τῇ
3201 3723 3297 3777 τοῦ
3333 3722 3469 3777 Θεοῦ
3511 3722 3741 3793 δυνάμει

2066 3801 2415 3875 θαρροῦντες,
2465 3806 2541 3868 ὡς
2580 3805 2681 3876 ήδη
2736 3807 2845 3877 πρὸ
2884 3807 2994 3861 τῶν
3030 3805 3325 3879 ὀφθαλμῶν
3361 3808 3596 3880 ὁρῶντες
3639 3807 3743 3872 τὰς

2066 3890 2386 3962 ὑποσχέσεις
2412 3891 2798 3963 ἐκϐεϐηκυίας,
2824 3893 2968 3949 οὕτω
2992 3895 3094 3967 τὴν
3119 3894 3301 3949 πίστιν
3331 3894 3597 3967 εἰλικρινῆ
3618 3896 3741 3949 ἐπι-

2065 3976 2387 4048 δειξώμεθα.
2402 3979 2512 4034 Καὶ
2534 3980 2643 4051 γὰρ
2658 3982 2752 4034 καὶ
2775 3982 2905 4051 ἡμῖν
2925 3981 3137 4053 μεγάλα
3154 3982 3249 4036 καὶ
3271 3981 3555 4052 ὑπέρογκα
3568 3985 3742 4052 ἐπηγο

2066 4059 2285 4128 γείλατο
2330 4064 2359 4115 ὁ
2406 4062 2703 4134 Δεσπότης,
2745 4064 2841 4116 καὶ
2894 4064 3295 4135 ὑπερϐαίνοντα
3342 4065 3436 4119 τὸν
3474 4065 3743 4137 ἡμέτερον

2065 4141 2344 4215 λογισμὸν,
2373 4148 2470 4217 τῆς
2499 4145 2775 4217 βασιλείας
2808 4147 2953 4218 λέγω
2971 4149 3073 4220 τὴν
3101 4148 3419 4214 ἀπόλαυσιν,
3437 4150 3547 4204 τῶν
3564 4150 3743 4223 ἀπορ-

2067 4230 2245 4303 ρήτων
2286 4231 2506 4303 ἀγαθῶν
2549 4232 2648 4305 τὴν
2684 4236 2993 4305 μετουσίαν,
3033 4235 3133 4308 τὴν
3169 4235 3308 4308 μετὰ
3335 4236 3583 4306 ἀγγέλων
3620 4237 3742 4290 δια-

2065 4318 2275 4391 γωγὴν,
2305 4320 2407 4392 τὴν
2438 4323 2535 4393 τῆς
2566 4322 2792 4394 γεέννης
2819 4323 3162 4396 ἀπαλλαγήν.
3198 4323 3361 4378 Ἀλλὰ
3394 4325 3544 4396 ὅμως
3574 4323 3744 4397 μηδὲν

2065 4402 2410 4476 ἀπιστῶμεν,
2442 4405 2629 4479 ἐπειδὴ
2660 4407 2735 4479 μὴ
2770 4409 2964 4479 ὁρᾶται
3002 4412 3115 4473 τοῖς
3159 4412 3494 4481 σωματικοῖς
3535 4409 3741 4479 ὀφθαλ-

2070 4493 2218 4563 μοῖς·
2257 4491 2394 4547 ἁλλὰ
2425 4493 2486 4547 τὸ
2515 4493 2747 4564 ἀψευδὲς
2776 4495 3080 4561 ἐννοοῦντες
3121 4496 3216 4550 τοῦ
3242 4496 3739 4566 ἐπαγγειλαμένου,

2067 4578 2162 4632 καὶ
2196 4581 2297 4651 τῆς
2337 4579 2622 4652 δυνάμεως
2649 4583 2815 4637 αὑτοῦ
2855 4583 2916 4638 τὸ
2968 4583 3218 4654 μέγεθος,
3244 4585 3359 4648 τοῖς
3384 4586 3482 4655 τῆς
3507 4583 3741 4647 πίστεως

2064 4664 2362 4737 ὀφθαλμοῖς
2393 4668 2534 4722 αὑτά
2570 4669 3014 4741 κατοπτεύωμεν,
3064 4673 3160 4726 καὶ
3193 4673 3257 4726 ἐκ
3294 4671 3402 4725 τῶν
3425 4671 3528 4742 ήδη
3558 4687 3740 4740 παρα-

2069 4753 2369 4826 σχεθέντων
2394 4759 2487 4810 καὶ
2518 4759 2645 4831 περὶ
2670 4758 2779 4812 τῶν
2806 4758 3110 4829 μελλόντων
3136 4759 3379 4832 χρηστάς
3407 4759 3618 4831 ἔχωμεν
3640 4760 3744 4825 τὰς

2067 4836 2287 4903 ἐλπίδας
2305 4856 2318 4869 ·
2353 4840 2440 4894 διὰ
2463 4840 2572 4912 γάρ
2598 4841 2757 4896 τοῦτο
2789 4844 2884 4898 καὶ
2908 4843 3142 4899 ἐνταῦθα
3172 4843 3342 4897 πολλὰ
3366 4845 3499 4916 ήμῖν
3534 4842 3744 4916 ἐδωρή-

2068 4943 2219 5005 σατο,
2252 4928 2340 4984 ἵνα
2370 4931 2433 4983 ἐκ
2466 4930 2670 4985 τούτων
2694 4931 3049 5004 ὁδηγούμενοι
3081 4933 3173 4986 καὶ
3206 4918 3342 5004 περῖ
3356 4931 3580 4987 ἐκείνων
3606 4933 3744 5005 θαρ-

2069 4994 2436 5087 ρεῖνἘχωμεν.
2466 5017 2524 5070 Ὀ
2551 5018 2659 5089 γὰρ
2677 4994 2983 5074 τὸνέαυτοῦ
3014 5020 3129 5074 υίὸν
3160 4994 3349 5084 ἐκδοὺς
3377 5020 3465 5074 διά
3486 5020 3584 5087 τὴν
3609 4994 3742 5091 περὶ

2065 5104 2213 5173 ἡμᾶς
2241 5104 2481 5176 ἀγάπην,
2505 5106 2622 5169 πῶς
2644 5107 2763 5177 οὑχὶ
2794 5107 2969 5161 πάντα
2997 5110 3129 5179 ἡμῖν
3151 5109 3219 5161 τὰ
3245 5108 3409 5161 λοιπά
3433 5110 3741 5179 χαριεῖται;

2062 5195 2332 5266 Καθάπερ
2358 5197 2451 5251 καὶ
2480 5195 2689 5260 Παῦλός
2714 5214 2905 5268 φησιν·
2933 5199 3031 5265 ’⁸ος
3049 5215 3116 5268 γε
3147 5199 3254 5253 τοῦ
3281 5198 3435 5253 ἰδίου
3467 5198 3603 5252 Υίυῦ
3625 5200 3742 5251 οὐκ

2043 5285 2367 5353 θὲφείσατο,
2388 5285 2526 5340 ἀλλ’
2540 5284 2694 5353 ὑπὲρ
2712 5284 3142 5354 ήμῶνπάντων
3160 5286 3507 5355 παρέδωκεν
3525 5286 3738 5350 αὐτὸν,

2062 5367 2189 5434 πῶς
2220 5369 2357 5437 οὐχί
2394 5368 2509 5423 καί·
2526 5368 2651 5422 σὺν
2684 5368 2846 5434 αὐτῷ
2880 5368 2955 5423 τὰ
2979 5369 3177 5423 πάντα
3202 5369 3346 5440 ἡμῖν
3385 5369 3699 5437 χαρίσεται
3718 5385 3741 5432 ;

2034 5455 2123 5508 ,Εί
2152 5454 2243 5508 τὸν
2266 5455 2393 5509 Υίὸν
2416 5455 2582 5510 αὑτοῦ
2611 5455 2873 5522 ἐξέδωκεν
2903 5457 3045 5528 ὑπὲρ
3063 5456 3223 5528 ήμῶν
3243 5455 3351 5510 τῶν
3371 5455 3739 5528 ἁμαρτωλῶν,

2015 5590 2019 5594 .
2060 5543 2110 5595 εί
2145 5542 2242 5596 τοῦ
2278 5542 2656 5614 βαπτίσματος
2686 5543 2784 5615 τὴν
2817 5543 3026 5616 δωρεὰν
3048 5543 3360 5614 ἐχαρίσατο,
3392 5545 3441 5597 εί
3466 5543 3576 5597 τῶν
3601 5560 3740 5614 προ-

2060 5626 2331 5683 λαϐόντων
2352 5628 2762 5701 ἁμαρτημάτων
2793 5629 2893 5701 τήν
2915 5631 3110 5699 ἀφεσιν
3139 5630 3471 5701 ἐδωρήσατο,
3497 5629 3544 5683 εί
3575 5645 3741 5700 μετα-

2059 5713 2212 5779 νοίας
2236 5714 2355 5770 ὁδὸν
2388 5717 2520 5787 ήμῖν
2546 5715 2759 5788 ἔτεμεν,
2792 5718 2843 5771 εί
2885 5716 3054 5790 μυρία
3097 5717 3260 5791 ἐτερα
3302 5717 3438 5790 πρὸς
3475 5717 3575 5790 τὴν
3621 5733 3738 5772 σω-
