4020 6136
512 331 615 389 ΞΠ

584 449 800 503 Abrahae
823 448 1048 501 virtutem
1084 444 1329 514 paulatim
1355 451 1544 496 exercet
1567 438 1723 494 Deus.
1756 440 1954 506 Quanta
1998 455 2086 512 pa-

511 539 748 592 trrarcha:
773 539 950 591 mentis
976 538 1209 605 ﬁrmitas.
1241 563 1311 574 ——
1342 532 1568 588 Attende
1590 531 1858 602 quomodo
1887 530 2093 584 miseri-

509 644 630 684 Cors
680 630 818 682 Dens
863 629 1114 698 paulatim
1157 629 1402 680 virtutem
1443 625 1569 695 justi
1618 624 1774 695 hujus
1821 632 2088 678 exerceat.

511 719 639 773 Nam
685 735 805 774 cum
852 720 1094 789 superius
1131 717 1325 772 dixerit
1367 734 1382 771 :
1426 715 1620 770 Semiui
1640 723 1727 769 tuo
1752 715 1881 768 dabo
1907 724 2090 766 terram

511 818 638 864 nunc
655 827 676 866 :
700 827 838 866 nunc
864 812 1051 865 iterum
1081 809 1244 864 dicit:
1270 806 1338 862 Et
1361 807 1537 862 semini
1562 817 1646 860 tuo
1673 822 1830 876 usque
1848 806 1899 859 in
1928 820 2090 858 atreu-

513 902 614 956 Ium
656 903 786 956 dabo
806 944 820 969 ,
853 912 899 956 et
929 902 1114 974 faciam
1139 900 1270 954 illud
1297 900 1440 972 quasi
1468 914 1674 953 arenam
1705 907 1868 952 terrae.
1897 896 2089 950 Hacte-

512 1010 612 1048 nus
639 995 974 1048 sermonibus
1003 1003 1204 1046 tantum
1236 992 1370 1046 facta
1391 998 1475 1046 cst
1509 991 1789 1060 promissio
1815 1031 1829 1054 ,
1859 990 2088 1043 interce-

509 1083 692 1153 ditque
734 1087 873 1138 inter
900 1099 1012 1138 rem
1038 1093 1092 1138 et
1119 1081 1523 1151 promissionem
1551 1080 1774 1134 multum
1799 1080 2051 1146 temporis
2071 1118 2086 1142 ,

511 1184 570 1228 ut
597 1176 897 1245 religiosam
927 1174 1238 1244 patriarcha:
1274 1182 1505 1226 mentem
1527 1214 1540 1234 ,
1569 1181 1624 1226 et
1654 1170 1970 1225 ineffabilem
1999 1169 2089 1223 Dei

509 1270 755 1323 virtutem
781 1269 1068 1323 discamus.
1110 1267 1237 1322 Data
1267 1265 1410 1320 enim
1440 1279 1600 1333 opera
1627 1262 1802 1318 differt
1827 1277 1890 1316 ac
1915 1278 2088 1316 mora-

512 1369 616 1422 tur,
647 1368 704 1412 ut
733 1375 851 1413 cum
878 1359 934 1424 ii,
962 1358 1154 1428 quibus
1186 1356 1465 1425 promissio
1492 1353 1626 1409 facta
1652 1394 1667 1420 ,
1711 1354 1762 1407 in
1789 1363 2088 1408 extremam

510 1449 848 1518 pervenerint
892 1457 1180 1512 senectam,
1210 1456 1262 1501 et
1288 1445 1578 1500 secundum
1611 1434 1895 1498 humanam
1922 1444 2087 1498 ratio-

505 1554 650 1605 nem,
681 1549 737 1592 ut
765 1539 834 1592 ita
863 1537 1058 1604 dicam,
1081 1537 1298 1591 omnino
1317 1535 1750 1603 desperaverim,
1784 1543 1908 1588 tunc
1935 1549 2086 1588 suam

506 1632 862 1686 infirmitatem
889 1671 904 1695 ,
947 1639 1003 1685 et
1023 1628 1392 1684 inenarrabilis
1422 1627 1672 1698 potentiae
1717 1626 1808 1682 Dei
1842 1627 2088 1681 eminen-

507 1724 633 1776 tiam
664 1729 973 1792 agnoscant.

575 1817 628 1869 4.
664 1815 772 1869 lloc
794 1816 910 1869 loco
940 1813 1229 1884 expendas,
1259 1827 1460 1883 quaeso,
1493 1828 1522 1866 a
1555 1809 1810 1882 temporis
1832 1821 1976 1864 tanta
2008 1809 2088 1862 in-

511 1905 852 1976 tercapedine
874 1946 890 1973 ,
935 1921 1092 1977 quam
1137 1905 1306 1961 solida
1343 1905 1501 1961 fuerit
1542 1905 1856 1975 patriarcha:
1893 1917 2084 1969 mens,

503 1996 772 2066 quomodo
793 1997 1039 2052 humanis
1066 1995 1315 2052 omnibus
1343 1995 1656 2066 praeteritis,
1685 1994 1752 2048 ad
1795 1993 2086 2065 potentiam

501 2089 618 2156 ejus
643 2087 730 2156 qni
759 2087 1024 2156 pollicitus
1049 2096 1165 2143 erat
1189 2127 1205 2154 ,
1257 2087 1548 2157 reSpiciens
1571 2127 1588 2154 ,
1627 2101 1732 2141 non
1765 2085 2047 2156 impatiens
2065 2123 2081 2149 ,

502 2192 610 2231 non
638 2178 880 2232 turbatus
905 2177 1084 2232 fuerit.
1110 2177 1268 2233 Scitis
1290 2179 1432 2233 enim
1454 2177 1723 2248 quomodo
1747 2177 2081 2248 plerumque,

501 2269 714 2336 quando
741 2269 860 2338 quis
884 2268 1050 2324 semel
1077 2278 1234 2339 atque
1275 2269 1469 2323 iterum
1511 2267 1824 2338 pollicetur,
1869 2277 1924 2322 et
1965 2282 2086 2338 pro-

501 2358 661 2411 missa
684 2358 906 2428 implere
935 2357 1128 2424 tardat,
1155 2358 1428 2428 segniores
1455 2371 1639 2412 sumus
1665 2357 1732 2411 ad
1755 2357 2082 2412 credendum

501 2449 564 2503 iis
589 2465 707 2519 quae
735 2451 924 2505 iterum
955 2451 1218 2522 promittit
1250 2467 1264 2504 :
1296 2451 1347 2505 id
1377 2449 1518 2520 quod
1545 2450 1600 2505 in
1631 2449 1849 2505 homine
1873 2465 1981 2505 non
2002 2449 2084 2503 in-

493 2539 635 2608 juria
674 2540 850 2595 locum
890 2540 1047 2596 habet
1083 2560 1096 2596 :
1142 2543 1197 2596 in
1222 2542 1331 2597 Deo
1359 2551 1536 2596 autem
1559 2585 1576 2608 ,
1615 2542 1706 2613 qui
1745 2556 1832 2597 res
1871 2551 2080 2598 nostras

501 2629 733 2682 maxima
762 2630 1034 2700 dispensat
1075 2631 1331 2701 sapientia
1352 2671 1368 2697 ,
1394 2631 1440 2685 si
1478 2647 1581 2702 qua
1623 2632 1791 2687 semel
1822 2633 2079 2701 promissa

500 2716 733 2784 fuerint,
787 2721 997 2776 etiamsi
1051 2721 1328 2774 innumera
1381 2720 1714 2776 intercedant
1763 2721 2030 2776 obstacula
2059 2764 2078 2789 ,

497 2809 872 2865 confidendum
905 2823 986 2866 est
1014 2811 1079 2865 ad
1125 2811 1541 2882 magnitudinem
1569 2812 1820 2880 potentia:
1847 2812 1964 2880 ejus
1988 2826 2078 2866 re-

495 2904 860 2974 spicientibus,
889 2904 1360 2974 confirmandaque
1386 2913 1468 2958 est
1497 2903 1633 2957 ratio
1653 2944 1668 2969 ,
1694 2911 1749 2957 et
1774 2902 2073 2968 sciendum,

496 2996 673 3050 omnia
711 3011 828 3065 qua:
854 2995 921 3049 ab
947 2997 1034 3049 illo
1055 3005 1179 3049 sunt
1205 2995 1346 3050 dicta
1375 2994 1590 3049 evenire
1619 2993 1790 3049 modis
1829 2993 2077 3048 omnibus

497 3101 718 3140 necesse
743 3102 882 3141 esse.
911 3085 1052 3141 Nihil
1077 3086 1218 3141 enim
1245 3097 1327 3140 est
1353 3085 1494 3156 quod
1523 3085 1718 3140 morari
1759 3092 1918 3154 queat
1958 3084 2076 3154 ejus

497 3179 899 3247 promissiones,
921 3179 1168 3250 quoniam
1199 3179 1336 3234 Deus
1367 3188 1469 3242 est,
1497 3178 1580 3233 cui
1604 3179 1779 3232 omnia
1806 3187 1929 3231 sunt
1954 3194 2078 3246 pos-

494 3271 669 3325 sibilia
698 3288 711 3325 :
741 3283 794 3326 et
821 3271 1017 3326 idcirco
1043 3285 1376 3341 quocumque
1406 3269 1536 3336 vult,
1569 3285 1655 3323 res
1693 3268 1943 3324 transfert
1964 3307 1980 3334 ,
2021 3279 2075 3322 et

494 3362 584 3416 ubi
610 3377 716 3416 non
745 3374 866 3418 sunt
889 3366 1008 3429 vim,
1043 3363 1282 3418 invenire
1306 3362 1407 3416 scit
1436 3361 1546 3416 vias
1565 3402 1580 3428 ,
1609 3375 1672 3414 ac
1697 3375 1793 3414 nos
1817 3359 2071 3429 despera-

493 3464 576 3509 tos
603 3455 654 3509 in
685 3455 876 3511 bonam
901 3470 1050 3525 spem
1080 3455 1311 3520 adducit,
1338 3469 1446 3525 quo
1473 3454 1789 3510 excellentia
1813 3453 2072 3522 potentis-

491 3547 639 3602 sima:
689 3563 800 3602 sua:
853 3549 1126 3619 sapientiae
1175 3547 1328 3603 nobis
1378 3545 1713 3602 manifestior
1771 3546 1879 3600 fiat.
1937 3546 2074 3601 Dicit

489 3638 629 3692 enim
661 3655 675 3692 :
708 3639 794 3694 I7.
819 3639 1003 3709 Surge,
1028 3648 1074 3694 et
1103 3638 1394 3708 perambula
1421 3648 1606 3690 terram
1627 3637 1679 3690 in
1708 3637 2072 3707 longitudinem

490 3731 598 3799 ejus
623 3739 670 3782 et
698 3731 1030 3795 latitudinem,
1062 3731 1181 3798 quia
1211 3729 1299 3783 tibi
1328 3729 1458 3784 dabo
1484 3745 1616 3782 eam.
1647 3726 1783 3782 Vide
1803 3728 2069 3797 quomodo

489 3820 542 3872 in
573 3820 732 3874 rebus
759 3820 1006 3874 omnibus
1033 3819 1250 3873 multam
1295 3818 1634 3872 securitatem
1672 3817 1818 3886 justo
1844 3818 1957 3870 viro
1986 3819 2066 3870 in-

489 3927 675 3981 gerere
697 3912 906 3981 satagit.
945 3911 1078 3965 Dicit
1107 3911 1252 3970 enim
1289 3927 1303 3964 :
1333 3910 1524 3980 Surge,
1556 3919 1609 3964 et
1633 3910 1874 3973 circumi,
1904 3921 1953 3964 et
1977 3909 2070 3962 ad-

488 4000 636 4056 discc
659 4011 764 4056 tam
792 4001 1122 4057 latitudinem
1146 4042 1161 4066 ,
1209 4017 1365 4072 quam
1404 4001 1815 4072 longitudinem,
1849 4011 1907 4056 ut
1932 4002 2070 4056 scire

491 4091 662 4160 possis
689 4101 744 4146 et
772 4091 1184 4161 magnitudinem
1218 4099 1373 4146 terrae
1393 4107 1492 4159 qua
1520 4092 1772 4144 fruiturus
1790 4104 1870 4156 es,
1896 4099 1950 4144 et
1975 4106 2070 4143 an-

494 4191 702 4252 lcqttatn
731 4183 923 4236 fruaris
943 4224 957 4246 ,
989 4197 1085 4250 spe
1110 4191 1322 4252 pastus,
1355 4197 1599 4251 magnam
1631 4180 1755 4236 inde
1777 4181 1940 4235 animi
1971 4197 2068 4234 vo—

489 4273 740 4342 luptatem
764 4273 996 4326 haurias.
1009 4271 1142 4326 Nam
1163 4282 1645 4342 quantumcumque
1664 4280 1818 4326 terra:
1833 4272 2065 4326 circum-

488 4365 647 4430 ieris,
694 4364 786 4418 tibi
815 4363 988 4432 dabo,
1039 4373 1097 4418 ut
1123 4365 1261 4420 scias
1287 4371 1339 4418 te
1377 4379 1481 4418 non
1519 4373 1722 4418 tantum
1763 4363 2064 4429 dimisisse,

486 4466 740 4526 quantum
769 4465 1082 4526 accepturus
1125 4471 1207 4512 es.
1245 4455 1321 4511 Ne
1352 4457 1510 4525 igitur
1536 4465 1689 4525 putes
1727 4464 1779 4510 te
1805 4457 2064 4511 minorem

488 4558 684 4601 terram
710 4549 958 4601 sortitum
986 4561 1126 4614 esse,
1155 4547 1404 4616 quoniam
1431 4547 1520 4601 ille
1543 4547 1786 4616 arripuit,
1814 4562 1931 4616 qua:
1959 4547 2065 4616 pri-

487 4653 570 4691 ma
592 4637 690 4692 sibi
721 4637 834 4692 visa
863 4646 946 4692 est
974 4645 1029 4692 et
1053 4637 1245 4706 potior.
1272 4637 1419 4692 Scies
1449 4636 1590 4692 enim
1622 4651 1728 4690 non
1756 4637 1922 4692 multo
1947 4645 2068 4706 post

485 4745 551 4783 ex
579 4730 735 4784 rebus
765 4730 914 4801 ipsis,
945 4743 1104 4799 quam
1135 4728 1266 4783 nihil
1296 4726 1555 4798 profuerit
1581 4729 1628 4783 ei
1658 4728 1880 4798 potioris
1905 4736 2064 4783 terra:

487 4821 708 4887 electio;
737 4832 791 4876 et
852 4823 964 4890 ipse
1003 4821 1212 4887 discet,
1255 4829 1512 4890 quantum
1533 4820 1730 4874 malum
1759 4829 1840 4875 est
1867 4821 2062 4890 primas

486 4926 665 4964 amare
689 4928 770 4980 put
788 4923 885 4966 tes.
917 4913 994 4967 Tu
1015 4924 1192 4968 autem
1216 4929 1356 4967 nunc
1379 4912 1560 4982 accipe
1586 4912 1858 4967 modestia:
1879 4922 1934 4967 et
1959 4915 2064 4967 cle-

486 5002 719 5066 "tentias,
748 5019 906 5071 quam
934 5020 1056 5073 erga
1087 5005 1266 5059 fratris
1292 5004 1458 5059 filium
1494 5003 1771 5060 declarasti
1798 5044 1812 5068 ,
1859 5019 2065 5059 mercc-

486 5093 646 5156 dem;
681 5094 938 5160 promissa
978 5110 1130 5149 smne
1153 5135 1168 5161 ,
1197 5103 1251 5149 et
1282 5095 1393 5165 jam
1429 5109 1693 5165 cognosce
1723 5106 1918 5148 terram
1943 5110 2062 5149 om-

489 5199 609 5236 nem
633 5184 785 5252 cnjus
805 5185 1052 5239 dominus
1078 5201 1158 5253 es,
1184 5195 1240 5242 et
1265 5203 1425 5256 quam
1453 5203 1557 5242 non
1587 5187 1756 5241 multo
1781 5196 1900 5255 post
1927 5196 1981 5240 et
2005 5197 2061 5241 tu

489 5274 620 5341 ipse,
651 5282 706 5327 et
731 5289 916 5328 semen
944 5284 1090 5329 tuum
1117 5276 1166 5328 in
1204 5285 1464 5331 aeternum
1493 5276 1850 5345 possidebitis.
1885 5275 1952 5330 Et
1979 5293 2062 5332 se-

489 5365 610 5416 mini
630 5375 738 5429 tuo,
765 5365 953 5434 inquit,
987 5382 1141 5435 usque
1162 5367 1214 5419 in
1237 5368 1495 5420 secutum.
1521 5366 1706 5436 Magna
1730 5366 1925 5422 divina:
1949 5382 2065 5436 pro-

488 5455 754 5509 ιιιὶεδὶοιιίε
783 5455 1111 5525 magnitudo,
1142 5471 1332 5527 magna
1363 5458 1531 5511 nostri
1561 5456 1797 5510 omnium
1830 5456 2058 5522 Domini,

485 5557 642 5616 atque
669 5547 923 5601 inunensa
951 5548 1256 5614 liberalitas,
1287 5562 1476 5617 magna
1505 5546 1769 5602 mercedis
1800 5556 2061 5616 prarstan-

487 5637 580 5699 tia,
605 5650 765 5705 quam
793 5635 884 5690 dat
911 5637 1213 5691 misericors
1241 5647 1294 5691 et
1321 5636 1764 5691 clementissimus
1805 5635 2062 5690 Dominus

483 5726 638 5782 beato
663 5728 758 5795 iiIi,
782 5739 834 5782 et
859 5743 923 5784 ex
954 5729 1044 5783 illo
1070 5733 1338 5786 nascituro
1368 5730 1579 5785 semini.
1626 5727 1692 5784 Ut
1721 5728 1832 5782 haec
1858 5727 2062 5782 audivit

1598 325 1660 381 IN
1698 326 1847 382 CAP.
1881 324 2018 380 XIII.
2061 323 2302 381 GBNES.
2350 324 2575 381 IIOMIL.
2621 321 2856 384 λχχιν.

3678 329 3780 384 318

2200 438 2532 505 patriarcha,
2561 437 2629 494 de
2656 438 2906 494 ineffabili
2945 440 3180 496 bonitate
3228 441 3320 497 Dei
3361 443 3775 511 obstupefactus,

2199 528 2285 582 18.
2320 527 2473 582 Motis
2495 529 2850 593 tabernaculis,
2894 531 3081 600 inquit,
3109 534 3261 598 venit,
3287 543 3332 587 et
3363 533 3602 587 habitavit
3622 535 3778 601 juxta

2195 637 2430 690 quercum
2458 621 2685 676 Mambre
2707 663 2722 686 ,
2762 639 2875 693 qua:
2897 625 3041 678 estin
3067 625 3316 681 Chebron.
3347 626 3669 697 Postquam,
3701 628 3781 680 in-

2193 713 2328 782 quit,
2375 714 2581 784 accepit
2611 714 3040 782 promissionem,
3065 725 3119 771 et
3141 719 3406 788 separavit
3426 733 3484 773 se
3511 718 3629 781 Lot,
3656 729 3781 772 tunc

2200 804 2470 857 transtulit
2517 804 2917 860 tabernaculum
2938 821 3090 861 suum
3113 807 3179 861 ad
3219 824 3473 877 quercum
3520 809 3775 865 Mantln-e.

2205 891 2334 948 Vide
2359 893 2780 964 philosophicam
2814 909 3071 965 mentem,
3103 899 3224 954 vide
3238 899 3456 970 spiritus
3477 901 3774 956 sublimita~

2197 993 2323 1048 tem,
2355 985 2624 1054 quomodo
2648 985 2802 1042 facile
2829 987 2951 1043 inde
2978 989 3190 1059 migrat,
3215 1006 3316 1045 nec
3342 1004 3592 1062 gravatur
3612 994 3678 1048 de
3707 994 3778 1047 lo-

2193 1075 2272 1128 cis
2302 1076 2354 1130 in
2399 1076 2515 1131 loca
2559 1078 2805 1133 transire.
2847 1079 3090 1134 Invenies
3123 1081 3267 1135 enim
3306 1098 3430 1136 eum
3469 1084 3612 1138 nulla
3649 1099 3779 1138 con-

2193 1164 2476 1221 suetudine
2520 1177 2853 1237 praeventum
2877 1177 2930 1224 et
2953 1169 3272 1240 alligatum:
3317 1170 3368 1225 id
3409 1173 3548 1244 quod
3592 1176 3777 1230 multis

2192 1254 2391 1318 evenit,
2421 1256 2583 1310 etiam
2613 1257 2678 1312 iis
2703 1259 2791 1328 qui
2823 1274 2881 1314 se
2902 1259 3267 1330 philosophos,
3299 1271 3401 1318 ete
3427 1263 3617 1320 mediis
3641 1267 3776 1322 lihe-

2192 1355 2336 1399 ratos
2357 1347 2666 1401 tumultibus
2685 1348 2886 1418 jactant
2913 1367 2926 1404 :
2968 1359 3023 1404 et
3046 1352 3090 1405 si
3121 1352 3332 1421 quando
3361 1361 3570 1424 tempus
3597 1367 3773 1425 vocet,

2191 1436 2480 1504 Spiritualis
2505 1453 2647 1509 saepe
2667 1441 2862 1511 negetii
2883 1443 3072 1512 gratia,
3108 1455 3164 1498 ut
3185 1445 3238 1498 in
3258 1445 3422 1499 alium
3449 1446 3623 1502 locum
3647 1465 3778 1504 con-

2190 1527 2383 1582 cedant
2407 1569 2422 1594 ,
2452 1545 2822 1600 saepenumero
2851 1535 3050 1588 morosi
3078 1545 3222 1600 sunt,
3261 1536 3470 1604 tristes,
3497 1549 3548 1592 et
3577 1540 3776 1611 migra-

2193 1621 2391 1675 tionem
2428 1637 2568 1692 aegre
2613 1623 2876 1691 ferentes,
2921 1641 2987 1680 co
3027 1626 3168 1695 quod
3209 1630 3596 1686 consuetudine
3636 1647 3776 1701 pra:-

2189 1712 2433 1780 occupati
2461 1714 2592 1768 sint.
2639 1714 2834 1770 Verum
2867 1731 2973 1770 non
3013 1717 3081 1770 ita
3125 1717 3299 1785 justus
3323 1757 3340 1783 ,
3383 1721 3477 1775 sed
3514 1721 3624 1790 jam
3663 1732 3772 1778 tum

2191 1799 2568 1871 philosophum
2607 1805 2796 1872 agebat
2824 1822 2837 1859 :
2867 1815 2923 1860 et
2956 1806 3105 1875 quasi
3134 1808 3442 1878 peregrinus
3463 1819 3514 1864 et
3540 1810 3730 1882 ιιειδνυε
3755 1853 3770 1876 ,

2189 1893 2261 1948 ita
2287 1909 2428 1950 nunc
2455 1895 2578 1951 hinc
2607 1896 2752 1964 illuc,
2783 1913 2923 1954 nunc
2947 1899 3091 1954 illinc
3120 1899 3222 1954 huc
3252 1903 3654 1972 transmigrabat
3675 1945 3692 1969 ,
3719 1917 3774 1960 et

2193 2000 2287 2054 per
2313 1986 2495 2047 omnia
2533 1987 2838 2056 religiosam
2876 2004 3028 2044 suam
3075 2001 3306 2046 trientem
3345 1995 3595 2062 operibus
3646 1996 3772 2064 ipsis

2188 2073 2464 2131 declarare
2487 2078 2752 2132 studebat.
2771 2077 2904 2133 Nam
2928 2090 3208 2150 postquam
3231 2083 3630 2138 tabernaculum
3659 2087 3774 2141 fixit.

2188 2167 2328 2235 apud
2371 2183 2628 2237 quercum
2666 2169 2934 2237 Mambre,
2977 2173 3156 2226 statim
3187 2173 3256 2227 ibi
3305 2177 3566 2230 exstruxit
3605 2177 3772 2232 altare

2190 2257 2434 2312 Domino.
2461 2259 2648 2314 Vidisti
2679 2272 2912 2316 mentem
2931 2271 3134 2332 gratam
3154 2265 3177 2317 τ
3201 2265 3331 2332 Quia
3361 2282 3482 2320 mox
3519 2279 3572 2320 ut
3599 2270 3773 2323 taber-

2188 2347 2436 2402 naculum
2466 2348 2598 2415 fixit,
2636 2351 2813 2404 statim
2847 2366 2941 2420 pro
2971 2350 3106 2406 facta
3141 2354 3241 2408 sibi
3272 2358 3620 2424 proluissione
3646 2375 3772 2427 gra-

2191 2439 2380 2494 tiarum
2410 2441 2652 2497 actiones
2673 2442 2867 2497 obtulit
2899 2443 3145 2498 Domino.
3190 2447 3254 2500 Et
3295 2447 3346 2500 in
3391 2449 3610 2517 singulis
3639 2450 3768 2505 locis

2186 2531 2273 2585 ubi
2305 2531 2706 2588 tabernaculum
2733 2532 2870 2597 fixit,
2905 2534 3142 2589 invenies
3176 2536 3276 2591 hoc
3308 2553 3415 2606 pra:
3443 2538 3689 2593 omnibus
3719 2541 3767 2594 ei

2185 2623 2348 2678 fuisse
2374 2638 2516 2680 cura:
2541 2665 2556 2688 ,
2605 2634 2662 2680 ut
2694 2635 2967 2682 exstructo
3003 2629 3159 2683 altari
3201 2643 3386 2698 preces
3423 2631 3640 2686 ofl'erret
3665 2675 3678 2696 ,
3716 2644 3770 2688 et

2177 2715 2425 2785 Apostoli
2458 2723 2786 2784 prmceptum
2829 2717 3104 2785 impleret,
3149 2718 3382 2788 jubentis
3427 2731 3480 2774 ut
3528 2723 3580 2776 in
3621 2726 3765 2778 otnni

2183 2803 2302 2857 loco
2325 2814 2527 2868 oretur,
2549 2815 2602 2860 et
2631 2807 2908 2862 eleventur
2926 2820 3123 2863 sancta:
3148 2826 3337 2866 manus
3355 2814 3426 2881 (f.
3449 2811 3582 2867 Tim.
3609 2815 3658 2869 ἓ.
3684 2817 3763 2886 8).

2183 2893 2370 2948 Vidisti
2391 2895 2622 2950 animam
2652 2897 2832 2952 divino
2857 2915 3040 2954 amore
3066 2916 3400 2970 succensam,
3429 2914 3480 2958 et
3502 2904 3568 2960 ad
3598 2907 3760 2960 Deum

2179 2986 2487 3053 Volantem,
2538 3004 2739 3058 proque
2775 2991 3024 3046 omnibus
3068 2993 3265 3063 gratias
3308 2999 3598 3066 agentem?
3645 2999 3760 3054 Non

2179 3081 2325 3135 enim
2343 3083 2672 3150 exspectavit
2715 3081 2885 3138 donec
2925 3085 3184 3153 promissa
3210 3088 3635 3156 complerentur;
3666 3094 3759 3146 sed

2177 3171 2323 3226 etde
2349 3173 2700 3242 promiSsione
2732 3175 2930 3244 gratias
2955 3175 3094 3246 agit,
3131 3176 3366 3248 nihilque
3399 3194 3503 3236 non
3531 3181 3676 3251 facit,
3706 3192 3762 3238 ut

2177 3263 2244 3317 de
2269 3263 2481 3333 prmviis
2519 3263 2706 3333 dignas
2744 3265 2939 3334 gratias
2985 3281 3094 3335 pne
3133 3281 3191 3323 se
3238 3270 3442 3336 ferens,
3478 3271 3758 3327 Dominum

2176 3369 2332 3408 suum
2357 3363 2611 3425 provocet
2635 3355 2700 3410 ad
2729 3357 3109 3425 promissiones
3131 3373 3255 3414 suas
3280 3359 3594 3430 implendas.

2247 3447 2300 3502 5.
2335 3445 2549 3501 Moralis
2569 3447 2846 3502 exhortatio
2871 3449 2940 3501 ad
2967 3450 3299 3504 constantiam
3325 3453 3379 3506 in
3405 3454 3754 3521 ﬁde—Illum

2176 3553 2306 3593 sane
2333 3549 2387 3593 et
2407 3553 2504 3594 nos
2528 3539 2817 3605 imitemur,
2849 3549 2902 3594 ct
2927 3543 3364 3609 promissionibns
3401 3543 3592 3601 divinis
3629 3547 3750 3599 fida-

2177 3645 2326 3696 mus;
2356 3645 2526 3700 neque
2551 3631 2796 3684 alacritas
2817 3639 3058 3700 tempore
3077 3631 3396 3700 obsolescat,
3419 3650 3590 3706 neque
3607 3653 3757 3692 n.ens

2177 3720 2450 3774 remissior
2476 3720 2568 3774 fiat
2591 3736 2656 3775 ex
2696 3720 2938 3776 obicibus
2965 3723 3054 3792 qui
3085 3723 3444 3778 interveniunt
3469 3741 3484 3778 :
3513 3728 3606 3781 sed
3648 3730 3751 3782 vir-

2177 3812 2273 3864 tuti
2303 3810 2497 3866 divina:
2517 3810 2760 3878 fidentes,
2789 3813 2937 3881 quasi
2959 3815 3070 3882 jam
3100 3822 3222 3868 ante
3247 3815 3431 3870 oculos
3456 3816 3756 3874 videremus

2176 3904 2558 3972 promissiones
2604 3904 2828 3972 impleri,
2881 3905 2952 3958 ita
3001 3921 3183 3974 puram
3228 3915 3281 3960 et
3308 3907 3571 3964 sinceram
3599 3911 3753 3966 fidem

2175 3995 2538 4050 exhibeamus.
2567 3997 2751 4068 Magna
2779 3998 2921 4053 enim
2951 4008 3005 4053 et
3045 3999 3302 4054 immensa
3331 4003 3572 4070 promisit
3601 4005 3753 4060 nobis

2177 4087 2472 4154 Dominus,
2514 4099 2568 4144 et
2609 4105 2731 4159 quae
2778 4099 3011 4146 nostram
3053 4093 3434 4147 transcendunt
3471 4095 3750 4160 rationem,

2175 4195 2366 4250 nempe
2395 4196 2492 4236 nos
2523 4182 2806 4252 participes
2831 4182 2980 4253 regni
3009 4183 3119 4237 fore
3139 4225 3153 4249 ,
3200 4193 3256 4238 et
3283 4184 3624 4241 incfl'abilium
3659 4187 3753 4242 bo-

2174 4287 2361 4328 norum
2383 4285 2679 4337 consortes,
2706 4291 2826 4329 cum
2856 4276 3058 4345 angelis
3084 4287 3406 4340 versaturos,
3433 4288 3490 4332 et
3523 4279 3752 4334 liberan-

2172 4363 2269 4419 dos
2293 4380 2322 4418 a
2343 4366 2603 4435 gehenna.
2654 4365 2916 4422 Czeterum
2945 4382 3116 4436 neque
3137 4367 3440 4422 diffidamus
3465 4367 3585 4423 ideo
3609 4372 3750 4438 quod

2171 4469 2234 4510 ea
2265 4471 2373 4510 non
2393 4455 2638 4510 videntur
2671 4456 3037 4525 corporalibus
3075 4457 3277 4523 oculis;
3327 4457 3421 4513 sed
3459 4461 3751 4531 cogitantes

2173 4546 2388 4601 mentiri
2417 4561 2524 4601 non
2550 4560 2707 4616 posse
2730 4562 2852 4602 eum
2881 4547 2971 4618 qui
3001 4547 3263 4618 promisit,
3287 4558 3342 4604 et
3367 4549 3530 4619 ipsius
3563 4563 3761 4620 poten-

2173 4638 2258 4690 tite
2303 4637 2717 4705 magnitudinem
2767 4637 3199 4704 considerantes,
3249 4639 3364 4695 haec
3416 4641 3585 4696 oculis
3627 4643 3749 4698 fidei

2173 4735 2542 4793 contueantur,
2571 4735 2625 4782 et
2653 4743 2718 4782 ex
2748 4728 2812 4782 iis
2839 4744 2957 4798 qua:
2973 4729 3081 4798 jam
3109 4745 3360 4785 concessa
3391 4741 3550 4795 sunt,
3589 4735 3749 4787 etiam

2171 4817 2238 4870 de
2267 4815 2457 4871 futuris
2485 4818 2676 4872 bonam
2700 4834 2848 4886 spem
2878 4818 3168 4873 habeamus
3198 4838 3213 4874 :
3243 4835 3306 4874 ea
3333 4822 3474 4874 enim
3503 4821 3570 4875 de
3590 4838 3748 4877 causa

2171 4916 2226 4962 et
2247 4907 2332 4961 hic
2348 4909 2510 4961 multa
2543 4908 2694 4962 nobis
2720 4908 2912 4962 d0nata
2937 4919 3098 4973 sunt,
3137 4920 3190 4962 ut
3219 4924 3284 4964 ex
3313 4910 3376 4962 iis
3400 4909 3714 4978 adjuvemnr
3735 4956 3748 4977 ,

2173 5013 2438 5068 manuque
2467 4998 2741 5063 ducamur,
2758 5007 2814 5052 ut
2834 4998 2900 5052 de
2928 4999 3032 5052 illis
3057 5014 3266 5069 quoque
3287 4999 3422 5055 bene
3449 5017 3746 5071 speremus.

2172 5089 2300 5145 Nam
2337 5094 2425 5160 qui
2458 5091 2646 5144 Filium
2675 5105 2826 5144 suum
2861 5090 3074 5144 tradidit
3107 5101 3322 5160 propter
3365 5107 3516 5148 suam
3561 5095 3615 5150 in
3653 5113 3749 5153 ltus

2172 5183 2466 5247 caritatem,
2491 5181 2755 5251 quomodo
2785 5197 2892 5235 non
2920 5182 3096 5236 omnia
3124 5183 3276 5237 nobis
3299 5184 3498 5254 reliqua
3532 5185 3746 5256 largitu-

2171 5289 2264 5329 rus
2291 5274 2410 5328 est?
2448 5273 2594 5328 Sicut
2639 5282 2695 5328 et
2738 5273 2930 5328 Paulus
2959 5273 3128 5342 inquit
3169 5288 3182 5324 :
3233 5273 3333 5339 Qui
3375 5277 3580 5346 proprio
3613 5277 3750 5331 Filio

2169 5380 2262 5418 suo
2282 5381 2382 5417 non
2412 5365 2630 5432 pepercit
2654 5405 2668 5429 ,
2693 5364 2780 5418 sed
2803 5381 2894 5433 pro
2925 5364 3064 5418 nobis
3089 5366 3314 5422 omnibus
3340 5367 3548 5422 tradidit
3577 5368 3744 5432 illum,

2170 5457 2418 5522 quomodo
2444 5470 2545 5506 non
2569 5465 2614 5507 et
2639 5455 2808 5507 omnia
2834 5457 2974 5510 nobis
2999 5472 3112 5509 cum
3137 5457 3226 5512 illo
3252 5459 3456 5513 donabit
3484 5459 3658 5529 (Rom.
3688 5459 3744 5512 8.

2171 5543 2302 5614 32)?
2330 5544 2386 5599 Si
2414 5543 2603 5598 Filimn
2627 5559 2779 5599 suum
2807 5545 3022 5601 tradidit
3049 5563 3144 5617 pro
3174 5549 3328 5604 nobis
3358 5548 3742 5617 peccatoribus,

2171 5636 2217 5690 si
2242 5635 2572 5704 baptismatis
2593 5635 2788 5690 donum
2813 5637 3028 5707 largitus
3062 5646 3164 5704 est,
3192 5639 3235 5691 si
3276 5640 3508 5706 priorum
3554 5651 3743 5706 pecca-

2175 5739 2348 5784 torum
2377 5727 2740 5783 remissionem
2761 5725 2959 5793 trihutt,
2987 5728 3030 5780 si
3062 5727 3386 5795 poenitentia:
3427 5727 3562 5781 viam
3590 5726 3743 5780 nobis
