4020 6136
277 333 381 392 319

273 447 504 518 aperuit,
529 445 571 499 si
593 445 865 498 innumera
885 439 988 494 alia
1015 435 1079 491 ad
1102 437 1326 490 salutem
1349 444 1582 490 nostram
1611 441 1858 503 operatus

276 549 379 605 cst,
411 535 745 592 manifesuun
769 539 850 585 cst
874 545 994 584 cum
1021 539 1072 582 et
1105 527 1277 581 futura
1306 525 1441 580 bona
1460 524 1614 579 nobis
1631 523 1859 593 reposita

279 628 643 696 prmbiturum.
678 621 808 676 Nam
834 618 924 690 qui
952 626 1168 688 propter
1188 630 1336 670 suam
1369 615 1678 680 bonitatem,
1709 619 1856 665 ante-

281 734 438 789 quam
484 730 604 770 csse
647 714 1024 781 inciperemus,
1069 708 1184 762 hmc
1215 705 1550 777 praeparavit,
1597 701 1862 773 quomodo

277 824 382 863 non
432 816 487 861 et
530 805 630 860 frui
661 801 958 857 concedet?
987 799 1139 866 Quod
1180 807 1357 850 autem
1404 795 1554 864 prius
1581 793 1696 848 haec
1725 793 1860 847 bona

279 899 432 952 nobis
463 895 844 966 prieparaverit
869 934 882 958 ,
917 889 1037 945 audi
1065 888 1189 958 quid
1217 885 1360 942 dicat
1383 883 1644 939 sumtibus
1670 892 1700 936 a
1730 882 1861 937 dex-

278 993 375 1046 tris
407 1009 419 1044 :
449 989 642 1056 Venite,
665 984 907 1040 benedicti
957 980 1131 1035 Patris
1167 978 1302 1045 mei,
1347 976 1619 1031 hereditate
1654 973 1865 1043 accipite

278 1098 490 1152 regnum
513 1089 745 1152 paratum
764 1076 898 1130 vobis
910 1082 1026 1127 ante
1041 1071 1441 1127 constitutionem
1460 1065 1636 1121 mundi
1649 1064 1860 1135 (Matth.

277 1174 364 1229 25.
397 1173 516 1241 ΞΗ).
565 1169 751 1224 Vidisti
807 1166 1056 1222 bonitatis
1099 1161 1708 1230 excellentiam,quanta
1735 1169 1863 1227 erga

279 1275 520 1318 nostrum
550 1274 716 1331 genus
746 1257 1068 1328 benignitate
1093 1267 1219 1307 usus
1247 1252 1336 1314 sit,
1364 1259 1422 1304 ut
1467 1255 1522 1305 et
1563 1258 1686 1303 ante
1721 1245 1863 1317 jacta

280 1353 621 1408 fundamenta
663 1348 847 1405 mundi
893 1347 1045 1402 nobis
1090 1343 1239 1414 regni
1280 1343 1530 1398 ccclorum
1561 1339 1864 1394 fruitionem

280 1457 582 1514 praeparare
614 1441 858 1511 dignatus
887 1435 994 1492 sit?
1024 1436 1182 1507 Igitur
1209 1449 1276 1489 ne
1318 1433 1485 1488 simus
1517 1430 1741 1501 ingrati,
1771 1428 1867 1483 ob-

285 1530 912 1602 scero,nequcindignos
933 1528 1124 1582 talibus
1141 1539 1238 1580 nos
1267 1524 1421 1578 donis
1447 1523 1862 1576 constituamus:

281 1624 375 1681 sed
397 1625 698 1693 diligamus,
728 1632 786 1675 ut
811 1621 985 1686 decet,
1017 1617 1296 1672 Dominum
1327 1623 1598 1677 nostrum,
1631 1611 1867 1682 nihilque

283 1716 538 1770 faciamus
562 1712 700 1783 quod
727 1712 844 1781 ejus
870 1724 992 1780 erga
1017 1723 1113 1763 nos
1134 1705 1560 1762 benevolentiam
1591 1702 1866 1772 impediat.

286 1807 422 1862 Num
453 1804 592 1860 enim
624 1818 719 1858 nos
751 1803 955 1873 priores
987 1814 1098 1854 rem
1128 1799 1268 1852 illam
1295 1795 1594 1866 coepimus?
1623 1794 1735 1849 lmo
1756 1793 1869 1863 ipse

287 1901 432 1968 prior
476 1911 716 1966 magnam
749 1905 801 1949 et
847 1890 1253 1947 inenarrabilem
1283 1889 1556 1944 caritatem
1604 1901 1728 1957 erga
1771 1897 1870 1940 nos

287 1989 594 2042 ιῑιξρῖιὶ“ἰιγὶῑ.
643 1985 921 2053 Quomodo
948 1985 1105 2054 igitur
1133 1997 1236 2036 non
1285 1979 1571 2036 absurdum
1603 1977 1778 2042 tuerit,
1824 1977 1868 2031 si

295 2096 418 2133 eum
460 2079 547 2147 qui
595 2094 692 2130 nos
719 2078 794 2130 sic
821 2075 1003 2131 dilexit
1050 2089 1153 2127 non
1199 2072 1478 2141 diligamus
1520 2070 1643 2124 totis
1671 2067 1870 2122 viribus

292 2169 531 2222 nostris?
562 2167 676 2236 ipse
706 2177 921 2237 propter
946 2181 1092 2219 suam
1119 2179 1240 2235 erga
1275 2178 1373 2218 nos
1400 2163 1671 2216 caritatem
1694 2161 1870 2214 omnia

289 2275 409 2311 cum
439 2258 705 2326 voluptate
745 2257 994 2311 sustinuit
1020 2273 1031 2308 :
1071 2264 1122 2308 et
1152 2270 1215 2307 ex
1247 2255 1360 2322 ipso
1386 2262 1606 2322 paterno
1630 2253 1748 2306 sinu
1778 2265 1872 2305 ex-

289 2350 493 2412 siliens,
523 2361 575 2402 ut
610 2351 677 2402 ita
707 2349 899 2411 dicam,
947 2349 1084 2403 servi
1127 2349 1347 2400 formam
1389 2359 1658 2399 assumere
1686 2345 1868 2410 voluit,

291 2456 385 2508 per
416 2441 641 2493 humana
666 2440 838 2492 omnia
869 2439 1094 2492 transire
1120 2481 1132 2503 ,
1166 2449 1217 2492 et
1244 2437 1385 2492 ferre
1409 2454 1436 2488 a
1465 2436 1660 2491 Judaeis
1681 2446 1870 2491 contu-

289 2534 474 2588 melias
506 2531 883 2601 cloltprobl'i.t,
916 2530 1145 2599 denique
1181 2539 1236 2583 et
1273 2543 1507 2592 crucem,
1545 2543 1605 2581 ac
1641 2538 1868 2582 mortem

297 2623 878 2693 ignominiosissimam,
914 2631 970 2675 ut
995 2636 1091 2675 nos
1121 2621 1209 2691 qui
1251 2619 1395 2674 humi
1426 2620 1792 2686 trahebamur,
1820 2629 1874 2674 et

291 2717 510 2770 infinitis
534 2722 871 2785 peccatorum
898 2714 1119 2768 sarcinis
1146 2712 1384 2782 oppressi
1413 2727 1646 2777 eramus,
1691 2723 1870 2765 nostra

291 2811 342 2862 in
370 2824 428 2862 se
457 2807 558 2862 fide
579 2807 775 2861 liberos
800 2805 1017 2860 faceret.
1053 2804 1176 2859 llaéc
1204 2805 1345 2857 enim
1371 2803 1544 2857 omnia
1579 2809 1757 2857 mente
1785 2817 1870 2854 re-

287 2897 528 2967 cogitans
554 2896 738 2949 beatus
779 2894 972 2949 Paulus
997 2935 1010 2959 ,
1044 2893 1277 2948 fervidus
1301 2892 1498 2946 Christi
1533 2900 1739 2946 amator
1762 2931 1777 2957 ,
1821 2902 1874 2946 et

289 2986 440 3056 quasi
455 2987 623 3041 alatus
640 2988 944 3042 universum
966 2987 1149 3040 orbem
1164 2984 1564 3055 peragrans,qui
1583 2985 1632 3037 iu
1651 2998 1876 3054 corpore

291 3097 408 3148 qmu
427 3081 853 3149 incorporearum
875 3088 1178 3133 naturarum
1204 3077 1412 3146 propria
1433 3085 1556 3132 sunt
1571 3076 1743 3132 facere
1759 3085 1876 3130 stu-

290 3170 470 3234 debat,
495 3170 755 3223 clamabat
775 3169 986 3222 dicens:
1005 3167 1205 3224 Caritas
1230 3169 1360 3222 enim
1382 3166 1568 3222 Christi
1583 3167 1768 3221 detinet
1785 3183 1875 3222 nos

289 3261 371 3331 (τὶ.
399 3261 513 3313 Cor.
535 3261 586 3314 5.
611 3260 722 3328 14).
750 3260 879 3314 Vide
895 3259 1233 3328 probitatem,
1256 3257 1374 3312 vide
1385 3257 1593 3314 virtutis
1608 3258 1874 3313 excellen-

296 3356 420 3405 tiam
431 3351 568 3417 ,vide
584 3352 872 3406 ferventem
887 3365 1144 3404 altiorem.
1161 3349 1357 3403 Caritas
1372 3347 1555 3403 Christi
1570 3349 1751 3403 detinet
1763 3365 1876 3404 nos:

294 3445 397 3497 hoc
410 3450 510 3507 est,
533 3441 820 3511 compellit,
845 3441 1006 3511 cogit,
1029 3441 1276 3495 concitat.
1298 3440 1494 3495 Deinde
1511 3441 1691 3495 volens
1713 3441 1878 3495 inter-

301 3533 495 3604 pretari
522 3532 661 3603 quod
687 3549 712 3585 a
736 3547 794 3586 se
820 3531 1017 3587 dictum
1051 3539 1186 3599 crat,
1211 3532 1413 3602 inquit:
1441 3529 1738 3586 Judicantes
1759 3533 1872 3598 hoc,

295 3625 532 3692 quoniam
568 3623 612 3678 si
642 3639 772 3677 unus
800 3638 890 3694 pro
919 3622 1150 3676 omnibus
1174 3631 1402 3678 mortuus
1417 3633 1485 3678 est
1505 3663 1519 3688 ,
1555 3639 1672 3694 ergo
1707 3639 1878 3677 omnes

293 3716 474 3769 mortui
501 3725 636 3768 sunt.
674 3714 740 3769 Et
775 3729 866 3785 pro
895 3715 1120 3769 omnibus
1149 3724 1374 3769 mortuus
1403 3724 1495 3780 est,
1516 3724 1636 3768 utet
1665 3716 1877 3769 viventes

295 3807 503 3876 posthac
518 3822 616 3861 non
634 3806 853 3872 sibiipsis
873 3807 1036 3860 vivant
1053 3845 1068 3872 ,
1091 3806 1179 3860 sed
1193 3806 1270 3860 illi
1281 3807 1364 3875 qui
1381 3822 1471 3875 pro
1487 3807 1556 3860 eis
1570 3817 1793 3860 mortuus
1805 3815 1876 3859 est

294 3909 338 3953 et
377 3900 646 3954 resurrexit
669 3898 827 3970 (Ibid.
851 3914 898 3952 v.
925 3898 1034 3968 l5).
1088 3897 1558 3967 Vidistiquomodo
1579 3899 1698 3967 jure
1721 3898 1873 3962 dixit,

293 3990 490 4044 Detinet
514 4005 603 4043 nos
629 3991 815 4043 caritas
841 3989 1063 4043 Christi?
1090 3988 1144 4042 Si
1177 3989 1317 4043 enim
1357 4004 1450 4056 pro
1484 3988 1656 4051 nobis,
1684 3989 1872 4058 inquit,

291 4084 536 4137 omnibus
563 4091 803 4137 mortuus
823 4090 924 4148 est,
954 4089 1171 4150 propter
1189 4079 1288 4134 hoc
1305 4090 1544 4133 mortuus
1560 4089 1662 4146 est,
1690 4087 1747 4134 ut
1778 4095 1876 4135 nos

295 4174 533 4227 viventes
562 4172 782 4242 posthac
809 4186 912 4227 non
940 4172 1092 4226 nobis
1119 4171 1246 4240 ipsis
1272 4171 1513 4225 vivamus
1533 4211 1547 4236 ,
1576 4171 1669 4226 sed
1709 4173 1755 4228 ei
1786 4172 1875 4242 qui

295 4279 394 4332 pro
419 4263 573 4318 nobis
601 4271 842 4317 mortuus
884 4271 961 4317 est
991 4270 1046 4315 et
1071 4262 1376 4316 resurrexit.
1429 4262 1763 4332 Accipiamus
1790 4264 1878 4334 igi-

302 4363 387 4407 tur
431 4351 775 4422 apostolicam
820 4351 1274 4420 admonitionem,
1306 4361 1361 4408 et
1408 4368 1512 4407 non
1553 4354 1705 4409 nobis
1749 4357 1876 4425 ipsis

295 4446 554 4513 vivamus,
586 4444 678 4500 sed
704 4445 750 4501 ei
780 4445 870 4517 qui
899 4461 993 4516 pro
1019 4446 1170 4501 nobis
1190 4455 1429 4500 mortuus
1451 4455 1604 4500 estet
1631 4462 1872 4502 resurre-

297 4537 395 4591 xit.
419 4538 485 4592 Et
507 4537 794 4606 quomodo,
816 4535 950 4592 dicet
976 4538 1258 4607 quispiam,
1290 4537 1575 4606 poterimus
1596 4537 1874 4593 nonnobis

298 4631 426 4700 ipsis
449 4629 666 4685 vivere?
694 4631 827 4683 Audi
858 4631 1068 4683 beatum
1119 4631 1287 4684 virum
1332 4631 1522 4684 iterum
1559 4630 1822 4685 dicentem
1857 4649 1869 4682 :

303 4722 428 4778 Vivo
453 4731 618 4776 autem
657 4736 754 4775 non
791 4721 905 4790 jam
935 4735 1026 4790 ego
1051 4735 1070 4773 :
1107 4720 1224 4772 vivit
1247 4729 1415 4772 autem
1443 4720 1496 4772 in
1524 4735 1602 4772 me
1642 4721 1873 4775 Christus

295 4815 491 4883 (Colat.
519 4815 556 4868 2
605 4814 722 4886 9:0).
752 4813 880 4868 Vide
905 4811 1172 4882 quomodo
1197 4824 1359 4880 super
1386 4818 1580 4866 terram
1598 4814 1873 4870 ambulans

298 4915 352 4959 et
372 4921 532 4960 carne
553 4905 929 4969 circumdatus,
947 4903 1096 4972 quasi
1117 4902 1305 4957 caelum
1330 4901 1628 4956 inhabitans
1654 4913 1708 4958 et
1736 4905 1874 4959 inter

296 5000 635 5067 incorporeas
658 4999 879 5052 virtutes
913 5009 1131 5050 versans
1163 4993 1440 5049 afficiatur.
1485 4994 1712 5050 Proinde
1751 4997 1870 5052 alibi

294 5090 485 5145 iterum
521 5089 766 5144 diccbat:
802 5087 902 5153 Qui
918 5097 1081 5139 autem
1106 5085 1290 5141 Christi
1330 5097 1475 5152 sunt,
1503 5103 1703 5140 carnem
1727 5105 1872 5142 suam

297 5182 654 5250 eruti/iurant
688 5197 800 5234 cum
823 5178 1168 5245 a/fcctiouibus
1199 5189 1245 5232 et
1285 5180 1697 5249 concupiscentiis
1721 5177 1868 5250 (Gul.

291 5273 347 5327 5.
377 5271 492 5341 24).
528 5269 636 5325 Iloc
665 5271 818 5340 igitur
845 5281 923 5326 est
947 5286 1050 5323 non
1086 5269 1319 5340 sibiipsis
1363 5270 1559 5336 vivere,
1583 5271 1675 5326 sed
1705 5273 1753 5326 ei
1782 5273 1869 5342 qui

297 5377 392 5435 pro
437 5361 590 5416 nobis
621 5369 860 5415 mortuus
894 5369 977 5416 est
1004 5369 1056 5414 et
1082 5361 1375 5415 resurrexit
1419 5377 1432 5413 :
1480 5360 1691 5430 quando
1721 5363 1869 5432 quasi

293 5451 486 5508 mortui
513 5464 698 5506 sumus
727 5451 974 5520 presenti
1002 5451 1144 5514 vitae.
1177 5459 1230 5506 et
1257 5450 1385 5505 nihil
1414 5464 1600 5506 eorum
1627 5467 1746 5523 qua:
1790 5453 1870 5508 vi-

293 5546 488 5600 dentur
516 5584 531 5608 ,
583 5543 918 5614 suSpicimus.
974 5541 1104 5597 Nam
1143 5541 1340 5597 idcirco
1389 5541 1643 5596 Dominus
1689 5553 1872 5600 noster

291 5637 574 5692 crucifixus
601 5645 704 5702 est,
737 5644 796 5690 ut
834 5633 971 5690 hanc
1001 5634 1160 5688 vitam
1187 5647 1284 5703 pro
1310 5633 1398 5688 illa
1444 5644 1867 5702 commutemus;

296 5728 403 5780 imo
426 5743 522 5798 per
542 5727 678 5784 hanc
710 5727 853 5783 illam
885 5726 1038 5783 nobis
1077 5725 1425 5796 negotiantur.
1457 5725 1698 5783 Meus
1724 5729 1866 5784 enim

979 325 1034 380 s.
1078 321 1353 379 JOANNiS
1389 317 1863 375 cnuvsosroui
1904 314 2216 374 AltClllEP.
2258 291 2792 374 consummas.

3443 320 3550 377 390

1970 431 2094 497 vita,
2130 431 2175 485 si
2207 431 2454 485 volumus
2482 444 2600 485 esse
2626 430 2788 484 sobrii
2819 438 2872 484 et
2897 429 3084 500 vigiles
3103 471 3120 497 ,
3165 429 3309 484 ducit
3357 447 3456 486 nos
3484 435 3551 486 ad

1969 521 2271 576 fruitionem
2300 522 2420 576 vitae
2450 531 2666 576 aeterna:
2697 537 2712 576 :
2745 529 2906 592 atque
2931 522 3306 590 poterimus,sr
3339 538 3552 592 parum-

1971 628 2067 680 per
2097 611 2422 666 voluerimus
2465 611 2684 681 vigilare
2730 621 2784 666 et
2821 611 3030 681 aperire
3069 613 3264 666 mentis
3298 614 3509 668 oculum
3534 657 3550 679 ,

1967 702 2161 772 quietis
2204 700 2345 756 illius
2393 716 2608 769 semper
2656 700 2795 771 apud
2848 715 2946 756 nos
2991 702 3332 767 meminisse;
3384 714 3436 758 et
3486 706 3554 757 ita

1969 794 2250 862 praesentia
2279 793 2554 862 praiterire
2585 807 2646 846 ac
2663 793 3062 860 prmtervolare,
3093 793 3157 847 ad
3182 793 3355 848 futura
3377 808 3555 851 autem

1969 894 2023 939 et
2053 899 2264 953 semper
2289 885 2533 939 durantia
2575 894 2805 939 mentem
2841 885 3152 950 intendere;
3196 887 3333 941 sicut
3372 887 3557 944 beatus

1972 976 2062 1030 ille
2106 993 2202 1030 nos
2251 975 2476 1031 erudivit
2522 975 2743 1032 dicens:
2781 977 2930 1043 Quod
2972 989 3138 1032 autem
3181 997 3316 1034 nunc
3353 983 3460 1036 vivo
3502 984 3557 1038 in

1970 1083 2140 1131 carne,
2174 1067 2226 1120 in
2253 1067 2356 1134 [ide
2380 1067 2488 1122 vivo
2518 1066 2644 1120 Filii
2668 1067 2783 1133 Dei,
2816 1069 2902 1137 qui
2929 1070 3103 1124 dilexit
3132 1087 3229 1137 me,
3258 1080 3308 1126 et
3346 1073 3558 1126 tradidit

1972 1159 2292 1226 semetipsum
2317 1173 2410 1226 pro
2436 1173 2514 1210 me
2539 1155 2731 1226 (Galat.
2764 1158 2818 1212 Ξ.
2850 1157 2966 1227 20).

2041 1245 2094 1300 6.
2140 1245 2271 1301 Vide
2318 1248 2552 1301 animam
2601 1249 2722 1318 igne
2768 1264 3101 1318 succcnsam,
3150 1252 3271 1308 vide
3319 1265 3552 1310 mentem

1971 1339 2185 1406 alatam,
2213 1338 2333 1395 vide
2363 1341 2621 1396 rationem
2668 1341 2939 1398 incensam
2981 1343 3072 1398 Dei
3112 1359 3312 1400 amore.
3361 1346 3552 1414 Quod,

1972 1430 2161 1500 inquit,
2189 1446 2324 1485 nunc
2347 1434 2476 1498 vivo,
2499 1431 2550 1485 in
2579 1432 2682 1500 fide
2708 1433 2836 1486 vivo.
2879 1432 2957 1488 Ne
2983 1435 3148 1501 enim,
3180 1435 3369 1507 inquit,
3399 1447 3555 1507 pute-

1975 1521 2042 1575 tis
2070 1537 2154 1576 me
2185 1520 2359 1578 facere
2396 1523 2592 1592 aliquid
2624 1539 2804 1579 rerum
2835 1525 2992 1594 hujus
3021 1527 3142 1580 vita:
3184 1543 3366 1584 causa.
3424 1529 3555 1585 Nam

1977 1611 2097 1667 licet
2117 1628 2276 1669 carne
2297 1614 2652 1669 circumdatus
2674 1617 2796 1680 sim,
2821 1618 3330 1690 necessitatibusque
3356 1631 3557 1678 natura:

1974 1703 2219 1773 alligatus
2247 1721 2260 1757 :
2289 1704 2342 1759 in
2377 1705 2480 1760 fide
2523 1716 2698 1760 tamen
2731 1707 2869 1773 vivo,
2899 1723 3018 1776 quae
3043 1719 3126 1764 est
3163 1709 3217 1764 in
3244 1709 3511 1766 Christum
3535 1753 3552 1780 ,

1974 1795 2274 1866 despiciens
2301 1798 2476 1852 omnia
2505 1801 2800 1867 prses-entia,
2829 1809 2884 1854 et
2913 1814 3009 1870 Spe
3053 1816 3172 1871 quae
3204 1802 3254 1856 in
3306 1803 3446 1857 illum
3477 1814 3558 1859 est

1976 1886 2152 1940 omnia
2184 1895 2631 1957 praetercurrcns,
2658 1889 2912 1943 intentam
2945 1891 2996 1944 in
3029 1891 3174 1946 illum
3202 1903 3433 1949 mentem
3465 1894 3560 1949 lia-

1978 1975 2096 2030 beo.
2155 1977 2391 2047 Denique
2440 1988 2497 2032 ut
2537 1978 2712 2033 discas
2751 1981 3119 2038 excellentiam
3169 1986 3368 2040 amoris
3407 1986 3556 2055 ejus,

1975 2065 2107 2123 dicit
2137 2087 2150 2124 :
2180 2067 2247 2122 In
2273 2069 2376 2139 [ide
2396 2071 2502 2124 vivo
2536 2069 2661 2126 Filii
2687 2069 2806 2138 Dei,
2835 2073 2922 2144 qui
2946 2091 3024 2128 me
3049 2075 3248 2142 dilexit,
3272 2087 3319 2130 et
3350 2078 3560 2132 tradidit

1978 2159 2299 2228 semetipsum
2347 2175 2440 2229 pro
2483 2177 2581 2214 me.
2635 2161 2923 2216 Considera
2970 2179 3128 2234 quam
3161 2165 3384 2237 insignis
3424 2169 3558 2238 grati

1976 2251 2139 2304 animi
2167 2251 2501 2321 significatio.
2551 2251 2686 2320 Quid
2715 2252 2867 2318 dicis,
2901 2269 2933 2309 ο
2971 2254 3125 2311 beate
3171 2257 3370 2312 Paule?
3398 2258 3560 2315 Paulo

1979 2350 2104 2396 ante
2129 2340 2344 2395 dicebas
2367 2363 2382 2394 ;
2416 2340 2515 2406 Qui
2535 2344 2742 2412 praprio
2775 2342 2913 2398 Filio
2952 2361 3044 2399 suo
3086 2363 3188 2399 non
3209 2349 3448 2417 pepercit,
3473 2349 3560 2402 sed

1979 2450 2070 2501 pro
2096 2432 2236 2485 nobis
2263 2433 2490 2487 omnibus
2519 2433 2726 2486 tradidit
2754 2451 2864 2488 cum
2887 2434 3062 2505 (Rom.
3093 2436 3145 2490 8.
3176 2437 3268 2510 52)
3298 2455 3311 2492 :
3340 2448 3393 2493 et
3422 2455 3560 2493 nunc

1978 2525 2130 2589 dicis,
2181 2525 2281 2589 Qui
2309 2525 2484 2579 dilexit
2529 2542 2607 2578 me
2639 2542 2658 2580 :
2713 2537 2871 2597 atque
2901 2537 2956 2582 ut
3004 2530 3275 2599 proprium
3326 2531 3561 2600 appellas

1978 2632 2257 2671 Commune
2295 2616 2650 2672 beneficium?
2692 2617 2889 2684 Etiam,
2920 2620 3089 2687 inquit
3115 2639 3128 2675 :
3160 2637 3280 2675 nam
3312 2622 3434 2677 licet
3466 2638 3561 2692 pro

1980 2709 2126 2762 ou‘mi
2155 2709 2426 2763 hominum
2461 2725 2658 2780 genere
2683 2712 3001 2767 sacrificium
3023 2713 3090 2768 ab
3117 2729 3182 2768 co
3211 2715 3279 2768 sit
3301 2715 3556 2780 oblatum,

1981 2810 2152 2855 tamen
2181 2809 2396 2870 propter
2423 2817 2658 2855 amorem
2692 2803 2742 2855 in
2770 2818 2889 2857 cum
2917 2845 2930 2866 ,
2979 2803 3028 2859 id
3073 2804 3212 2875 quod
3256 2804 3451 2861 factum
3480 2817 3561 2861 est

1983 2893 2250 2959 proprium
2282 2893 2406 2946 mihi
2437 2894 2589 2947 facio.
2619 2894 2691 2948 Ita
2723 2907 2774 2949 et
2807 2896 3080 2966 prophetis
3122 2913 3239 2952 mos
3264 2908 3346 2954 est
3390 2899 3562 2956 facere

1981 2993 2030 3036 ct
2062 2983 2241 3038 dicere
2271 3001 2281 3036 :
2315 2983 2452 3038 Deus
2486 2985 2621 3038 Deus
2645 3003 2782 3039 meus
2811 2985 3150 3060 (Psal.2l.et
3185 2990 3305 3044 H7.
3339 2999 3384 3044 et
3414 2991 3557 3060 142):

1981 3075 2228 3143 quamvis
2251 3074 2410 3129 totius
2449 3076 2596 3130 orbis
2622 3076 2692 3131 sit
2727 3077 2872 3131 Deus
2905 3095 2920 3132 :
2957 3077 3050 3132 sed
3071 3079 3334 3148 peculiare
3355 3079 3456 3136 hoc
3482 3091 3564 3137 est

1981 3164 2150 3218 amori
2181 3206 2195 3230 ,
2224 3174 2281 3219 ut
2307 3181 2370 3220 cx
2408 3168 2779 3220 communith
2807 3169 3017 3238 propria
3049 3168 3223 3224 faciat.
3277 3170 3402 3225 Filii
3450 3171 3560 3236 Dei,

1983 3257 2170 3326 inquit,
2202 3258 2287 3327 qui
2317 3256 2491 3312 dilexit
2519 3275 2617 3312 me.
2665 3259 2798 3326 Quid
2841 3259 3014 3314 dicis?
3054 3260 3130 3315 Te
3154 3261 3324 3315 solum
3345 3261 3563 3317 dilexit?

1981 3348 2203 3403 Omnem
2226 3389 2239 3412 ,
2272 3349 2474 3418 inquit,
2512 3349 2783 3404 hominum
2817 3359 3056 3405 naturam
3094 3350 3312 3419 dilexit,
3343 3352 3435 3407 sed
3464 3367 3564 3423 ego

1981 3441 2026 3493 ei
2054 3440 2249 3510 gratias
2277 3440 2467 3508 debeo,
2499 3440 2647 3510 quasi
2677 3456 2761 3495 me
2781 3442 2950 3496 solum
2997 3442 3293 3498 dilexisset.
3341 3443 3409 3497 Et
3452 3453 3559 3498 tra-

1981 3534 2110 3587 didit
2131 3533 2446 3602 semetipsum
2476 3549 2566 3604 pro
2590 3550 2684 3588 me.
2714 3533 2848 3601 Quid
2878 3534 3056 3603 igitur,
3087 3550 3184 3604 pro
3211 3543 3264 3588 te
3289 3536 3406 3591 solo
3436 3550 3560 3590 cru-

1981 3625 2170 3680 ciﬁxus
2195 3625 2318 3680 est?
2362 3626 2554 3680 Annon
2587 3625 2698 3695 ipse
2723 3626 2851 3680 dicit
2892 3644 2905 3680 :
2939 3625 3065 3680 Cum
3109 3628 3358 3681 exaltatus
3397 3632 3559 3698 fuero,

1983 3733 2152 3771 omnes
2195 3717 2392 3770 traham
2427 3719 2495 3770 ad
2533 3717 2781 3788 meipsum
2806 3715 2982 3787 (Joan.
3037 3719 3120 3772 12.
3145 3718 3278 3790 52)?
3307 3735 3482 3774 nonne
3507 3728 3560 3775 tu

1983 3809 2094 3877 ipse
2121 3808 2319 3875 dixisti,
2356 3806 2459 3862 Pro
2505 3808 2646 3863 nobis
2673 3809 2903 3863 omnibus
2947 3810 3156 3864 tradidit
3198 3811 3562 3880 semetipsum!

1986 3900 2176 3964 Etiam,
2207 3899 2413 3968 inquit:
2447 3913 2550 3952 non
2583 3899 2774 3970 loquor
2822 3901 3139 3970 pugnantia,
3189 3902 3281 3957 sed
3324 3917 3560 3958 amorem

1984 4007 2160 4046 meum
2192 3996 2260 4044 ita
2291 3991 2563 4046 consolor.
2589 3991 2706 4046 Jain
2753 3992 2872 4046 vide
2916 3993 3104 4048 iterum
3135 4002 3190 4048 ct
3239 3994 3379 4048 aliud
3420 3993 3561 4064 quod

1985 4075 2141 4137 dictis
2172 4081 2276 4136 illis
2325 4097 2423 4136 nos
2451 4082 2626 4137 docet.
2658 4082 2790 4138 Cum
2819 4085 2960 4138 enim
3003 4086 3248 4154 superius
3275 4085 3468 4142 dixerit
3495 4087 3564 4143 de

1984 4177 2177 4243 Patre,
2222 4175 2325 4230 Pro
2357 4175 2497 4230 nobis
2540 4177 2770 4230 omnibus
2808 4177 3016 4231 tradidit
3056 4179 3200 4232 illum
3224 4219 3237 4244 ,
3281 4179 3368 4234 hic
3393 4179 3558 4248 dicit,

1984 4266 2321 4336 Semetipsum
2360 4266 2569 4320 tradidit
2605 4283 2624 4322 :
2653 4276 2706 4322 et
2738 4268 2843 4321 illic
2867 4269 3102 4337 quidem,
3131 4279 3187 4323 ut
3224 4270 3562 4336 concordiam

1981 4357 2226 4412 ostendat
2253 4373 2316 4413 ac
2343 4373 2522 4427 parem
2551 4357 2806 4413 honorem
2836 4358 3009 4414 Patris
3031 4370 3084 4415 et
3113 4361 3250 4428 Filii,
3281 4369 3335 4417 et
3359 4363 3568 4436 passiog

1984 4464 2105 4503 nem
2129 4448 2428 4504 subindicet
2457 4467 2470 4502 :
2499 4451 2749 4520 quoniam
2772 4452 2930 4506 etiam
2970 4453 3077 4506 alio
3099 4454 3215 4508 loco
3241 4455 3370 4510 dicit
3401 4474 3416 4509 :
3448 4456 3560 4510 Fa-

1980 4551 2088 4596 ctus
2111 4541 2342 4596 obediens
2361 4558 2517 4612 usque
2544 4543 2611 4595 ad
2632 4553 2838 4598 mortem
2861 4543 3116 4616 (Philipp.
3145 4547 3201 4602 2.
3239 4547 3296 4620 8)
3326 4567 3337 4601 :
3368 4548 3562 4619 ubique

1983 4631 2213 4699 [iussioni
2262 4630 2419 4687 fidem
2449 4633 2666 4687 faciens.
2716 4633 2812 4689 Hic
2859 4645 3036 4690 autem
3076 4638 3285 4706 posuit,
3331 4638 3560 4693 Tradidit

1979 4723 2339 4792 semetipsum,
2391 4730 2446 4778 ut
2501 4723 2700 4779 indicet
2752 4741 2872 4780 cum
2917 4727 3214 4784 voluntarie
3259 4729 3559 4798 passionem

1979 4813 2298 4881 suscepisse.
2320 4822 2502 4868 etnon
2529 4815 2867 4882 necessitate,
2902 4831 3072 4887 neque
3101 4818 3188 4884 vi,
3240 4820 3333 4875 sed
3373 4822 3561 4877 volen-

1981 4911 2084 4958 tem
2131 4904 2543 4974 cupientemquc
2589 4907 2749 4960 totius
2811 4907 3026 4963 humani
3082 4913 3293 4980 generis
3336 4913 3558 4968 salutem

1978 4995 2209 5065 operari,
2240 5011 2452 5050 erucem
2477 4999 2811 5054 sustinuisse.
2861 5001 3084 5068 Qualem
3128 5004 3285 5074 igitur
3323 5007 3560 5062 vicissim

1979 5104 2216 5144 amorem
2257 5089 2514 5146 exhibere
2561 5094 2851 5161 poterimus
2894 5105 3000 5148 tam
3038 5095 3255 5150 divitem
3291 5113 3416 5168 erga
3462 5115 3564 5156 nos

1979 5183 2252 5237 caritatem
2269 5182 2558 5239 declaranti
2577 5185 2600 5238 ?
2619 5185 2834 5241 Etiamsi
2853 5189 3083 5243 animam
3103 5190 3270 5259 ipsam
3289 5193 3562 5261 impenda-

1980 5287 2098 5326 mus
2127 5288 2221 5344 pro
2255 5273 2370 5343 ejus
2403 5274 2626 5344 legibus,
2655 5284 2708 5331 et
2751 5293 2846 5346 pro
2876 5279 3250 5336 observatione
3278 5281 3560 5337 mandato-

1979 5379 2118 5427 rum,
2145 5380 2263 5433 qua:
2283 5365 2349 5418 ab
2377 5364 2492 5435 ipso
2513 5375 2636 5420 sunt
2663 5367 2786 5423 data
2811 5411 2826 5434 ,
2879 5385 3049 5440 neque
3095 5369 3173 5426 sic
3216 5371 3282 5426 ad
3321 5373 3561 5430 caritatis

1978 5453 2193 5509 modum
2245 5456 2546 5527 pertingere
2585 5460 2917 5528 poterimus,
2964 5476 3120 5531 quam
3151 5477 3274 5532 erga
3314 5473 3556 5518 nostrum

1977 5544 2266 5601 declaravit
2313 5561 2500 5617 genus.
2542 5548 2660 5618 Ipse
2707 5551 2849 5604 enim
2895 5551 3034 5607 Deus
3081 5567 3202 5606 cum
3247 5565 3432 5622 esset,
3462 5571 3559 5624 pro

1979 5638 2281 5693 hominibus
2303 5637 2405 5694 hoc
2433 5641 2616 5705 subiit,
2639 5649 2694 5696 et
2723 5643 2980 5700 Dominus
3006 5659 3100 5713 pro
3123 5645 3329 5710 servis;
3360 5661 3422 5700 ac
3449 5662 3554 5701 non

1978 5743 2075 5799 pro
2096 5729 2262 5784 servis
2293 5731 2636 5802 simpliciter,
2677 5733 2770 5788 sed
2817 5748 2914 5805 pro
2943 5733 3160 5805 ingratis
3186 5745 3240 5792 ct
3287 5739 3554 5808 perpetuis
