4020 6136
500 233 609 291 519

503 347 698 417 τηρίαν
726 340 1000 415 ἡμετέραν
1018 340 1531 416 ἐπραγματεύσατο,
1550 342 1791 415 δηλονότι
1809 342 1901 397 καὶ
1928 341 1997 395 τά
2020 341 2079 394 ἐν

502 430 583 502 τῷ
605 428 851 502 μέλλοντι
871 428 1003 499 ἡμῖν
1017 426 1418 500 τεταμιευμένα
1436 426 1616 497 ἀγαθά
1631 428 1875 501 παρέξει.
1890 427 1951 480 '0
1972 425 2081 497 7&9

504 514 612 585 πρὸ
634 512 736 584 τῆς
758 512 842 577 είς
867 510 930 566 τὸ
968 506 1108 567 εἶναι
1134 511 1282 583 ἡμᾶς
1316 511 1554 583 παρόδου
1583 511 1756 567 ταῦτα
1789 525 2083 583 προευτρε-

503 596 668 661 πίσας
696 593 786 650 διά
824 594 924 668 τὴν
951 594 1163 651 οἰκείαν
1184 595 1518 668 ἀγαθότητα,
1554 596 1672 660 πῶς
1698 595 1819 667 οὐχὶ
1852 595 1948 650 καὶ
1981 594 2081 665 τὴν

501 680 802 737 Μυόλαυσιν
829 682 1140 753 χαριεῖται;
1167 680 1287 736 Ὀτι
1310 680 1421 753 7&9
1446 679 1732 754 προλαϐὼν
1751 680 1926 736 ταῦτα
1947 680 2081 751 ἡμῖν

503 765 767 836 ἡτοίμασε
792 764 861 820 τὰ
890 764 1095 835 ἀγαθὰ,
1128 764 1294 822 ἄκουε
1325 765 1491 821 αὑτοῦ
1512 764 1764 836 λέγοντος
1788 764 1925 838 πρὸς
1951 764 2081 828 τοὺς

502 849 570 902 ἐκ
596 847 786 915 δεξιῶν
817 847 1080 912 ἑστῶταςο
1108 848 1308 914 Δεῦτε,
1337 852 1395 905 οι
1418 849 1810 921 εὐλογημένοι
1835 848 1942 904 τοῦ
1964 851 2080 902 Πα-

502 935 642 1000 τρός
653 949 796 1000 μου,
816 931 1315 1001 κληρονομήσατε
1336 931 1454 1001 τὴν
1476 931 1927 1003 ἡτοιμασμένην
1941 930 2082 1001 ὑμῖν

495 1013 827 1080 ,βασιλείαν
859 1012 974 1082 πρὸ
1002 1014 1343 1083 καταϐολῆς
1360 1026 1385 1056 ἰ
1406 1015 1657 1084 κόσμου.
1690 1009 1845 1078 Εἶδες
1876 1014 2079 1082 ἀγαθό-

500 1113 663 1168 τητος
687 1097 789 1150 ὑπε
800 1095 1018 1168 ρδολὴν,
1206 1099 1334 1171 περὶ
1350 1100 1411 1153 τὸ
1431 1098 1698 1171 ἡμέτερον
1711 1098 1868 1167 γένος
1888 1097 2083 1169 κέχρη’

500 1195 592 1232 ται
622 1181 688 1249 τῇ
724 1178 1123 1250 φιλανθρωπίᾳ,
1153 1180 1228 1241 ὡς
1255 1180 1350 1234 καὶ
1379 1180 1486 1251 πρὸ
1513 1181 1611 1252 τῆς
1636 1181 1729 1234 τοῦ
1757 1180 1961 1251 κόσμου
1984 1197 2080 1233 κα-

501 1261 732 1332 ταδολῆς
761 1263 894 1331 ἡμῖν
929 1261 1029 1331 τῆς
1060 1262 1335 1331 βασιλείας
1363 1264 1789 1335 προευτρεπίσαι
1817 1262 1915 1334 τὴν
1947 1262 2082 1317 ἀπό-

502 1346 719 1410 λαυσιν;
745 1344 838 1417 Μὴ
865 1345 1046 1399 τοίνυν
1072 1345 1389 1418 ἀγνώμονες
1412 1346 1721 1419 γενώμεθα,
1754 1346 2077 1418 παρακαλῶ,

504 1431 638 1503 μηδὲ
665 1430 918 1496 ἀναξίους
950 1430 1177 1495 ἐαυτοὺς
1213 1432 1648 1503 καταστήσωμεν
1675 1431 1786 1486 τῶν
1812 1430 2080 1485 τοσούτων

499 1514 740 1587 δωρεῶν,
787 1513 925 1568 ἀλλά
969 1514 1370 1586 ἀγαπήσωμεν,
1414 1515 1490 1580 ὡς
1534 1516 1634 1581 δεῖ,
1680 1516 1773 1571 τὸν
1813 1516 2080 1587 ἡμέτερον

502 1598 802 1669 Δεσπότην,
821 1598 918 1652 καὶ
935 1597 1100 1669 μηδὲν
1126 1597 1588 1670 διαπραττώμεθα
1613 1598 1723 1653 τῶν
1763 1598 2081 1653 διακοπτόν-

501 1698 609 1735 των
658 1681 759 1753 τὴν
797 1680 936 1752 πρὸς
968 1681 1116 1752 ἡμᾶς
1165 1680 1333 1735 αὑτοῦ
1358 1681 1592 1736 εὑνοιαν.
1652 1682 1744 1755 Μὴ
1786 1682 1896 1754 7&9
1926 1682 2082 1736 αὐτοὶ

450 1754 485 1785 "
502 1765 962 1847 προκατάρχομεν
1002 1762 1099 1819 τοῦ
1162 1765 1528 1838 πράγματος;
1570 1754 1743 1832 Δὺτὺς
1792 1765 2081 1847 προλαρὼν

501 1848 705 1918 πολλὴν
725 1847 819 1902 καὶ
843 1846 1050 1917 ἀφατον
1076 1847 1175 1921 τὴν
1200 1848 1329 1922 περί
1343 1850 1493 1920 ἡμᾶς
1507 1849 1727 1922 ἀγάπην
1750 1846 2077 1913 ἐπεδείξατο.

503 1924 783 2003 (amna;
808 1926 903 1985 οὑν
931 1932 1031 1987 οὑκ
1054 1931 1256 1987 ἄτοπον
1283 1932 1375 1988 τὸν
1401 1932 1575 1998 οὑτως
1607 1933 1971 2006 ἀγαπήσαντα
2005 1932 2080 2005 μὴ

501 2014 597 2068 καὶ
619 2014 788 2085 ἡμᾶς,
805 2014 928 2069 ὅσον
944 2013 1143 2087 ἔχομεν
1165 2015 1468 2087 δυνάμεως,
1493 2017 1714 2088 ἀγαπᾷν
1732 2033 1747 2083 ;
1782 2016 1952 2081 Δὺτὺς
1973 2015 2083 2088 7&9

500 2093 591 2148 διά
620 2096 721 2167 τὴν
754 2097 885 2168 περὶ
926 2098 1075 2170 ήμᾶς
1106 2098 1327 2172 ἀγάπην
1360 2100 1540 2156 πάντα
1578 2099 1696 2171 μεθ’
1728 2099 1923 2170 ήδονῆς
1947 2099 2082 2153 ὑπέ-

503 2194 677 2248 μεινε,
707 2180 803 2235 καὶ
825 2180 885 2248 ἐξ
913 2180 1094 2236 αὑτῶν
1119 2182 1229 2237 τῶν
1252 2182 1469 2237 κόλπων
1490 2182 1600 2236 τῶν
1630 2182 1912 2254 πατρικῶν
1936 2181 2084 2237 ἀλλό-

504 2278 686 2331 μενος,
723 2262 803 2328 ὠς
846 2264 1046 2332 είπεῖν,
1091 2264 1279 2319 δούλου
1311 2264 1525 2338 μορφὴν
1552 2264 1842 2323 ἀναλαϐεῖν
1866 2265 2083 2320 κατεδέ-

500 2343 652 2411 ξατο,
671 2348 767 2401 καὶ
781 2348 870 2404 διά
897 2350 1115 2404 πάντων
1135 2349 1241 2404 τῶν
1262 2350 1618 2422 ἀνθρωπίνων
1643 2349 1839 2416 ἐλθεῖν,
1864 2350 1960 2405 καὶ
1984 2351 2085 2415 τὰς

502 2431 654 2500 παρά
681 2429 950 2487 Ἰουδαίων
978 2432 1167 2505 ὑόρεις
1196 2435 1291 2488 καὶ
1319 2433 1544 2505 ἀτιμίας
1573 2433 1881 2505 ὑπομεῖναι,
1906 2435 1999 2488 καὶ
2022 2434 2084 2488 τὸ

500 2514 809 2570 τελευταῖον
828 2516 1064 2590 σταυρὸν
1086 2516 1431 2584 κατεδέξατο,
1461 2519 1556 2572 καὶ
1586 2517 1817 2573 θάνατον
1842 2517 1934 2573 τὸν
1959 2519 2084 2571 ἐπο-

501 2596 781 2662 νείδιστον,
794 2597 882 2651 ἶνα
897 2599 1043 2669 ἡμᾶς
1057 2601 1181 2664 τοὺς
1200 2600 1375 2671 χαμαὶ⁸
1394 2600 1737 2671 συρομένους.
1759 2601 1853 2653 καὶ⁸
1872 2602 2084 2672 μυρίοις

503 2680 745 2751 φορτίοις
766 2682 1179 2754 ἁμαρτημάτων
1197 2684 1579 2757 βαρουμένους.
1600 2684 1689 2738 διὰ
1701 2684 1802 2755 τῆς
1817 2686 1897 2747 εἰς
1922 2683 2085 2737 αὑτὸν

506 2764 742 2829 πίστεως
785 2766 1149 2840 ἐλευθερώσῃ.
1197 2768 1383 2822 Ταῦτα
1432 2769 1541 2841 7&9
1582 2769 1798 2824 ἅπαντα
1828 2768 2025 2823 ἐννοῶν
2057 2771 2086 2822 ό

507 2849 776 2921 μακάριος
823 2843 1054 2915 Παῦλος,
1081 2852 1110 2904 ό
1139 2850 1341 2924 θερμὸς
1383 2852 1618 2926 ἐραστής
1645 2852 1742 2906 τοῦ
1770 2852 2032 2924 Χριστοῦ,
2056 2854 2087 2907 ό

504 2932 757 3005 καθάπερ
784 2933 1090 3005 ὑπόπτερος
1120 2934 1217 3006 τὴν
1233 2935 1556 3007 οἰκουμένην
1581 2935 1921 3007 περιτρέχων
1944 2936 2087 2990 ἀπα-

506 3032 625 3083 σαν,
651 3019 681 3070 ό
724 3018 784 3070 ἐν
815 3014 1028 3088 σώματι
1073 3017 1142 3071 τὰ
1191 3016 1300 3071 τῶν
1336 3018 1644 3089 ἀσωμάτων
1680 3018 2086 3074 ἐπιδείκνυσθαι

506 3099 846 3165 σπουδάζων,
865 3099 994 3153 ἐὸόα
1021 3100 1215 3170 λέγων·
1250 3101 1313 3157 Ἡ
1338 3101 1450 3172 γὰρ
1476 3100 1677 3173 ἀγάπη
1696 3102 1804 3158 τοῦ
1825 3103 2085 3173 Χριστοῦ

504 3183 751 3252 συνέχει
772 3181 1097 3255 ἠμᾶς.“ορα
1125 3183 1565 3256 εὐγνωμοσύνην,
1584 3186 1685 3257 ὅρα
1702 3186 1905 3258 ἀρετῆς
1918 3187 2085 3258 ὑπερ-

502 3265 688 3337 ϐολὴν,
731 3266 834 3339 ὅρα
852 3264 1017 3320 πόθον
1049 3265 1258 3331 ζέοντα.
1291 3265 1353 3323 Ἠ
1380 3266 1604 3338 ἀγάπη,
1633 3269 1790 3340 φησὶ,
1824 3269 1932 3323 τοῦ
1953 3272 2088 3340 Χρια

503 3349 657 3404 στοῦ
689 3348 938 3419 συνέχει
964 3348 1154 3419 ἡμᾶς·
1188 3350 1334 3405 τοῦτ’
1366 3350 1535 3414 ἐστιν,
1563 3350 1711 3414 ὠθεῖ,
1736 3352 2085 3421 καταναγκά-

506 3431 610 3496 ζει,
636 3433 975 3501 κατεπείγει.
996 3430 1128 3487 Εἶτα
1150 3432 1486 3505 ἑρμηνεῦσαι
1516 3432 1836 3506 βουλόμενος
1863 3435 1926 3488 τὸ
1955 3438 2085 3507 παρ’

506 3517 701 3571 ἐαυτοὺ
750 3518 938 3590 ρηθέν,
975 3519 1137 3590 φησί’
1166 3520 1502 3588 Κρίναντας
1544 3520 1739 3582 τοῦτο,
1775 3518 1864 3575 ὅτι
1905 3521 1959 3572 εἰ
1998 3513 2086 3586 εἷς

504 3601 656 3670 ὑπὲρ
687 3601 974 3656 ἁπάντων
1009 3600 1331 3669 ἀπέθανεν,
1361 3601 1477 3672 ἀρα
1514 3604 1571 3656 οἱ
1609 3602 1834 3667 πάντες
1863 3602 2085 3658 ἀπέθα-

466 3700 471 3705 ’
503 3701 637 3738 νον.
660 3688 707 3737 Κ
708 3684 769 3738 αἰ
787 3683 940 3753 ὑπὲρ
960 3684 1204 3739 πάντων
1220 3686 1543 3745 ἀπέθανεν,
1564 3685 1666 3738 ἵνα
1681 3688 1734 3739 οι
1756 3683 1968 3750 ζῶντες
1975 3704 2088 3755 μη-

506 3769 632 3823 κέτι
656 3768 893 3836 ἑαυτοῖς
915 3767 1115 3835 ζῶσιν,
1149 3769 1312 3825 ἀλλὰ
1342 3768 1423 3835 τῷ
1450 3768 1603 3839 ὑπὲρ
1632 3769 1833 3823 αὐτῶν
1858 3770 2083 3824 ἀποθα-

507 3854 677 3908 νόντι
704 3852 802 3907 καί
835 3851 1154 3923 ἐγερθέντι.
1185 3848 1339 3916 Εἶδες
1368 3852 1487 3916 πῶς
1510 3852 1736 3917 εἰκότως
1767 3853 1972 3923 ἔλεγεν,
2006 3855 2086 3909 ὅτι

506 3935 759 4005 Συνέχει
782 3934 940 4006 ἡμᾶς
968 3935 1006 4006 ἠ
1036 3934 1236 4006 ἀγάπη
1259 3934 1367 3991 τοῦ
1394 3935 1686 4004 Χριστοῦ;
1722 3935 1784 3991 Εἰ
1814 3937 1923 4009 7&9
1946 3937 2088 4010 ὑπὲρ

507 4019 688 4092 ήμῶν,
702 4020 859 4091 φησὶ,
883 4020 1105 4075 πάντων
1129 4018 1385 4082 ἀπέθανε,
1408 4019 1498 4074 διὰ
1512 4019 1671 4074 τοῦτο
1693 4020 1985 4085 ἀπέθανεν,
2004 4021 2091 4074 ἵνα

509 4104 673 4175 ἡμεῖς
697 4105 747 4157 oi
779 4104 983 4170 ζῶντες
1018 4103 1217 4175 μηκέτι
1256 4105 1468 4168 ἐαυτοῖς
1498 4103 1705 4176 ζῶμεν,
1738 4104 1855 4161 ἀλλ’
1896 4106 2090 4177 ἐκείνῳ

506 4186 595 4285 τῶ
616 4186 945 4285 ὑπὲρήμῶν
977 4186 1303 4285 ἀποθανόντι
1334 4188 1431 4285 καὶ
1466 4187 1768 4285 ἐγερθέντι.
1795 4187 2089 4285 Δεχῶμεθα

507 4269 815 4343 τοίνυν’τὴν
844 4269 1170 4343 παραίνεσιν
1198 4271 1297 4343 τὴν
1322 4272 1706 4345 ἀποστολικὴν,
1734 4273 1829 4328 καὶ
1862 4273 1937 4345 μὴ
1967 4274 2092 4327 ἐαυ-

511 4357 624 4421 τοῖς
652 4354 855 4428 ζῶμεν,
881 4355 1017 4411 ἀλλὰ
1041 4354 1121 4427 τῷ
1142 4355 1452 4429 ὑπέρήμῶν
1474 4357 1910 4413 ἀποθανόντικαί
1934 4361 2090 4430 ἐγερ-

510 4438 676 4494 θέντι.
709 4439 820 4495 Καὶ
851 4439 991 4504 πῶς,
1021 4439 1178 4511 φησὶ,
1212 4439 1559 4512 δυνησόμεθα
1605 4441 1682 4512 μὴ
1714 4441 1928 4505 ἑαυτοῖς
1956 4441 2086 4512 ζῇνς

514 4523 714 4578 Ἄκουε
740 4523 835 4578 τοῦ
867 4523 1134 4595 μακαρίου
1161 4523 1352 4577 τούτου
1387 4523 1549 4578 πάλιν
1582 4522 1833 4594 λέγοντος
1850 4543 1864 4558 ·
1900 4524 1993 4579 Ζῶ
2022 4525 2091 4579 δὲ

511 4608 627 4662 οὐκ
656 4607 745 4662 ἔτι
773 4606 910 4678 ἐγὼ,
937 4605 1006 4677 ζῆ
1029 4607 1099 4662 δὲ
1132 4608 1204 4664 ἐν
1223 4607 1352 4679 ἐμοὶ
1385 4610 1663 4678 Χριστός.
1679 4608 1823 4681 Ὅρα
1853 4608 1971 4674 πῶς
1996 4611 2091 4665 ἐπὶ

512 4690 617 4762 γῆς
649 4690 881 4762 βαδίζων
901 4692 998 4747 καὶ
1015 4692 1178 4765 σαρκὶ
1194 4709 1259 4746 συ
1266 4691 1707 4764 μπεπλεγμένος,
1725 4694 1977 4766 καθάπερ
1997 4694 2090 4748 τὸν

513 4773 738 4843 οὐρανὸν
765 4775 951 4843 οἰκῶν,
982 4777 1076 4831 καὶ
1098 4779 1220 4841 ταῖς
1248 4776 1562 4847 ἀσωμάτοις
1588 4777 2094 4850 συναναστρεφόμε-

514 4870 603 4917 νος
625 4854 937 4927 δυνάμεσιν,
961 4857 1101 4913 οὑτω
1115 4859 1365 4913 διέκειτο.
1384 4859 1484 4914 Διά
1502 4858 1660 4913 τοῦτο
1674 4859 1909 4931 ἀλλαχοῦ
1928 4861 2091 4922 πάλιν

516 4935 701 5005 ἔλεγεν
715 4953 732 4969 ’
761 4942 823 4993 οι
843 4938 913 4994 δὲ
931 4940 1036 4995 τοῦ
1053 4941 1331 5012 Χριστοῦ,
1353 4941 1469 5012 τὴν
1481 4941 1683 5012 σάρκα
1697 4943 2094 5012 ἐσταύρωσαν

516 5018 641 5075 σὺν
657 5019 782 5087 τοῖς
807 5021 1115 5091 παθήμασι
1143 5026 1242 5079 καὶ
1265 5023 1394 5093 ταῖς
1409 5025 1768 5096 ἐπιθυμίαις.
1786 5026 1957 5082 Τοῦτο
1983 5027 2093 5082 τοί-

516 5117 614 5155 νυν
627 5102 744 5156 ἐστὶ
762 5102 821 5157 τδ
850 5102 926 5175 μὴ
950 5105 1161 5171 ἑαυτοῖς
1188 5107 1308 5180 ζῇν,
1327 5108 1464 5164 ἀλλά
1491 5095 1742 5181 τῷίὺπέρ
1773 5109 1932 5181 ήμῶν
1953 5110 2091 5165 ἀποο

517 5184 732 5241 θανόντι
757 5188 850 5243 καὶ
874 5187 1171 5260 ἐγερθέντι,
1198 5191 1326 5245 ὅταν
1344 5190 1593 5263 καθάπερ
1622 5186 1974 5262 πκροὶιῶμεν
1995 5192 2092 5246 τοῦ

519 5269 787 5342 παρόντος
815 5270 955 5344 βίου,
989 5272 1083 5326 καὶ
1118 5273 1255 5345 πρὸς
1290 5273 1459 5345 μηδὲν
1487 5273 1596 5328 τῶν
1622 5274 1923 5347 ὁρωμένων
1940 5269 2093 5347 ὦμεν

518 5353 865 5427 ἐπτοημένοι.
907 5353 1008 5409 Διά
1033 5354 1140 5427 7&9
1167 5354 1327 5410 τοῦτο
1351 5358 1380 5409 ό
1402 5356 1684 5427 Δεσπότης
1712 5357 1869 5429 ήμῶν
1898 5360 2093 5413 ἐσταυ-

521 5435 692 5509 ρώθη,
720 5438 809 5492 ἴνα
840 5438 962 5492 ἀντί
985 5438 1190 5509 ταύτης
1213 5439 1312 5509 τῆς
1337 5438 1483 5510 ζωῆς
1510 5439 1724 5513 ἐκείνην
1742 5441 2093 5508 ἀνταλλαξὼ-

521 5522 689 5586 μεθα·
716 5522 918 5592 μᾶλλον
940 5521 1017 5587 δέ,
1036 5522 1125 5577 ἵνα
1154 5521 1246 5576 διά
1266 5521 1469 5594 ταύτης
1493 5523 1708 5595 ἐκείνην
1724 5527 1936 5590 ἑαυτοῖς
1955 5543 2096 5597 πρα-

520 5604 977 5676 γματευσὼμεθα.
1008 5604 1072 5660 Ἦ
1097 5604 1211 5677 7&9
1236 5605 1486 5676 παροῦσα
1505 5606 1638 5679 ζωὴ,
1664 5608 1758 5662 ἐὰν
1780 5608 2095 5681 βουλώμεθα

519 5692 711 5760 νήφειν
726 5690 820 5743 καὶ
839 5689 1217 5761 ἐγρηγορέναι,
1236 5688 1374 5760 πρὸς
1398 5689 1497 5762 τὴν
1516 5691 1813 5748 ἀπόλαυσιν
1832 5692 1933 5774 τῆς
1961 5693 2090 5748 aiu-

583 5873 610 5903 ⁸
634 5871 863 5938 Quinque
883 5885 996 5930 mss.
1023 5874 1116 5925 ἀπὸ
1138 5873 1423 5933 καταϐολῆς.

1530 226 1600 283 ιιι
1632 181 1784 284 CAP.
1819 226 1937 283 xm
1974 224 2218 284 GENES.
2259 227 2493 287 ιιοιιιι..
2526 229 2767 287 xxxw.

3656 229 3762 288 320

2185 341 2298 397 νίου
2332 343 2476 415 ζωῆς
2507 346 2652 417 ἡμᾶς
2692 344 2904 414 όδηγεῖο
2944 343 3038 397 καὶ⁸
3068 341 3437 415 δυνησόμεθα,
3479 344 3529 396 εί
3563 341 3759 415 βουλη-

2184 428 2407 500 θείημεν
2434 429 2627 501 μικρὸν
2650 427 2989 500 διεγερθῆναι
3019 428 3114 482 καὶ
3142 426 3397 493 διανοῖξαι
3425 428 3489 481 τὸ
3510 428 3609 500 τῆς
3642 430 3760 486 δια-

2183 512 2332 577 νοίας
2354 511 2527 583 δμμα,
2560 512 2658 582 τῆς
2691 512 2810 565 ἐκεῖ
2844 511 3051 583 λήξεως
3075 510 3174 583 τὴν
3208 510 3416 567 ἔννοιαν
3438 511 3525 566 διὰ
3562 514 3761 578 παντὸς

2180 594 2403 665 τρέφειν
2425 596 2554 666 παρ’
2579 595 2811 662 ἑαυτοῖς,
2838 594 2934 649 καλ⁵
2945 594 3091 649 οὕτω
3106 594 3176 649 τά
3198 595 3296 665 μὲν
3318 594 3571 666 ὁρώμενα
3589 613 3761 668 παρα-

2181 687 2398 759 τρέχειν
2435 688 2532 742 καὶ
2564 685 2988 760 ὑπερίπτασθαι,
3018 686 3152 758 πρὸς
3186 685 3244 739 δὲ
3276 685 3347 739 τά
3375 685 3635 756 μέλλοντα
3668 687 3763 742 καὶ

2181 769 2557 836 διαιωνίζοντα
2579 770 2778 825 τείνειν
2800 768 2894 824 τὸν
2914 768 3193 841 λογισμόν·
3221 768 3473 840 καθάπερ
3496 769 3591 824 καὶ
3617 772 3647 823 ὁ
3666 787 3761 841 μα-

2183 854 2374 925 κάριος
2400 845 2556 919 οὗτος
2581 853 2851 908 παιδεύων
2875 854 3022 925 ἡμᾶς
3042 850 3246 921 ἐλεγεν·
3285 854 3346 904 Ὃ
3371 852 3440 906 δὲ
3458 853 3575 908 νῦν
3692 854 3764 907 ἐν

2181 937 2387 1007 σαρκὶ.
2406 937 2476 991 ἐν
2489 936 2687 992 πίστει
2710 935 2782 998 ζῶ
2802 935 2878 1006 τῇ
2897 936 3004 990 τοῦ
3032 933 3169 990 Υίοῦ
3191 935 3297 989 τοῦ
3323 934 3472 989 Θεοῦ
3498 935 3608 991 τοῦ
3622 936 3764 1005 ἀγα-

2183 1021 2498 1089 πήσαντός
2524 1037 2622 1090 με,
2650 1020 2749 1075 καί
2780 1018 3152 1089 παραδόντος
3170 1017 3387 1072 ἑαυτὸν
3409 1017 3566 1086 ὑπὲρ
3580 1017 3759 1095 θροῦ.

2261 1104 2494 1175 ς’.”ορα
2517 1103 2693 1174 ψυχὴν
2722 1102 3143 1174 πεπυρωμένην,
3178 1101 3279 1172 ὅρα
3313 1099 3570 1171 λογισμὸν
3601 1104 3763 1154 ἐπτε-

2185 1186 2450 1257 ρωμένον,
2476 1187 2578 1257 ὅρα
2612 1185 2850 1240 διάνοιαν
2879 1183 3236 1255 ἐκκαιομένην
3261 1183 3337 1252 τῷ
3359 1183 3493 1254 πρὸς
3513 1184 3602 1237 τὸν
3634 1183 3765 1237 Θεὸν

2185 1268 2353 1339 πόθῳ.
2379 1271 2442 1322 Ὃ
2472 1268 2589 1323 νῦν
2624 1267 2718 1332 ζῶ,
2755 1268 2940 1339 φησὶν,
2969 1268 3038 1320 ἐν
3076 1267 3274 1319 πίστει
3310 1264 3400 1326 ζῶ.
3434 1267 3525 1337 Μὴ
3546 1267 3653 1337 7&9
3681 1282 3765 1320 νο-

2186 1352 2385 1425 μίσιητέ
2405 1370 2494 1425 με,
2516 1352 2674 1425 φησὶ,
2695 1351 2969 1406 συντελεῖν
2990 1367 3041 1404 τι
3058 1351 3138 1414 είς
3155 1349 3223 1402 τά
3246 1349 3339 1402 τοῦ
3365 1351 3630 1421 παρόντος
3647 1351 3763 1421 βίου

2182 1433 2337 1508 [548]
2369 1437 2693 1508 πράγματα.
2728 1436 2790 1490 Εἰ
2824 1434 2932 1507 γὰρ
2971 1435 3064 1488 καὶ
3092 1433 3271 1505 σάρκα
3303 1434 3644 1505 περίκειμαι,
3671 1435 3764 1487 καὶ

2183 1520 2304 1582 ταῖς
2328 1519 2596 1588 ἀνάγκαις
2617 1519 2717 1589 τῆς
2737 1518 2953 1588 φύσεως
2973 1516 3231 1589 προσδέδε
3239 1533 3358 1588 μαι,
3378 1516 3495 1570 ἀλλ’
3510 1519 3568 1570 ἐν
3586 1518 3764 1571 πίστει

2186 1600 2284 1667 ζῶ,
2318 1603 2384 1673 τῇ
2413 1603 2492 1666 εἰς
2523 1603 2777 1673 Χριστὸν,
2808 1600 3024 1655 πάντων
3054 1600 3335 1671 ὑπερορῶν
3364 1601 3393 1642 ι)
3418 1600 3527 1654 τῶν
3560 1602 3762 1672 παρόν-

2186 1701 2314 1753 των,
2340 1688 2406 1757 τῇ
2429 1684 2601 1739 ἐλπίδι
2624 1686 2689 1755 τῇ
2712 1686 2790 1749 εἰς
2814 1682 2973 1737 αὑτὸν
2997 1684 3174 1737 πάντα
3197 1684 3576 1754 παρατρέχων,
3612 1687 3762 1737 ἐκτε-

2184 1768 2429 1839 ταμένην
2451 1766 2561 1839 ἔχω
2579 1768 2679 1839 τὴν
2701 1767 2940 1822 διάνοιαν
2955 1766 3093 1839 πρὸς
3123 1765 3304 1819 αὑτόν.
3323 1762 3454 1819 Εἶτα
3478 1767 3564 1820 ἵνα
3587 1767 3764 1841 μάθῃς

2186 1848 2350 1905 αὑτοῦ
2366 1847 2463 1904 τοῦ
2494 1850 2716 1922 φίλτρου
2738 1849 2837 1921 τὴν
2857 1849 3182 1921 ὑπερϐολὴν,
3219 1849 3385 1922 φησίν
3400 1889 3412 1902 .
3431 1849 3535 1903 Ἐν
3564 1851 3765 1903 πίστει

2186 1932 2259 1994 ζῶ
2284 1932 2361 2004 τῇ
2384 1934 2492 1989 τοῦ
2540 1933 2678 1989 Υιοῦ
2709 1932 2819 1987 τοῦ
2857 1931 3007 1988 Θεοῦ
3038 1931 3147 1987 τοῦ
3188 1932 3623 2003 ἀγαπήσαντός
3664 1950 3760 2003 με,

2186 2016 2285 2071 καί
2312 2016 2690 2086 παραδόντος
2716 2013 2938 2071 ἑαυτὸν
2970 2013 3125 2084 ὑπὲρ
3155 2015 3322 2084 ἐμοῦ.
3357 2014 3557 2069 Σκόπει
3592 2016 3764 2085 πόσης

2182 2099 2286 2171 τῆς
2306 2100 2725 2172 εὐγνωμοσύνης
2752 2101 2785 2171 ή
2812 2097 3110 2170 ὑπερϐολή.
3127 2099 3193 2152 Τί
3220 2098 3418 2167 λέγεις,
3450 2091 3497 2151 ὦ
3527 2098 3763 2169 μακάριε

2185 2184 2400 2250 Παῦλε;
2433 2184 2546 2255 Πρὸ
2590 2183 2788 2256 μικροῦ
2832 2182 3035 2252 ἔλεγες,
3059 2184 3167 2248 Ὃς
3196 2200 3261 2254 τε
3290 2182 3397 2237 τοῦ
3434 2182 3587 2236 ἰδίου
3627 2182 3763 2236 Υἰοῦ

2185 2270 2297 2323 οὐκ
2326 2268 2630 2338 ἐφείσατο,
2664 2267 2802 2322 ἀλλ’
2838 2266 2990 2335 ὑπὲρ
3019 2264 3190 2336 ἡμῶν
3231 2266 3473 2319 πάντων
3502 2265 3765 2333 παρέδω-

2186 2362 2292 2404 κεν
2314 2352 2529 2405 αὐτόν’
2571 2351 2666 2405 καὶ
2706 2350 2803 2405 νῦν
2836 2351 3032 2419 λέγεις,
3081 2349 3190 2403 Τοῦ
3217 2347 3644 2418 ἀγαπήσαντός
3670 2364 3762 2417 με,

2186 2434 2279 2487 καὶ
2308 2432 2535 2505 ίδιοποιῇ
2572 2432 2669 2505 τὴν
2699 2433 2887 2505 κοινὴν
2922 2430 3274 2502 εὑεργεσίαν;
3306 2431 3437 2493 Ναὶ,
3482 2430 3678 2501 φησιν⁹
3717 2432 3767 2483 εἰ

2185 2516 2291 2588 γὰρ
2309 2516 2403 2571 καέι
2419 2516 2559 2587 ὑπὲρ
2576 2516 2779 2580 παντὸς
2800 2516 2895 2570 τοῦ
2912 2516 3019 2569 τῶν
3035 2514 3131 2569 ἀνθ
3138 2513 3337 2587 ρώπων
3353 2515 3542 2582 γένους
3559 2515 3593 2584 ἡ
3608 2511 3766 2565 θυσία

2186 2600 2614 2671 προσενήνεκται
2655 2600 2787 2669 παρ’
2824 2598 3012 2659 αὑτοῦ,
3059 2597 3195 2651 ἀλλά
3233 2597 3321 2651 διὰ
3350 2596 3410 2651 τὸ
3449 2598 3576 2668 περὶ
3606 2596 3768 2649 οὑτέν

2187 2682 2409 2754 φίλτρον
2441 2699 2543 2753 μου
2581 2681 2692 2751 ἐγὼ
2729 2682 3091 2752 ἰδιοποιοῦμαι
3119 2680 3181 2734 τὸ
3218 2681 3461 2749 γεγονός.
3490 2680 3647 2734 Οὕτω
3673 2680 3768 2734 καὶ

2186 2767 2303 2829 τοῖς
2324 2766 2632 2836 προφήταις
2654 2763 2774 2827 έθος
2796 2766 2989 2828 ποιεῖν,
3015 2764 3111 2818 καί⁹
3134 2763 3333 2832 λέγειν·
3353 2763 3411 2817 '0
3430 2763 3564 2826 Θεὸς
3583 2765 3612 2815 ὁ
3635 2763 3769 2825 Θεξς

2193 2863 2293 2918 μου
2312 2864 2326 2878 ·
2357 2846 2533 2901 καίτοι
2565 2846 2667 2918 τῆς
2693 2847 3020 2917 οἰκουμένης
3046 2847 3164 2901 ἐστὶ
3183 2846 3316 2910 Θεός
3336 2861 3350 2874 ·
3379 2846 3495 2899 ἀλλ’
3523 2846 3651 2899 ίδιον
3673 2844 3767 2898 τοῦ

2191 2930 2378 2995 πόθου,
2403 2930 2473 2983 τά
2492 2930 2646 2984 κοινά
2670 2928 3060 2983 ίδιοποιεῖσθαι.
3083 2928 3163 2998 Τῇ
3181 2928 3289 2984 τοῦ
3321 2929 3457 2983 Υὶοῦ
3475 2928 3579 2983 τοῦ
3598 2929 3768 2993 Θεοῦ,

2190 3013 2343 3085 φησὶ,
2361 3013 2470 3069 τοῦ
2484 3011 2915 3084 ἀγαπήσαντός
2935 3011 3328 3081 με.Τίλέγεις;
3360 3012 3426 3065 Σὲ
3451 3012 3608 3083 μόνον
3629 3011 3770 3082 ἠγά-

2194 3112 2367 3165 πησε;
2407 3097 2591 3149 Πᾶσαν
2635 3095 2755 3167 μὲν,
2784 3096 2938 3164 φησί,
2970 3096 3068 3166 τὴν
3093 3095 3201 3149 τῶν
3241 3094 3546 3167 ἀνθρώπων
3584 3093 3765 3163 φύσιν,

2195 3178 2311 3233 ἀλλ’
2335 3176 2445 3248 ἐγὼ
2477 3177 2552 3243 ὡς
2595 3179 2753 3250 μόνος
2795 3177 3123 3249 ἀγαπηθεὶς,
3149 3177 3322 3241 οὑτως
3362 3177 3510 3248 αὑτῷ
3539 3178 3768 3248 χάριτας

2192 3261 2409 3332 ὀφείλω.
2434 3261 2544 3316 Καὶ
2567 3261 2940 3331 παραδόντος
2959 3260 3179 3315 ἑαυτὸν
3205 3261 3355 3330 ὑπὲρ
3381 3260 3548 3329 ἐμοῦ.
3567 3261 3631 3314 Τί
3656 3257 3769 3326 οὑν,

2191 3346 2331 3418 ὑπὲρ
2355 3345 2447 3400 σοῦ
2479 3345 2639 3416 μόνον
2663 3342 3014 3416 ἐσταυρώθη;
3047 3344 3159 3399 Οὑκ
3189 3345 3354 3409 αὑτὸς
3397 3344 3566 3414 λέγει,
3586 3345 3772 3398 Ὅταν

2190 3427 2674 3498 ὑψωθῶ,πάντας
2695 3427 2939 3483 ἑλκύσω
2962 3428 3111 3496 πρὸς
3124 3428 3406 3498 ἐμαυτόν;
3443 3429 3588 3502 οὑρὺ
3610 3428 3774 3492 αὐτὸς

2190 3508 2370 3578 εἶπας,
2396 3512 2503 3566 ὅτι⁹
2518 3508 2669 3584 Υπὲρ
2689 3510 2859 3581 ἡμῶν
2888 3510 3130 3565 πάντων
3156 3511 3496 3580 παρέδωκεν
3522 3512 3769 3575 ἐαυτόν;

2190 3596 2320 3660 Ναὶ,
2348 3594 2544 3666 φησίνο
2601 3595 2701 3647 οὑκ
2754 3592 3162 3664 ἐναντιούμενος
3191 3592 3369 3664 ἐαυτῷ
3393 3593 3564 3649 ταῦτά
3605 3611 3768 3665 φημι,

2190 3676 2329 3733 ἀλλὰ
2352 3677 2445 3731 τὸν
2480 3676 2719 3748 ἐμαυτοῦ
2751 3676 2916 3731 πόθον
2961 3676 3474 3747 παραμυθούμενος.
3515 3679 3625 3731 Καὶ
3668 3680 3773 3749 ὅρα

2194 3761 2353 3817 πάλιν
2387 3761 2484 3815 καὶ
2523 3760 2709 3831 ἕτερόν
2730 3777 2781 3813 τι
2810 3760 2899 3813 διὰ
2941 3759 3051 3813 τῶν
3080 3759 3388 3832 εἰρημένων
3424 3763 3573 3831 ἡμᾶς
3620 3761 3768 3817 διδά-

2194 3861 2412 3901 σκοντα.
2436 3843 2721 3915 Ἀνωτέρω
2765 3841 2876 3914 7&9
2920 3842 3090 3896 εἰπὼν
3136 3842 3382 3913 περὶτοῦ
3421 3844 3652 3915 Πατρός,
3687 3844 3780 3898 ὅτι.

2205 3928 2385 3998 ’Υπὲρ
2416 3924 2588 3997 ἡμῶν
2625 3925 2869 3981 πάντων
2907 3925 3253 3995 παρέδωκεν
3281 3928 3490 3992 αὐτὸν,
3536 3927 3775 3982 ἐνταῦθα

2191 4013 2358 4083 λέγει,
2383 4012 2637 4066 Ἑαυτὸν
2669 4009 3013 4082 παρέδωκεν
3041 4028 3050 4039 ·
3101 4010 3219 4064 ἐκεῖ
3251 4011 3377 4080 μὲν,
3400 4011 3488 4065 ἵνα
3516 4010 3614 4082 τὴν
3637 4006 3770 4081 ὁμό-

2193 4115 2341 4154 νοιαν
2361 4096 2511 4170 δείξῃ
2545 4095 2639 4149 καὶ
2669 4094 2768 4166 τὴν
2797 4094 3085 4165 ὁμοτιμίαν
3115 4092 3327 4165 Πατρός
3362 4095 3454 4148 καὶ
3490 4093 3640 4159 Υἱοῦ,
3675 4095 3770 4148 καὶ

2192 4185 2291 4256 τὴν
2323 4181 2636 4250 οἰκονομίαν
2664 4190 2686 4219 ο
2723 4178 3024 4248 αἰνίξηται·
3059 4179 3180 4232 ἐπεὶ¹
3217 4179 3309 4231 καὶ
3345 4178 3578 4249 ἀλλαχοῦ
3614 4195 3765 4248 φησι,

2192 4266 2530 4335 Γενόμενος
2561 4266 2824 4329 ὑπήκοος
2844 4261 3029 4331 μέχρι
3054 4260 3333 4327 θανάτου,
3372 4263 3771 4335 πανταχοῦ-τὴν

2191 4348 2500 4420 οἰκονομίαν
2531 4345 2906 4417 πιστούμενος.
2940 4343 3209 4400 Ἐνταῦθα
3236 4344 3293 4398 δέ
3323 4344 3404 4409 τὸ,
3425 4345 3777 4413 Παρέδωκεν

2193 4433 2431 4496 ἑαυτὸν,
2464 4430 2730 4490 τέθεικεν,
2763 4429 2851 4483 ἵνα
2878 4428 3027 4500 δείξῃ
3050 4429 3132 4481 ὅτι
3162 4429 3303 4482 ἑκὼν
3325 4430 3386 4482 τὸ
3411 4429 3582 4491 πάθος
3607 4446 3770 4486 κατε,-

2191 4515 2405 4582 δέξατο,
2420 4515 2516 4568 καὶ
2533 4514 2633 4567 οὑκ
2655 4513 2871 4585 ἀνάγκῃ
2892 4513 3015 4566 οὑδέ
3040 4511 3150 4583 βία,
3174 4512 3319 4565 ἀλλά
3336 4511 3656 4584 βουλόμενος
3678 4514 3779 4567 καί

2194 4598 2365 4653 θέλων
2404 4597 2570 4651 παντὶ
2600 4595 2679 4667 τῷ
2702 4595 2813 4650 τῶν
2841 4594 3153 4668 ἀνθρώπων
3181 4596 3329 4663 γένει
3368 4595 3466 4668 τὴν
3496 4597 3772 4667 σωτηρίαν

2194 4678 2748 4753 πραγματεύσασθαι,
2778 4678 2871 4733 τὸν
2906 4678 3140 4751 σταυρὸν
3172 4679 3454 4749 ὑπέμεινε.
3484 4678 3650 4731 Ποίαν
3676 4674 3771 4732 οὖν

2194 4767 2313 4821 κατ’
2337 4764 2494 4830 ἀξίαν
2515 4762 2736 4835 ἀγάπην
2753 4761 3126 4829 ἐπιδείξασθαι
3144 4760 3504 4831 δυνησόμεθα,
3524 4761 3660 4832 πρὸς
3681 4762 3771 4816 τὸν

2193 4847 2337 4903 οὑτω
2365 4847 2624 4902 πλουσίαν
2648 4847 2746 4918 τὴν
2769 4846 2899 4915 περὶ
2917 4846 3063 4915 ἡμᾶς
3088 4844 3315 4915 ἀγάπην
3331 4843 3768 4914 ἐπιδειξάμενονς

2195 4932 2316 4987 Κᾶν
2363 4931 2474 5003 7&9
2513 4930 2691 5001 αὑτὴν
2718 4927 2817 4999 τὴν
2850 4927 3037 4998 ψυχὴν
3054 4924 3321 4999 προέσθαι.
3351 4925 3771 4998 καταδεξώμεθα

2195 5015 2335 5087 ὑπέρ
2363 5032 2424 5069 τε
2450 5014 2560 5068 τῶν
2594 5010 2759 5065 αὑτοῦ
2785 5010 2987 5081 νόμων,
3020 5009 3114 5063 καὶ
3143 5007 3244 5080 τῆς
3272 5007 3519 5079 φυλακῆς
3546 5009 3655 5063 τῶν
3688 5013 3774 5064 ἐν-

2194 5098 2365 5152 τολῶν
2392 5094 2502 5151 τῶν
2534 5094 2664 5166 παρ’
2684 5091 2849 5147 αὑτοῦ
2883 5090 3161 5158 δοθεισῶν,
3203 5092 3322 5146 οὑδὲ
3355 5091 3500 5145 οὑτω
3538 5093 3674 5165 πρὸς
3713 5096 3773 5147 τὸ

2199 5181 2398 5253 μέτρον
2429 5178 2631 5249 φθάσαι
2651 5174 2994 5247 δυνησόμεθα
3026 5175 3129 5245 τῆς
3156 5176 3397 5246 ἀγάπης,
3425 5175 3491 5247 ἣν
3525 5194 3591 5229 πε
3602 5177 3652 5246 ρὶ
3676 5177 3775 5245 τὴν

2196 5262 2475 5334 ἡμετέραν
2503 5259 2816 5325 ἐπεδείξατο
2857 5258 3040 5329 φύσιν.
3067 5259 3239 5323 Αὐτὸς
3274 5259 3375 5330 μὲν
3405 5259 3514 5330 7&9
3538 5260 3670 5322 Θεὸς
3698 5260 3774 5312 ὢν

2196 5345 2338 5416 ὑπὲρ
2384 5343 2687 5417 ἀνθρώπων
2737 5341 2895 5397 τοῦτο
2935 5341 3260 5406 κατεδέξατο
3280 5382 3295 5407 ,
3339 5343 3434 5397 καὶ
3493 5344 3767 5412 Δεσπότης

2195 5428 2478 5499 τυγχάνων
2502 5429 2642 5499 ὑπὲρ
2663 5426 2885 5492 δούλων,
2923 5425 3018 5480 καὶ
3045 5425 3144 5497 οὑχ
3172 5425 3313 5497 ὑπὲρ
3337 5425 3538 5479 δούλων
3561 5423 3781 5487 ἁπλῶς,

2197 5511 2335 5568 ἀλλά
2370 5513 2466 5567 καὶ
2506 5510 2839 5583 ἀγνωμόνων
2870 5508 2963 5564 καὶ
3008 5508 3210 5580 πολλὴν
3251 5509 3355 5564 καὶ
3383 5506 3647 5563 ἄσπονδον
3675 5505 3775 5575 τὴν

2199 5596 2396 5668 ἔχθραν
2411 5595 2892 5665 ἐπιδεικνυμένων.
2926 5592 3047 5651 Καὶ⁴
3065 5593 3232 5656 αὑτὸς
3255 5592 3354 5662 μὲν
3384 5587 3672 5659 προλαϐὼν
3692 5589 3777 5651 εἰς

2267 5756 2294 5795 δ
2319 5753 2401 5805 Sic
2422 5755 2552 5805 εει-ιι
2592 5762 2644 5805 et
2665 5762 2857 5820 septem
2878 5771 2989 5807 mss.
3013 5756 3183 5806 Morel.
3204 5755 3401 5816 ὑφορῶν.
3472 5756 3497 5784 ⁸
3517 5754 3690 5819 Οξκονο
3729 5752 3777 5799 iu:

2270 5828 2315 5864 ιιι
2334 5815 2394 5864 de
2415 5816 2605 5865 Christo
2624 5824 2703 5865 est
2720 5832 2901 5865 sermo.
2914 5819 2975 5865 de
3004 5817 3336 5865 lncarnatione
3358 5813 3672 5865 intelligitur.
3694 5770 3777 5865 “te

2206 5828 2315 5865 cum
2334 5815 2394 5878 de
2415 5816 2605 5878 Christo
2624 5824 2703 5867 est
2720 5813 2901 5878 sermo,
2914 5819 2975 5866 de
3004 5813 3336 5865 lncarnatibne
3358 5813 3672 5876 intelligitur,
3697 5813 3777 5865 hic

2206 5889 2325 5929 vero
2347 5877 2410 5929 de
2433 5877 2687 5941 Passioue,
2713 5886 2768 5932 ut
2788 5892 2848 5931 ex
2870 5882 3000 5931 serie
3040 5879 3212 5939 liquet.
