4020 6136
467 256 562 311 321
1416 252 1480 307 ΙΝ
1517 252 1666 308 CAP.
1707 250 1842 305 XIV.
1885 243 2128 304 GENES.
2173 242 2400 304 HOMIL.
2440 245 2652 302 XXXV.

466 368 714 425 inimicis.
757 369 830 423 Et
853 368 965 438 ipse
993 367 1138 436 prior
1166 365 1219 422 itt
1265 365 1508 437 indignos
1554 375 1609 420 et
1651 365 1842 421 millies
1867 364 2040 433 lapsos

469 470 670 516 tantam
695 459 917 515 contulit
961 457 1363 513 beneﬁcentiam
1406 477 1418 511 :
1469 471 1567 510 nos
1613 464 1788 510 autem
1833 452 2041 508 etiamsi

469 553 722 607 faciamus
761 565 1110 620 quascumque
1153 550 1479 619 poterimus,
1511 547 1638 601 nihil
1669 561 1916 617 magnum
1960 545 2040 597 fa-

465 647 668 700 ciemus
688 687 703 710 ,
732 655 792 700 ut
815 646 862 700 ei
891 644 980 714 qui
1024 659 1120 697 nos
1148 643 1306 697 tantis
1337 641 1607 697 beneﬁciis
1638 639 1912 710 praevenit,
1942 639 2042 693 ali-

464 736 589 807 quid
637 736 1010 805 rcpendamus.
1042 735 1230 789 Nostra
1280 734 1422 788 enim
1453 774 1468 796 ,
1513 733 1556 786 si
1583 747 1684 801 qua
1713 738 2033 800 sequuntur,

465 828 742 882 retributio
769 827 982 896 quidem
1011 836 1133 881 sunt
1159 835 1214 880 et
1241 825 1512 887 debitum;
1545 823 1686 879 illius
1710 831 1886 876 autem
1916 828 2040 874 sunt

463 917 628 986 gratia
673 927 729 972 et
774 917 1066 983 beneﬁcia,
1096 917 1498 988 largitionisque
1540 915 1864 985 magnitudo.
1913 913 2040 967 Haec

462 1007 622 1078 igitur
650 1010 828 1064 omnia
875 1009 1205 1079 cogitantes,
1257 1009 1537 1078 diligamus
1583 1006 1853 1062 Christum
1901 1006 2039 1060 sicut

463 1099 666 1154 Paulus
707 1100 877 1169 ipsum
925 1100 1151 1166 dilexit,
1180 1101 1484 1168 nullamque
1513 1099 1852 1170 prmsentium
1885 1097 2039 1150 ratio.

460 1206 582 1244 nent
612 1190 918 1257 habeamus,
938 1191 1031 1245 sed
1057 1199 1365 1259 perpetuum
1383 1189 1497 1258 ejus
1517 1202 1752 1243 amorem
1785 1188 1834 1239 in
1861 1187 2035 1239 anima

464 1288 656 1334 nostra.
695 1280 903 1334 ﬁrmum
947 1289 1002 1334 et
1047 1279 1287 1335 stabilem
1327 1294 1621 1333 servemus.
1664 1276 1738 1331 Ita
1786 1277 1927 1332 enim
1984 1284 2038 1330 et

459 1369 636 1423 omnia
664 1384 783 1438 qua:
825 1371 876 1422 itt
914 1369 1013 1425 hac
1038 1370 1143 1424 vita
1171 1379 1324 1436 sunt,
1346 1368 1724 1430 deridebimus,
1757 1376 1811 1422 et
1839 1375 2032 1422 terram

458 1461 606 1529 quasi
632 1461 1272 1526 cmlnminltabitabimus,
1301 1475 1473 1530 neque
1498 1476 1562 1515 ex
1584 1460 1851 1530 prOSperis
1876 1459 2034 1514 rebus

460 1548 795 1604 remissiores
809 1551 1029 1614 erimus,
1047 1564 1220 1619 neque
1234 1565 1298 1604 ex
1314 1550 1553 1604 adversis
1567 1549 1997 1605 contristabimur
2017 1566 2030 1602 :

457 1641 552 1694 sed
582 1640 828 1695 omnibus
871 1641 1151 1710 pra-teritis
1180 1641 1244 1695 ad
1293 1641 1572 1696 amabilem
1622 1640 1901 1694 Dominum
1934 1653 2033 1692 no-

457 1743 626 1787 strum
658 1732 780 1787 hinc
807 1732 1194 1796 festinabimus,
1242 1747 1415 1802 neque
1439 1731 1744 1786 dilationem
1769 1731 2032 1800 gravatim

457 1825 713 1888 feremus,
743 1823 836 1878 sed
868 1839 1006 1879 nunc
1033 1832 1087 1879 et
1115 1839 1212 1878 nos
1236 1824 1374 1878 sicut
1406 1824 1588 1878 beatus
1634 1823 1723 1876 ille
1752 1823 1992 1876 dicemus
2013 1863 2029 1887 ,

460 1917 607 1983 Quod
627 1933 759 1970 nunc
787 1917 994 1970 vivimus
1021 1917 1075 1970 in
1102 1933 1274 1982 carne,
1305 1917 1356 1968 in
1385 1915 1488 1984 ﬁde
1523 1915 1731 1968 vivimus
1754 1913 1880 1968 Filii
1917 1913 2029 1977 Dei,

455 2010 539 2077 qui
565 2009 739 2062 dilexit
785 2025 908 2076 nos,
927 2019 972 2062 et
999 2010 1317 2078 semetipsum
1346 2007 1554 2062 tradidit
1583 2024 1675 2076 pro
1709 2007 1850 2060 nobis
1887 2004 2029 2079 (Gal.

454 2101 508 2153 2.
550 2101 644 2173 20)
670 2119 682 2153 :
714 2110 770 2156 ut
798 2111 853 2156 et
878 2113 1193 2171 praesentem
1224 2101 1383 2155 vitam
1412 2101 1612 2170 absque
1649 2113 1878 2154 mterore
1908 2113 2030 2167 per-

459 2193 716 2258 ﬁciamus,
766 2201 820 2246 et
866 2191 1056 2246 futuris
1085 2192 1240 2247 bonis
1281 2191 1379 2244 frui
1411 2205 1743 2255 mereamur,
1785 2188 2032 2259 gratiaet

455 2283 820 2338 misericordia
863 2284 1069 2337 Domini
1110 2285 1278 2337 nostri
1317 2283 1444 2337 Jesu
1487 2281 1719 2348 Christi,
1763 2295 1883 2335 cum
1924 2295 2031 2350 quo

459 2377 598 2430 l‘atri
630 2384 686 2430 ct
716 2376 934 2445 Spiritui
964 2385 1150 2431 sancto
1179 2375 1450 2446 sitgloria,
1486 2373 1788 2443 imperium,
1836 2373 2025 2438 honor,

459 2483 598 2523 nunc
617 2477 670 2522 et
699 2483 929 2538 semper,
964 2478 1018 2523 et
1036 2469 1087 2522 in
1113 2469 1306 2523 smeula
1327 2467 1668 2522 satculorum.
1695 2467 1886 2520 Amen.

974 2599 1253 2655 HOMILIA
1289 2598 1508 2655 XXXV.

457 2709 670 2764 Factum
697 2721 769 2764 est
808 2719 974 2765 autent
1005 2713 1057 2765 in
1085 2728 1239 2782 regno
1265 2710 1578 2780 Antarphatlt
1617 2711 1747 2780 regis
1774 2708 2027 2775 Senttaar,

526 2803 712 2856 Arioch
756 2819 847 2856 rea;
873 2803 1088 2869 Alasar,
1130 2812 1176 2856 et
1201 2800 1605 2873 Citodologomor
1643 2817 1733 2854 rea:
1771 2799 1953 2864 Elatn,
1983 2809 2032 2853 et

530 2893 783 2947 Thartltac
810 2910 900 2947 rea:
921 2895 1142 2964 gentium
1167 2901 1423 2965 gesserunt
1448 2892 1632 2947 bellum
1656 2908 1771 2946 cum
1799 2907 1911 2962 rege
1932 2890 2032 2945 So-

523 2984 788 3038 domorum
817 2982 980 3057 (Gen.
1008 2985 1094 3040 14.
1123 2985 1172 3039 1.
1204 2983 1294 3055 2).

526 3094 577 3149 ι.
607 3091 777 3146 Lectio
804 3092 1086 3164 Scriptum
1111 3093 1507 3148 commendatur.
1534 3091 1804 3163 —lngens
1833 3092 2026 3146 bonum

455 3195 556 3250 est,
586 3185 936 3251 dilectissimi,
964 3185 1262 3241 divinarum
1285 3185 1675 3255 Scripturarum
1705 3187 1881 3241 lectio.
1907 3185 2030 3240 [1an

452 3278 595 3332 enim
640 3278 872 3332 animam
921 3293 1046 3332 vera
1093 3277 1430 3348 philosophia
1478 3279 1788 3333 instructam
1831 3279 2024 3347 reddit,

454 3371 568 3424 lucc
595 3371 645 3424 in
676 3371 862 3425 catlum
896 3379 1128 3426 mentem
1156 3369 1436 3436 transfert,
1471 3369 1586 3425 hazc
1615 3385 1904 3425 memorem
1932 3371 2027 3426 be-

452 3462 624 3517 neﬁcii
672 3462 848 3518 reddit
876 3461 1144 3518 hominem
1171 3504 1186 3528 ,
1219 3462 1335 3517 hate
1379 3461 1502 3517 facit
1545 3477 1611 3517 ne
1649 3461 1934 3533 quidquam
1960 3477 2028 3518 ex

451 3555 609 3609 rebus
641 3554 993 3624 pratsentibus
1038 3553 1396 3620 admiremur,
1439 3553 1534 3609 sed
1581 3562 1638 3609 ιιι
1678 3564 1932 3624 perpetuo
1973 3555 2026 3609 in

448 3646 551 3700 alia
581 3647 685 3701 vita
715 3655 896 3701 mente
925 3654 1104 3701 nostra
1135 3661 1444 3710 versemur,
1472 3655 1526 3700 et
1551 3645 1619 3700 ad
1646 3646 1850 3700 Domini
1881 3662 2025 3701 mer-

449 3739 633 3793 cedem
671 3739 1020 3808 respicientes
1060 3739 1237 3794 omnia
1279 3754 1564 3808 operemur
1587 3780 1600 3802 ,
1649 3739 2027 3810 alacritateque

451 3843 639 3896 magna
664 3827 916 3882 virtutum
945 3828 1153 3885 labores
1177 3829 1567 3899 aggrediamur.
1594 3829 1669 3884 Ex
1703 3830 1831 3900 ipsis
1858 3831 2028 3887 disce-

451 3935 508 3972 re
535 3920 658 3974 licet
687 3919 778 3974 Dei
807 3920 1054 3975 celeriter
1092 3921 1452 3976 succurrentis
1487 3920 1898 3990 providentiam,
1933 3922 2025 3992 ju-

447 4019 648 4065 storum
679 4010 1066 4077 fortitudinem,
1101 4010 1308 4066 Domini
1340 4011 1652 4079 bonitatem,
1685 4012 2023 4080 praemiorum

448 4103 887 4174 magnitudinem.
927 4103 1063 4158 Hinc
1105 4117 1389 4172 possumus
1432 4102 1498 4158 ad
1541 4103 1934 4160 aemulationem
1971 4113 2026 4160 et

446 4195 798 4250 imitationem
844 4194 1191 4264 philosophiae
1237 4207 1618 4264 generosorum
1648 4195 1882 4249 virorum
1925 4210 2024 4250 ex-

446 4285 634 4351 citari,
662 4293 722 4340 ut
751 4299 858 4340 non
891 4293 1257 4354 torpescamus
1285 4285 1337 4339 in
1369 4283 1576 4340 virtutis
1603 4286 1980 4341 certaminibus
2005 4302 2019 4352 ;

444 4377 538 4432 sed
565 4376 895 4432 conﬁdamus
925 4375 1118 4431 divinis
1148 4375 1587 4446 promissionibus
1607 4417 1621 4441 ,
1670 4376 1828 4430 etiam
1867 4386 2014 4431 ante-

444 4482 601 4535 quam
645 4467 912 4522 eveniant.
959 4465 1188 4520 Proinde
1229 4480 1416 4534 magna
1461 4465 1772 4536 diligentia,
1819 4481 2018 4536 qumso,

443 4557 741 4611 divinarunt
783 4555 1178 4627 Scripturarum
1216 4556 1430 4611 lectioni
1457 4571 1724 4612 vacemus.
1766 4557 1838 4612 lla
1879 4558 2020 4613 enim

442 4659 496 4704 et
520 4651 796 4705 scientiam
834 4664 1201 4719 assequentur,
1249 4649 1291 4705 si
1338 4648 1403 4702 ad
1446 4663 1529 4713 ea,
1576 4664 1695 4719 qnte
1737 4650 1808 4704 ibi
1850 4651 2019 4721 posita

444 4749 586 4806 sunt,
614 4739 923 4810 frequenter
950 4738 1284 4794 accedamus.
1312 4738 1494 4808 Neque
1516 4739 1658 4794 enim
1686 4740 1798 4795 ﬁeri
1827 4751 2014 4810 p0test,

444 4841 501 4884 ttt
527 4832 570 4885 is
599 4832 687 4900 qui
718 4831 911 4886 divinis
940 4830 1228 4902 Scripturis
1267 4845 1458 4900 magno
1484 4830 1660 4885 studio
1691 4831 2020 4901 ferventique

444 4921 707 4976 desiderio
731 4929 914 4986 vacat,
945 4933 1194 4991 umquam
1228 4920 1556 4989 negligatur;
1602 4919 1695 4975 sed
1727 4921 1850 4976 licet
1877 4921 2014 4977 desit

443 5011 596 5066 nobis
639 5010 870 5065 hominis
899 5010 1256 5081 magisterium
1276 5052 1293 5076 ,
1347 5010 1460 5080 ipse
1499 5011 1761 5066 Dominus
1790 5027 2018 5082 superne

443 5111 624 5158 nostra
651 5101 702 5156 in
729 5101 891 5156 corda
918 5101 1121 5159 intrans
1156 5102 1384 5156 illustrat
1412 5112 1644 5159 mentem
1667 5145 1681 5166 ,
1711 5103 1906 5159 rationi
1927 5104 2017 5173 ju-

443 5192 541 5248 bar
582 5207 736 5249 suum
784 5189 1046 5258 infundit,
1091 5192 1295 5263 detegit
1337 5195 1576 5260 occulta,
1622 5193 1914 5266 ductorque
1963 5195 2019 5251 ﬁt

439 5297 626 5338 eorum
654 5299 773 5353 qua:
815 5282 1155 5353 ignoramus;
1202 5294 1402 5340 tantunt
1448 5289 1491 5341 si
1534 5303 1631 5343 nos
1673 5305 1791 5358 quae
1836 5301 2015 5345 nostra

441 5382 566 5429 sunt
601 5373 790 5429 aderre
821 5374 1066 5430 velimus.
1100 5375 1182 5429 Ne
1209 5378 1391 5430 vocetis
1420 5378 1560 5432 enim
1581 5419 1597 5444 ,
1628 5380 1827 5448 inquit,
1856 5384 2016 5452 magi-

439 5475 597 5520 strum
626 5482 776 5535 super
805 5475 989 5519 terram
1019 5465 1238 5538 (Matth.
1273 5466 1362 5522 2⁸5.
1391 5467 1484 5537 8).
1519 5468 1746 5536 Quando
1775 5472 1930 5542 igitur
1960 5479 2013 5529 In

441 5572 627 5612 manus
663 5558 989 5625 Spiritnalem
1035 5560 1226 5614 librum
1265 5561 1524 5630 capimus,
1571 5563 1774 5618 intenta
1815 5575 2009 5631 mente,

437 5646 674 5711 collectis
707 5645 1040 5718 reductisque
1081 5649 1520 5720 cogitationibus,
1555 5654 1802 5724 omnique
1841 5672 2007 5717 stccur

3613 253 3718 307 3‘12

2149 359 2244 412 lari
2275 374 2401 415 cura
2428 357 2644 431 depulsa
2667 404 2682 430 ,
2725 363 2936 420 lectioni
2981 366 3346 424 incumbamus
3372 385 3490 425 cum
3529 388 3717 444 magna

2147 449 2340 518 pietate
2367 461 2425 506 et
2452 453 2778 518 attentione,
2823 465 2878 509 ut
2925 458 3190 526 possimus
3235 475 3263 513 a
3305 472 3489 515 sancto
3520 463 3717 532 Spiritu

2143 540 2208 594 ad
2240 544 2557 612 scriptorum
2602 545 3001 616 intelligentiam
3047 550 3206 617 duci,
3246 561 3300 606 et
3328 547 3564 608 multum
3598 558 3718 611 inde

2141 629 2375 687 fructum
2406 638 2699 707 percipere.
2730 639 2860 694 Nam
2895 642 3149 697 barbarus
3175 645 3262 700 ille
3291 647 3487 715 regina:
3509 647 3716 702 Ethio-

2145 738 2268 792 pttttt
2323 729 2633 795 eunuchus,
2666 733 2753 800 qtti
2801 734 2852 786 in
2885 743 3028 789 tanta
3072 747 3188 790 erat
3231 738 3419 806 gloria,
3463 749 3518 795 et
3559 755 3716 795 curru

2142 815 2433 873 vehebatur
2455 819 2589 890 (Act.
2618 821 2694 892 8),
2721 838 2787 878 ne
2813 823 2904 878 illo
2923 827 3136 894 quidem
3168 837 3408 898 tempore
3436 832 3716 888 lectionem

2143 908 2481 979 negligebat;
2513 915 2604 968 sed
2638 916 2950 983 prephet-am
2981 919 3040 972 in
3063 920 3306 976 manibus
3335 924 3532 979 habens
3554 967 3569 991 ,
3607 941 3718 980 ma-

2139 1015 2301 1068 gnum
2334 1001 2546 1057 lectioni
2575 1005 2858 1060 adhibebat
2883 1009 3140 1078 studium,
3174 1011 3329 1081 idque
3358 1017 3565 1069 nescius
3592 1017 3713 1084 quid

2142 1087 2193 1142 in
2226 1089 2374 1144 libris
2413 1093 2814 1150 contineretur:
2846 1104 3076 1153 attamen
3118 1101 3239 1169 quia
3281 1102 3537 1158 afferebat
3565 1107 3719 1175 quid-

2140 1178 2264 1246 quid
2298 1179 2348 1232 in
2381 1195 2441 1235 se
2468 1191 2604 1250 erat,
2641 1201 2831 1254 nempe
2856 1189 3086 1241 studium
3108 1230 3121 1252 ,
3150 1191 3505 1260 alacritatem,
3536 1207 3713 1250 alten-

2141 1269 2336 1323 tionem
2356 1312 2385 1336 ,.
2404 1270 2676 1328 doctorem
2705 1287 3016 1334 metusest.
3045 1281 3229 1350 Cogita
3258 1284 3406 1339 enim
3425 1327 3439 1353 ,
3469 1287 3711 1353 obsecro,

2139 1368 2392 1426 quantum
2420 1372 2532 1416 erat
2562 1379 2733 1434 neque
2779 1366 2828 1419 itt
2871 1367 3057 1424 itinere
3101 1371 3382 1428 lectionem
3425 1378 3712 1447 negligere,

2137 1455 2192 1538 et
2219 1452 2512 1517 praesertim
2549 1453 2822 1510 sedentem
2853 1459 2905 1511 in
2929 1474 3111 1514 curru.
3155 1463 3384 1518 Audiant
3413 1471 3710 1538 exemplum

2139 1537 2174 1590 ii
2203 1539 2292 1608 qui
2318 1556 2489 1610 neque
2512 1541 2655 1599 domi
2682 1555 2738 1600 ut
2764 1545 2864 1602 hoc
2890 1547 3101 1615 faciant,
3133 1556 3436 1622 persuaderi
3471 1570 3710 1626 possunt,

2137 1629 2230 1683 sed
2282 1640 2526 1699 putantes
2571 1651 2953 1704 supervacuam
2999 1655 3118 1696 esse
3165 1643 3354 1698 horum
3407 1648 3709 1713 lectionem,

2138 1722 2259 1792 quia
2287 1725 2368 1779 vel
2394 1739 2514 1780 cum
2552 1727 2774 1784 muliere
2805 1729 3076 1798 habitant,
3110 1736 3190 1788 vel
3233 1739 3433 1792 militiae
3459 1741 3712 1811 adscripti

2136 1824 2298 1881 sunt,
2343 1816 2430 1870 vel
2459 1831 2833 1886 puerorumet
2871 1837 3146 1878 servorum
3185 1826 3517 1898 aliorumque
3545 1848 3709 1902 nego.

2138 1903 2330 1958 tiorum
2356 1915 2518 1976 agunt
2542 1922 2725 1963 curam
2745 1949 2761 1974 ,
2806 1926 2912 1965 non
2947 1915 3234 1970 convenire
3275 1917 3374 1972 sibi
3405 1921 3707 1988 opinantur,

2136 2001 2194 2047 ut
2217 1995 2409 2049 divinae
2437 1997 2726 2067 Scriptura:
2766 2001 2982 2057 lectioni
3022 2005 3348 2063 incumbant.
3395 2009 3533 2065 Ecce
3569 2015 3708 2068 enim

2137 2085 2222 2141 hic
2242 2089 2517 2145 eunuchus
2541 2100 2594 2145 et
2614 2091 2888 2157 barbarus,
2915 2111 3032 2164 qua:
3052 2108 3275 2168 utraque
3295 2102 3359 2154 ad
3384 2105 3707 2160 reddendum

2137 2179 2575 2249 negligentiorcm
2613 2182 2964 2247 sufﬁciebant.
2992 2197 3045 2242 et
3073 2189 3138 2242 ad
3167 2189 3279 2246 haec
3300 2193 3566 2263 dignitatis
3594 2214 3707 2250 am-

2136 2269 2338 2338 plitudo
2362 2281 2416 2326 et
2441 2287 2600 2342 opum
2625 2273 2946 2331 abundantia
2976 2295 2988 2330 :
3022 2279 3156 2334 adde
3181 2281 3324 2350 quod
3351 2295 3404 2338 et
3434 2284 3484 2338 in
3518 2285 3707 2342 itinere

2134 2370 2324 2417 eratet
2352 2377 2510 2418 curru
2542 2364 2810 2420 ferebatur
2838 2386 2849 2420 :
2885 2368 2986 2422 hoc
3013 2371 3155 2423 enim
3187 2373 3344 2426 modo
3371 2373 3470 2429 iter
3498 2376 3706 2431 facienti

2135 2468 2241 2506 tton
2267 2461 2347 2508 est
2375 2453 2527 2510 facile
2559 2455 2774 2510 lectioni
2805 2473 2924 2512 esse
2950 2469 3245 2527 attentum,
3276 2463 3383 2518 imo
3407 2466 3560 2520 valde
3591 2484 3708 2522 mo-

2135 2543 2323 2598 lestum
2357 2563 2369 2596 :
2402 2555 2634 2602 attamen
2663 2547 2983 2603 desiderium
3015 2559 3070 2605 et
3111 2553 3344 2607 studium
3385 2558 3561 2611 omnia
3605 2558 3707 2611 itu-

2137 2635 2440 2703 pedimcnta
2469 2653 2498 2692 e
2529 2638 2706 2692 medio
2735 2639 3038 2708 auferebat,
3069 2651 3122 2696 et
3152 2644 3364 2700 lectioni
3393 2647 3479 2702 ille
3509 2649 3711 2704 incum-

2137 2727 2325 2793 bebat,
2374 2745 2473 2784 nec
2502 2730 2711 2785 dicebat
2758 2748 2819 2787 ca
2851 2750 2968 2802 qua:
3012 2749 3155 2790 nunc
3197 2738 3438 2809 plerique
3479 2741 3658 2796 dicunt
3692 2762 3705 2797 :

2133 2817 2248 2870 Non
2277 2819 2514 2886 intelligo
2541 2834 2604 2874 ea
2633 2837 2752 2890 quae
2778 2823 2990 2892 scripta.
3005 2835 3149 2891 sunt,
3180 2843 3528 2896 non-possum
3558 2834 3710 2886 intel-

2137 2908 2298 2976 ligcre
2327 2909 2744 2977 profunditatem
2768 2913 3160 2982 Scripturarum
3191 2935 3202 2969 :
3233 2934 3397 2987 quare
3437 2920 3625 2975 frustra
3657 2935 3710 2979 et

2135 2998 2399 3053 incassum
2428 3000 2662 3057 laborem
2692 3004 3010 3058 sustinerem
3054 3007 3296 3077 legendo,
3325 3010 3448 3066 dum
3479 3029 3580 3067 non
3612 3014 3707 3068 ha-

2135 3089 2235 3144 beo
2275 3092 2363 3161 qui
2413 3092 2826 3162 interpretetur?
2869 3095 3008 3150 Niltil
3061 3098 3247 3152 horum
3293 3103 3554 3170 cogitabat
3599 3105 3705 3173 ille,

2134 3181 2309 3252 lingua
2340 3183 2552 3252 quidem
2591 3185 2849 3241 barbarus
2868 3227 2882 3251 ,
2916 3197 3094 3244 mente
3123 3199 3298 3244 autem
3329 3192 3704 3264 philosoizhus;

2132 3272 2228 3326 sed
2253 3273 2492 3342 cogitans
2523 3275 2698 3344 potius
2726 3290 2786 3331 se
2825 3292 2928 3331 non
2958 3289 3318 3350 contemptum
3363 3285 3460 3351 iri,
3494 3288 3584 3340 sed
3613 3303 3706 3342 su-

2133 3378 2295 3433 perna
2321 3366 2490 3434 gratia
2517 3366 2902 3436 adjuvandum,
2936 3371 3094 3426 modo
3119 3373 3256 3442 quod
3288 3391 3438 3430 suum
3468 3388 3583 3432 erat
3614 3397 3708 3448 pro

2133 3455 2330 3510 viribus
2355 3457 2624 3524 adferret,
2655 3459 2870 3514 lectioni
2902 3461 3261 3520 incumbebat.
3296 3465 3580 3538 Propterea
3613 3471 3707 3526 be-

2132 3547 2327 3616 nignus
2355 3549 2610 3604 Dominus
2640 3552 2804 3620 ipsius
2829 3553 3012 3608 videns
3037 3555 3379 3627 desiderium,
3407 3578 3527 3616 eum
3552 3565 3708 3620 mini-

2132 3653 2219 3693 me
2245 3640 2508 3708 neglexit,
2541 3655 2711 3710 neque
2739 3657 2832 3696 sua
2871 3659 2999 3698 cura
3043 3645 3312 3712 destituit,
3343 3650 3435 3704 sed
3469 3655 3708 3719 protinus

2132 3729 2232 3799 ipsi
2255 3731 2530 3786 doctorem
2557 3733 2720 3786 misit.
2752 3733 2829 3788 Tu
2855 3744 3029 3790 autem
3059 3739 3299 3807 expende
3320 3745 3588 3810 quomodo
3613 3763 3707 3802 ex-

2129 3823 2478 3890 spectaverit,
2510 3833 2569 3878 ut
2596 3824 2710 3893 ipse
2735 3841 2855 3896 qua:
2896 3827 3062 3896 ipsius
3100 3840 3252 3884 erant
3280 3833 3423 3902 prius
3448 3835 3700 3905 adferret,

2128 3923 2183 3968 et
2217 3923 2340 3969 tunc
2368 3930 2522 3970 suum
2568 3914 2815 3985 patefecit
2844 3917 3115 3973 auxilium.
3159 3920 3290 3974 Cum
3332 3921 3489 3992 igitur
3525 3929 3703 3983 omnia

2131 4004 2363 4073 perfecta
2392 4013 2450 4060 et
2476 4004 2720 4062 absoluta
2747 4017 2926 4062 essent
2950 4024 3068 4079 quae
3093 4011 3161 4064 ab
3191 4011 3283 4067 illo
3323 4013 3526 4070 fuerant
3551 4019 3702 4071 exhi-

2129 4096 2300 4150 benda
2323 4137 2338 4162 ,
2370 4095 2625 4166 deinceps
2653 4098 2872 4168 angelus
2909 4099 3116 4155 Domini
3161 4102 3402 4173 Philippo
3440 4111 3702 4176 apparuit,

2127 4188 2314 4242 dicens
2343 4206 2355 4241 :
2385 4187 2551 4260 Surge
2577 4200 2624 4244 et
2645 4190 2772 4244 uade
2796 4191 2865 4244 ad
2892 4192 3022 4244 viam
3048 4209 3162 4262 qum
3185 4195 3436 4249 descendit
3462 4199 3522 4250 ab
3545 4199 3700 4252 Jeru-

2127 4282 2282 4333 salem
2310 4281 2364 4334 in
2393 4280 2622 4348 Gazam;
2652 4283 2759 4336 lucc
2785 4293 2856 4336 est
2884 4284 3096 4338 deserta.
3134 4285 3200 4339 Et
3228 4304 3368 4356 ecce,
3400 4290 3599 4360 inquit,
3631 4295 3702 4346 vir

2127 4371 2200 4426 1E
2207 4372 2391 4444 thiops,
2423 4379 2692 4446 prterectus
2717 4377 2972 4432 eunuchus
3001 4377 3257 4435 Candaces
3287 4384 3472 4453 regina:
3494 4384 3702 4439 /Etltio.

2128 4483 2247 4535 pum
2268 4508 2282 4532 ,
2313 4467 2399 4536 qui
2426 4479 2625 4522 venerat
2649 4469 2954 4524 adoraturtts
2979 4471 3031 4523 in
3054 4471 3377 4538 Jerusalem;
3417 4488 3460 4528 et
3485 4479 3590 4546 ipse
3619 4497 3700 4532 re-

2128 4558 2406 4611 vertebatur
2459 4559 2638 4612 sedens
2695 4575 2845 4627 super
2901 4577 3104 4614 currum
3166 4579 3347 4630 suum,
3417 4568 3702 4639 legebatqne

2125 4648 2320 4703 Isaiam
2343 4649 2635 4722 prophetam
2657 4651 2788 4723 (Act.
2814 4651 2867 4708 8.
2896 4652 3250 4723 26—28).Vide
3275 4673 3432 4727 quam
3456 4669 3700 4714 accurate

2126 4741 2278 4794 nobis
2306 4742 2534 4796 narrarit
2561 4743 2647 4812 qui
2678 4743 2868 4797 librum
2908 4745 3154 4814 scripsit,
3185 4747 3370 4802 dicens
3390 4789 3404 4810 ,
3435 4749 3697 4818 zEt/riops,

2125 4841 2183 4886 ut
2211 4832 2355 4885 illttm
2388 4831 2669 4887 barbarum
2712 4848 2834 4888 esse
2862 4849 3300 4903 cognosceremus
3331 4855 3342 4890 :
3375 4838 3570 4893 deinde
3603 4841 3696 4907 ait,

2125 4923 2442 4992 Prwfeettts,
2470 4941 2574 4994 quo
2603 4926 2818 4979 nomine
2847 4927 3108 4980 maximus
3135 4927 3402 4998 dignitatis
3431 4930 3607 4987 bonor-
3628 4937 3702 4989 si-

2123 5014 2438 5082 gniﬁcatur;
2474 5014 2574 5080 Qui
2598 5023 2819 5080 uenerat,
2849 5015 3050 5083 inquit,
3081 5017 3386 5073 adoraturus
3411 5021 3465 5074 in
3489 5020 3699 5078 Jerusa-

2121 5105 2237 5159 lem.
2286 5104 2420 5160 Vide
2463 5105 2622 5159 etiam
2669 5106 3107 5175 peregrinationis
3153 5123 3365 5164 causam
3390 5151 3406 5176 ,
3454 5112 3696 5169 idoneam

2123 5213 2242 5267 qme
2272 5196 2432 5251 animi
2478 5196 2642 5266 ipsius
2672 5197 2920 5266 pietatem
2958 5197 3193 5254 declaret
3225 5219 3237 5252 :
3270 5203 3514 5271 expende
3555 5207 3698 5260 enim

2121 5295 2372 5357 quantum
2421 5288 2628 5343 itineris
2668 5288 2964 5356 susceperit
3006 5298 3066 5342 ut
3107 5289 3384 5346 Dominum
3429 5295 3695 5350 adoraret.

2120 5381 2271 5436 Tunc
2295 5380 2437 5435 enim
2471 5379 2650 5435 adhuc
2669 5380 2903 5434 divinum
2936 5382 3130 5435 cultum
3172 5383 3568 5440 arbitrabantur
3593 5401 3696 5438 uno

2123 5473 2239 5527 loco
2279 5471 2559 5537 concludi,
2607 5469 2833 5540 ideoque
2877 5470 3032 5540 longo
3071 5481 3285 5540 peracto
3331 5474 3557 5539 itinere,
3593 5473 3697 5527 illie

2120 5579 2242 5619 suas
2269 5579 2455 5635 preces
2481 5563 2770 5619 fundebant
2799 5582 2811 5616 :
2844 5575 3123 5634 propterea
3154 5575 3206 5620 et
3239 5567 3334 5620 istc
3365 5582 3428 5619 eo
3458 5575 3694 5627 venerat,

2127 5656 2214 5711 ubi
2248 5658 2496 5726 templum
2528 5665 2641 5714 erat
2669 5665 2720 5712 et
2750 5655 2919 5714 cultus
2947 5654 3212 5721 Iudaicus,
3248 5653 3714 5716 utadoratiouctm
