4020 6136
311 200 415 257 52$

314 314 541 370 Domino
584 311 926 383 persolveret.
969 306 1033 361 Et
1074 316 1415 377 posteaquam
1455 305 1596 376 quod
1639 305 1884 376 cupiebat

316 405 644 477 implevisset
667 443 682 467 ,
710 400 974 454 Revertens
995 438 1009 464 ,
1043 397 1231 468 inquit,
1258 405 1303 451 et
1333 397 1385 450 in
1417 413 1568 450 curru
1596 413 1688 449 suo
1716 396 1890 450 sedens

314 497 526 569 legebat.

382 589 437 643 2.
483 584 684 641 Deinde
712 599 832 638 cum
862 582 1176 639 accessisset
1213 581 1490 652 Philippus
1517 580 1632 653 (a),
1662 580 1796 636 dixit
1823 580 1889 634 ad

317 680 460 734 illum
492 694 508 732 :
532 675 762 731 Putasne
789 674 1029 745 intelligis
1057 688 1172 743 qua:
1196 673 1320 744 legis
1348 671 1481 742 (Act.
1505 671 1560 727 8.
1583 671 1713 743 50)?
1734 670 1895 726 Vides

315 771 550 824 animum
581 768 895 837 diligentem
920 780 982 820 ac
1008 765 1290 820 sollicitum
1311 804 1328 832 ,
1362 763 1575 819 lectioni
1603 762 1764 819 etiam
1793 762 1891 826 illi,

316 876 475 930 quam
517 874 621 913 non
669 857 1016 926 intelligeret,
1050 855 1476 920 incumbentem,
1524 863 1579 909 et
1619 852 1896 909 doctorem

319 955 404 1024 qui
439 953 608 1021 ipsum
642 951 929 1004 instrueret
954 947 1357 1017 requirentem?
1387 945 1597 1000 Etenim
1624 943 1898 1013 apostolus

315 1047 497 1100 statim
535 1059 631 1114 per
674 1040 1142 1110 interrogationem
1191 1036 1332 1094 illius
1373 1037 1569 1094 excitat
1609 1035 1893 1100 affectum;

316 1137 456 1207 quod
478 1138 620 1192 enim
643 1135 834 1204 dignus
859 1142 1023 1196 esset,
1048 1132 1136 1202 qui
1159 1131 1390 1187 doctoris
1410 1146 1570 1200 opera
1594 1130 1648 1183 in
1667 1129 1898 1184 lectione

319 1227 716 1284 reconditorum
749 1223 1154 1291 intelligentiam
1181 1230 1597 1292 consequeretur
1619 1262 1633 1284 ,
1663 1221 1773 1288 ipsa
1799 1219 1898 1273 viri

323 1319 599 1389 responsio
625 1317 881 1373 declarat.
912 1314 1045 1371 Cum
1067 1315 1208 1370 enim
1235 1315 1503 1382 apostolus
1523 1313 1763 1374 dixisset,
1790 1310 1900 1366 Pu-

320 1421 460 1465 tasne
480 1409 718 1477 intelligis
739 1408 764 1462 ?
788 1416 1042 1477 vesteque
1063 1406 1152 1460 vili
1184 1406 1396 1460 indutus
1419 1405 1732 1458 accessisset
1755 1420 1767 1453 :
1794 1418 1898 1455 non

322 1519 463 1574 tegre
491 1503 608 1556 tulit
636 1517 732 1557 nec
778 1499 1083 1570 indignatus
1105 1507 1224 1564 est,
1267 1511 1440 1566 neque
1480 1511 1538 1550 sc
1582 1493 1900 1551 contumelia

321 1592 460 1647 afﬁci
490 1590 833 1657 existimavit,
861 1589 1002 1659 quod
1034 1587 1299 1658 plerisque
1328 1586 1544 1642 insulsis
1573 1584 1789 1650 accidit,
1813 1583 1900 1653 qni

322 1701 468 1755 saepe
493 1684 696 1740 malunt
724 1685 776 1738 in
803 1693 1058 1753 perpetua
1081 1681 1282 1736 versari
1310 1678 1628 1750 ignorantia,
1657 1677 1778 1747 quia
1811 1691 1905 1744 pu-

321 1775 412 1829 det
433 1774 554 1828 illos
582 1774 932 1844 ignorantiam
965 1785 1114 1825 suam
1145 1770 1412 1835 conﬁteri,
1437 1779 1492 1824 et
1516 1769 1584 1822 ab
1604 1769 1669 1822 iis
1697 1766 1907 1822 discere

322 1867 412 1934 qui
440 1866 636 1920 docere
670 1865 900 1918 valeant.
949 1865 1017 1917 At
1060 1861 1183 1915 huic
1225 1859 1358 1913 nihil
1407 1859 1511 1913 tale
1551 1859 1760 1920 evenit;
1809 1855 1904 1910 sed

324 1971 446 2010 cum
478 1954 886 2009 mansuetudine
927 1961 984 2008 et
1028 1955 1224 2021 pietate
1268 1949 1586 2019 respondet,
1632 1947 1792 2001 animi
1823 1945 1904 1999 sui

325 2057 520 2103 statum
549 2047 848 2106 declarans.
876 2046 1050 2114 aitque
1084 2062 1096 2098 :
1130 2044 1392 2109 Quomodo
1421 2043 1637 2112 possim,
1675 2040 1773 2094 nisi
1795 2039 1907 2108 quis

325 2139 448 2192 mihi
485 2137 752 2193 ostenderit
781 2135 955 2204 (Ibid.
983 2151 1030 2189 υ.
1057 2137 1116 2189 51
1148 2135 1214 2206 )?
1260 2149 1358 2188 nec
1401 2143 1602 2188 tantum
1635 2141 1908 2186 mansuete

327 2229 625 2301 respondit,
655 2245 718 2284 ac
750 2240 931 2298 postea
963 2228 1189 2293 transiit,
1219 2227 1312 2282 sed
1343 2241 1526 2281 rursus
1555 2240 1758 2280 morum
1785 2239 1910 2278 suo-

329 2337 444 2374 rum
471 2321 722 2374 virtutem
753 2320 905 2372 nobis
934 2319 1324 2380 demonstrans,
1363 2317 1462 2371 ista
1494 2317 1741 2385 loquutus
1770 2329 1907 2383 pra:-

329 2409 498 2464 fectus
529 2410 653 2474 ille,
700 2409 990 2474 barbarus,
1035 2422 1195 2461 curru
1243 2415 1459 2472 vectus,
1493 2421 1612 2460 eum
1661 2404 1748 2474 qui
1792 2403 1911 2458 vilis

329 2501 640 2562 videbatur,
685 2508 740 2553 et
785 2514 848 2552 ex
897 2497 1087 2552 vestitu
1114 2496 1578 2561 contemnendus,
1622 2494 1826 2566 rogavit
1853 2503 1911 2548 ut

331 2591 673 2656 ascenderet,
718 2606 780 2645 ac
817 2604 998 2646 secum
1044 2589 1274 2644 sederet.
1317 2587 1478 2643 Vides
1507 2589 1667 2642 animi
1699 2587 1911 2642 fervens

333 2681 611 2737 studium?
654 2681 803 2736 vides
864 2682 1006 2750 pium
1063 2679 1274 2734 barbari
1326 2679 1603 2743 animum,
1646 2678 1914 2748 quomodo

332 2775 587 2845 sapientis
614 2773 888 2844 cujusdam
920 2773 1120 2828 dictum
1155 2771 1283 2826 illud
1317 2771 1614 2840 impleverit
1648 2788 1660 2824 :
1690 2770 1751 2825 Si
1780 2771 1913 2823 tnde-

331 2869 403 2920 ris
440 2867 602 2921 uirum
641 2867 933 2936 prudentem
955 2908 970 2932 ,
1002 2881 1150 2919 mane
1183 2881 1336 2935 surge
1374 2865 1444 2916 ad
1471 2879 1621 2928 eum,
1653 2872 1698 2916 et
1727 2863 1915 2934 gradus

335 2969 576 3014 ostiorum
601 2960 738 3013 illius
766 2959 960 3012 deterat
989 2973 1075 3028 pes
1107 2967 1224 3011 tuus
1257 2954 1456 3028 (Eccli.
1484 2955 1536 3010 6.
1566 2954 1670 3024 56)
1695 2957 1718 3007 ἲ
1759 2954 1916 3008 Vides

338 3049 428 3119 qui
457 3051 646 3104 merito
673 3065 776 3104 non
804 3049 871 3104 sit
893 3047 1205 3119 neglectus?
1234 3047 1380 3102 vides
1405 3045 1493 3115 qui
1518 3050 1709 3100 merito
1733 3059 1916 3113 super-

336 3156 457 3195 nam
499 3141 568 3195 sit
613 3148 975 3209 consequutus
1020 3137 1452 3209 providentiam?
1496 3135 1643 3190 vides
1685 3145 1743 3189 ιιι
1789 3133 1918 3190 nihil

335 3233 577 3288 omiserit
624 3247 812 3287 eorum
859 3246 979 3300 quae
1023 3231 1091 3285 ab
1140 3231 1256 3299 ipso
1302 3227 1479 3282 aﬂ‘erri
1528 3225 1919 3282 conveniebat?

337 3326 626 3392 Propterea
647 3323 904 3390 deinceps
923 3321 1199 3377 doctorem
1221 3328 1431 3386 nactus,
1453 3334 1640 3374 eorum
1667 3318 1774 3372 vim
1799 3332 1920 3388 quae

339 3416 611 3485 proposita
639 3423 792 3470 erant
817 3422 1064 3469 accurate
1091 3412 1372 3479 discebat,
1421 3421 1474 3467 et
1503 3411 1682 3467 animo
1721 3412 1920 3467 illumi-

338 3508 582 3562 nubatur.

414 3596 580 3664 Quam
623 3597 745 3650 utile
772 3595 1097 3666 Scripturam
1144 3595 1344 3667 legere;
1391 3594 1588 3649 nullum
1626 3605 1818 3664 tempus
1855 3594 1923 3648 ad

341 3688 623 3759 Scripturte
644 3688 906 3742 lectionem
931 3687 1326 3742 incommodum.
1349 3715 1419 3727 --
1440 3686 1643 3741 Videtis
1668 3696 1920 3757 quantum

339 3781 411 3835 sit
453 3780 720 3836 connnodi
765 3788 966 3834 attente
1007 3787 1062 3834 et
1091 3779 1328 3834 studiose
1371 3778 1578 3834 divinas
1620 3779 1924 3848 Seripturas

341 3873 557 3943 legere?
588 3872 874 3940 Pmpterea
903 3873 1046 3927 enim
1070 3881 1123 3926 et
1145 3871 1282 3926 hanc
1301 3871 1368 3926 de
1389 3871 1616 3926 barbaro
1649 3870 1922 3925 historiam

342 3965 395 4018 in
427 3963 661 4017 medium
689 3963 840 4016 vobis
868 3961 1120 4031 produxi,
1151 3971 1208 4015 ut
1235 3976 1302 4014 ne
1329 3976 1652 4030 quemquam
1683 3969 1924 4013 nostrum

342 4054 538 4124 pudeat
574 4054 894 4108 imitatorem
925 4052 1040 4106 fieri
1067 4050 1368 4120 IEtltiopis,
1400 4051 1662 4114 eunuchi,
1694 4051 1808 4120 ejus
1837 4051 1926 4120 qui

343 4160 413 4200 ne
443 4144 493 4197 in
540 4145 730 4198 itinere
757 4141 969 4210 quidem
1018 4141 1296 4194 lectionem
1345 4139 1655 4209 neglexerit.
1703 4139 1928 4196 ldoneus

347 4235 490 4290 enim
517 4243 598 4287 est
627 4234 886 4287 barbarus
911 4233 1010 4286 iste
1037 4233 1125 4302 qui
1155 4232 1308 4288 nobis
1330 4232 1576 4288 omnibus
1602 4233 1790 4288 doctor
1815 4235 1925 4299 fiat,

349 4336 460 4380 tum
489 4325 745 4395 privatam
775 4325 936 4378 vitam
964 4325 1318 4391 sectantibus,
1349 4335 1455 4380 tum
1491 4326 1693 4380 militia:
1722 4325 1926 4381 adscri-

352 4421 475 4491 ptis,
505 4427 615 4474 tum
643 4419 899 4490 dignitate
922 4428 978 4474 et
1003 4417 1207 4474 honore
1237 4418 1473 4490 praeditis
1491 4459 1507 4486 ,
1535 4427 1590 4474 et
1621 4429 1676 4474 ut
1700 4419 1751 4473 in
1777 4435 1928 4474 sum-

351 4530 437 4570 ma
463 4515 634 4570 dicam
655 4555 670 4579 ,
703 4514 949 4568 omnibus
987 4530 1091 4568 non
1119 4515 1245 4568 viris
1269 4515 1464 4578 solum,
1493 4513 1586 4568 sed
1612 4520 1666 4567 et
1689 4513 1928 4567 mulieri-

351 4605 481 4671 hus,
512 4613 568 4658 ut
594 4619 713 4673 quae
755 4602 967 4658 assidue
992 4603 1136 4657 domi
1166 4614 1449 4657 versentur
1478 4621 1490 4656 :
1523 4604 1648 4672 quin
1675 4604 1834 4658 etiam
1866 4602 1931 4658 iis

349 4700 538 4754 doctor
578 4696 738 4752 fuerit
777 4695 865 4766 qui
895 4694 1054 4748 vitam
1100 4695 1444 4748 monasticam
1482 4694 1830 4763 delegerunt,
1873 4702 1932 4748 ut

348 4793 557 4848 discant
578 4805 766 4844 omnes
791 4788 994 4844 nullum
1023 4800 1143 4841 esse
1173 4795 1381 4855 tempus
1409 4787 1474 4840 ad
1501 4786 1800 4842 divinorum
1829 4787 1933 4842 elo-

349 4884 595 4955 quiorum
623 4882 906 4937 lectionem
938 4877 1333 4934 incommodum
1357 4917 1373 4943 ,
1402 4876 1495 4930 sed
1524 4877 1635 4930 fieri
1667 4891 1842 4946 posse,
1876 4887 1934 4932 ut

351 4991 458 5030 non
489 4974 663 5030 solum
687 4973 831 5028 dumi
855 5011 872 5038 ,
903 4969 1252 5025 veruntetiam
1290 4969 1342 5022 in
1388 4968 1506 5023 foro
1534 4978 1839 5035 versantes,
1879 4977 1934 5024 et

351 5070 452 5122 iter
480 5064 756 5129 facientes,
783 5070 838 5118 et
863 5063 916 5116 in
943 5059 1236 5115 multorum
1259 5069 1401 5115 emta
1421 5068 1660 5130 agentes,
1688 5075 1750 5115 ac
1774 5059 1933 5114 variis

351 5154 582 5224 negotiis
611 5152 846 5222 impliciti
893 5151 1084 5205 horum
1114 5149 1289 5204 studio
1333 5159 1642 5216 teneamur,
1675 5159 1730 5202 ιιι
1754 5165 1873 5220 quae
1901 5164 1932 5204 a

352 5247 510 5301 nobis
551 5245 852 5314 praestanda
897 5252 1024 5298 sunt
1059 5242 1432 5310 conferentes,
1475 5243 1580 5297 cito
1623 5243 1932 5313 magistrum

349 5336 727 5406 adipiscamur.
776 5334 1029 5390 Dominus
1057 5335 1201 5389 enim
1239 5333 1427 5388 videns
1465 5343 1704 5388 nostrum
1747 5332 1813 5386 ad
1846 5346 1932 5387 res

347 5428 653 5500 spiritualcs
678 5426 948 5495 allectum,
974 5442 1078 5482 non
1105 5425 1352 5497 negliget,
1384 5424 1478 5481 sed
1500 5440 1784 5495 supernam
1814 5424 1933 5478 illu-

410 5585 488 5653 (αὶ
517 5583 735 5653 Nonnulli
771 5592 939 5653 putant
978 5584 1408 5653 hunc_Philippum
1440 5582 1708 5653 apostolum
1746 5582 1929 5645 fuisse;

337 5646 432 5696 alii
447 5659 648 5698 numero
665 5646 830 5712 plures
846 5648 1096 5696 diaconum
1120 5646 1268 5696 fuisse
1286 5646 1584 5695 asseverant.

1037 191 1090 247 S.
1131 188 1404 247 .lOANNlS
1441 186 1910 245 CllRYSOSTO)“
1950 187 2268 244 ARCIIIEP.
2305 189 2839 248 CONSTANTINUP.

3470 200 3574 258 324

1999 307 2310 364 strationem
2333 312 2610 381 prmbebit,
2632 329 2695 368 ac
2717 323 2956 370 nostrum
2980 315 3295 372 illuminabit
3316 318 3572 375 animum.

1999 397 2076 453 Ne
2105 400 2263 468 igitur
2280 442 2294 465 ,
2321 401 2578 469 obsecro,
2609 403 3002 475 Seripturarum
3028 405 3311 462 lectionem
3336 406 3574 476 negliga-

2000 503 2119 544 mus
2145 507 2158 544 :
2192 506 2375 547 verum
2402 493 2515 548 sive
2551 509 2740 548 eorum
2759 538 2773 559 ,
2805 510 2925 564 quae
2955 495 3038 550 his
3065 496 3407 550 continentur
3427 534 3448 561 ,
3472 497 3578 548 vim

2001 580 2376 650 intelligamus,
2417 584 2530 639 sive
2569 585 2902 654 ignoremus,
2943 585 3030 640 illa
3068 584 3378 655 frequenter
3414 585 3579 639 adea-

2002 684 2140 725 mus.
2168 673 2393 726 Assidua
2421 674 2564 728 enim
2590 675 2864 729 meditatio
2905 677 3216 729 memoriam
3243 674 3405 730 efficit
3433 675 3580 728 inde-

2002 762 2215 817 lebilem
2243 782 2258 813 τ
2287 774 2343 819 et
2370 780 2474 818 non
2506 781 2628 820 raro
2655 767 2862 831 evenit,
2891 775 2947 821 ut
2975 767 3117 836 quod
3146 766 3304 820 hodie
3346 767 3585 820 invenire

2002 868 2110 909 non
2133 855 2399 923 potuimus
2418 856 2674 926 legentes,
2701 856 2801 912 hoe
2823 873 3035 912 rursum
3059 868 3272 927 postero
3297 857 3382 911 die
3404 871 3583 926 aggre-

2002 945 2242 1012 dicntes,
2289 959 2510 1016 repente
2548 949 2916 1015 inveniamus,
2949 949 3059 1004 Deo
3084 948 3326 1003 videlicet
3366 964 3462 1016 pro
3485 959 3586 1002 sua

2004 1038 2286 1093 clementia
2317 1040 2524 1096 occulte
2547 1049 2782 1095 mentem
2809 1052 3045 1095 nostram
3072 1040 3385 1099 illustrante.
3411 1039 3587 1094 Caete-

2006 1142 2124 1182 rum
2149 1129 2248 1182 ista
2275 1129 2341 1183 ad
2371 1131 2639 1185 assiduam
2663 1129 2962 1185 divinarum
2988 1130 3380 1200 Seripturarum
3405 1131 3584 1184 lectio-

2006 1233 2127 1272 nem
2155 1220 2547 1288 suscipiendam
2571 1220 2803 1274 diximus
2831 1239 2842 1274 :
2872 1229 2930 1274 ut
2949 1230 3126 1276 autem
3145 1220 3364 1275 diseatis
3388 1220 3441 1274 in
3465 1220 3586 1275 aliis

2004 1315 2169 1368 etiam
2195 1316 2442 1369 omnibus
2468 1315 2569 1369 hoc
2600 1316 2881 1370 Dominum
2917 1315 3090 1370 facere
3127 1315 3496 1377 consuevisse,
3528 1323 3586 1366 ut

2006 1422 2128 1461 cum
2152 1423 2269 1474 qtae
2299 1423 2327 1460 a
2359 1407 2511 1462 nobis
2536 1416 2658 1460 sunt
2686 1406 3092 1470 contulerimus,
3123 1407 3236 1475 ipse
3260 1420 3352 1460 sua
3378 1404 3588 1459 abunde

2007 1496 2343 1568 suppeditet,
2385 1508 2440 1554 et
2467 1499 2608 1568 quod
2652 1500 2704 1552 in
2733 1499 3130 1568 Seripturarum
3174 1498 3402 1552 lectione
3440 1495 3587 1562 fecit,

2008 1588 2170 1643 multa
2214 1605 2336 1643 eum
2378 1588 2653 1644 celeritate
2695 1590 2863 1643 misso
2905 1587 2972 1643 ad
3019 1587 3304 1643 barbarum
3347 1586 3587 1650 doctore,

2010 1678 2117 1734 hoc
2147 1688 2202 1733 et
2241 1679 2294 1731 in
2340 1678 2405 1733 iis
2441 1680 2531 1748 qui
2579 1679 2830 1732 virtutem
2866 1692 3120 1733 exercere
3148 1677 3334 1731 volunt
3374 1676 3588 1741 efficiat,

2010 1769 2131 1824 audi
2159 1786 2278 1839 quae
2304 1769 2576 1823 dicuntur.
2607 1770 2805 1825 Verum
2833 1778 2891 1824 ut
2927 1769 3264 1824 manifestior
3303 1768 3456 1823 nobis
3493 1768 3594 1823 iste

2012 1878 2188 1918 sermo
2210 1861 2483 1927 reddatur,
2510 1873 2929 1918 consentaneum
2960 1860 3119 1915 fuerit
3145 1875 3356 1914 rursum
3382 1875 3502 1925 qua:
3524 1859 3593 1913 ad

2011 1953 2368 2023 patriarcham
2405 1953 2630 2006 attinent
2676 1953 2727 2007 in
2772 1952 3012 2008 medium
3055 1950 3354 2014 adducere,
3395 1959 3448 2004 et
3475 1965 3596 2020 qua:

2013 2043 2128 2098 heri
2157 2043 2300 2098 dicta
2331 2044 2726 2113 subsequuntur
2755 2058 2896 2097 nunc
2937 2057 3232 2096 assumere.
3261 2040 3597 2110 Cognovistis

2012 2136 2157 2192 enim
2182 2142 2246 2189 ex
2273 2135 2384 2204 jam
2411 2135 2568 2189 dictis
2588 2177 2602 2198 ,
2644 2134 2912 2204 quomodo
2938 2135 3181 2189 maxima:
3213 2134 3354 2187 illius
3381 2132 3596 2187 humili-

2015 2228 2138 2283 tatis
2166 2241 2291 2296 erga
2330 2226 2430 2280 Lot
2457 2225 2710 2280 exhibita:
2730 2266 2746 2291 ,
2778 2241 2881 2296 qua
2922 2225 2996 2278 illi
3029 2223 3323 2294 potioribus
3361 2222 3598 2292 partibus

2014 2319 2210 2383 cessit,
2237 2332 2486 2387 magnam
2511 2332 2541 2370 a
2577 2317 2683 2370 Deo
2709 2316 3011 2371 mercedem
3038 2316 3107 2369 sit
3134 2324 3514 2383 consequutus,
3544 2324 3599 2368 et

2017 2413 2430 2483 promissionem
2469 2411 2736 2480 acceperit
2781 2410 2937 2480 longe
2969 2409 3134 2477 ipsius
3176 2407 3309 2462 facta
3339 2422 3597 2476 superan-

2016 2517 2147 2561 tem.
2171 2503 2458 2559 Videamus
2482 2513 2659 2558 autem
2693 2503 2947 2572 deinceps
2974 2503 3133 2558 etiam
3171 2517 3237 2556 ex
3270 2501 3427 2555 hodie
3454 2501 3599 2555 lectis

2016 2613 2231 2654 rursum
2256 2596 2424 2669 ipsius
2443 2596 2570 2667 justi
2598 2597 2870 2661 virtutem,
2893 2603 2952 2648 ut
2974 2593 3041 2647 ita
3065 2593 3416 2663 procedentes
3439 2591 3600 2645 disca-

2018 2703 2138 2744 mus
2178 2686 2500 2743 ineﬂabilem
2549 2687 2642 2741 Dei
2687 2701 2812 2757 erga
2861 2684 3005 2739 illum
3049 2682 3455 2753 providentiam.
3497 2681 3602 2736 Nos

2019 2781 2160 2835 enim
2209 2795 2397 2834 omnes
2447 2793 2540 2847 per
2582 2777 2900 2848 patriarchae
2949 2773 3338 2844 philosophiam
3381 2773 3600 2838 docens,

2019 2872 2147 2924 sinit
2194 2871 2364 2940 ipsum
2396 2886 2487 2939 per
2519 2869 2723 2939 singula
2772 2877 3011 2937 tempora
3050 2861 3208 2935 prius‘
3237 2864 3604 2918 demonstrare

2021 2965 2183 3018 animi
2214 2964 2488 3032 pietatem,
2514 2973 2568 3016 et
2591 2971 2717 3015 tunc
2739 2975 2890 3016 suam
2920 2958 3074 3013 all'ert
3098 2956 3604 3019 remunerationem,

2023 3067 2160 3113 utet
2205 3071 2304 3111 nos
2346 3054 2701 3126 patriarcham
2742 3052 3011 3108 imitantes
3042 3049 3281 3105 studiose
3308 3048 3607 3103 adnitamur

2024 3149 2171 3220 prius
2209 3149 2420 3203 virtutis
2461 3147 2670 3202 labores
2712 3159 3026 3215 capessere,
3070 3152 3229 3213 atque
3273 3142 3346 3196 ita
3386 3139 3453 3195 ab
3493 3139 3610 3209 ipso

2028 3241 2473 3298 remunerationis
2506 3241 2674 3293 vicem
2706 3245 3041 3306 exspectare.

2075 3339 2130 3393 5.
2147 3334 2328 3392 Clades
2343 3335 2473 3404 regis
2493 3333 2850 3396 Sodomorum,
2869 3347 2900 3382 a
2920 3327 3145 3398 pluribus
3160 3326 3355 3398 regibus
3372 3323 3577 3394 impctiti
3589 3363 3608 3389 ,

2025 3428 2290 3499 captivitas
2313 3436 2360 3481 et
2384 3426 2621 3496 spoliatio
2644 3423 2779 3489 Lot;
2809 3422 3075 3476 concordia
3093 3420 3354 3486 laudatur,
3379 3434 3476 3488 qua
3503 3432 3609 3471 scr-

2025 3533 2139 3577 sata
2166 3520 2296 3576 nihil
2322 3519 2414 3574 Lot
2441 3519 2613 3589 fuisset
2633 3532 2907 3585 passus.—-
2927 3513 3030 3569 Sed
3053 3524 3265 3581 tempus
3288 3518 3391 3578 est,
3417 3520 3470 3563 ut
3493 3525 3612 3581 qum

2027 3613 2189 3668 hodie
2219 3610 2354 3666 lecta
2391 3619 2534 3672 sunt,
2569 3607 2720 3661 vobis
2769 3618 3059 3675 proponam
3093 3620 3106 3656 :
3137 3618 3199 3657 ea
3231 3602 3372 3656 enim
3400 3601 3484 3654 vix
3528 3601 3609 3653 in-

2029 3705 2409 3776 terpretatione
2429 3717 2564 3772 opus
2591 3699 2803 3754 habent.
2833 3697 2965 3753 Nam
2993 3697 3073 3751 vel
3101 3697 3213 3766 ipsa
3244 3695 3401 3749 lectio
3429 3693 3608 3747 excel-

2029 3800 2223 3855 lentem
2239 3798 2366 3867 justi
2387 3795 2633 3851 virtutem
2651 3793 2779 3848 satis
2793 3792 3162 3847 demonstrare
3176 3797 3370 3860 potest.
3392 3789 3440 3841 l.
3459 3786 3590 3854 (Cap
3601 3822 3616 3836 .

2032 3891 2122 3959 M)
2139 3888 2355 3944 Factum
2372 3896 2444 3942 est
2459 3897 2646 3952 autem,
2679 3885 2866 3954 inquit,
2901 3883 2952 3936 in
2975 3897 3130 3952 regno
3154 3879 3467 3946 Amarphatlt
3487 3879 3617 3948 regis

2033 3981 2268 4037 Sennaar
2289 4022 2302 4045 ,
2337 3979 2522 4032 Arioch
2565 3993 2655 4031 rex
2713 3975 2935 4041 Elasar,
2979 3983 3028 4027 et
3075 3971 3478 4042 Chodologomor
3529 3987 3620 4022 rex

2031 4071 2205 4140 Elnm,
2239 4081 2284 4126 et
2313 4069 2566 4124 Thartltac
2592 4083 2680 4122 rex.
2705 4066 2946 4137 gentium,
2968 4063 3024 4116 2.
3054 4065 3275 4134 fecerunt
3299 4060 3482 4113 bellum
3503 4076 3619 4111 cum

2031 4164 2191 4219 Balac
2232 4181 2346 4235 rege
2394 4161 2760 4227 Sodomorum,
2811 4169 2855 4212 et
2899 4174 3010 4211 cum
3037 4155 3230 4209 Barsac
3259 4169 3373 4224 rege
3401 4152 3618 4205 (.‘omor-

2032 4261 2159 4324 rima,
2200 4269 2246 4313 et
2289 4273 2406 4310 cum
2452 4255 2686 4310 Sennaar
2733 4268 2849 4322 rege
2880 4251 3094 4314 Adanta,
3148 4257 3192 4300 et
3222 4263 3337 4299 cum
3370 4242 3621 4315 Symobur

2032 4367 2148 4420 rege
2184 4348 2409 4410 Seboim,
2452 4355 2498 4400 et
2545 4362 2659 4416 rege
2683 4343 2875 4408 Balac;
2900 4342 3012 4412 ipsa
3032 4351 3103 4395 est
3125 4340 3306 4409 Segor.
3346 4337 3381 4391 5
3436 4334 3623 4388 Omnes

2034 4444 2072 4496 ii
2120 4441 2207 4512 qui
2248 4441 2659 4509 conspirauerunt
2709 4437 2764 4490 in
2816 4434 2960 4488 Valle
3011 4433 3169 4500 salsa,
3212 4446 3326 4502 quur
3373 4445 3508 4484 nunc
3549 4437 3624 4480 est

2035 4550 2175 4588 mare
2227 4533 2370 4588 salis.
2417 4531 2550 4585 Vide
2600 4530 2889 4600 Scriptum
2943 4525 3308 4598 diligentiam,
3352 4519 3624 4591 quomodo

2035 4626 2252 4680 nomina
2300 4625 2458 4678 etiam
2505 4637 2688 4693 regum
2742 4631 2798 4675 et
2831 4620 3102 4674 nationum
3150 4628 3615 4676 commemorave-

2039 4716 2132 4783 rit;
2169 4733 2274 4772 non
2318 4718 2434 4772 sine
2475 4730 2656 4782 causa,
2702 4713 2796 4770 sed
2836 4721 2894 4767 ut
2931 4728 2998 4768 ex
3043 4711 3232 4764 horum
3273 4705 3629 4777 appellatione

2035 4808 2211 4866 discas
2241 4810 2523 4864 barbarum
2552 4807 2775 4861 istorum
2813 4803 3072 4858 animant.
3104 4800 3196 4855 Isti
3234 4799 3398 4863 enim,
3431 4796 3628 4866 inquit,

2037 4903 2235 4960 bellum
2265 4911 2548 4972 gesserunt
2587 4899 2842 4954 adversus
2868 4895 3222 4952 Sodomorum
3253 4907 3435 4962 regem
3465 4899 3519 4945 et
3544 4905 3621 4944 re

2039 4997 2234 5066 liquos.
2263 4993 2464 5050 Deinde
2503 4991 2628 5047 belli
2667 5005 2882 5046 causam
2908 4987 3068 5044 etiam
3098 4986 3274 5050 docet,
3307 4982 3449 5038 unde
3480 4981 3627 5050 prin-

2037 5089 2233 5158 cipium
2262 5085 2526 5150 habuerit,
2551 5083 2733 5138 dicens
2761 5099 2774 5136 :
2797 5081 2852 5136 4.
2881 5079 3164 5133 Duodecim
3187 5077 3335 5130 annis
3356 5075 3630 5129 servierant

2037 5178 2462 5249 Cltodologomor,
2513 5176 2657 5230 tertio
2702 5182 2873 5227 autem
2920 5171 3114 5224 decimo
3140 5184 3274 5222 anno
3295 5166 3630 5229 desciverunt,

2039 5273 2094 5327 5.
2123 5271 2318 5338 Quarto
2343 5279 2513 5323 autem
2556 5277 2602 5323 et
2649 5266 2842 5320 decimo
2871 5281 3006 5318 anno
3049 5260 3178 5316 venit
3204 5259 3631 5327 Chodologomor,

2039 5373 2087 5416 et
2118 5378 2258 5432 reges
2300 5362 2386 5430 qui
2427 5377 2542 5414 cum
2585 5376 2642 5413 eo
2684 5368 2846 5423 erant,
2877 5367 2923 5411 et
2951 5356 3269 5411 trucidarunt
3313 5352 3539 5422 gigantes
3580 5349 3634 5401 in

2041 5451 2278 5506 Astarotlt
2321 5461 2366 5504 et
2394 5450 2654 5512 Carnaim,
2685 5459 2731 5504 et
2758 5458 2932 5518 gentes
2961 5449 3115 5517 fortes
3140 5463 3241 5499 una
3269 5461 3383 5497 cum
3411 5443 3556 5510 ipsis,
3589 5449 3631 5493 et

2046 5544 2318 5607 Ummceos,
2363 5542 2448 5608 qui
2475 5550 2616 5593 erant
2663 5542 2714 5593 in
2760 5540 2891 5593 Save
2933 5538 3154 5602 civitate,
3187 5536 3238 5589 6.
3269 5545 3316 5587 et
3343 5533 3634 5598 Chorm’as,

2042 5635 2129 5700 qui
2153 5642 2293 5686 erant
2318 5634 2369 5687 in
2399 5632 2646 5686 montibus
2679 5631 2814 5698 Scir,
2846 5645 3002 5700 usque
3023 5632 3090 5681 ad
3114 5625 3468 5683 Terebintttum
3490 5623 3631 5679 Pita-
