4020 6136
370 268 476 324 325

371 382 593 453 λατρεία
625 386 657 454 ή
697 385 982 457 Ἰουδαῐκὴ,
1011 387 1099 440 ἴνα
1129 387 1226 458 τὴν
1261 391 1627 462 προσκύνησιν
1654 391 1836 458 ἀποδῷ
1861 390 1939 460 τῷ

373 466 636 536 Δεσπότῃ.
708 468 816 520 Καὶ
866 469 1053 541 ἐπειδὴ
1105 472 1389 542 ἐπλήρωσε
1445 474 1509 527 τὺ
1575 474 1936 544 ποθούμενον,

383 546 824 618 Ὺποστρέφων,
865 553 997 621 φησί
1014 594 1028 616 ,
1058 553 1158 607 καί
1201 554 1534 626 καθήμενος
1565 558 1662 610 ἐπὶ
1694 555 1799 610 τοῦ
1839 556 1941 625 ἄρ-

364 645 556 698 ματος
581 632 770 686 αὐτοῦ
798 633 1226 704 ἀνεγίνωσκεν.

443 713 508 783 β’.
531 711 662 768 Εἶτα
708 715 935 791 ἐπιστὰς
955 722 984 772 6
1002 719 1266 786 Φίλιππός
1291 739 1424 793 φησι
1440 723 1577 794 πρὸς
1588 722 1767 777 αὐτόν.
1797 719 1940 791 Ἆρά

371 812 438 864 γε
466 795 779 864 γινώσκεις
809 799 848 854 ἀ
875 802 1340 871 ἀναγινώσκεις
1374 801 1523 870 Εἶδες
1563 806 1742 876 ψυχὴν
1772 823 1940 875 μεμε-

369 880 733 951 ριμνημένην,
763 884 863 937 οὐκ
889 884 1090 939 εἰδυῖαν
1116 888 1215 956 μὲν
1242 888 1310 942 τά
1337 889 1653 960 ἐγκείμενα,
1671 889 1938 959 ἐχομένην

368 961 426 1014 δέ
470 963 568 1034 τῆς
614 966 973 1033 ἀναγνώσεως
996 1009 1012 1032 ,
1071 973 1165 1024 καὶ
1207 971 1475 1024 ποθοῦσαν
1525 975 1802 1042 ἐπιτυχεῖν
1841 973 1938 1026 τοῦ

368 1043 689 1115 ὁδηγοῦντος
709 1047 1030 1105 διδασκάλου
1055 1070 1070 1117 ;
1099 1054 1209 1106 Καὶ
1227 1054 1338 1123 γάρ
1361 1054 1561 1119 εὐθέως
1589 1059 1617 1109 ὁ
1645 1056 1937 1120 ἀπόστολος

363 1126 456 1180 διὰ
501 1130 596 1199 τῆς
641 1133 964 1204 ἐρωτήσεως
1005 1135 1262 1207 διεγείρει
1301 1138 1464 1192 αὐτοῦ
1493 1139 1586 1191 τὸν
1628 1140 1824 1192 πόθον·
1856 1140 1937 1192 ὅτι

368 1210 477 1282 γὰρ
517 1212 666 1278 ἄξιος
703 1211 992 1288 τυχεῖν
1031 1218 1125 1272 τοῦ
1159 1221 1479 1291 δδηγοῦντος
1521 1222 1657 1293 πρὸς
1693 1223 1792 1293 τὴν
1829 1223 1938 1276 τῶν

369 1294 704 1364 ἐγκειμένων
737 1301 1082 1372 κατανόησιν,
1125 1302 1263 1374 αὐτή
1311 1306 1343 1373 ή
1387 1304 1675 1373 ἀπόκρισις
1703 1304 1797 1356 τοῦ
1840 1307 1936 1358 ἀν-

365 1374 492 1446 δρὸς
528 1377 696 1448 δηλοῖ.
728 1381 833 1434 Τοῦ
863 1382 972 1454 γάρ
997 1385 1296 1438 ἀποστόλου
1323 1383 1738 1453 εἰπόντος,Ἆρὰ
1763 1406 1827 1456 γε
1860 1407 1937 1458 γι-

365 1460 651 1528 νώσκεις
693 1467 786 1519 καὶ
816 1469 956 1536 μετά
1008 1471 1256 1533 εὐτελοῦς
1283 1474 1558 1542 σχήματος
1599 1476 1934 1544 προσιόντος,

364 1544 464 1627 οὐκ
508 1545 884 1618 ἐδυσχέρανεν.
931 1553 1031 1606 οὐκ
1083 1555 1485 1626 ἠγανάκτησεν,
1539 1558 1639 1610 οὐκ
1687 1559 1938 1627 ἐνόμισεν

366 1626 637 1697 ὑϐρίσθαι,
699 1632 728 1683 ὃ
775 1633 960 1687 πολλοὶ
1015 1636 1126 1690 τῶν
1183 1639 1428 1708 ἀνοήτων
1487 1626 1789 1710 πάσχουσι,
1842 1642 1937 1693 καὶ

368 1712 624 1800 πολλάκις
665 1716 939 1786 αἰροῦνται
988 1722 1046 1773 ἐν
1095 1721 1332 1792 διηνεκεῖ
1379 1723 1572 1794 ἀγνοίᾳ
1623 1725 1934 1800 τυγχάνειν,

365 1795 743 1877 αἰσχυνόμενοι
772 1801 872 1871 τήν
902 1802 1122 1870 ἀγνοιαν
1149 1805 1501 1873 ὁμολογῆσαι,
1533 1807 1626 1858 καὶ
1655 1795 1807 1877 παρά
1829 1806 1937 1860 τῶν

361 1876 570 1944 διδάξαι
597 1881 910 1951 δυναμένων
934 1886 1141 1955 μαθεῖν.
1187 1887 1326 1939 Ἀλλ’
1364 1883 1517 1952 οὗτος
1549 1889 1700 1942 οὐδὲν
1731 1876 1936 1944 τούτων

365 1962 631 2017 πέπονθεν
651 1981 664 1994 ⁸
689 1966 822 2019 άλλά
851 1969 986 2038 μετὰ
1017 1971 1196 2039 πάσης
1223 1973 1518 2034 ἐπιεικείας
1539 1974 1632 2025 καὶ
1653 1973 1936 2038 εὐλαϐείας

360 2044 460 2114 τὴν
489 2046 778 2118 ἀπόκρισιν
808 2053 1061 2114 ποιεῖται,
1088 2051 1300 2116 δεικνὺς
1320 2055 1483 2106 αὐτοῦ
1507 2054 1604 2124 τῆς
1631 2057 1806 2126 ψυχῆς
1837 2058 1934 2128 τὴν

364 2127 718 2195 κατάστασιν,
749 2133 842 2184 καί
874 2150 1037 2203 φησι·
1071 2133 1202 2201 Πῶς
1230 2139 1338 2204 γὰρ
1369 2137 1446 2190 ἂν
1483 2137 1801 2207 δυναίμην,
1829 2127 1936 2193 ἐὰν

356 2209 442 2279 μή
470 2227 559 2275 τις
588 2213 860 2281 όδηγήσῃ
887 2232 997 2283 με;
1035 2216 1138 2269 Καὶ
1169 2219 1230 2270 οὐ
1267 2219 1424 2288 μόνον
1462 2221 1796 2290 ἀπεκρίνατο
1836 2224 1935 2293 μὲν

364 2297 480 2365 μετ’
525 2300 857 2364 ἐπιεικείας,
905 2303 1222 2374 παρέδραμε
1263 2305 1357 2367 δέ,
1400 2305 1536 2359 ἀλλά
1587 2307 1788 2377 μᾶλλον
1827 2308 1935 2362 τῶν

359 2382 576 2434 οἰκείων
591 2383 807 2454 τρόπων
825 2385 1225 2456 ἐνδεικνύμενος
1243 2387 1374 2458 ἡμῖν
1395 2387 1491 2459 τὴν
1515 2390 1736 2462 ἀρετὴν,
1762 2391 1934 2444 ταῦτα

361 2463 531 2518 εἰπὼν
568 2467 941 2538 παρεκάλεσεν
975 2471 1004 2524 ὁ
1040 2470 1341 2541 δυνάστης,
1380 2473 1409 2523 6
1442 2471 1736 2543 βάρϐαρος,
1773 2475 1801 2526 6
1845 2475 1933 2526 ἐπ’

359 2547 635 2618 ὀχήματος
667 2554 965 2624 φερόμενος
991 2555 1084 2608 τὸν
1114 2554 1303 2626 εὐτελῆ
1336 2557 1685 2626 φαινόμενον,
1710 2558 1801 2612 τὸν
1826 2560 1935 2612 ἀπὸ

357 2633 454 2700 τῆς
489 2634 715 2702 ἐσθῆτος
745 2638 1241 2709 εὐκαταφρόνητον,
1262 2639 1541 2694 ἀναϐάντα
1574 2640 1795 2695 καθίσαι
1835 2644 1934 2696 σὺν

357 2715 524 2785 αὐτῷ.
557 2713 708 2781 Εἶδες
735 2719 914 2790 ψυχῆς
941 2720 1282 2792 προθυμίαν;
1321 2719 1459 2787 εἶδες
1491 2723 1779 2788 εὐλαϐείας
1812 2727 1932 2778 ἐπί-

356 2813 512 2852 τασιν
532 2817 545 2863 ;
569 2794 708 2864 εἶδες
749 2801 1025 2874 βαρϐάρου
1057 2803 1284 2876 γνώμην
1314 2805 1581 2876 φιλόθεον,
1612 2807 1726 2870 πῶς
1763 2807 1933 2880 ἐπλή-

362 2899 455 2952 ρου
505 2886 681 2937 ἐκεῖνο
736 2884 991 2960 τξηιαρὰ
1036 2882 1201 2955 σοφοῦ
1242 2907 1383 2953 τινος
1433 2890 1750 2960 εἰρημένον’
1800 2894 1934 2946 Ἐὰν

361 2964 496 3032 ἴδῃς
525 2964 1072 3038 συνετὸπόρθριζε
1102 2971 1252 3038 πρὸς
1282 2974 1503 3037 αὑτὸν,
1536 2974 1632 3026 καί
1658 2974 1934 3044 ,βαθμοὺς

357 3051 556 3119 θηρῶν
593 3053 777 3109 αὐτοῦ
814 3055 1123 3124 ἐκτριϐέτω
1158 3061 1191 3111 ό
1229 3059 1382 3126 ποῦς
1423 3077 1574 3124 σου;
1619 3057 1772 3126 Εἶδες
1817 3061 1934 3126 πῶς

354 3132 579 3198 δικαίως
603 3137 663 3188 οὐ
703 3137 1021 3209 περιώφθης
1057 3134 1196 3204 εἶδες
1250 3139 1368 3204 πῶς
1397 3141 1618 3206 δικαίως
1649 3143 1932 3215 ἀπήλαυσε

355 3215 458 3286 τῆς
482 3216 686 3272 ἄνωθεν
721 3221 1004 3292 προνοίας;
1047 3220 1335 3287 εἶδεςπῶς
1370 3223 1524 3278 οὐδὲν
1566 3226 1778 3280 ἐνέλιπε
1825 3229 1933 3282 τῶν

357 3299 681 3368 ὀφειλόντων
711 3306 840 3375 παρ’
871 3304 1035 3357 αὐτοῦ
1065 3295 1468 3380 εἰσενεχθῆναις
1498 3308 1598 3361 Διά
1637 3310 1795 3363 τοῦτο
1821 3312 1933 3364 λοιο

360 3383 460 3465 πὸν
491 3386 761 3455 ἐπιτυχὼν
793 3386 886 3440 τοῦ
921 3386 1262 3452 διδασκάλου,
1304 3389 1572 3459 ἐμάνθανε
1611 3395 1748 3462 μετὰ
1773 3395 1930 3465 ἀκρι-

357 3464 510 3528 ϐείας
540 3470 633 3522 καὶ
663 3469 772 3521 τῶν
807 3470 1140 3542 ἐγκειμένων
1178 3471 1277 3542 τὴν
1315 3471 1565 3544 δύναμιν,
1601 3476 1694 3530 καὶ
1726 3464 1925 3547 ἐφωτί-

357 3547 480 3612 ζετο
510 3551 609 3622 τήν
637 3549 899 3606 διάνοιαν.

427 3663 592 3720 Ἴδετε
641 3668 764 3723 ὅσον
793 3669 942 3722 ἐστὶν
972 3670 1176 3738 ἀγαθὸν
1223 3672 1284 3723 τὸ
1333 3672 1471 3740 μετά
1509 3674 1789 3744 προσοχῆς
1832 3677 1926 3730 καὶ

356 3750 594 3821 σπουδῆς
639 3752 738 3821 τὴν
778 3753 1082 3819 ἀνάγνωσιν
1117 3753 1386 3806 ποιεῖσθαι
1427 3755 1538 3808 τῶν
1577 3757 1736 3810 θείων
1789 3759 1930 3829 Γρα-

357 3831 502 3901 φῶν;
529 3833 627 3885 Διά
648 3833 754 3906 γάρ
779 3832 937 3887 τοῦτο
963 3835 1057 3887 καὶ
1090 3836 1188 3906 τὴν
1228 3837 1369 3889 κατά
1393 3836 1484 3890 τὸν
1512 3837 1786 3909 βάρϐαρον
1810 3841 1933 3894 τοῦ-

354 3931 447 3968 τον
491 3916 728 3986 ἱστορίαν
785 3918 864 3980 εἰς
914 3918 1078 3987 μέσον
1126 3921 1254 3988 ὑμῖν
1312 3921 1660 3992 παρήγαγον,
1719 3924 1808 3977 ἵνα
1853 3925 1930 3996 μὴ

354 3999 808 4068 ἐπαισχυνθῶμεν
839 3999 1080 4062 ἅπαντες
1112 4001 1352 4072 ζηλωταὶ
1392 4003 1649 4072 γενέσθαι
1695 4007 1789 4058 τοῦ
1833 4009 1929 4060 Αἰ-

355 4079 561 4146 θίοπος,
586 4081 679 4134 τοῦ
705 4081 982 4152 εὐνούχου,
1008 4084 1104 4136 τοῦ
1131 4085 1265 4155 μηδέ
1291 4087 1349 4140 ἐν
1382 4087 1663 4160 ὁδοιπορίᾳ
1682 4090 1782 4160 τῆς
1809 4092 1930 4144 ἀνα-

357 4162 612 4231 γνώσεως
657 4166 1007 4234 ἀμελοῦντος.
1069 4165 1224 4240 [552]
1278 4171 1483 4234 Ἱκανὸς
1540 4173 1647 4244 γὰρ
1697 4167 1852 4238 οὗτος
1901 4177 1931 4229 ό

359 4247 631 4322 βάρϐαρος
662 4251 864 4305 ἅπασιν
891 4254 1023 4322 ἡμῖν
1046 4253 1364 4319 διδάσκαλος
1392 4257 1666 4324 γενέσθαι,
1697 4263 1793 4312 καὶ
1818 4264 1930 4324 τοῖς

355 4332 446 4386 τὸν
477 4333 743 4388 ἰδιωτικὸν
769 4336 884 4406 βίον
917 4339 1378 4410 ἐπανῃρημένοις,
1408 4341 1502 4393 καὶ
1533 4345 1645 4405 τοῖς
1675 4344 1733 4395 ἐν
1761 4361 1928 4414 στρα-

355 4418 447 4488 τιᾷ
485 4419 922 4489 κατειλεγμένοις
945 4461 958 4486 ,
997 4424 1092 4475 καὶ
1119 4423 1176 4475 ἐν
1220 4425 1548 4496 περιφανεία
1577 4429 1928 4496 τυγχάνουσι,

357 4501 450 4554 καὶ
481 4503 645 4554 πᾶσιν
685 4503 1018 4569 ἁπαξαπλῶς
1056 4506 1158 4558 οὐκ
1196 4507 1454 4578 ἀνδράσιν
1479 4549 1492 4572 ,
1521 4509 1656 4564 ἀλλά
1699 4513 1790 4564 καὶ
1834 4529 1931 4580 γυ-

357 4583 563 4650 ναιξὶν,
599 4586 710 4656 ὅσῳ
753 4587 847 4640 καὶ
887 4587 1150 4658 διηνεκῶς
1191 4591 1329 4643 οῖκοι
1369 4591 1754 4662 διατρίϐουσιν,
1794 4594 1931 4649 ἀλλά

357 4668 450 4721 καὶ
481 4672 588 4733 τοῖς
616 4670 710 4723 τὸν
737 4672 1030 4741 μοναχικδν
1053 4673 1167 4742 βίον
1188 4675 1649 4746 ἐπανῃρημένοις,
1676 4677 1762 4730 ἵνα
1788 4696 1929 4746 μαν-

356 4751 558 4807 θάνωσι
604 4756 834 4820 πάντες,
883 4755 959 4819 ὡς
989 4757 1164 4820 οὐδεὶς
1209 4757 1398 4829 καιρὸς
1447 4758 1677 4830 κώλυμα
1718 4763 1930 4829 γίνεται

359 4835 494 4904 πρὸς
517 4836 615 4906 τὴν
644 4837 752 4889 τῶν
783 4838 942 4892 θείων
964 4840 1160 4908 λογίων
1188 4841 1514 4908 ἀνάγνωσιν,
1539 4842 1674 4896 ἀλλά
1702 4845 1930 4900 δυνατὸν

361 4920 437 4992 μὴ
470 4920 631 4989 μόνον
671 4922 760 4973 ἐπὶ
793 4923 970 4984 οἰκίας
991 4963 1005 4984 ,
1034 4923 1168 4976 ἀλλά
1206 4925 1300 4976 καὶ
1341 4925 1428 4978 ἐπ’
1456 4926 1662 4998 ἀγορᾶς
1695 4929 1930 4998 βαδίζονο

358 5022 478 5069 τας,
517 5005 608 5058 καὶ
650 5004 958 5076 ὁδοιπορίαν
996 5010 1385 5078 ποιουμένους,
1423 5012 1517 5063 καὶ
1566 5012 1626 5065 ἐν
1670 5016 1929 5088 συνουσία

359 5088 620 5141 πλειόνων
655 5089 1041 5170 τυγχάνοντας,
1087 5094 1182 5146 καὶ
1219 5095 1507 5164 πράγμασι
1542 5097 1928 5170 συμπλεκομέ-

357 5191 482 5236 νους
507 5172 606 5242 τῆς
642 5169 846 5224 τούτων
871 5173 1086 5244 ἔχεσθαι
1123 5175 1380 5246 σπουδῆς,
1427 5177 1513 5230 ἵνα
1538 5178 1607 5231 τὰ
1631 5182 1762 5252 παρ’
1798 5169 1927 5235 ἐαυ-

356 5256 468 5309 τῶν
503 5255 847 5325 εἰσφέροντες
865 5295 878 5320 ,
912 5255 1121 5326 ταχέως
1150 5258 1361 5311 καὶτοῦ
1392 5261 1714 5330 ὁδηγοῦντος
1742 5265 1932 5318 ἐπιτύ-

357 5357 561 5409 χωμεν.
619 5337 787 5410 Ὁρῶν
823 5337 930 5408 γάρ
975 5338 1130 5408 ήμῶν
1168 5340 1196 5390 ό
1234 5341 1510 5413 Δεσπότης
1552 5345 1649 5415 τὴν
1686 5351 1814 5419 περὶ
1862 5350 1930 5403 τά

358 5423 704 5491 πνευματικά
727 5422 1044 5494 ἐπιθυμίαν,
1072 5424 1132 5477 οὐ
1165 5425 1503 5497 περιόψεται,
1539 5429 1675 5482 ἀλλά
1707 5432 1930 5502 παρέξει

359 5506 458 5575 τὴν
485 5505 690 5558 ἄνωθεν
715 5505 1003 5576 ἕλλαμψιν,
1021 5509 1114 5561 καὶ
1145 5511 1339 5578 φωτιεῖ
1367 5509 1520 5580 ήμῶν
1540 5511 1639 5584 τὴν
1669 5513 1924 5571 διάνοιαν.

360 5588 454 5658 Μὴ
481 5589 660 5642 τοίνυν
688 5589 1011 5662 ἀμελῶμεν,
1045 5592 1378 5662 παρακαλῶ,
1415 5595 1514 5666 τῆς
1545 5597 1928 5666 ἀναγνώσεως,

363 5669 496 5728 ἀλλὰ
536 5673 636 5727 κάν
666 5690 724 5725 τε
770 5675 1002 5746 εἰδῶμεν
1034 5675 1144 5731 τῶν
1182 5677 1518 5749 ἐγκειμένων
1551 5679 1649 5753 τὴν
1678 5681 1928 5754 δύναμιν,

1388 275 1454 330 IN
1491 278 1644 334 CAP.
1686 278 1800 334 XIV
1843 275 2083 334 CENES.
2122 279 2354 336 llOMll..
2398 280 2611 336 XXXV.

3510 277 3617 338 524

2041 395 2141 447 κάν
2169 411 2227 447 τε
2263 394 2582 466 ἀγνοῶμεν,
2615 393 2855 465 συνεχῶς
2897 393 3039 448 αὐτά
3079 393 3344 464 ἐπίωμεν.
3395 394 3461 447 Ἦ
3505 394 3613 465 γὰρ

2038 475 2290 548 διηνεκὴς
2340 477 2543 548 μελέτη
2591 478 2976 544 ἀνεξάλειπτον
3006 476 3298 550 ἐργάζεται
3327 476 3428 548 τὴν
3475 477 3613 548 μνή-

2041 577 2174 630 μην·
2215 561 2308 614 καὶ
2341 561 2598 625 πολλάκις
2641 562 2780 632 ὅπερ
2819 563 3062 634 σήμερον
3118 562 3299 631 εὑρεῖν
3329 562 3428 613 οὐκ
3461 560 3612 629 ἰσχύ-

2039 657 2214 712 σαμεν
2257 644 2616 712 ἀναγνόντες,
2662 645 2821 698 τοῦτο
2853 646 3014 698 πάλιν
3055 643 3247 715 αὔριον
3296 642 3614 704 ἐπελθόντες

2036 724 2230 795 ἀθρόον
2267 724 2499 798 εὕρομεν
2523 766 2538 790 ,
2591 725 2686 780 τοῦ
2733 726 3115 798 φιλανθρώπου
3168 725 3304 779 Θεοῦ
3367 725 3614 796 ἀοράτως

2039 807 2194 878 ήμῶν
2223 809 2322 879 τὴν
2346 809 2584 864 διάνοιαν
2611 810 2973 877 φωτίζοντοςά
3000 808 3160 862 Ἀλλά
3188 806 3363 860 ταῦτα
3392 807 3490 878 μὲν
3518 805 3613 860 νῦν

2038 889 2174 960 πρὸς
2198 893 2258 944 τὸ
2297 892 2494 962 συνεχῆ
2533 892 2820 944 ποιεῖσθαι’
2845 891 2945 962 τὴν
2974 892 3278 960 ἀνάγνωσιν
3315 890 3425 942 τῶν
3453 889 3614 942 θείων

2038 973 2270 1044 Γραφῶν
2295 975 2630 1045 εἰρήκαμεν·
2668 974 2753 1027 ἵνα
2779 973 2837 1028 δὲ
2887 974 3115 1045 μάθητε,
3146 975 3228 1027 ὅτι
3265 973 3356 1026 καί
3384 973 3475 1025 ἐπὶ
3503 970 3614 1023 τῶν

2037 1060 2213 1114 ἄλλων
2252 1061 2504 1114 ἁπάντων
2528 1060 2686 1114 τοῦτο
2720 1060 2800 1131 τῷ
2823 1059 3073 1130 Δεσπότῃ
3103 1057 3242 1122 ἔθος,
3294 1056 3512 1110 ἐπειδὰν
3546 1053 3615 1106 τά

2038 1142 2167 1212 παρ’
2203 1142 2412 1196 ἑαυτῶν
2445 1142 2864 1214 εἰσενέγκωμεν,
2902 1141 3042 1212 μετὰ
3077 1140 3356 1211 δαψιλείας
3384 1138 3452 1192 τὰ
3480 1139 3612 1207 παρ’

2035 1225 2228 1278 ἐαυτοῦ
2258 1229 2485 1296 χορηγεῖ
2507 1226 2599 1278 καὶ
2621 1225 2802 1290 αὐτὸς,
2829 1225 2923 1279 καὶ
2949 1226 3084 1298 ὅπερ
3113 1226 3206 1278 ἐπὶ
3229 1225 3328 1294 τῆς
3360 1220 3609 1288 ἀναγνώ-

2037 1325 2176 1372 σεως
2212 1309 2482 1379 πεποίηκε
2524 1308 2662 1379 μετὰ
2707 1308 2905 1378 πολλῆς
2932 1308 3032 1378 τῆς
3060 1306 3362 1378 ταχύτητος
3389 1305 3614 1374 πέμψας

2034 1392 2125 1444 τὸν
2158 1391 2480 1444 διδάσκαλον
2514 1391 2592 1461 τῷ
2625 1391 2909 1462 βαρϐάρῳ,
2946 1389 3105 1443 τοῦτο
3133 1389 3346 1442 καῒ“έπί
3377 1388 3484 1440 τῶν
3512 1386 3612 1456 τὴν

2036 1475 2234 1545 ἀρετὴν
2264 1475 2504 1545 μετιέναι
2539 1475 2876 1544 βουλομένων
2913 1472 3226 1543 ἐργάζεται,
3253 1473 3482 1527 ἄκουσον
3503 1470 3614 1523 τῶν

2036 1556 2132 1609 νῦν
2161 1557 2491 1625 λεγομένων.
2532 1558 2676 1611 Ἀλλ’
2719 1558 2807 1610 ἵνα
2845 1555 3179 1628 σαφέστερος
3219 1557 3349 1626 ἡμῖν
3394 1554 3423 1606 ὁ
3454 1551 3612 1620 λόγος

2036 1641 2250 1711 γίνηται
2278 1637 2430 1704 οὗτος
2452 1682 2466 1704 ,
2511 1641 2801 1695 ἀκόλουθον
2838 1639 2902 1692 ἂν
2933 1639 3018 1711 είη
3065 1640 3228 1692 πάλιν
3257 1639 3324 1692 τὰ
3352 1636 3492 1690 κατὰ
3523 1634 3614 1688 τὸν

2036 1726 2382 1795 πατριάρχην
2417 1725 2496 1787 εἰς
2533 1724 2697 1794 μέσον
2728 1725 2987 1792 ἀγαγεῖν,
3022 1723 3116 1776 καὶ
3165 1722 3264 1791 τῆς
3291 1718 3612 1779 ἀκολουθίας

2035 1809 2143 1861 τῶν
2168 1809 2292 1878 χθὲς
2325 1811 2456 1878 ἡμῖν
2492 1808 2798 1879 εἰρημένων
2821 1807 2918 1859 νῦν
2948 1804 3324 1859 ἐπιλαϐέσθαι.
3368 1803 3477 1858 Καὶ
3501 1799 3612 1868 γὰρ

2035 1891 2236 1958 ἔγνωτε
2257 1893 2322 1944 ἐκ
2351 1890 2460 1944 τῶν
2492 1891 2595 1960 ήδη
2640 1891 2934 1961 ῥηθέντων,
2962 1888 3081 1952 πῶς
3108 1889 3206 1957 τῆς
3241 1885 3442 1954 πολλῆς
3463 1883 3608 1936 ἐκεί-

2035 1991 2132 2044 νης
2162 1973 2661 2045 ταπεινοφροσύνης
2686 2011 2701 2034 ,
2741 1974 2807 2042 ἢν
2846 1972 2976 2042 περὶ
3011 1971 3102 2025 τὸν
3135 1969 3259 2024 Λὼτ
3298 1965 3612 2030 ἐπεδείξατο

2037 2057 2446 2127 παραχωρήσας
2466 2055 2614 2125 αὐτῷ
2637 2054 2746 2108 τῶν
2775 2052 3078 2124 πρωτείων,
3101 2050 3302 2120 πολλῆς
3327 2048 3611 2116 ἀπήλαυσε

2033 2139 2136 2208 τῆς
2173 2139 2380 2194 ἀνωθεν
2410 2140 2666 2209 ἀμοιϐῆς,
2691 2138 2983 2207 ὑπόσχεσιν
3011 2135 3302 2205 δεξάμενος
3327 2131 3504 2202 πολλῷ
3532 2129 3612 2200 τῷ

2037 2222 2219 2292 μέτρῳ
2268 2221 2706 2292 ὐπερϐαίνουσαν
2751 2220 2818 2273 τά
2863 2221 2990 2290 παρ’
3035 2218 3200 2272 αὐτοῦ
3246 2215 3606 2285 γεγενημένα.

2038 2303 2263 2374 Ἴδωμεν
2307 2304 2364 2356 δέ
2395 2303 2581 2357 λοιπὸν
2615 2305 2708 2358 καὶ
2741 2306 2804 2356 ἐκ
2837 2302 2941 2356 τῶν
2987 2303 3224 2372 σήμερον
3262 2294 3610 2366 ἀνεγνωσμὲ-

2033 2403 2139 2439 νων
2163 2385 2322 2438 πάλιν
2352 2385 2445 2438 τοῦ
2471 2386 2679 2439 δικαίου
2701 2387 2798 2457 τὴν
2826 2384 3045 2455 ἀρετὴν,
3065 2384 3130 2437 ἵν’
3156 2382 3298 2435 οὕτω
3330 2379 3608 2451 προϊόντες

2034 2470 2440 2540 καταμάθωμεν
2473 2470 2569 2539 τὴν
2597 2470 2804 2538 ἀφατον
2843 2468 2937 2521 τοῦ
2983 2467 3120 2520 θεοῦ
3164 2466 3290 2537 περὶ
3319 2465 3480 2518 αὐτὸν
3517 2481 3608 2532 γε-

2032 2554 2340 2624 γενημένην
2373 2553 2721 2624 κηδεμονίαν.
2749 2551 3028 2605 Παιδεύων
3052 2550 3162 2620 γὰρ
3184 2550 3430 2611 ἅπαντας
3456 2548 3606 2617 ἡμᾶς

2031 2635 2118 2689 διὰ
2151 2638 2250 2706 τῆς
2279 2637 2375 2689 τοῦ
2413 2636 2756 2708 πατριάρχου
2795 2634 3130 2703 φιλοσοφίας,
3189 2631 3412 2701 ἀφίησιν
3447 2629 3609 2683 αὐτὸν

2033 2718 2155 2771 καθ’
2211 2720 2441 2772 ἕκαστον
2496 2719 2685 2788 καιρὸν
2729 2718 2992 2788 πρότερον
3050 2712 3455 2768 ἐπιδείκνυσθαι
3507 2712 3608 2781 τῆς

2032 2802 2238 2865 οἰκείας
2265 2801 2489 2872 γνώμης
2521 2802 2580 2854 τὸ
2608 2800 2874 2870 φιλόθεον,
2912 2801 3006 2854 καὶ
3036 2799 3156 2850 τότε
3193 2797 3292 2868 τὴν
3322 2799 3454 2866 παρ’
3486 2796 3608 2850 ἐαυ-

2031 2885 2126 2939 τοῦ
2159 2886 2390 2958 άμοιϐὴν
2421 2886 2701 2956 εἰσφέρει,
2750 2886 2836 2938 ἵνα
2872 2881 3264 2950 σπουδάσωμεν
3303 2879 3397 2931 καὶ
3447 2877 3604 2930 αὐτοὶ

2037 2969 2362 3038 μιμούμενοι
2401 2969 2491 3021 τὸν
2525 2968 2868 3038 πατριάρχην
2909 2965 3167 3035 πρότερον
3197 2962 3462 3030 ἐγχειρεῖν
3495 2961 3608 3021 τοῖς

2033 3052 2132 3121 τῆς
2161 3051 2362 3121 ἀρετῆς
2412 3050 2617 3112 πόνοις,
2656 3050 2749 3102 καὶ
2792 3047 2964 3109 οὕτως
2995 3045 3286 3115 ἀναμένειν
3329 3043 3438 3096 τῶν
3476 3042 3606 3114 παρ’

2034 3132 2198 3186 αὐτοῦ
2231 3132 2475 3202 ἀμοιϐῶν
2507 3131 2605 3203 τὴν
2634 3132 2922 3185 ἀντίδοσιν.

2102 3285 2171 3346 γ’.
2221 3278 2359 3330 Ἀλλ’
2386 3277 2502 3349 ὦρα
2527 3277 2710 3330 λοιπὸν
2735 3275 2874 3329 αὐτά
2897 3276 3024 3345 ύμῖν
3053 3271 3447 3344 προτιθέναιτά
3464 3271 3626 3341 σήμε-

2033 3380 2125 3434 ρον
2152 3363 2534 3431 ἀνεγνωσμένα
2547 3359 2576 3403 ’ί
2590 3360 2706 3414 οὐδὲ
2731 3359 2839 3428 γὰρ
2865 3358 3157 3430 ἑρμηνείας
3184 3357 3350 3410 δεῖται
3384 3353 3567 3426 σχεδδν
3585 3393 3603 3418 ,

2031 3445 2166 3500 ἀλλὰ
2205 3445 2298 3498 καὶ
2327 3446 2464 3514 αὐτὴ
2498 3446 2532 3514 ή
2587 3444 2890 3510 ἀνάγνωσις
2945 3440 3104 3511 ἱκανὴ
3148 3440 3316 3504 δεῖξαι
3358 3439 3458 3508 τῆς
3508 3437 3604 3490 τοῦ

2030 3529 2239 3581 δικαίου
2285 3527 2486 3598 ἀρετῆς
2534 3525 2632 3595 τὴν
2685 3523 3008 3594 ὑπερϐολήν.
3058 3523 3318 3591 Ἐγένετο
3357 3521 3446 3584 δὲ,
3502 3537 3604 3588 φη-

2033 3611 2117 3663 σὶν
2144 3650 2159 3672 ,
2216 3610 2287 3663 ἐν
2329 3607 2478 3678 [555]
2535 3606 2607 3675 τῇ
2652 3606 2942 3672 βασιλείᾳ
3002 3604 3076 3672 τῇ
3130 3604 3428 3674 Ἀμαρφάθ
3491 3603 3606 3666 ,βα-

2030 3692 2248 3756 σιλέως
2320 3689 2622 3757 Σενναὰρ,
2683 3687 2882 3756 Ἀριὼχ
2936 3686 3238 3752 ,βασιλεὺς
3307 3683 3563 3751 Ἐλασὰρ
3587 3721 3603 3746 ,

2031 3774 2129 3828 καί
2163 3772 2575 3842 Χοδολογομὸρ
2623 3769 2926 3837 ,βασιλεὺς
2969 3770 3185 3840 Ἕλάμ,
3245 3769 3342 3823 καί
3371 3767 3603 3836 Θαρθὰκ

2027 3856 2328 3923 ,βασιλεὺς
2398 3855 2589 3910 ἐθνῶν
2608 3897 2624 3922 ,
2686 3853 3050 3921 ἐποιήσαντο
3119 3855 3384 3922 πόλεμον
3451 3849 3603 3921 μετὰ

2031 3939 2236 3996 Βαλὰκ
2254 3938 2562 4005 ,ϐασιλέως
2590 3938 2886 4006 Σοδόμων,
2919 3936 3015 3990 καὶ
3038 3936 3186 4006 μετά
3222 3936 3464 4004 Βαρσὰκ
3495 3938 3604 3988 Βα-

2031 4025 2250 4088 σιλέως
2288 4024 2590 4093 Γομόρῤας
2613 4061 2627 4080 ,
2659 4021 2757 4074 καὶ
2797 4021 2947 4090 μετὰ
2994 4021 3259 4088 Σενναὰρ
3299 4017 3605 4083 βασιλέως

2043 4107 2278 4176 Ἄδαμὰ,
2320 4107 2419 4161 καί
2454 4103 2722 4174 Συμοϐὸρ
2751 4102 3058 4168 ,βασιλέως
3081 4101 3338 4171 Σεϐοείμ,
3373 4098 3468 4153 καί
3491 4100 3604 4162 βα-

2029 4193 2243 4258 σιλέως
2286 4190 2490 4244 Βαλὰκ
2514 4204 2527 4218 ⁶
2569 4189 2720 4256 αὕτη
2752 4187 2885 4242 ἐστί
2915 4186 3137 4257 Σηγώρ.
3186 4184 3414 4250 Πάντες
3437 4179 3603 4238 οὗτοι

2030 4276 2478 4344 συνεφώνησαν
2531 4271 2628 4326 ἐπὶ
2669 4273 2784 4338 τὴν
2840 4269 3112 4340 φάραγγα
3162 4269 3276 4337 τὴν
3325 4266 3564 4334 ἁλυκήν
3587 4283 3599 4295 ο

2029 4360 2181 4427 αὕτη
2208 4360 2246 4426 ἡ
2276 4358 2558 4412 θάλασσα
2581 4355 2698 4409 τῶν
2715 4353 2897 4409 ἀλῶν.
2923 4353 3119 4407 Σκόπει
3139 4351 3238 4422 τῆς
3265 4350 3488 4422 Γραφῆς
3505 4350 3603 4418 τὴν

2031 4441 2346 4510 ἀκρίϐειαν,
2391 4439 2538 4500 ὅπως
2583 4439 2678 4491 καὶ
2719 4437 2826 4490 τῶν
2871 4435 3150 4506 ὀνομάτων
3195 4433 3305 4487 τῶν
3339 4432 3604 4502 βασιλέων

2031 4523 2423 4594 ἐμνημόνευσε,
2477 4522 2570 4574 καὶ
2596 4519 2703 4573 τῶν
2731 4518 2900 4572 ἐθνῶν
2924 4535 2937 4548 ·
2983 4519 3081 4588 οὐχ
3115 4515 3300 4579 ἁπλῶς
3323 4555 3338 4578 ,
3369 4514 3483 4569 ἀλλ’
3516 4514 3604 4567 ἴνα

2035 4606 2216 4678 μάθῃς
2240 4608 2305 4658 ἐκ
2328 4605 2426 4674 τῆς
2451 4603 2654 4656 τούτων
2679 4602 3046 4673 προσηγορίας
3078 4601 3175 4671 τὴν
3205 4599 3479 4670 βάρϐαρον
3508 4597 3604 4650 αὐ-

2029 4689 2140 4743 τῶν
2181 4687 2425 4757 γνώμην.
2465 4680 2624 4740 Οὗτοι
2658 4687 2800 4756 γὰρ,
2842 4685 2994 4754 φησὶ,
3045 4683 3180 4754 πρὸς
3220 4682 3311 4734 τὸν
3357 4679 3603 4748 Σοδόμων

2033 4771 2258 4842 βασιλέα
2289 4770 2382 4824 καὶ
2407 4771 2531 4833 τοὺς
2555 4769 2774 4830 λοιποὺς
2798 4767 3056 4838 ἐποίησαν
3078 4765 3333 4834 πόλεμον.
3361 4761 3492 4814 Εἶτα
3511 4761 3602 4813 καὶ

2027 4855 2128 4926 τὴν
2147 4853 2324 4908 αἰτίαν
2343 4853 2580 4907 διδάσκει
2600 4851 2696 4907 τοῦ
2716 4850 2976 4921 πολέμου,
2997 4849 3118 4902 ὅθεν
3138 4848 3234 4916 τὴν
3256 4848 3429 4916 ἀρχὴν
3455 4845 3599 4914 ἔσχε.

2030 4937 2266 4993 Δώδεκα
2294 4935 2403 5007 γὰρ
2423 4937 2552 5004 ἐτη,
2584 4936 2766 5006 φησιν.
2797 4933 3126 4987 ἐδούλευον
3153 4929 3231 4996 τῷ
3263 4929 3604 4998 Χοδολοτο-

2023 5022 2140 5092 μὸρ
2156 5018 2412 5085 ,ϐασιλεῖ
2435 5016 2614 5087 Ἑλάμ
2633 5032 2646 5044 ·
2674 5013 2753 5080 τῷ
2772 5015 2839 5068 δὲ
2859 5011 3317 5084 τρισκαιδεκάτῳ
3327 5013 3445 5092 {tu
3459 5011 3604 5066 ἀπέ-

2028 5090 2290 5171 στησαν.
2335 5104 2436 5156 Ἐν
2471 5099 2541 5152 δὲ
2566 5097 2644 5164 τῷ
2664 5096 3297 5167 τεσσαρεσκαιδεκατῳ
3322 5090 3469 5165 ἦλθε
3496 5096 3599 5148 Χο-

2027 5185 2362 5256 δολογομόρ
2382 5225 2397 5246 ,
2434 5183 2530 5237 καὶ
2573 5184 2626 5237 οἰ
2669 5181 2949 5247 ,βασιλεῖς
2986 5182 3041 5234 οὶ
3083 5182 3210 5250 μετ’
3241 5178 3461 5243 αὐτοῦ,
3501 5177 3601 5232 καί

2030 5269 2380 5338 κατέκοψαν
2412 5266 2554 5332 τοὺς
2589 5266 2870 5336 γίγαντας
2892 5264 3035 5329 τοὺς
3061 5263 3129 5317 ἑν
3168 5263 3463 5332 ’Λστορὼθ
3501 5263 3602 5318 καί

2030 5352 2348 5421 Καρναείμ,
2379 5350 2477 5403 καὶ
2512 5350 2655 5416 ἔθνη
2690 5350 2910 5416 ἰσχυρὰ
2933 5348 3052 5418 ἅμα
3083 5347 3306 5411 αὐτοῖς,
3341 5347 3602 5412 καὶτοὺς

2043 5436 2352 5505 Ὀμμαιους
2376 5434 2445 5487 ἐν
2465 5432 2630 5501 Σαυῇ
2660 5432 2730 5500 τῇ
2758 5433 2951 5498 πόλει,
2976 5433 3076 5486 καὶ
3101 5430 3243 5497 τοὺς
3273 5431 3593 5500 Χορῤαίους

2031 5518 2172 5584 τοὺς
2201 5518 2273 5571 ἐν
2302 5517 2424 5582 τοῖς
2445 5515 2608 5584 ὄρεσι
2632 5515 2824 5583 Σηείρ,
2847 5515 2958 5580 ἕως
2985 5513 3093 5582 τῆς
3131 5516 3465 5582 τερεϐίνθου
3489 5510 3600 5578 ’τῆς

2032 5603 2252 5670 Φαρὰν,
2287 5600 2324 5666 ἦ
2357 5601 2526 5653 ἐστιν
2543 5599 2614 5652 ἐν
2642 5597 2714 5664 τῇ
2740 5598 2954 5666 ἐρήμῳ.
2983 5598 3090 5652 Καὶ
3112 5596 3598 5663 ἀναστρέψαντες

2034 5683 2222 5751 ἦλθον
2261 5685 2359 5738 ἐπὶ
2400 5683 2512 5751 τὴν
2552 5679 2752 5750 πηγὴν
2793 5680 2900 5750 τῆς
2941 5682 3220 5749 κρίσεως·
3265 5679 3418 5746 αὕτη
3467 5675 3599 5729 ἐστί
