4020 6136
467 195 571 253 325

467 311 683 380 Ιιίἰδης·
732 310 827 364 καί
877 310 1216 378 κατέκοψαν
1255 308 1486 373 πάντας
1541 303 1683 369 τοὺς
1723 304 2015 374 ἄρχοντας

478 392 758 461 Ἀμαλὴκ,
795 392 889 444 καὶ
920 392 1061 456 τοὺς
1101 391 1480 460 Ἀμορραίους
1506 386 1647 452 τοὺς
1679 381 2016 438 κατοικοῦν-

465 490 569 538 τας
602 476 670 527 ἐν
708 471 1168 541 Ἆσιισυνθαμάρ.
1213 471 1303 543 Μὴ
1334 470 1518 530 ἀπλῶς
1550 465 2015 537 παραδράμωμεν,

463 557 757 625 ἀγαπητοὶ,
798 557 864 608 τά
900 555 1200 626 εἰρημένα,
1244 555 1377 625 μηδὲ
1417 554 1724 624 νομίσωμεν
1769 546 2015 616 ἀνωφελῆ

462 636 599 690 εἶναι
647 638 744 707 τὴν
787 638 1055 706 διήγησιν.
1118 637 1403 707 Ἐπίτηδες
1435 635 1543 707 γὰρ
1588 636 1621 704 ὴ
1659 633 1781 687 θεία
1827 628 2017 701 Γραιφῆ

465 719 600 788 μετά
645 720 925 789 ἀκριϐείας
965 720 1178 773 ἅπαντα
1210 721 1338 789 ἡμῖν
1366 720 1680 788 διηγήσατο,
1716 718 1801 769 ἵνα
1834 713 2017 785 μάθω-

464 818 561 870 μεν
592 801 697 854 τῶν
727 802 1013 873 βαρϐάρων
1044 806 1246 855 τούτων
1283 803 1380 874 τὴν
1410 803 1561 870 ἰσχὺν
1581 840 1594 862 ,
1629 800 1723 853 καὶ
1755 800 1886 868 ὅσην
1920 806 2019 867 την

459 885 708 951 ἀνδρείαν
743 884 1079 950 ἐπεδείξαντο
1103 924 1116 946 ,
1150 884 1243 938 καὶ
1285 884 1421 955 μετά
1468 883 1636 951 πόσης
1666 880 2018 951 σφοδρότητος

463 968 592 1037 πρὸς
634 969 721 1021 τὸν
751 968 984 1037 πόλεμον
1010 967 1273 1037 ὥρμησαν
1293 1007 1306 1028 ,
1345 967 1418 1029 ὡς
1457 967 1549 1019 καὶ
1580 967 1704 1027 τοὺς
1737 958 2015 1031 γίγαντας,

459 1048 601 1100 τοῦτ’
632 1048 746 1102 ἐστι
771 1051 895 1112 τοὺς
927 1050 1176 1117 ἰσχυροὺς
1201 1048 1337 1101 κατά
1361 1047 1457 1117 τὴν
1486 1046 1578 1099 τοῦ
1613 1046 1858 1116 σώματος
1882 1044 2013 1110 ἕξιν,

460 1131 948 1198 καταγωνίσασθαι,
982 1130 1075 1182 καὶ
1104 1131 1276 1183 πάντα
1298 1129 1367 1181 τὰ
1406 1132 1582 1182 ἐκεῖσε
1614 1127 1865 1180 οἰκοῦντα
1890 1126 2015 1195 ἔθνη

458 1212 859 1282 τροπὼσασθαι.
919 1212 1182 1279 Καθάπερ
1239 1211 1345 1281 γὰρ
1391 1210 1723 1281 χειμάρρους
1776 1208 2016 1279 σφοδρῶς

458 1292 697 1347 ἐπελθὼν
723 1293 933 1347 ἃπαντα
964 1292 1268 1363 παρασύρει
1302 1296 1394 1347 καὶ
1420 1292 1702 1353 ἀπόλλυσι,
1739 1291 1829 1343 τὸν
1856 1289 2016 1343 αὐτὸν

457 1375 521 1444 δὴ
550 1376 749 1445 τρόπον
787 1376 879 1428 καὶ
917 1367 1061 1427 οὗτοι
1082 1376 1131 1427 οἱ
1169 1373 1428 1445 βάρϐαροι
1486 1377 1614 1427 πᾶσι
1655 1373 1861 1435 τούτοις
1901 1375 2016 1434 τοῖς

461 1457 667 1510 ἔθνεσιν
692 1456 1023 1520 ἐπελθόντες,
1059 1458 1261 1520 πάντας
1290 1456 1457 1527 ἄρδην
1485 1456 1788 1513 ἀπώλεσαν.
1815 1454 1890 1517 ὡς
1924 1455 2017 1507 καὶ

461 1538 587 1600 τοὺς
631 1541 896 1609 ἄρχοντας
936 1538 1042 1591 τῶν
1099 1537 1493 1608 Ἀμαληκιτῶν,
1528 1538 1620 1590 καὶ
1658 1537 1783 1600 τοὺς
1827 1536 2016 1598 ἀλλους

460 1620 701 1682 ἃπαντας
729 1619 1131 1690 τροπώσασθαι.
1174 1619 1312 1672 Ἀλλ’
1344 1621 1472 1682 ἴσως
1504 1621 1646 1671 εῖποι
1680 1634 1761 1679 τις
1787 1618 1852 1670 ἀν
1871 1634 1884 1648 ·
1923 1617 2017 1670 καὶ

461 1701 515 1753 τί
550 1718 637 1770 μοι
679 1700 866 1769 δφελος
910 1700 1018 1754 ἀπὺ
1061 1700 1156 1754 τοῦ
1195 1701 1397 1769 γνῶναι
1443 1700 1552 1754 τῶν
1600 1699 1886 1772 βαρϐάρων
1916 1699 2015 1769 τὴν

459 1782 643 1852 ίσχύν;
674 1784 785 1853 Ούχ
812 1783 997 1846 ἀπλῶς
1022 1783 1141 1836 οὐδὲ
1168 1785 1289 1855 εἰκῆ
1320 1786 1354 1855 ὴ
1388 1784 1577 1855 Γραφὴ
1609 1781 1779 1836 ταῦτα
1800 1785 1865 1852 τῇ
1905 1782 2018 1852 διη-

455 1866 611 1935 γήσει
629 1863 1000 1935 ἐγκατέμιξεν,
1021 1864 1138 1918 οὐδὲ
1162 1865 1337 1937 μάτην
1358 1868 1519 1936 ἡμεῖς
1541 1865 1634 1918 νῦν
1658 1856 2015 1935 προλαϐόντες

455 1947 854 2016 παρεγγυῶμεν
881 1947 1007 2017 ὑμῖν
1041 1947 1345 2018 μεμνῆσθαι
1375 1948 1473 2016 τῆς
1502 1946 1704 2000 τούτων
1731 1945 2011 2016 ἀνδρείας*

453 2026 567 2079 ἀλλ’
598 2028 684 2080 ἵνα
715 2028 1005 2100 προϊούσης
1043 2030 1140 2099 τῆς
1173 2028 1518 2091 διδασκαλίας
1551 2028 1756 2098 μάθητε
1790 2027 1881 2081 καὶ
1915 2026 2015 2097 τῆς

451 2108 545 2161 τοῦ
573 2109 707 2162 Θεοῦ
737 2110 1013 2180 δυνάμεως
1040 2112 1139 2194 τὴν
1162 2110 1488 2183 ὑπερϐολὴν,
1510 2111 1605 2165 καὶ
1629 2110 1723 2163 τοῦ
1748 2109 2014 2181 πατριάρ·

451 2212 548 2266 χου
575 2196 673 2267 τὴν
701 2198 919 2268 ἀρετήν.
951 2199 1093 2270 Πρὸς
1115 2198 1331 2261 τούτους
1352 2194 1464 2259 οὖν,
1489 2199 1642 2268 φησὶ,
1668 2200 1794 2260 τοὺς
1821 2197 2013 2250 τοσαύ-

449 2294 548 2347 την
572 2278 797 2347 δύναμιν
830 2280 1215 2350 κεκτημένους,
1246 2281 1338 2333 καὶ
1373 2279 1606 2333 τοσαῦτα
1638 2280 1763 2349 ἔθνη
1802 2295 2014 2349 τροπω-

452 2359 716 2429 σαμένους
755 2360 1006 2428 Ἐεῆλθε
1040 2362 1489 2429 παρατάξασθαι
1531 2366 1564 2417 ό
1581 2362 1881 2426 βασιλεὺς
1905 2365 2012 2415 Σο-

448 2441 664 2510 δόμων,
695 2442 790 2495 καί
816 2445 1141 2510 Γομόρρας.
1174 2443 1271 2496 καί
1316 2443 1568 2510 Ἀδαμὰ,
1614 2443 1711 2496 καὶ
1738 2444 2008 2511 Σεὸοείμ,

448 2525 546 2578 καὶ
582 2526 821 2578 Βαλάκ⁸
861 2526 1010 2591 αὕτη
1037 2525 1169 2578 ἐστί
1205 2525 1407 2593 Σηγώρ
1431 2542 1443 2556 ⁸
1481 2526 1579 2579 καί
1604 2526 2010 2592 παρετάξαντο

446 2605 650 2669 αὐτοῖς
679 2606 748 2658 ἐν
776 2604 851 2674 τῇ
875 2606 1108 2676 κοιλάδι
1133 2606 1209 2674 τῇ
1226 2605 1426 2675 ἀλυκῇ
1444 2609 1531 2672 εις
1553 2608 1836 2676 πόλεμον,
1860 2609 2009 2675 πρὸς

446 2670 853 2756 Χοδολοτομὸρ
877 2729 891 2750 ,
934 2670 1303 2756 καῦθαρὸάκ
1326 2728 1341 2751 ,
1384 2670 1480 2742 καί
1506 2670 1519 2672 -
1539 2670 1837 2758 Ἀμαρφὰθ
1856 2731 1871 2753 ,
1900 2670 2006 2742 ’καί

458 2769 685 2838 Ἀρίωχ.
711 2773 774 2824 Οί
803 2769 1096 2838 τέσσαρες
1118 2769 1401 2836 ,βασιλεῖς
1445 2770 1593 2838 πρὸς
1630 2770 1770 2837 τοὺς
1807 2772 2005 2824 πέντε.

448 2850 667 2916 Κοιλὰς
688 2850 757 2904 δὲ
778 2850 816 2918 ἡ
852 2851 1050 2918 ἀλυκή
1074 2891 1089 2914 ,
1128 2851 1350 2919 φρέατα
1402 2851 1738 2920 ἀσφάλτου.
1764 2847 1899 2908 Εἶτα
1923 2853 2009 2906 [va

449 2933 726 3003 μάθωμεν,
746 2932 860 2997 πῶς
870 2934 1303 3002 καταπλαγέντες
1321 2933 1495 2987 αὐτῶν
1511 2934 1608 3005 τὴν
1623 2934 1892 3004 ἀνδρείαν,
1914 2937 2007 2989 καὶ

442 3021 541 3092 τῆς
561 3013 839 3084 δυνάμεως
860 3016 957 3083 τὴν
991 3017 1259 3086 ἰσχὺν,εἰς
1291 3017 1464 3087 φυγὴν
1492 3016 1645 3090 [554]
1669 3019 2004 3089 ἐτράπησαν,

445 3096 604 3164 φησιν
636 3098 669 3166 ὴ
699 3097 881 3168 Γραφή
907 3116 922 3128 ο
956 3100 1064 3150 Καὶ
1090 3099 1312 3167 ἔφυγεν
1338 3100 1685 3168 ὁβασιλεὺς
1707 3101 2003 3171 Σοδόμων,

443 3178 540 3229 καί
562 3179 884 3246 Γομόρρας,
908 3181 1004 3233 καί
1025 3181 1316 3235 ἐνέπεσον
1333 3182 1473 3248 ἐκεῖ,
1493 3183 1639 3239 ἔνθα
1658 3184 1729 3238 τὰ
1748 3184 1970 3253 φρέατα
1987 3200 2001 3213 ·

443 3263 498 3314 οἱ
549 3260 617 3313 δὲ
672 3262 1161 3329 καταλειφθέντες
1209 3267 1295 3329 εἰς
1332 3265 1446 3332 τὴν
1484 3264 1726 3334 ὀρεινὴν
1755 3267 2001 3336 ἔφυγον.

443 3337 598 3404 Εἶδες
636 3341 772 3411 πόση
807 3342 912 3395 τῶν
942 3343 1151 3414 ἀνδρῶν
1181 3347 1214 3414 ὴ
1247 3345 1399 3415 ἰσχύς
1425 3363 1440 3411 ;
1471 3347 1588 3410 πῶς
1626 3349 1720 3401 καὶ
1750 3349 1808 3414 ἐξ
1836 3350 2005 3421 αὐτῆς

442 3423 540 3493 τῆς
571 3424 884 3495 προσόψεως
908 3426 1319 3499 καταπλαγῆναι
1346 3430 1542 3495 αὐτοὺς
1563 3433 2000 3502 παρεσκεύασαν,

443 3506 536 3558 καὶ
567 3508 646 3569 εἰς
684 3506 861 3576 φυγὴν
890 3508 1161 3577 τραπῆναι
1211 3513 1601 3582 πεποιήκασιν;
1637 3515 1777 3583 Ὅρα
1819 3514 2002 3568 λοιπὸν

441 3588 559 3651 πῶς
592 3589 731 3660 μετά
758 3591 936 3660 πάσης
960 3591 1204 3657 εὐκολίας
1225 3634 1240 3659 ,
1274 3595 1521 3663 φυγάδων
1552 3597 1805 3651 ἁπάντων
1843 3616 2003 3667 γεγε-

439 3671 705 3742 νημένων,
735 3672 802 3726 τά
836 3674 1013 3727 αὐτῶν
1052 3675 1266 3731 ἅπαντα
1298 3678 1549 3742 λαϐόντες
1577 3681 1769 3733 ἐκεῖνοι
1798 3681 2001 3754 ἐπανῄ-

440 3769 587 3807 εσαν.
613 3756 866 3809 Ἔλασον
894 3755 983 3819 δὲ,
1017 3759 1166 3825 φησί,
1200 3759 1297 3812 καί
1326 3761 1439 3828 τὴν
1468 3762 1728 3831 ὀρεινὴν,
1763 3764 1858 3818 καί
1890 3764 2000 3820 .τᾶ-

436 3849 560 3889 σαν
575 3835 688 3903 τήν
702 3837 889 3891 ἵππον
907 3839 1183 3909 Σοδόμων
1207 3842 1303 3895 καί
1332 3844 1657 3913 Γομόρρας.
1682 3846 1778 3898 καί
1806 3846 2000 3901 πάντα

438 3916 510 3969 τὰ
530 3915 811 3986 ,βρώματα
829 3920 1044 3983 αὐτῶν,
1075 3922 1170 3975 καί
1186 3923 1481 3991 ἀπῆλθον.
1521 3928 1783 3981 Ἔλασον
1808 3927 1877 3982 δὲ
1899 3929 1996 3984 καί

438 3998 545 4053 τὸν
571 3999 699 4054 Λὼτ
723 4001 830 4054 τὸν
865 4002 999 4056 υιύν
1028 4003 1133 4057 τοῦ
1174 4004 1439 4072 ἀδελφοῦ
1468 4008 1688 4076 Ἀϐραμ
1706 4048 1720 4072 ,
1746 4011 1843 4063 καὶ
1884 4011 1999 4080 τὴν

436 4081 791 4149 ἀποσκευὴν
810 4084 1016 4147 αὐτοῦ,
1052 4085 1148 4137 καί
1176 4083 1509 4153 ἀπῴχοντο.
1539 4083 1650 4141 Ἦν
1676 4094 1786 4157 γὰρ
1803 4108 1998 4148 κατοι-

436 4162 558 4244 κῶν
579 4164 649 4215 ἐν
671 4164 972 4244 Σοδόμοις.
1020 4164 1150 4217 Ἰδοὺ
1187 4165 1324 4233 ὅπερ
1352 4166 1477 4235 χθὲς
1502 4167 1705 4238 ἔλεγον,
1735 4173 1814 4234 εἰς
1837 4173 1995 4244 ἔργον

435 4243 594 4314 ἐξέϐη
623 4243 752 4325 νῦν’
792 4246 872 4299 δτι
911 4246 1062 4299 οὐδὲν
1112 4245 1366 4301 ἀπώνατο
1394 4250 1423 4302 6
1461 4249 1583 4303 Λὼτ
1619 4248 1730 4305 άπὸ
1747 4254 1845 4325 τῆς
1870 4243 1994 4310 τῶν

437 4324 717 4394 πρωτείων
755 4326 983 4398 ἐκλογῆς
1004 4367 1019 4391 ,
1051 4327 1185 4382 ἀλλά
1211 4328 1277 4382 δι’
1306 4331 1484 4384 αὐτῶν
1511 4332 1619 4386 τῶν
1658 4324 1993 4406 πραγμάτων

432 4406 745 4492 ἐπαιδεύετο
790 4409 897 4463 τῶν
941 4412 1226 4482 πρωτείων
1263 4413 1337 4484 μὴ
1384 4414 1532 4490 ἐρᾷν.
1580 4418 1658 4471 Οὐ
1700 4417 1857 4487 μόνον
1883 4422 1992 4492 γὰρ

433 4488 583 4558 αὐτῷ
607 4492 669 4543 ὲκ
703 4491 888 4546 τούτου
933 4494 1082 4549 οὐδὲν
1118 4496 1307 4564 δφελος
1338 4488 1556 4566 γέγονεν
1580 4542 1595 4567 ,
1628 4502 1740 4554 ἀλλ’
1773 4503 1878 4558 ἰδοὺ
1898 4488 1991 4558 ita}.

432 4571 773 4655 αἰχμάλωτος
802 4575 1020 4655 ἀπήχθη
1040 4616 1055 4636 ,
1087 4579 1177 4631 καὶ
1211 4579 1477 4648 ἐμάνθανε
1514 4582 1601 4635 διά
1640 4584 1749 4638 τῶν
1781 4585 1989 4655 ἔργων,

430 4653 513 4706 ὅτι
541 4653 717 4725 πολλῷ
752 4655 957 4721 βέλτιον
982 4653 1047 4727 ὴν
1074 4660 1222 4728 αὐτῷ
1243 4661 1339 4730 τῆς
1364 4662 1456 4714 τοῦ
1480 4663 1685 4718 δικαίου
1708 4653 1990 4733 συνουσίας

429 4735 741 4819 ἀπολαύειν,
769 4737 801 4809 ἢ
841 4738 1157 4808 χωρισθέντι
1182 4779 1196 4802 ,
1230 4742 1324 4794 καὶ⁵
1359 4743 1417 4795 6v
1444 4744 1723 4819 ἐλευθερίᾳ
1744 4752 1987 4819 γεγονότι

428 4818 698 4903 τοσούτων
719 4820 1041 4891 πειραθῆναι
1071 4819 1177 4872 τῶν
1211 4825 1520 4892 συμφορῶν.
1567 4818 1827 4903 Ἰδούίγάρ
1848 4834 1988 4903 ἐχω-

430 4899 587 4975 ρίσθη
607 4900 701 4954 τοῦ
720 4902 1079 4971 πατριάρχου,
1109 4903 1202 4956 καὶ
1229 4905 1479 4974 ἐνόμισεν
1515 4908 1574 4960 ἐν
1603 4899 1806 4966 πλείονι
1848 4899 1986 4970 εἰναι

425 4982 598 5051 ἀδείᾳ,
652 4983 745 5036 καὶ
781 4983 892 5036 τῶν
946 4984 1226 5053 πρωτείων
1266 4988 1746 5061 ἐπιτετυχηκέναι,
1794 4997 1886 5050 καὶ
1928 5000 1985 5051 ἐν

426 5063 593 5135 πολλῇ
634 5064 922 5134 τυγχάνειν
958 5067 1024 5136 τῇ
1056 5066 1314 5138 εὐπορίᾳ,
1349 5070 1443 5124 καὶ
1476 5073 1668 5143 ἀθρόον
1708 5077 1986 5148 αἰχμάλω-

422 5161 535 5210 τος,
574 5148 791 5210 ἄοικος,
836 5148 1083 5212 ἀνέστιος
1121 5150 1359 5217 γίνεται·
1389 5153 1473 5207 (va
1514 5157 1690 5231 μάθῃς
1717 5160 1839 5215 δσον
1868 5164 1985 5218 ἐστὶ

426 5240 594 5329 κακὸν
618 5241 951 5329 ήδιαίρεσις,
986 5245 1079 5329 καὶ
1103 5245 1224 5299 ὅσον
1263 5249 1408 5302 ἐστὶν
1441 5251 1642 5321 ἀγαθὸν
1668 5258 1701 5326 ὴ
1729 5259 1979 5329 ὁμόνοια·

423 5322 517 5376 καὶ
555 5323 637 5376 ὅτι
674 5326 935 5397 προσήκει
981 5328 1056 5398 μὴ
1100 5330 1368 5401 ἐπιπηδᾷν
1402 5336 1513 5398 τοῖς
1559 5322 1831 5406 μείζοσίν,
1863 5343 1981 5396 ἀλλ’

422 5406 643 5496 ἀγαπᾷν
690 5406 1039 5496 ἐλαττοῦσθαι
1089 5412 1304 5496 μᾶλλον.
1350 5416 1609 5471 Ἔλασον
1653 5423 1788 5493 γὰρ,
1826 5429 1977 5496 φησί,

421 5487 530 5541 τὸν
557 5488 709 5551 Λὼτ,
728 5490 824 5544 καί
845 5491 959 5559 τὴν
990 5494 1345 5562 ἀποσκευὴν
1371 5500 1574 5554 αὑτοῦ.
1603 5487 1759 5574 Πόσῴ
1782 5487 1981 5575 μάλ-λον

423 5578 627 5647 βέλτιον
655 5575 724 5651 ἦν
746 5586 981 5636 συνεῖναι
1012 5584 1090 5653 τῷ
1124 5580 1453 5659 πατριάρχῃ,
1481 5591 1571 5644 καὶ
1606 5597 1776 5650 πάντα
1804 5615 1973 5653 κατα-

1173 194 1231 249 S.
1268 190 1552 249 JOANNIS
1588 181 2065 245 CII'RYSOSTOMI
2102 182 2416 240 ARCHIEP.
2454 186 2998 249 CONSTANTINOP.

3570 194 3676 252 326

2114 298 2360 368 δέχεσθαι
2382 301 2521 373 ὑπὲρ
2557 301 2650 354 τοῦ
2680 301 2753 373 μὴ
2779 303 3172 375 διασπασθῆναι
3199 304 3296 376 τὴν
3323 308 3524 375 μεταξὺ
3543 314 3675 381 όμόο

2114 399 2279 447 νοιαν,
2311 385 2344 455 ἢ
2375 385 2726 455 χωρισθέντα,
2777 388 2870 439 καὶ
2899 387 2968 440 τά
3009 389 3248 457 πρωτεῖα
3281 386 3635 459 ἐκλεξάμενον
3657 433 3676 456 ,

2112 464 2312 527 εὐθέως
2360 466 2632 529 τοσούτοις
2670 468 2932 531 κινδύνοις
2979 468 3405 539 περιϐληθῆναι,
3449 474 3539 526 καὶ
3572 475 3684 530 ὐπδ

2115 545 2406 617 βαρϐάροις
2436 549 2719 615 γενέσθαις
2761 552 3243 619 Παραγενόμενος
3278 551 3346 604 δέ
3372 569 3480 617 τις.
3505 555 3638 624 φησί
3659 595 3675 619 ,

2112 625 2231 681 τῶν
2249 627 2677 683 ἀνασωθέντων
2694 669 2708 693 ,
2736 630 3057 700 ἀπήγγειλε
3086 633 3166 696 τῷ
3202 635 3424 703 Ἀδραμ
3462 635 3540 699 τῷ
3572 650 3669 689 πει

2104 708 2279 778 ράτῃ.
2318 709 2503 777 Αὐτὸς
2521 710 2589 764 δὲ
2612 711 2858 776 κατῴκει
2880 713 3027 780 πρὸς
3055 713 3129 781 τῇ
3155 715 3292 781 δρυῒ
3318 714 3391 782 τῇ
3424 718 3673 786 Μαμϐρῆ

2125 792 2369 861 Ὀμοροῦ
2394 804 2444 852 ι,
2495 793 2600 846 τοῦ
2649 794 2914 864 ἀδελφοῦ
2964 796 3196 867 Ἐσχὼλ
3216 835 3230 856 ,
3267 798 3364 851 καί
3407 799 3680 869 ἀδελςοῦ

2103 872 2323 939 Αὺνᾶν,
2349 875 2407 929 οἳ
2429 872 2592 945 ἦσαν
2617 881 2954 946 συνωμόται
2975 880 3054 945 τῷ
3082 884 3314 951 Ἀϐιαμ.
3338 883 3463 949 Πῶς
3493 889 3683 940 τοσού-

2111 973 2204 1009 του
2234 958 2466 1028 πολέμου
2516 961 2968 1031 συγκροτηθέντος
3004 964 3108 1014 οὐκ
3151 963 3290 1031 ἔγνω
3336 967 3366 1019 6
3406 971 3677 1040 πατριάρ-

2113 1058 2245 1110 χης;
2280 1042 2409 1107 ἴσως
2441 1045 2573 1099 πολὺ
2595 1046 2652 1098 τὸ
2682 1047 2739 1096 6v
2758 1045 2908 1115 μέσῳ
2936 1045 3208 1118 διάστημα
3241 1049 3524 1118 ἐτύγχανε,
3557 1053 3670 1105 δι“ὄ

2113 1124 2205 1203 καὶ
2228 1126 2511 1195 ὴγνόησεν.
2553 1128 2777 1180 Ἐλθὼν
2796 1128 2864 1181 δέ
2891 1146 2981 1194 τις
2999 1128 3328 1198 ἀπήγγειλε
3352 1130 3431 1196 τῷ
3460 1134 3677 1203 Ἀϐραμ

2111 1202 2190 1268 τῷ
2227 1205 2447 1274 περάτῃ
2469 1224 2483 1239 ·
2534 1207 2618 1260 ἵνα
2659 1210 2806 1279 ἡμᾶς
2839 1210 3157 1283 ἀναμνήσῃ,
3197 1212 3277 1264 ὅτι
3324 1212 3402 1281 τῷ
3445 1212 3552 1265 ἀπό
3577 1215 3679 1285 τῆς

2111 1286 2382 1350 Χαλδαίας
2398 1288 2757 1342 ἐπανελθόντι.
2793 1290 3008 1360 Ἐπειδὴ
3031 1292 3136 1362 γὰρ
3152 1292 3325 1363 πέραν
3349 1293 3443 1346 τοῦ
3459 1296 3677 1365 Εὐφρά-

2109 1383 2204 1420 του
2246 1369 2346 1439 τὴν
2388 1370 2704 1440 κατοίκησιν
2761 1366 2905 1441 εἶχε,
2956 1373 3044 1426 διὰ
3089 1374 3246 1427 τοῦτο
3295 1377 3387 1427 καὶ
3432 1378 3676 1448 περάτης

2112 1449 2346 1518 ἐλέγετο.
2376 1452 2484 1506 Καὶ
2513 1453 2713 1508 ἀνωθεν
2741 1455 2835 1507 καὶ
2862 1454 2921 1520 ἐξ
2948 1455 3123 1525 ἀρχῆς
3142 1457 3192 1508 οἰ
3223 1460 3398 1523 γονεῖς
3420 1458 3480 1510 τδ
3503 1459 3677 1529 δνομα

2111 1533 2260 1603 αὐτῷ
2289 1534 2572 1599 ἐπέθεσαν,
2608 1536 3010 1606 προμηνύοντες
3037 1538 3184 1607 αὐτῷ
3212 1538 3309 1608 τὴν
3341 1541 3545 1594 ἐκεῖθεν
3572 1541 3675 1594 αὐρ-

2109 1614 2205 1667 τοῦ
2253 1616 2666 1685 μετανάστασιν.
2738 1618 2955 1688 Ἐπειδὴ
2975 1618 3082 1690 γάρ
3138 1621 3310 1691 περᾷν
3363 1620 3550 1690 ἔμελλε
3579 1621 3675 1675 τὸν

2109 1696 2431 1769 Εὐφράτην,
2458 1700 2552 1753 καὶ
2590 1700 2682 1753 ἐπὶ
2715 1700 2814 1771 τὴν
2854 1701 3215 1770 Παλαιστίνην
3258 1701 3542 1772 ἔρχεσθαι,
3582 1704 3675 1759 διὰ

2110 1778 2266 1832 τοῦτο
2291 1782 2385 1833 καὶ
2418 1780 2640 1851 Ἀϐραμ
2668 1782 2930 1835 ἐκαλεῖτο.

2177 1859 2238 1913 δ’.
2277 1862 2473 1915 Σκόπει
2494 1862 2608 1925 πῶς
2637 1863 2730 1915 καὶ
2749 1862 2960 1916 ἄπιστοι
2982 1863 3130 1928 ὄντες
3153 1868 3200 1920 οί
3222 1869 3391 1936 γονεῖς
3416 1866 3515 1919 οὐκ
3540 1867 3674 1920 εἰδό-

2108 1959 2218 2008 τες,
2239 1943 2349 1997 axx
2365 1944 2470 1997 ὐπὸ
2500 1946 2596 2014 τῆς
2607 1945 2698 1998 τοῦ
2714 1946 3022 2016 εὐμηχάνου
3035 1948 3165 2001 Θεοῦ
3184 1951 3370 2018 σοφίας
3381 1951 3675 2020 ὁδηγούμε-

2110 2043 2208 2088 νοι,
2232 2025 2292 2078 τὸ
2315 2026 2482 2094 ὄνομα
2498 2027 2760 2080 ἐπέθεσαν
2775 2027 2850 2097 τῷ
2870 2030 3037 2089 παιδὶ,
3061 2031 3306 2100 καθάπερ
3322 2033 3415 2084 καὶ
3436 2034 3463 2084 6
3480 2034 3669 2102 Λάμεχ

2107 2107 2185 2179 τῷ
2209 2107 2351 2160 Νῶε.
2382 2109 2491 2162 Καὶ
2518 2108 2676 2162 τοῦτο
2708 2109 2814 2182 γὰρ
2842 2110 2940 2181 τῆς
2959 2112 3052 2165 τοῦ
3077 2112 3208 2165 Θεοῦ
3244 2112 3669 2184 φιλανθρωπίας,

2106 2190 2168 2242 τὸ
2210 2191 2304 2242 καὶ
2347 2189 2434 2242 διὰ
2471 2190 2714 2244 ἀπίστων
2765 2192 3023 2265 πολλάκις
3068 2196 3398 2264 προμηνύειν
3434 2196 3503 2247 τά
3533 2198 3669 2265 μετὰ

2109 2270 2276 2324 πολὺν
2315 2271 2546 2341 ἐσόμενα
2572 2259 3280 2345 χρόνονᾹἌπήγγειλεννοῦν
3310 2276 3496 2337 ἐλθὼν,
3517 2259 3665 2349 [355]

2106 2353 2259 2423 φησὶ,
2288 2353 2373 2417 τὶς
2398 2353 2477 2424 τῷ
2510 2356 2720 2428 περάτῃ
2750 2356 2818 2409 τά
2844 2358 3120 2425 γεγονότα.
3148 2359 3240 2410 τοῦ
3274 2358 3544 2427 ἀδελφιδοῦ
3570 2360 3666 2428 τὴν

2105 2436 2498 2507 αἰχμαλωσίαν,
2542 2438 2634 2491 καὶ
2661 2440 2767 2493 τῶν
2802 2439 3061 2509 βασιλέων
3095 2442 3311 2494 ἐκείνων
3334 2442 3433 2511 τὴν
3469 2442 3666 2511 πολλὴν

2103 2520 2440 2583 δυναστείαν,
2479 2522 2572 2574 καὶ
2610 2523 2707 2593 τὴν
2746 2525 2802 2576 ἐν
2831 2524 3081 2593 Σοδόμοις
3117 2523 3398 2593 πόρθησιν,
3434 2524 3525 2576 καὶ
3566 2524 3664 2592 τὴν

2107 2605 2221 2673 μετ’
2263 2604 2520 2674 αἰσχύνης
2562 2606 2756 2675 φυγήν.
2792 2605 2986 2670 Αὐτὸς
3022 2604 3089 2657 δὲ
3124 2606 3368 2669 κατῴκει
3399 2607 3553 2673 παρὰ
3591 2604 3663 2672 τῇ

2102 2684 2237 2752 δρυῒ
2271 2684 2344 2752 τῇ
2373 2686 2617 2755 Μαμϐρῆ
2663 2677 2928 2756 Ὀιιοροῧ,
2974 2686 3077 2740 τοῦ
3115 2686 3379 2755 ἀδελφοῦ
3417 2688 3658 2756 Ἐσχὼλ,

2103 2765 2202 2818 καί
2233 2765 2454 2830 Αὺνᾶν,
2489 2768 2545 2821 οἳ
2581 2765 2741 2837 ἦσαν
2772 2771 3108 2837 συνωμόται
3140 2769 3218 2833 τῷ
3250 2772 3479 2839 Ἀϐραμ.
3525 2771 3653 2822 Ἀλλ’

2104 2845 2233 2910 ῐσως
2255 2847 2486 2902 ἐνταῦθα
2509 2850 2573 2904 ἀν
2595 2867 2678 2913 τις
2707 2848 2979 2920 ζητήσειε’
3002 2851 3141 2914 τίνος
3165 2851 3349 2905 ἕνεκεν
3375 2852 3530 2922 μόνος
3553 2854 3660 2906 τῶν

2100 2930 2159 2983 ἐν
2193 2930 2442 3001 Σοδόμοις
2464 2934 2809 3001 πεφευγότων
2828 2934 2857 2985 6
2877 2933 3079 2996 δίκαιος
3098 2933 3223 2986 Λὼτ
3250 2934 3330 2998 εἰς
3350 2935 3444 3006 τὴν
3465 2937 3660 3004 αἰχμα-

2098 3012 2300 3067 λωσίαν
2328 3013 2631 3083 ἀπάγεται;
2667 3016 2778 3084 Οὐχ
2804 3014 2990 3078 ἁπλῶς
3014 3015 3130 3068 οὐδέ
3158 3016 3334 3082 τοῦτο,
3363 3014 3481 3069 οὐδὲ
3511 3017 3655 3085 εἰκῆ,

2100 3096 2214 3149 ἀλλ’
2247 3097 2335 3149 ἵνα
2369 3096 2514 3168 μάθῃ
2543 3097 2610 3150 δι’
2641 3097 2819 3150 αὐτῶν
2847 3096 2955 3150 τῶν
2989 3098 3326 3168 πραγμάτων
3357 3100 3386 3150 6
3420 3097 3537 3151 Λὼτ
3567 3098 3660 3150 καὶ

2099 3178 2190 3232 τοῦ
2215 3180 2550 3252 πατριάρχου
2582 3180 2679 3251 τὴν
2708 3180 2927 3252 ἀρετὴν,
2959 3181 3051 3233 καὶ
3078 3180 3143 3233 δι’
3184 3179 3347 3233 αὐτοῦ
3371 3182 3460 3233 καὶ
3484 3181 3656 3251 ἕτεροι

2098 3259 2421 3323 διασωθῶσι,
2454 3262 2548 3315 καὶ
2576 3262 2660 3314 ἴνα
2695 3263 2953 3332 παιδευθῇ
2999 3261 3074 3332 μὴ
3104 3261 3210 3313 τῶν
3253 3262 3528 3333 πρωτείων
3566 3264 3658 3329 ἐφ-

2101 3343 2296 3409 ίεσθαι,
2331 3344 2466 3397 ἀλλά
2499 3346 2842 3415 παραχωρεῖν
2871 3344 2978 3395 τῶν
3005 3343 3283 3414 μειζόνων.
3320 3345 3657 3413 Ἀκούσωμεν

2097 3425 2153 3479 δὲ
2181 3426 2363 3479 λοιπὸν
2391 3426 2498 3478 τῶν
2528 3426 2674 3495 ἑξῆς,
2698 3426 2784 3480 ἵνα
2808 3426 3063 3495 μάθωμεν
3090 3426 3182 3480 καὶ
3214 3425 3306 3479 τοῦ
3334 3425 3539 3478 δικαίου
3563 3428 3657 3496 τὴν

2097 3509 2316 3580 ἀρετὴν,
2350 3509 2441 3561 καὶ
2479 3507 2571 3562 τοῦ
2606 3506 2739 3561 Θεοῦ
2770 3509 2870 3577 τὴν
2891 3506 3096 3577 ἄφατον
3125 3508 3454 3578 συμμαχίαν.
3499 3511 3656 3561 Ἀλλὰ

2097 3591 2390 3663 προσέχετε
2414 3590 2550 3661 μετά
2570 3589 2845 3661 ἀκριϐείας
2864 3591 2974 3653 τοῖς
2994 3589 3325 3659 λεγομένοις,
3348 3593 3437 3643 καὶ
3459 3593 3657 3643 συντείο

2095 3689 2222 3726 νατε
2252 3672 2407 3743 ὑμῶν
2434 3670 2530 3743 τὴν
2549 3672 2804 3726 διάνοιαν.
2835 3670 3008 3725 Πολλά
3032 3672 3140 3741 γάρ
3161 3673 3275 3724 ἐστι
3302 3672 3441 3724 κατά
3462 3672 3654 3725 ταύτὸν

2094 3754 2342 3811 ἐντεῦθεν
2377 3755 2656 3826 κερδᾶναι,
2701 3756 2795 3807 καὶ
2827 3754 2892 3807 ἐκ
2917 3754 3026 3807 τῶν
3059 3753 3135 3823 τῷ
3167 3752 3293 3806 Λὼτ
3336 3754 3660 3822 συμϐάντων

2093 3836 2300 3891 ἐκεῖθεν
2340 3835 2689 3907 παιδευθῆναι
2724 3836 2991 3908 μηδέποτε
3029 3836 3324 3906 διαπορεῖν,
3363 3835 3541 3888 εἴποτε
3579 3835 3654 3887 δί-

2092 3936 2236 3974 καιοι
2270 3920 2369 3989 μὲν
2397 3921 2721 3991 πειρασμοῖς
2745 3919 3108 3990 περιπέσοιεν,
3144 3917 3332 3986 φαῦλοι
3354 3918 3410 3970 δὲ
3436 3920 3528 3971 καὶ
3555 3935 3652 3969 πο-

2091 4004 2246 4073 νηροὶ
2270 4001 2598 4070 διαφύγοιεν,
2628 4004 2761 4071 μήτε
2790 4001 2854 4053 ἐκ
2876 3999 3073 4064 παντὸς
3092 4000 3293 4069 τρόπου
3318 3999 3386 4051 τά
3416 4002 3657 4067 πρωτεῖα

2092 4084 2387 4155 ἐπιζητεῖν,
2418 4085 2556 4155 μήτε
2574 4084 2672 4155 τῆς
2692 4082 2828 4152 μετά
2857 4080 2963 4155 τῶν
2985 4080 3207 4134 δικαίων
3238 4082 3517 4143 συνουσίας
3536 4083 3653 4133 ’ἐτε-

2094 4169 2184 4239 ρόν
2229 4186 2282 4222 τι
2326 4154 2715 4239 προτιμότερον
2752 4154 3021 4236 ἡγεῖσθαι,
3067 4165 3200 4218 ἀλλά
3247 4164 3350 4219 κάν
3385 4166 3657 4219 δουλεύειν

2088 4250 2213 4314 δέοι,
2257 4253 2489 4305 συνεῖναι
2513 4250 2571 4304 66
2590 4252 2859 4321 ἐναρέτοις
2884 4250 3124 4321 ἀνδράσι,
3158 4250 3253 4303 τοῦ
3290 4251 3347 4303 ἐν
3372 4249 3652 4318 ἐλευθερία

2088 4324 2226 4384 εἶναι
2252 4333 2408 4385 τοῦτο
2431 4331 2859 4404 λυσιτελέστερον
2892 4329 3028 4386 εἶναι
3057 4334 3317 4403 νομίζειν.
3361 4331 3469 4384 Καὶ
3506 4332 3646 4400 μετά

2085 4411 2290 4465 τούτων
2317 4412 2372 4465 δὲ
2415 4414 2509 4466 καὶ
2545 4412 2638 4466 τοῦ
2664 4414 3001 4486 πατριάρχου
3043 4412 3236 4483 μαθεῖν
3260 4411 3504 4466 ἐντεῦθέν
3532 4414 3649 4463 ἐστι

2084 4493 2183 4565 τὴν
2213 4494 2413 4565 πολλὴν
2438 4494 2803 4561 ἀνεξικακίαν,
2838 4497 2935 4567 τῆς
2953 4495 3330 4566 φιλοστοργίας
3354 4494 3450 4564 τὴν
3481 4493 3655 4561 ὐπερα

2086 4575 2267 4646 ϐολὴν,
2304 4579 2403 4646 τῆς
2432 4576 2679 4647 ἀνδρείας
2714 4577 2775 4629 τὸ
2804 4577 3049 4648 μέγεθος,
3084 4576 3194 4630 τῶν
3227 4576 3521 4646 χρημάτων
3545 4575 3648 4642 τὴν

2086 4658 2405 4729 ὑπεροψίαν,
2460 4658 2558 4728 τῆς
2602 4659 2727 4730 περί
2771 4659 2931 4713 αὐτὸν
2964 4658 3059 4712 τοῦ
3097 4658 3231 4711 Θεοῦ
3267 4656 3514 4727 βοηθείας
3546 4656 3645 4725 τὴν

2083 4714 2285 4809 ἄφατον
2333 4714 2579 4810 δύναμίν.
2634 4714 2921 4806 Κκούσας
2956 4740 3044 4803 δὲ,
3083 4714 3280 4809 φησὶν,
3305 4714 3518 4806 ’Ᾰόραμ
3555 4714 3646 4788 ὅτι

2083 4822 2533 4891 ᾐχμαλώτευται
2571 4822 2699 4877 Λὼτ
2730 4821 3086 4890 ἀδελφιδοῦς
3117 4822 3323 4885 αὐτοῦ,
3354 4821 3646 4886 ἠρίθμησε

2081 4904 2223 4969 τοὺς
2248 4904 2433 4970 ίδίους
2448 4902 2767 4973 οἰκογενεῖς
2794 4905 3169 4971 τριακοσίους
3186 4903 3328 4957 δέκα
3348 4901 3447 4956 καί
3465 4898 3640 4962 ὀκτὼ,

2081 4986 2177 5041 καί
2223 4985 2577 5051 κατεδίωξεν
2617 4987 2807 5041 ὀπίσω
2856 4985 3051 5041 αὐτῶν
3082 4987 3191 5052 ἕως
3231 4986 3367 5048 Δὰν,
3400 4981 3497 5037 καί
3544 4981 3646 5035 ἑπ-

2080 5071 2301 5124 έπεσεν
2318 5070 2410 5123 ἐπ’
2427 5069 2647 5136 αὐτοὺς
2669 5069 2785 5137 τὴν
2801 5071 2990 5123 νύκτα
3002 5070 3203 5135 αὐτὸς,
3233 5068 3325 5122 καί
3351 5068 3405 5120 oi
3432 5062 3642 5129 παῖδες

2078 5150 2283 5215 αὑτοῦ,
2318 5152 2415 5205 καὶ
2438 5150 2735 5216 ἐπάταξεν
2766 5150 2985 5216 αὐτοὺς
3006 5149 3117 5215 ἕως
3153 5151 3377 5212 Χωδὰλ,
3410 5150 3448 5218 ἢ
3468 5151 3643 5203 ἐστιν

2077 5234 2357 5302 ἀριστερὰ
2396 5235 2731 5302 Δαμασκοῦ.
2765 5234 2873 5289 Καὶ
2920 5232 3250 5301 ἐπέστρεψε
3289 5230 3496 5287 πᾶσαν
3524 5231 3642 5299 τὴν

2078 5315 2264 5369 ἵππον
2275 5314 2549 5383 Σοδόμων
2562 5315 2658 5368 καὶ
2681 5314 2804 5369 Λὼτ
2818 5315 2924 5368 τὸν
2939 5314 3300 5389 ἀδελφιδοῦν
3316 5313 3501 5367 αὑτοῦ
3518 5312 3637 5367 ἀπ-

2077 5397 2351 5465 έστρεψε,
2369 5396 2468 5451 καὶ
2494 5396 2688 5450 πάντα
2718 5396 2789 5448 τά
2808 5395 3152 5464 ὑπάρχοντα
3174 5394 3376 5459 αὐτοῦ,
3408 5395 3506 5448 καί
3529 5393 3639 5447 τὸν

2076 5482 2248 5547 λαὸν,
2263 5484 2357 5537 καί
2373 5482 2477 5547 τὰς
2490 5480 2994 5549 γυναῖκας.Ἐννόει
3007 5498 3095 5552 μοι
3106 5476 3633 5548 ἐνταῦθα,άγαπητέ,

2142 5610 2169 5640 ⁸
2192 5610 2290 5659 Sex
2316 5623 2430 5659 mss.
2458 5610 2536 5658 hic
2558 5613 2611 5658 cl
2648 5607 2768 5659 infra
2792 5609 3019 5671 Ὅμορος.
