4020 6136
272 263 376 319 39.5

269 395 382 441 run.
411 394 525 448 qua:
553 386 624 432 est
654 379 710 434 in
735 389 919 431 creato.
947 375 998 430 ’1.
1031 373 1098 430 Et
1135 374 1318 429 reversi
1346 382 1585 429 venerunt
1616 373 1685 428 ad
1713 370 1854 426 Fon-

270 481 366 521 tam
397 469 586 540 judicii
605 484 624 533 ;
645 471 754 540 ipsa
781 478 853 523 est
896 467 1092 532 Gades;
1121 477 1166 522 et
1194 468 1480 522 occiderunt
1509 485 1681 522 omnes
1712 467 1856 536 prin-

266 560 404 627 cipes
444 561 669 628 Amalec,
724 569 772 614 et
822 560 1142 615 Amorrhteos
1171 571 1218 615 et
1246 561 1526 616 habitantes
1554 563 1606 615 in
1635 565 1859 618 Asason-

269 651 490 706 tltamar.
539 650 615 706 Ne
657 659 1037 720 prtetereamus
1085 651 1276 717 obiter,
1327 652 1527 715 dilecti,
1575 670 1693 724 qua:
1718 653 1859 710 dicta

269 753 426 806 sunt,
474 758 646 813 neque
709 753 954 813 putemus
1019 744 1257 798 inutilem
1307 759 1426 799 esse
1475 746 1855 799 narrationem.

271 832 455 886 Dedita
504 834 646 888 enim
691 849 851 904 opera
879 835 1054 889 divina
1083 835 1352 905 Scriptura
1379 836 1658 905 diligenter
1681 839 1857 889 omnia

268 926 424 980 nobis
447 927 700 990 narravit,
731 937 786 981 ut
811 927 1076 982 discamus
1105 937 1355 997 quantum
1389 929 1543 983 fuerit
1586 929 1765 993 rohur,
1806 939 1860 984 et

269 1028 466 1084 quinta
514 1021 745 1089 polentia
798 1020 1166 1087 barbarorum,
1213 1030 1266 1076 et
1308 1031 1505 1091 quanto
1555 1022 1752 1090 impetu
1807 1025 1856 1075 iu

267 1103 470 1168 bellum
494 1112 754 1173 venerint,
783 1122 839 1164 ut
865 1113 1022 1166 etiam
1051 1114 1311 1182 gigantes,
1351 1113 1451 1166 hoc
1481 1123 1580 1176 est,
1613 1128 1860 1180 proceros

267 1208 324 1253 et
371 1205 536 1256 tortes
581 1217 826 1273 corpore,
877 1202 1228 1267 debellariut,
1284 1217 1577 1272 omnesque
1630 1203 1860 1272 regionis

267 1299 459 1358 gentes
518 1291 568 1344 in
615 1291 789 1362 fugam
841 1294 1114 1347 verterint.
1159 1293 1291 1347 Nam
1319 1293 1455 1348 sicut
1507 1303 1736 1356 torrens,
1769 1296 1856 1363 qui

268 1380 424 1436 valde
450 1383 682 1436 excurrit
709 1393 759 1438 et
790 1384 1029 1450 inundat,
1059 1386 1237 1440 omnia
1265 1400 1448 1440 secum
1495 1386 1632 1455 rapit
1655 1395 1710 1439 et
1738 1402 1860 1457 per-

267 1473 391 1528 dit:
438 1475 507 1529 ita
552 1485 607 1534 ct
656 1475 863 1530 barbari
913 1476 985 1532 illi
1022 1477 1329 1532 invaserunt
1353 1493 1540 1533 omnes
1570 1487 1771 1548 gentes,
1805 1489 1859 1534 et

268 1579 457 1621 omnes
489 1581 706 1636 prorsus
734 1567 1097 1637 perdiderunt,
1126 1568 1193 1622 ita
1227 1579 1282 1622 ut
1309 1577 1364 1624 et
1392 1569 1657 1638 principes
1696 1571 1858 1623 Ama-

271 1657 565 1719 lccitarum.
613 1669 668 1714 et
712 1661 845 1715 alios
893 1677 1080 1717 omnes
1129 1662 1180 1716 in
1230 1660 1406 1732 fugam
1436 1663 1709 1716 verterint.
1752 1661 1859 1717 Sed

272 1749 409 1804 forte
441 1750 635 1805 dixerit
681 1752 941 1822 quispiam
977 1769 991 1805 :
1033 1752 1101 1806 Et
1130 1769 1248 1822 qua:
1293 1753 1422 1806 mihi
1453 1753 1670 1817 utilitas,
1721 1753 1860 1808 seire

270 1842 616 1898 barbarorqu
645 1845 845 1899 robur?
895 1845 1008 1901 Non
1036 1856 1236 1901 temere
1289 1861 1462 1915 neque
1514 1846 1703 1900 frustra
1738 1861 1858 1900 nar-

269 1935 463 1988 rationi
515 1935 635 1990 talia
686 1937 973 1991 immiscuit
1022 1937 1294 2006 Scriptura
1338 1937 1550 2004 divina,
1597 1953 1698 1992 ncc
1744 1938 1861 1993 sine

270 2042 427 2082 causa
457 2043 553 2083 nos
573 2045 601 2082 a
635 2030 894 2100 principio
919 2039 1163 2085 auctores
1194 2030 1342 2084 vobis
1383 2045 1567 2084 SlilltllS
1595 2045 1867 2085 uicerunt

271 2120 636 2177 fortitudinem
695 2124 954 2179 memoria
999 2125 1266 2179 teneatis:
1299 2125 1391 2180 sed
1434 2134 1490 2180 ut
1539 2127 1860 2196 procedente

273 2211 512 2266 doctrina
544 2213 762 2270 discatis
805 2225 855 2270 et
899 2216 1165 2286 ingentem
1199 2217 1294 2271 Dci
1342 2219 1650 2286 potentiam,
1682 2229 1735 2273 et
1766 2236 1858 2288 pa-

273 2313 308 2356 ti
326 2304 521 2358 iarchzn
565 2305 834 2360 virtutem.
885 2307 1082 2361 Contra
1133 2307 1252 2362 illos
1283 2309 1440 2378 igitur
1484 2310 1570 2378 qui
1601 2318 1746 2365 tanto
1776 2326 1862 2365 ro-

272 2393 402 2447 bore
429 2394 630 2462 prmditi
662 2406 834 2462 erant,
862 2408 914 2452 et
937 2405 1014 2452 tot
1041 2407 1229 2468 gentes
1275 2399 1325 2453 in
1357 2399 1529 2469 fugam
1569 2411 1856 2467 verterant,

273 2485 326 2537 8.
363 2483 611 2554 It‘gressus
637 2496 729 2552 est,
759 2486 948 2557 inquit,
972 2489 1024 2542 in
1053 2489 1284 2559 praelium
1309 2505 1402 2550 rex
1423 2488 1782 2554 Sodomorum,
1815 2501 1860 2544 et

273 2575 592 2642 Gomorrlue,
623 2588 670 2632 et
697 2595 786 2633 rea:
811 2580 1029 2646 Adamn,
1059 2590 1106 2635 et
1131 2598 1220 2635 rea:
1246 2581 1471 2648 Seboim,
1495 2591 1540 2636 et
1565 2599 1653 2636 rea:
1676 2581 1862 2658 Bolae,

270 2668 383 2737 ipsa
408 2679 480 2722 est
501 2667 665 2740 Segor
684 2687 703 2723 :
727 2680 774 2725 et
798 2672 1086 2726 direxerant
1112 2673 1268 2727 aciem
1294 2675 1348 2727 in
1375 2676 1605 2742 prtelium
1633 2675 1684 2728 in
1720 2672 1864 2729 Valle

272 2761 432 2823 salsa,
476 2759 530 2814 9.
565 2769 741 2814 contra
779 2761 1186 2834 Chodologomor
1228 2775 1273 2818 et
1307 2765 1580 2832 Thart/tac,
1604 2777 1654 2822 et
1681 2769 1862 2820 Amar-

273 2851 452 2920 phatlt,
500 2861 548 2906 et
585 2853 792 2908 Arioch.
847 2854 1078 2920 Quatuor
1117 2873 1258 2927 reges
1285 2870 1461 2911 contra
1503 2861 1737 2930 quinque.
1774 2860 1860 2915 lO.

283 2940 444 2997 Vallis
488 2953 654 2998 autem
697 2945 852 3009 salsa,
903 2948 1039 3015 putei
1061 2946 1338 3002 bituminis.
1372 2948 1571 3003 Deinde
1598 2958 1654 3003 ut
1685 2949 1865 3004 disea-

275 3050 395 3088 mus
433 3037 700 3104 quomodo
741 3053 927 3093 eorum
971 3039 1153 3102 robur,
1200 3050 1254 3094 et
1291 3042 1580 3110 potentiam
1607 3042 1862 3114 obstupe-

273 3132 508 3194 scentes,
535 3126 586 3179 iu
612 3125 789 3196 fugam
815 3129 950 3181 νς·τεί
968 3136 1112 3196 sunt,
1142 3129 1308 3199 inquit
1328 3127 1414 3188 .Et
1433 3132 1562 3201 fugit
1586 3148 1676 3185 rex
1697 3132 1867 3187 Sodo-

275 3231 494 3282 morum,
540 3226 585 3270 et
631 3217 947 3285 Gomorrlite,
995 3228 1044 3274 et
1081 3221 1367 3274 ceciderunt
1416 3223 1520 3276 illic
1565 3222 1651 3275 ubi
1698 3228 1863 3291 fontes

273 3317 419 3359 erant
444 3323 465 3362 :
492 3311 577 3381 qui
597 3320 764 3363 autem
801 3312 998 3382 reliqui,
1033 3318 1270 3385 fugerunt
1308 3315 1361 3369 in
1391 3325 1648 3369 montana.
1674 3315 1862 3370 Vidisti

275 3406 475 3466 quanto
520 3399 711 3455 robore
755 3401 1024 3458 bellabant
1067 3404 1150 3459 isti
1199 3404 1335 3458 viri?
1381 3407 1648 3476 quomodo
1680 3407 1862 3463 hostes

274 3502 404 3542 Suos
429 3490 591 3544 etiam
617 3501 833 3562 aspectu
860 3507 957 3548 suo
987 3503 1310 3563 terruerunt,
1332 3505 1384 3551 ct
1409 3498 1459 3551 in
1489 3496 1662 3566 fugam
1689 3508 1862 3554 verte-

275 3583 439 3636 runt?
469 3583 596 3638 Vide
621 3584 873 3656 deinceps
899 3588 1167 3657 quomodo
1193 3588 1296 3644 illis
1322 3588 1499 3657 fugam
1536 3591 1858 3657 ineuntibus,

281 3674 369 3729 isti
400 3675 591 3731 ablatis
616 3677 862 3731 omnibus
883 3695 1000 3748 qua:
1023 3679 1230 3734 illorum
1256 3691 1428 3743 erant.
1453 3681 1747 3737 redierunt.
1773 3684 1858 3737 ll.

276 3764 586 3834 Acceperunt
623 3778 810 3832 autem,
856 3768 1042 3838 inquit,
1077 3779 1337 3835 montana,
1369 3781 1415 3824 et
1440 3788 1637 3827 omnem
1667 3776 1863 3844 equita-

277 3866 388 3908 tum
433 3855 774 3911 Sodomorum
817 3868 863 3912 et
912 3857 1228 3928 Gomorrlue,
1261 3870 1307 3916 et
1359 3879 1530 3918 omnes
1557 3877 1864 3921 commeatus

277 3963 471 4013 eorum,
502 3957 550 4002 et
574 3949 818 4003 abierunt.
847 3950 930 4004 12.
960 3950 1273 4022 Acceperunt
1292 3971 1486 4024 quoque
1504 3965 1550 4010 et
1579 3955 1674 4010 Lot
1699 3959 1862 4026 ﬁliuni

277 4040 452 4110 fratris
471 4039 639 4100 Abrae.
667 4052 715 4096 et
733 4043 1095 4112 supellectilem
1115 4047 1241 4117 ejus,
1262 4055 1311 4100 et
1321 4048 1567 4102 abierunt.
1595 4048 1865 4105 Habitabat

277 4132 409 4184 enim
438 4132 490 4184 in
519 4132 776 4189 Sodomis.
801 4135 938 4190 Ecce
959 4135 1010 4190 id
1037 4136 1178 4204 quod
1211 4137 1323 4191 heri
1353 4137 1614 4203 dicebam,
1646 4140 1697 4194 id
1725 4157 1865 4198 nunc

277 4223 489 4288 evenit;
534 4224 662 4278 nihil
703 4225 846 4280 enim
873 4225 1069 4296 profuit
1093 4227 1249 4292 Loto,
1278 4229 1420 4300 quod
1449 4232 1652 4300 potiora
1682 4232 1860 4304 elege-

278 4315 370 4381 rit,
411 4317 504 4371 sed
553 4332 611 4373 re
658 4317 770 4388 ipsa
815 4319 998 4375 didicit
1025 4321 1230 4390 priores
1249 4333 1429 4394 partes
1455 4340 1558 4380 non
1587 4336 1858 4396 appetere.

278 4407 410 4462 Nam
451 4424 516 4462 ex
557 4408 657 4465 hoc
700 4427 805 4465 non
847 4412 1021 4467 solum
1065 4413 1200 4469 nihil
1250 4415 1489 4472 utilitatis
1531 4418 1579 4472 ei
1608 4421 1861 4486 accrevit,

280 4498 372 4553 sed
421 4515 546 4554 ecce
591 4503 831 4570 captivus
877 4504 1036 4558 etiam
1078 4505 1338 4561 abductus
1376 4516 1476 4572 est,
1508 4517 1562 4563 et
1595 4508 1780 4564 didicit
1805 4526 1864 4566 re

282 4591 413 4661 ipsa,
459 4594 626 4648 multo
678 4597 846 4649 satius
885 4597 932 4650 ei
975 4598 1139 4653 fuisse
1182 4599 1254 4653 uti
1296 4601 1680 4656 consuetudine
1709 4603 1860 4672 justi,

280 4699 437 4752 quam
487 4695 814 4753 separatum,
864 4697 919 4742 et
972 4689 1022 4743 in
1075 4691 1318 4746 libertate
1365 4693 1637 4748 viventem
1673 4695 1723 4747 in
1755 4705 1862 4749 tam

281 4774 475 4828 multas
504 4776 831 4834 calamitates
860 4781 1113 4836 incidere.
1145 4783 1282 4837 Ecce
1311 4785 1452 4839 enim
1481 4794 1538 4838 ut
1563 4785 1763 4841 divisus
1783 4795 1866 4842 est

279 4883 309 4921 a
338 4867 656 4936 patriarcha,
687 4887 809 4925 cum
838 4883 1041 4939 putaret
1067 4892 1125 4930 se
1152 4877 1204 4930 in
1233 4878 1416 4947 majori
1444 4895 1564 4934 esse
1597 4881 1860 4949 libertate,

281 4969 333 5015 et
363 4961 565 5028 potiora
597 4976 655 5016 se
675 4975 1039 5032 assequutnm,
1061 4978 1113 5020 et
1136 4968 1427 5031 abundare,
1451 4981 1671 5039 repente
1695 4973 1865 5028 factus

279 5061 364 5107 est
406 5066 613 5116 servus,
665 5067 856 5108 carens
903 5055 1082 5120 domo,
1116 5073 1304 5112 carens
1331 5071 1383 5114 et
1413 5061 1531 5116 foco
1560 5080 1573 5116 :
1609 5073 1665 5116 ut
1690 5064 1866 5120 discas

280 5153 536 5211 quantum
579 5142 777 5196 malum
825 5143 1108 5210 dissensio,
1153 5158 1206 5202 et
1231 5159 1483 5219 quantum
1513 5154 1708 5209 bonum
1739 5171 1868 5210 eon-

284 5234 460 5288 enrdia
490 5249 505 5288 :
547 5243 602 5286 et
638 5234 777 5288 scias
821 5246 1238 5294 consentaneum
1279 5257 1399 5295 esse
1428 5258 1531 5296 non
1563 5246 1759 5314 majora
1789 5258 1866 5303 te-

284 5342 432 5381 mere
480 5341 790 5398 capessere,
840 5327 934 5382 sed
977 5330 1154 5400 potius
1213 5333 1506 5388 minoribus
1557 5346 1866 5393 contentum

284 5433 424 5472 esse.
473 5419 802 5488 Acceperunt,
850 5418 1041 5489 inquit,
1088 5419 1184 5474 Lot
1231 5431 1277 5475 et
1323 5425 1681 5492 supellectilem
1731 5430 1862 5497 ejus.

285 5520 492 5576 Quinto
539 5511 728 5565 n-clius
767 5520 883 5568 erat
920 5526 1041 5567 eum
1085 5527 1208 5569 cum
1256 5516 1550 5585 patriarcha
1580 5511 1782 5586 vivere,
1815 5529 1868 5576 et

285 5601 459 5660 onmia
488 5603 647 5668 terre,
681 5611 738 5656 ut
765 5618 832 5658 ue
855 5605 1137 5660 cencordia
1164 5607 1479 5669 solveretur.
1511 5625 1669 5678 quam
1709 5624 1864 5680 sepa-

286 5709 456 5750 ratum
509 5703 560 5751 et
588 5697 771 5752 eluetis
799 5697 1112 5767 potioribus,
1137 5698 1187 5753 iu
1219 5707 1361 5753 tanta
1385 5713 1603 5770 repente
1636 5702 1860 5776 pericula

1237 254 1300 310 ΙΝ
1340 253 1491 312 CAP.
1534 252 1672 311 XIV.
1717 251 1964 310 GENES.
2011 251 2237 308 "03111..
2281 252 2498 308 XXXV.

3449 262 3553 319 325

1966 368 2224 435 incidere,
2274 379 2328 425 et
2375 370 2426 424 in
2476 369 2826 426 barbarorum
2855 372 3043 428 venire
3081 377 3436 444 potestatem?
3466 384 3553 436 15.

1967 461 2247 513 Adveniens
2299 471 2466 514 autem
2521 461 2750 532 quidam,
2801 459 2999 533 inquit,
3033 481 3097 520 ex
3133 467 3194 520 iis
3243 469 3329 532 qui
3376 475 3555 527 seruati

1963 561 2130 616 erant,
2172 554 2416 606 nuntiavit
2455 554 2604 607 Abra:
2630 555 2906 609 transituri.
2945 555 3067 626 Ipse
3101 567 3268 614 autem
3301 561 3554 618 habitabat

1962 642 2111 710 jna'ta
2153 660 2388 712 quercum
2419 641 2651 699 Mambre
2679 645 2873 711 Omori,
2906 653 3082 716 fratris
3124 649 3334 720 Escltol,
3372 665 3416 709 et
3441 660 3555 727 fra-

1965 734 2055 786 tris
2100 735 2310 799 Aunan,
2353 737 2438 805 qui
2485 748 2630 792 erant
2679 727 3012 811 confaederati
3058 744 3224 799 Abrtc.
3275 747 3554 813 Quomodo

1967 835 2172 880 tantum
2218 827 2415 882 bellum
2459 821 2743 884 conflatum
2774 831 3032 900 ignoravit
3063 837 3398 904 patriarcha?
3428 839 3555 896 For-

1967 918 2124 973 tassis
2155 935 2341 990 magna
2373 921 2621 976 distantia
2649 922 2851 989 aberat,
2886 933 2940 978 et
2980 925 3099 980 ideo
3137 927 3412 996 ignoravit.
3443 932 3552 984 Ad-

1965 1010 2165 1064 veniens
2190 1022 2356 1065 autem
2393 1013 2600 1082 quidam
2635 1016 2953 1068 aunuatiavit
2981 1017 3127 1070 Abra:
3169 1021 3428 1074 transituri
3452 1037 3470 1075 :
3498 1033 3551 1077 ut

1966 1101 2120 1156 nobis
2141 1117 2523 1159 commemoret
2548 1106 2595 1159 ei
2625 1109 2993 1163 annuntiatum
3022 1124 3161 1176 esse,
3190 1112 3276 1179 qui
3302 1127 3365 1167 ex
3392 1113 3519 1166 Chal
3539 1144 3554 1154 -

1964 1191 2077 1245 d:ca
2111 1193 2360 1248 redierat.
2397 1195 2528 1249 Nam
2557 1197 2679 1265 quia
2704 1205 2852 1251 trans
2890 1198 2994 1270 (α)
3028 1199 3352 1269 Euphratem
3382 1203 3554 1258 domi-

1963 1283 2142 1336 cilium
2184 1283 2462 1349 habuerat,
2487 1283 2657 1340 dit-tus
2705 1296 2788 1342 est
2835 1288 3224 1354 transiluvialis,
3260 1291 3345 1346 vel
3374 1301 3550 1348 trans-

1965 1373 2086 1426 itor.
2131 1375 2197 1430 Et
2230 1383 2384 1430 antea
2414 1378 2575 1431 etiam
2599 1378 2666 1432 ab
2685 1377 2837 1432 initio
2869 1389 3116 1449 parentes
3144 1383 3191 1437 ei
3221 1383 3320 1438 hoc
3357 1401 3549 1440 nomen

1967 1463 2284 1529 indiderant,
2322 1465 2435 1535 jam
2479 1475 2636 1522 antea
2667 1468 3028 1538 significantes
3054 1485 3176 1526 eum
3209 1473 3332 1528 inde
3362 1475 3554 1545 migra-

1967 1563 2163 1607 turum.
2213 1555 2441 1611 Vocatus
2494 1557 2635 1611 enim
2685 1567 2768 1612 est
2812 1559 3033 1626 Abram,
3081 1562 3204 1631 quia
3230 1564 3552 1634 migraturus

1964 1655 2080 1700 erat
2105 1654 2254 1702 trans
2285 1649 2631 1718 Euphratem,
2664 1660 2717 1704 et
2744 1650 2795 1704 in
2827 1651 3161 1708 Palmstinam
3192 1667 3463 1712 venturus.

2035 1740 2090 1794 4.
2122 1740 2348 1796 Attende
2373 1742 2640 1810 quomodo
2662 1753 2715 1797 et
2743 1753 2990 1813 parentes
3013 1746 3130 1815 ejus
3157 1749 3280 1804 licet
3309 1750 3551 1808 infideles

1964 1840 2166 1897 essent,
2185 1831 2345 1887 ductu
2369 1834 2750 1903 potentissima:
2770 1835 3043 1905 sapientia:
3062 1839 3151 1892 Dei
3171 1855 3364 1896 nomen
3388 1857 3550 1912 pucro

1967 1921 2366 1991 imposuerunt,
2405 1925 2540 1978 sicut
2565 1933 2620 1980 et
2651 1925 2880 1981 Lamech
2915 1943 3014 1982 suo
3052 1929 3179 1986 Noe.
3213 1931 3305 1985 Est
3333 1933 3471 1986 enim
3499 1943 3552 1989 et

1967 2013 2067 2066 hoc
2103 2013 2294 2068 divinae
2337 2015 2709 2085 benignitatis,
2740 2027 2858 2086 post
2895 2019 3118 2073 multum
3159 2029 3364 2092 tempto
3392 2039 3550 2078 even-

1967 2111 2082 2156 tura
2114 2119 2208 2172 per
2235 2104 2477 2159 infideles
2501 2108 2883 2175 prtcnuntiare.
2914 2107 3214 2164 Adveniens
3242 2112 3416 2182 itaque
3439 2115 3551 2184 qni-

1965 2194 2110 2262 dam,
2141 2196 2328 2266 inquit,
2357 2199 2614 2252 nuntiavit
2651 2200 2920 2254 transituri
2957 2217 3075 2272 qua)
3116 2203 3435 2269 acciderant,
3464 2223 3552 2262 ca-

1968 2287 2261 2354 ptivitatem
2310 2288 2555 2343 videlicet
2603 2289 2694 2344 filii
2742 2291 2955 2356 fratris,
3003 2302 3057 2348 et
3105 2311 3288 2364 regqu
3341 2299 3549 2353 illorum

1969 2391 2214 2445 magnam
2255 2381 2543 2448 petentiam
2569 2423 2585 2446 ,
2616 2381 3077 2452 Sodomorumque
3118 2388 3549 2455 populationem,

1964 2477 2019 2522 et
2049 2468 2239 2523 fmdam
2271 2469 2464 2539 fugam.
2497 2469 2618 2539 Ipse
2649 2482 2816 2526 autem
2836 2515 2850 2533 .
2882 2474 3084 2542 inquit,
3125 2476 3382 2532 habitabat
3397 2481 3550 2549 juxta

1964 2573 2200 2627 quercum
2233 2557 2462 2614 Mambre
2491 2559 2667 2614 Omori
2684 2604 2699 2627 ,
2728 2565 2902 2633 fratris
2930 2563 3138 2630 Eschol,
3167 2576 3214 2619 et
3238 2566 3440 2634 Aunan,
3465 2567 3570 2638 qui

1967 2659 2109 2704 erant
2135 2651 2462 2720 confmderati
2491 2653 2658 2709 Alme.
2689 2654 2805 2709 .lam
2835 2655 2970 2711 forte
2999 2657 3083 2712 hic
3109 2659 3300 2727 aliquis
3326 2661 3552 2717 interro-

1966 2742 2168 2810 gat-erit
2202 2760 2214 2795 :
2243 2742 2417 2808 Quare
2455 2759 2640 2798 eorum
2679 2746 2766 2815 qui
2810 2746 2860 2800 in
2902 2747 3151 2802 Sodomis
3188 2760 3372 2816 erant,
3404 2754 3552 2810 snlus

1961 2832 2136 2900 justus
2163 2833 2262 2887 Lot
2289 2834 2342 2886 in
2371 2835 2728 2904 captivitatem
2757 2837 3078 2893 abducitur?
3102 2839 3216 2894 Non
3251 2843 3366 2896 sine
3391 2859 3548 2898 causa

1969 2925 2068 2980 hoc
2087 2966 2102 2990 ,
2131 2941 2305 2996 neque
2335 2925 2526 2981 frustra
2559 2945 2574 2982 :
2605 2928 2699 2984 sed
2728 2937 2784 2983 ut
2811 2931 2978 2985 discat
3023 2931 3105 2986 his
3139 2935 3416 2992 eventibus
3455 2935 3551 2993 l.ot

1969 3017 2282 3087 patriarcha:
2320 3018 2565 3074 virtutem
2591 3061 2604 3084 ,
2635 3031 2693 3075 et
2730 3029 2788 3075 ut
2826 3031 3041 3092 propter
3077 3022 3246 3092 ipsum
3277 3038 3550 3082 serventur

1966 3119 2020 3164 et
2046 3110 2168 3174 alii,
2197 3119 2356 3180 utque
2381 3111 2636 3166 doceatur
2678 3114 2962 3182 primatmn
2997 3130 3102 3171 non
3141 3128 3424 3188 appetere,
3457 3123 3550 3177 sed

1969 3201 2258 3271 majoribus
2286 3203 2496 3257 cedere.
2531 3203 2824 3260 Audiamus
2852 3217 3027 3262 autem
3063 3209 3314 3281 deinceps
3341 3228 3401 3267 ea
3435 3230 3553 3284 qua:

1967 3300 2278 3361 sequuntur,
2313 3302 2370 3348 ut
2398 3294 2664 3350 discamus
2693 3306 2746 3351 et
2778 3299 2907 3366 justi
2938 3301 3214 3367 virtutem,
3245 3314 3297 3357 et
3328 3305 3550 3360 immeo»

1966 3401 2083 3442 eum
2121 3387 2210 3442 Dei
2253 3387 2567 3444 subsidium.
2610 3389 2802 3444 Verum
2843 3392 3127 3462 diligenter
3151 3395 3305 3451 dictis
3339 3402 3550 3455 auscul-

1968 3485 2094 3542 tate,
2120 3487 2458 3548 meutemque
2483 3480 2795 3551 recolligite.
2820 3482 3038 3537 Multum
3061 3486 3200 3538 enim
3224 3486 3354 3542 lucri
3382 3488 3554 3545 facere

1969 3567 2055 3621 hic
2093 3568 2415 3636 poterimus,
2447 3577 2503 3624 et
2527 3585 2591 3624 ex
2623 3570 2687 3624 iis
2712 3586 2829 3640 qua:
2868 3573 2968 3626 Lot
2995 3587 3284 3642 evenerunt
3310 3577 3504 3635 disceri
3536 3601 3549 3636 :

1968 3672 2256 3726 numquam
2288 3674 2430 3728 aegre
2458 3659 2755 3725 ferendum,
2786 3661 2829 3715 si
2854 3663 3213 3733 quandojusti
3245 3667 3549 3724 ineidantin

1969 3750 2306 3813 tentationes,
2333 3751 2556 3820 improbi
2581 3767 2708 3806 vero
2730 3762 2782 3806 et
2809 3754 2929 3808 mali
2957 3755 3224 3812 evadant:
3255 3775 3424 3830 neque
3446 3764 3556 3817 ullo

1968 3838 2129 3894 tnodo
2159 3840 2327 3909 prima
2359 3841 2645 3910 quaerenda
2674 3857 2828 3910 esse,
2861 3859 3031 3915 neque
3058 3846 3254 3918 aliquid
3288 3849 3552 3920 justorum

1970 3929 2310 3986 familiaritati
2347 3942 2400 3987 et
2428 3933 2695 3988 convictui
2739 3935 3158 4003 praeferendum;
3187 3940 3280 3994 sed
3309 3943 3408 3996 etsi
3443 3959 3556 3998 ser-

1967 4022 2219 4078 viendum
2249 4023 2318 4078 sit
2351 4023 2636 4080 habitando
2659 4041 2780 4081 eum
2815 4027 2943 4082 viris
2971 4029 3164 4086 virtute
3205 4033 3470 4102 praeditis,
3501 4035 3553 4090 id

1973 4122 2081 4183 ipsa
2116 4114 2357 4170 libertate
2391 4116 2577 4170 utilius
2614 4131 2755 4172 esse.
2799 4117 2867 4172 Et
2909 4119 3126 4189 insuper
3165 4121 3431 4178 discamus
3465 4127 3580 4196 pa-'

1970 4204 2215 4260 triareha:
2261 4205 2521 4276 insignem
2566 4207 2900 4264 tolerantiam
2931 4251 2946 4272 ,
2996 4227 3314 4281 propensum
3358 4215 3408 4269 in
3457 4215 3557 4272 Lot

1967 4311 2206 4350 amorem
2231 4305 2282 4352 et
2305 4297 2748 4362 benevolentiam,
2775 4299 3098 4355 fortitudinis
3119 4304 3554 4374 magnitudinem,

1968 4402 2127 4456 Opum
2156 4397 2552 4456 contemptum,
2583 4389 2899 4445 ineffabilem
2929 4391 3096 4446 divini
3127 4410 3249 4464 erga
3287 4395 3432 4449 illum
3464 4381 3577 4451 ad—l

1964 4476 2150 4547 jutorii
2178 4479 2446 4532 virtutem.
2481 4480 2568 4534 M.
2607 4478 2674 4533 Ut
2704 4489 2869 4532 autent
2895 4482 3110 4546 audivit,
3145 4483 3343 4553 inquit,
3373 4485 3559 4542 Abram

1968 4570 2102 4639 quod
2128 4579 2306 4638 captus
2332 4579 2456 4624 esset
2485 4569 2581 4624 Lot
2609 4570 2784 4640 fratris
2821 4572 2897 4624 sui
2934 4572 3071 4640 filius
3089 4614 3102 4635 ,
3131 4579 3411 4631 numeravit
3440 4596 3559 4648 pro-

1971 4660 2108 4729 prios
2138 4659 2432 4713 vernaculos
2458 4676 2577 4714 suos
2603 4669 2846 4716 trecentos
2871 4661 3038 4716 decem
3064 4673 3112 4718 et
3137 4676 3247 4718 octo
3268 4708 3283 4731 ,
3313 4676 3360 4719 et
3393 4685 3564 4736 perse-

1970 4759 2156 4819 quutus
2182 4758 2256 4804 est
2280 4750 2396 4804 illos
2420 4767 2576 4820 usque
2603 4750 2738 4817 Dan,
2768 4752 2854 4807 15.
2883 4761 2932 4806 et
2955 4753 3104 4806 irruit
3134 4770 3286 4824 super
3310 4773 3393 4810 eos
3425 4772 3569 4812 noc'e

1971 4843 2079 4910 ipse
2103 4850 2148 4895 et
2175 4841 2316 4909 pueri
2338 4843 2469 4912 ejus,
2493 4852 2538 4895 et
2564 4844 2805 4912 percussit
2827 4859 2930 4909 eos,
2959 4853 3005 4896 et
3036 4856 3358 4914 persequutus
3390 4857 3461 4902 est
3485 4865 3568 4906 eos

1973 4948 2130 5002 usque
2149 4930 2360 4995 Chobal,
2383 4947 2494 5001 quae
2521 4942 2591 4986 est
2613 4933 2666 4984 in
2691 4935 2895 4986 sinistra
2920 4933 3176 4988 Damasci.
3207 4937 3292 4990 16.
3323 4936 3390 4991 Et
3418 4941 3566 4994 redu-

1971 5025 2047 5078 xit
2073 5040 2268 5078 omnem
2297 5025 2570 5095 equitatum
2598 5023 2957 5078 Sodomorum.
2982 5023 3049 5078 Et
3076 5024 3173 5080 Lot
3201 5027 3363 5098 [ilium
3396 5034 3571 5102 fratri;

1972 5116 2052 5170 sui
2077 5115 2310 5182 reduxit,
2336 5127 2382 5168 et
2405 5115 2734 5168 substantiam
2762 5115 2902 5185 ejus,
2933 5125 2978 5168 et
3003 5117 3277 5188 populum,
3305 5129 3351 5175 et
3385 5123 3564 5178 mulie-

2037 5273 2242 5352 (a)_vos
2261 5273 2498 5352 ttebraica
2522 5283 2617 5338 est,
2641 5276 2768 5331 ma
2794 5295 2807 5332 :
2832 5295 2975 5352 quam
3020 5283 3100 5334 alii
3131 5287 3457 5352 transitorem,
3486 5300 3565 5342 vel

1975 5343 2774 5424 transfluviulem.Liuterpretantur
2803 5343 2945 5424 ςῬὪ
2969 5357 3097 5405 enim
3137 5363 3271 5409 trans
3306 5343 3562 5424 significat.

1976 5406 2058 5480 alii
2085 5406 2442 5480 Hebraeumhic
2463 5406 2710 5480 appellant
2729 5406 3060 5480 Abrabanium,
3100 5424 3152 5467 et
3176 5406 3562 5480 p'u’ilaiit°ﬁaiﬁéii

1975 5467 2163 5542 deserui
2185 5468 2249 5516 ab
2270 5469 2472 5542 [leberL
2493 5467 2630 5542 patre
2663 5473 2852 5535 Phalec,
2879 5491 2941 5542 e_x_
2967 5467 3064 5542 quo
3091 5467 3343 5542 originem
3353 5467 3564 5532 ducti—at

1973 5529 2243 5604 Abralraim
2267 5532 2415 5604 circa
2436 5529 2770 5604 ltebrzcorum__
2777 5529 3154 5604 appellationem
3166 5529 3276 5604 "par
3288 5529 3561 5591 sententia;

1974 5603 2089 5664 Et]!!!
2105 5591 2360 5664 discrimen
2373 5594 2656 5664 observatur
2681 5611 2700 5664 :_
2709 5591 2823 5664 aliis
2836 5591 2898 5664 ab
2925 5601 3096 5659 Ileber,
3113 5591 3262 5660 trans,
3282 5604 3392 5664 quia
3411 5609 3561 5651 trans-

1976 5653 2200 5702 flnviales
2232 5655 2420 5714 origine
2455 5663 2620 5710 erant.
2659 5657 2766 5710 aliis
2805 5662 2865 5709 ab
2911 5653 3102 5713 Hebet'o
3141 5653 3386 5713 Abrahfuni
3419 5669 3558 5713 atavo

1981 5727 2160 5763 nomen
2182 5715 2526 5765 tlerivnntibus.
