4020 6136
459 187 565 243 δυ

458 321 559 359 res.
596 301 890 358 Considera
923 298 1039 362 hic,
1068 296 1412 353 dilectissime
1431 336 1447 362 ,
1475 294 1959 365 magnanimitatem
1990 301 2045 347 et

462 395 823 452 fortitudinem
847 389 1009 461 justi,
1036 388 1303 461 quomodo
1333 389 1469 444 bene
1508 386 1636 441 fisus
1670 385 2048 441 misericordice

465 486 591 549 Dei,
625 501 728 539 non
754 480 1028 554 perculsus
1054 488 1135 536 est
1162 477 1343 534 animo
1361 520 1376 542 ,
1404 492 1523 533 eum
1553 477 1789 533 audisset
1815 478 2047 531 virorum

462 575 823 631 fortitudinem
845 614 859 637 ,
890 581 945 626 et
972 582 1199 641 stragem
1238 585 1397 641 quam
1435 569 1704 632 fecerant,
1735 567 1962 637 primum
1993 566 2049 620 in

460 681 648 722 omnes
673 677 859 735 gentes
895 662 1185 732 irruptione
1212 662 1347 717 facta
1374 702 1389 726 ,
1420 659 1801 730 debellatisque
1832 658 2050 713 Amale-

459 759 579 814 citis
616 769 670 812 et
706 758 914 813 exteris
951 755 1196 809 omnibus
1229 752 1567 823 :deindeque
1602 767 1723 806 cum
1760 749 2050 807 Sodomitis

461 863 651 903 manus
677 854 1022 902 consereutes
1043 886 1058 910 ,
1086 852 1139 899 et
1163 845 1213 898 iu
1242 843 1418 914 fugam
1448 843 1590 912 ipsos
1620 841 1908 909 verterint,
1933 856 2049 896 om-

462 954 690 1009 nemque
716 955 897 994 eorum
923 937 1238 1007 diripuerint
1274 934 1643 990 substantiam.
1676 932 1875 988 Idcirco
1904 932 2046 987 enim

459 1033 702 1102 superius
724 1030 837 1085 haec
855 1029 1031 1083 omnia
1053 1027 1282 1082 narravit
1302 1027 1455 1081 nobis
1472 1024 1763 1094 Scriptura,
1783 1030 1837 1078 et
1851 1032 2045 1093 quanta

460 1141 553 1180 sua
585 1124 774 1177 virtute
804 1130 1019 1175 strenue
1045 1127 1362 1189 gesserunt,
1396 1126 1452 1170 ut
1479 1116 1620 1171 scias
1648 1131 1752 1169 non
1783 1113 2047 1183 corporali

459 1218 651 1271 robore
690 1231 783 1269 eos
819 1213 1080 1268 devicisse
1127 1211 1477 1282 patriarcham
1502 1252 1516 1275 ,
1549 1209 1640 1264 sed
1671 1223 1764 1263 sua
1796 1208 1846 1263 in
1882 1208 2046 1262 Deum

462 1309 586 1373 fide,
615 1316 669 1361 et
692 1322 924 1375 Superno
953 1304 1199 1375 pra-sidio
1220 1302 1454 1372 adjutum
1479 1303 1651 1356 omnia
1676 1302 1759 1355 illa
1784 1300 2045 1370 gessisse;

460 1418 566 1455 non
597 1415 742 1454 arma
774 1398 955 1463 movit,
986 1412 1086 1450 nec
1113 1397 1236 1462 tela,
1270 1410 1367 1449 nec
1397 1394 1625 1457 lanceas,
1658 1407 1757 1447 nec
1785 1402 1939 1445 arcus
1969 1390 2049 1443 itt-

461 1490 651 1558 tendit,
684 1504 780 1543 nee
807 1498 953 1542 scuta
981 1486 1194 1554 objccit,
1226 1486 1317 1539 Sed
1344 1485 1516 1539 solum
1543 1500 1662 1538 cum
1691 1482 2008 1537 vernaculis.

531 1582 635 1635 Cur
660 1590 900 1634 trecentos
930 1577 1222 1632 vernaculos
1261 1577 1528 1645 sumpserit
1559 1575 1832 1627 Abraham.
1859 1603 1929 1613 —
1962 1572 2048 1625 Di-

460 1676 597 1729 xerit
620 1673 809 1742 aliquis
838 1691 853 1727 :
883 1673 946 1726 Et
974 1687 1136 1740 quare
1163 1670 1460 1724 numeratit
1488 1678 1754 1725 trecentos
1779 1666 1963 1723 decem
1993 1676 2048 1722 et

460 1776 581 1821 octo
605 1763 957 1819 vernaculos?
979 1762 1048 1818 Ut
1075 1763 1209 1816 scias
1239 1776 1360 1816 eum
1402 1775 1507 1814 non
1539 1759 1816 1814 universos
1843 1774 2047 1813 assmu-

459 1858 649 1927 psisse,
680 1855 774 1910 sed
805 1854 1140 1919 vernaculos,
1169 1862 1223 1907 et
1248 1853 1333 1922 qui
1362 1869 1479 1906 cum
1514 1853 1609 1905 Lot
1640 1852 1844 1906 educati
1872 1859 2044 1913 erant,

457 1960 516 2005 ut
546 1951 798 2005 ultionem
828 1958 1018 2018 sponte
1042 1956 1095 2001 et
1120 1946 1377 2001 benevole
1407 1947 1670 1999 facerent.
1703 1954 1884 2013 utpote
1909 1943 2046 1998 servi

459 2056 556 2110 pro
593 2056 690 2095 suo
727 2040 946 2095 domino
974 2046 1259 2093 certantes.
1293 2038 1357 2091 Et
1382 2038 1502 2091 vide
1527 2080 1540 2102 ,
1574 2039 1828 2101 obsecro,
1861 2038 2047 2090 miram

464 2132 558 2186 Dei
591 2134 900 2202 [silentiam
929 2141 1123 2199 quanta
1150 2129 1429 2183 velocitate
1455 2130 1673 2197 contigit
1699 2128 1936 2183 victoria.
1965 2127 2048 2182 Ir-

456 2223 557 2276 ruit
587 2223 750 2283 enim,
784 2222 970 2292 inquit,
1003 2237 1156 2290 super
1185 2222 1298 2274 illos
1325 2228 1485 2285 nocte,
1515 2221 1639 2289 ipse,
1671 2228 1721 2273 et
1755 2221 1883 2273 servi
1909 2222 2041 2290 ejus,

457 2322 502 2367 et
529 2315 769 2383 percussit
798 2331 911 2379 eos,
944 2322 989 2365 et
1021 2324 1345 2382 persequutus
1372 2321 1442 2365 est
1468 2328 1572 2364 eos.
1608 2311 1734 2365 Erat
1758 2313 1899 2367 enim
1938 2329 2048 2365 ma-

459 2418 558 2457 ttus
583 2419 830 2474 stiperna.
860 2420 977 2474 quce
1007 2403 1291 2472 adjuvabat
1316 2414 1369 2457 et
1396 2403 1797 2457 eommilitabat.
1834 2404 1898 2458 Et
1927 2403 2046 2458 ideo

458 2512 631 2565 neque
673 2497 871 2561 armis,
916 2511 1086 2565 neque
1129 2495 1390 2549 machinis
1434 2512 1566 2565 opus
1612 2495 2048 2551 habebant:st

460 2598 662 2643 tantum
694 2599 747 2642 ut
780 2588 1077 2657 comparuit
1104 2603 1224 2642 cum
1267 2587 1496 2654 famulis,
1524 2588 1657 2641 alios
1687 2589 1896 2658 quidem
1931 2603 2047 2657 per—

456 2680 656 2746 cussit,
684 2680 816 2734 alios
846 2687 1021 2733 autem
1054 2679 1106 2732 in
1135 2677 1308 2749 fugam
1338 2680 1527 2741 vertit,
1551 2688 1605 2733 et
1634 2690 1915 2748 utrumque
1946 2680 2048 2732 im-

460 2772 667 2843 pavide,
690 2788 811 2827 cum
839 2772 1015 2826 nullus
1038 2780 1181 2826 esset
1205 2772 1292 2841 qui
1320 2771 1645 2835 obturbaret,
1675 2781 1728 2825 et
1750 2781 1854 2825 tam
1882 2787 2049 2841 equos

460 2863 599 2935 regis
621 2862 976 2917 Sodomorum
1001 2861 1230 2927 reduxit,
1255 2878 1412 2931 quam
1434 2862 1533 2916 Lot
1554 2861 1729 2917 fratris
1750 2862 1830 2917 sui
1858 2862 2045 2930 ﬁlium,

458 2962 511 3008 et
542 2969 754 3008 omnem
781 2954 893 3023 ejus
921 2953 1271 3008 substantiam
1300 2962 1352 3008 et
1390 2954 1661 3009 mulieres.
1698 2955 1853 3009 Vides
1884 2971 2048 3025 quare

459 3046 577 3101 aliis
607 3045 724 3116 fuga
756 3046 1107 3112 elabcntibus,
1138 3045 1427 3114 permissus
1457 3046 1525 3099 sit
1554 3045 1652 3099 Lot
1683 3047 1732 3100 in
1765 3047 2047 3115 captivita-

463 3147 569 3191 tem
597 3137 819 3193 venire?
844 3136 1045 3206 Nempe
1073 3144 1205 3192 utet
1242 3135 1553 3205 patriarchae
1590 3137 1756 3190 virtus
1792 3138 2049 3192 claresce-

460 3241 574 3296 ret,
605 3237 659 3282 ct
686 3237 902 3298 propter
939 3230 1111 3297 ipsum
1146 3229 1233 3282 alii
1264 3228 1414 3281 multi
1446 3229 1671 3282 salutem
1700 3242 2048 3297 assequeren-

460 3330 564 3376 tu".
594 3321 769 3376 ltediit
792 3330 967 3374 autem
992 3334 1183 3389 magno
1212 3329 1264 3373 et
1294 3320 1550 3389 praeclaro
1579 3330 1777 3389 tropaeo
1805 3321 2044 3390 insignis,

458 3427 581 3467 eum
610 3412 711 3467 Lot
739 3426 905 3483 equos
923 3453 938 3475 ,
967 3422 1021 3467 et
1061 3411 1316 3465 mulieres
1336 3454 1351 3474 ,
1380 3419 1434 3466 et
1470 3421 1688 3466 caeteras
1725 3411 2047 3466 substantias

462 3505 720 3561 reducens
739 3547 754 3573 ,
786 3514 841 3561 et
867 3498 1009 3561 clara
1035 3520 1097 3560 ac
1125 3505 1277 3575 plena
1308 3520 1437 3560 voce
1469 3505 1788 3574 praedicans,
1820 3506 2047 3575 tubaque

460 3598 696 3653 vocalius
720 3598 977 3664 clamans,
1010 3612 1068 3652 se
1096 3612 1200 3652 non
1229 3596 1459 3651 humana
1485 3598 1703 3667 virtute,
1730 3612 1899 3668 neque
1928 3612 2047 3652 eor-

458 3691 627 3762 porali
656 3691 848 3747 robore
868 3699 922 3745 et
942 3690 1060 3744 illos
1083 3689 1411 3760 proﬂigasse,
1434 3699 1487 3745 et
1515 3691 1768 3745 victorem
1788 3692 2043 3756 evasisse,

457 3782 552 3837 sed
581 3797 811 3852 superna
838 3797 998 3835 manu
1027 3780 1253 3837 faciente
1280 3782 1479 3836 omnia.
1520 3781 1705 3836 Vidisti
1749 3798 1842 3851 per
1869 3782 2042 3836 omnia

460 3876 655 3941 iustum
675 3876 957 3931 clariorem
980 3874 1115 3941 ﬁeri,
1141 3884 1194 3930 et
1219 3875 1457 3944 quotidie
1480 3876 1649 3945 magis
1669 3874 1926 3930 declarari
1953 3874 2042 3929 Dei

457 3984 580 4039 erga
626 3984 749 4024 eum
796 3969 1220 4039 providentiam?
1257 3967 1391 4023 Vide
1432 3977 1548 4035 post
1589 3967 1735 4033 hzec,
1778 3968 2045 4036 quomodo

457 4063 634 4118 studet
658 4073 713 4117 ut
736 4061 1027 4115 Sodomitis
1052 4059 1216 4114 divini
1244 4060 1419 4113 cultus
1439 4058 1626 4113 doctor
1644 4058 1762 4112 ﬁat.
1792 4060 1876 4113 Ait
1900 4060 2044 4115 enim

459 4155 731 4222 Scriptura
764 4170 777 4206 :
803 4153 888 4205 17.
921 4150 1167 4222 Egressus
1202 4160 1273 4203 est
1303 4166 1393 4203 rea:
1420 4150 1757 4203 Sodomorum
1780 4151 1831 4204 in
1860 4168 2038 4205 occur-

457 4260 569 4296 sum
596 4243 672 4305 ei,
703 4250 967 4312 postquam
1005 4257 1228 4296 reversus
1266 4253 1334 4294 est
1363 4259 1391 4292 a
1420 4253 1585 4313 strage
1614 4240 2037 4315 Cltadologomor,

456 4343 502 4388 et
536 4350 709 4405 regum
744 4334 829 4404 qui
858 4350 973 4388 cum
1007 4334 1119 4388 illo.
1160 4332 1391 4388 Attende
1427 4335 1607 4402 quanti
1652 4335 1723 4389 sit
1762 4334 1959 4399 virtus,
1988 4347 2042 4390 et

456 4427 621 4481 divini
664 4427 840 4482 auxilii
876 4426 1265 4483 commilitium.
1298 4426 1409 4483 Rex
1448 4429 1727 4498 peregrino
1754 4438 1809 4483 et
1841 4429 1955 4484 seni
1984 4428 2038 4484 in

454 4533 739 4572 occursum
776 4519 1043 4588 egreditur
1065 4560 1080 4584 ,
1111 4528 1166 4573 et
1202 4534 1414 4574 omnem
1460 4518 1717 4574 honorem
1762 4519 2035 4589 impendit.

456 4608 573 4664 Jam
600 4611 743 4665 enim
772 4608 1048 4672 didicerat,
1075 4608 1203 4661 nihil
1234 4610 1488 4678 prodesse
1516 4626 1734 4681 regnum
1758 4612 1804 4665 ei
1832 4611 1921 4681 qui
1945 4626 2037 4666 su-

458 4717 626 4774 perno
648 4700 848 4757 auxilio
872 4709 955 4756 est
979 4699 1282 4765 destitutus,
1308 4709 1362 4755 et
1390 4700 1519 4754 nihil
1545 4703 1810 4770 potentius
1835 4718 1954 4757 esse
1973 4718 2040 4759 eo

454 4794 545 4866 qui
576 4809 735 4849 manu
764 4794 858 4849 Dei
886 4792 1190 4863 adiuvatur.
1218 4791 1307 4846 18.
1337 4790 1404 4844 Et
1444 4790 1803 4859 Melchisedec,
1833 4794 2037 4864 inquit,

454 4901 545 4940 res
597 4884 771 4940 Salem
802 4884 1012 4953 protulit
1041 4899 1197 4954 panes
1224 4892 1271 4937 et
1300 4884 1488 4938 uinum.
1522 4882 1649 4937 Erat
1674 4893 1838 4941 autem
1865 4902 2036 4943 sacer-

452 4979 547 5032 dos
577 4977 672 5031 Dei
699 4975 952 5031 altissimi.

525 5069 579 5125 5.
608 5066 746 5136 Quid
785 5067 885 5121 sibi
918 5065 1031 5122 vult
1068 5065 1183 5122 hrec
1210 5066 1543 5136 observatio,
1575 5067 1686 5123 Rex
1735 5068 1938 5135 Salem,
1983 5081 2039 5128 et

455 5158 707 5213 Sacerdos
732 5156 830 5212 Dei
852 5158 1084 5213 altissimi
1104 5158 1130 5212 .9
1151 5159 1261 5215 Rex
1286 5160 1501 5230 quidem
1526 5171 1638 5216 erat
1662 5162 1858 5218 Salem.
1888 5163 2037 5219 Illum

453 5253 596 5309 enini
624 5253 777 5308 nobis
810 5262 865 5309 et
902 5253 1088 5310 beatus
1122 5255 1315 5311 Paulus
1358 5255 1596 5311 scribens
1628 5256 1693 5311 ad
1735 5273 1828 5312 eos
1854 5257 1941 5328 qui
1970 5274 2037 5315 ex

456 5343 694 5400 llebraeis
721 5346 1089 5416 crediderant,
1117 5363 1238 5402 cum
1266 5348 1317 5403 in
1347 5349 1579 5403 medium
1608 5349 1912 5406 adduxisset
1936 5391 1951 5417 ,
1983 5362 2037 5408 et

452 5451 647 5493 nomen
674 5438 793 5509 ejus
820 5448 1072 5495 tractaret
1099 5448 1257 5510 atque
1278 5441 1567 5506 civitatem,
1596 5442 1748 5497 simul
1775 5443 2038 5516 significa-

451 5530 652 5585 tionem
676 5531 907 5586 nominis
926 5531 1042 5601 ejus
1065 5532 1465 5602 interpretatur,
1495 5542 1549 5587 et
1571 5548 1695 5587 usus
1717 5536 2034 5606 etymologia

448 5622 679 5692 quadam
715 5622 788 5681 ait
818 5641 832 5680 :
864 5620 1196 5681 Helehiscdec
1215 5664 1230 5690 ,
1259 5640 1348 5677 rex
1380 5625 1595 5692 justitia'
1622 5622 1642 5698 (
1669 5624 1821 5681 Hebr.
1852 5626 1905 5681 7.
1935 5627 2027 5700 2).

1169 181 1227 237 S.
1267 177 1544 238 JOANNIS
1580 176 2055 236 CIIRYSOSTOMI
2095 177 2413 233 ARCHIEP.
2452 177 2982 236 CONSTANTINOP.

3636 186 3749 239 3‘2“

2155 290 2288 346 Nam
2327 290 2619 346 secundum
2658 290 2971 346 Hebraicam
3013 292 3245 362 linguam
3290 292 3477 349 Melchi
3523 311 3752 366 regnum

2153 381 2413 453 significat
2442 399 2455 434 :
2483 390 2538 436 et
2566 380 2733 436 Sedec
2752 425 2767 446 ,
2795 381 3074 451 justitiam.
3110 382 3173 436 Et
3198 398 3318 438 cum
3344 382 3409 437 ad
3439 400 3635 440 nomen
3665 388 3749 441 ci-

2154 473 2329 527 vitatis
2350 475 2511 536 venit,
2539 472 2649 528 Rea:
2671 475 2829 543 pacis,
2849 474 3019 544 inquit
3043 493 3053 526 :
3078 475 3253 529 Salem
3276 477 3415 530 enim
3439 478 3578 533 idem
3602 479 3750 547 qum]

2154 582 2254 637 pax
2279 575 2377 622 est.
2404 566 2667 621 Sacerdos
2693 575 2869 621 autem
2899 576 3034 632 erat,
3065 568 3201 623 forte
3228 584 3258 621 a
3287 571 3577 639 semetipso
3600 571 3752 626 ordi-

2155 667 2312 713 natus
2342 676 2354 712 :
2384 660 2461 713 sic
2484 659 2625 713 enim
2653 667 2776 713 tunc
2800 669 2951 714 erant
2974 661 3277 715 sacerdotes
3300 677 3313 714 :
3338 664 3419 717 vel
3441 664 3561 731 quia
3586 673 3749 719 recite

2155 751 2454 821 provectior
2477 760 2613 817 erat,
2635 767 2665 805 a
2688 753 2796 806 suis
2823 750 2962 805 hunc
2985 752 3240 807 honorem
3267 756 3497 823 accepit;
3528 756 3606 811 vel
3632 756 3748 825 ipse

2152 841 2459 897 sacriﬁeare
2493 842 2712 907 studuit,
2742 843 2879 897 sicut
2905 852 2958 896 et
2984 843 3115 909 Noe,
3147 844 3298 912 Abel,
3326 846 3545 910 Abram,
3569 862 3744 917 quan-

2150 933 2222 988 do
2246 933 2503 988 sacrifleia
2534 934 2860 989 obtulerunt.
2892 935 3138 1005 Alioquin
3166 946 3219 991 et
3245 947 3399 1008 typus
3428 939 3621 993 Christi
3660 939 3737 993 fu-

2154 1034 2304 1080 turus
2343 1037 2477 1081 erat.
2511 1027 2662 1082 Unde
2691 1037 2745 1081 et
2783 1027 2974 1082 Paulus
3016 1029 3092 1084 sic
3132 1044 3252 1084 eum
3291 1032 3483 1101 accipit
3509 1032 3737 1089 dicens:

2157 1118 2282 1173 Sine
2308 1129 2452 1189 patre
2470 1160 2483 1185 ,
2509 1120 2618 1173 sine
2642 1128 2801 1172 matre
2818 1161 2834 1186 ,
2862 1121 2969 1173 sine
3004 1120 3296 1193 genealogia
3315 1163 3329 1187 ,
3360 1138 3516 1193 neque
3543 1125 3748 1178 initium

2151 1213 2370 1277 dierum,
2403 1228 2558 1283 neque
2582 1213 2693 1267 vita:
2716 1213 2866 1280 ﬁnem
2892 1213 3098 1279 habens,
3127 1216 3434 1270 assimilatas
3457 1226 3623 1272 autem
3653 1216 3743 1273 Fi-

2153 1305 2221 1357 lio
2249 1303 2366 1369 Dei,
2394 1316 2558 1359 manet
2588 1307 2822 1359 sacerdos
2852 1308 2903 1358 in
2946 1317 3238 1376 perpetuum
3267 1308 3447 1380 (Hebr.
3480 1312 3531 1365 7.
3566 1312 3647 1381 3).
3680 1313 3750 1368 Et

2150 1395 2439 1465 quomodo,
2469 1395 2632 1459 dices,
2667 1397 2915 1464 possibile
2941 1406 3021 1450 est
3048 1398 3319 1452 hominem
3344 1401 3543 1471 ab~que
3568 1412 3745 1471 patre,

2151 1496 2204 1539 et
2235 1496 2433 1546 matre,
2462 1495 2513 1539 et
2545 1487 2660 1539 sine
2688 1487 2996 1557 genealogia
3036 1504 3155 1543 esse
3177 1531 3193 1553 ,
3217 1498 3271 1544 et
3298 1506 3400 1545 non
3433 1491 3630 1547 habere
3661 1495 3745 1547 vel

2154 1579 2381 1639 initium,
2412 1580 2489 1631 vel
2522 1579 2677 1633 [intem
2706 1580 2868 1634 vitaz?
2897 1581 3099 1636 Audisti
3127 1597 3247 1636 eum
3281 1584 3497 1654 figuram
3529 1585 3737 1641 fuisse:

2152 1684 2218 1721 ne
2243 1684 2369 1738 ergo
2398 1670 2662 1724 admirare
2685 1711 2699 1733 ,
2730 1686 2900 1741 neque
2931 1674 3106 1727 omnia
3148 1676 3357 1745 require
3385 1677 3434 1730 in
3464 1687 3607 1748 typo.
3642 1678 3749 1734 Ne-

2152 1776 2255 1830 que
2285 1761 2427 1814 euim
2461 1772 2613 1831 typus
2640 1773 2813 1827 esset,
2845 1763 2886 1816 si
2916 1765 3091 1817 omnia
3121 1781 3237 1835 qua:
3271 1767 3320 1819 iu
3352 1768 3572 1823 veritate
3608 1785 3743 1823 enn-

2154 1853 2397 1922 tingunt,
2436 1854 2677 1909 haberet.
2718 1854 2855 1922 Quid
2902 1856 3059 1926 igitur
3095 1866 3177 1911 est
3214 1858 3354 1928 quod
3397 1859 3465 1913 ibi
3507 1860 3747 1917 dicitur?

2150 1943 2297 1999 Sicut
2336 1945 2423 1999 ille
2446 1986 2462 2011 ,
2494 1946 2659 2015 inquit
2685 1988 2699 2011 ,
2731 1962 2795 2002 eo
2826 1948 2964 2017 quod
2998 1949 3141 2002 nulla
3172 1949 3241 2004 sit
3270 1952 3523 2005 memoria
3554 1968 3743 2008 eorum

2153 2024 2242 2109 qui
2272 2047 2610 2108 genuerunt,
2642 2038 2835 2094 dicitur
2871 2042 2986 2097 sine
3029 2050 3175 2110 patre
3207 2050 3261 2097 et
3299 2044 3413 2098 sine
3454 2054 3620 2099 matre
3642 2088 3658 2107 ,
3690 2055 3752 2100 et

2150 2128 2271 2198 quia
2300 2144 2406 2182 non
2441 2140 2748 2184 recensetur
2777 2131 2890 2200 ejus
2916 2133 3221 2203 genealogia
3240 2175 3256 2198 ,
3288 2134 3481 2190 dicitur
3507 2137 3621 2190 sine
3646 2153 3744 2207 ge-

2152 2219 2388 2288 nealogia
2419 2236 2432 2272 :
2463 2220 2532 2273 ita
2561 2228 2615 2273 et
2639 2216 2882 2274 Christus
2902 2263 2916 2285 ,
2948 2223 3067 2292 quia
3101 2240 3203 2276 non
3233 2223 3389 2279 habet
3418 2226 3496 2278 vel
3529 2228 3578 2279 in
3604 2228 3741 2281 cado

2154 2322 2398 2375 matrem,
2430 2312 2510 2364 vel
2538 2312 2588 2365 in
2621 2320 2758 2366 terra
2789 2323 3009 2380 patrem,
3041 2314 3241 2383 absque
3272 2318 3577 2386 genealogia
3604 2318 3742 2371 dici-

2154 2412 2238 2458 tur
2261 2414 2315 2459 et
2338 2414 2437 2458 est.
2464 2404 2595 2459 Vide
2620 2406 2886 2475 quomodo
2913 2423 3004 2475 per
3032 2409 3286 2464 honorem
3311 2409 3362 2463 in
3390 2410 3743 2476 patriarchatn

2151 2496 2400 2550 collatum
2427 2537 2442 2561 ,
2485 2492 2796 2567 mysterium
2841 2498 3053 2568 aliquod
3087 2499 3240 2553 nobis
3268 2499 3580 2554 insinuatur.
3613 2500 3745 2554 Pro.

2160 2590 2277 2644 tulit
2304 2590 2446 2644 enim
2482 2584 2668 2660 panem
2698 2601 2750 2647 et
2784 2593 2986 2646 vinum.
3023 2592 3218 2648 Videns
3246 2604 3424 2665 typum
3446 2638 3460 2660 ,
3492 2596 3662 2666 cogita
3691 2607 3746 2653 et

2152 2680 2430 2735 veritatem
2452 2723 2467 2747 ,
2504 2694 2554 2737 et
2598 2682 2860 2737 admirare
2889 2683 3084 2737 divinae
3119 2683 3408 2754 Scriptura:
3436 2686 3540 2740 vim
3568 2730 3581 2749 ,
3611 2703 3744 2756 quo-

2153 2772 2312 2825 modo
2352 2773 2717 2841 superioribus
2757 2775 2964 2828 sarculis
2990 2785 3042 2828 et
3067 2775 3133 2828 ab
3161 2775 3311 2830 initio
3350 2776 3519 2829 futura
3562 2779 3743 2846 praesi-

2151 2861 2438 2932 gniﬁcavit.
2468 2862 2556 2917 19.
2585 2863 2648 2915 Ει
2676 2864 2944 2929 benedixit,
2976 2866 3162 2933 inquit,
3188 2866 3479 2931 Abramum,
3502 2878 3548 2920 et
3573 2870 3701 2921 dixit
3723 2887 3743 2924 :

2154 2953 2451 3009 Benedictus
2491 2955 2677 3009 Abram
2720 2955 2825 3010 Deo
2862 2958 3109 3011 altissimo
3132 2997 3150 3023 ,
3175 2960 3261 3027 qui
3283 2961 3467 3013 creavit
3490 2961 3667 3013 etclam
3694 2972 3742 3014 et

2154 3055 2355 3098 terram.
2386 3044 2476 3100 20.
2514 3045 2575 3098 It't
2604 3046 2890 3101 benedictus
2919 3048 3052 3101 Deus
3079 3049 3353 3104 altissimus
3376 3093 3391 3116 ,
3419 3052 3506 3120 qui
3535 3052 3743 3107 tradidit

2151 3136 2379 3189 inimicos
2403 3146 2514 3188 tuos
2553 3138 2603 3190 in
2634 3154 2813 3191 manus
2842 3150 2976 3192 tuas.
3012 3139 3124 3192 Non
3154 3140 3327 3194 solum
3369 3141 3537 3210 ipsum
3581 3143 3742 3199 bene-

2149 3225 2288 3279 dixit
2314 3270 2327 3292 ,
2358 3226 2453 3282 sed
2480 3237 2533 3282 et
2565 3229 2730 3283 Deum
2762 3230 3092 3299 gloriticavit.
3124 3231 3190 3287 Ut
3215 3232 3347 3286 dixit
3373 3233 3514 3286 enim
3535 3276 3550 3300 ,
3582 3233 3741 3288 Bene-

2151 3316 2314 3369 dictus
2352 3318 2537 3371 Abram
2576 3318 2684 3373 Deo
2721 3319 2965 3375 altissimo
2989 3363 3003 3387 ,
3036 3324 3121 3391 qui
3152 3325 3334 3377 creavit
3362 3326 3538 3377 cer-lum
3566 3335 3608 3378 et
3636 3336 3738 3378 ter-

2150 3426 2280 3473 ram,
2304 3425 2332 3463 a
2355 3413 2611 3465 creaturis
2634 3411 2876 3467 virtutem
2903 3413 2991 3467 Dei
3019 3413 3170 3468 nobis
3194 3414 3497 3469 declaravit.
3524 3414 3576 3469 Si
3597 3418 3737 3470 enim

2152 3501 2295 3554 Deus
2320 3512 2402 3556 est
2427 3501 2514 3555 ille
2541 3504 2627 3571 qui
2660 3504 2906 3572 produxit
2934 3504 3119 3559 ca-lum
3148 3515 3203 3560 et
3230 3514 3445 3571 terram,
3478 3522 3581 3560 non
3613 3519 3735 3563 sunt

2147 3594 2256 3664 jam
2288 3594 2358 3648 dii
2386 3594 2476 3664 qui
2503 3594 2567 3649 ab
2597 3595 2898 3651 hominibus
2926 3598 3173 3652 coluntur
3197 3615 3210 3651 :
3245 3598 3330 3651 Dii
3356 3600 3517 3663 enim,
3547 3600 3735 3669 inquit,

2148 3686 2234 3754 qui
2257 3687 2437 3739 etclam
2457 3696 2503 3739 et
2524 3697 2706 3740 terram
2728 3705 2827 3741 non
2853 3691 3096 3760 fecerunt,
3123 3701 3324 3760 pereant
3347 3690 3477 3761 (Jer.
3510 3692 3596 3746 10.
3624 3694 3732 3760 11).

2153 3774 2482 3843 Benedictus,
2515 3776 2717 3848 inquit,
2747 3778 2880 3833 Deus
2899 3822 2914 3844 ,
2945 3781 3030 3850 qui
3058 3781 3263 3834 tradidit
3290 3783 3518 3837 inimicos
3549 3795 3657 3836 tuos
3685 3785 3735 3836 iu

2150 3878 2332 3921 manus
2368 3877 2500 3921 tuas.
2532 3867 2662 3923 Vide
2685 3910 2701 3935 ,
2730 3885 2826 3923 oro
2849 3911 2863 3935 ,
2888 3872 3154 3941 quomodo
3196 3888 3299 3926 non
3341 3873 3513 3927 solum
3536 3875 3734 3943 justum

2150 3958 2421 4027 praedicat,
2453 3960 2549 4015 sed
2575 3969 2629 4014 et
2659 3962 2750 4015 Dei
2777 3962 3072 4017 subsidium
3099 3965 3358 4033 agnoscit.
3386 3965 3567 4035 Neque
3594 3967 3734 4020 enim

2146 4050 2349 4121 absque
2389 4052 2532 4107 illius
2560 4053 2725 4124 gratia
2775 4056 3033 4124 potuisset
3070 4064 3212 4110 tanta
3244 4060 3475 4127 potentia
3507 4061 3737 4115 munitos

2148 4142 2384 4199 vincere.
2419 4144 2520 4212 Qui
2558 4145 2802 4212 tradidit,
2836 4146 3036 4216 inquit,
3067 4148 3302 4201 inimicos
3327 4160 3437 4203 tuos
3467 4165 3487 4203 :
3517 4150 3628 4217 ipse
3656 4161 3738 4202 est

2147 4235 2232 4303 qui
2263 4244 2428 4289 totum
2459 4248 2707 4304 operatus
2733 4247 2853 4304 est,
2883 4238 2994 4309 ipse
3023 4238 3218 4308 estqui
3250 4238 3414 4293 fortes
3444 4239 3563 4293 fecit
3590 4239 3730 4292 infir-

2146 4344 2283 4393 mos,
2316 4328 2429 4398 ipse
2455 4340 2535 4382 est
2563 4329 2650 4399 qui
2679 4345 2771 4399 per
2800 4330 3033 4385 inermes
3060 4340 3293 4385 armatos
3318 4331 3510 4400 di-jeeit
3537 4347 3551 4384 :
3578 4332 3646 4386 ab
3671 4348 3735 4385 eo

2145 4430 2226 4476 est
2269 4422 2559 4489 auxilium,
2594 4423 2739 4493 quod
2785 4433 2983 4479 Lautam
3032 4424 3102 4478 ibi
3150 4422 3397 4479 tirtutem
3446 4425 3729 4479 concessit.

2147 4514 2248 4580 Qui
2271 4515 2497 4583 tradidit,
2526 4515 2713 4584 inquit,
2741 4517 2970 4570 inimicas
2993 4525 3103 4569 tuos
3128 4516 3181 4569 in
3207 4532 3386 4569 manus
3412 4526 3541 4570 tuas.
3576 4515 3732 4569 Vides

2142 4609 2411 4679 quomodo
2439 4609 2673 4663 ostendit
2716 4610 2881 4679 ipsius
2914 4609 3252 4665 concordiam
3278 4649 3294 4674 ,
3326 4618 3379 4663 et
3410 4623 3729 4679 propensum

2141 4718 2380 4759 amorem
2412 4705 2463 4759 in
2503 4704 2604 4759 Lot
2635 4722 2648 4758 :
2679 4703 3015 4774 declaratque
3053 4720 3175 4759 cum
3211 4717 3307 4775 pro
3348 4702 3576 4757 inimicis
3603 4703 3729 4757 istos

2143 4793 2393 4851 habuisse
2418 4837 2433 4863 ,
2474 4804 2691 4867 propter
2729 4811 2790 4850 ea
2826 4811 2945 4866 quae
2975 4797 3026 4849 in
3057 4794 3233 4849 fratris
3260 4795 3423 4849 lilium
3453 4791 3730 4847 fecerant?

2143 4892 2210 4948 Et
2236 4894 2372 4948 dedit
2396 4894 2461 4960 ei,
2493 4894 2678 4964 inquit,
2708 4893 2927 4948 decimas
2952 4892 3016 4946 de
3039 4891 3289 4945 omnibus.
3317 4890 3427 4944 lloc
3453 4896 3508 4944 et
3535 4887 3730 4942 Paulus

2141 4984 2269 5040 dicit
2290 5002 2305 5040 :
2323 4984 2649 5039 Considerate
2668 4996 2834 5039 autem
2848 4993 3064 5054 quantus
3082 4983 3189 5048 ille,
3206 4981 3286 5036 cui
3306 4980 3523 5035 decium
3543 4980 3731 5033 Abram

2143 5077 2430 5149 patriarcha
2454 5077 2590 5131 dedit
2615 5077 2677 5132 de
2702 5077 2936 5146 primitiis
2962 5074 3156 5147 (Hebr.
3185 5076 3236 5127 7.
3265 5074 3366 5141 4);
3394 5072 3640 5127 videliCet
3665 5087 3728 5126 ex

2141 5170 2327 5240 spoliis
2353 5184 2471 5239 quae
2497 5168 2714 5224 adduxit
2751 5176 3123 5223 remuneratus
3150 5174 3233 5222 est
3259 5163 3727 5227 Melchisedecem,

2141 5274 2195 5319 et
2219 5263 2453 5319 decimas
2478 5262 2526 5317 ei
2556 5263 2852 5333 segregavit
2880 5261 2947 5317 de
2971 5259 3222 5316 omnibus
3249 5273 3367 5329 quae
3390 5256 3560 5311 attulit
3593 5274 3606 5307 :
3636 5270 3730 5325 per

2141 5355 2242 5410 hoc
2284 5355 2470 5410 doctor
2513 5354 2681 5409 factus
2727 5353 3011 5417 omnibus,
3055 5362 3111 5406 ut
3150 5361 3356 5421 gratum
3395 5348 3729 5403 declarantcs

2139 5446 2373 5501 animum
2398 5488 2413 5509 ,
2442 5446 2700 5514 primitias
2740 5460 2925 5500 eorum
2953 5460 3071 5514 qua:
3097 5443 3197 5498 sibi
3226 5459 3255 5497 a
3288 5442 3399 5497 Deo
3426 5439 3729 5496 concedun-

2141 5548 2247 5605 tur,
2276 5536 2519 5592 offerant.
2553 5537 2681 5592 Post
2726 5537 2840 5592 hinc
2883 5536 3235 5591 Sodomorum
3278 5551 3371 5591 rex
3411 5530 3727 5606 patriarcha:

2138 5625 2626 5697 magnanimitatem
2657 5627 3040 5699 obstupcseeus
3066 5627 3194 5682 dlCil
3232 5628 3281 5683 ei
3312 5646 3322 5680 :
3355 5624 3444 5680 21.
3488 5622 3571 5681 Da
3606 5622 3727 5676 milii
