4020 6136
249 284 353 339 327

245 402 347 470 τῆς
384 400 478 454 τοῦ
528 400 739 455 δικαίου
787 401 1037 470 ἀνδρείας
1073 401 1173 472 τὴν
1216 403 1640 474 μεγαλοψυχίαν,
1684 401 1832 462 ὅπως

247 485 530 556 θαρρήσας
558 487 622 556 τῇ
651 484 744 538 τοῦ
771 484 904 538 Θεοῦ
936 484 1164 557 δυνάμει
1187 485 1248 538 ού
1272 486 1593 555 κατεπλάγη
1614 484 1722 538 τῶν
1737 485 1833 536 ἀν-

247 567 392 634 δρῶν
433 570 534 639 τὴν
574 569 750 639 ἰσχὺν,
785 567 974 639 μαθὼν
1005 569 1107 642 τήν
1143 569 1350 640 τροπὴν
1384 569 1451 640 ἢν
1483 571 1832 638 ἐποιήσαντο,

250 648 516 721 πρότερον
549 651 646 721 μὲν
673 651 815 705 κατὰ
841 651 952 705 τῶν
978 651 1147 706 ἐθνῶν
1173 653 1430 706 ἀπάντων
1467 653 1830 722 ὁρμήσαντες,

250 734 344 786 καὶ
376 735 503 799 τοὺς
525 734 895 806 ’Δμαληκίτας
923 738 1019 790 zeal
1040 738 1167 800 τοὺς
1190 737 1411 798 λοιποὺς
1434 735 1679 798 ἅπαντας
1703 751 1833 788 κατ-

249 818 670 888 αγωνισάμενοι,
701 819 892 872 ἔπειτα
929 819 986 872 δὲ
1014 818 1150 892 πρὸς
1176 820 1302 883 τοὺς
1328 820 1386 872 ἐν
1418 818 1673 888 Σοδόμοις
1694 834 1833 886 συμ-

249 897 524 963 ϐαλόντες,
551 902 647 954 zeal
673 903 752 966 εἰς
777 902 955 974 φυγὴν
977 901 1174 965 αὐτοὺς
1193 900 1515 972 τρέψαντες,
1543 903 1636 955 zeal
1653 902 1832 954 πᾶσαν

247 981 426 1034 αὐτῶν
454 983 774 1055 ἀφελόμενοι
813 983 910 1056 τὴν
938 982 1194 1055 ὓπαρξιν.
1227 983 1327 1036 Διά
1359 983 1468 1055 γὰρ
1501 983 1658 1036 τοῦτο
1701 999 1833 1051 προ-

247 1063 488 1118 λαϐοῦσα
513 1067 547 1137 ή
577 1065 697 1120 θεία
723 1067 915 1138 Γραφὴ
939 1067 1117 1121 πάντα
1147 1065 1320 1120 ταῦτα
1355 1068 1486 1137 ήμίν
1514 1065 1829 1137 διηγήσατο,

248 1149 343 1201 zeal
361 1149 461 1202 ὅσα
477 1149 567 1204 διά
591 1150 690 1221 τῆς
712 1151 890 1206 αὐτῶν
919 1150 1171 1222 ἀνδρείας
1202 1149 1588 1222 κατώρθωσαν,
1615 1149 1700 1202 ’ίνα
1731 1149 1832 1219 μά-

248 1231 348 1303 θῃς
366 1233 442 1297 ὡς
460 1233 522 1286 ού
559 1236 844 1305 σωματικῇ
876 1233 1021 1305 ἰσχύϊ
1039 1236 1068 1287 ό
1089 1234 1430 1304 πατριάρχης
1450 1231 1673 1294 τούτους
1700 1247 1831 1284 κατ-

245 1315 576 1382 ηγωνίσατο,
604 1317 739 1371 ἀλλὰ
767 1319 833 1388 τῇ
867 1317 1048 1370 πίστει
1081 1318 1148 1387 τῇ
1188 1317 1268 1378 είς
1310 1314 1401 1368 τὸν
1430 1313 1586 1378 Θεὸν,
1634 1315 1730 1368 zeal
1763 1315 1828 1386 τῇ

247 1395 456 1450 ἄνωθεν
495 1397 714 1470 βοηθείᾳ
739 1398 1106 1470 τειχιζόμενος
1131 1399 1308 1452 πάντα
1334 1396 1508 1450 ταῦτα
1536 1395 1828 1467 κατώρθω-

249 1495 363 1544 σεν,
387 1480 486 1550 οὐχ
507 1481 647 1535 ὅπλα
671 1483 919 1552 κινήσας,
945 1481 1039 1535 zeal
1063 1481 1210 1552 βέλη,
1231 1481 1325 1535 zeal
1343 1480 1565 1550 δόρατα,
1592 1480 1686 1532 zeal
1702 1479 1830 1546 τόξα

245 1562 449 1628 τείνας,
487 1564 583 1617 zeal
623 1565 857 1629 ἀσπίδας
909 1564 1334 1636 προϐαλόμενος,
1376 1561 1515 1616 ἀλλά
1546 1561 1685 1634 μετά
1720 1560 1830 1614 τῶν

245 1647 559 1713 οἰκογενῶν.

317 1730 428 1784 Kal
449 1730 590 1795 τίνος
609 1730 815 1796 ἐνεκεν,
839 1731 1023 1803 φησὶν,
1040 1729 1312 1802 ἠρίθμησε
1332 1727 1676 1800 τριακοσίους
1699 1727 1830 1780 δέκα

249 1814 345 1866 zeal
386 1812 532 1866 ὀκτὼ
575 1815 899 1883 οἰκογενεῖς;
950 1814 1070 1894 Ἵνα
1109 1813 1308 1884 μάθῃς,
1362 1813 1444 1865 ὃτι
1493 1812 1593 1881 οὐχ
1645 1809 1832 1874 ἁπλῶς

249 1896 495 1960 ἅπαντας
524 1895 735 1958 ἐλαϐεν,
766 1897 902 1950 ἀλλά
934 1895 1404 1964 τοῦίιόἰκογενεῖς,
1441 1894 1566 1957 τοὺς
1599 1911 1832 1947 συνανα-

245 1979 552 2049 τραφέντας
585 1977 732 2051 [556]
767 1979 845 2051 τῷ
886 1980 1030 2042 Λὼτ,
1074 1979 1164 2034 ἵνα
1208 1979 1347 2050 μετά
1381 1979 1584 2050 πολλῆς
1620 1977 1833 2042 εὐνοίας

245 2061 345 2133 τὴν
371 2063 648 2133 ἐκδίκησιν
689 2065 1042 2136 ποιήσωνται,
1074 2062 1150 2127 ὡς
1176 2062 1314 2138 ὑπὲρ
1339 2064 1539 2116 οἰκείου
1569 2062 1831 2115 δεσπότου

245 2144 432 2197 λοιπὸν
459 2145 870 2216 ἀγωνιζόμενοι.
909 2146 1016 2200 Kal
1043 2145 1141 2198 θέα
1179 2162 1270 2216 μοι
1296 2145 1394 2216 τῆς
1417 2145 1700 2216 δυνάμεως
1735 2143 1830 2198 τοῦ

246 2225 383 2280 Θεοῦ
411 2228 507 2299 τὴν
537 2229 862 2298 ὑπερϐολὴν,
898 2227 1016 2298 μεθ’
1043 2229 1175 2298 ὅσης
1195 2226 1495 2298 ταχύτητος
1531 2228 1598 2281 τὰ
1630 2227 1728 2297 τῆς
1752 2226 1833 2279 νί-

247 2327 352 2381 κης
397 2312 706 2382 γεγένηται.
757 2312 1047 2365 Ἐπέπεσε
1090 2312 1198 2382 γάρ
1245 2311 1468 2377 αὐτοῖς.
1517 2311 1671 2380 φησὶ,
1719 2308 1834 2376 τὴν

247 2396 439 2448 νύκτα
465 2397 666 2462 αὐτὸς,
691 2396 790 2449 καὶ
823 2399 877 2450 οί
917 2395 1130 2462 παῖδες
1156 2394 1366 2460 αὑτοῦ,
1401 2395 1498 2448 καί
1533 2393 1834 2459 ἐπάταξεν

247 2481 491 2545 αὐτοὺς,
519 2479 619 2533 καί
655 2480 902 2545 ἐδίωξεν
932 2481 1172 2544 αὐτούς.
1212 2479 1277 2532 Ἦ
1311 2478 1422 2549 γὰρ
1460 2477 1669 2532 ἀνωθεν
1712 2478 1833 2549 χεὶρ

249 2558 316 2634 ἦν
361 2563 810 2632 συνεφαπτομένη
843 2565 938 2617 zeal
972 2561 1427 2632 συστρατηγοῦσα
1467 2564 1580 2624 τοῖς
1615 2560 1834 2630 γινομέ-

246 2664 379 2711 νοις.
410 2648 488 2698 Δι⁹
511 2644 541 2698 ὃ
568 2646 688 2700 οὐδὲ
718 2646 897 2698 ὃπλων
929 2646 1113 2708 αὐτοῖς
1150 2645 1390 2715 ἐδέησεν,
1421 2643 1543 2697 οῦδὲ
1588 2660 1834 2714 μηχανη-

251 2731 459 2799 μάτων,
485 2727 620 2782 ἀλλά
646 2731 806 2799 μόνον
827 2730 1015 2792 φανεὶς
1044 2727 1182 2798 μετά
1201 2726 1310 2781 τῶν
1333 2725 1561 2780 οἰκετῶν
1588 2726 1712 2786 τοὺς
1735 2725 1834 2796 μὲν

250 2811 507 2876 ἐπάταξε,
551 2811 675 2874 τοὺς
714 2810 771 2863 δὲ
807 2811 888 2873 εἰς
921 2809 1099 2880 φυγὴν
1135 2809 1377 2880 ὁρμῆσαι
1425 2807 1829 2880 παρεσκεύασε,

249 2896 344 2947 zeal
394 2894 653 2964 ἑκάτερον
695 2893 919 2964 ἐποίησε
966 2892 1106 2962 μετά
1134 2892 1318 2955 ἀδείας
1349 2892 1590 2963 ἀπάσης,
1621 2891 1836 2954 οὐδενὸς

247 2977 399 3040 ὄντος
437 2975 530 3029 τοῦ
574 2974 938 3045 ἐνοχλοῦντος,
981 2975 1081 3045 τήν
1111 2993 1172 3028 τε
1219 2975 1385 3028 ἵππον
1430 2974 1528 3028 τοῦ
1569 2973 1835 3044 βασιλέως

249 3059 496 3131 Σοδόμων
530 3058 861 3130 ἀπέστρεψε,
894 3060 988 3113 zeal
1014 3059 1106 3112 τὸν
1134 3059 1257 3112 Λὼτ
1288 3058 1378 3112 τὸν
1407 3056 1721 3126 ἀδελφιδοῦν
1746 3057 1836 3111 αύο

248 3142 368 3208 τοῦ,
396 3143 491 3197 zeal
512 3145 689 3198 πάντα
707 3143 776 3196 τὰ
797 3143 1111 3213 ὑπάρχοντα
1133 3144 1228 3196 zeal
1241 3142 1340 3204 τάς
1360 3143 1644 3210 γυναῖκας.
1669 3139 1835 3212 Ὁρᾷς

248 3226 338 3281 διά
365 3227 418 3280 τί
447 3227 798 3300 συνεχωρήθη
827 3226 932 3280 τῶν
961 3226 1134 3281 ἄλλων
1163 3225 1515 3294 πεφευγότων
1535 3225 1564 3277 ό
1588 3223 1712 3278 Λὼτ
1742 3223 1837 3294 μό-

249 3325 340 3373 νος
375 3309 715 3380 αίχμάλωτος
749 3310 1034 3378 γενέσθαι;
1067 3309 1184 3362 ’Ἱνα
1220 3309 1314 3362 zeal
1363 3307 1456 3361 τοῦ
1497 3307 1836 3379 πατριάρχου

250 3392 552 3463 κατάδηλος
577 3394 803 3465 γένηται
833 3393 867 3464 ἡ
895 3391 1082 3464 ἀρετὴ,
1113 3392 1210 3444 zeal
1241 3391 1309 3444 δι’
1339 3390 1500 3444 αὐτὸν
1532 3391 1626 3444 zeal
1657 3389 1836 3459 ἕτεροι

251 3474 438 3528 πολλοὶ
463 3476 565 3548 τῆς
592 3475 866 3548 σωτηρίας
895 3475 1214 3545 ἐπιτύχωσι.
1252 3474 1361 3527 Kal
1394 3473 1619 3544 ἐπανῄει
1651 3471 1836 3526 λοιπὸν

253 3559 400 3628 μέγα
445 3561 537 3613 zeal
581 3560 831 3633 λαμπρὸν
870 3560 1127 3632 τρόπαιον
1166 3558 1530 3628 ἐπαγόμενος,
1569 3556 1708 3628 μετὰ
1740 3555 1836 3610 τοῦ

252 3641 375 3696 Λὼτ
413 3642 507 3695 zeal
543 3645 642 3713 τὴν
678 3644 866 3709 ἵππον,
903 3643 996 3696 zeal
1030 3642 1128 3706 τὰς
1169 3645 1454 3712 γυναῖκας,
1491 3643 1586 3695 zeal
1622 3641 1692 3694 τὰ
1732 3641 1838 3694 ὑπ-

253 3724 489 3796 άρχοντα
520 3726 938 3796 ἐπιφερόμενος,
989 3727 1084 3778 καὶ
1131 3726 1267 3777 πᾶσι
1318 3724 1550 3795 λαμπρᾷ
1583 3725 1650 3794 τῇ
1683 3726 1835 3796 φωνῇ

254 3807 560 3879 κηρύττων,
584 3813 678 3861 zeal
706 3807 1005 3875 σάλπιγγος
1041 3807 1451 3877 μεγαλοφωνότε
1461 3822 1552 3876 ρον
1576 3805 1733 3875 βοῶν,
1754 3806 1837 3859 δτι

252 3891 355 3944 οὐκ
381 3887 694 3961 ἀνθρωπίνῃ
719 3887 967 3960 δυνάμει,
990 3889 1109 3941 οὐδέ
1139 3887 1283 3958 ἰσχύϊ
1306 3887 1574 3958 σωμάτων
1598 3886 1697 3958 τὴν
1717 3903 1839 3958 τρο-

256 3973 366 4044 πὴν
395 3972 701 4044 εἰργάσατο.
740 3973 834 4026 zeal
863 3971 962 4044 τὴν
1000 3972 1157 4042 νίκην
1190 3973 1380 4042 ἤρατο,
1413 3970 1550 4023 ἀλλά
1577 3971 1676 4041 τῆς
1700 3969 1840 4024 ἀνω-

257 4057 350 4110 θεν
381 4056 562 4129 χειρὸς
594 4057 768 4112 πάντα
795 4056 1190 4128 ἐργαζομένης.
1224 4051 1371 4118 Εἶδες
1392 4053 1480 4108 διά
1511 4055 1728 4108 πάντων
1747 4055 1839 4109 τὸν

255 4141 464 4196 δίκαιον
495 4140 955 4211 περιφανέστερον
991 4139 1295 4209 γινόμενον,
1332 4139 1426 4192 zeal
1459 4137 1579 4192 καθ’
1609 4137 1839 4192 ἕκαστον

258 4227 450 4297 καιρὸν
485 4228 612 4279 πᾶσι
638 4225 924 4278 δεικνύντα
958 4223 1056 4295 τὴν
1081 4223 1209 4310 περὶ
1239 4223 1401 4276 αὐτὸν
1427 4221 1523 4275 τοῦ
1551 4221 1685 4275 Θεοῦ
1714 4221 1840 4292 πρό-

260 4311 604 4380 νοιανῖὊρα
635 4309 796 4362 αὐτὸν
824 4307 1008 4361 λοιπὸν
1040 4308 1134 4360 zeal
1154 4303 1490 4360 ’διδάσκαλον
1528 4303 1840 4370 θεοσεϐείας

257 4392 508 4462 γενέσθαι
563 4389 929 4450 σπουδάζοντα
973 4391 1086 4453 τοῖς
1133 4390 1192 4442 ἐν
1245 4388 1523 4459 Σοδόμοις.
1595 4385 1841 4454 Ἐξῆλθε

258 4477 389 4547 γὰρ,
431 4476 614 4544 φησὶν,
649 4478 682 4529 ό
715 4473 1014 4538 ,ϐασιλεὺς
1038 4471 1318 4541 Σοδόμων
1339 4473 1426 4536 εἰς
1459 4470 1842 4536 συνάντησιν

258 4558 419 4625 αὐτῷ
450 4558 601 4627 μετὰ
635 4558 700 4611 τὸ
728 4555 1103 4624 ἀναστρέψαι
1133 4554 1320 4608 αὑτὸν
1348 4554 1467 4608 ἀπὸ
1500 4551 1606 4622 τῆς
1644 4551 1841 4621 κοπῆς

258 4645 367 4700 τοῦ
389 4645 820 4714 Χοδολογομὸρ,
853 4643 950 4696 καὶ
978 4641 1096 4696 τῶν
1111 4641 1423 4707 ,ϐασιλέων
1448 4640 1568 4695 τῶν
1588 4641 1717 4710 μετ’
1736 4643 1842 4696 αὺ-

259 4728 389 4782 τοῦ.
431 4728 629 4782 Σκόπει
660 4728 824 4780 πόσον
861 4727 1008 4779 ἐστὶν
1037 4727 1070 4796 ή
1103 4724 1294 4796 ἀρετὴ,
1336 4724 1428 4778 zeal
1459 4724 1520 4777 τὸ
1556 4723 1657 4794 τῆς
1694 4723 1844 4794 παρά

260 4810 356 4864 τοῦ
386 4810 520 4863 Θεοῦ
557 4810 875 4880 συμμαχίας
907 4809 1221 4862 ἀπολαύειν.
1264 4808 1322 4860 '0
1355 4807 1606 4876 βασιλεὺς
1645 4806 1724 4876 τῷ
1758 4807 1844 4873 ξέ-

262 4913 360 4964 νῳ,
388 4893 464 4964 τῷ
507 4893 790 4965 πρεσϐύτῃ
823 4896 901 4956 εἰς
938 4894 1260 4962 συνάντησιν
1295 4889 1486 4955 ἔξεισι,
1530 4891 1624 4943 zeal
1663 4891 1843 4944 πᾶσαν

260 4977 526 5047 ἀπονέμει
551 4978 735 5047 τιμήν.
783 4976 1081 5046 Ἐμάνθανε
1129 4975 1238 5047 γὰρ
1274 4974 1350 5038 ὼς
1385 4973 1538 5027 οὐδὲν
1562 4971 1710 5044 α’ὒτῷ
1744 4975 1844 5044 τῆς

264 5061 541 5134 βασιλείας
567 5059 757 5130 ὄφελος
783 5061 882 5130 τῆς
904 5059 1109 5114 ἀνωθεν
1133 5059 1446 5131 συμμαχίας
1468 5058 1842 5130 ἠρημωμένῳ,

261 5148 358 5203 zeal
377 5146 450 5210 ὡς
481 5145 632 5200 οὐδὲν
659 5145 728 5198 ἀν
755 5142 964 5210 γένοιτο
989 5143 1357 5213 δυνατώτερον
1383 5141 1478 5196 τοῦ
1500 5143 1606 5196 ὑπὸ
1630 5145 1727 5214 τῆς
1744 5141 1839 5196 τοῦ

261 5229 399 5284 Θεοῦ
442 5226 625 5299 χειρὸς
669 5224 1054 5298 βοηθουμένου.
1100 5225 1208 5281 Kal
1245 5226 1639 5298 Μελχισεδὲκ,
1687 5227 1843 5296 φησι,

257 5310 561 5378 βασιλεὺς
585 5309 794 5378 Σαλὴμ
817 5308 1143 5376 ἐξήνεγκεν
1166 5307 1385 5376 ἄρτους
1415 5308 1513 5362 καί
1541 5304 1726 5362 οἶνον·
1766 5304 1847 5378 ἦν

262 5395 332 5450 δὲ
369 5393 561 5462 ἱερεὺς
593 5392 700 5448 τοῦ
743 5391 892 5446 Θεοῦ
914 5391 1020 5445 τοῦ
1067 5391 1352 5462 ὑψίστου.

335 5485 401 5532 ε’.
419 5477 484 5530 Τί
505 5476 752 5548 βούλεται
768 5477 902 5546 ἡμῖν
917 5474 1055 5546 αῦτη
1080 5477 1112 5546 ή
1127 5476 1530 5547 παρατήρησις,
1547 5475 1847 5543 Βασιλεὺς

264 5561 498 5630 Σαλήμ,
527 5561 622 5615 zeal
652 5559 862 5629 Ἱερεὺς
890 5559 998 5614 τοῦ
1022 5559 1171 5614 Θεοῦ
1198 5559 1306 5614 τοῦ
1342 5561 1652 5629 ὐψίστου;
1683 5560 1842 5614 Βασι-

264 5644 392 5710 λεὺς
422 5644 521 5716 μὲν
539 5638 628 5715 ἦν,
658 5643 810 5714 φησὶ,
840 5645 939 5715 τῆς
962 5643 1168 5715 Σαλήμ.
1210 5642 1408 5697 Τοῦτον
1436 5643 1544 5717 γὰρ
1567 5646 1657 5698 καὶ
1683 5646 1711 5698 ό
1737 5662 1846 5716 μα-

267 5729 454 5798 κάριος
483 5726 693 5790 Παῦλος
716 5727 851 5798 πρὸς
880 5728 1004 5791 τοὺς
1025 5727 1084 5794 ἐξ
1118 5725 1382 5798 Ἐϐραίων
1413 5727 1843 5796 πεπιστευκότας

267 5812 594 5866 ἐπιστέλλων
636 5813 716 5876 εἰς
751 5812 915 5880 μέσον
943 5813 1227 5883 παράγων,
1256 5813 1351 5866 zeal
1376 5814 1438 5866 τὸ
1469 5813 1638 5885 ὄνομα
1676 5815 1840 5869 αὐτοῦ

271 5895 647 5966 περιστρέφων
673 5895 766 5950 καὶ
791 5895 962 5966 πόλιν,
987 5895 1121 5968 ὁμοῦ
1150 5896 1436 5970 ἐρμηνεύει
1461 5896 1554 5962 τοῦ
1581 5899 1840 5972 ὀνόματος

1265 283 1332 339 ΙΝ
1370 285 1522 340 CAP.
1561 284 1677 340 XIV
1719 279 1965 338 GENES.
2012 280 2242 337 HOMIL.
2284 283 2504 340 XXXV.

3417 283 3526 340 328

1936 396 2034 468 τήν
2063 401 2360 471 σημασίαν,
2391 401 2485 454 zeal
2512 399 2842 474 ἐτυμολογίᾳ
2876 399 2982 454 τινὶ
3020 399 3288 471 κέχρηται
3321 398 3517 469 λέγων,

1934 483 2330 552 Μελχισεδὲκ,
2351 485 2654 552 ,βασιλεὺς
2673 484 3084 552 δικαιοσύνης.
3108 484 3218 538 Kal
3243 483 3353 552 γὰρ
3378 483 3520 538 κατά

1931 565 2031 634 τὴν
2062 566 2359 638 Ἐϐραῖκὴν
2388 567 2637 634 γλῶτταν
2683 567 2745 621 τὸ
2791 569 2888 638 μὲν
2913 568 3085 638 Μελχὶ
3120 566 3392 638 βασιλείαν
3417 585 3520 638 ση-

1937 648 2138 716 μαίνει,
2168 651 2230 703 τὸ
2251 649 2308 704 δὲ
2333 652 2518 714 Σεδὲκ,
2548 651 2912 722 δικαιοσύνην.
2946 646 3076 703 Εἶτα
3107 651 3202 704 zeal
3229 649 3307 712 εἰς
3328 648 3389 702 τὸ
3407 648 3522 702 δνο-

1936 748 2014 801 μα
2035 733 2135 803 τῆς
2161 732 2370 798 πόλεως
2400 734 2570 788 ἐλθών
2590 751 2746 805 φησι,
2779 734 3038 797 Βασιλεὺς
3060 732 3302 803 εἰρήνης’
3328 732 3390 784 τὸ
3409 730 3520 802 γάρ

1934 813 2123 884 Σαλήμ
2153 817 2376 888 εἰρήνην
2403 818 2676 888 ἐμφαίνει.
2710 817 2913 889 Ἱερεὺς
2943 817 2999 870 δὲ
3019 812 3086 886 ἦν
3116 815 3246 878 ίσως
3275 815 3521 884 αὐτοχει-

1935 897 2238 969 ροτόνητοςο
2269 898 2412 953 οὕτω
2430 900 2541 972 γὰρ
2569 896 2709 972 ἦσαν
2727 901 2847 954 τότε
2875 901 2924 953 οἱ
2960 899 3146 971 ἱερεῖς·
3175 898 3292 968 ήτοι
3321 894 3412 952 οὖν
3432 896 3520 950 διά

1932 981 1992 1034 τὸ
2020 984 2085 1052 τῇ
2117 982 2302 1053 ήλικίᾳ
2339 986 2607 1056 προϐῆναι
2648 987 2698 1038 οί
2739 985 3106 1056 προσήκοντες
3145 980 3294 1052 αύτῷ
3323 982 3519 1036 ἀπονε-

1933 1067 2204 1136 νεμήκασι
2236 1067 2332 1138 τὴν
2363 1071 2550 1140 τιμήν·
2585 1069 2618 1140 ἢ
2653 1070 2750 1123 zeal
2782 1069 2944 1132 αὐτὸς
2989 1065 3290 1138 ἱερατεύειν
3321 1066 3519 1135 ἐπετή-

1931 1145 2111 1212 δευσε,
2142 1147 2393 1220 καθάπερ
2420 1151 2450 1203 6
2481 1150 2626 1217 Νῶε,
2653 1153 2906 1222 καθάπερ
2934 1153 2963 1204 ό
2990 1149 3178 1214 Ἅϐελ,
3207 1148 3458 1218 καθάπερ
3489 1149 3521 1200 6

1946 1230 2215 1302 Ἀϐραὰμ,
2239 1234 2403 1304 ήνίκα
2430 1233 2530 1297 τὰς
2556 1235 2747 1299 θυσίας
2778 1223 3087 1306 προσῆγον)
3107 1233 3317 1296 Ἀλλως
3339 1232 3394 1284 δὲ
3423 1231 3518 1284 zeal

1931 1312 2100 1378 τύπος
2125 1315 2346 1386 ἔμελλεν
2369 1311 2509 1370 εἶναι
2531 1318 2625 1370 τοῦ
2657 1316 2916 1389 Χριστοῦ.
2947 1317 3043 1370 Διά
3069 1315 3218 1388 [ὖέῦ]
3242 1315 3398 1369 τοῦτο
3424 1315 3518 1367 zeal

1933 1396 2143 1461 Παῦλος
2151 1397 2324 1462 οὕτως
2340 1400 2502 1453 αὑτὸν
2517 1401 2848 1470 ἐκλαμϐάνει
2860 1401 3055 1469 λέγων·
3075 1398 3361 1466 Ἀπάτωρ,
3376 1396 3520 1466 ἀμή-

1932 1496 2068 1547 τωρ,
2106 1481 2608 1552 ἀγενεαλόγητος,
2641 1483 2795 1552 μήτε
2836 1481 3036 1552 ἀρχὴν
3073 1482 3230 1551 ἔχων
3261 1478 3516 1550 ἡμερῶν,

1927 1564 2080 1634 μήτε
2121 1563 2270 1633 ζωῆς
2298 1567 2492 1633 τέλος,
2519 1566 2977 1636 ἀφωμοιωμένος
3014 1565 3083 1619 δὲ
3131 1563 3212 1629 τῷ
3255 1563 3366 1629 Υίῷ
3410 1561 3518 1616 τοῦ

1937 1647 2106 1712 Θεοῦ,
2128 1647 2296 1716 μένει
2334 1649 2528 1716 ἱερεὺς
2554 1653 2643 1715 είς
2678 1652 2744 1702 τὸ
2771 1649 3063 1716 διηνεκές.
3103 1649 3212 1701 Kal
3243 1646 3380 1710 πῶς,
3409 1663 3517 1716 φη-

1935 1730 2040 1793 σὶν,
2071 1725 2182 1784 οἶόν
2211 1747 2268 1783 τε
2300 1731 2584 1802 ἄνθρωπον
2607 1733 2737 1786 ὅντα
2765 1731 3017 1802 ἀπάτορα
3042 1727 3182 1784 εἶναι
3203 1730 3298 1782 zeal
3321 1729 3521 1800 ἀμήτο·

1936 1832 2025 1886 ρα,
2054 1815 2150 1868 zeal
2180 1817 2317 1887 μήτε
2347 1817 2522 1887 ἀρχὴν
2545 1816 2770 1889 ήμερῶν
2796 1816 2958 1886 ἐχειν,
2997 1816 3133 1887 μήτε
3163 1814 3307 1884 ζωῆς
3334 1813 3516 1877 τέλος;

1938 1899 2214 1962 Ἤκουσας
2233 1899 2315 1952 ὅτι
2330 1900 2497 1963 τύπος
2510 1897 2600 1972 ἦν’
2627 1899 2701 1971 μὴ
2722 1900 2900 1953 τοίνυν
2926 1899 3155 1964 ξενίζου,
3183 1897 3316 1969 μηδέ
3343 1897 3520 1952 πάντα

1933 1981 2154 2034 ἀπαίτει
2188 1984 2246 2036 ἐν
2271 1982 2350 2054 τῷ
2378 1981 2555 2054 τύπῳ.
2593 1983 2730 2036 Οὐδὲ
2755 1983 2863 2052 γάρ
2889 1983 2955 2036 ἂν
2990 1983 3073 2052 εἴη
3101 1982 3291 2044 τύπος,
3315 1980 3360 2034 εἰ
3390 1979 3520 2050 μέλ-

1933 2063 2014 2118 λοι
2049 2065 2226 2119 πάντα
2262 2066 2404 2137 ἐχειν
2444 2065 2514 2119 τά
2540 2069 2608 2138 τῇ
2639 2066 2870 2138 ἀληθείᾳ
2902 2064 3286 2136 συμϐαίνοντα.
3324 2064 3389 2116 Τί
3425 2058 3522 2116 οὖν

1933 2148 2050 2201 ἐστι
2094 2148 2157 2200 τὸ
2197 2150 2525 2220 εἰρημένον;
2554 2149 2744 2221 ὥσπερ
2799 2141 2976 2216 οὗτος,
3030 2149 3184 2218 φησὶ,
3225 2146 3315 2201 διά
3353 2145 3416 2199 τὸ
3441 2146 3519 2217 μὴ

1936 2231 2375 2303 μνημονευθῆναι
2402 2234 2526 2296 τοὺς
2549 2232 2946 2302 γεγεννηκότας
2967 2231 3152 2298 αὑτὸν,
3176 2230 3407 2301 ἀπάτωρ
3433 2229 3513 2282 λέ·

1932 2333 2089 2384 γεται
2137 2317 2232 2369 zeal
2273 2317 2526 2387 ἀμήτωρ,
2570 2318 2663 2370 zeal
2698 2315 2791 2368 διά
2834 2314 2896 2368 τὺ
2929 2315 3003 2386 μὴ
3040 2311 3519 2383 γενεαλογηθῆναι,

1934 2399 2378 2469 ἀγενεαλόγητος
2404 2400 2546 2454 οὕτω
2571 2401 2666 2454 zeal
2695 2403 2723 2454 6
2752 2399 3009 2471 Χριστὸς,
3045 2397 3134 2450 διὰ
3163 2397 3224 2450 τὸ
3256 2397 3331 2468 μὴ
3357 2398 3521 2466 ἐσχηο

1933 2482 2088 2534 κέναι
2111 2483 2247 2553 μήτε
2275 2483 2333 2534 ἐν
2359 2482 2605 2553 οὐρανοῖς
2637 2483 2867 2556 μητέρα,
2897 2482 3035 2551 μήτε
3058 2479 3152 2534 ἐπὶ
3171 2481 3268 2550 τῆς
3289 2480 3394 2550 γῆς
3414 2495 3519 2532 πα-

1932 2565 2086 2636 τέρα,
2121 2565 2550 2637 ἀγενεαλόγητος
2587 2566 2804 2635 λέγεται
2844 2567 2937 2619 zeal
2969 2565 3104 2619 ἐστι.
3154 2565 3264 2619 Kal
3299 2565 3403 2633 ὅρα
3433 2562 3522 2616 διά

1932 2651 2032 2720 τῆς
2073 2650 2155 2711 εἰς
2199 2649 2291 2704 τὸν
2321 2650 2665 2721 πάτριάρχην
2705 2649 2891 2720 τιμῆς,
2937 2651 3086 2712 ὅπως
3130 2646 3424 2719 μυστήριόν
3467 2663 3522 2698 τι

1935 2733 2066 2803 ήμίν
2089 2732 2157 2784 δι’
2175 2731 2348 2801 αὐτῆς
2369 2733 2690 2785 αἰνίττεται.
2727 2730 3018 2801 Ἐξήνεγκε
3053 2731 3163 2802 γὰρ
3189 2732 3388 2800 ἀρτους
3424 2729 3523 2784 zeal

1934 2811 2096 2870 οἶνον.
2143 2813 2316 2885 Ὁρῶν
2348 2814 2438 2867 τὸν
2479 2815 2671 2877 τύπον,
2701 2816 2812 2868 νόει
2852 2831 2942 2883 μοι
2982 2814 3079 2884 τὴν
3111 2813 3392 2884 ἀλήθειαν,
3426 2811 3522 2865 zeal

1936 2898 2182 2969 θαύμαζε
2208 2897 2307 2968 τῆς
2333 2897 2484 2962 θείας
2507 2898 2731 2969 Γραφῆς
2764 2897 2863 2969 τὴν
2890 2897 3141 2966 δύναμιν,
3177 2895 3294 2959 πῶς
3317 2895 3522 2949 ἀνωθεν

1936 2985 2031 3037 zeal
2072 2985 2136 3036 ἐκ
2173 2982 2472 3053 προοιμίων
2507 2982 2577 3034 τὰ
2620 2981 2881 3052 μέλλοντα
2925 2980 3143 3034 ἔσεσθαι
3184 2979 3515 3050 προεμήνυε.

1936 3067 2048 3120 Kal
2080 3067 2402 3135 εὐλόγησε.
2429 3066 2582 3135 φησὶ.
2612 3065 2720 3118 τὸν
2756 3063 3024 3132 Ἀϐραὰμ,
3059 3063 3157 3117 καί
3183 3059 3371 3116 εἶπεν·
3401 3062 3520 3115 Εὐ·-

1935 3149 2194 3219 λογητὸς
2254 3151 2509 3216 Ἀϐραὰμ
2549 3147 2629 3214 τῷ
2668 3147 2790 3213 Θεῷ
2822 3147 2900 3213 τῷ
2931 3149 3192 3216 ὑψίστῳ,
3226 3145 3295 3213 ὃς
3319 3146 3524 3201 ἔκτισε

1935 3233 2044 3287 τὸν
2067 3233 2330 3302 οὐρανὸν
2353 3232 2451 3284 καὶ
2483 3231 2600 3300 τὴν
2621 3231 2759 3301 γῆν.
2785 3231 2896 3286 Καὶ
2919 3231 3248 3300 εὐλογητὸς
3270 3232 3302 3282 ό
3329 3228 3472 3293 Θεὸς
3490 3229 3524 3282 ὁ

1935 3317 2217 3385 ὕψιστος,
2249 3315 2318 3380 ὸς
2345 3315 2650 3382 παρέδωκε
2674 3313 2816 3380 τοὺς
2845 3314 3102 3382 ἐχθρούς
3131 3327 3247 3366 σου
3281 3313 3522 3378 ὑποχει-

1928 3401 2104 3466 ρίους
2133 3413 2251 3452 σοι.
2288 3399 2362 3451 Οὐ
2401 3397 2560 3468 μόνον
2597 3397 2760 3451 αὑτὸν
2789 3396 3106 3467 εὐλόγησεν,
3144 3393 3278 3450 ἀλλὰ
3311 3395 3405 3447 zeal
3431 3392 3524 3446 τὸν

1936 3483 2068 3536 Θεὸν
2103 3481 2372 3549 ἐδόξασεν.
2415 3479 2601 3534 Εἰπὼν
2634 3480 2763 3552 γὰρ,
2801 3478 3148 3548 Εὐλογητὸς
3185 3479 3402 3546 Ἄϐραμ
3443 3475 3525 3542 τῷ

1940 3566 2062 3630 Θεῷ
2085 3562 2166 3629 τῷ
2194 3565 2456 3632 ὑψίστῳ,
2497 3563 2565 3628 ὃς
2611 3563 2814 3639 ἔκτισε
2847 3562 2954 3616 τὸν
2978 3562 3242 3630 οὐρανὸν
3275 3560 3372 3614 zeal
3409 3559 3525 3627 τὴν

1937 3649 2076 3719 γῆν,
2101 3648 2195 3700 zeal
2223 3647 2331 3699 ἀπὸ
2362 3645 2472 3698 τῶν
2497 3645 3004 3717 δημιουργημάτων
3023 3644 3118 3698 τοῦ
3152 3644 3288 3698 Θεοῦ
3315 3643 3412 3714 τὴν
3433 3642 3526 3695 δύ-

1938 3750 2101 3803 ναμιν
2129 3732 2260 3800 ήμῖν
2296 3727 2584 3799 ἀνέφηνεν.
2618 3729 2682 3781 Εἰ
2710 3727 2819 3801 γάρ
2846 3728 3009 3790 αὑτός
3039 3729 3157 3781 ἐστι
3185 3727 3336 3791 Θεὸς,
3372 3728 3401 3779 ό
3431 3725 3526 3779 τὸν

1937 3813 2165 3884 οὐρανὸν
2193 3812 2290 3865 zeal
2320 3812 2419 3882 τὴν
2452 3811 2554 3883 γῆν
2584 3809 2942 3883 παραγαγὼν,
2973 3811 3022 3864 οἰ
3055 3810 3160 3864 ὑπὸ
3185 3809 3292 3863 τῶν
3314 3805 3524 3880 ἀνθρὼο

1939 3914 2058 3949 πων
2095 3894 2522 3967 θεραπευόμενοι
2556 3896 2657 3949 οὐκ
2694 3895 2762 3949 ἀν
2800 3894 2910 3949 εῐεν
2935 3893 3067 3947 θεοί·
3097 3893 3227 3947 Θεοί
3253 3892 3382 3963 γὰρ,
3415 3908 3525 3962 φη-

1941 3981 2046 4043 σὶν,
2087 3979 2145 4032 οἳ
2189 3977 2296 4032 τὸν
2322 3978 2584 4047 οὐρανὸν
2621 3979 2718 4032 καί
2753 3978 2868 4048 τὴν
2908 3978 3028 4048 γῆν
3059 3980 3171 4032 οὐκ
3203 3976 3520 4048 ἐποίησαν,

1939 4061 2397 4117 ἀπολέσθωσαν.
2418 4062 2783 4130 Εὐλογητὸς,
2810 4062 2995 4133 φησὶν,
3017 4064 3050 4115 ὀ
3073 4062 3234 4127 Θεὸς,
3267 4059 3336 4126 ὃς
3375 4075 3524 4127 παρ·

1940 4146 2122 4199 έδωκε
2141 4144 2285 4211 τοὺς
2311 4145 2564 4212 ἐχθρούς
2585 4160 2703 4198 σου
2736 4145 3116 4214 ὑποχειρίους
3146 4159 3266 4198 σοι.
3290 4141 3404 4197 Θέα
3433 4161 3524 4214 μοι

1942 4229 2060 4292 πῶς
2088 4229 2149 4282 ού
2187 4228 2346 4300 μόνον
2372 4228 2464 4281 τὸν
2495 4227 2701 4283 δίκαιον
2727 4228 3113 4300 ἀνακηρύττει,
3145 4227 3282 4280 ἀλλά
3306 4227 3396 4282 zeal
3427 4225 3524 4278 τοῦ

1941 4313 2075 4365 Θεοῦ
2100 4313 2199 4382 τὴν
2228 4311 2543 4382 συμμαχίαν
2567 4309 2940 4380 ἐπιγινώσκει.
2971 4311 3104 4364 Ούδέ
3133 4309 3241 4382 γὰρ
3268 4311 3395 4366 ἀνευ
3423 4309 3525 4380 τῆς

1942 4394 2150 4448 ἐκεῖθεν
2195 4393 2366 4464 ῥοπῆς
2419 4394 2660 4464 ἠδυνήθη
2723 4395 2832 4449 τῶν
2886 4393 3154 4464 τοσαύτην
3207 4392 3526 4446 δυναστείαν

1943 4476 2424 4547 περιϐεϐλημένων
2450 4476 2854 4547 περιγενέσθαι.
2891 4479 2993 4543 Ὃς
3018 4475 3342 4551 παρέδωκε,
3369 4476 3525 4546 φησὶ,

1943 4560 2085 4628 τοὺς
2117 4559 2372 4628 ἐχθρούς
2405 4575 2542 4614 σου·
2583 4560 2746 4623 αὑτός
2776 4561 2925 4614 ἐστιν
2955 4559 2983 4612 ό
3010 4558 3070 4612 τὸ
3095 4559 3200 4612 πᾶν
3222 4559 3527 4632 ἐργασάμε-

1943 4661 2053 4706 νος,
2094 4643 2254 4704 αὑτός
2286 4642 2432 4694 ἐστιν
2464 4642 2492 4694 ό
2525 4642 2652 4707 τοὺς
2687 4633 2942 4714 ίσχυροὺς
2969 4641 3214 4706 ἀσθενεῖς
3251 4643 3526 4713 καταστήο

1946 4742 2065 4788 σας,
2091 4725 2250 4788 αύτός
2282 4727 2428 4778 ἐστιν
2456 4726 2484 4778 ό
2512 4723 2601 4778 διὰ
2625 4724 2734 4778 τῶν
2763 4725 2979 4779 ἀόπλων
3002 4725 3127 4791 τοὺς
3151 4723 3528 4794 ὡπλισμένους

1944 4809 2309 4877 κατενεγκὼνο
2342 4807 2551 4862 ἐκεῖθέν
2572 4809 2721 4862 ἐστιν
2747 4810 2782 4879 ή
2809 4808 2950 4880 ῥοπὴ
2977 4810 3011 4880 ή
3039 4807 3303 4878 τοσαύτην
3332 4823 3413 4859 σοι
3429 4805 3526 4876 τὴν

1942 4893 2172 4965 δύναμιν
2210 4893 2625 4965 παρασχομένη.
2665 4895 2770 4959 Ὃς
2812 4892 3136 4960 παρέδωκε.
3184 4892 3336 4962 φησὶ,
3383 4889 3528 4957 τοὺς

1944 4976 2195 5046 ἐχθρούς
2215 4993 2332 5032 σου
2353 4977 2736 5046 ὑποχειρίους
2768 4990 2888 5029 σοι.
2925 4977 3089 5045 Ὁρᾷς
3113 4975 3229 5037 πῶς
3256 4975 3528 5030 δείκνυσιν

1945 5062 2111 5118 αὐτοῦ
2134 5062 2232 5132 τὴν
2253 5063 2504 5132 ὁμόνοιαν
2528 5059 2624 5114 zeal
2644 5058 2742 5130 τὴν
2766 5058 3148 5130 φιλοστοργίαν
3167 5057 3265 5129 τὴν
3289 5073 3355 5110 πε
3363 5058 3418 5128 pl
3435 5058 3531 5116 τὸν

1945 5148 2092 5212 Λὼτ,
2129 5147 2222 5200 zeal
2252 5145 2370 5209 πῶς
2402 5144 2676 5216 ἐμφαίνει,
2705 5143 2787 5196 ὅτι
2817 5143 2910 5195 zeal
2943 5143 2972 5195 6
3008 5141 3256 5212 Ἀϐραὰμ
3294 5141 3529 5208 οἰκείους

1946 5231 2144 5294 αὐτοὺς
2169 5228 2397 5300 ἐχθροὺς
2428 5229 2614 5299 ήγεῖτο
2641 5225 2732 5279 διὰ
2755 5227 2824 5280 τά
2863 5227 2942 5289 εἰς
2965 5225 3056 5279 τὸν
3083 5222 3400 5294 ἀδελφιδοῦν
3430 5241 3530 5294 γε·

1945 5313 2255 5384 γενημένα;
2304 5309 2411 5365 Καὶ
2448 5309 2672 5364 ἔδωκεν
2707 5305 2888 5374 αὐτῷ,
2925 5307 3080 5378 φησὶ,
3115 5307 3377 5374 δεκάτην
3407 5307 3530 5361 ἀπὸ

1947 5396 2208 5450 πάντων.
2243 5393 2414 5447 Τοῦτο
2443 5393 2536 5446 zeal
2561 5390 2770 5455 Παῦλός
2810 5407 2962 5462 φησιο
3001 5389 3274 5460 Θεωρεῖτε
3302 5388 3392 5454 δὲ,
3414 5406 3530 5458 πη·

1945 5481 2120 5544 λίκος
2157 5473 2355 5542 οὗτος,
2397 5468 2447 5541 ᾧ
2483 5475 2580 5529 καί
2613 5473 2871 5541 δεκάτην
2922 5475 3166 5543 Ἀϐραὰμ
3205 5472 3426 5528 ἔδωκεν
3458 5473 3528 5526 ἐκ

1946 5562 2065 5616 τῶν
2111 5560 2485 5631 ἀκροθινίων,
2520 5561 2554 5613 ό
2600 5555 2990 5625 πατριάρχηςο
3031 5557 3276 5629 δηλονότι
3320 5558 3384 5610 ἐκ
3419 5555 3529 5610 τῶν

1947 5646 2226 5718 λαφύρων,
2251 5639 2326 5698 ὧν
2355 5645 2608 5714 ἐπήγετο,
2639 5641 2908 5712 ἠμείψατο
2931 5642 3024 5695 τὸν
3052 5641 3402 5718 Μελχισεδὲκ,
3435 5639 3530 5691 zeal

1949 5717 2182 5801 δεκάτην
2220 5727 2370 5800 αὐτῷ
2407 5727 2682 5799 ἀφώρισεν
2715 5726 2822 5780 ἀπὸ
2860 5727 3077 5780 πάντων
3108 5717 3184 5778 ὧν
3210 5721 3523 5793 ἐπεφέρετοο

1949 5812 2198 5867 ἐντεῦθεν
2248 5811 2348 5882 ήδη
2393 5809 2710 5872 διδάσκαλος
2751 5808 2926 5862 ἀπασι
2969 5807 3278 5876 γενόμενος,
3325 5801 3528 5873 πολλὴν

1946 5891 2350 5950 ἐπιδείκνυσθαι
2376 5891 2814 5962 εὐγνωμοσύνην,
2848 5891 2939 5944 zeal
2963 5889 3060 5952 τὰς
3081 5884 3333 5954 ἀπαρχὰς
3362 5901 3530 5956 προσ-
