4020 6136
508 272 629 333 δερ·

500 398 656 463 mw
683 392 792 447 τῶν
820 394 971 464 παρά
995 391 1089 446 τοῦ
1122 392 1257 447 Θεοῦ
1287 395 1419 464 ἡμῖν
1446 392 1913 466 παρασχεθέντων.
1952 388 2082 448 Εἶτα

499 478 796 546 ἐκπλαγεὶς
822 478 916 532 τοῦ
944 478 1285 550 πατριάρχου
1317 478 1468 550 [558]
1499 480 1599 549 τὴν
1631 479 2033 551 μεγαλοψυχίαν
2057 482 2085 534 ὁ

501 560 765 631 βασιλεὺς
805 558 1056 632 Σοδόμων
1103 563 1237 633 φησὶ
1284 562 1421 633 πρὸς
1450 562 1633 616 αὐτόν·
1672 565 1786 625 Δός
1815 581 1916 633 μοι
1944 564 2085 631 τοὺς

498 643 744 712 ἄνδρας,
768 643 883 712 τὴν
915 644 982 698 δὲ
1013 646 1202 699 ἵππον
1228 645 1375 700 λάϐε
1402 643 1659 710 σεαυτῷ.
1686 646 1840 718 Καλὴ
1865 646 1959 700 τοῦ
1990 647 2087 718 βα-

500 727 746 799 σιλέωςή
773 727 1182 800 εὐγνωμοσύνη⁸
1206 727 1321 782 ἀλλ’
1344 729 1447 800 δρα
1464 727 1558 782 τοῦ
1579 728 1787 782 δικαίου
1809 728 1907 799 τὴν
1936 730 2084 798 φιλο-

501 811 713 879 σοφίαν.
737 807 883 865 Eine
893 812 963 865 δὲ
983 814 1049 866 Ἀ
1057 814 1207 881 ὄραμ
1228 812 1378 882 πρὸς
1394 810 1771 876 τὸνβασιλέα
1786 811 2080 882 Σοδόμωνο

511 893 759 947 Ἐκτενῶ
790 894 906 962 τὴν
939 893 1105 964 χεῖρὰ
1134 911 1254 964 μου
1297 894 1447 962 πρὸς
1476 894 1585 948 τόν
1622 894 1771 948 Θεὸν
1805 894 1915 949 τὸν
1946 895 2085 964 ὕψι-

498 991 670 1042 στον,
697 978 767 1044 ὃς
787 977 1038 1044 ἐποίησε
1058 976 1165 1030 τὸν
1186 977 1446 1045 οὐρανὸν
1471 977 1568 1030 καὶ
1598 976 1713 1045 τὴν
1733 975 1868 1047 γῆν,
1890 980 1942 1031 εί
1963 979 2084 1033 ἀπὸ

500 1066 796 1134 σπαρτίου
820 1065 932 1132 ἕως
951 1064 1368 1136 σφαιρωτῆρος
1393 1065 1773 1135 ὑποδήματος
1812 1065 2084 1135 λήψομαι

499 1148 618 1202 ἀπὸ
660 1147 903 1202 πάντων
944 1147 1065 1202 τῶν
1102 1148 1249 1215 σῶν,
1291 1149 1393 1203 ἵνα
1421 1148 1508 1218 μὴ
1547 1151 1743 1216 εῖπῃς,
1792 1148 1880 1202 ὅτι
1937 1149 2084 1220 Ἐγὼ

499 1233 870 1285 πεπ.ίίούτικα
901 1231 1009 1285 τόν
1045 1232 1280 1301 Ἀϐραμ.
1318 1230 1491 1301 Πολλὴ
1530 1232 1624 1285 τοῦ
1667 1232 2006 1303 πατριάρχου
2047 1233 2081 1303 ἡ

500 1313 629 1384 περὶ
670 1312 740 1367 τά
771 1315 1026 1385 χρήματα
1065 1313 1354 1385 ὑπεροψία.
1393 1314 1502 1367 Καὶ
1549 1315 1694 1377 τίνος
1741 1315 1924 1368 ἕνεκεν
1964 1315 2082 1385 μεθ’

498 1397 662 1466 ὅρκου
687 1396 786 1466 τὴν
814 1397 1184 1468 ἀπαγόρευσιν
1209 1401 1461 1457 ποιεῖται,
1489 1396 1583 1450 καί
1607 1414 1791 1469 φησιν,
1833 1397 2084 1451 Ἐκτενῶ

500 1479 614 1545 τὴν
654 1478 825 1548 χεῖρά
860 1497 982 1548 μου
1024 1479 1176 1548 πρὸς
1219 1479 1328 1533 τὸν
1376 1479 1527 1534 Θεὸν
1558 1481 1665 1533 τὸν
1703 1480 1988 1548 ὕψιστον,
2014 1480 2083 1547 ὃς

498 1561 701 1615 ἔκτισε
734 1562 842 1616 τὸν
861 1561 1125 1629 οὐρανὸν
1156 1563 1256 1616 καὶ
1294 1562 1411 1630 τὴν
1430 1561 1587 1631 γῆν;

571 1642 646 1708 ς’.
666 1645 973 1716 Ἀμφότερα
1010 1643 1255 1715 βούλεται
1273 1644 1561 1699 παιδεῦσαι
1581 1645 1673 1699 τὸν
1685 1643 1795 1698 τῶν
1831 1644 2082 1716 Σοδόμων

501 1727 745 1796 βασιλέα,
782 1728 877 1782 καὶ
913 1729 995 1781 δτι
1029 1729 1292 1799 κρείττων
1326 1727 1444 1782 ἐστὶ
1475 1727 1585 1782 τῶν
1630 1730 1763 1800 παρ’
1795 1728 1961 1782 αὐτοῦ
1991 1728 2081 1781 δε-

496 1812 757 1882 δομένων,
782 1815 875 1867 καὶ
898 1811 1098 1882 πολλὴν
1120 1812 1482 1866 ἐπιδείκνυται
1502 1812 1601 1883 τὴν
1626 1812 1964 1882 φιλοσοφίαν,
1987 1812 2080 1866 καῖ¹

498 1895 809 1958 θεοσεϐείας
831 1896 981 1968 αὐτῷ
1002 1896 1319 1960 διδάσκαλος
1351 1896 1606 1965 γενέσθαι
1646 1897 1954 1962 σπουδάζει,
1991 1888 2101 1969 μοι’

496 1978 708 2048 νονουχλ¹
733 1977 997 2033 διδάσκων
1020 1979 1202 2045 αὐτὸν,
1232 1980 1314 2033 ὅτι
1344 1979 1551 2033 ἐκεῖνόν
1576 1996 1658 2033 σοι
1685 1978 1912 2052 παρέχω
1939 1980 2079 2050 μάρ-

497 2078 656 2135 τυρα,
684 2063 766 2115 δτι
793 2061 944 2115 οὐδὲν
970 2062 1077 2116 τῶν
1107 2061 1261 2133 παρά
1290 2061 1384 2115 σοῦ
1417 2061 1679 2133 λήψομαι,
1709 2062 1799 2116 τὸν
1825 2062 2080 2117 ἁπάντων

495 2145 845 2218 δημιουργὸν,
876 2146 962 2198 ῖνα
1000 2146 1198 2199 εἰδέναι
1229 2145 1373 2217 ἔχοις
1412 2146 1502 2199 τὸν
1536 2146 1629 2200 ἐπὶ
1661 2148 1878 2211 ⁴πάντων
1922 2146 2077 2212 Θεὸν,

497 2229 591 2283 καὶ
622 2228 698 2300 μὴ
719 2229 944 2301 νομίσῃς
967 2224 1107 2282 εἶναι
1142 2228 1297 2292 θεοὺς
1323 2229 1393 2283 τά
1421 2229 1527 2282 ὑπὸ
1550 2230 1749 2300 χειρῶν
1778 2228 2080 2300 ἀνθρώπων

495 2314 1026 2384 κατασκευαζόμενα.
1056 2308 1225 2376 Οὗτος
1247 2313 1357 2384 γάρ
1379 2313 1653 2385 όούρανοῦ
1683 2314 1776 2366 καὶ
1802 2313 1901 2382 γῆς
1924 2328 2081 2384 ποιη-

495 2397 614 2466 τὴς,
648 2395 810 2458 αὐτὸς
846 2397 937 2449 καὶ
975 2396 1064 2449 τὸν
1092 2395 1329 2465 πόλεμον
1361 2397 1550 2449 τοῦτον
1582 2395 1953 2467 ἐτροπώσατο,
1984 2396 2079 2449 καὶ

494 2480 594 2549 τῆς
638 2477 797 2548 νίκης
834 2478 1004 2540 αἴτιος
1047 2477 1304 2548 κατέστη.
1352 2479 1443 2549 Μὴ
1476 2479 1656 2533 τοίνυν
1701 2477 2074 2550 προσδοκήσῃς

495 2562 595 2632 ἐμὲ
619 2559 902 2627 ἀνέξεσθαί
931 2578 982 2613 τι
1010 2560 1191 2613 λαϐεῖν
1212 2560 1321 2614 τῶν
1345 2561 1494 2632 παρὰ
1516 2561 1610 2615 σοῦ
1634 2561 1944 2632 διδομένων.
1976 2563 2080 2614 Οὐ-

494 2645 551 2698 δὲ
596 2644 706 2714 γάρ
749 2643 843 2698 ἐπὶ
890 2642 1067 2714 μισθῷ
1111 2642 1209 2714 τὴν
1251 2642 1492 2697 ἐκδικίαν
1533 2645 1897 2716 ἐποιησάμην,
1943 2644 2078 2699 am

495 2729 760 2800 πρότερον
801 2727 901 2800 μὲν
930 2727 1016 2783 διά
1043 2727 1141 2798 τὴν
1167 2728 1295 2799 περὶ
1328 2728 1420 2781 τὸν
1453 2728 1764 2797 ἀδελφιδοῦν
1792 2731 2076 2802 φιλοστορ-

493 2811 640 2880 γίαν,
680 2810 870 2864 ἔπειτα
894 2810 950 2865 δέ
974 2811 1069 2864 καὶ
1100 2811 1167 2864 δι’
1194 2812 1365 2883 αὐτὴν
1394 2811 1488 2864 τοῦ
1521 2810 1731 2866 δικαίου
1764 2814 1864 2885 τὴν
1894 2812 2075 2882 φύσιν,

493 2895 635 2950 ὥστε
658 2896 785 2960 τοὺς
803 2894 1003 2958 ἀδίκως
1026 2894 1379 2966 ἀπηγμένους
1405 2895 1711 2968 ἐξαρπάσαι
1735 2896 1844 2951 τῶν
1869 2897 2078 2969 βαρϐα-

496 2979 665 3052 ρικῶν
687 2977 904 3049 χειρῶν.
941 2981 1007 3032 El
1036 2978 1155 3032 ἀπὸ
1184 2980 1504 3048 σπαρτίου,
1539 2980 1724 3051 φησὶν,
1757 2979 1869 3046 ἕως
1900 2994 2080 3049 σφαι-

491 3060 756 3130 ρωτῆρος
801 3060 1074 3131 λήψομαι
1123 3060 1242 3115 ἀπὸ
1284 3060 1526 3117 πάντων
1573 3061 1693 3117 τῶν
1732 3061 1881 3117 σῶν·
1934 3061 2077 3116 τοῦτ’

493 3145 663 3208 ἐστιν,
689 3144 810 3198 οὐδὲ
837 3143 897 3197 τὸ
926 3144 1108 3215 τυχὸν,
1135 3145 1257 3199 οὐδέ
1282 3147 1341 3198 τὸ
1369 3146 1603 3213 εὐτελὲς,
1623 3147 1745 3201 οὐδὲ
1766 3145 1832 3201 τὸ
1854 3147 2080 3201 εὐκατα-

494 3227 763 3299 φρόνητον
799 3227 1172 3299 νομιζόμενον.
1202 3229 1312 3281 Καὶ
1331 3230 1438 3301 γὰρ
1474 3231 1831 3303 σφαιρωτῆρα
1854 3230 2078 3286 εἰώθασι

493 3313 674 3378 λέγειν
716 3311 778 3365 τὸ
811 3311 978 3381 ἀκρον
1020 3310 1114 3364 τοῦ
1161 3312 1508 3384 ὑποδήματος
1548 3314 1611 3385 τί)
1636 3316 1717 3378 είς
1750 3314 1843 3381 ὀξὺ
1890 3315 2074 3386 λῆγον

493 3394 753 3458 τοιούτοις
772 3393 882 3466 γὰρ
904 3393 1022 3458 ἔθος
1042 3393 1225 3465 ἔχουσι
1249 3396 1545 3466 κεχρῆσθαι
1566 3398 1614 3449 οί
1637 3396 1920 3469 βάρϐαροι.
1946 3395 2079 3453 Εἶτα

494 3478 591 3532 καὶ
622 3479 722 3548 τὴν
745 3477 926 3532 αἰτίαν
952 3478 1049 3549 τῆς
1078 3478 1460 3550 παραιτήσεώς
1493 3497 1678 3551 φησιν,
1712 3482 1848 3537 Ἵνα
1883 3482 1969 3552 μὴ
1997 3485 2078 3538 εἷο

495 3579 639 3633 πῃς,
682 3562 833 3633 Ἐγὼ
861 3564 1235 3617 πεπλούτικα
1273 3563 1381 3617 τὸν
1412 3565 1655 3634 Ἀϐραμ.
1695 3567 1843 3637 Ἔχω
1869 3567 1959 3621 τὸν
1984 3586 2076 3638 χο-

496 3648 665 3721 ρηγὸν
692 3646 799 3700 τῶν
821 3647 1028 3719 μυρίων
1054 3647 1295 3716 ἀγαθῶν,
1324 3647 1524 3719 πολλῆς
1542 3648 1803 3703 ἀπολαύω
1822 3650 1920 3720 τῆς
1936 3650 2080 3704 ἀνω-

494 3734 584 3787 θεν
616 3730 809 3803 ροπῆς,
834 3731 895 3784 οὐ
914 3730 1104 3802 δέομαι
1125 3733 1220 3785 τοῦ
1247 3730 1399 3803 παρὰ
1421 3732 1513 3786 σοῦ
1538 3732 1788 3799 πλούτου,
1811 3735 1871 3788 οὐ
1892 3735 2080 3807 χρῄζω

493 3815 843 3887 ἀνθρωπίνης
871 3814 1156 3886 εὐπορίας,
1199 3813 1478 3886 ἀρκοῦμαι
1505 3818 1571 3887 τῇ
1612 3817 1766 3889 παρά
1816 3817 1907 3872 τοῦ
1943 3819 2078 3874 Θεοῦ

494 3902 574 3962 εἰς
599 3899 698 3970 ἐμὲ
724 3897 1023 3969 φιλοτιμίᾳ,
1049 3892 1167 3950 οἶδα
1193 3896 1357 3951 αὐτοῦ
1381 3899 1442 3952 τὸ
1468 3898 1687 3969 δαψιλὲς
1713 3900 1822 3954 τῶν
1839 3902 2076 3974 δωρεῶν.

495 3982 617 4036 Τῶν
652 3979 861 4054 μικρῶν
892 3982 985 4034 καὶ
1015 3979 1247 4033 εὐτελῶν
1269 3984 1680 4054 παραχωρήσας
1706 3982 1783 4054 τῷ
1812 3984 1954 4044 Λὼτ,
1991 4003 2080 4056 με·

495 4067 677 4137 γάλων
708 4065 804 4119 καὶ
841 4065 1168 4135 ἀπορρήτων
1198 4062 1437 4134 ἠξιώθην
1466 4066 1828 4136 ὑποσχέσεων·
1866 4069 1958 4122 καὶ
1984 4069 2079 4126 νῦν

500 4150 721 4219 μείζονα
745 4146 971 4200 πλοῦτον
988 4144 1165 4216 ἐαυτῷ
1186 4147 1724 4217 πραγματευόμενος,
1748 4150 1842 4204 καὶ
1860 4151 2079 4207 πλείονα

497 4233 627 4300 παρ’
676 4229 842 4285 αὑτοῦ
894 4227 1108 4283 εὔνοιαν
1169 4230 1569 4300 ἐπισπώμενος,
1629 4232 1721 4286 τὸν
1781 4236 1932 4305 παρά
1982 4236 2078 4290 σοῦ

498 4314 729 4369 πλοῦτον
751 4313 813 4366 οὐ
838 4311 1150 4384 προσίεμαι.
1178 4313 1276 4367 Διά
1294 4311 1452 4366 τοῦτο
1472 4314 1551 4375 δὲ,
1574 4315 1651 4379 ὼς
1675 4312 1847 4388 οἶμαι,
1875 4319 1968 4372 καὶ
1990 4320 2079 4374 τὸν

497 4400 658 4471 ὅρκον
715 4394 1044 4469 προσέθηκε,
1093 4395 1188 4450 καὶ
1234 4393 1404 4462 εἶπεν,
1469 4398 1721 4453 Ἐκτενῶ
1763 4401 1879 4469 τὴν
1912 4404 2080 4474 χεῖρά

495 4500 612 4551 μου
652 4481 801 4551 πρὸς
840 4479 948 4534 τὸν
990 4479 1139 4534 Θεὸν
1178 4481 1287 4535 τὸν
1326 4482 1610 4563 ὕψιστον,
1647 4484 1733 4538 ἵνα
1775 4486 1851 4558 μὴ
1883 4489 2077 4563 νομίσῃ

498 4563 684 4628 ἁπλῶς
715 4564 877 4619 αὐτὸν
911 4565 1360 4635 σχηματίζεσθαι,
1406 4561 1495 4621 οἷα
1536 4568 1856 4637 συμϐαίνειν
1910 4561 2077 4636 είκόςέ

500 4648 616 4702 ἀλλ’
645 4646 733 4701 ἵνα
778 4646 924 4718 μάθῃ
956 4647 1036 4699 ὃτι
1069 4646 1225 4700 τοῦτο
1256 4648 1405 4718 αὐτῷ
1442 4649 1708 4717 δέδοκται,
1750 4654 1811 4707 τὸ
1849 4654 1982 4726 μηδὲ
2022 4655 2083 4709 τὸ

497 4732 661 4804 τυχὸν
694 4729 903 4785 ἐκεῖθεν
929 4728 1305 4799 νοσφίσασθαι.
1339 4732 1447 4784 Καὶ
1488 4733 1724 4804 ἐπλήρου
1771 4737 1832 4790 τὺ
1864 4740 2080 4809 παράγ-

499 4816 677 4888 γελμα
706 4816 883 4869 ἐκεῖνο
912 4812 973 4867 τὸ
993 4810 1143 4884 παρὰ
1165 4809 1260 4864 τοῦ
1299 4812 1536 4882 Χριστοῦ
1566 4818 1679 4880 τοῖς
1718 4818 1985 4890 μαθηταῖς
2013 4823 2084 4874 εί-

501 4901 758 4973 ρημένονυ
817 4896 1049 4965 Δωρεὰν
1078 4894 1342 4959 ἐλάϐετε,
1375 4894 1601 4964 δωρεάν
1643 4898 1799 4956 δότε.
1840 4905 1931 4975 Μὴ
1975 4905 2081 4976 γάρ

501 4983 611 5051 ἐγώ
640 5000 692 5035 τι
718 4982 922 5041 πλεῖον,
947 4980 1132 5050 φησὶν,
1160 4980 1453 5048 εἰσήνεγκα
1480 4982 1558 5044 είς
1590 4981 1688 5051 τὴν
1716 4985 1810 5037 τοῦ
1847 4987 2081 5057 πολέμου

503 5067 776 5125 ὑπόθεσιν,
804 5066 838 5134 ἦ
880 5064 1040 5134 μόνον
1077 5063 1175 5134 τὴν
1213 5062 1436 5134 γνώμην
1469 5065 1562 5118 καὶ
1603 5066 1704 5135 τὴν
1742 5068 2079 5140 προθυμίανς

502 5150 615 5220 Τὴν
668 5149 723 5202 δὲ
783 5148 939 5218 νίκην
1000 5146 1095 5200 καὶ
1130 5146 1192 5198 τὸ
1230 5145 1510 5217 τρόπαιον,
1543 5148 1637 5202 καὶ
1680 5149 1746 5202 τά
1776 5150 1908 5205 ἄλλα
1931 5150 2080 5225 [359]
2124 5192 2127 5197 .

505 5233 681 5286 πάντα
719 5233 881 5295 αὐτὸς
914 5232 1210 5305 εἰργάσατο
1229 5234 1296 5303 τῇ
1329 5233 1545 5305 ἀοράτῳ
1567 5234 1813 5306 δυνάμει.
1838 5233 1970 5292 Εἶτα
1996 5239 2082 5294 ἴνα

505 5319 580 5389 μὴ
604 5316 801 5388 νομίσῃ
827 5317 855 5369 ό
878 5315 1148 5386 βασιλεὺς,
1176 5316 1257 5368 ὅτι
1276 5315 1342 5368 δι’
1364 5317 1664 5386 ὑπεροψίαν
1690 5318 1782 5371 καὶ
1810 5321 2086 5392 καταφρό-

502 5418 656 5473 νησιν
696 5401 758 5454 οὐ
791 5400 1071 5472 προσίεται
1101 5399 1173 5453 τι
1208 5400 1340 5471 παρ’
1367 5399 1532 5453 αὐτοῦ
1566 5401 1839 5472 διδόμενα,
1870 5404 2083 5472 δεικνὺς

502 5485 667 5541 αὐτοῦ
701 5485 794 5538 καὶ
823 5486 880 5537 ἐν
910 5485 1086 5556 τούτῳ
1125 5487 1185 5538 τὸ
1224 5486 1452 5557 ἥμερον,
1489 5486 1585 5539 καὶ
1615 5487 1716 5556 τῆς
1756 5487 1983 5559 γνώμης
2023 5491 2084 5546 τὸ

504 5572 814 5642 φιλόσοφον,
846 5570 1031 5641 φησίν⁸
1060 5570 1122 5623 οὐ
1151 5569 1413 5643 λήψομαι,
1450 5572 1621 5640 Πλὴν
1647 5565 1736 5626 ὦν
1769 5575 1995 5645 ἔφαγον
2029 5581 2084 5632 οί

502 5654 834 5719 νεανίσκοι,
857 5652 1083 5720 καὶτῆς
1105 5655 1348 5721 μερίδος
1379 5654 1499 5708 τῶν
1529 5654 1767 5722 ἀνδρῶν
1788 5656 1908 5710 τῶν
1933 5673 2085 5729 συμ-

504 5737 913 5807 πορευθέντων
930 5737 1058 5807 μετ’
1079 5736 1245 5806 ἐμοῦ,
1275 5738 1532 5805 Ἐσχὼλ,
1560 5739 1788 5804 Αὺνᾶν,
1807 5739 2078 5812 Μαμϐρῆ·

503 5817 669 5876 οὗτοι
691 5821 994 5892 λήψονται
1015 5819 1249 5889 μερίδα.
1279 5817 1519 5881 Τούτοις,
1561 5822 1713 5891 φησὶ,
1748 5827 2086 5898 συγχωρήσω

506 5902 689 5959 λαϐεῖν
715 5923 838 5960 τινα
874 5903 1092 5976 μερίδα,
1133 5901 1322 5971 ἐπειδὴ
1368 5902 1567 5977 πολλῆς
1601 5904 1779 5973 φιλίας
1810 5910 2083 5982 τεκμήρια

1198 280 1256 337 S.
1294 277 1581 335 JOANNIS
1616 276 2112 335 CHRYSOSTOMI
2148 278 2469 336 ARCHIEP.
2503 277 3054 337 CONSTANTINOP.

3665 274 3779 331 330

2189 394 2551 459 ἐπεδείξαντο.
2620 390 2795 451 Οὗτοι
2850 394 3012 465 γὰρ,
3067 394 3235 461 φησὶ,
3300 387 3646 457 συνωμόται
3698 391 3782 452 τῷ

2191 478 2427 548 Ἅϐραμ,
2459 478 2605 532 τοῦτ’
2643 478 2811 543 ἐστιν,
2841 480 2920 541 εἱς
2946 474 3123 545 φιλίαν
3150 491 3215 526 συ
3228 472 3505 543 θημμένοιο
3533 469 3780 524 καὶτοῦ-

2183 578 2246 614 το
2273 561 2512 615 δείκνυσι
2552 562 2615 615 τὸ
2644 560 2862 615 ἑλέσθαι
2900 560 3098 619 αὐτοὺς
3131 555 3459 625 κοινωνῆσαι
3486 554 3636 624 αὐτῷ
3672 552 3785 606 τῶν

2185 644 2468 699 κινδύνων.
2517 645 2615 698 Διά
2654 644 2815 698 τοῦτο
2851 643 2946 697 καὶ
2977 641 3142 704 αὐτὸς
3186 640 3549 711 ἀμειϐόμενος
3577 637 3782 699 αὐτοὺς

2185 729 2594 799 παρασκευάζει
2619 729 2812 800 μερίδα
2834 727 2958 781 τινὰ
2978 726 3182 792 λαϐεῖν,
3207 726 3304 779 καὶ
3328 727 3386 779 ἐν
3414 722 3591 794 τούτῳ
3612 722 3781 776 πάλιν

2183 809 2276 863 τόν
2306 811 2660 866 ἀποστολικδν
2681 812 2845 882 νόμον
2871 811 3093 882 πληρῶν
3111 809 3202 863 τὸν
3233 809 3480 877 λέγοντα,
3515 808 3718 871 Ἄξιος
3745 807 3780 860 d

2183 893 2433 963 ἐργάτης
2482 892 2590 962 τῆς
2636 893 2863 964 τροφῆς
2916 894 3103 950 αὑτοῦ
3148 895 3336 948 ἐστιν.
3385 892 3522 946 Οὐδὲ
3574 892 3686 965 γάρ
3723 906 3778 946 τι

2185 976 2346 1031 πλέον
2376 979 2474 1048 τῆς
2501 979 2691 1048 χρείας
2733 978 2932 1042 αὐτοὺς
2957 977 3143 1032 λαῦεῖν
3175 976 3392 1048 άφίησι’
3439 974 3616 1043 Πλὴν
3639 974 3775 1046 γάρ,

2185 1061 2370 1131 φησὶν,
2402 1056 2491 1115 ὧν
2525 1063 2754 1131 ἔφαγον
2796 1066 2850 1117 οι
2890 1064 3218 1125 νεακίσκοι,
3258 1061 3355 1114 καί
3384 1058 3495 1127 τῆς
3527 1058 3778 1128 μερίδος

2183 1144 2304 1197 τῶν
2332 1144 2875 1213 συμπορευθέντων
2901 1147 3028 1213 μετ’
3048 1144 3217 1214 ἐμοῦ,
3255 1144 3512 1212 Ἐσχὼλ,
3539 1140 3775 1205 Αὐνᾶν,

2183 1226 2453 1296 Μαμϐρῆ·
2481 1223 2642 1282 οὗτοι
2672 1226 2955 1296 luga-orm
2998 1226 3223 1296 μερίδα.
3255 1227 3421 1280 Ἴδετε
3442 1226 3541 1296 τῆς
3568 1225 3777 1296 ἀρετῆς

2183 1309 2277 1363 τοῦ
2313 1309 2647 1380 πατριάρχου
2682 1310 2779 1379 τὴν
2812 1309 3119 1379 ἀκρίϐειαν,
3154 1309 3270 1373 πῶς
3295 1310 3390 1363 καὶ
3426 1310 3526 1380 τὴν
3552 1308 3776 1378 φιλοσο-

2184 1394 2315 1461 φίαν
2342 1391 2653 1457 ἐπεδείξατο
2683 1393 2781 1463 τὴν
2802 1393 2928 1463 περὶ
2956 1393 3055 1463 τὴν
3086 1392 3386 1464 ὑπεροψίαν
3415 1393 3524 1445 τῶν
3552 1392 3778 1463 χρημά-

2184 1495 2310 1542 των,
2334 1476 2429 1529 καὶ¹
2448 1476 2545 1547 τὴν
2565 1477 3088 1548 ταπεινοφροσύνην,
3121 1477 3214 1530 καὶ
3242 1477 3417 1530 πάντα
3439 1480 3601 1540 ποιεῖ,
3626 1476 3774 1530 ὥστε

2186 1560 2260 1631 μὴ
2294 1559 2443 1624 δόξαι
2477 1560 2763 1631 ἀλαζονείᾳ
2787 1561 2893 1613 τινὶ
2927 1561 3020 1613 καὶ
3044 1563 3445 1631 καταφρονήσει
3471 1560 3635 1614 τοῦτο
3665 1578 3738 1613 πε
3756 1591 3769 1598 -

2184 1643 2489 1714 ποιηκέναι,
2522 1643 2618 1697 καὶ
2639 1642 2725 1697 διά
2747 1642 2905 1696 τοῦτο
2930 1645 3071 1715 μέγα
3104 1646 3320 1715 φρονεῖν
3343 1644 3436 1697 ἐπὶ
3458 1647 3527 1715 τῇ
3546 1644 3676 1716 νίκῃ
3702 1646 3768 1715 τῃ

2181 1727 2529 1800 γεγενημένῃ
2552 1743 2566 1791 ;

2254 1808 2319 1874 ζ’.
2347 1809 2549 1863 Τοῦτον
2581 1809 2645 1880 δὴ
2668 1809 2764 1864 καὶ
2780 1810 2942 1881 ἡμεῖς
2974 1809 3290 1883 μιμώμεθα,
3313 1808 3640 1881 παρακαλῶ,
3670 1809 3769 1863 καὶ

2184 1892 2575 1963 σπουδάζωμεν
2597 1893 2874 1966 ἀλήπτους
2901 1895 3128 1958 ἑαυτοὺς
3158 1894 3472 1965 φυλάττειν,
3498 1894 3595 1948 καῖ⁵
3630 1894 3773 1964 μήτε

2183 1976 2455 2049 προφάσει
2498 1975 2601 2047 τῆς
2643 1977 2845 2049 ἀρετῆς
2881 1978 3142 2043 ἀπονοίας
3182 1980 3396 2043 ἑαυτοῖς
3428 1976 3772 2050 περιτιθέναι

2181 2059 2358 2127 δόξαν,
2394 2059 2529 2130 μηδὲ
2579 2060 2853 2131 προφάσει
2890 2061 3393 2133 ταπεινοφροσύνης
3427 2061 3530 2132 τῆς
3569 2061 3773 2132 ἀρετῆς

2180 2159 2320 2197 κατα
2329 2142 2532 2214 μελεῖν·
2561 2141 2701 2196 ἀλλά
2728 2142 3003 2214 πανταχοῦ
3038 2143 3100 2197 τὸ
3122 2144 3318 2216 μέτρον
3342 2143 3649 2209 διασώζειν,
3672 2142 3772 2196 καὶ

2177 2228 2291 2288 τοῖς
2313 2224 2700 2297 κατορθώμασι
2718 2226 2830 2289 τοῖς
2850 2226 2939 2294 ὑφ’
2957 2225 3110 2298 ὑμῶν
3140 2236 3160 2258 ⁸
3184 2228 3491 2298 γινομένοις
3517 2226 3771 2296 καθάπερ

2181 2309 2428 2379 θεμέλιόν
2467 2326 2590 2361 τινα
2630 2308 2725 2362 καλ⁵
2757 2308 3095 2381 ὐποδάθραν,
3133 2309 3231 2382 τὴν
3262 2308 3770 2381 ταπεινοφροσύνην

2183 2387 2518 2451 ὑποτιθέναι,
2550 2387 2637 2441 ἵνα
2672 2388 2809 2458 μετὰ
2839 2388 3137 2457 ἀσφαλείας
3160 2390 3291 2459 ἡμῖν
3319 2388 3669 2458 οίκοδομῆται
3696 2386 3770 2440 τά

2178 2472 2279 2541 τῆς
2308 2471 2530 2542 ἀρετῆς.
2562 2471 2733 2524 Τοῦτο
2770 2470 2880 2543 γὰρ
2902 2473 3091 2544 ἀρετὴ,
3126 2474 3255 2527 ὅταν
3285 2472 3385 2545 ἔχῃ
3410 2471 3617 2541 ταύτην
3642 2486 3771 2523 συν-

2179 2555 2536 2625 εζευγμένην.
2582 2555 2641 2608 ’0
2669 2554 2777 2626 γὰρ
2813 2554 3002 2609 τοῦτον
3043 2557 3181 2627 μετά
3207 2556 3512 2624 ἀσφαλείας
3559 2556 3649 2609 τὸν
3679 2554 3771 2607 Οε-

2182 2639 2365 2710 μέλιον
2389 2637 2710 2693 καταϐαλὼν
2740 2640 3028 2709 δυνήσεται
3059 2640 3194 2711 πρὸς
3214 2641 3339 2694 ὅσον
3362 2638 3608 2710 βούλεται
3632 2638 3768 2707 ὑπ

2179 2723 2389 2792 ἐγεῖραι
2422 2721 2521 2790 τὴν
2536 2721 2847 2792 οἰκοδομήν.
2879 2722 3024 2793 Αὕτη
3055 2723 3285 2795 μεγίστη
3311 2723 3601 2790 ἀσφάλεια,
3624 2723 3766 2793 αῦτη

2178 2807 2355 2874 τεῖχος
2392 2805 2655 2875 ἀρραγές,
2701 2805 2838 2876 αὕτη
2882 2804 3089 2876 πύργος
3132 2806 3577 2876 ἀκαταμάχητος,
3625 2804 3768 2874 αὕτη

2179 2889 2361 2939 πᾶσαν
2379 2886 2668 2956 συσφίγγει
2697 2888 2795 2958 τὴν
2823 2886 3136 2959 οἰκοδομὴν,
3156 2889 3255 2942 οὐκ
3275 2891 3496 2958 ἀφιεῖσα
3519 2889 3641 2942 οὐτε
3663 2889 3769 2942 ὐπὸ

2179 2969 2397 3038 ἀνέμων
2427 2970 2809 3042 σφοδρότητος,
2843 2970 2967 3025 οὐτε
2999 2971 3106 3024 ὑπὸ
3130 2971 3231 3043 τῆς
3268 2971 3378 3026 τῶν
3405 2971 3629 3045 ὄμϐρων
3666 2988 3767 3042 φο-

2181 3054 2303 3127 ρᾶς,
2339 3052 2462 3107 οὔτε
2497 3053 2603 3107 ὑπὸ
2623 3054 2726 3125 τῆς
2754 3055 2864 3109 τῶν
2899 3055 3222 3125 πνευμάτων
3250 3054 3372 3126 βίας
3400 3056 3570 3128 αὐτὴν
3599 3073 3770 3111 κατα-

2180 3139 2386 3202 πεσεῖν,
2424 3137 2542 3191 dum
2572 3139 2852 3210 ἀνωτέραν
2888 3139 3178 3209 καθίστησι
3230 3140 3411 3210 πάσης
3453 3139 3765 3211 ἐπιδουλῆςν

2181 3223 2277 3276 καὶ
2317 3221 2568 3292 καθάπερ
2605 3221 2665 3287 ἐξ
2701 3221 3009 3293 ἀδάμαντός
3048 3239 3192 3286 τινος
3226 3222 3765 3293 κατεσκευασμένην,

2180 3304 2354 3368 οὑτως
2388 3304 2557 3375 αὐτὴν
2581 3303 2880 3376 ἀχείρωτον
2907 3305 3219 3376 ἐργάζεται,
3248 3305 3340 3359 καλ⁵
3367 3305 3610 3376 μεγάλας
3634 3307 3768 3377 ἡμῖν

2180 3387 2415 3459 ἀμοιϐάς
2445 3387 2595 3457 παρὰ
2628 3388 2727 3458 τῆς
2750 3388 2845 3442 τοῦ
2876 3387 3256 3459 φιλανθρώπου
3283 3389 3419 3443 Θεοῦ
3438 3389 3648 3460 δωρεάς
3668 3391 3769 3457 ἐφ-

2180 3471 2415 3524 έλκεται·
2437 3470 2504 3524 δι’
2524 3467 2589 3542 ἧς
2624 3473 2970 3543 πατριάρχης
2995 3471 3264 3526 τοσούτων
3288 3472 3399 3526 τῶν
3425 3474 3767 3541 ἐπαγγελιῶν

2178 3554 2274 3609 τοῦ
2303 3552 2437 3608 Θεοῦ
2465 3555 2526 3608 τὸ
2551 3554 2781 3624 μέγεθος
2813 3556 3050 3622 ἐδέξατο.
3081 3556 3308 3610 Είσεσθε
3333 3556 3463 3628 γάρ,
3497 3556 3592 3610 τοῦ
3629 3557 3767 3611 Θεοῦ

2180 3638 2567 3710 ἐπιτρέποντος
2593 3679 2607 3701 ,
2657 3638 2751 3691 καὶ
2806 3640 2870 3692 ἐκ
2917 3640 3016 3709 τῆς
3072 3639 3393 3704 ἀκολουθίας
3461 3640 3570 3693 τῶν
3639 3638 3767 3709 ἑξῆς

2184 3721 2488 3792 μελλόντων
2542 3721 2898 3792 ῥηθήσεσθαι,
2943 3722 3060 3787 πῶς
3106 3724 3201 3777 καὶ
3236 3722 3331 3777 νῦν
3366 3722 3634 3793 ὑπεριδὼν
3656 3722 3768 3775 τῶν

2181 3806 2334 3877 παρά
2358 3804 2452 3860 τοῦ
2488 3805 2750 3876 βασιλέως
2789 3806 3038 3877 Σοδόμων
3078 3806 3229 3877 αὐτῷ
3260 3807 3550 3877 διδομένων
3580 3807 3630 3871 ι’,
3670 3823 3769 3877 με⁹

2181 3890 2363 3959 γάλων
2406 3891 2499 3944 καὶ
2544 3891 2766 3958 ἀφάτων
2810 3889 3017 3960 ἠξιώθη
3063 3893 3171 3944 τῶν
3224 3890 3319 3944 τοῦ
3356 3890 3492 3944 Θεοῦ
3525 3890 3764 3962 δωρεῶν.

2181 3976 2281 4027 Διά
2334 3973 2537 4044 ταύτης
2588 3973 2688 4025 οὐκ
2723 3972 2888 4036 αὐτὸς
2936 3973 3116 4043 μόνος,
3148 3972 3283 4028 ἀλλά
3316 3974 3410 4026 καὶ
3445 3974 3553 4025 τῶν
3591 3973 3769 4027 ἄλλων

2180 4056 2404 4112 δικαίων
2455 4057 2686 4118 ἕκαστος
2736 4055 3085 4125 εὐδοκίμησε.
3137 4057 3247 4110 Καὶ
3295 4056 3477 4116 τοῦτο,
3529 4058 3643 4109 ὅσοι
3679 4074 3770 4126 φι-

2181 4143 2395 4196 λόπονοι
2446 4143 2573 4213 περὶ
2612 4140 2710 4211 τὴν
2740 4139 3045 4208 ἀνάγνωσιν
3079 4140 3188 4193 τῶν
3221 4138 3382 4193 θείων
3428 4139 3577 4212 [360]
3623 4140 3769 4211 Γρα-

2184 4225 2300 4294 φῶν
2349 4227 2494 4286 ἐστε,
2539 4221 2834 4294 δυνήσεσθε
2882 4221 3222 4293 καταμαθεῖν
3284 4222 3560 4293 πανταχοῦ
3618 4224 3769 4292 γινό-

2187 4325 2367 4377 μενον.
2413 4310 2470 4360 ὐ
2491 4307 2599 4378 γὰρ
2628 4305 3009 4378 φιλάνθρωπος
3036 4305 3193 4377 ήμῶν
3215 4306 3512 4377 Δεσπότης,
3534 4306 3663 4360 ὅταν
3682 4306 3769 4379 τδῃ

2184 4390 2568 4463 ὑπερορῶντας
2594 4392 2743 4462 ἡμᾶς
2761 4390 2870 4444 τῶν
2886 4390 3188 4460 παρόντων,
3215 4389 3353 4461 μετά
3375 4388 3655 4457 δαψιλείας
3671 4391 3770 4444 καὶ

2182 4473 2353 4526 ταῦτα
2385 4472 2637 4544 παρέχει,
2654 4474 2750 4526 καὶ
2781 4473 2890 4527 τῶν
2922 4472 3223 4543 μελλόντων
3254 4474 3384 4544 ἡμῖν
3416 4471 3638 4539 ἀγαθῶν
3667 4473 3770 4544 τὴν

2182 4556 2484 4611 ἀπόλαυσιν
2508 4554 2849 4628 ταμιεύεται.
2899 4556 3008 4610 Καὶ
3028 4555 3187 4609 τοῦτο
3212 4556 3306 4611 καὶ
3323 4557 3415 4610 ἐπὶ
3441 4558 3769 4628 χρημάτων,

2183 4573 2484 4611 απολαυσιν
2508 4573 2706 4626 ταμιευ
2741 4573 2849 4610 ται.
2899 4573 3008 4610 nat
3028 4573 3187 4609 τουτο
3212 4573 3306 4611 και
3323 4573 3415 4610 επι
3441 4573 3769 4628 χρημάτων,

2183 4641 2278 4692 καὶ
2306 4640 2399 4692 ἐπὶ
2437 4640 2537 4709 τῆς
2555 4573 2825 4709 δόξηςςτοῦ
2868 4640 3135 4710 παρόντος
3161 4639 3297 4709 βίου,
3326 4640 3420 4693 καὶ
3437 4640 3529 4692 ἐπὶ
3549 4641 3770 4695 πάντων

2180 4722 2291 4776 τῶν
2322 4722 2603 4792 ἐπικήρων
2627 4721 2966 4794 πραγμάτων
2993 4722 3141 4775 ἐστὶν
3175 4723 3302 4775 ἰδεῖν
3324 4724 3631 4793 γινόμενον.
3653 4726 3771 4778 Ka-

2182 4804 2540 4876 ταφρονῶμεν
2584 4805 2762 4857 τοίνυν
2798 4804 2890 4857 τοῦ
2945 4805 3209 4876 παρόντος
3266 4805 3519 4870 πλούτου,
3562 4808 3649 4861 ἵνα
3676 4807 3767 4860 τὶν

2183 4889 2358 4960 ἀληθῆ
2415 4889 2638 4942 πλοῦτον
2693 4888 2873 4959 εὑρεῖν
2919 4887 3260 4958 δυνηθῶμεν·
3293 4890 3638 4961 ὐπερίδωμεν
3666 4890 3769 4961 τῆς

2184 4972 2348 5042 κενῆς
2372 4971 2574 5038 ταύτης
2595 4971 2772 5039 δόξης,
2803 4970 2889 5023 ἵνα
2914 4970 3012 5040 τῆς
3041 4971 3275 5041 ἀληθοῦς
3314 4974 3528 5043 ἐκείνης
3552 4975 3647 5026 καὶ
3680 4974 3771 5043 βε-

2185 5053 2345 5117 6αίας
2387 5052 2809 5124 ἀπολαύσωμενο
2850 5053 3316 5125 καταγελάσωμεν
3363 5055 3464 5126 τῆς
3488 5049 3772 5126 παρούσης

2183 5136 2504 5207 εὐημερίας,
2530 5137 2618 5189 ἵνα
2654 5137 2762 5188 τῶν
2788 5136 3117 5215 ἀπορρήτων
3146 5137 3370 5191 ἐκείνων
3399 5138 3618 5206 ἀγαθῶν
3647 5140 3773 5192 ἐπι-

2181 5220 2457 5290 τύχωμεν·
2494 5219 2658 5290 μηδὲν
2687 5218 2952 5290 ἡγώμεθα
2977 5218 3048 5271 τά
3101 5221 3380 5291 παρόντας
3402 5222 3487 5275 ἵνα
3515 5221 3650 5292 πρὸς
3678 5223 3773 5275 τὸν

2184 5302 2290 5357 τῶν
2323 5302 2621 5373 μελλόντων
2672 5302 2831 5356 πόθον
2871 5302 3218 5373 διεγερθῆναι
3260 5303 3593 5375 δυνηθῶμεν.
3631 5306 3772 5360 Οὐδὲ

2184 5387 2294 5458 γὰρ
2316 5381 2429 5440 οἷόν
2448 5403 2510 5438 τε
2544 5386 2635 5439 τὸν
2666 5388 2780 5449 τοῖς
2828 5385 3066 5455 παροῦσι
3093 5386 3518 5458 προσηλωμένον
3546 5389 3774 5442 ἐκείνων

2183 5471 2292 5525 τῶν
2348 5471 2680 5542 ἀπορρήτων
2733 5468 2954 5537 ἀγαθῶν
3003 5468 3095 5523 τὸν
3148 5469 3312 5522 πόθον
3372 5470 3775 5545 καταδέξασθαί

2185 5571 2334 5620 ποτε,
2354 5553 2606 5624 καθάπερ
2629 5551 2808 5624 λήμης
2828 5551 2974 5616 τινὸς
2997 5554 3111 5616 τοῖς
3129 5552 3430 5623 ὀφθαλμοῖς
3456 5553 3550 5607 τοῦ
3583 5553 3777 5624 σώμα-

2824 5677 2940 5737 μῶν.
2965 5676 3184 5734 Qualuor
3203 5689 3320 5724 mss.
3344 5676 3422 5739 ὑφ’
3442 5678 3597 5739 ἡμῶν,
3620 5685 3775 5740 alque

2842 5737 2953 5785 Sav.
2979 5744 3032 5784 et
3051 5736 3170 5785 Mor.
3205 5738 3304 5785 Sex
3339 5750 3453 5785 mss.
3486 5740 3770 5785 5:60am-

2246 5677 2274 5706 ⁸
2296 5676 2419 5736 Reg.
2447 5681 2498 5725 et
2521 5673 2672 5725 Savil.
2692 5676 2721 5723 ὑ

2879 5750 2953 5786 av.
2979 5744 3032 5800 οι
3051 5736 3170 5785 Mor.
3205 5738 3304 5800 Sex
3339 5736 3453 5787 m‘ss.

2755 5677 2811 5702 τε

2246 5693 2274 5706 ’³
2299 5693 2419 5747 “Eg.
2439 5693 2498 5743 ,ει
2522 5693 2672 5725 aavu.
2692 5693 2769 5786 Ug’
2791 5693 2820 5725 υ

2185 5736 2813 5846 ίίῗῖιξὲξνίίῖιῗίρέοοιίειύο

2182 5799 2309 5848 Infra
2333 5798 2482 5871 εαξη.
2504 5804 2567 5871 ,οι
2594 5807 2791 5871 δοριεω
2830 5812 2944 5871 ωδε.
2979 5798 3088 5871 {Sco}
3118 5799 3383 5871 φιλότεχνοι
3412 5801 3519 5863 περὶ
3658 5802 3777 5848 ἂναὶ-

2182 5875 2371 5927 γνωσιν.
2400 5859 2513 5968 1.93:!
2522 5860 2570 5968 ἑο
2592 5859 2703 5920 quae
2731 5861 2779 5908 in
2802 5867 3041 5909 contextu
3066 5859 3486 5923 legitur,’uempe'
3503 5864 3768 5925 φιλόπονοι,

2180 5933 2334 5984 magis
2356 5933 2435 5970 arr
2489 5934 2516 5968 ρ
2544 5957 2556 5968 .
