4020 6136
339 308 443 362 39.9

341 423 488 485 riros,
523 424 789 494 equitatuut
818 434 981 479 autem
1012 425 1126 479 tolle
1156 424 1259 478 tibi.
1303 423 1530 479 Iloncsta
1561 424 1697 491 regis
1723 423 1908 491 gratia,

341 513 431 565 sed
477 514 595 567 vide
630 516 755 583 justi
804 515 1208 584 phil050phiam.
1240 514 1327 568 2'2.
1368 514 1507 567 Dixit
1546 524 1707 566 autem
1736 515 1917 566 Abram

338 603 441 672 regi
482 602 816 659 Sodomorum
846 620 865 658 :
896 604 1181 659 Extendunt
1219 621 1420 659 manum
1464 621 1621 658 nteam
1651 603 1718 656 ad
1755 603 1917 655 Deum

337 696 653 757 altissimum,
681 697 768 763 qui
792 696 910 764 fecit
937 697 1114 751 avium
1143 706 1189 750 et
1218 707 1421 761 terram,
1449 696 1538 749 25.
1570 696 1611 749 si
1635 712 1665 748 a
1692 696 1917 765 funiculo

338 800 493 853 usque
515 786 583 837 ad
612 789 968 856 sphwroterem
993 787 1313 841 calceamenti
1332 787 1577 855 accipiam
1604 788 1665 839 de
1689 786 1917 839 omnibus

339 875 437 927 tuis
463 890 480 927 :
506 886 560 929 ut
585 893 646 929 ne
665 878 823 942 dicas,
848 875 959 948 Ego
982 877 1137 930 ditavi
1162 877 1365 929 Abram.
1394 876 1577 946 Magna
1604 876 1914 946 patriarcha:

339 963 389 1015 in
422 968 823 1021 (outemnendis
846 967 1041 1022 divitiis
1078 967 1264 1021 virtus.
1309 968 1373 1021 Et
1408 967 1557 1036 cujus
1587 968 1752 1037 gratia
1792 982 1913 1021 cum

335 1048 641 1116 jurantento
670 1067 874 1113 recusat
916 1067 970 1111 ct
1004 1058 1133 1112 dicit
1165 1076 1176 1111 :
1204 1057 1490 1111 Extendunt
1518 1073 1722 1110 manum
1752 1073 1914 1110 meam

339 1147 407 1198 ad
440 1145 595 1199 Deum
620 1151 959 1213 altissimum,
986 1150 1069 1217 qui
1098 1150 1283 1201 creavit
1308 1150 1484 1202 (telum
1509 1158 1552 1201 ct
1580 1148 1810 1201 terram?

409 1239 460 1292 6.
494 1238 605 1292 Duo
651 1239 806 1292 simul
847 1240 1039 1293 docere
1078 1240 1187 1293 volt
1226 1238 1577 1293 Sodomorum
1622 1252 1821 1306 regem,
1854 1252 1912 1291 se

340 1329 556 1383 minime
594 1330 708 1398 capi
737 1329 890 1383 donis
918 1344 1034 1397 qum
1061 1328 1126 1382 ab
1156 1328 1268 1397 ipso
1291 1328 1648 1382 offerebantur
1670 1368 1685 1393 ,
1713 1337 1763 1380 et
1794 1341 1909 1379 ma-

338 1435 493 1489 gnam
529 1421 875 1491 philosophice
913 1422 1137 1474 fortnam
1182 1421 1412 1474 indicare
1438 1420 1595 1483 velle,
1619 1435 1681 1472 ac
1705 1419 1911 1488 pietatis

340 1514 606 1567 doctorem
627 1515 672 1567 ei
705 1514 814 1567 fieri
845 1514 1075 1577 studere,
1095 1528 1156 1569 ac
1184 1514 1227 1565 si
1258 1513 1497 1567 instituat
1518 1512 1664 1565 illum
1693 1511 1774 1565 his
1789 1527 1909 1565 ver-

339 1604 460 1658 bis:
495 1604 639 1657 Illum
688 1604 777 1658 tibi
820 1613 1005 1660 testem
1044 1604 1291 1669 ailhibeo,
1320 1619 1405 1658 me
1435 1603 1565 1657 nihil
1591 1611 1797 1656 tuarum
1828 1618 1912 1657 re-

336 1711 453 1750 rum
476 1708 832 1765 accvpturum,
856 1696 1025 1763 illum,
1047 1712 1282 1766 inquam,
1298 1698 1529 1750 omnium
1545 1694 1907 1760 Conditorem,

339 1796 395 1840 ut
446 1802 603 1841 nosse
636 1788 813 1857 possis
857 1788 1021 1841 Deum
1070 1788 1329 1849 onmium,
1358 1796 1410 1841 et
1453 1801 1519 1840 ne
1560 1785 1748 1841 credas
1793 1802 1912 1841 esse

334 1877 463 1932 deos
494 1894 551 1930 ea
581 1894 696 1946 qure
726 1878 791 1933 ab
818 1878 1093 1931 hominum
1137 1878 1380 1931 manibus
1427 1877 1769 1932 fabricantur.
1819 1878 1911 1933 Ille

336 1970 477 2022 enim
508 1970 620 2022 ρευιί
643 1980 695 2023 et
722 1976 877 2023 terra:
906 1970 1178 2032 Conditor,
1210 1969 1296 2022 ille
1315 1978 1369 2022 et
1395 1967 1545 2023 nobis
1568 1967 1617 2020 in
1644 1968 1742 2021 hoc
1772 1969 1909 2022 bello

335 2060 567 2112 victoria:
598 2069 649 2113 et
690 2058 939 2129 triumphi
982 2070 1185 2112 auctor.
1231 2058 1306 2114 Ne
1334 2058 1493 2128 igitur
1517 2066 1795 2127 exspectes
1824 2075 1910 2114 me

334 2150 600 2218 quidpiam
622 2166 684 2205 ex
708 2151 858 2203 donis
884 2150 983 2203 tuis
1008 2160 1365 2218 accepturum.
1392 2149 1573 2219 Neque
1601 2152 1739 2204 cnim
1769 2166 1909 2204 iner-

334 2240 481 2295 cedis
517 2243 679 2310 gratia
711 2242 992 2295 vindiCtam
1039 2242 1158 2305 feci,
1200 2241 1291 2295 sed
1338 2241 1562 2311 primum
1605 2241 1674 2296 ob
1713 2242 1910 2296 amoris

333 2332 599 2401 affectum,
631 2349 786 2403 quem
818 2349 940 2403 erga
976 2334 1152 2387 fratris
1186 2334 1285 2388 mei
1314 2334 1479 2387 ﬁlium
1502 2350 1630 2403 gero
1671 2350 1686 2389 :
1720 2335 1909 2389 deinde

333 2430 385 2475 et
424 2433 639 2491 propter
668 2425 832 2493 ipsius
866 2424 1083 2492 justitia:
1120 2424 1370 2489 officium,
1400 2433 1456 2478 ut
1494 2440 1524 2478 e
1564 2425 1906 2478 barbarorum

333 2514 578 2567 manibus
605 2516 861 2583 eriperem
885 2515 1077 2583 injuste
1106 2514 1381 2569 abductos.
1410 2515 1468 2569 Si
1499 2532 1530 2568 a
1554 2516 1796 2585 funiculo,
1826 2517 1907 2569 in-

333 2602 467 2673 quit,
491 2621 649 2675 usquc
674 2607 742 2656 ad
766 2607 1118 2675 sphwroterem
1138 2606 1292 2659 calcei
1318 2606 1559 2674 accipiam
1586 2606 1648 2659 de
1670 2608 1766 2659 tuis
1796 2624 1905 2658 om-

334 2694 479 2746 nibus
504 2693 637 2747 :ltoc
662 2703 761 2759 est,
788 2695 917 2747 nihil
950 2704 1055 2747 tam
1080 2695 1202 2758 vile,
1232 2710 1329 2751 nec
1360 2706 1463 2748 tam
1493 2695 1637 2749 nihili
1672 2696 1906 2749 habitum

332 2794 417 2838 εει
437 2784 575 2853 quod
597 2794 911 2852 accepturus
927 2785 1048 2837 sim.
1074 2784 1200 2837 Nam
1223 2783 1599 2853 sphazroterem
1631 2785 1704 2856 (a)
1736 2785 1909 2839 Solent

331 2888 523 2927 vocare
565 2874 767 2942 apicem
813 2874 1006 2939 calcei,
1052 2875 1139 2944 qui
1185 2875 1235 2929 in
1272 2890 1491 2929 acumen
1537 2875 1730 2929 desinit
1759 2895 1769 2929 :
1803 2891 1909 2946 quo

331 2964 628 3018 calceorum
669 2980 867 3034 genere
912 2965 1119 3019 barbari
1160 2976 1481 3020 consuerunt
1526 2967 1618 3021 uti.
1681 2969 1811 3022 Exin
1856 2979 1909 3024 et

333 3067 755 3123 causmn,quare
797 3055 1035 3124 accipere
1088 3056 1363 3120 detrectet,
1395 3057 1563 3112 dicit:
1600 3057 1668 3112 Ut
1716 3076 1777 3113 ne
1825 3060 1906 3113 di-

331 3161 416 3199 cas
444 3162 463 3198 :
486 3145 592 3215 Ego
618 3147 912 3216 locupletari
937 3147 1141 3200 Abram.
1186 3148 1365 3203 Habeo
1405 3149 1589 3209 Deum,
1621 3140 1707 3219 qui
1754 3151 1908 3206 innu-

332 3254 477 3293 mera
501 3238 627 3292 mihi
654 3239 953 3309 suppeditet
980 3239 1114 3294 bona
1141 3283 1156 3306 ,
1186 3255 1415 3309 superno
1443 3242 1639 3295 innitor
1664 3243 1860 3297 auxilio
1890 3263 1904 3300 :

334 3344 441 3383 non
480 3344 611 3398 opus
650 3330 776 3383 mihi
808 3330 1003 3383 divitiis
1032 3330 1152 3395 tuis,
1182 3345 1285 3384 non
1316 3330 1524 3401 indigeo
1551 3331 1791 3386 humanis
1823 3334 1903 3387 fa-

331 3420 633 3488 cultatibus,
655 3429 931 3474 contentus
948 3436 1064 3475 sum
1091 3421 1176 3476 Dei
1202 3421 1252 3474 in
1277 3436 1361 3476 me
1382 3420 1725 3477 beneficentia
1753 3440 1767 3476 :
1795 3423 1906 3478 scio

332 3508 474 3563 illius
502 3509 813 3578 largitatem.
842 3510 1028 3565 Paucis
1053 3520 1106 3564 et
1129 3511 1316 3566 vilibus
1344 3512 1479 3565 cessi
1506 3527 1625 3566 meo
1646 3512 1764 3577 Lot,
1794 3528 1907 3567 ma-

331 3614 463 3669 gnas
498 3608 551 3654 et
588 3600 879 3655 ineffabiles
905 3601 1286 3670 promissiones
1321 3612 1637 3671 assequutus
1674 3619 1821 3665 sum,
1850 3611 1906 3657 et

333 3708 473 3747 nunc
500 3693 756 3762 majorum
783 3694 1081 3747 divitiarum
1111 3695 1398 3763 negotiatio
1424 3694 1551 3747 mihi
1581 3703 1683 3759 est,
1713 3702 1767 3748 et
1797 3709 1907 3747 ma-

324 3785 500 3854 jorem
529 3784 640 3852 ejus
665 3784 883 3852 gratiam
907 3783 1032 3837 mihi
1054 3785 1299 3848 concillo,
1322 3799 1485 3852 quare
1505 3799 1636 3853 epes
1658 3795 1772 3837 tuas
1800 3799 1902 3838 non

333 3874 555 3944 accipio.
586 3874 706 3929 Ideo
731 3884 927 3939 autem,
955 3876 1162 3944 opinor,
1188 3885 1239 3929 et
1257 3874 1613 3943 juramentum
1643 3876 1901 3944 adhibuit,

332 3977 388 4020 et
411 3966 543 4019 dixit
566 3965 879 4019 :Exlendam
906 3983 1108 4019 manum
1129 3983 1289 4020 meam
1310 3968 1375 4019 ad
1397 3967 1558 4021 Deum
1586 3969 1901 4035 altissimum,

333 4067 391 4112 ut
430 4073 496 4112 ne
540 4066 685 4125 putet
712 4073 832 4112 eum
860 4059 927 4112 ita
957 4058 1227 4123 simulare,
1254 4067 1312 4112 ut
1348 4058 1620 4129 probabile
1645 4068 1728 4114 est
1762 4075 1905 4130 saepe

332 4149 641 4219 contingere
673 4167 686 4203 :
713 4150 805 4204 sed
827 4160 882 4205 ut
909 4150 1039 4205 sciat
1066 4150 1165 4206 hoc
1195 4151 1262 4204 ita
1289 4150 1445 4220 plane
1470 4150 1740 4206 decretum
1766 4153 1904 4222 apud

333 4240 529 4294 Abram
551 4281 563 4302 ,
593 4251 655 4294 ut
692 4253 760 4295 ne
788 4237 870 4297 vel
911 4242 1183 4296 minimum
1209 4241 1333 4312 quid
1360 4242 1482 4297 inde
1510 4242 1609 4297 sibi
1637 4244 1900 4313 seligcrct.

332 4331 505 4397 Atque
551 4331 617 4384 ita
668 4329 915 4399 implebat
954 4331 1256 4387 mandatum
1294 4332 1423 4387 illud
1466 4333 1607 4403 quod
1632 4349 1661 4387 a
1692 4336 1904 4391 Christo

331 4421 597 4490 discipulis
646 4433 727 4477 est
776 4424 954 4477 datum
992 4442 1005 4479 :
1037 4423 1205 4479 Gratis
1246 4427 1538 4495 accepistis,
1588 4430 1744 4497 gratis
1789 4430 1905 4484 date

332 4512 541 4581 (Matth.
582 4513 667 4567 10.
699 4514 776 4583 8).
801 4514 934 4568 Ntttn
965 4530 1083 4585 ego,
1116 4516 1304 4585 inquit,
1337 4516 1476 4571 aliud
1505 4517 1631 4586 quid
1669 4518 1734 4572 ad
1780 4520 1902 4574 Iit-lli

333 4617 442 4654 rem
485 4603 657 4667 attuli,
701 4614 1047 4673 praeterquam
1079 4606 1404 4659 voluntatem
1449 4614 1503 4661 et
1537 4608 1902 4663 alacritatem?

336 4692 616 4747 Victoriam
644 4707 817 4748 autem
839 4736 853 4760 ,
886 4705 939 4750 et
966 4697 1312 4763 triumphum,
1337 4712 1397 4751 ac
1430 4705 1622 4751 czetera
1654 4710 1902 4767 operatus

330 4795 412 4840 est
441 4786 530 4840 ille
559 4788 801 4842 invisibili
826 4790 1036 4843 virtute.
1090 4788 1289 4844 Deinde
1330 4798 1387 4843 ut
1432 4804 1500 4844 ne
1539 4798 1746 4858 putaret
1786 4807 1901 4858 rex,

332 4876 501 4943 ipsum
532 4891 597 4929 ex
625 4878 869 4944 superbia
894 4888 945 4931 et
970 4887 1274 4948 contemptu
1314 4893 1433 4947 qua:
1462 4878 1528 4931 ab
1553 4894 1617 4933 eo
1642 4879 1904 4934 dabantur

331 4981 434 5019 non
459 4966 716 5035 accipere,
739 4966 1015 5021 declarans
1043 4984 1190 5022 suam
1217 4978 1270 5023 ct
1296 4968 1347 5021 iu
1375 4967 1476 5023 huc
1498 4968 1896 5036 humanitatem,

328 5065 379 5109 et
408 5054 821 5123 philosophicain
850 5066 1100 5121 mentem,
1129 5058 1299 5124 inquit
1327 5075 1340 5111 :
1369 5057 1454 5113 24.
1480 5057 1593 5112 Νοη
1617 5060 1895 5128 accipiam,

327 5146 546 5215 exceptis
584 5146 645 5197 iis
684 5161 794 5214 qua:
836 5147 1149 5199 comederunt
1173 5148 1403 5216 juvenes,
1434 5158 1481 5201 et
1510 5150 1737 5215 portione
1763 5150 1899 5201 viro-

332 5250 439 5288 rum
469 5217 774 5304 qui'mncum
805 5246 1059 5296 venerunt,
1092 5234 1299 5301 Eschol,
1328 5236 1531 5301 Aunan,
1558 5236 1821 5301 Humbre;
1864 5238 1902 5290 ii

329 5324 572 5393 accipient
615 5325 910 5393 portionem.
958 5323 1082 5387 llos,
1122 5324 1304 5393 inquit,
1338 5326 1633 5392 permittam
1659 5326 1901 5395 accipere

390 5453 464 5514 (a)
498 5459 545 5502 In
569 5460 747 5519 meo,
772 5469 1014 5516 mw”.
1057 5461 1196 5503 Porro
1228 5467 1428 5519 στειρυτιίρ
1448 5454 1574 5515 globi
1595 5456 1799 5518 formam
1818 5471 1901 5519 po-

328 5516 423 5563 tius
448 5516 765 5579 exprimeret,
783 5528 927 5579 quam
948 5526 1165 5563 acumen.
1186 5516 1361 5564 verum
1383 5516 1507 5577 apud
1532 5516 1641 5565 Lx'x
1660 5516 1903 5579 Interpre-

327 5584 419 5632 tes,
445 5574 669 5638 cm
695 5574 893 5638 legitur,
931 5588 1074 5637 quam
1100 5588 1267 5626 vocem
1310 5574 1703 5640 interpretantur,
1743 5574 1899 5629 corri-

326 5659 469 5707 quun.
498 5653 592 5695 vox
614 5647 842 5694 Hebraica
861 5653 953 5706 est,
971 5642 1131 5716 THW,
1153 5648 1376 5713 corrigia.
1389 5658 1565 5700 omnes
1580 5648 1698 5699 Editi
1716 5656 1767 5699 et
1788 5653 1896 5699 Mss.

324 5728 654 5790 duysostomi,
680 5747 918 5793 σᾳαιριη-ῆρα,
947 5730 1142 5781 habent.

1354 305 1419 360 IN
1446 305 1598 360 CAP.
1641 304 1777 359 XIV.
1813 301 2059 359 GENES.
2103 301 2333 357 llOMlL.
2375 303 2589 359 XXXV.

3496 311 3601 367 330

2030 420 2327 487 portionem
2355 421 2602 489 aliquam,
2634 421 2882 489 quoniam
2912 420 3139 491 ingentis
3162 423 3409 478 amicitiae
3431 429 3603 489 speci-

2026 525 2146 562 men
2188 510 2539 564 declararunt.
2590 509 2661 564 Hi
2696 512 2835 565 enim
2867 522 3027 578 eram,
3060 514 3246 583 inquit,
3280 516 3604 585 confrrderati

2024 600 2173 652 Abra:
2195 614 2215 653 :
2243 601 2341 654 hoc
2366 611 2468 667 est,
2499 601 2726 654 amicitia
2753 602 3019 670 conjuncti
3052 620 3065 655 :
3096 602 3236 673 quod
3268 603 3391 658 hinc
3418 614 3602 660 osten-

2022 689 2167 743 ditur
2195 692 2315 760 quia
2360 692 2411 745 in
2452 704 2655 759 partem
2695 694 3047 761 periculorum
3072 709 3194 750 cum
3222 710 3287 748 eo
3315 706 3597 750 venerunt.

2022 778 2172 834 Unde
2199 796 2539 836 remunerare
2570 782 2753 837 volens
2774 798 2887 849 eos,
2918 782 3040 838 facit
3064 795 3120 838 ut
3146 794 3345 853 partem
3368 786 3599 855 aliquant

2021 870 2314 938 accipiant,
2348 872 2689 938 apostolicam
2719 874 2887 941 legem
2918 873 3077 927 etiam
3118 876 3171 929 in
3203 875 3303 930 hoc
3334 876 3558 945 itnplens
3579 919 3594 941 ,

2019 974 2138 1029 qua:
2162 961 2289 1015 dicit
2319 980 2331 1015 :
2363 962 2555 1031 Dignus
2581 974 2654 1016 est
2678 964 2937 1034 operarius
2962 964 3201 1019 alimento
3235 982 3327 1020 suo
3367 965 3388 1038 (
3412 967 3594 1021 Matth.

2020 1048 2106 1103 10.
2138 1050 2236 1111 Ιος
2265 1049 2389 1105 Luc.
2423 1053 2507 1107 10.
2534 1054 2608 1123 7).
2639 1052 2773 1106 Nihil
2802 1056 2941 1108 enim
2973 1069 3065 1109 eos
3092 1056 3226 1109 ultra
3259 1072 3409 1109 nsum
3440 1073 3596 1111 suum

2019 1141 2259 1209 accipere
2282 1144 2569 1210 permittit;
2604 1144 2733 1198 dicit
2758 1145 2899 1198 enim
2931 1162 2945 1197 :
2978 1146 3214 1212 Exceptis
3237 1146 3298 1200 iis
3320 1163 3435 1216 quia
3461 1164 3599 1201 rom-

2018 1230 2226 1285 ederunt
2238 1235 2465 1303 juvenes,
2493 1246 2537 1289 et
2570 1236 2794 1305 portione
2819 1254 2990 1290 eorum
3014 1238 3098 1306 qui
3125 1256 3315 1290 mecum
3335 1253 3596 1305 venerunt,

2016 1319 2224 1388 Eschol,
2260 1324 2462 1391 Aunan,
2496 1326 2758 1389 Mambre;
2787 1327 2824 1379 ii
2843 1328 3085 1395 accipient
3115 1329 3412 1396 porticum.
3448 1330 3593 1383 Vidi-

2016 1414 2112 1464 stis
2153 1415 2467 1483 exquisitam
2521 1416 2836 1485 patriarcha:
2878 1418 3148 1485 virtutem,
3182 1421 3447 1489 quomodo
3474 1437 3593 1477 eam

2016 1504 2405 1574 philosophiam
2446 1508 2728 1573 exhibeat,
2776 1526 2893 1579 qua:
2934 1528 3092 1581 opum
3137 1522 3495 1582 contemptum
3542 1524 3598 1569 et

2017 1594 2330 1649 modestiam
2363 1599 2597 1668 respicit,
2628 1599 2863 1669 nihilque
2891 1616 2994 1654 non
3020 1611 3174 1671 agat,
3204 1612 3259 1654 ut
3286 1620 3352 1657 ne
3384 1620 3476 1672 per
3502 1620 3593 1657 ar-

2017 1687 2314 1753 rogantiam
2339 1697 2392 1741 et
2421 1700 2783 1759 contemptum
2816 1691 2866 1744 id
2888 1691 3061 1747 facere
3086 1694 3342 1761 videatur,
3368 1711 3540 1765 neque
3561 1710 3593 1750 c

2015 1775 2232 1829 victoria
2262 1780 2565 1847 superbiat?

2087 1868 2136 1920 7.
2172 1866 2385 1924 Moralis
2414 1872 2713 1926 exhortatio.
2733 1903 2804 1914 —
2832 1873 3015 1930 Talem
3044 1877 3216 1931 virum
3248 1878 3513 1934 imitemur
3540 1890 3592 1935 et

2015 1974 2132 2021 nos,
2162 1959 2403 2024 obsecro.
2424 1972 2477 2017 et
2497 1978 2712 2032 Operam
2737 1964 2945 2031 demus,
2973 1977 3029 2021 ut
3054 1969 3274 2023 invictos
3298 1986 3394 2025 uos
3413 1981 3591 2025 custo-

2015 2047 2240 2113 diamus,
2279 2060 2334 2105 et
2377 2066 2548 2121 neque
2591 2055 2801 2108 virtutis
2838 2056 3058 2110 obtentu
3095 2058 3357 2126 superbia:
3397 2060 3588 2114 hunam

2013 2141 2378 2210 acquiramus,
2405 2160 2574 2214 neque
2604 2146 2876 2201 modestiae
2904 2148 3121 2203 obtentu
3146 2152 3392 2206 virtutem
3420 2153 3588 2222 negli-

2012 2244 2199 2299 gamus
2234 2250 2246 2286 :
2282 2234 2376 2289 sed
2408 2234 2601 2305 ubique
2627 2237 2842 2291 modum
2867 2252 3139 2293 servemus
3158 2281 3174 2305 ,
3204 2248 3257 2295 et
3285 2240 3436 2295 bonis
3458 2258 3588 2311 ope-

2014 2321 2163 2375 ribus
2192 2325 2387 2378 nostris
2418 2324 2790 2395 humilitatem,
2819 2330 2966 2399 quasi
2998 2330 3395 2387 fundamentum
3424 2344 3477 2389 et
3506 2334 3591 2388 ba-

2013 2412 2113 2466 sim
2140 2413 2513 2483 subjiciamus,
2552 2427 2612 2471 ut
2640 2432 2825 2473 secure
2848 2436 2965 2489 qua:
2993 2420 3059 2474 ad
3082 2422 3325 2476 virtutem
3349 2434 3590 2492 spectant

2011 2496 2321 2559 construere
2342 2507 2628 2562 valeamus.
2670 2508 2794 2565 Haec
2830 2510 2971 2565 enim
2994 2526 3119 2566 vere
3139 2513 3302 2566 virtus
3335 2521 3433 2578 et,
3469 2530 3588 2583 qua:

2011 2596 2345 2662 conjunctatn
2375 2597 2535 2652 habet
2554 2598 2923 2654 humilitatem.
2948 2601 3047 2667 Qui
3070 2601 3169 2656 hoc
3189 2602 3587 2659 fundamentum

2013 2692 2125 2737 tuto
2147 2685 2355 2755 jecerit,
2386 2690 2578 2756 poterit
2618 2690 2670 2743 in
2712 2700 2961 2760 quantam
2990 2692 3216 2747 voluerit
3252 2694 3585 2751 altitudinem

2011 2784 2328 2832 structuram
2356 2781 2604 2835 excitare.
2654 2782 2777 2836 llaec
2817 2784 3043 2837 maxima
3081 2795 3162 2839 est
3204 2788 3444 2853 munitio,
3475 2788 3589 2843 hree

2013 2880 2195 2921 murus
2230 2868 2595 2935 inconcussus,
2643 2872 2756 2927 hmc
2796 2873 3214 2943 inexpugnabilis
3258 2878 3437 2941 turris,
3472 2877 3587 2932 hmo

2012 2970 2171 3011 oume
2198 2960 2432 3015 continet
2452 2961 2754 3031 :edificium,
2784 2980 2888 3017 non
2910 2964 3090 3018 siuens
3117 2966 3287 3036 ipsum
3308 2969 3389 3021 vel
3412 2984 3440 3019 a
3461 2983 3588 3023 ven-

2013 3060 2183 3103 torum
2202 3049 2465 3116 violentia,
2488 3053 2567 3107 vel
2594 3053 2660 3108 ab
2684 3054 2932 3112 imbrium
2958 3055 3178 3125 impetu,
3201 3060 3280 3110 vel
3308 3072 3340 3112 a
3369 3057 3587 3113 llatnum

2009 3143 2060 3197 vi
2090 3142 2243 3212 dejici
2277 3161 2289 3197 :
2319 3145 2411 3198 sed
2454 3145 2703 3200 omnibus
2740 3146 2945 3201 insidiis
2992 3149 3317 3203 inaccessum
3349 3148 3504 3213 facit,
3534 3161 3587 3205 et

2011 3234 2282 3301 invictum,
2315 3236 2463 3305 quasi
2490 3252 2553 3291 ex
2579 3237 2856 3292 adamante
2882 3246 3245 3293 constructum
3275 3247 3437 3305 esset,
3470 3256 3586 3293 ma.-

2008 3339 2244 3394 gnasque
2281 3326 2433 3380 nobis
2461 3326 2653 3382 divinze
2693 3327 2945 3399 largitatis
2980 3328 3255 3384 mercedes
3281 3329 3452 3388 all'ert.
3485 3331 3587 3386 Per

2010 3414 2147 3470 hanc
2172 3425 2224 3470 et
2252 3417 2548 3486 patriarcha
2581 3427 2843 3473 tantarum
2874 3419 2962 3474 Dei
2990 3421 3399 3491 promissionum
3429 3436 3585 3477 acce-

2010 3506 2085 3574 pit
2120 3507 2555 3576 magnitudinem.
2599 3510 2757 3564 Scitis
2794 3510 2957 3573 enim,
2988 3513 3323 3579 permittente
3360 3514 3489 3576 Deo,
3516 3529 3581 3568 ex

2009 3596 2075 3650 iis
2101 3611 2219 3665 qua:
2260 3598 2311 3650 in
2353 3598 2695 3666 sequentibus
2738 3599 3013 3665 dicentur,
3046 3601 3311 3668 quomodo
3341 3618 3496 3667 nunc,
3528 3614 3587 3658 ut

2008 3687 2327 3755 contempsit
2362 3701 2422 3742 ea
2460 3703 2579 3757 quae
2620 3689 2843 3743 daturus
2885 3698 2999 3743 erat
3046 3689 3396 3745 Sodomorum
3444 3708 3538 3746 rex
3566 3734 3582 3759 ,

2009 3792 2196 3847 magna
2234 3787 2289 3833 et
2326 3777 2605 3834 ineffabilia
2645 3778 2739 3833 Dei
2776 3779 2913 3834 dona
2953 3791 3309 3851 consequutus
3344 3792 3445 3838 est.
3485 3783 3588 3842 Per

2009 3867 2147 3923 hanc
2172 3885 2277 3923 non
2308 3870 2397 3925 ille
2424 3870 2596 3924 solum
2622 3911 2639 3936 ,
2674 3870 2767 3925 sed
2806 3881 2861 3925 et
2894 3872 3020 3939 justi
3055 3888 3239 3928 omnes
3263 3876 3504 3931 celebres
3530 3888 3584 3933 et

2006 3957 2136 4011 clari
2160 3956 2391 4013 fuerunt.
2425 3958 2501 4025 Id,
2530 3969 2786 4029 quotquot
2811 3961 2938 4015 estis
2959 3961 3252 4016 divinarum
3285 3964 3581 4035 Scriptum-

2009 4065 2126 4105 rum
2171 4050 2414 4106 lectionis
2453 4052 2696 4118 studiosi,
2725 4053 2998 4107 addiscere
3028 4055 3284 4123 poteritis.
3316 4057 3583 4128 Benignus

2008 4141 2149 4196 enim
2178 4141 2429 4197 Dominus
2448 4142 2659 4212 quando
2684 4158 2782 4197 nos
2806 4144 2950 4199 videt
2976 4144 3250 4214 despicere
3278 4148 3580 4215 praesentia,

2006 4235 2166 4289 etiam
2214 4236 2325 4306 ipsa
2368 4235 2566 4306 largius
2610 4236 2945 4306 suppeditat,
2982 4237 3242 4308 nobisque
3283 4238 3580 4297 futurorum

2008 4326 2266 4380 bonorum
2298 4326 2524 4380 fructum
2555 4327 2813 4382 recondit.
2842 4327 3035 4383 Videre
3064 4328 3165 4383 hoc
3187 4338 3337 4398 potes
3362 4331 3415 4385 in
3441 4332 3581 4387 divi-

2008 4415 2126 4479 tiis,
2164 4416 2216 4469 in
2251 4416 2418 4486 gloria
2448 4415 2602 4486 hujus
2629 4416 2769 4481 vitae,
2802 4427 2855 4473 et
2884 4417 2937 4473 in
2963 4419 3210 4474 omnibus
3235 4420 3355 4477 aliis
3377 4429 3578 4493 tempo-

2006 4508 2205 4562 ralibus
2232 4507 2409 4561 rebus.

2080 4597 2160 4649 Ad
2176 4606 2510 4663 contemptum
2539 4598 2780 4651 bonorum
2806 4599 2960 4668 hujus
2980 4600 3093 4654 vita:
3110 4600 3359 4656 hortatur.
3376 4633 3448 4643 —
3476 4603 3583 4661 De-

2008 4686 2294 4756 spiciamus
2335 4687 2492 4757 igitur
2528 4698 2817 4757 praesentes
2843 4690 3075 4758 divitias,
3104 4700 3161 4745 ut
3191 4707 3341 4747 veras
3371 4694 3582 4751 divitias

2008 4777 2247 4831 invenire
2268 4777 2569 4842 valeamus;
2598 4777 2951 4848 despiciamus
2968 4795 3155 4833 vanam
3181 4780 3315 4834 hanc
3335 4781 3577 4850 gloriam,

2008 4878 2061 4920 ut
2087 4883 2208 4920 vera
2237 4868 2320 4920 illa
2338 4878 2405 4941 et
2424 4868 2590 4922 solida
2618 4869 2886 4931 fruamur;
2910 4868 3243 4923 derideamus
3265 4880 3577 4938 prmsentem

2007 4959 2447 5027 prosperitatem,
2499 4970 2554 5012 ut
2602 4974 2793 5013 arcana
2853 4959 2938 5012 illa
2985 4958 3118 5011 bona
3157 4974 3577 5029 consequamur;

2007 5048 2156 5101 nihili
2190 5048 2440 5103 faciamus
2470 5048 2745 5115 prmsentia
2764 5090 2776 5113 ,
2805 5056 2861 5101 ut
2889 5048 2953 5102 ad
2985 5047 3156 5104 futura
3182 5050 3397 5119 praemia
3431 5053 3574 5106 exci—

2006 5140 2103 5192 tari
2131 5139 2420 5193 valeamus.
2450 5138 2629 5207 Neque
2650 5140 2790 5193 enim
2824 5140 3073 5207 possibile
3102 5151 3183 5195 est
3201 5184 3216 5207 ,
3245 5151 3300 5196 ut
3328 5144 3416 5211 qui
3446 5160 3575 5213 pne-

2006 5232 2244 5285 sentibus
2276 5242 2357 5283 est
2393 5230 2663 5295 addictus,
2709 5231 3046 5286 incﬂ'abilium
3087 5233 3343 5289 bonorum
3372 5237 3586 5291 deside-

2007 5324 2141 5377 rium
2168 5322 2431 5390 concipiat
2465 5337 2711 5391 umquam
2738 5324 2838 5393 (a),
2864 5325 2999 5377 sicut
3021 5325 3331 5394 lippitudine
3350 5328 3571 5397 quadam

2008 5411 2193 5466 oculos
2232 5412 2533 5481 obtegente,
2562 5412 2633 5466 ita
2676 5414 3014 5481 prmsentium
3044 5415 3331 5485 cupiditate
3367 5417 3581 5472 intelle-

2069 5544 2143 5616 (α)
2179 5552 2307 5617 Mens
2327 5544 2645 5654 αιόὲςοείοωὶ
2668 5549 2877 5630 θεξιηοιι
2894 5556 3038 5604 posse
3060 5557 3179 5617 eum.
3195 5546 3276 5609 qui
3292 5545 3443 5593 rebus
3455 5557 3582 5606 pra-

2004 5608 2226 5655 sentibus
2245 5612 2309 5668 sit
2338 5620 2383 5668 ar
2432 5614 2573 5663 tctus,
2596 5604 2865 5655 caelestium
2886 5605 3119 5655 bonorum
3141 5606 3282 5655 Simul
3306 5605 3582 5668 eodemque

2004 5675 2226 5727 tempore
2252 5666 2496 5715 desiderio
2520 5668 2677 5715 teneri
2705 5681 2716 5715 :
2741 5668 3048 5731 posseenim
3088 5670 3173 5718 Dei
3210 5680 3304 5731 0pc
3327 5665 3581 5719 fuitutn'ab

2010 5740 2071 5778 eo
2093 5733 2221 5777 statu
2240 5738 2522 5789 emergere,
2544 5728 2823 5779 sexcenties
2840 5728 2952 5779 alibi
2970 5729 3101 5779 dicit.
