4020 6136
452 281 547 334 57,1
1141 274 1200 329 S.
1240 271 1514 329 JOANNIS
1549 272 2022 332 CHRYSOSTOMI
2064 276 2379 333 ARCIIIEP.
2420 278 2957 340 CONSTANTINOP.

438 399 580 445 ctum
608 391 926 446 obscurante
948 428 965 453 ,
1006 401 1106 441 nec
1146 388 1483 456 permittente
1509 386 1689 442 videre
1724 389 1848 458 quid
1879 388 2022 444 facto

437 499 572 551 opus
602 484 689 537 sit.
721 481 902 549 Neque
930 496 1138 535 rursum
1167 481 1279 534 fieri
1309 489 1514 548 potest,
1540 492 1596 535 ut
1620 483 1709 550 qui
1730 482 2021 536 solidorum

438 585 491 627 et
533 574 881 629 immobiliqu
934 574 1196 627 bonorum
1238 586 1420 626 amore
1463 580 1693 639 tenetur,
1724 573 1863 627 ﬂuxa
1903 574 2022 637 ista,

435 676 485 719 et
510 682 630 736 qua:
649 675 931 736 antequam
980 674 1270 734 appareant
1310 666 1523 718 avolant
1559 675 1612 719 et
1653 676 2022 729 marcescunt,

434 758 796 827 concupiscat.
849 756 981 811 Nam
1036 756 1125 826 qui
1184 757 1397 809 sam-ius
1446 764 1529 809 est
1580 770 1761 810 amore
1802 756 2019 820 divino,

434 860 489 904 ct
515 848 605 919 qui
636 847 932 902 futurorum
967 845 1230 902 desiderio
1260 854 1498 911 tenetur,
1538 845 1657 899 aliis
1685 847 1853 899 oculis
1880 847 2025 901 videt

437 940 777 1007 praesentium
818 949 1013 993 statum
1033 977 1049 1003 ,
1087 939 1291 1006 scitque
1320 946 1483 992 totam
1515 951 1673 990 vitam
1704 946 2020 1005 pra-sentem

435 1041 653 1106 figuram
680 1052 803 1091 esse
834 1046 995 1105 atque
1027 1034 1283 1088 fallaciam
1307 1075 1323 1099 ,
1352 1041 1407 1087 et
1432 1047 1463 1086 a
1489 1033 1711 1086 somniis
1746 1032 1874 1085 nihil
1916 1031 2021 1086 dif-

434 1125 592 1181 ferre.
618 1127 817 1181 Idcirco
834 1127 1031 1180 beatus.
1047 1125 1243 1179 Paulus
1272 1125 1370 1178 hoc
1395 1123 1593 1191 scripto
1612 1122 1824 1176 tradidit
1844 1141 1855 1175 :
1873 1122 2022 1176 Prte-

438 1220 552 1272 terit
598 1219 765 1289 ﬁgura
815 1218 989 1271 "tuadi
1038 1218 1191 1283 huius
1230 1217 1307 1285 (Ι.
1339 1215 1457 1269 Cor.
1487 1216 1539 1268 7.
1567 1215 1660 1284 51)
1691 1231 1705 1267 :
1732 1214 2024 1270 ostendens

435 1307 663 1362 humana
684 1310 860 1362 omnia
889 1309 939 1361 in
969 1307 1133 1377 figura
1161 1315 1361 1360 tantum
1385 1320 1535 1369 esse,
1565 1320 1629 1359 ac
1667 1305 1805 1359 sicut
1835 1308 2019 1361 umbra

433 1410 488 1453 et
517 1401 780 1454 somnium
806 1400 1067 1463 transire,
1108 1399 1238 1453 nihil
1277 1399 1527 1462 solidum,
1558 1398 1687 1452 nihil
1713 1413 1896 1452 verum
1923 1400 2020 1452 ha-

436 1492 631 1545 bentia.
673 1493 865 1545 Annon
904 1492 1060 1560 igitur
1090 1490 1252 1544 animi
1283 1489 1505 1558 puerilis
1531 1488 1631 1543 hoc
1657 1498 1767 1554 est,
1804 1490 2022 1544 umbras

434 1585 724 1653 suspicere,
749 1586 815 1637 de
843 1585 1067 1637 somniis
1088 1583 1384 1652 superbire,
1407 1591 1462 1636 et
1488 1582 1553 1635 iis
1581 1597 1700 1650 qua:
1724 1582 1879 1651 paulo
1901 1590 2021 1650 post

436 1674 777 1742 przetcribunt
816 1671 1129 1726 adhaerere?
1175 1671 1409 1725 Praeterit
1437 1671 1601 1732 enim,
1635 1671 1825 1740 inquit,
1853 1672 2019 1741 ﬁgura

433 1765 583 1834 hujus
609 1763 799 1816 mundi.
825 1762 1004 1832 Itaque
1031 1777 1150 1816 cum
1177 1761 1429 1823 audieris,
1449 1759 1701 1822 Prteterit,
1720 1762 1844 1831 quid
1872 1772 2018 1830 post-

432 1856 529 1909 hac
553 1856 779 1925 amplius
797 1855 1025 1925 quaeris?
1054 1854 1266 1924 quando
1284 1853 1437 1908 audis
1458 1853 1676 1924 figurant
1696 1852 1867 1907 solum
1901 1868 2021 1909 esse

435 1946 665 1999 humana
692 1946 871 2000 omnia
897 1947 1223 2015 veritateque
1247 1944 1522 2011 destituta,
1553 1960 1720 2015 quare
1759 1954 1813 1999 te
1844 1945 2018 2015 decipi

431 2045 621 2105 sponte
651 2036 883 2104 pateris?
920 2051 1017 2089 cur
1054 2035 1293 2104 cogitans
1333 2049 1489 2103 quam
1531 2036 1637 2089 sint
1670 2034 1937 2089 mutabilia
1964 2046 2016 2089 et

431 2126 593 2190 fluxa,
626 2142 729 2180 non
755 2142 816 2179 ea
842 2127 1104 2195 praeteris,
1137 2135 1193 2178 ut
1222 2125 1287 2180 ad
1315 2127 1398 2179 illa
1420 2140 1538 2196 quze
1564 2141 1777 2194 semper
1800 2125 2015 2193 durant,

430 2234 494 2273 ac
532 2235 745 2289 semper
781 2219 988 2273 stabilia
1012 2260 1029 2285 ,
1072 2218 1372 2288 nullinsque
1397 2219 1779 2273 vicissitudinis
1803 2220 2018 2289 capacia

430 2317 572 2373 sunt,
602 2308 924 2363 desiderium
953 2307 1278 2362 transferas?

498 2402 553 2456 8.
601 2401 731 2455 Nam
775 2409 833 2455 ut
876 2401 1014 2455 scias
1055 2399 1388 2470 prudentiam
1416 2400 1649 2454 doctoris
1677 2400 1857 2465 orbis,
1890 2400 2011 2456 vide

429 2493 573 2547 illum
596 2492 700 2546 alio
721 2493 837 2546 loco
857 2492 1034 2545 omnia
1058 2491 1316 2561 praeclara
1337 2490 1494 2560 hujus
1521 2492 1642 2546 vita:
1668 2482 1865 2545 nullius
1891 2506 2011 2546 esse

430 2585 683 2638 momenti
709 2582 1076 2637 demonstrare
1096 2582 1386 2649 volentem,
1409 2583 1550 2652 quali
1569 2591 1744 2638 utatur
1760 2583 2007 2653 loquendi

428 2675 588 2729 modo
616 2693 629 2727 :
656 2673 783 2739 Qua’
799 2675 930 2727 enim
951 2674 1181 2728 videntur
1199 2683 1545 2727 momentauea
1565 2682 1682 2727 sunt
1711 2672 1784 2746 (2.
1813 2672 1931 2730 Cor.
1956 2675 2010 2729 4.

428 2766 543 2836 18),
586 2767 795 2821 etiamsi
834 2765 1137 2820 divitiarum
1185 2764 1561 2819 abundantiam
1604 2764 1770 2829 dicas,
1809 2765 2015 2819 etiamsi

426 2859 690 2929 gloriam,
731 2858 940 2912 etiamsi
982 2857 1311 2923 claritatem,
1362 2857 1571 2911 etiamsi
1623 2856 2011 2926 principatum,

425 2951 630 3004 etiamsi
656 2950 967 3019 potentiam,
989 2948 1195 3002 etiamsi
1219 2963 1460 3015 regnum,
1484 2949 1688 3001 etiamsi
1716 2947 2014 3003 diademate

426 3043 726 3095 redimitum
787 3042 932 3094 illum
958 3080 974 3105 ,
1022 3040 1230 3093 etiamsi
1274 3038 1463 3093 solium
1510 3054 1816 3108 supremum
1854 3057 1867 3093 :
1899 3039 2015 3093 hare

423 3132 603 3185 omnia
634 3147 751 3200 qua:
780 3130 1025 3185 videntur
1048 3128 1192 3183 brevi
1224 3139 1464 3199 tempore
1486 3129 1772 3191 manentia,
1800 3146 1906 3184 uon
1929 3130 2011 3183 ad.

426 3224 638 3276 modum
666 3223 971 3276 diuturnum
1012 3221 1091 3274 sui
1129 3220 1355 3274 fructum
1396 3219 1548 3273 nobis
1586 3220 1838 3289 prtebent.
1882 3221 2011 3288 Quae

425 3316 583 3383 igitur
623 3328 719 3367 nos
758 3315 1025 3382 inquirere
1062 3313 1164 3377 vis,
1194 3311 1241 3365 si
1279 3312 1455 3365 omnia
1486 3322 1823 3381 temporanea
1845 3313 2013 3367 sunt?

426 3404 538 3465 Illa,
567 3403 755 3472 inquit,
788 3418 905 3472 qua:
935 3418 1040 3456 non
1068 3400 1333 3466 videntur,
1354 3401 1585 3455 nonhaac
1610 3418 1728 3472 qua:
1747 3403 2008 3468 videntur,

421 3494 513 3547 sed
545 3494 627 3546 illa
661 3494 769 3562 ipsa
806 3509 926 3563 qua:
957 3494 1102 3547 hisce
1130 3494 1301 3547 oculis
1340 3493 1706 3562 corporalibus
1747 3509 1851 3548 non
1889 3509 2009 3564 spe-

419 3596 648 3639 ctantur.
680 3586 743 3639 Et
764 3587 880 3654 quis
904 3585 1003 3639 hoc
1022 3584 1345 3651 consuleret,
1379 3592 1434 3637 ut
1462 3598 1582 3653 qua:
1603 3583 1848 3637 videntur
1875 3599 2009 3653 pra:-

422 3688 456 3731 ιι
476 3690 711 3745 reantur,
742 3688 795 3732 et
819 3693 937 3748 qua:
968 3694 1071 3730 non
1100 3676 1150 3731 \i
1170 3678 1368 3741 lentur,
1393 3675 1755 3746 inquiruntur?
1786 3674 1900 3744 Ipsa
1926 3689 2010 3730 rc-

420 3787 561 3839 rum,
586 3771 772 3841 inquit,
797 3781 982 3823 natura
1000 3772 1190 3823 doceat
1208 3782 1323 3822 vos.
1355 3767 1485 3821 Nam
1514 3767 1628 3821 haec
1647 3766 1861 3837 quidem
1887 3766 2010 3821 licet

420 3865 717 3929 videantur,
742 3864 917 3917 statim
942 3874 1116 3917 tamen
1147 3860 1511 3931 pnetcrfluuut
1533 3878 1549 3913 :
1575 3860 1663 3915 illa
1687 3871 1863 3914 autem
1887 3860 2011 3914 licet

420 3971 562 4010 nunc
589 3971 650 4009 ea
679 3955 857 4009 videre
885 3971 990 4008 non
1022 3955 1286 4024 possimus
1306 3993 1321 4019 ,
1349 3963 1472 4006 sunt
1501 3962 1677 4007 Lamen
1710 3962 1964 4022 perpetua
1986 3994 2001 4018 ,

418 4064 632 4117 semper
655 4048 868 4111 durant,
905 4047 1189 4099 terminum
1219 4044 1483 4105 nesciunt,
1517 4045 1675 4097 finem
1718 4058 1823 4096 nou
1867 4043 2009 4098 acci-

421 4143 599 4211 piunt,
633 4139 1049 4194 vicissitudinem
1090 4137 1365 4206 ignorant,
1396 4134 1603 4188 stabilia
1632 4143 1686 4188 et
1716 4134 2003 4189 immobilia

417 4240 561 4283 sunt.
610 4228 872 4282 Fortassis
913 4227 1123 4280 tandem
1164 4227 1422 4280 molestus
1449 4238 1569 4279 esse
1595 4223 1796 4288 videar,
1824 4225 2002 4294 quoti-

417 4323 504 4375 die
535 4321 726 4373 frustra
752 4318 1037 4372 consulens
1063 4334 1076 4371 :
1105 4313 1199 4371 sed
1220 4315 1345 4386 quid
1376 4315 1601 4371 faciam?
1624 4315 1866 4385 Magnum
1894 4332 2007 4370 ma-

419 4414 543 4467 litia!
571 4412 822 4463 damnum
852 4420 965 4471 est,
995 4422 1184 4477 magna
1213 4408 1552 4477 pecuniarum
1583 4408 1819 4478 tyrannis
1840 4448 1855 4472 ,
1887 4423 2003 4461 ma-

417 4520 520 4573 gna
561 4504 809 4557 virtutum
862 4506 1073 4557 raritas.
1130 4501 1255 4556 Ideo
1300 4502 1456 4571 cupio
1496 4501 1579 4555 vel
1622 4499 2005 4556 admonitionis

420 4595 729 4651 assiduitate
758 4597 1000 4648 morhum
1027 4595 1241 4650 vincere
1264 4636 1279 4657 ,
1313 4604 1369 4649 et
1408 4594 1755 4648 incolumitati
1784 4594 2004 4665 integra:

420 4690 521 4743 huc
551 4686 929 4742 convenientes
956 4686 1258 4739 restituere.
1288 4684 1417 4738 Eam
1444 4686 1586 4739 enim
1614 4686 1684 4740 ob
1711 4701 1823 4741 rem
1854 4685 2001 4740 Scri-

415 4790 600 4853 pturas
628 4775 908 4831 enarrandi
947 4784 1148 4828 tantum
1180 4772 1335 4827 nobis
1361 4783 1443 4827 est
1468 4775 1701 4828 studium
1744 4784 1799 4830 et
1832 4775 2002 4846 justo-

418 4888 533 4926 rnin
569 4872 791 4923 virtutes
822 4870 873 4923 in
906 4866 1137 4921 medium
1165 4863 1435 4919 aﬂ'erilnus
1465 4882 1478 4919 :
1517 4880 1615 4919 nec
1645 4866 1785 4935 piget
1813 4866 2001 4921 eadem

416 4965 611 5033 sa-pius
641 4970 902 5031 repetere,
932 4969 987 5011 ut
1026 4972 1120 5027 per
1144 4956 1322 5011 omnia
1347 4972 1441 5013 vos
1468 4957 1721 5011 inducere
1744 4958 1808 5011 ad
1838 4973 2006 5013 remu-

415 5057 667 5110 lationem
695 5053 960 5120 justorum
990 5049 1278 5102 valeamus.

490 5147 819 5213 Elecmosyuu
846 5141 1170 5211 praedicatur.
1201 5169 1272 5179 —
1298 5138 1393 5195 Vel
1422 5152 1546 5195 sero
1576 5139 1787 5195 tandem
1817 5140 2002 5197 salutis

417 5248 614 5292 nostra:
652 5251 833 5289 curam
881 5234 1156 5298 faciamus,
1188 5242 1238 5287 et
1271 5231 1407 5288 bene
1432 5241 1644 5288 utamur
1671 5232 1735 5287 ad
1763 5233 2002 5290 inducias

415 5328 569 5384 nobis
596 5327 722 5382 dato
752 5327 909 5395 hujus
935 5329 1054 5380 vita:
1082 5325 1330 5392 decursu,
1352 5332 1408 5378 et
1433 5324 1558 5378 dum
1590 5323 1763 5378 adhuc
1792 5334 2001 5393 tempus

412 5432 517 5488 est,
548 5420 615 5477 ad
647 5419 1011 5491 pwnitentiam
1034 5426 1089 5473 et
1115 5417 1357 5487 lapsuum
1379 5416 1763 5471 correctionem
1785 5416 2002 5472 festine-

414 5532 535 5571 mus
557 5556 573 5581 ,
608 5513 1058 5585 pecuniarumque
1086 5509 1465 5564 abundantiam
1497 5509 1548 5563 iu
1574 5509 1871 5563 animarum
1898 5524 1997 5564 no-

410 5620 643 5664 strarum
678 5608 905 5663 salutem
930 5602 1291 5673 expendamus
1309 5641 1324 5667 ,
1353 5598 1727 5670 superﬂuaque
1756 5600 1999 5671 indigen-

414 5705 554 5757 tibus
581 5703 927 5756 insumamus.
974 5695 1149 5764 Quare
1188 5694 1353 5761 enim,
1376 5692 1463 5748 die
1495 5691 1647 5759 mihi,
1680 5692 1939 5763 permittis
1964 5707 1994 5747 a

3611 293 3721 348 5.32

2134 390 2377 461 rubigine
2398 406 2586 447 aurum
2606 402 2661 448 et
2678 407 2955 463 argentum
2978 401 3243 466 consumi,
3289 416 3408 470 quas
3446 408 3729 474 oportebat

2136 482 2185 533 in
2217 496 2505 552 pauperum
2531 493 2745 538 ventres
2769 484 3076 552 effundere,
3108 498 3167 543 ut
3195 491 3245 543 in
3279 500 3390 548 tuto
3417 508 3715 565 promptua-

2134 571 2214 623 rio
2242 571 2483 641 deposita
2508 613 2523 639 ,
2557 582 2797 642 tempore
2821 590 2926 645 quo
2956 579 3182 632 maxime
3202 596 3335 649 opus
3354 599 3538 638 eorum
3567 588 3722 657 adju-

2134 660 2271 714 torio
2296 660 2535 728 habebis,
2571 662 2693 716 hinc
2720 666 3142 722 consolationem
3175 669 3450 737 invenias;
3480 686 3533 728 et
3569 676 3660 745 qui
3699 693 3728 729 a

2134 760 2185 805 te
2213 752 2297 806 hic
2321 754 2457 821 pasti
2487 763 2647 818 sunt,
2681 754 2773 808 illo
2798 756 2885 810 die
2919 758 3129 813 fiducia:
3156 760 3298 815 fores
3326 762 3418 818 tibi
3442 768 3687 835 aperiant
3718 812 3731 831 ,

2132 850 2185 895 et
2211 843 2471 911 accipiant
2492 852 2545 899 te
2567 846 2617 898 in
2638 855 2837 901 a3terna
2860 863 2954 901 sua
2980 848 3318 907 tabernacula
3343 853 3489 925 (Luc.
3511 857 3595 911 16.
3623 859 3685 928 9)
3713 856 3735 910 ἲ

2134 934 2319 990 Vestes
2336 951 2545 1005 quoque
2563 953 2667 991 non
2690 938 2925 993 sinamus
2948 956 2977 994 a
3002 943 3270 997 vermihus
3291 947 3426 1010 rodi,
3444 958 3498 1001 et
3516 950 3722 1019 absque

2133 1042 2228 1079 usu
2254 1029 2303 1080 in
2328 1030 2523 1082 arcolis
2554 1040 2880 1099 putrescere,
2908 1048 3027 1087 cum
3057 1043 3135 1089 tot
3159 1038 3266 1091 sint
3292 1041 3381 1108 qui
3410 1041 3717 1112 indigeant.

2130 1129 2182 1172 et
2237 1121 2580 1176 obambulent
2633 1125 2757 1177 nudi
2802 1126 2939 1181 :sed
2989 1128 3154 1196 pluris
3204 1128 3458 1187 faciamus
3511 1135 3712 1190 nudum

2129 1210 2422 1276 Christum,
2453 1230 2611 1283 quam
2644 1216 2834 1283 tineas,
2862 1228 2915 1273 et
2941 1219 3223 1275 induamus
3244 1239 3365 1277 eum
3386 1227 3474 1295 qui
3498 1237 3717 1296 preptcr

2130 1312 2366 1356 nostram
2397 1306 2619 1360 salutem
2651 1308 2822 1363 nudus
2842 1309 3166 1378 obambulat,
3192 1323 3251 1367 ut
3274 1328 3395 1370 cum
3431 1318 3599 1385 ipsum
3632 1320 3720 1373 in-

2128 1394 2423 1461 duerimus,
2447 1397 2723 1453 audiamus
2749 1400 2798 1452 in
2824 1402 2909 1453 die
2937 1402 3027 1456 illo
3053 1420 3066 1456 :
3099 1403 3284 1458 Nudus
3304 1424 3439 1460 erant
3464 1418 3513 1462 et
3533 1427 3611 1462 me
3635 1413 3718 1462 iu-

2128 1487 2305 1539 duislis
2336 1488 2545 1558 (Matth.
2574 1489 2662 1543 23.
2691 1492 2786 1561 56)
2846 1493 2980 1548 Νυηι
3007 1510 3230 1550 onerosa
3258 1510 3380 1552 sunt
3410 1511 3669 1571 przecepta
3696 1504 3721 1554 ?

2129 1594 2253 1631 num
2284 1581 2545 1636 inoleSIa?
2578 1582 2648 1636 Ea
2674 1600 2791 1652 quae
2815 1596 3065 1654 pereunt,
3099 1588 3286 1656 inquit,
3315 1606 3433 1660 qua:
3461 1608 3490 1644 a
3518 1595 3718 1647 vermi-

2127 1667 2224 1721 hns
2250 1670 2591 1737 arroduntur,
2614 1689 2731 1742 qua:
2759 1675 2959 1744 absque
2990 1693 3084 1730 usu
3105 1687 3159 1732 et
3180 1677 3370 1732 frustra
3393 1696 3713 1736 consumun-

2129 1770 2232 1821 tur,
2268 1761 2381 1815 huic
2412 1764 2611 1817 utiliter
2639 1765 2947 1835 dispensare
2972 1778 3185 1837 satage,
3216 1778 3272 1823 ut
3308 1782 3364 1825 et
3403 1772 3716 1829 detrimenti

2125 1848 2378 1904 damnum
2408 1851 2657 1922 effugias,
2704 1866 2757 1909 et
2794 1872 2858 1911 ex
2902 1858 3028 1927 ipsis
3069 1860 3269 1914 lucrum
3303 1865 3587 1916 maximum
3620 1865 3716 1920 tibi

2129 1955 2304 2007 pares.
2340 1942 2522 2009 lugent
2543 1959 2570 1997 s
2590 1946 2729 1998 enim
2757 1957 2809 2000 et
2838 1964 3040 2017 magna:
3073 1949 3470 2008 inhumanitatis
3491 1966 3566 2008 est
3593 1966 3717 2023 post

2128 2038 2202 2082 tot
2232 2030 2489 2085 honorum
2519 2043 2572 2088 et
2597 2034 2900 2089 facultatum
2931 2054 3105 2101 mum,
3128 2041 3323 2095 arculis
3349 2053 3403 2095 et
3430 2046 3595 2098 muris
3626 2046 3711 2099 in-

2125 2120 2346 2177 cludere
2376 2124 2638 2192 superﬂua
2660 2168 2675 2191 ,
2705 2136 2758 2181 et
2782 2144 2885 2181 non
2914 2129 3018 2181 illis
3044 2130 3325 2186 sublevare
3350 2137 3713 2201 proximorum

2124 2209 2387 2281 impiam,
2430 2214 2523 2269 sed
2569 2216 2744 2270 sinere
2789 2232 2816 2269 a
2856 2219 3095 2289 rubigine
3135 2230 3189 2275 et
3229 2222 3364 2276 tinea
3397 2227 3570 2293 potius
3594 2242 3715 2282 cor-

2124 2303 2295 2370 rumpi
2334 2318 2396 2357 ac
2441 2305 2747 2373 pra-donum
2774 2309 3015 2362 manibus
3036 2311 3273 2377 exposita
3305 2313 3622 2384 relinquere,
3654 2325 3713 2371 et

2123 2403 2339 2459 propter
2381 2393 2469 2446 illa
2516 2395 2787 2464 suppliciis
2829 2398 3004 2466 potius
3046 2399 3223 2468 plecti,
3255 2418 3410 2469 quam
3444 2405 3528 2457 ubi
3562 2416 3709 2460 recte

2122 2484 2535 2555 diSpensai-eris,
2569 2504 2667 2558 pro
2705 2491 2783 2545 eis
2826 2494 3101 2560 pimmimn
3148 2498 3406 2564 πιαίνει-υ.
3446 2499 3704 2563 Obsecro,

2122 2591 2189 2629 ne
2217 2595 2382 2648 usque
2406 2580 2541 2635 adeo
2570 2581 2793 2636 salutem
2826 2594 3060 2639 nostram
3092 2587 3419 2658 negligamus
3442 2631 3459 2655 ,
3489 2589 3582 2643 sui
3608 2606 3706 2645 ex-

2122 2669 2301 2736 pensis
2327 2668 2378 2722 in
2403 2686 2665 2741 pauperes
2686 2674 2987 2743 superfluis.
3015 2692 3255 2746 magnam
3284 2681 3434 2734 nobis
3460 2680 3708 2735 fiduciam

2119 2769 2275 2813 antea
2295 2777 2631 2831 reponamus,
2652 2772 2709 2818 ut
2730 2765 3081 2823 incll'abilibus
3099 2771 3248 2824 benis
3267 2772 3365 2826 frui
3387 2788 3707 2840 mereamur,

2119 2851 2286 2919 gratia
2334 2862 2388 2905 et
2435 2854 2800 2911 misericordia
2845 2858 3052 2913 Domini
3099 2863 3265 2916 ποδινί
3304 2862 3429 2919 Jesu
3468 2862 3698 2931 Christi,

2118 2955 2238 2994 cum
2268 2958 2373 3013 quo
2404 2943 2543 2999 Patri
2587 2954 2641 3000 ct
2680 2957 2866 3002 sancto
2901 2948 3118 3019 Spiritui
3148 2954 3313 3022 gloria
3336 2996 3350 3019 ,
3388 2956 3664 3025 imperium
3683 2999 3704 3023 ,

2122 3031 2326 3099 honor,
2369 3049 2510 3090 nunc
2554 3046 2609 3091 ct
2649 3052 2898 3108 semper,
2940 3051 2993 3095 et
3034 3043 3086 3096 in
3130 3045 3325 3099 sacula
3364 3047 3705 3104 saeculorum.

2118 3122 2307 3178 Amen.
2374 3136 2387 3147 '

2629 3262 2902 3318 IIOMILIA
2946 3265 3185 3322 XXXVI.

2116 3365 2242 3423 Post
2263 3371 2369 3424 lucc
2396 3382 2560 3426 autem
2578 3375 2721 3428 verba
2742 3380 2907 3446 factus
2930 3388 3001 3431 est
3025 3396 3186 3433 sermo
3205 3379 3411 3437 Domini
3428 3386 3497 3437 ad
3516 3387 3702 3440 Abram

2188 3478 2276 3532 per
2304 3464 2540 3517 visionem
2571 3468 2750 3534 noctis,
2778 3469 2987 3524 dicens:
3024 3469 3107 3525 Ne
3150 3472 3324 3528 timeas
3365 3475 3571 3544 Abram,
3612 3494 3705 3549 ego

2185 3564 2435 3623 protector
2465 3566 2576 3609 tuus
2596 3574 2709 3610 sum
2734 3575 2753 3611 :
2782 3575 2968 3615 merces
2996 3571 3081 3614 tua
3096 3562 3255 3617 multa
3275 3566 3365 3618 erit
3385 3567 3529 3620 valde
3546 3568 3705 3638 (Gen.

2191 3645 2270 3699 is.
2308 3647 2385 3715 ι).

2189 3759 2239 3811 1.
2272 3758 2548 3815 Thesauro
2572 3763 2799 3832 cuipiam
2828 3764 3018 3819 similis
3042 3776 3124 3822 est
3140 3767 3401 3838 justorum
3423 3772 3610 3837 virtus,
3647 3774 3701 3827 in

2113 3866 2219 3922 quo
2250 3854 2490 3922 plurima:
2518 3865 2573 3910 et
2601 3856 2896 3913 ineffabiles
2924 3858 3121 3916 divitiae
3150 3864 3533 3920 reconduntur.
3569 3866 3701 3921 Nam

2112 3944 2247 3998 sit-ut
2273 3946 2360 4016 qui
2384 3962 2447 4001 ex
2477 3948 2567 4002 illo
2593 3950 2673 4003 vel
2700 3964 2915 4018 parvam
2955 3953 3237 4020 quamdam
3271 3967 3475 4025 partem
3510 3974 3703 4029 capere

2113 4044 2306 4104 potest,
2330 4037 2523 4093 multas
2575 4040 2674 4094 sibi
2728 4041 2851 4097 inde
2895 4053 3044 4113 parat
3080 4060 3209 4115 opes
3242 4064 3255 4101 :
3284 4047 3353 4102 ita
3386 4052 3602 4106 evenire
3646 4053 3701 4107 in

2112 4127 2393 4184 virtutibus
2414 4130 2730 4198 patriarcha:
2750 4132 3149 4202 deprehendere
3172 4140 3292 4208 quis
3316 4149 3508 4209 potest.
3559 4142 3702 4199 Ecce

2113 4217 2226 4273 fere
2253 4221 2489 4290 quotidie
2517 4238 2580 4277 ex
2609 4223 2829 4280 historia
2856 4227 2971 4296 ejus
3003 4228 3152 4283 vobis
3171 4229 3465 4286 doctrinam
3504 4249 3699 4306 propo-

2113 4320 2320 4378 nentes,
2356 4326 2543 4382 magna
2569 4312 2810 4383 largitate
2829 4318 3127 4372 convivium
3145 4321 3463 4388 praebemus,
3492 4336 3547 4378 et
3572 4327 3703 4381 buc-

2110 4416 2279 4470 usque
2309 4406 2541 4459 nondum
2568 4420 2789 4474 parvam
2834 4409 3095 4465 bonorum
3124 4412 3263 4466 illius
3292 4428 3515 4483 operqu
3571 4433 3697 4486 par-

2111 4500 2218 4547 tem
2241 4509 2493 4550 enarrare
2523 4499 2794 4566 potuimus
2822 4517 2834 4551 :
2863 4501 3022 4555 tantis
3048 4502 3250 4557 scilicet
3276 4504 3509 4559 abundat
3531 4507 3701 4560 virtu-

2111 4585 2269 4640 tibus.
2316 4586 2384 4640 Et
2409 4586 2547 4643 sicut
2583 4603 2614 4643 a
2643 4589 2789 4646 fonte
2820 4592 2979 4661 largis
3008 4591 3201 4649 fluente
3247 4598 3393 4659 rivis,
3442 4599 3601 4652 etiam
3651 4602 3698 4654 si

2109 4689 2295 4732 onmes
2323 4677 2590 4745 hauriant,
2624 4697 2726 4734 non
2758 4684 2926 4737 solum
2952 4700 3057 4739 non
3082 4686 3464 4743 immiuuuntur
3498 4689 3697 4745 ﬂuuit:

2110 4781 2142 4822 e
2171 4766 2314 4823 fonte
2344 4772 2635 4838 manantia,
2664 4772 2756 4827 sed
2796 4784 2995 4844 quanto
3046 4777 3224 4846 plures
3269 4788 3393 4833 sunt
3434 4781 3524 4849 qui
3575 4782 3699 4837 inde

2109 4857 2375 4927 hauriant,
2406 4870 2553 4916 tanto
2578 4864 2747 4931 major
2774 4880 3029 4933 aquarum
3053 4867 3130 4920 vis
3160 4871 3415 4923 scaturit:
3440 4870 3509 4924 ita
3532 4872 3697 4927 etiam

2110 4953 2162 5005 in
2183 4952 2496 5009 admirando
2522 4955 2817 5024 patriarcha
2846 4958 2957 5011 fieri
2986 4957 3243 5013 videmus.
3268 4960 3408 5026 Quot
3455 4962 3598 5016 cnim
3628 4980 3696 5019 ex

2108 5042 2251 5098 illius
2286 5059 2402 5098 aavo
2440 5045 2505 5099 ad
2535 5046 2637 5100 hoc
2679 5062 2843 5117 usque
2882 5056 3089 5117 tempus
3131 5066 3199 5105 ex
3250 5050 3396 5107 fonte
3434 5052 3695 5109 bonorum

2108 5135 2250 5190 illius
2271 5152 2492 5206 operum
2512 5137 2781 5205 hauriunt,
2810 5148 2864 5193 et
2894 5155 3000 5194 non
3022 5141 3194 5195 solum
3224 5142 3419 5197 fluenta
3448 5158 3553 5198 non
3572 5160 3669 5199 eva

2105 5236 2351 5293 cuarnnt,
2383 5227 2475 5281 sed
2502 5227 2672 5282 multo
2695 5227 3050 5284 abundantior
3073 5238 3333 5286 bonorum
3360 5247 3581 5303 operum
3599 5251 3694 5289 co.

2107 5318 2190 5387 pia
2220 5318 2440 5371 manat?
2464 5318 2610 5375 Sicut
2629 5321 2772 5373 enim
2793 5332 3035 5375 catenam
3049 5323 3331 5391 quamdam
3355 5338 3594 5389 auream,
3618 5326 3697 5381 sic

2105 5407 2222 5476 ejus
2248 5408 2519 5462 historiam
2543 5409 2593 5462 in
2628 5410 2900 5479 Scriptura
2923 5413 3095 5466 divina
3118 5414 3431 5468 recensitam
3459 5415 3696 5470 invenie-

2106 5516 2260 5565 mus;
2287 5517 2348 5556 ac
2376 5501 2595 5571 singulis
2626 5504 2950 5573 temporibus
2978 5505 3149 5574 primo
3175 5505 3323 5559 illum
3348 5507 3697 5563 observamus

2106 5609 2246 5647 vene
2270 5593 2623 5665 philosophia:
2651 5597 2942 5666 specimina
2986 5597 3351 5667 exhibentem,
3404 5600 3697 5671 statimque

2104 5695 2418 5758 sequentem
2446 5685 2539 5741 Dei
2568 5690 3073 5745 remunerationem.
3104 5688 3172 5743 Et
3201 5699 3258 5745 ut
3277 5691 3495 5748 discatis
3535 5691 3609 5747 ita
3633 5710 3696 5753 se
