4020 6136
294 293 390 349 551

288 424 381 471 τος
436 409 819 480 ἐπικειμένης,
865 409 1005 461 οὕτω
1048 408 1145 478 τῆς
1222 410 1297 462 ὧν
1348 411 1629 480 παρόντων
1671 412 1962 483 ἐπιθυμίας

291 496 590 565 σκοτούσης
637 496 1041 564 τὸν·λογισμδν,
1080 496 1171 549 καὶ
1206 496 1305 548 ούκ
1349 497 1601 568 ἀφιείσης
1650 498 1879 553 συνιδεῖν
1911 517 1964 553 τι

290 581 402 635 τῶν
423 583 667 636 δεόντων.
706 583 828 636 Οὐδ’
857 577 924 636 αὖ
953 583 1114 636 πάλιν
1141 582 1363 636 δυνατὸν
1404 583 1495 636 τὸν
1524 585 1653 654 περὶ
1685 585 1868 639 ἐκεῖνα
1895 585 1965 639 τὰ

291 669 522 739 ἀκίνητα
553 671 646 723 καὶ
666 668 857 738 βέϐαια
887 668 1067 739 ἀγαθὰ
1091 669 1184 723 τὸν
1211 669 1373 723 πόθον
1402 669 1611 740 ἔχοντα.
1632 671 1838 726 τούτων
1857 673 1967 728 τῶν

292 756 593 826 ἐπικήρων,
643 756 736 809 καὶ
784 756 914 826 πρὶν
945 756 979 827 ἢ
1010 756 1243 826 φανῆναι
1292 756 1705 826 ἀφιπταμένων,
1736 758 1830 812 καὶ
1864 776 1965 825 μα-

296 840 625 911 ραινομένων
650 840 946 912 ἐπιθυμίαν
978 841 1098 896 τινὰ
1122 842 1327 897 λαϐεῖν.
1374 844 1432 897 Ὀ
1454 844 1565 915 γὰρ
1611 845 1843 916 τρωθεὶς
1887 846 1963 917 τῷ

294 927 432 996 πρὸς
455 927 546 979 τὸν
570 926 701 979 Θεὸν
740 927 912 998 πόθῳ,
943 929 1038 982 καλ⁸
1081 928 1181 1000 τὴν
1207 931 1316 983 τῶν
1344 931 1641 999 μελλόντων
1672 931 1964 1003 ἐπιθυμίαν

294 1012 656 1083 κτησάμενος,
690 1014 898 1084 ἑτέροις
936 1015 1235 1087 ὀφθαλμοῖς
1261 1017 1364 1087 ὁρᾷ
1403 1017 1509 1070 τῶν
1536 1018 1820 1088 παρόντων
1865 1019 1964 1089 τήν

294 1100 651 1163 κατάστασιν,
681 1101 775 1155 καὶ
805 1098 943 1155 οἶδεν
964 1102 1045 1155 ὅτι
1068 1103 1254 1173 σχῆμα
1278 1105 1422 1168 am;
1453 1106 1481 1158 ὁ
1501 1107 1690 1175 παρὼν
1719 1105 1851 1175 βίος,
1871 1109 1965 1160 καὶ

292 1187 501 1258 ἀπάτη,
536 1189 631 1241 καὶ
652 1189 948 1259 ὀνειράτων
976 1190 1128 1244 οὐδὲν
1154 1191 1446 1262 διενήνοχε.
1495 1193 1593 1245 Διά
1609 1193 1767 1246 τοῦτο
1795 1195 1887 1246 καὶ
1936 1198 1964 1248 ό

293 1274 565 1344 μακάριος
593 1274 805 1338 Παῦλος
833 1275 985 1345 ἔλεγε
1008 1277 1257 1347 γράφων,
1274 1279 1527 1348 Παράγει
1547 1280 1654 1352 γὰρ
1672 1280 1738 1333 τὸ
1755 1280 1964 1349 σχῆμα

290 1360 399 1413 τοῦ
428 1361 660 1429 κόσμου
693 1362 931 1426 τούτου,
967 1361 1184 1427 δεικνὺς
1218 1365 1300 1418 ὅτι
1340 1366 1568 1421 ἕκαστον
1614 1366 1723 1420 τῶν
1748 1367 1959 1438 ἀνθρω-

291 1444 467 1499 πίνων
497 1448 556 1498 ἐν
583 1448 820 1517 σχήματι
839 1447 996 1517 μόνον
1015 1450 1149 1512 ἐστὶ,
1171 1452 1265 1504 καὶ
1284 1451 1532 1523 καθάπερ
1559 1453 1686 1506 σκιά
1718 1454 1812 1506 καὶ
1830 1453 1960 1524 ὄναρ

290 1532 650 1605 παρατρέχει,
688 1533 841 1587 οὐδὲν
873 1533 1094 1607 ἀληθὲς,
1119 1536 1271 1589 οὐδὲν
1307 1537 1520 1608 βέϐαιον
1552 1539 1692 1609 ἐχον.
1719 1540 1842 1602 Πῶς
1868 1536 1961 1593 οῦν

288 1618 472 1672 οὐκᾶν
504 1619 591 1691 εἴη
607 1620 861 1691 παιδικῆς
890 1621 1131 1686 διανοίας
1161 1626 1289 1695 περὶ
1314 1625 1415 1689 τὰς
1449 1625 1604 1689 σκιὰς
1628 1626 1958 1697 ἐπτοῆσθαι,

297 1705 384 1759 «ταὶ
399 1705 492 1759 ἐπὶ
524 1707 768 1777 ὀνείρασι
795 1707 939 1776 μέγα
967 1713 1214 1779 φρονεῖν,
1262 1711 1357 1764 καὶ
1409 1711 1617 1775 τούτοις
1656 1730 1956 1783 προστετη-

289 1790 442 1844 κέναι
468 1794 579 1856 τοῖς
608 1793 801 1863 μικρὸν
816 1792 1039 1864 ὕστερον
1057 1796 1517 1867 παρερχομένοις;
1548 1796 1798 1865 Napi-et
1828 1800 1957 1869 γάρ,

289 1880 443 1949 φησὶ.
475 1878 543 1932 τό
585 1879 796 1949 σχῆμα
823 1881 931 1935 τοῦ
961 1883 1193 1950 κόσμου
1224 1884 1458 1937 τούτου.
1519 1886 1685 1937 Ὅταν
1722 1885 1961 1956 ἀκούσῃς

287 1965 371 2019 ὃτι
390 1965 665 2036 Παρὰγει,
689 1968 744 2020 τί
778 1966 963 2020 λοιπὸν
989 1968 1151 2023 πλέον
1179 1969 1393 2039 ζητεῖς;
1431 1972 1561 2024 ὅταν
1598 1971 1836 2044 ἀκούσῃς
1877 1973 1958 2026 ὅτι

288 2048 476 2118 σχῆμα
513 2034 672 2119 μόνον
709 2050 826 2102 ἐστὶ
854 2050 1114 2104 πάντατά
1137 2034 1472 2123 ἀνθρώπινα,
1492 2034 1958 2125 ἀληθείαςιξρημα

285 2130 644 2200 τυγχάνοντα,
680 2133 824 2196 τίνος
847 2132 1034 2186 ἕνεκεν
1062 2134 1204 2188 ἐκὼν
1248 2134 1347 2204 τὴν
1390 2135 1605 2204 ἀπάτην
1643 2135 1955 2205 ὑπομένεις»,

286 2214 380 2265 καὶ
400 2214 500 2266 οὐκ
520 2214 715 2268 ἐννοῶν
744 2215 803 2268 τὸ
818 2216 1241 2286 εύμετάϐλητον.
1263 2218 1323 2270 τὸ
1350 2218 1623 2281 ἀϐέϐαιον,
1657 2217 1829 2271 ταῦτα
1858 2218 1957 2288 μὲν

285 2296 679 2367 παρατρέχεις,
712 2298 839 2369 περὶ
874 2301 1058 2353 ἐκεῖνα
1089 2299 1265 2368 δὲτὴν
1285 2301 1579 2372 ἐπιθυμίαν
1605 2301 1858 2372 μετάγεις
1888 2301 1957 2355 τά

283 2383 679 2450 διαιωνίζοντα,
709 2386 777 2440 τά
800 2386 1056 2456 ἀκίνητα,
1086 2387 1153 2440 τὰ
1191 2388 1402 2458 βέϐαια,
1435 2391 1503 2443 τά
1533 2389 1837 2461 μεταϐολὴν
1856 2392 1955 2445 οὐκ

285 2471 676 2543 ἐπιδεχόμενα;

355 2555 548 2624 η’.’Ἱνα
563 2553 671 2624 γὰρ
692 2554 868 2625 μάθῃς
882 2555 979 2626 τὴν
999 2557 1210 2611 σύνεσιν
1225 2554 1317 2609 τοῦ
1332 2556 1649 2612 διδασκάλου
1665 2560 1765 2630 τῆς
1779 2561 1951 2615 οίκου-

286 2640 477 2711 μένης,
500 2641 605 2712 ὅρα
640 2642 799 2693 αὑτὸν
820 2642 1054 2713 ἀλλαχοῦ
1078 2644 1237 2697 πάλιν
1278 2643 1600 2714 βουλόμενον
1623 2646 1792 2713 δεῖξαι
1816 2647 1951 2701 πάν-

280 2740 391 2778 των
411 2724 520 2778 τῶν
551 2727 609 2777 ἐν
641 2724 719 2796 τῷ
756 2727 983 2798 παρόντι
1016 2728 1114 2799 βίῳ
1148 2728 1389 2799 φαιδρῶν
1418 2729 1477 2782 τὸ
1509 2730 1815 2799 ούδαμινὸν,
1867 2733 1955 2804 οἵᾳ

281 2810 426 2877 λέξει
453 2813 718 2883 ἐχρήσατο
750 2811 940 2866 εἰπών·
978 2818 1055 2869 Τὰ
1096 2818 1207 2887 γὰρ
1227 2816 1578 2886 ,ϐλεπόμενα
1612 2818 1713 2871 κᾶν
1735 2819 1830 2889 τὴν
1859 2819 1953 2873 τοῦ

285 2895 515 2950 πλούτου
539 2899 855 2969 περιουσίαν
878 2899 1059 2971 εἴπῃς,
1086 2900 1189 2954 κᾶν
1208 2901 1307 2971 τὴν
1334 2899 1510 2966 δόξαν,
1539 2902 1640 2955 κᾶν
1676 2903 1775 2975 τὴν
1801 2923 1955 2978 περι-

283 2984 641 3051 φάνειαν,καὶ
663 2984 760 3056 τήν
790 2986 986 3058 ἀρχὴν.
1022 2989 1116 3042 καὶ
1138 2990 1238 3059 τὴν
1273 2989 1611 3052 δυναστείαν,
1655 2992 1758 3046 κᾶν
1786 2994 1954 3064 αὐτὴν

281 3070 380 3141 τήν
397 3069 689 3139 βασιλείαν,
710 3071 913 3125 καὶτὸν
938 3071 998 3125 τὸ
1025 3073 1258 3145 διάδημα
1298 3076 1710 3147 περικείμενον,
1750 3079 1953 3133 καὶτὸν

282 3156 469 3228 θρόνον
498 3157 587 3209 τὸν
604 3158 1065 3222 ἀνωτάτω,πάντα
1089 3160 1261 3215 ταῦτα
1296 3160 1368 3215 τὰ
1389 3154 1738 3231 ,βλεπόμένα
1764 3166 1950 3232 πρόσ-

280 3258 477 3310 καιρα,
541 3244 597 3295 ἐν
631 3242 826 3313 βραχεῖ
849 3245 1026 3316 χρόνῳ
1058 3246 1155 3316 τὴν
1198 3247 1458 3319 διαμονὴν
1506 3249 1944 3320 ἐπιδεικνύμενα,

280 3332 343 3383 οὑ
368 3329 527 3400 μέχρι
550 3329 744 3383 πολλοῦ
770 3331 869 3402 τὴν
897 3332 1197 3386 ἀπόλαυσιν
1226 3335 1355 3405 ἡμῖν
1387 3335 1784 3406 ἐμπαρέχοντα.
1823 3337 1954 3392 Τίνα

280 3412 376 3471 οὖν
399 3416 546 3489 [561]
576 3419 723 3488 ἡμᾶς
751 3417 930 3489 βούλει
959 3419 1256 3491 ἐπιζητεῖν,
1292 3421 1341 3473 εί
1365 3420 1539 3474 πάντα
1562 3422 1735 3476 ταῦτα
1749 3423 1815 3477 τὰ
1835 3423 1953 3494 βλε-

281 3504 492 3574 πόμενα
525 3504 834 3575 πρόσκαιρα
865 3506 1158 3576 τυγχάνει;
1207 3507 1437 3573 Ἐκεῖνα,
1457 3508 1612 3578 φησὶ,
1634 3508 1704 3562 τά
1739 3509 1813 3582 μὴ
1834 3510 1954 3580 βλε-

281 3591 514 3661 πόμενα,
548 3591 622 3663 μή
648 3590 820 3645 ταῦτα
838 3591 906 3646 τὰ
933 3592 1257 3664 βλεπόμενα,
1284 3594 1403 3648 ἀλλ’
1432 3597 1615 3649 ἐκεῖνα
1649 3595 1792 3667 άπερ
1823 3597 1950 3651 τού-

281 3695 392 3740 τοις
412 3679 523 3740 τοῖς
540 3677 835 3749 ὀφθαλμοῖς
864 3681 979 3742 τοῖς
1013 3684 1342 3750 σωματικοῖς
1370 3682 1467 3751 οὑχ
1490 3684 1705 3754 ὁρᾶται.
1730 3684 1840 3738 Καὶ
1869 3685 1949 3749 τίς

283 3763 371 3825 ἂν,
397 3763 552 3834 φησὶ,
585 3764 743 3817 τοῦτο
776 3764 1253 3835 συμϐουλεύσειεν,
1306 3767 1448 3820 ὥστε
1475 3768 1544 3821 τά
1570 3768 1822 3840 ὁρώμενα
1845 3789 1953 3826 πα-

287 3851 591 3922 ρατρέχειν,
625 3851 719 3904 καὶ
751 3851 819 3904 τὰ
849 3852 923 3921 μὴ
945 3851 1197 3922 ὁρώμενα
1231 3853 1543 3924 ἐπιζητεῖνς
1596 3855 1766 3926 Αύτή,
1797 3860 1948 3928 φησὶ,

280 3937 577 3992 διδασκέτω
597 3938 740 4008 ὑμᾶς
773 3936 881 3990 τῶν
905 3940 1243 4010 πραγμάτων
1265 3942 1298 4011 ἠ
1330 3941 1509 4010 φύσις,
1538 3943 1620 3995 ὅτι
1639 3942 1812 3997 ταῦτα
1833 3945 1949 4014 μὲν,

281 4026 330 4078 εί
364 4027 459 4078 καὶ
481 4025 673 4096 ὁρᾶται
695 4066 708 4088 ,
740 4024 876 4079 ἀλλά
905 4028 1113 4097 ταχέως
1142 4030 1437 4099 παραρρεῖ·
1466 4029 1647 4082 ἐκεῖνα
1674 4030 1752 4094 δὲ,
1782 4033 1830 4084 εί
1860 4035 1953 4087 καὶ

284 4112 361 4184 μὴ
385 4111 478 4165 νῦν
503 4112 636 4184 ὁρᾷν
673 4113 969 4184 δυνάμεθα,
1008 4112 1121 4167 ἀλλ’
1170 4113 1364 4169 αίώνια
1405 4116 1680 4186 τυγχάνει,
1712 4120 1805 4172 καὶ
1835 4120 1950 4190 διη-

280 4198 415 4268 νεκῆ
441 4198 541 4270 τὴν
576 4198 837 4271 διαμονὴν
870 4199 1004 4271 ἔχει,
1040 4200 1210 4272 πέρας
1237 4203 1335 4255 οὑκ
1351 4204 1655 4268 ἐπίσταται,
1677 4207 1827 4271 τέλος
1854 4209 1952 4263 οὑκ

280 4284 607 4356 ἐπιδέχεται,
631 4287 931 4359 μεταϐολὴν
947 4287 1045 4343 οὐκ
1066 4285 1195 4350 οἶδε,
1230 4291 1403 4358 πάγια
1425 4292 1571 4362 μένει
1589 4294 1680 4347 καὶ
1698 4295 1945 4365 ἀκίνητα.

283 4371 435 4440 Τάχα
462 4371 645 4426 λοιπὸν
662 4374 752 4427 καὶ
764 4375 869 4428 ἐπα
872 4374 1004 4446 χθὴς
1029 4372 1164 4430 εἶναι
1185 4377 1324 4431 δοκῶ
1342 4378 1460 4431 καθ’
1489 4380 1727 4451 ἑκάστην
1744 4383 1951 4453 ἡμέραν

283 4459 461 4530 μάτην
490 4460 889 4530 συμϐουλεύων*
911 4463 1045 4516 ἀλλά
1074 4464 1128 4517 τε
1156 4464 1342 4531 πάθω;
1380 4465 1671 4537 nom-ri;
1700 4467 1947 4542 κακίαςή

279 4546 447 4616 λύμη,
475 4546 643 4619 πολλὴ
670 4547 779 4601 τῶν
803 4551 1101 4621 χρημάτων
1123 4553 1155 4622 ἠ
1187 4553 1460 4623 τυραννὶς,
1485 4553 1649 4625 πολλὴ
1685 4556 1715 4624 ἡ
1757 4556 1948 4621 σπάνις

279 4631 379 4702 τῆς
407 4633 626 4705 ἀρετῆς.
650 4635 750 4687 Διὰ
776 4634 935 4688 τοῦτο
949 4635 1208 4707 βούλομαι
1235 4638 1337 4690 κᾶν
1358 4640 1421 4709 τῇ
1453 4639 1701 4710 συνεχείᾳ
1720 4639 1820 4710 τῆς
1842 4657 1948 4693 πα·

282 4720 572 4790 ραινέσεως
625 4722 1015 4794 περιγενέσθαι
1047 4724 1147 4795 τῆς
1186 4726 1362 4791 νόσου,
1418 4727 1509 4779 καὶ
1562 4727 1697 4797 πρὸς
1740 4727 1949 4782 τελείαν

279 4807 489 4875 ὑγίειαν
508 4809 731 4877 ἀγαγεῖν
766 4811 893 4873 τοὺς
928 4802 1162 4866 ἐνταῦθα
1198 4814 1495 4876 συνιόντας.
1521 4814 1620 4868 Διά
1650 4815 1758 4884 γὰρ
1789 4814 1948 4869 τοῦτο

278 4895 374 4949 καὶ
401 4895 510 4947 τῶν
536 4896 790 4974 Γραφῶνι
808 4898 902 4961 τὰς
927 4898 1231 4971 ἐξηγήσεις
1249 4902 1519 4954 ποιεῖσθαι
1555 4902 1945 4972 σπουδάζομεν,

278 4982 501 5036 καὶτῶν
524 4981 746 5036 δικαίων
774 4984 873 5047 τὰς
890 4986 1090 5057 ἀρετὰς
1111 4991 1189 5051 εἰς
1219 4988 1279 5041 τὸ
1306 4989 1468 5060 μέσον
1490 4991 1829 5062 παράγομεν,
1855 4993 1947 5046 καὶ

275 5068 346 5122 τὰ
373 5069 516 5122 αὑτά
540 5071 751 5139 ἐνηχεῖν
782 5073 842 5125 οὑ
890 5074 1325 5145 παραιτούμεθα,
1378 5077 1464 5130 ἵνα
1496 5078 1582 5132 διὰ
1616 5078 1834 5132 πάντων
1858 5081 1945 5132 ἐν·

275 5157 503 5224 ἀγαγεῖν
532 5155 673 5225 ὑμᾶς
694 5156 1005 5230 δυνηθῶμεν
1023 5163 1101 5224 εἰς
1138 5161 1227 5215 τὸν
1247 5162 1355 5215 τῶν
1382 5163 1605 5218 δικαίων
1621 5163 1803 5234 ζῆλον.

292 5292 305 5299 ,
348 5243 459 5296 Καὶ
490 5243 587 5312 ὀψὲ
637 5244 767 5312 γοῦν
811 5261 940 5298 ποτε
973 5247 1070 5317 τῆς
1106 5249 1312 5312 οἰκείας
1362 5251 1635 5322 σωτηρίας
1690 5252 1944 5323 πρόνοιαν

276 5327 654 5400 ποιησώμεθα,
709 5331 799 5387 καὶ
824 5331 903 5401 τῷ
931 5332 1106 5404 καιρῷ
1137 5334 1214 5404 τῷ
1243 5335 1509 5405 δεδομένῳ
1534 5338 1663 5407 ἡμῖν
1698 5341 1779 5401 είς
1815 5355 1945 5409 προο

276 5419 505 5489 θεσμίαν
529 5420 671 5491 ζωῆς
685 5419 910 5484 δεόντως
923 5422 1275 5493 χρησώμεθα,
1297 5424 1475 5488 καὶὼς
1494 5425 1794 5497 ἐτικαιρδς,
1809 5427 1945 5497 πρὸς

278 5506 567 5578 μετάνοιαν
589 5507 683 5559 καὶ
700 5507 985 5579 διόρθωσιν
1025 5510 1132 5563 τῶν
1170 5512 1545 5582 ἐπταισμένων
1582 5514 1941 5585 ἐπειχθῶμεν,
1980 5542 1993 5551 κ

274 5594 369 5649 καὶ
388 5597 452 5665 τῇ
471 5593 579 5671 τῶν
599 5595 897 5666 χρημάτων
917 5613 984 5648 πε
993 5597 1205 5668 ριουσία
1228 5600 1306 5661 είς
1338 5598 1601 5668 ὠφέλειαν
1620 5599 1727 5654 τῶν
1744 5602 1943 5671 ήμετέ-

278 5699 381 5752 μον
397 5670 584 5752 ψυχῶν
606 5682 1069 5754 ἀποχρησώμεθα,
1092 5686 1187 5739 καὶ
1202 5686 1271 5739 τὰ
1294 5686 1520 5757 περιττά
1539 5690 1650 5751 τοῖς
1668 5670 1941 5758 δεομένοις

277 5766 670 5839 ἀναλίσκωμεν.
696 5770 849 5834 Τίνος
871 5771 978 5842 γὰρ
1005 5771 1209 5836 ἕνεκεν,
1241 5775 1359 5828 εἰπέ
1387 5792 1496 5844 μοι.
1518 5777 1813 5846 συγχωρεῖς
1835 5775 1940 5829 ὑπὸ

276 5851 371 5906 τοῦ
395 5853 473 5908 ίοῦ
495 5857 581 5909 καὶ
607 5856 665 5909 τὸ
690 5857 949 5931 ἀργύριον
973 5860 1065 5913 καὶ
1097 5860 1157 5912 τὸ
1186 5861 1405 5932 χρυσίον
1427 5863 1934 5931 καταναλίσκεσθαι,

669 5949 938 6007 ΡΛτιιοι..
987 5950 1102 6007 (in.
1159 5950 1311 6019 LIII.

1422 296 1485 349 IN
1527 298 1679 352 (2.\l’.
1722 296 1808 352 XV
1852 294 2096 349 GI‘LNES.
2137 292 2368 347 ΙίυὶιιίΙ..
2411 290 2646 347 XXXVI.

3624 290 3730 347 532

2066 410 2182 463 δέον
2204 404 2283 468 εἰς
2304 407 2399 470 τὰς
2425 407 2531 461 τῶν
2550 408 2796 478 πενήτων
2828 405 3097 477 γαστέρας
3127 404 3255 462 αὐτὸ
3286 405 3494 465 κενοῦν,
3540 405 3629 459 ἵνα
3649 409 3730 472 εἰς

2062 497 2300 568 ἀσφαλὲς
2317 496 2447 550 αὑτὸ
2462 497 2684 566 ταμεῖον
2714 492 3044 563 ἀποθέμενος
3063 494 3122 545 ἐν
3142 492 3317 564 καιρῷ
3341 492 3419 562 τῷ
3437 493 3626 558 δέοντι,
3639 495 3726 551 ὅτε

2068 583 2302 654 μάλιστα
2318 582 2539 654 χρῄζεις
2570 582 2669 653 τῆς
2687 582 2782 635 ἀπ’
2802 580 2968 634 αὑτοῦ
3005 579 3378 652 παραμυθίας,
3414 580 3728 654 ἀπολαύσῃς

2058 671 2158 740 τῆς
2180 670 2429 723 ἐντεῦθεν
2454 669 2724 741 βοηθείας·
2759 669 2852 723 καὶ
2866 670 2913 722 οἱ
2938 668 3169 724 ἐνταῦθα
3188 667 3484 737 τραφέντες
3505 670 3609 723 ὑπὸ
3634 671 3725 723 σοῦ

2064 758 2181 810 κατ’
2214 758 2428 827 ἐκείνην
2446 757 2545 829 τὴν
2576 756 2787 828 ἡμέραν
2821 755 2919 819 τὰς
2952 754 3121 825 θύρας
3158 772 3238 807 σοι
3283 755 3383 824 τῆς
3418 758 3727 828 παρρησίας

2065 843 2336 908 ἀνοίξωσι,
2385 843 2479 896 καλ⁵
2498 842 2755 908 δέξωνταί
2794 859 2853 894 σε
2889 845 2969 907 εἰς
3006 842 3105 906 τὰς
3114 842 3375 921 ειίωνίους
3396 844 3573 897 αὐτῶν
3596 862 3727 915 σκη-

2061 926 2190 991 νάς;
2229 925 2388 979 Ἀλλά
2419 927 2548 998 μηδὲ
2581 926 2649 979 τά
2672 925 2860 997 ἱμάτια
2892 925 3069 997 ἐῶμεν
3104 926 3417 997 σητόϐρωτα
3453 928 3723 995 γενέσθαι,

2062 1011 2155 1063 καὶ
2175 1012 2297 1082 εἰκῆ
2316 1013 2372 1064 ἐν
2392 1015 2498 1075 τοῖς
2520 1012 2791 1073 κιϐωτίοις
2822 1011 3253 1082 κατασήπεσθαι,
3274 1010 3540 1066 τοσούτων
3560 1012 3726 1066 όντων

2061 1096 2168 1149 τῶν
2187 1097 2455 1167 δεομένων
2485 1099 2580 1150 καὶ
2599 1097 2822 1168 γυμνῶν
2843 1097 3180 1168 περιιόντων·
3207 1097 3342 1151 ἀλλὰ
3372 1098 3725 1170 προτιμῶμεν

2062 1181 2169 1233 τῶν
2192 1183 2368 1252 σητῶν
2392 1183 2800 1253 γυμνητεύοντα
2820 1183 2908 1236 τὸν
2940 1182 3189 1254 Χριστὸν,
3230 1183 3321 1236 καὶ
3345 1184 3615 1255 ἐνδύωμεν
3634 1185 3725 1238 τὸν

2061 1269 2126 1321 δι’
2153 1271 2299 1339 ἡμᾶς
2324 1272 2417 1324 καὶ
2437 1270 2533 1341 τὴν
2556 1270 2828 1341 σωτηρίαν
2847 1269 2943 1340 τὴν
2961 1269 3233 1340 ἡμετέραν
3254 1270 3457 1340 γυμνὸν
3487 1272 3724 1342 περιιόν·

2059 1373 2147 1420 τα,
2178 1357 2265 1410 ἵνα
2282 1359 2443 1427 ἡμεῖς
2471 1357 2894 1420 καταξιωθέντες
2916 1356 3076 1411 αὑτὸν
3125 1357 3365 1421 ἐνδῦσαι,
3404 1359 3725 1430 ἀκούσωμεν

2063 1443 2200 1495 κατά
2227 1444 2324 1513 τὴν
2343 1444 2554 1513 ἡμέραν
2587 1443 2817 1513 ἐκείνηνο
2843 1442 3082 1511 Ιύμνός
3110 1441 3293 1512 ἢμην,
3329 1444 3429 1496 καὶ
3458 1445 3724 1512 περιεϐά-

2059 1530 2196 1585 λετέ
2222 1548 2317 1600 με.
2342 1531 2434 1598 Μὴ
2460 1529 2567 1600 γὰρ
2590 1530 2820 1601 φορτικά
2850 1531 2973 1582 ἐστι’
2986 1530 3056 1583 τά
3099 1530 3464 1601 ἐπιτάγματα,
3504 1532 3579 1603 μὴ
3617 1533 3725 1604 γὰρ

2059 1616 2342 1689 ὑπέρογκα
2364 1633 2377 1682 ;
2397 1617 2476 1671 Τά
2495 1615 2861 1687 ἀπολλύμενα,
2883 1618 3036 1687 φησὶ,
3070 1617 3137 1670 τὰ
3160 1618 3464 1688 σηπόμενα,
3495 1620 3564 1672 τὰ
3603 1621 3723 1693 εἰκῆ

2060 1703 2155 1757 καὶ
2180 1705 2356 1774 μάτην
2375 1701 2757 1772 δαπανώμενα,
2798 1703 2971 1756 ταῦτα
3012 1704 3299 1774 χρησίμως
3336 1705 3723 1780 διανεμηθῆναι

2062 1789 2381 1854 σπούδασον,
2403 1789 2490 1843 ἴνα
2524 1789 2617 1843 καὶ
2635 1788 2733 1858 τὴν
2777 1790 2840 1842 ἐκ
2860 1790 2957 1858 τῆς
2976 1788 3178 1860 ζημίας
3213 1791 3415 1862 βλάϐην
3435 1792 3719 1867 διαφύγῃς,

2058 1877 2152 1931 καὶ
2190 1877 2253 1930 τὸ
2284 1876 2378 1930 ἀπ’
2396 1876 2574 1929 αὑτῶν
2608 1876 2795 1945 κέρδος
2839 1876 3095 1947 μέγιστον
3135 1877 3312 1948 ἐαυτῷ
3364 1878 3719 1952 προξενήσῃς.

2057 1964 2266 2034 Πολλῆς
2291 1965 2521 2054 γάρηκαί
2558 1963 2999 2035 ὑπερϐαλλούσης
3020 1965 3412 2036 ἀπανθρωπίας
3436 1967 3573 2054 μετά
3600 1984 3724 2021 τοσ-

2057 2052 2226 2124 αύτην
2265 2051 2563 2106 ἀπόλαυσιν
2607 2051 2879 2115 κιϐωτίοις
2908 2053 2999 2105 καὶ
3029 2052 3228 2122 τοίχοις
3257 2053 3624 2107 ἐναποκλείειν
3653 2054 3723 2109 τὰ

2058 2157 2125 2193 πε
2132 2139 2306 2210 ριττά,
2331 2140 2423 2194 καὶ
2454 2138 2528 2210 μὴ
2550 2138 2835 2209 ἀνέχεσθαι
2857 2138 2964 2192 τῶν
2981 2138 3258 2209 ὁμογενῶν
3278 2140 3376 2210 τὴν
3395 2140 3596 2195 ἔνδειαν
3617 2159 3721 2196 πα-

2060 2226 2440 2297 ραμυθεῖσθαι,
2479 2226 2592 2279 ἀλλ’
2634 2225 2908 2296 αἱρεῖσθαι
2948 2225 3147 2296 μᾶλλον
3170 2226 3275 2280 ὑπὸ
3306 2226 3385 2280 ἰοῦ
3414 2229 3507 2281 καὶ
3543 2229 3722 2300 σητῶν

2055 2313 2479 2386 διαφθείρεσθαι,
2509 2313 2601 2366 καὶ
2640 2316 2760 2376 ταῖς
2793 2312 2900 2366 τῶν
2938 2313 3150 2384 λῃστῶν
3192 2314 3348 2384 χερσὶ
3378 2315 3716 2386 προκεῖσθαι,

2057 2398 2151 2452 καὶ
2174 2398 2270 2461 τὰς
2295 2398 2431 2466 ὑπὲρ
2456 2397 2654 2450 τούτων
2692 2395 2918 2459 εὐθύνας
2944 2396 3165 2456 διδόναι,
3209 2397 3241 2469 ἧ
3274 2397 3500 2463 δεόντως
3521 2401 3722 2454 οἰκονο-

2058 2487 2307 2557 μήσαντα
2326 2485 2425 2555 τὴν
2457 2485 2597 2554 ὑπὲρ
2618 2483 2822 2537 τούτων
2841 2483 3074 2552 ἀμοιϐὴν
3096 2483 3432 2553 κομίζεσθαι.
3467 2484 3717 2560 [562]Μὴ

2053 2572 2137 2645 δὴ.
2160 2571 2478 2646 παρακαλῶ,
2500 2571 2670 2635 οὑτως
2691 2571 2909 2642 ἀμελῶς
2928 2570 3257 2641 διατεθῶμεν
3282 2571 3406 2643 περὶ
3427 2573 3522 2643 τὴν
3545 2590 3714 2644 σωτηο

2057 2660 2179 2732 ρίαν
2214 2659 2322 2713 τῶν
2343 2658 2623 2730 ἡμετέρων
2658 2658 2865 2728 ψυχῶν,
2893 2658 3027 2712 ἀλλά
3044 2658 3114 2711 τὰ
3140 2658 3368 2729 περιττά
3390 2659 3719 2724 κενώσαντες
3828 2714 3831 2715 ,

2052 2752 2162 2812 τοῖς
2186 2749 2479 2819 δεομένοις,
2502 2746 2700 2818 πολλὴν
2733 2749 2942 2811 ἐαυτοῖς
2970 2746 3407 2817 προαποθῶμεθα
3444 2748 3542 2819 τὴν
3576 2752 3720 2819 παρ-

2055 2836 2270 2907 ρησίαν,
2304 2835 2391 2889 ἵνα
2412 2834 2521 2888 τῶν
2541 2835 2866 2906 ἀπορρήτων
2886 2833 3105 2903 ἀγαθῶν
3128 2832 3427 2888 ἀπολαῦσαι
3458 2835 3711 2900 καταξιω-

2054 2922 2255 2993 θῶμεν,
2275 2922 2456 2994 χάριτι
2485 2923 2577 2975 καὶ
2610 2919 2986 2992 φιλανθρωπίᾳ
3009 2919 3103 2974 τοῦ
3133 2921 3336 2990 Κυρίου
3354 2920 3513 2991 ήμῶν
3544 2920 3716 2991 Ἰησοῦ

2055 3010 2309 3083 Χριστοῦ,
2329 3010 2446 3080 μεθ’
2469 3005 2531 3064 οῦ
2551 3008 2627 3079 τῷ
2650 3009 2844 3080 Πατρὶ,
2872 3008 2989 3077 ἅμα
3011 3008 3087 3079 τῷ
3103 3009 3242 3080 ἀγίῳ
3262 3008 3715 3079 Πνεύματι,δόξα,

2052 3091 2252 3163 κράτος
2277 3132 2289 3149 .
2314 3091 2467 3161 τιμὴ,
2498 3090 2594 3143 νῦν
2613 3092 2708 3142 καὶ⁸
2740 3089 2845 3153 ἀεὶ,
2870 3090 2963 3142 καὶ
2982 3092 3061 3154 είς
3086 3091 3212 3154 τοὺς
3229 3089 3429 3153 αἰῶνας
3448 3089 3556 3143 τῶν
3585 3088 3717 3143 ald;-

2052 3190 2174 3227 νων.
2221 3174 2414 3243 Ἀμήν.

2684 3240 2928 3294 οΜιΑιΑ
2959 3243 3101 3309 AG".

2050 3320 2210 3375 Μετὰ
2229 3322 2297 3374 δὲ
2318 3320 2392 3376 τὰ
2414 3320 2647 3390 ῥήματα
2662 3319 2844 3373 ταῦτα
2873 3319 3126 3390 ἐγενήθη
3140 3319 3307 3390 ῥῆμα
3329 3320 3549 3384 Κυρίου
3569 3320 3718 3388 πρὸς

2126 3392 2351 3477 nam
2381 3387 2564 3477 οξέιδι
2593 3390 2663 3442 έν
2696 3387 3079 3477 deéé‘emﬁc
3102 3387 3347 3477 rvx‘iéq-
3382 3390 3479 3457 Μὴ
3508 3387 3717 3477 φρδξνιλ

2124 3458 2365 3528 Ἀϐραμ.
2388 3458 2503 3530 ἐγὼ
2526 3458 2901 3527 ὑπερασπίζω
2924 3475 3060 3513 σου·
3082 3462 3115 3513 ό
3141 3464 3358 3530 μισθός
3389 3458 3718 3527 σουίπολὺς

2121 3531 2294 3585 ἔσται
2336 3528 2592 3598 σφόδρα.

2123 3610 2468 3682 α’.Θησαυρῷ
2480 3628 2582 3664 τινι
2600 3613 2917 3681 προσέοικεν
2939 3612 2967 3681 ἡ
2988 3610 3095 3663 τῶν
3110 3611 3331 3664 δικαίων
3344 3612 3533 3683 ἀρετὴ,
3553 3612 3718 3665 πολὺν

2050 3700 2147 3753 καὶ
2167 3700 2367 3768 ἄφατον
2383 3697 2473 3750 τὸν
2499 3698 2726 3751 πλοῦτον
2750 3697 2944 3767 ἔχοντι.
2967 3698 3230 3767 Καθάπερ
3252 3697 3361 3769 γὰρ
3389 3699 3594 3752 ἐκεῖθεν
3615 3699 3718 3751 κᾶν

2053 3785 2226 3857 βραχύ
2255 3802 2308 3837 τι
2341 3784 2506 3855 μέρος
2525 3784 2708 3837 λαϐεῖν
2737 3801 2819 3848 τις
2837 3784 3058 3856 δυνηθῇ,
3091 3784 3290 3855 πολλὴν
3309 3785 3487 3856 ἐαυτῷ
3513 3785 3719 3853 τὴνεὺ-

2051 3873 2246 3943 πορίαν
2298 3869 2711 3934 κατασκευάζει·
2747 3869 2889 3923 οῦτω
2926 3871 2989 3941 δὴ
3027 3872 3120 3924 καὶ
3149 3872 3240 3924 ἐπὶ
3274 3871 3372 3941 τῆς
3394 3872 3599 3943 ἀρετῆς
3624 3872 3717 3926 τοῦ

2051 3959 2392 4030 πατριάρχου
2430 3959 2653 4029 εὑρήσει
2672 3975 2757 4020 τις
2780 3957 3081 4027 γινόμενον.
3120 3958 3249 4012 Ἰδοὺ
3282 3959 3385 4030 γὰρ
3417 3959 3601 4029 σχεδὸν
3632 3961 3717 4028 ἐφ’

2050 4046 2288 4116 ἑκάστης
2335 4044 2544 4117 ἡμέρας
2572 4045 2636 4097 ἐκ
2673 4044 2772 4115 τῆς
2813 4046 2933 4097 κατ’
2970 4044 3134 4098 αὑτὸν
3163 4045 3398 4117 ἱστορίας
3429 4046 3718 4116 προθέντες

2051 4134 2178 4203 ὑμῖν
2206 4133 2305 4203 τὴν
2333 4130 2681 4184 διδασκαλίαν
2699 4169 2715 4195 ,
2774 4132 2867 4184 καὶ
2907 4132 3046 4202 μετά
3072 4132 3271 4203 πολλῆς
3324 4133 3421 4204 τῆς
3442 4121 3716 4202 δαψιλείας

2049 4221 2147 4292 τὴν
2174 4219 2412 4273 ἑστίασιν
2462 4219 2590 4289 ὑμῖν
2637 4219 3021 4291 παρεχόμενοι,
3059 4220 3268 4273 οὐδέπω
3320 4221 3413 4274 καὶ
3463 4219 3557 4273 νῦν
3595 4221 3717 4274 οὑδὲ

2050 4306 2221 4379 βραχύ
2252 4325 2304 4360 τι
2327 4306 2493 4376 μέρος
2511 4305 2616 4357 τῶν
2636 4305 2809 4376 τούτῳ
2835 4307 3278 4378 κατωρθωμένων
3334 4308 3566 4374 ἐξειπεῖν
3591 4309 3720 4378 ἡδυ-

2048 4395 2308 4465 νήθημεν·
2333 4392 2568 4462 τοσαύτη
2592 4394 2736 4446 ἐστὶν
2761 4392 2926 4447 αὑτοῦ
2951 4395 3049 4464 τῆς
3074 4395 3387 4466 περιουσίας
3418 4397 3452 4466 ἡ
3469 4391 3637 4467 ἀρετή
3665 4408 3714 4451 ⁸.

2050 4481 2157 4535 Καὶ
2191 4480 2440 4552 καθάπερ
2461 4480 2568 4533 ἀπὸ
2595 4480 2776 4554 πηγῆς
2800 4479 2993 4551 δαψιλῆ
3028 4482 3362 4553 προχεούσης
3390 4484 3458 4535 τά
3478 4483 3714 4554 νάματα,

2053 4525 2156 4535 ’⁸⁷⁵⁷
2192 4525 2437 4552 """'"'r
2462 4525 2565 4533 ’““⁷’
2601 4525 2728 4550 ’“’ὀΙ“
2754 4525 2776 4543 ’⁸
2803 4525 2993 4551 ’“’ἶ“’“Ἰ
3033 4525 3360 4553 ’Ἱ⁷”Λ““’“⁹Ἰ“⁹
3401 4525 3458 4535 ”’”
3487 4525 3714 4554 "'r""""

2050 4569 2152 4622 κᾶν
2174 4569 2411 4630 ἅπαντες
2443 4525 2751 4638 ἀρύωνται,²
2763 4568 2824 4620 ού
2854 4567 3014 4638 μόνον
3044 4569 3145 4621 οὑκ
3165 4569 3446 4623 ἐλαττοῦσι
3476 4571 3545 4624 τά
3571 4571 3718 4623 ἐκεῖ-

2050 4656 2140 4710 θεν
2169 4655 2426 4728 προϊόντα
2445 4654 2683 4725 νάματα,
2707 4655 2820 4709 ἀλλ’
2850 4655 2960 4726 ὅσῳ
2991 4655 3058 4709 ἂν
3089 4656 3303 4720 πλείους
3322 4651 3453 4710 ὦσιν
3485 4658 3535 4710 οἱ
3562 4656 3718 4721 ἐξαν-

2046 4742 2313 4806 τλοῦντες,
2336 4741 2572 4813 τοσούτῳ
2595 4742 2792 4811 μᾶλλον
2813 4742 3100 4807 ἀναϐλύζει
3117 4743 3225 4797 τῶν
3255 4744 3509 4814 ὑδάτωνή
3532 4742 3712 4813 φύσις·

2047 4830 2251 4883 τίιαὺτὸ
2268 4830 2332 4901 δὴ
2365 4831 2460 4883 καὶ
2478 4831 2571 4882 ἐπὶ
2603 4831 2695 4883 τοῦ
2731 4830 3033 4900 θαυμασίου
3062 4828 3253 4883 τούτου
3275 4831 3614 4899 πατριάρχου
3634 4847 3718 4898 γι⁴

2046 4918 2267 4988 νόμενον
2300 4917 2563 4987 ὀψόμεθα.
2600 4917 2761 4970 Πόσοι
2787 4916 2896 4987 γὰρ
2922 4915 2981 4978 ἐξ
3006 4908 3066 4968 οὗ
3089 4916 3279 4984 γέγονε
3305 4916 3465 4987 μέχρι
3485 4917 3578 4969 τοῦ
3606 4933 3714 4970 πα-

2047 5002 2228 5071 ρόντος
2259 5002 2323 5054 ἐκ
2348 5002 2445 5070 τῆς
2476 5000 2658 5071 πηγῆς
2677 5000 2785 5051 τῶν
2818 4998 3006 5052 τούτου
3047 4997 3487 5070 κατορθωμάτων
3523 5000 3716 5072 ἀρύον-

2043 5105 2154 5151 ται,
2185 5087 2369 5140 καὶού
2402 5087 2563 5156 μόνον
2602 5086 2701 5139 οὑκ
2732 5084 3005 5139 ἐκένωσαν
3049 5084 3116 5138 τά
3167 5087 3400 5156 νάματα,
3455 5087 3571 5140 ἀλλ’
3621 5089 3716 5141 ἐπὶ

2048 5175 2227 5228 πλεῖον
2282 5173 2568 5237 ἀναϐλύζει
2606 5172 2711 5225 τῶν
2742 5173 2932 5226 τούτου
2963 5172 3401 5243 κατορθωμάτων
3430 5176 3464 5244 ή
3498 5191 3715 5247 περιου-

2046 5262 2167 5328 σία;
2204 5262 2414 5332 Ὥσπερ
2442 5259 2552 5330 γάρ
2605 5259 2791 5330 σειράν
2820 5276 2943 5312 τινα
2973 5261 3199 5330 χρυσῆν,
3226 5259 3399 5325 οὕτως
3429 5263 3713 5334 ἡρμοσμέ-

2046 5367 2141 5419 νην
2167 5350 2476 5420 εὑρήσομεν
2507 5348 2605 5418 τὴν
2630 5360 2633 5365 ’
2656 5346 2774 5400 κατ’
2815 5347 2976 5399 αὑτὸν
3019 5346 3268 5418 διήγησιν
3298 5349 3389 5402 ἐπὶ
3420 5351 3518 5420 τῆς
3563 5349 3713 5413 θείας

2044 5437 2263 5510 Γραφῆς
2289 5434 2567 5506 κειμένην·
2595 5435 2688 5488 καὶ
2711 5432 2832 5487 καθ’
2856 5433 3083 5488 ἕκαστον
3114 5435 3304 5508 καιρὸν
3327 5438 3589 5508 πρότερον
3614 5438 3713 5507 μὲν

2045 5524 2202 5578 αὑτὸν
2228 5522 2669 5593 ἐπιδεικνύμενον
2698 5521 2767 5575 τὰ
2790 5523 2888 5593 τῆς
2917 5522 3124 5586 οἰκείας
3149 5524 3485 5593 φιλοσοφίας,
3508 5524 3709 5593 ἐπομέ-
3783 5510 3795 5519 ’

2043 5630 2140 5681 νην
2163 5612 2221 5666 δὲ
2254 5611 2594 5682 παραχρῆμα
2627 5610 2721 5671 καὶ
2750 5609 2848 5682 τὴν
2872 5611 3021 5683 παρά
3050 5611 3144 5665 τοῦ
3159 5610 3292 5666 Θεοῦ
3321 5611 3571 5681 ἀμοιϐήν.
3601 5612 3710 5664 Καὶ

2045 5699 2130 5752 ἵνα
2160 5697 2365 5770 μάθητε
2393 5699 2476 5752 ὅτι
2501 5698 2673 5763 οὕτως
2700 5697 2832 5769 ἔχει,
2859 5699 3153 5769 ἀναγκαῖον
3181 5697 3386 5753 ἀνωθεν
3418 5696 3546 5766 ὑμῖν
3572 5697 3710 5768 μετά

2105 5810 2133 5840 ⁸
2158 5811 2287 5859 Savll
2334 5826 2346 5860 :
2377 5831 2400 5853 ‹‹
2425 5811 2691 5859 Miseranda
2715 5812 2972 5872 hypallage
2994 5824 3082 5870 pro
3098 5816 3183 5868 τῆς
3207 5810 3372 5872 ἀρετῆς
3393 5809 3705 5872 ἡπεριουσὶα.

2041 5871 2226 5921 \‘crum
2271 5874 2342 5922 sic
2386 5874 2551 5922 solent
2596 5879 2746 5921 multa
2782 5869 3119 5921 ieslilfantibus
3163 5869 3406 5917 exéidere.
3435 5888 3459 5911 υ
3507 5869 3515 5872 “
3632 5876 3635 5879 ‘

3161 5948 3234 6006 21
