4020 6136
253 214 260 220 ,
279 257 383 311 333

1006 284 1020 291 ί
1059 256 1115 311 S.
1158 253 1441 311 JOANNlb
1479 248 1973 306 οιιιιϊεοδῑωιι
2013 249 2334 306 Αιιιιιιιιςρ.
2376 247 2924 306 ΟΟΝδΤΑΝΤΙΝΟΡ.

3621 249 3735 305 554

278 371 564 443 συντομίας
600 370 666 423 τά
691 372 805 424 κατ’
834 365 991 440 αὐτὸι
1014 370 1393 442 διηγήσασθαι,
1430 370 1515 422 ἵνα
1536 369 1710 441 εἰδῆτε
1739 370 1833 423 καλ⁵
1857 369 1948 424 τοῦ
2062 387 2205 439 γετο,
2232 369 2325 423 καὶ
2355 368 2442 423 διά
2470 367 2661 420 τούτου
2690 364 2787 435 τὴν
2810 362 3015 417 οἰκείαν
3037 362 3238 433 ἀρετὴν
3262 362 3494 427 δεικνύς.
3516 366 3736 440 Tite-4i}

274 457 484 512 δικαίου
514 459 611 529 τὴν
668 457 1106 528 ὑπερϐάλλουσαν
1159 458 1360 523 πίστιν,
1420 457 1485 527 ἢν
1527 456 1656 527 περί
1687 456 1786 520 τὰς
1818 458 1953 511 ὑπο·

276 546 489 615 σχέσεις
534 545 626 599 τοῦ
683 545 817 598 Θεοῦ
862 546 1251 611 ἐπιδείκνυται,
1305 544 1518 598 καὶτοῦ
1571 544 1952 613 φιλανθρώπου

273 632 410 685 Θεοῦ
438 632 576 702 μετά
608 633 887 702 δαψιλείας
910 632 1007 696 τὰς
1040 632 1275 703 ἀμοιϐάς
1309 632 1458 702 αὑτῷ
1496 632 1872 703 παρεχομένου
1901 644 1948 686 δ.

287 718 490 782 Ἱκανὸς
514 720 623 792 γὰρ
656 721 684 772 6
730 720 936 783 δίκαιος
984 715 1137 783 οὗτος
1170 721 1414 783 ἅπαντας
1454 722 1599 790 ἡμᾶς
1644 717 1949 782 παιδεῦσαι,

273 806 411 875 πρὸς
448 807 575 871 τοὺς
609 808 707 878 τῆς
739 807 942 886 ἀρετῆς
968 806 1184 877 ἀγῶνας
1213 809 1350 878 μετὰ
1377 808 1684 880 προθυμίας
1724 806 1953 860 ἀποδύε-

275 893 398 946 σθαι
423 892 760 965 θαρροῦντας
805 897 924 958 ταῖς
948 893 1154 948 ἀνωθεν
1186 894 1463 965 ἀμοιϐαῖς,
1497 895 1589 949 καὶ
1621 895 1826 959 εἰδότας
1854 893 1949 947 τοῦ

273 980 545 1050 ἡμετέρου
575 980 851 1035 Δεσπότου
882 980 981 1052 τὴν
1036 981 1365 1052 φιλοτιμίαν,
1400 982 1576 1036 πάντα
1601 982 1670 1036 τά
1716 982 1950 1053 δυσχερῆ

271 1067 601 1139 νομιζόμενα
623 1068 765 1123 κατά
789 1069 879 1122 τὸν
925 1069 1168 1140 παρόντα
1201 1069 1314 1140 βίον
1349 1070 1465 1141 μετ’
1509 1070 1758 1134 εὐκολίας
1785 1086 1949 1123 κατα-

270 1154 542 1225 δέχεσθαι,
578 1158 644 1226 τῇ
665 1154 836 1209 ἐλπίδι
868 1155 977 1208 τῶν
1004 1157 1324 1210 ἀντιδόσεων
1353 1158 1737 1227 τρεφομένους.
1775 1156 1950 1223 Προσ-

271 1244 422 1313 έχετε
451 1244 538 1315 δὴ,
568 1243 890 1315 παρακαλῶ,
911 1245 1058 1308 ὅπως
1082 1246 1145 1298 ἐκ
1170 1246 1485 1317 προοιμίων,
1516 1243 1699 1316 ἐπειδὴ
1729 1244 1797 1296 τά
1821 1244 1949 1313 παρ’

272 1333 467 1385 ἐαυτοῦ
488 1333 699 1387 οἴκοθεν
717 1335 1035 1405 εἰσήνεγκεν
1067 1336 1130 1386 ἐκ
1155 1335 1252 1404 τῆς
1269 1334 1593 1405 ἐγκειμένης
1613 1336 1677 1404 τῇ
1705 1333 1950 1403 ἡμετέρᾳ

273 1418 720 1488 φύσειγνώσεως,
746 1420 934 1473 οὐδένα
962 1420 1157 1485 ἔξωθεν
1180 1421 1426 1490 ἐσχηκὼς
1457 1421 1792 1477 διδάσκαλον.
1816 1418 1950 1472 ἀλλά

272 1503 367 1554 καὶ
394 1503 498 1555 ὑπὸ
524 1502 773 1565 ἀπίστοις
793 1503 1005 1571 γονεῦσι
1029 1504 1379 1575 τρεφόμενος,
1409 1504 1507 1570 τῆς
1540 1503 1691 1566 θείας
1712 1502 1950 1556 ἀπέλαυε

274 1604 370 1641 σεν
390 1589 730 1658 ἐπιφανείας.
752 1587 904 1660 [565]
937 1589 1153 1660 Ἐπειδὴ
1189 1590 1296 1661 γάρ
1323 1589 1489 1660 μηδὲν
1518 1589 1657 1643 κατά
1680 1588 1776 1660 τὴν
1808 1587 1950 1659 πρώ-

270 1693 369 1746 την
389 1676 606 1746 ήλικίαν
638 1679 702 1747 τῇ
727 1677 904 1750 πλάνῃ
934 1677 1027 1730 τοῦ
1065 1676 1269 1747 πατρὸς
1298 1670 1785 1747 κατηκολούθησεν,
1814 1674 1948 1729 ἀλλά

271 1763 370 1832 τὴν
403 1763 539 1833 πρὸς
562 1763 624 1816 τὸ
643 1762 798 1816 Θεῖον
822 1762 1121 1834 θεραπείαν
1148 1764 1516 1827 ἐπεδείκνυτο,
1553 1764 1649 1818 καὶ
1684 1767 1782 1834 τῆς
1816 1763 1951 1818 ἄνω-

272 1848 363 1901 θεν
400 1850 708 1923 ἐπισκοπῆς
740 1852 950 1920 ταχέως
993 1852 1254 1922 ἐπέτυχεν
1290 1852 1370 1905 ἐτι
1411 1853 1503 1905 ἐπὶ
1532 1855 1630 1923 τῆς
1679 1852 1948 1915 Χαλδαίας

272 1869 363 1901 υεν
400 1869 472 1903 επ
497 1869 708 1920 σκοπης
740 1869 950 1920 ταχεως
993 1869 1254 1922 επετυχεν
1290 1869 1370 1905 ετι
1411 1869 1503 1905 επι
1532 1869 1630 1923 της
1679 1869 1948 1915 Λαλοαιας

270 1869 546 2021 (Iw-10110
592 1938 701 2009 γάρ
734 1941 867 2010 ἡμῖν
916 1940 1248 2010 σαφέστερον
1305 1940 1578 1993 ἐκτίθεται
1623 1942 1651 1992 6
1680 1940 1948 2011 μακάριος

273 2025 541 2092 Στέφανος
556 2025 703 2079 οὑτω
721 2026 913 2095 λέγων·
952 2027 1015 2079 '0
1041 2027 1184 2092 Θεὸς
1213 2028 1323 2094 τῆς
1335 2026 1521 2094 δόξης
1548 2028 1713 2096 ὤφθη
1730 2026 1809 2093 τῷ
1837 2042 1947 2081 πα-

270 2112 359 2179 τρί
385 2111 549 2180 ἡμῶν
580 2112 826 2182 Ἀϐραὰμ
869 2113 994 2166 ὄντι
1023 2114 1092 2166 ἐν
1121 2112 1196 2181 τῇ
1241 2115 1685 2187 Μεσοποταμίᾳ,
1719 2114 1860 2181 πρίν
1905 2114 1944 2182 ἢ

268 2199 628 2267 κατοικῆσαι
661 2200 848 2255 αὑτὸν
879 2201 1213 2269 ὲνΧαρῤἁν.
1254 2198 1405 2266 Εἶδες
1423 2202 1539 2265 πῶς
1567 2204 1600 2273 ή
1634 2202 1754 2271 ὄψις
1785 2203 1945 2256 αὑτὸν

267 2285 478 2339 ἐκεῖθεν
519 2286 815 2358 ἀνέστησεν
841 2288 906 2352 b;
962 2288 1121 2351 Εἰκὸς
1155 2288 1261 2359 γάρ
1295 2289 1376 2342 ὅτι
1424 2288 1563 2360 μετά
1590 2290 1687 2359 τῆς
1709 2289 1837 2360 περὶ
1887 2290 1948 2342 τὸ

267 2371 419 2424 Θεῖον
447 2370 768 2442 θεραπείας,
801 2374 892 2425 καὶ
923 2373 1024 2444 τὴν
1064 2391 1129 2425 πε
1141 2375 1194 2443 pl
1226 2376 1352 2438 τοὺς
1391 2376 1788 2445 γεγεννηκότας
1812 2376 1945 2429 αἰδῶ

268 2457 738 2527 ἐπιδεικνύμενος,
770 2460 865 2511 καὶ
886 2461 935 2511 εἰ
950 2478 966 2521 ;
993 2459 1128 2514 πολὺ
1156 2460 1375 2530 φίλτρον
1393 2462 1834 2531 ἐπισπασάμενος
1855 2462 1945 2515 τὸν

268 2546 502 2617 πατέρα.
527 2546 691 2609 αὐτὸς
711 2545 859 2615 αὐτῷ
882 2546 1054 2609 αἴτιος
1079 2547 1269 2616 γέγονε
1295 2548 1393 2611 τῆς
1410 2548 1615 2601 ἐκεῖθεν
1638 2547 1837 2613 ἐξόδου·
1853 2550 1946 2602 καὶ

192 2674 198 2680 .
265 2633 354 2685 διά
380 2633 472 2685 τὸν
500 2632 663 2686 πόθον
677 2632 770 2686 τοῦ
792 2633 981 2696 παιδὸς
1001 2634 1260 2705 ἠνέσχετο
1279 2635 1598 2688 καταλιπεῖν
1622 2636 1719 2705 τὴν
1740 2636 1945 2690 οἰκείαν

266 2715 521 2785 πατρίδα,
551 2717 647 2770 καί¹
665 2717 763 2787 τὴν
799 2716 1086 2788 ἀλλοτρίαν
1111 2718 1350 2790 οἰκῆσαι.
1390 2719 1528 2771 Ἀλλ’
1561 2721 1663 2790 ὅρα
1688 2737 1776 2791 μοι
1808 2721 1945 2791 μετὰ

265 2799 573 2868 ἀκριϐείας,
602 2800 721 2865 πῶς
743 2803 839 2854 καὶ
861 2802 1050 2872 αὐτὴή
1086 2801 1239 2871 παρά
1280 2802 1375 2855 τοῦ
1394 2801 1529 2856 Θεοῦ
1561 2804 1828 2874 γενομένη
1856 2803 1946 2857 διὰ

263 2888 363 2955 τὴν
394 2886 772 2957 προλαϐοῦσαν
801 2887 1000 2959 ἀρετὴν
1034 2889 1112 2951 εἰς
1145 2888 1308 2942 αὑτὸν
1339 2888 1626 2956 ἐπίσκεψις
1659 2891 1820 2943 πάλιν
1845 2892 1944 2943 αὑ-

266 2973 356 3026 τοῦ
380 2972 477 3045 τὴν
517 2974 714 3046 ἀρετὴν
739 2975 1208 3046 περιφανεστέραν
1249 2975 1561 3047 ἐργάζεται.
1602 2976 1793 3030 Εἵλετο
1835 2977 1945 3048 γάρ

269 3061 362 3129 τὴν
385 3060 570 3132 χώραν
601 3062 701 3131 τὴν
736 3062 1006 3133 πατρικὴν
1040 3061 1360 3116 καταλιπεῖν
1392 3063 1487 3115 καὶ
1525 3062 1625 3132 τὴν
1660 3063 1944 3136 ἀλλοτρίαν

263 3147 504 3216 οἰκῆσαι,
554 3148 642 3201 ἵνα
683 3149 742 3201 τὸ
790 3149 940 3219 παρά
982 3149 1079 3202 τοῦ
1131 3148 1265 3202 Θεοῦ
1303 3150 1642 3221 προσταχθὲν
1669 3151 1747 3213 εἰς
1786 3152 1944 3223 ἔργον

264 3236 467 3307 ἀγάγῃ·
488 3236 582 3289 καὶ
600 3236 813 3306 ἕτοιμος
839 3232 927 3307 ἦν,
947 3237 1021 3299 ὡς
1047 3238 1071 3288 ἐ
1080 3239 1170 3306 μοὶ
1190 3237 1352 3301 δοκεῖ,
1389 3239 1482 3292 καὶ
1500 3240 1625 3293 ἄνευ
1646 3240 1754 3294 τῶν
1776 3258 1943 3311 προσ-

262 3324 511 3391 ηκόντων
545 3323 641 3376 καὶ
692 3322 814 3375 καθ’
864 3323 1055 3375 ἐαυτὸν
1104 3324 1203 3394 τὴν
1245 3326 1555 3396 ἀποδημίαν
1611 3327 1941 3381 στείλασθαι·

263 3410 399 3474 ἀλλ’,
426 3410 563 3480 ὅπερ
590 3407 758 3480 ἔφθην
786 3409 973 3473 εἰπὼν,
995 3413 1028 3481 ή
1053 3409 1145 3463 τοῦ
1176 3411 1366 3484 ἀνδρὸς
1393 3412 1581 3485 ἀρετὴ,
1606 3414 1748 3487 καὶή
1778 3415 1944 3487 πολλὴ

265 3496 536 3568 θεραπεία
569 3498 602 3568 ή
650 3498 778 3568 περὶ
806 3499 933 3561 τοὺς
977 3498 1235 3563 τεκόντας
1271 3500 1647 3572 συνοδοιπόρον
1697 3503 1944 3572 γενέσθαι

267 3585 473 3637 καὶτὸν
508 3585 721 3652 πατέρα
752 3583 1184 3656 παρεσκεύασεν.

336 3669 468 3727 Εἶτα
486 3673 671 3745 ἐπειδὴ
708 3672 806 3744 τὴν
831 3675 1056 3744 Χαρράν
1078 3671 1397 3741 κατέλαϐον,
1435 3676 1553 3729 ἐκεῖ
1573 3674 1669 3748 τὴν
1696 3678 1899 3748 σκηνὴν
1919 3692 1941 3718 υ

264 3758 556 3832 ἐπήξαντο.
590 3761 701 3815 Καὶ
732 3760 1155 3832 τελευτήσαντος
1196 3761 1292 3815 τοῦ
1321 3760 1512 3834 Θάρρα
1541 3763 1718 3833 (τοῦτο
1742 3765 1850 3836 γὰρ
1878 3762 1945 3836 ἦν

263 3850 436 3917 ὄνομα
472 3847 553 3917 τῷ
587 3847 793 3918 πατρὶ),
833 3846 996 3901 πάλιν
1049 3848 1446 3919 προστάττεται
1490 3848 1642 3920 παρά
1683 3850 1778 3903 τοῦ
1808 3851 1943 3904 Θεοῦ

261 3934 499 3999 ἐξελθεῖν
536 3933 765 3988 ἐκεῖθεν.
801 3934 1050 3998 Ἔξελθε
1078 3935 1206 4005 γὰρ,
1240 3937 1427 4004 φησὶν,
1464 3936 1536 3988 ἐκ
1563 3936 1674 4005 τῆς
1696 3937 1809 4007 γῆς
1826 3956 1943 3993 σου

263 4024 359 4077 καὶ
382 4024 450 4076 ἐκ
470 4022 582 4092 τῆς
602 4022 966 4092 συγγενείας
989 4036 1126 4087 σου,
1154 4023 1253 4075 καί
1279 4021 1457 4089 δεῦρο
1470 4025 1557 4088 εἰς
1574 4024 1688 4092 τὴν
1710 4025 1845 4095 γῆν,
1866 4024 1945 4094 ἢν

260 4113 339 4165 ἄν
361 4126 461 4165 σοι
482 4110 678 4173 δείξω.
722 4109 941 4179 Ἐπειδὴ
974 4108 1083 4180 γάρ
1119 4108 1259 4179 μετὰ
1285 4109 1468 4179 πάσης
1518 4110 1622 4180 τῆς
1646 4111 1822 4175 οἰκίας
1864 4115 1944 4176 εἰς

259 4201 357 4267 τὴν
382 4197 608 4269 Χαρράν
641 4196 997 4267 μετέστησαν,
1024 4196 1114 4249 διὰ
1145 4195 1304 4249 τοῦτο
1330 4194 1564 4250 ἐνταῦθα
1594 4199 1942 4267 προστάττων

259 4283 408 4354 αὐτῷ
428 4282 663 4348 ἐξελθεῖν
690 4282 1050 4353 προσέθηκεν,
1083 4284 1179 4337 Ἐκ
1207 4282 1317 4352 τῆς
1337 4283 1583 4353 γῆς-σου
1611 4286 1710 4339 καί
1735 4285 1807 4340 ἐκ
1835 4285 1943 4355 τῆς

258 4369 616 4442 συγγενείας
637 4383 776 4433 σου.
802 4368 977 4441 δηλῶν
1001 4368 1267 4441 αὐτῷ,ὃτι
1291 4371 1454 4424 αὑτὸν
1481 4372 1639 4442 μόνον
1664 4372 1784 4426 καθ’
1818 4376 1943 4427 ἐαυ-

260 4462 349 4513 τὸν
382 4457 632 4530 βούλεται
669 4458 770 4529 τὴν
792 4458 1101 4530 ἀποδημίαν
1142 4459 1494 4531 ποιήσασθαι,
1538 4462 1633 4514 καὶ
1674 4462 1812 4533 μήτε
1850 4463 1943 4517 τὸν

258 4545 508 4615 ἀδελφὸν,
560 4546 654 4598 τὸν
704 4545 909 4617 Ναχώρ
955 4547 1120 4615 λέγω,
1159 4550 1296 4619 μήτε
1321 4547 1507 4620 ἕτερόν
1535 4566 1655 4602 τινα
1684 4549 1942 4620 ἐπισύρε·

260 4629 405 4683 σθαι.
451 4629 547 4682 Ἐκ
566 4628 667 4696 τῆς
695 4628 799 4698 γῆς
825 4645 914 4680 σου
948 4629 1004 4682 δὲ
1037 4629 1240 4697 ἔλεγεν,
1272 4630 1462 4701 ἐπειδὴ
1496 4632 1686 4704 χρόνον
1715 4633 1814 4686 οὐκ
1833 4633 1941 4685 ὀλί-

260 4728 354 4780 γον
388 4713 508 4766 ἐκεῖ
523 4712 864 4783 οἰκήσαντες,
899 4712 972 4774 ὡς
989 4712 1047 4764 ἐν
1082 4712 1190 4782 ἰδία
1216 4712 1401 4765 λοιπὸν
1423 4715 1642 4788 πατρίδι
1669 4716 1766 4787 τὴν
1792 4717 1943 4788 οἰκη-

260 4814 344 4850 σιν
368 4796 649 4851 ἐποιοῦντο
685 4799 744 4849 ἐν
775 4796 933 4868 αὐτῇ.
969 4795 1163 4850 Καίτοι
1196 4795 1291 4850 τοῦ
1346 4786 1940 4871 πένθουςέτῶνέαυτοῦ

270 4881 461 4946 ,ονέων
490 4882 832 4953 ἀκμάζοντος
862 4881 976 4945 ἐτι,
1033 4881 1127 4934 καὶ
1160 4880 1362 4952 πολλῆς
1407 4880 1573 4953 οὔσης
1600 4884 1720 4937 τότε
1748 4885 1938 4957 δυσχε-

263 4962 414 5032 ρείας
444 4981 501 5016 τε
558 4966 653 5018 καὶ
683 4964 897 5026 ἀνοδίας
951 4962 1092 5016 κατά
1144 4964 1241 5027 τὰς
1279 4964 1610 5036 ἀποδημίας,
1647 4965 1765 5020 ἀλλ’
1793 4968 1943 5040 ὅμως

262 5049 402 5119 μετά
437 5052 617 5122 πάσης
648 5051 959 5122 προθυμίας
983 5052 1044 5104 τὸ
1063 5052 1342 5123 ἐπίταγμα
1364 5053 1424 5107 τὸ
1443 5054 1595 5125 παρά
1628 5053 1720 5109 τοῦ
1737 5058 1942 5112 Δεσπό-

259 5154 352 5191 του
385 5138 536 5208 ἤνυε,
586 5140 681 5192 καὶ
710 5138 884 5193 ταῦτα
917 5140 1013 5192 οὐκ
1042 5139 1215 5206 εἰδὼς,
1244 5141 1378 5195 ὅπου
1411 5143 1666 5215 στήσεται
1693 5145 1843 5217 αὐτῷ
1874 5147 1945 5203 τὰ

259 5226 359 5295 τῆς
390 5225 617 5295 πλάνης.
639 5225 821 5294 Δεῦρο
839 5226 971 5297 γὰρ,
1002 5229 1186 5298 φησὶν,
1210 5229 1311 5282 οὐκ
1345 5231 1423 5293 εἰς
1453 5230 1609 5302 τήνδε
1628 5231 1726 5304 τὴν
1751 5233 1877 5303 γῆν,
1909 5234 1941 5305 ἢ

259 5314 438 5385 τήνδε,
459 5313 572 5367 ἀλλ’
596 5316 676 5377 εἰς
703 5316 810 5371 Ἢν
831 5316 916 5371 ᾶνι
934 5334 1034 5372 σοι
1058 5317 1254 5384 δείξω.
1286 5321 1394 5374 Καὶ
1414 5321 1563 5391 ὅμως
1593 5322 1763 5387 οὑτως
1788 5324 1944 5389 ὄντος

259 5404 511 5475 ἀορίστου
561 5403 655 5458 τοῦ
687 5406 1081 5476 ἐπιτάγματος,
1140 5408 1294 5462 οὐδὲν
1342 5410 1839 5482 περιεργαζόμενος
1883 5412 1944 5467 τὸ

263 5498 600 5569 προσταχθὲν
625 5500 703 5563 εἰς
731 5497 892 5571 ἔργον
922 5500 1116 5569 ἤγαγε·
1149 5501 1241 5553 καί
1265 5499 1356 5553 τὸν
1384 5501 1696 5570 ἀδελφιδοῦν
1724 5502 1781 5555 δέ
1807 5503 1944 5575 ἐπή-

324 5622 351 5650 ⁸
372 5621 522 5685 Savil.
547 5622 743 5685 coniicit
766 5622 1104 5685 παρεχόμενος.
1174 5621 1198 5657 ιι
1236 5622 1541 5682 Ἀνέστησεν,
1575 5626 1640 5674 ad
1676 5624 1813 5675 sedes
1836 5639 1939 5676 mo-

260 5682 436 5730 vendus
458 5684 686 5744 cmmmlit
708 5696 725 5731 :
749 5682 854 5731 haec
875 5682 968 5732 vox
982 5684 1227 5744 1re_quens
1248 5691 1328 5730 est
1368 5685 1457 5732 illo
1479 5700 1586 5736 usu.
1656 5690 1677 5716 ε
1706 5688 1855 5735 Savil.
1888 5696 1942 5738 el

260 5746 478 5806 (ιηιιιιιιειο
501 5739 614 5791 ιιιέε.
641 5748 726 5803 τήν
752 5746 942 5802 οἴκησιν
965 5739 1207 5802 ἐπήξαντο.
1239 5744 1411 5794 Morel.
1448 5749 1533 5805 τήν
1558 5749 1738 5805 σκηνήν
1768 5749 1899 5806 ἐπήξ.
1924 5770 1934 5798 :

262 5810 410 5864 Mque
432 5804 498 5852 Ha
523 5807 636 5868 Ιοείι
666 5814 927 5868 iulvrprcs.

2059 457 2168 529 γάρ
2196 457 2317 511 νέον
2337 456 2499 510 αὑτὸν
2516 452 2948 527 προσλαϐόμενος
2977 451 3115 504 κατά
3139 451 3332 521 μικρὸν
3361 451 3602 524 μιμητὴν
3634 472 3733 507 και-

2061 544 2355 609 τεσκεύαζε
2379 545 2476 615 τῆς
2491 543 2695 604 οἰκείας
2729 540 2948 612 ἀρετῆς,
2981 540 3079 593 οὐκ
3107 538 3366 610 ἠνέσχετο
3417 540 3606 594 τοῦτον
3634 560 3733 596 κα-

2016 634 2028 701 ζ
2061 632 2325 696 τολιπεῖν,
2356 630 2490 685 ἀλλά
2516 631 2769 684 κοινωνὸν
2788 628 2951 681 αὑτὸν
2972 627 3245 697 ἐλάμϐανε
3274 629 3372 699 τῆς
3399 629 3733 701 ἀποδημίας.

1991 684 2023 710 0'

2061 718 2125 774 Εἰ
2155 720 2263 791 γάρ
2285 722 2314 773 6
2341 718 2544 790 πατὴρ,
2577 714 2756 787 φησὶν,
2791 716 3015 778 ἄπιστος
3031 716 3127 780 ὢν,
3147 716 3236 769 διὰ
3261 717 3321 769 τὸ
3343 719 3475 789 περὶ
3500 720 3599 788 ἐμὲ
3620 720 3735 789 φίλ-

2060 825 2184 879 τρον
2203 807 2301 878 τὴν
2331 807 2506 859 οἰκίαν
2530 805 2626 876 τὴν
2661 805 2937 876 πατρῴαν,
2986 804 3112 857 ἔνθα
3134 805 3323 875 ἐτέχθη
3332 823 3431 876 μεν
3458 808 3548 859 καὶ
3564 808 3734 880 ηὐξή-

2061 895 2253 967 θημεν,
2279 894 2595 947 καταλιπεῖν
2628 892 2949 958 κατεδέξατο
2974 893 3068 945 καὶ
3089 892 3449 963 ἀκολουθῆσαί
3477 910 3587 964 μοι,
3638 897 3733 949 καί

2060 983 2152 1035 ἐπὶ
2179 982 2277 1053 τῆς
2306 980 2588 1052 ἀλλοτρίας
2624 979 2773 1051 [σοι]
2806 980 2893 1033 τὸν
2950 978 3064 1049 βίον
3121 980 3403 1034 κατέλυσε·
3458 982 3638 1053 πολλῷ
3667 984 3732 1055 δή

2063 1069 2261 1140 μᾶλλον
2287 1067 2396 1138 ἐγὼ
2421 1069 2557 1138 πρὸς
2578 1068 2667 1121 τὸν
2692 1068 2786 1121 τοῦ
2811 1065 3037 1135 ἀδελφοῦ
3070 1066 3252 1132 παῖδα,
3283 1068 3375 1120 τὸν
3408 1070 3526 1121 νέον
3550 1071 3637 1122 τὸν
3664 1072 3730 1124 ἐκ

2061 1158 2359 1231 προοιμίων
2376 1157 2659 1212 δεικνύντα
2695 1158 2770 1222 ὡς
2794 1158 2934 1211 κατά
2959 1156 3151 1229 μικρὸν
3169 1156 3421 1211 ἐπιδώσει
3450 1159 3586 1230 πρὸς
3601 1161 3729 1231 ἀρε-

2059 1248 2177 1318 τὴν,
2198 1248 2297 1300 οὐκ
2322 1246 2387 1300 ἂν
2415 1246 2747 1318 ἀνασχοίμην
2774 1245 3008 1299 ἐνταῦθα
3036 1242 3275 1314 ἀφεῖναι.

2134 1334 2198 1404 β’.
2231 1334 2381 1387 Ἐπεὶ
2402 1330 2494 1387 οῦν
2517 1333 2604 1386 διὰ
2624 1333 2838 1386 πάντων
2861 1333 3074 1396 δεικνὺς
3094 1332 3259 1386 αὑτοῦ
3278 1333 3340 1387 τὸ
3355 1335 3616 1403 φιλόθεον,
3634 1339 3731 1391 καὶ

2058 1423 2259 1493 ταύτην
2284 1422 2576 1492 ἐποιήσατο
2600 1421 2697 1493 τὴν
2729 1421 3056 1491 ἀποδημίαν,
3112 1422 3273 1492 ήνίκα
3324 1424 3595 1477 κατέλαϐε
3621 1426 3725 1496 τὴν

2059 1511 2437 1581 Παλαιστίνην,
2454 1509 2674 1563 καὶτῶν
2702 1510 2841 1580 ὅρων
2858 1508 3028 1579 ἐπέϐη
3051 1508 3159 1562 τῶν
3175 1510 3514 1575 Χαναναίων,
3541 1511 3730 1581 ὀφθεὶς

2057 1597 2206 1668 αὐτῴ
2231 1600 2259 1650 6
2282 1598 2414 1662 Θεὸς
2439 1597 2529 1651 καὶ
2559 1597 2827 1667 νευρῶσαι
2851 1594 3013 1649 αὐτοῦ
3050 1595 3371 1666 βουλόμενος
3398 1598 3497 1669 τὴν
3523 1598 3732 1670 προθυ-

2060 1684 2190 1753 μίαν
2216 1684 2308 1736 καὶ
2332 1687 2488 1755 χεῖρα
2516 1682 2719 1755 ὀρέξαι,
2745 1684 2879 1752 φησί
2900 1682 3034 1753 πρὸς
3072 1682 3253 1735 αὐτόν·
3301 1682 3386 1749 Τῷ
3433 1684 3734 1754 σπέρματί

2056 1788 2173 1825 σου
2209 1771 2380 1824 δώσω
2411 1771 2523 1837 τὴν
2544 1770 2661 1841 γῆν
2681 1772 2928 1838 ταύτην.
2958 1771 3133 1840 Ὅπερ
3167 1770 3430 1841 ἐπεθύμει
3478 1774 3571 1826 καὶ
3601 1773 3735 1826 ἐπό-

2058 1859 2160 1921 θει,
2189 1859 2394 1912 παίδων
2425 1858 2567 1926 λέγω
2591 1858 2690 1928 τὴν
2723 1857 2990 1927 διαδοχὴν,
3025 1857 3182 1911 τοῦτο
3206 1857 3355 1929 αὑτῷ
3375 1858 3580 1925 εὐθέως
3607 1861 3734 1914 ὑπιο

2058 1950 2315 2017 σχνεῖται,
2359 1946 2593 2017 ἀμοιϐὴν
2648 1944 2797 2015 αὐτῴ
2846 1946 2954 1998 τῶν
3008 1944 3274 1999 τοσούτων
3315 1946 3493 2000 πόνων
3530 1947 3730 2011 διδούς.

2070 2033 2284 2105 Ἐπειδὴ
2312 2035 2418 2105 γάρ
2438 2036 2545 2087 ἀπὸ
2574 2035 2670 2104 τῆς
2700 2033 2914 2103 φύσεως
2942 2034 3302 2104 ἀπεστέρητο,
3348 2035 3440 2088 καὶ
3477 2037 3511 2117 ή
3544 2036 3734 2107 ήλικία

2054 2121 2238 2175 λοιπὸν
2254 2122 2617 2193 ἀπαγορεύειν
2656 2122 2856 2183 ἐπειθε,
2901 2125 2965 2193 τῇ
2990 2122 3281 2192 ὑποσχέσει
3311 2122 3615 2194 διανίστησι
3635 2124 3733 2177 τὸν

2054 2209 2314 2282 ἀθλητὴν,
2354 2212 2448 2264 καὶ
2491 2211 2896 2283 προθυμότερον
2944 2210 3347 2283 ἀπεργάζεται,
3393 2211 3489 2263 καὶ
3519 2209 3732 2274 νεάζειν

2055 2298 2214 2352 αὐτὸν
2240 2297 2635 2362 κατασκευάζει
2660 2298 2797 2368 πρὸς
2819 2298 2944 2359 τοὺς
2970 2297 3095 2367 ἑξῆς
3116 2295 3355 2366 ἀγῶνας.
3383 2298 3524 2369 Ὅρα
3552 2298 3733 2350 τοίνυν

2057 2387 2195 2457 μετά
2220 2385 2316 2456 τὴν
2346 2385 2643 2456 ὑπόσχεσιν
2681 2384 2905 2454 ταύτην,
2941 2384 3133 2455 ἑτέραν
3165 2383 3327 2437 πάλιν
3381 2382 3477 2457 τὴν
3503 2382 3732 2457 ἀθλησιν

2054 2450 2143 2526 τὸν
2176 2450 2384 2525 δίκαιον
2413 2450 2600 2525 τοῦτον
2628 2450 2931 2543 δεχόμενον.
2963 2450 3136 2541 Λιμοῦ
3171 2470 3279 2541 γάρ
3307 2450 3729 2565 κατῷαϐόντος,

2054 2561 2145 2612 καὶ
2175 2559 2372 2630 πολλῆς
2411 2558 2572 2629 οὑσης
2596 2559 2691 2628 τῆς
2722 2558 3082 2629 στενοχωρίας
3095 2559 3153 2611 ἐν
3181 2560 3248 2628 τῇ
3276 2557 3578 2628 Χαναναία,
3633 2559 3730 2612 ἐπὶ

2053 2644 2151 2716 τὴν
2183 2648 2458 2715 Δίγυπτον
2505 2646 2882 2721 ἐσπευδεχκαὶ
2920 2643 3077 2713 λιμοῦ
3135 2643 3495 2714 παραμυθίαν
3549 2644 3733 2714 εὑρεῖν

2056 2732 2395 2803 βουλόμενος,
2417 2732 2626 2803 μείζοσι
2655 2730 2972 2802 περιέϐαλεν
3003 2728 3196 2783 ἐαυτὸν
3210 2730 3496 2794 κινδύνοις.
3532 2731 3594 2783 Ἦ
3614 2730 3730 2802 γάρ

2053 2821 2326 2892 εὐμορφία
2342 2822 2439 2891 τῆς
2456 2814 2712 2889 γυναικὸς
2726 2819 2820 2873 καί
2842 2819 2901 2871 τὸ
2922 2817 3115 2881 κάλλος
3130 2817 3230 2888 τῆς
3248 2818 3427 2888 Σάρας
3449 2819 3733 2889 μονονουχὶ
3828 2860 3838 2867 .

2052 2908 2145 2960 τὸν
2166 2908 2390 2961 θάνατον
2402 2905 2548 2976 αὐτῷ
2565 2906 2669 2976 πρὸ
2686 2905 2791 2958 τῶν
2814 2904 3106 2974 ὀφθαλμῶν
3120 2902 3349 2956 ἐδείκνυ.
3369 2903 3459 2956 Διὸ
3484 2904 3576 2957 καὶ
3588 2904 3736 2975 πλη-

2056 2994 2167 3046 σίον
2187 2996 2475 3064 γενόμενος
2494 2995 2590 3065 τῆς
2605 2995 2683 3056 εἰς
2698 2992 2970 3060 Αἴγυπτον
2991 2989 3216 3054 εἰσόδου,
3234 2991 3370 3061 φησί
3385 2990 3518 3061 πρὸς
3536 2990 3731 3061 αὐτὴν,

2054 3082 2340 3136 Γινώσκω
2359 3083 2451 3145 ὅτι
2470 3084 2863 3150 εὐπρόσωπος
2881 3075 2952 3133 εἷ·
2979 3076 3095 3132 οἷδά
3119 3094 3211 3131 σου
3232 3078 3327 3130 τοῦ
3360 3079 3587 3141 κάλλους
3630 3079 3734 3150 τὴν

2053 3169 2223 3241 ὤραν,
2265 3170 2357 3222 καὶ
2385 3169 2593 3222 δέδοικα
2621 3168 2729 3221 τῶν
2764 3166 3074 3236 Αἰγυπτίων
3118 3163 3216 3236 τὴν
3246 3165 3560 3220 ἀκολασίαν.
3599 3167 3732 3220 Ἐὰν

2053 3255 2145 3312 οὖν
2182 3257 2331 3310 ἴδωσί
2353 3274 2433 3319 σε,
2465 3256 2557 3309 καί
2580 3255 2780 3325 γνῶσιν
2804 3256 2883 3309 ὅτι
2907 3253 3163 3326 καθάπερ
3195 3257 3436 3323 γυναῖκα
3480 3255 3733 3326 περιάγω

2056 3362 2136 3408 σε,
2176 3345 2235 3398 σὲ
2260 3345 2356 3415 μὲν
2380 3346 2508 3407 ἴσως
2556 3344 3003 3414 περιποιήσονται
3023 3342 3193 3409 ,ὥστε
3217 3344 3297 3407 εἰς
3313 3341 3471 3413 ἔργον
3501 3344 3733 3411 ἀγαγεῖν

2052 3435 2150 3505 τῆς
2175 3435 2371 3504 μανίας
2395 3433 2572 3486 αὐτῶν
2604 3432 2695 3485 τὸν
2717 3429 2949 3504 οἶστρον,
2976 3432 3077 3503 ἐμέ
3105 3432 3163 3486 δέ
3187 3431 3595 3495 ἀποκτενοῦσιν,
3644 3431 3734 3485 ἵνα

2057 3521 2193 3592 μετά
2236 3521 2417 3583 ἀδείας
2471 3519 2777 3589 αὐτοῖςέξῇ
2822 3521 2921 3590 τὴν
2973 3519 3320 3591 παρανομίαν
3371 3518 3731 3591 ἐργάσασθαι,

2052 3610 2153 3662 οὐκ
2182 3608 2332 3670 ὄντος
2352 3607 2445 3659 τοῦ
2470 3607 2568 3678 τὴν
2595 3607 2838 3678 μοιχείαν
2883 3606 3188 3677 κατάδηλον
3211 3609 3384 3661 ποιεῖν
3409 3606 3730 3677 δυναμένου.

2048 3696 2195 3749 Εἰπὲ
2224 3691 2338 3751 οὖν
2365 3695 2451 3748 ὅτι
2484 3696 2747 3763 ἁδελφός
2766 3709 2881 3748 σου
2905 3696 3042 3765 εἰμί.
3063 3694 3205 3768 Ὅρα
3234 3695 3603 3766 ἀδαμαντίνην
3626 3695 3733 3766 ψυ-

2053 3783 2175 3856 χὴν,
2206 3785 2307 3856 ὅρα
2325 3782 2549 3853 γνώμην
2578 3782 2795 3853 σιδήρου
2816 3782 3200 3855 στερροτέραν·
3217 3782 3337 3836 οὐδὲ
3363 3781 3473 3853 γάρ
3490 3776 3733 3853 παρεσάε

2053 3870 2242 3923 λευσεν
2262 3868 2426 3922 αὐτοῦ
2479 3868 2569 3921 τὸν
2598 3868 2926 3939 λογισμὸνή
2982 3868 3404 3941 προσδοκωμένη
3451 3869 3732 3939 συμφορὰ,

2051 3956 2173 4010 οὑδέ
2206 3956 2506 4027 ἐνενόησεν,
2561 3956 2681 4009 οὐδέ
2731 3952 2852 4009 εἷπε
2900 3956 3036 4027 πρὸς
3080 3956 3295 4010 ἐαυτόν·
3330 3957 3418 4010 διά
3449 3957 3607 4009 τοῦτο
3632 3956 3733 4029 τὴν

2053 4044 2260 4098 οἰκείαν
2287 4042 2602 4097 καταλιπὼν
2646 4044 2907 4114 πατρίδα,
2925 4044 3021 4097 καὶ
3038 4044 3305 4113 τοσαύτην
3326 4043 3733 4113 ἐπιδειξάμενος

2055 4131 2297 4201 ὑπακοὴν
2325 4126 2487 4202 ἦλθον
2510 4132 2589 4194 εἰς
2612 4129 2707 4201 τὴν
2738 4130 3046 4201 ἀλλοτρίαν,
3067 4130 3155 4185 ἴνα
3178 4130 3390 4194 τούτοις
3416 4130 3737 4201 περιϐληθῶ

2051 4223 2163 4283 τοῖς
2179 4221 2395 4283 κακοῖς;
2423 4218 2497 4272 Οὑ
2522 4218 2627 4290 πρὸ
2652 4218 2852 4289 μικροῦ
2878 4218 3146 4290 ὑπέσχετό
3179 4236 3289 4289 μοι,
3324 4219 3406 4272 ὅτι
3445 4217 3528 4284 Τῷ
3544 4219 3735 4287 σπέρ-

2047 4307 2191 4377 ματί
2226 4321 2342 4360 σου
2372 4305 2546 4359 δώσω
2591 4306 2706 4375 τὴν
2736 4305 2850 4377 γῆν
2876 4307 3137 4373 ταύτην;
3182 4306 3312 4360 Ἰδοὺ
3343 4307 3437 4360 καὶ
3481 4306 3735 4377 μοιχείας

2051 4395 2147 4448 καὶ
2173 4394 2403 4448 θανάτου
2438 4393 2601 4464 φόϐος
2629 4394 2909 4447 κατασείει
2928 4393 3086 4465 ήμῶν
3111 4393 3213 4465 τὴν
3242 4393 3442 4465 ψυχήν.
3480 4392 3617 4445 Ἀλλ’
3647 4395 3736 4446 οὐ-

2049 4483 2139 4538 δὲν
2162 4482 2365 4536 τούτων
2385 4482 2506 4535 οὑδέ
2531 4483 2587 4536 ἐν
2620 4481 2829 4554 διανοίᾳ
2852 4482 3036 4536 λαϐεῖν
3067 4480 3408 4548 κατεδέξατο·
3458 4481 3570 4534 ἀλλ’
3610 4482 3733 4544 ἐνὸς

2049 4570 2258 4641 γίνεται
2291 4570 2474 4642 μόνου,
2494 4568 2612 4631 πῶς
2640 4569 2838 4642 δυνηθῇ
2861 4586 2919 4623 το
2945 4571 3179 4642 πονηρὸν
3207 4568 3366 4624 τοῦτο
3394 4570 3575 4641 δρᾶμα
3591 4571 3730 4622 ὑπο-

2052 4657 2398 4731 κρινάμενος.
2429 4656 2537 4710 τῶν
2562 4656 2655 4709 δύο
2693 4658 2895 4711 τούτων
2932 4657 3189 4712 κινδύνων
3233 4656 3595 4727 ἐπικειμένων
3639 4657 3734 4709 τὸν

2051 4746 2147 4801 ἕνα
2167 4745 2297 4814 γοῦν
2320 4746 2599 4814 ἐκφυγεῖν.

2123 4834 2233 4887 Καὶ
2252 4833 2441 4905 ἐπειδὴ
2469 4834 2563 4887 καὶ
2585 4831 2743 4894 αὐτὸς
2772 4829 2838 4883 τὰ
2872 4831 3001 4901 παρ’
3027 4828 3223 4883 ἐαυτοῦ
3264 4829 3552 4900 εἰσήνεγκε
3587 4826 3733 4900 μετά

2052 4920 2301 4993 ἀνδρείας
2325 4920 2420 4991 τὴν
2448 4938 2510 4973 συ
2519 4917 2755 4990 μϐουλὴν
2783 4916 3171 4987 ποιησάμενος,
3195 4918 3290 4969 καί
3308 4918 3341 4986 ή
3372 4915 3509 4987 γυνὴ
3529 4915 3733 4986 πολλὴν

2049 5008 2149 5080 τὴν
2172 5010 2299 5080 περί
2327 5010 2418 5062 τὸν
2450 5007 2618 5079 ἄνδρα
2668 5005 3048 5076 φιλοστοργίαν
3091 5004 3186 5058 καί.
3232 5004 3480 5075 ὑπακοὴν
3527 5004 3736 5055 ἐπιδει-

2052 5098 2292 5169 κνυμένη
2314 5096 2643 5169 συνέπραξε,
2662 5095 2756 5148 καὶ
2783 5095 2896 5158 τοῖς
2926 5091 3142 5158 δόξασιν
3174 5093 3576 5163 ὑπηρετήσατο·
3634 5090 3734 5144 καὶ

2052 5185 2241 5257 ἐπειδὴ
2264 5184 2332 5240 τά
2349 5187 2485 5254 παρ’
2514 5184 2722 5237 ἑαυτῶν
2752 5184 3082 5254 ἀπήρτισαν,
3097 5183 3192 5235 καὶ
3220 5182 3345 5234 ὅσον
3367 5181 3507 5233 κατὰ
3526 5179 3736 5252 ἀνθρω-

2053 5274 2214 5344 πίνην
2242 5272 2561 5328 ἀκολουθίαν
2582 5260 2938 5341 ἀπέγνωστο,1
2960 5270 3056 5324 καὶ
3110 5272 3191 5333 εἰς
3238 5269 3400 5342 ἔργον
3439 5268 3732 5338 ἐκϐεϐήκει

2055 5363 2238 5433 σχεδὸν
2276 5363 2342 5415 τά
2374 5363 2474 5425 τῆς
2506 5360 2872 5431 παρανομίας,
2892 5358 3013 5411 τότε
3044 5356 3212 5427 πολλὴ
3244 5356 3373 5427 περί
3394 5355 3607 5424 αὐτὸνή
3633 5356 3731 5408 τοῦ

2054 5451 2186 5503 Θεοῦ
2203 5449 2476 5503 δείκνυται
2498 5448 2741 5518 πρόνοια,
2767 5447 2841 5499 Οὐ
2867 5446 3025 5517 μόνον
3045 5443 3153 5515 γὰρ
3173 5443 3269 5515 τὴν
3299 5445 3531 5510 γυναῖκα
3552 5443 3579 5494 6
3595 5441 3729 5505 Θεὸς

2061 5539 2150 5608 τῆς
2183 5534 2705 5608 ὑϐρεωςέξὴρπασε
2732 5534 2879 5607 [565]
2922 5534 3009 5587 διά
3042 5532 3141 5603 τῆς
3163 5532 3611 5602 ἀγανακτήσεως,
3658 5532 3731 5599 ἢν

2055 5627 2198 5683 κατά
2216 5628 2307 5681 τοῦ
2327 5627 2589 5698 βασιλέως
2612 5628 2705 5680 καὶ
2726 5625 2925 5688 παντὸς
2944 5624 3037 5678 τοῦ
3058 5624 3208 5677 οἴκου
3224 5622 3391 5676 αὑτοῦ
3412 5623 3726 5693 ἐποιήσατο,

2058 5716 2191 5769 ἀλλά
2212 5715 2305 5768 καὶ
2342 5715 2432 5768 τὸν
2476 5715 2822 5786 πατριάρχην
2864 5711 3002 5781 μετά
3028 5710 3222 5781 πολλῆς
3248 5710 3347 5780 τῆς
3370 5710 3729 5780 περιφανείας

2052 5804 2158 5859 ἀπὸ
2175 5804 2271 5880 τῆς
2298 5804 2570 5868 Αἰγύπτου
2623 5805 2712 5857 ἐπὶ
2741 5802 2837 5867 τὴν
2866 5800 3224 5865 Παλαιστίνην
3268 5798 3579 5853 ἐπανελθεῖν
3626 5814 3725 5851 πε-
