4020 6136
454 169 624 266 m'

455 338 567 379 rem
602 325 816 393 habere,
841 340 1016 396 operae
1045 328 1274 399 pretium
1313 328 1471 385 fuerit
1497 332 1652 402 paulo
1679 334 1837 389 altius
1863 334 2040 391 brevi-

458 426 537 467 ter
568 415 714 468 vobis
743 431 828 470 res
864 415 980 486 ejus
1008 432 1312 485 recensere,
1346 427 1402 474 ut
1427 422 1608 477 sciatis
1638 424 1892 478 eximiam
1919 425 2046 493 justi

453 503 634 569 ﬁdem,
667 520 824 574 quam
857 508 997 562 circa
1030 509 1411 577 promissiones
1448 512 1654 568 divinas
1692 515 1943 582 ostendit,
1993 526 2046 573 et

456 593 670 666 benigni
754 597 844 651 Dei
892 600 1270 656 retributibnes
1319 602 1540 673 largiter
1589 605 1688 674 ipsi
1741 620 2044 663 concessas.

450 684 658 742 Sufficit
704 681 1030 747 enim‘unus
1076 692 1163 748 ille
1206 694 1403 763 justus,
1449 705 1508 750 ttt
1543 711 1731 753 omnes
1760 714 1857 753 nos
1917 715 2045 756 eru-

454 776 585 840 diat,
618 792 725 847 quo
772 779 1021 836 alacriter
1070 783 1445 853 aggrediamur
1472 785 1682 841 virtutis
1727 789 2041 857 certamina,

449 864 779 926 conﬁdentes
829 873 1079 942 supernis
1118 877 1658 941 remunerationihus,
1715 888 1771 933 et
1816 880 2045 938 scientes

452 958 814 1016 misericordis
856 963 1062 1017 Domini
1094 966 1259 1019 nostri
1287 965 1681 1036 liberalitatem,
1721 971 1899 1025 omnia
1925 970 2046 1041 qua:

448 1045 581 1105 dura
613 1060 667 1106 et
709 1052 873 1107 ardua
905 1055 955 1108 iu
986 1055 1086 1110 hac
1115 1056 1221 1111 vita
1268 1057 1537 1131 videntur,
1591 1075 1688 1131 spe
1735 1077 2045 1119 rcmunera-
2074 1100 2079 1103 -

344 1168 349 1173 ~
413 1170 423 1215 ;
453 1145 655 1198 ιίυιιιιιιι
681 1146 909 1202 libenter
933 1151 1303 1221 suscipiamus.
1338 1127 1836 1226 Attendite-itaque,
1887 1159 2044 1215 obse-

448 1246 563 1300 cro,
596 1238 863 1306 quomodo
888 1241 957 1294 ab
984 1242 1152 1307 initio,
1186 1253 1464 1315 postquam
1487 1248 1668 1304 indole
1693 1266 1787 1304 sua
1813 1259 1867 1306 et
1887 1251 2040 1306 insita

450 1336 655 1381 naturae
686 1341 883 1383 uostrm
910 1334 1129 1389 scientia
1162 1336 1295 1391 bene
1324 1353 1454 1393 usus
1480 1348 1582 1408 est,
1614 1342 1818 1398 nullum
1860 1350 2038 1399 exter-

447 1432 573 1470 num
604 1421 821 1474 sortitus
853 1422 1149 1492 doctorem,
1176 1429 1270 1483 sed
1293 1438 1349 1484 et
1377 1430 1445 1484 ab
1470 1431 1775 1489 infidelibus
1804 1438 2040 1505 parenti-

448 1509 548 1564 bus
595 1510 868 1571 educatus.
900 1514 1076 1570 divina
1109 1521 1443 1589 apparitione
1493 1526 1693 1593 potitus
1744 1534 1847 1581 est.
1905 1527 2037 1584 Nam

446 1600 567 1669 quia
592 1603 758 1670 prima
786 1614 942 1661 a-tate
963 1623 1066 1663 non
1089 1621 1342 1681 sequutus
1366 1624 1448 1668 est
1474 1630 1710 1671 errorem
1733 1629 2035 1688 paternum,

446 1690 540 1743 sed
571 1692 819 1760 pietatem
870 1711 991 1766 erga
1048 1715 1243 1755 mnuen
1295 1702 1552 1771 exhibuit,
1587 1705 1706 1761 ideo
1750 1721 2036 1776 supernam

443 1779 802 1839 visitationem
833 1788 1010 1842 statim
1037 1789 1286 1858 obtinuit,
1330 1808 1453 1848 cum
1493 1795 1665 1851 adlmc
1702 1796 1754 1850 iu
1790 1797 2036 1854 Cbaldzea

442 1881 623 1929 esset:
656 1884 710 1929 et
739 1875 840 1930 hoc
865 1879 1017 1934 nobis
1040 1879 1225 1938 beatus
1249 1882 1550 1955 Stephanus
1577 1889 1810 1957 exponit
1859 1890 2034 1945 mani-

442 1964 629 2022 feStius
671 1967 750 2022 sic
777 1968 1001 2029 dicens:
1032 1971 1173 2027 Deus
1208 1975 1388 2047 glorite
1416 1978 1549 2031 risus
1576 1989 1649 2034 est
1684 1981 1819 2051 patri
1865 1991 2036 2035 nostra

445 2056 721 2125 Abraham,
746 2078 858 2115 cum
882 2064 1052 2119 adhuc
1091 2077 1215 2120 esset
1244 2069 1295 2121 in
1320 2069 1707 2139 Mesopotamia,
1740 2074 2034 2145 priusquam

445 2151 688 2205 habitaret
707 2155 758 2208 in
789 2155 1019 2211 Charran
1050 2159 1182 2229 (Act.
1214 2162 1264 2214 7.
1289 2162 1368 2229 2).
1408 2162 1592 2218 Vidisti
1626 2166 1891 2234 quomodo
1909 2183 2032 2223 eum

442 2240 566 2295 inde
592 2242 725 2299 visio
767 2249 1062 2303 amoverit?
1111 2251 1409 2309 Verisimile
1461 2255 1601 2309 enim
1636 2262 1719 2311 est
1742 2272 1863 2312 eum
1909 2273 2029 2314 cum

440 2333 622 2389 sedula
644 2337 694 2390 in
724 2337 889 2394 Deum
919 2342 1133 2410 pietate,
1168 2347 1475 2414 parentilms
1511 2364 1722 2420 quoque
1781 2367 2033 2407 reveren-

441 2423 566 2478 tiam
595 2429 899 2486 exltihuisse
928 2447 942 2485 :
972 2441 1118 2488 tanto
1139 2451 1223 2504 lue
1252 2452 1437 2492 amore
1463 2450 1672 2508 patrem
1718 2440 1817 2495 sibi
1845 2443 2030 2497 conci-

342 2528 347 2535 ’
441 2514 672 2583 liaviSs-e,
696 2528 753 2574 ut
780 2521 903 2577 inde
931 2523 997 2577 ad
1027 2525 1431 2596 relinquendam
1453 2544 1635 2585 amore
1680 2530 1772 2585 filii
1805 2531 2026 2602 patriam

438 2618 613 2674 suam,
642 2619 695 2663 et
724 2611 789 2664 ad
820 2611 1162 2669 habitandum
1189 2618 1415 2672 alienam
1457 2629 1634 2675 motus
1656 2623 1744 2677 sit.
1793 2625 1863 2678 At
1909 2625 2030 2679 dili-

440 2709 628 2764 genter
661 2700 803 2766 vidc,
825 2703 1069 2773 obsecro,
1093 2709 1357 2777 quomodo
1383 2720 1436 2765 et
1462 2710 1575 2766 bare
1599 2727 1717 2781 qua:
1736 2727 1765 2765 a
1796 2713 1902 2769 Deo
1930 2715 2029 2770 fuit

440 2785 513 2839 ob
540 2788 770 2854 priorem
795 2791 1042 2848 virtutem
1072 2799 1188 2863 ejus
1232 2798 1481 2865 vi~itati0,
1516 2801 1703 2855 iterum
1745 2803 2025 2860 clariorem

437 2876 555 2946 ejus
580 2879 825 2936 virtutem
853 2883 1159 2940 reddiderit.
1193 2887 1367 2959 Elegit
1385 2891 1527 2945 enim
1554 2901 1826 2961 paternam
1854 2894 2029 2965 regio-

439 2984 561 3023 nem
610 2973 911 3044 relinquere
956 2977 1253 3033 etalfcnam
1282 2981 1599 3049 inhabitare,
1624 2992 1679 3038 ut
1701 2994 2024 3056 prmceptum

445 3060 536 3115 Dei
559 3064 860 3131 perficeret,
890 3076 941 3122 ct
979 3082 1193 3138 paratus
1221 3082 1335 3126 erat
1354 3074 1513 3128 etiam
1531 3075 1734 3146 absque
1762 3080 2019 3150 cognatis,

438 3162 499 3208 ut
537 3156 664 3211 mibi
714 3159 940 3228 videtur,
973 3167 1452 3235 peregrinationem
1482 3170 1924 3240 suscipere:sed,
1969 3181 2027 3229 ttt

435 3245 566 3315 dixi,
599 3249 695 3304 viri
728 3252 896 3307 virtus
922 3262 975 3308 et
997 3256 1217 3327 in~ignis
1239 3274 1364 3329 erga
1410 3271 1656 3329 parentes
1704 3264 1894 3334 pictas,
1939 3264 2021 3320 ef—

438 3337 562 3393 fecit
593 3352 647 3395 ut
681 3352 835 3412 pater
854 3358 1035 3401 comes
1066 3348 1216 3405 ﬁeret
1244 3352 1471 3409 itineris.

506 3430 699 3487 lterum
746 3436 1080 3494 obedientiam
1144 3442 1420 3500 Abrahami
1463 3456 1720 3518 experitur
1761 3451 1918 3506 Deus.
1951 3483 2023 3493 —

433 3524 634 3581 Deinde
661 3543 781 3583 cum
810 3534 1179 3602 perveni~senl
1207 3538 1258 3591 iu
1289 3538 1550 3604 Charran,
1575 3542 1678 3597 illic
1704 3543 2020 3599 tabernacu-

433 3613 538 3669 lum
570 3616 818 3674 ﬁxerunt.
849 3623 916 3677 Et
944 3636 1222 3696 postquam
1252 3639 1423 3684 tnorte
1451 3631 1665 3687 functus
1695 3642 1779 3687 est
1812 3633 2014 3690 Tharra

430 3709 556 3779 (hoc
580 3713 721 3766 enim
752 3716 885 3782 patri
913 3719 1028 3784 ejus
1057 3735 1250 3776 nomen
1277 3725 1437 3786 erat),
1472 3725 1663 3779 iterum
1693 3736 2019 3797 prmceptum

430 3810 510 3855 est
539 3802 587 3856 ei
617 3818 645 3855 τι
675 3805 782 3859 Deo
821 3816 876 3860 ιιι
904 3809 1076 3864 exiret
1124 3811 1265 3866 inde.
1302 3813 1556 3884 Egredere
1590 3817 1731 3872 enim
1760 3859 1773 3881 ,
1804 3817 1973 3889 inquit
2001 3859 2018 3887 ,

429 3892 494 3945 de
505 3901 640 3947 terra
656 3904 743 3949 tua
763 3906 808 3951 et
839 3898 902 3952 de
919 3903 1213 3971 cognatione
1235 3915 1341 3969 tua,
1373 3914 1419 3958 et
1447 3908 1558 3959 veni
1581 3908 1633 3960 iu
1661 3919 1846 3962 terram
1869 3926 2022 3980 quam

429 3995 771 4040 monstravero
802 3988 889 4041 tibi
918 3989 1083 4060 (Ceu.
1111 3992 1197 4047 12.
1226 3995 1248 4048 Ι
1349 3995 1478 4050 Nam
1512 3998 1631 4067 quia
1656 4013 1777 4053 cum
1808 4002 2021 4057 univer-

429 4093 485 4132 sa
516 4079 709 4134 familia
735 4094 788 4136 et
819 4083 979 4138 domo
1008 4086 1058 4140 in
1080 4083 1314 4143 Charran
1334 4090 1708 4161 migraverant,
1740 4106 2018 4164 propterea

428 4168 575 4225 illinc
601 4170 869 4240 imperans
909 4176 956 4229 ei
990 4185 1046 4230 ut
1081 4179 1425 4247 egrederetur
1455 4223 1470 4248 ,
1502 4182 1704 4237 addidit
1734 4225 1750 4251 ,
1778 4184 1856 4238 De
1883 4194 2019 4240 terra

432 4270 520 4314 tua
549 4272 595 4317 et
627 4264 690 4318 de
715 4268 1015 4336 cognatione
1045 4278 1134 4322 tua
1164 4310 1182 4336 ,
1224 4271 1505 4327 declarans
1526 4288 1584 4328 se
1610 4275 1745 4330 velle
1766 4317 1782 4341 ,
1837 4276 2011 4346 ipsum

426 4352 601 4408 solum
648 4359 1133 4429 peregrinationem
1181 4364 1455 4432 suscipere
1482 4406 1498 4427 ,
1543 4381 1717 4436 neque
1755 4368 1970 4423 fratrem
1996 4409 2012 4432 ,

424 4443 639 4500 Nacbor
663 4447 784 4503 dico
801 4491 815 4514 ,
842 4466 1015 4522 neque
1041 4454 1204 4508 alium
1227 4472 1544 4527 quemquam
1569 4472 1751 4514 secum
1781 4461 2011 4517 trahere.

425 4533 502 4589 De
529 4545 665 4591 terra
685 4549 774 4593 tua
796 4540 1007 4597 dicebat
1029 4584 1045 4609 ,
1075 4546 1195 4615 quia
1225 4562 1328 4601 non
1353 4564 1515 4618 parvo
1546 4557 1787 4619 tempore
1813 4552 1896 4606 ibi'
1915 4552 2009 4606 ha-

421 4627 654 4686 bitarant
680 4674 695 4697 ,
722 4644 776 4688 et
816 4637 965 4706 quasi
1006 4637 1059 4692 in
1101 4640 1309 4710 propria
1374 4645 1541 4711 patria
1586 4644 1693 4699 illic
1748 4645 2014 4701 habebant

421 4718 766 4780 domicilium.
795 4726 944 4783 Licet
970 4729 1022 4783 in
1051 4730 1291 4801 lugendis
1329 4735 1634 4802 parentibus
1665 4736 1839 4795 adhuc
1865 4748 2009 4793 esset

421 4826 711 4880 occupatus
733 4859 748 4883 ,
773 4831 1058 4891 essentque
1085 4822 1424 4881 difﬁcultates
1451 4827 1658 4883 itineris
1686 4831 1866 4884 multa:
1887 4873 1900 4893 ,
1927 4840 2007 4884 ta-

422 4917 544 4957 men
581 4918 902 4975 praeceptum
944 4911 1152 4968 Domini
1196 4931 1382 4986 magna
1424 4918 1643 4987 perfecit
1687 4922 1961 4975 alacritate
1987 4964 2003 4988 ,

422 4994 580 5064 itiqtte
625 4997 875 5067 ignorans
928 5003 1139 5060 ubinam
1186 5007 1390 5062 futurus
1441 5010 1654 5066 errandi
1701 5011 1838 5067 finis.
1884 5013 2008 5068 Veni

418 5087 560 5140 enim
597 5130 613 5153 ,
646 5091 814 5158 inquit
837 5132 851 5155 ,
885 5108 989 5147 non
1016 5095 1067 5150 in
1101 5097 1236 5152 hanc
1274 5100 1356 5154 vel
1399 5101 1540 5158 illam
1569 5110 1765 5156 terram
1790 5144 1806 5169 ,
1832 5103 1926 5159 sed
1953 5105 2005 5159 in

416 5193 527 5231 eam
552 5197 701 5249 quam
724 5196 1065 5240 monstravere
1092 5188 1198 5244 tibi.
1233 5190 1587 5247 Nihilominus
1611 5236 1625 5258 ,
1660 5195 1785 5249 licet
1813 5196 1972 5250 indeﬁ

416 5271 587 5326 nilum
614 5281 758 5328 esset
776 5276 1083 5333 mandatum
1106 5280 1301 5336 omissa
1324 5284 1616 5341 curiosiore
1646 5289 2004 5354 percontatio-

413 5379 481 5418 ne
503 5363 822 5432 imperatqu
852 5365 1116 5436 faciebat;
1153 5370 1329 5426 fratris
1354 5384 1531 5428 autem
1564 5375 1673 5430 ﬁlio
1701 5387 1997 5446 assumpto,

411 5469 561 5510 suam
590 5457 715 5511 hinc
740 5457 1125 5517 demonstravit
1145 5463 1414 5519 virtutem.
1434 5465 1566 5532 Quia
1587 5468 1729 5522 enim
1747 5468 1997 5539 juvenem

410 5544 556 5603 illum
596 5561 914 5621 acceperat,
960 5554 1318 5627 paulatimque
1370 5573 1481 5614 sua:
1515 5559 1723 5614 virtutis
1769 5560 2000 5616 imitato-

410 5658 520 5698 rem
551 5643 833 5715 cﬂ'ecerat,
865 5661 981 5705 eun
1015 5648 1317 5721 relinquere
1343 5652 1529 5721 noluit,
1562 5653 1655 5709 sed
1687 5654 1995 5725 peregrina-

1482 216 1548 273 IN
1586 216 1737 274 CAP.
1775 219 1890 276 XV.
1920 220 2160 280 GENES.
2203 223 2428 280 llOMil..
2467 224 2703 296 XXXVI.

3636 235 3738 292 334

2158 339 2316 395 tionis
2345 340 2547 396 socium
2574 345 2798 415 accepit.
2832 343 2992 414 Quasi
3035 346 3277 404 diceret:
3317 347 3373 404 Si
3411 358 3562 420 pater
3591 393 3607 419 ,
3652 354 3741 423 qui

2158 430 2385 486 infidelis
2415 433 2544 497 fuit,
2574 435 2645 490 ob
2668 449 2822 490 suum
2852 437 2905 491 in
2934 452 3021 493 me
3041 453 3278 494 amorem
3308 439 3525 494 donttuu
3561 452 3738 512 pater-

2155 538 2311 590 nam,
2337 524 2389 578 in
2419 540 2523 596 qua
2545 527 2650 581 uati
2679 540 2866 583 sumus
2887 539 2937 584 et
2960 529 3291 585 adolevimus
3316 573 3330 596 ,
3357 531 3659 602 relinquere
3688 544 3741 588 et

2153 629 2241 670 me
2253 615 2499 671 comitari
2521 618 2932 691 voluit,vitaque
2960 620 3011 675 in
3040 620 3212 676 aliena
3237 630 3375 676 terra
3402 621 3615 680 functus
3636 633 3737 679 est:

2153 708 2321 763 multo
2369 710 2539 780 magis
2579 725 2679 781 ego
2717 711 2895 767 fratris
2929 712 3094 767 filium
3124 755 3139 780 ,
3164 713 3414 784 juvenem
3446 714 3622 770 indole
3644 731 3739 771 sua

2153 798 2491 870 pollicentem
2520 816 2580 857 se
2604 802 2859 872 paulatim
2890 804 2942 859 in
2977 805 3169 861 virtute
3196 805 3554 876 profecturum
3578 848 3598 875 ,
3632 823 3737 875 nou

2155 891 2489 959 permiserim
2517 891 2605 948 hic
2631 894 2879 965 relinqui.

2219 985 2277 1040 2.
2303 983 2435 1052 Quia
2463 985 2619 1056 igitur
2644 987 2814 1042 modis
2838 988 3086 1044 omnibus
3111 1004 3260 1045 suam
3286 990 3576 1046 ostendens
3606 991 3739 1046 reli-

2149 1078 2384 1147 gionem,
2414 1079 2573 1134 etiam
2606 1080 2760 1135 istam
2791 1082 3271 1153 peregrinationem
3294 1086 3527 1167 susceij
3551 1127 3566 1150 ,
3594 1092 3739 1154 post-

2147 1183 2307 1238 quam
2337 1168 2391 1224 in
2415 1169 2750 1225 Palaestinam
2779 1172 2921 1227 venit
2945 1182 3000 1228 et
3035 1174 3457 1230 Chanauaeorum
3488 1176 3622 1231 fines
3651 1175 3735 1229 in-

2150 1260 2306 1320 travit
2334 1301 2354 1327 ,
2402 1262 2648 1331 apparuit
2689 1264 2738 1318 ei
2780 1263 2920 1320 Deus
2948 1303 2965 1332 ,
3009 1266 3194 1321 volens
3242 1265 3358 1334 ejus
3401 1267 3729 1322 alacritatem

2147 1350 2467 1407 conﬁrmare
2491 1360 2545 1406 et
2569 1352 2667 1424 ipsi
2696 1368 2912 1408 manum
2940 1356 3247 1425 porrigere,
3270 1355 3401 1410 dicit
3423 1357 3470 1411 ei
3498 1374 3511 1409 :
3537 1356 3732 1411 Semint'

2147 1452 2232 1497 tuo
2255 1443 2386 1498 dabo
2415 1453 2601 1499 terram
2623 1445 2753 1500 hanc
2775 1443 2928 1515 (Gen.
2956 1446 3043 1500 12.
3072 1447 3150 1514 7).
3180 1446 3235 1502 ld
3263 1447 3402 1517 quod
3435 1449 3522 1503 ille
3548 1448 3733 1502 admo-

2145 1534 2276 1592 dum
2319 1537 2573 1607 optabat,
2613 1553 2678 1594 ac
2713 1538 3086 1605 desiderabat,
3129 1539 3358 1595 ﬁliorum
3390 1556 3583 1612 nempe
3609 1556 3732 1597 suc-

2144 1629 2442 1685 cessionem
2468 1669 2483 1694 ,
2517 1629 2656 1684 istud
2685 1631 2843 1684 etiam
2874 1630 2974 1701 ipsi
3017 1632 3199 1686 statim
3229 1633 3492 1702 promittit
3521 1674 3537 1699 ,
3568 1634 3729 1688 retri-

2146 1719 2317 1775 buens
2346 1720 2507 1775 tantis
2548 1720 2820 1777 laboribus
2848 1722 3171 1778 mercedem.
3200 1723 3462 1790 Quoniam
3494 1723 3637 1778 enim
3664 1739 3729 1781 ex

2144 1820 2328 1865 natura
2361 1812 2525 1881 prolis
2553 1827 2745 1881 expers
2768 1822 2885 1868 erat
2910 1856 2925 1878 ,
2950 1821 3007 1868 et
3032 1822 3162 1868 tetas
3188 1829 3401 1884 quoque
3424 1816 3729 1885 provectior

2143 1917 2210 1957 ne
2255 1902 2356 1957 sibi
2399 1901 2526 1973 quid
2571 1903 2808 1972 polliceri
2863 1915 3043 1974 posset
3094 1906 3345 1969 vetabat,
3374 1905 3729 1975 promissione

2145 1993 2283 2048 Deus
2310 1994 2504 2049 excitat
2534 2004 2589 2051 et
2615 1994 2772 2064 erigit
2809 1995 3065 2050 athletam
3091 2037 3105 2060 ,
3130 2005 3296 2066 atque
3318 1996 3549 2052 alacrem
3571 1999 3728 2068 juve-

2140 2085 2411 2155 nilemque
2428 2095 2578 2155 parat
2597 2084 2854 2142 adversus
2867 2088 3141 2157 sequentia
3158 2089 3446 2143 certamina
3458 2130 3470 2143 .
3495 2089 3725 2146 Proinde

2134 2176 2260 2243 vide
2303 2177 2572 2248 quomodo
2613 2188 2731 2247 post
2775 2176 2909 2233 hanc
2934 2179 3344 2249 prontissianm
3383 2179 3558 2249 justus
3584 2179 3726 2235 aliud

2136 2282 2410 2327 certamen
2454 2271 2780 2341 aggreditur.
2846 2270 3208 2326 luvalesceute
3266 2272 3409 2326 enim
3459 2270 3729 2338 latue,et

2136 2362 2438 2416 Chanantea
2466 2361 2750 2416 sterilitate
2775 2371 2830 2416 et
2859 2362 3117 2431 angustiis
3142 2376 3394 2431 Oppressa
3417 2403 3435 2429 ,
3476 2364 3528 2417 in
3554 2362 3725 2435 Egy-

2138 2462 2283 2523 ptum
2319 2452 2633 2517 contendit;
2676 2452 2783 2507 illic
2817 2452 2970 2507 famis
3007 2452 3391 2523 mitigatiouem
3432 2469 3677 2525 quzercns
3705 2496 3724 2523 ,

2135 2543 2428 2611 majoribus
2457 2557 2577 2598 sese
2604 2544 2853 2612 periculis
2894 2544 3133 2598 involvit.
3167 2544 3361 2600 Uxoris
3380 2546 3521 2600 enim
3551 2563 3720 2602 venu.

2134 2646 2245 2689 stas
2278 2644 2331 2690 et
2356 2634 2695 2703 pulchritudo
2718 2633 2864 2690 Sara:
2895 2646 3119 2689 tnortetu
3141 2635 3188 2689 ei
3212 2637 3363 2707 quasi
3389 2647 3514 2691 ante
3536 2639 3723 2695 oculos

2137 2727 2305 2797 punit.
2354 2724 2478 2780 Ideo
2504 2740 2624 2780 cum
2650 2725 2758 2794 jam
2798 2725 2849 2778 in
2884 2725 3129 2780 confiniis
3160 2735 3302 2781 esset
3341 2726 3556 2799 Egypti
3590 2771 3604 2793 ,
3634 2729 3720 2784 iu-

2132 2831 2415 2889 gressurus
2459 2816 2511 2870 itt
2540 2831 2657 2870 eam
2696 2816 2827 2871 dixit
2855 2815 3005 2871 uxori
3038 2834 3053 2871 :
3089 2816 3209 2872 Scio
3234 2818 3369 2887 quod
3395 2823 3616 2888 formosa
3653 2822 3722 2873 sis

2133 2908 2287 2979 (Gen.
2318 2908 2404 2963 12.
2438 2906 2524 2961 ll.
2547 2907 2679 2976 sqq.)
2701 2922 2715 2971 ;
2738 2906 2850 2960 scio
2883 2917 2983 2961 tua:
3014 2907 3425 2976 pulchritudinis
3447 2923 3678 2977 spectent
3701 2949 3717 2973 ,

2132 3010 2188 3056 et
2209 3003 2371 3055 timeo
2397 2998 2766 3070 Ailgyptiorum
2803 2997 3288 3066 intemperantiam.
3317 2998 3371 3053 Si
3399 3014 3525 3069 ergo
3556 3009 3607 3054 te
3638 3000 3716 3053 vi-

2131 3092 2327 3156 derint,
2349 3100 2404 3148 et
2423 3091 2767 3161 cognoverint
2795 3090 2934 3159 quod
2964 3090 3035 3143 uti
3060 3105 3279 3145 uxorem
3311 3100 3362 3146 te
3393 3106 3599 3146 mecum
3622 3091 3722 3146 du-

2130 3198 2248 3239 cam
2282 3200 2296 3236 :
2330 3191 2381 3237 le
2422 3181 2635 3252 quidem
2680 3180 2731 3234 in
2775 3182 2880 3233 vita
2932 3181 3258 3246 servabunt,
3288 3189 3345 3235 ut
3390 3180 3472 3235 sui
3524 3179 3719 3235 furoris

2136 3275 2392 3344 impetum
2420 3288 2583 3343 opere
2606 3272 2946 3342 compleant;
2975 3287 3059 3326 me
3088 3282 3267 3326 autem
3300 3272 3542 3328 occident
3568 3314 3583 3340 ,
3612 3289 3719 3341 quo

2130 3366 2289 3422 liceat
2317 3365 2396 3421 eis
2420 3368 2536 3421 sine
2564 3364 2715 3419 obice
2738 3379 2889 3419 suam
2913 3364 3184 3419 libidinem
3203 3365 3441 3435 explere.
3475 3376 3533 3420 ut
3561 3380 3719 3420 nemo

2129 3459 2199 3513 sit
2226 3457 2316 3527 qui
2342 3456 2662 3511 adulterium
2708 3470 2892 3510 eorum
2935 3456 3143 3526 prodat.
3198 3455 3290 3510 Dic
3318 3455 3473 3525 igitur
3497 3473 3574 3509 me
3602 3461 3716 3528 fra—

2129 3557 2253 3602 trem
2293 3556 2433 3601 tuam
2480 3562 2601 3601 esse.
2650 3546 2785 3602 Vide
2833 3547 3228 3600 adantautinam
3276 3549 3508 3601 animum
3539 3588 3552 3613 ,
3596 3547 3716 3604 vide

2129 3646 2364 3692 tuentem
2394 3636 2539 3692 ferro
2566 3636 2910 3691 solidiorem:
2941 3650 3045 3690 nou
3086 3636 3315 3691 turbavit
3341 3636 3456 3706 ejus
3482 3647 3715 3693 mentem

2128 3727 2405 3782 calamitas
2433 3768 2448 3791 ,
2479 3742 2639 3797 quam
2686 3726 3067 3797 exspectabat;
3101 3742 3205 3781 non
3237 3728 3503 3797 cogitabat
3545 3743 3715 3799 neque

2126 3819 2340 3875 dicebat
2361 3819 2496 3873 intra
2524 3819 2870 3886 semetipsum
2900 3837 2909 3871 :
2943 3802 3137 3873 ltleoue
3166 3819 3373 3888 propria
3415 3819 3594 3874 relicta
3625 3836 3716 3889 pa-

2129 3910 2227 3963 tria
2254 3917 2449 3962 tantum
2475 3923 2581 3977 pne
2613 3923 2698 3963 me
2730 3908 2819 3961 tuli
2847 3906 3209 3963 obedietttium
3245 3950 3259 3972 ,
3294 3909 3452 3979 inque
3480 3911 3709 3965 alienam

2126 4003 2246 4058 veni
2270 4012 2462 4057 terram
2495 4043 2511 4069 ,
2544 4011 2598 4055 ut
2626 4000 2774 4057 hisce
2795 4000 2949 4056 malis
2983 4000 3285 4070 itnplicarer
3311 4003 3334 4056 ?
3359 4001 3548 4057 Nonne
3579 4018 3711 4072 pau-

2128 4095 2179 4149 lo
2204 4104 2357 4149 antea
2387 4093 2632 4164 promisit
2656 4092 2822 4147 mihi:
2853 4091 3050 4147 Semiui
3078 4103 3164 4146 tuo
3191 4092 3321 4146 dabo
3339 4102 3524 4146 terram
3545 4094 3712 4148 hanc!

2129 4189 2205 4245 En
2234 4198 2288 4243 et
2318 4186 2560 4243 adulterii
2583 4197 2635 4241 et
2661 4186 2850 4242 mortis
2875 4186 3033 4240 timor
3061 4195 3295 4240 mentem
3328 4198 3563 4240 nostram
3582 4201 3712 4241 con-
3802 4187 3809 4192 ’

2123 4283 2274 4337 cutit.
2300 4280 2404 4336 Sed
2434 4279 2563 4335 nihil
2592 4279 2783 4334 horum
2813 4279 2897 4334 vel
2920 4280 2970 4333 in
2994 4289 3224 4334 mentem
3252 4278 3498 4349 accipere
3524 4278 3709 4349 digna-

2125 4382 2208 4426 tus
2250 4384 2331 4426 εει
2367 4389 2379 4424 :
2414 4386 2573 4424 unum
2617 4370 2664 4423 ei
2707 4369 2987 4425 dumtaxat
3034 4384 3178 4425 cura:
3235 4378 3347 4424 erat
3383 4410 3399 4433 ,
3439 4369 3708 4438 quomodo

2125 4447 2375 4516 miseram
2406 4460 2544 4515 hanc
2578 4451 2809 4514 fabulam
2847 4460 2916 4514 ita
2944 4467 3126 4529 ageret
3154 4500 3169 4524 ,
3202 4458 3410 4513 duobus
3437 4457 3559 4512 hinc
3588 4458 3709 4514 inde

2123 4555 2373 4625 periculis
2413 4552 2723 4624 urgentibus
2749 4593 2764 4618 ,
2797 4562 2852 4606 ut
2897 4551 2977 4607 vel
3027 4567 3191 4606 unum
3241 4550 3428 4606 saltem
3468 4549 3705 4621 effugere

2120 4654 2322 4717 posset.

2178 4730 2445 4791 ‘Hirabilis
2470 4736 2568 4791 Dei
2594 4735 2906 4805 providentia
2929 4737 3064 4790 circa
3098 4736 3458 4790 Abrahamum.
3491 4735 3567 4789 0b
3595 4751 3697 4789 mo-

2117 4829 2588 4897 destiambeneﬁciis
2601 4829 2808 4899 afﬁcitur
2832 4826 3409 4896 Abraltamus.——lgitur
3422 4836 3700 4896 postquam

2117 4921 2232 4990 ipse
2276 4936 2394 4989 qua:
2419 4935 2513 4975 sua
2542 4928 2695 4973 erant
2720 4918 2895 4972 attulit
2934 4957 2950 4984 ,
2997 4918 3220 4971 consilio
3247 4918 3506 4973 'videlicet
3544 4929 3701 4974 utens

2114 5023 2168 5067 et
2194 5012 2354 5067 animi
2389 5010 2695 5066 fortitudine
2721 5028 2734 5064 :
2763 5010 2955 5070 mulier
2982 5025 3193 5080 quoque
3221 5010 3544 5080 singularem
3572 5026 3698 5082 erga

2114 5105 2285 5159 virum
2316 5088 2649 5162 affectionem
2686 5111 2740 5156 et
2784 5100 3142 5157 obedientiam
3172 5101 3452 5156 declarans
3491 5118 3693 5174 coope-

2113 5207 2223 5252 rata
2255 5204 2335 5251 est
2359 5236 2374 5259 ,
2413 5202 2468 5249 et
2496 5195 2559 5250 iis
2582 5209 2701 5265 qua:
2733 5193 2946 5248 decreta
2990 5192 3198 5248 fuerant
3225 5195 3577 5251 ministravit:
3609 5198 3693 5251 ubi

2111 5289 2269 5359 igitur
2293 5287 2434 5358 quod
2460 5302 2612 5342 suum
2643 5294 2758 5340 erat
2786 5284 3122 5355 perfecerunt
3156 5328 3169 5351 ,
3200 5301 3430 5357 cumque
3468 5289 3578 5357 jam
3609 5305 3694 5343 sc-

2108 5378 2339 5433 cundutu
2403 5377 2690 5431 humanum
2748 5392 2950 5432 morem
3014 5377 3388 5447 desperaretur
3434 5421 3450 5443 ,
3487 5388 3542 5434 et
3579 5377 3691 5433 fere

2107 5486 2270 5541 opere
2312 5472 2574 5542 completa
2634 5469 2820 5524 fuisset
2866 5468 3236 5540 Egyptiorutn
3283 5470 3512 5532 malitia,
3563 5476 3688 5521 tunc

2106 5579 2295 5634 magna
2326 5563 2418 5617 Dei
2445 5562 2497 5617 in
2521 5577 2644 5617 eum
2691 5561 3022 5632 providentia
3071 5561 3340 5617 declarata
3369 5567 3470 5613 est.
3499 5556 3686 5611 Mulie-

2107 5671 2218 5710 rem
2245 5654 2387 5711 cuim
2418 5654 2558 5710 Deus
2599 5670 2704 5708 non
2748 5655 2920 5708 solum
2948 5668 2976 5707 a
3004 5651 3326 5708 contumelia
3351 5648 3564 5719 eripuit,
3593 5647 3676 5702 in-
