  <div class='ocr_page' id='page_1' title='image "/cluster/home/n/w/nwhite01/storage/ocr_20150623/53/mdp.39015028539479/335.png"; bbox 0 0 4020 6136; ppageno 0'>
   <div class='ocr_carea' id='block_1_1' title="bbox 307 254 411 311">
    <p class='ocr_par' dir='ltr' id='par_1_1' title="bbox 307 254 411 311">
     <span class='ocr_line' id='line_1_1' title="bbox 307 254 411 311; baseline 0.029 -3"><span class='ocrx_word' id='word_1_1' title='bbox 307 254 411 311; x_wconf 72' lang='grc'><strong>556</strong></span> 
     </span>
    </p>
   </div>
   <div class='ocr_carea' id='block_1_2' title="bbox 306 366 1881 446">
    <p class='ocr_par' dir='ltr' id='par_1_2' title="bbox 306 366 1881 446">
     <span class='ocr_line' id='line_1_2' title="bbox 306 366 1881 446; baseline 0.009 -32"><span class='ocrx_word' id='word_1_2' title='bbox 306 366 611 435; x_wconf 67' lang='lat' dir='ltr'><strong>dignatione</strong></span> <span class='ocrx_word' id='word_1_3' title='bbox 637 391 729 422; x_wconf 68' lang='lat' dir='ltr'><strong>sua</strong></span> <span class='ocrx_word' id='word_1_4' title='bbox 762 367 813 421; x_wconf 93' lang='lat' dir='ltr'><strong>in</strong></span> <span class='ocrx_word' id='word_1_5' title='bbox 845 385 1024 439; x_wconf 86' lang='lat' dir='ltr'><strong>regem</strong></span> <span class='ocrx_word' id='word_1_6' title='bbox 1051 380 1103 425; x_wconf 95' lang='lat' dir='ltr'><strong>et</strong></span> <span class='ocrx_word' id='word_1_7' title='bbox 1131 369 1186 425; x_wconf 91' lang='lat' dir='ltr'><strong>in</strong></span> <span class='ocrx_word' id='word_1_8' title='bbox 1213 373 1427 427; x_wconf 89' lang='lat' dir='ltr'><strong>domum</strong></span> <span class='ocrx_word' id='word_1_9' title='bbox 1451 373 1565 446; x_wconf 82' lang='lat' dir='ltr'><strong>ejus</strong></span> <span class='ocrx_word' id='word_1_10' title='bbox 1596 375 1831 432; x_wconf 85' lang='lat' dir='ltr'><strong>immissa</strong></span> <span class='ocrx_word' id='word_1_11' title='bbox 1866 416 1881 441; x_wconf 93' lang='lat'><strong>,</strong></span> 
     </span>
    </p>
   </div>
   <div class='ocr_carea' id='block_1_3' title="bbox 307 463 1884 538">
    <p class='ocr_par' dir='ltr' id='par_1_3' title="bbox 307 463 1884 538">
     <span class='ocr_line' id='line_1_3' title="bbox 307 463 1884 538; baseline 0.006 -25"><span class='ocrx_word' id='word_1_12' title='bbox 307 463 475 517; x_wconf 76' lang='lat' dir='ltr'><strong>sedet</strong></span> <span class='ocrx_word' id='word_1_13' title='bbox 501 465 851 534; x_wconf 85' lang='lat' dir='ltr'><strong>patriarcltam</strong></span> <span class='ocrx_word' id='word_1_14' title='bbox 892 481 1013 521; x_wconf 87' lang='lat' dir='ltr'><strong>cunt</strong></span> <span class='ocrx_word' id='word_1_15' title='bbox 1055 482 1243 536; x_wconf 78' lang='lat' dir='ltr'><strong>magna</strong></span> <span class='ocrx_word' id='word_1_16' title='bbox 1275 469 1437 538; x_wconf 81' lang='lat' dir='ltr'><strong>gloria</strong></span> <span class='ocrx_word' id='word_1_17' title='bbox 1465 470 1514 524; x_wconf 94' lang='lat' dir='ltr'><strong>in</strong></span> <span class='ocrx_word' id='word_1_18' title='bbox 1549 470 1884 525; x_wconf 71' lang='lat' dir='ltr'><strong>Palmstiuam</strong></span> 
     </span>
    </p>
   </div>
   <div class='ocr_carea' id='block_1_4' title="bbox 306 554 1885 629">
    <p class='ocr_par' dir='ltr' id='par_1_4' title="bbox 306 554 1885 629">
     <span class='ocr_line' id='line_1_4' title="bbox 306 554 1885 629; baseline 0.004 -25"><span class='ocrx_word' id='word_1_19' title='bbox 306 571 366 606; x_wconf 80' lang='lat' dir='ltr'><strong>ex</strong></span> <span class='ocrx_word' id='word_1_20' title='bbox 391 554 621 626; x_wconf 51' lang='lat' dir='ltr'><strong>{Egypto</strong></span> <span class='ocrx_word' id='word_1_21' title='bbox 650 556 823 610; x_wconf 88' lang='lat' dir='ltr'><strong>redire</strong></span> <span class='ocrx_word' id='word_1_22' title='bbox 850 559 1073 611; x_wconf 91' lang='lat' dir='ltr'><strong>curavit.</strong></span> <span class='ocrx_word' id='word_1_23' title='bbox 1101 557 1390 613; x_wconf 87' lang='lat' dir='ltr'><strong>Considera</strong></span> <span class='ocrx_word' id='word_1_24' title='bbox 1437 559 1705 629; x_wconf 86' lang='lat' dir='ltr'><strong>quomodo</strong></span> <span class='ocrx_word' id='word_1_25' title='bbox 1737 559 1885 612; x_wconf 82' lang='lat' dir='ltr'><strong>beni-</strong></span> 
     </span>
    </p>
   </div>
   <div class='ocr_carea' id='block_1_5' title="bbox 306 649 1888 713">
    <p class='ocr_par' dir='ltr' id='par_1_5' title="bbox 306 649 1888 713">
     <span class='ocr_line' id='line_1_5' title="bbox 306 649 1888 713; baseline 0.003 -14"><span class='ocrx_word' id='word_1_26' title='bbox 306 663 441 713; x_wconf 74' lang='lat' dir='ltr'><strong>guns</strong></span> <span class='ocrx_word' id='word_1_27' title='bbox 468 649 720 702; x_wconf 71' lang='lat' dir='ltr'><strong>liominns</strong></span> <span class='ocrx_word' id='word_1_28' title='bbox 743 651 792 702; x_wconf 90' lang='lat' dir='ltr'><strong>itt</strong></span> <span class='ocrx_word' id='word_1_29' title='bbox 828 650 1018 704; x_wconf 84' lang='lat' dir='ltr'><strong>mediis</strong></span> <span class='ocrx_word' id='word_1_30' title='bbox 1044 651 1296 705; x_wconf 84' lang='lat' dir='ltr'><strong>auxilium</strong></span> <span class='ocrx_word' id='word_1_31' title='bbox 1328 650 1555 706; x_wconf 69' lang='lat' dir='ltr'><strong>aliercns</strong></span> <span class='ocrx_word' id='word_1_32' title='bbox 1582 650 1888 705; x_wconf 84' lang='lat' dir='ltr'><strong>teutationi-</strong></span> 
     </span>
    </p>
   </div>
   <div class='ocr_carea' id='block_1_6' title="bbox 310 739 1887 813">
    <p class='ocr_par' dir='ltr' id='par_1_6' title="bbox 310 739 1887 813">
     <span class='ocr_line' id='line_1_6' title="bbox 310 739 1887 813; baseline 0.004 -24"><span class='ocrx_word' id='word_1_33' title='bbox 310 741 406 792; x_wconf 91' lang='lat' dir='ltr'><strong>bus</strong></span> <span class='ocrx_word' id='word_1_34' title='bbox 429 781 442 799; x_wconf 83' lang='lat'><strong>,</strong></span> <span class='ocrx_word' id='word_1_35' title='bbox 471 739 723 793; x_wconf 89' lang='lat' dir='ltr'><strong>athletam</strong></span> <span class='ocrx_word' id='word_1_36' title='bbox 752 755 903 794; x_wconf 86' lang='lat' dir='ltr'><strong>somn</strong></span> <span class='ocrx_word' id='word_1_37' title='bbox 933 742 997 795; x_wconf 89' lang='lat' dir='ltr'><strong>ad</strong></span> <span class='ocrx_word' id='word_1_38' title='bbox 1030 742 1245 798; x_wconf 77' lang='lat' dir='ltr'><strong>ferenda</strong></span> <span class='ocrx_word' id='word_1_39' title='bbox 1277 744 1555 813; x_wconf 73' lang='lat' dir='ltr'><strong>sequentia</strong></span> <span class='ocrx_word' id='word_1_40' title='bbox 1597 744 1887 797; x_wconf 89' lang='lat' dir='ltr'><strong>certamina</strong></span> 
     </span>
    </p>
   </div>
   <div class='ocr_carea' id='block_1_7' title="bbox 310 826 1888 901">
    <p class='ocr_par' dir='ltr' id='par_1_7' title="bbox 310 826 1888 901">
     <span class='ocr_line' id='line_1_7' title="bbox 310 826 1888 901; baseline 0.005 -22"><span class='ocrx_word' id='word_1_41' title='bbox 310 826 581 882; x_wconf 68' lang='lat' dir='ltr'><strong>funi-trem</strong></span> <span class='ocrx_word' id='word_1_42' title='bbox 613 831 814 884; x_wconf 90' lang='lat' dir='ltr'><strong>reddit:</strong></span> <span class='ocrx_word' id='word_1_43' title='bbox 850 846 945 886; x_wconf 88' lang='lat' dir='ltr'><strong>nec</strong></span> <span class='ocrx_word' id='word_1_44' title='bbox 968 848 1216 901; x_wconf 81' lang='lat' dir='ltr'><strong>umquam</strong></span> <span class='ocrx_word' id='word_1_45' title='bbox 1248 848 1369 887; x_wconf 88' lang='lat' dir='ltr'><strong>eum</strong></span> <span class='ocrx_word' id='word_1_46' title='bbox 1392 848 1488 887; x_wconf 88' lang='lat' dir='ltr'><strong>SllO</strong></span> <span class='ocrx_word' id='word_1_47' title='bbox 1525 833 1765 888; x_wconf 59' lang='lat' dir='ltr'><strong>distituit</strong></span> <span class='ocrx_word' id='word_1_48' title='bbox 1793 834 1888 887; x_wconf 85' lang='lat' dir='ltr'><strong>ad-</strong></span> 
     </span>
    </p>
   </div>
   <div class='ocr_carea' id='block_1_8' title="bbox 306 919 1893 995">
    <p class='ocr_par' dir='ltr' id='par_1_8' title="bbox 306 919 1893 995">
     <span class='ocr_line' id='line_1_8' title="bbox 306 919 1893 995; baseline 0.006 -24"><span class='ocrx_word' id='word_1_49' title='bbox 306 919 549 988; x_wconf 89' lang='lat' dir='ltr'><strong>jumento</strong></span> <span class='ocrx_word' id='word_1_50' title='bbox 569 963 583 985; x_wconf 94' lang='lat'><strong>,</strong></span> <span class='ocrx_word' id='word_1_51' title='bbox 612 923 707 977; x_wconf 90' lang='lat' dir='ltr'><strong>sed</strong></span> <span class='ocrx_word' id='word_1_52' title='bbox 740 926 791 976; x_wconf 90' lang='lat' dir='ltr'><strong>in</strong></span> <span class='ocrx_word' id='word_1_53' title='bbox 823 924 1070 978; x_wconf 90' lang='lat' dir='ltr'><strong>omnibus</strong></span> <span class='ocrx_word' id='word_1_54' title='bbox 1097 941 1206 979; x_wconf 84' lang='lat' dir='ltr'><strong>rem</strong></span> <span class='ocrx_word' id='word_1_55' title='bbox 1235 927 1303 979; x_wconf 86' lang='lat' dir='ltr'><strong>ita</strong></span> <span class='ocrx_word' id='word_1_56' title='bbox 1330 934 1627 995; x_wconf 91' lang='lat' dir='ltr'><strong>temperat,</strong></span> <span class='ocrx_word' id='word_1_57' title='bbox 1657 935 1710 979; x_wconf 91' lang='lat' dir='ltr'><strong>ut</strong></span> <span class='ocrx_word' id='word_1_58' title='bbox 1737 925 1893 994; x_wconf 83' lang='lat' dir='ltr'><strong>plane</strong></span> 
     </span>
    </p>
   </div>
   <div class='ocr_carea' id='block_1_9' title="bbox 309 1012 1892 1087">
    <p class='ocr_par' dir='ltr' id='par_1_9' title="bbox 309 1012 1892 1087">
     <span class='ocr_line' id='line_1_9' title="bbox 309 1012 1892 1087; baseline 0.004 -22"><span class='ocrx_word' id='word_1_59' title='bbox 309 1012 487 1066; x_wconf 77' lang='lat' dir='ltr'><strong>videat</strong></span> <span class='ocrx_word' id='word_1_60' title='bbox 515 1012 627 1080; x_wconf 89' lang='lat' dir='ltr'><strong>ille,</strong></span> <span class='ocrx_word' id='word_1_61' title='bbox 660 1030 717 1067; x_wconf 84' lang='lat' dir='ltr'><strong>se</strong></span> <span class='ocrx_word' id='word_1_62' title='bbox 745 1020 899 1083; x_wconf 80' lang='lat' dir='ltr'><strong>parva</strong></span> <span class='ocrx_word' id='word_1_63' title='bbox 935 1016 1249 1085; x_wconf 89' lang='lat' dir='ltr'><strong>proferendo</strong></span> <span class='ocrx_word' id='word_1_64' title='bbox 1272 1059 1285 1082; x_wconf 94' lang='lat'><strong>,</strong></span> <span class='ocrx_word' id='word_1_65' title='bbox 1314 1019 1518 1087; x_wconf 81' lang='lat' dir='ltr'><strong>magnis</strong></span> <span class='ocrx_word' id='word_1_66' title='bbox 1538 1026 1591 1073; x_wconf 91' lang='lat' dir='ltr'><strong>et</strong></span> <span class='ocrx_word' id='word_1_67' title='bbox 1622 1017 1812 1072; x_wconf 90' lang='lat' dir='ltr'><strong>mirum</strong></span> <span class='ocrx_word' id='word_1_68' title='bbox 1841 1019 1892 1072; x_wconf 92' lang='lat' dir='ltr'><strong>in</strong></span> 
     </span>
    </p>
   </div>
   <div class='ocr_carea' id='block_1_10' title="bbox 312 1092 1896 1178">
    <p class='ocr_par' dir='ltr' id='par_1_10' title="bbox 312 1092 1896 1178">
     <span class='ocr_line' id='line_1_10' title="bbox 312 1092 1896 1178; baseline 0.003 -22"><span class='ocrx_word' id='word_1_69' title='bbox 312 1103 781 1173; x_wconf 72' lang='lat' dir='ltr'><strong>moduntauagnis,</strong></span> <span class='ocrx_word' id='word_1_70' title='bbox 812 1092 1205 1178; x_wconf 84' lang='lat' dir='ltr'><strong>humanamque</strong></span> <span class='ocrx_word' id='word_1_71' title='bbox 1236 1117 1478 1162; x_wconf 89' lang='lat' dir='ltr'><strong>naturam</strong></span> <span class='ocrx_word' id='word_1_72' title='bbox 1513 1109 1896 1163; x_wconf 78' lang='lat' dir='ltr'><strong>transcenden-</strong></span> 
     </span>
    </p>
   </div>
   <div class='ocr_carea' id='block_1_11' title="bbox 313 1194 1894 1268">
    <p class='ocr_par' dir='ltr' id='par_1_11' title="bbox 313 1194 1894 1268">
     <span class='ocr_line' id='line_1_11' title="bbox 313 1194 1894 1268; baseline 0.003 -21"><span class='ocrx_word' id='word_1_73' title='bbox 313 1194 452 1247; x_wconf 83' lang='lat' dir='ltr'><strong>tibus</strong></span> <span class='ocrx_word' id='word_1_74' title='bbox 476 1196 824 1250; x_wconf 77' lang='lat' dir='ltr'><strong>remunerari.</strong></span> <span class='ocrx_word' id='word_1_75' title='bbox 865 1197 1053 1252; x_wconf 80' lang='lat' dir='ltr'><strong>Vidisti</strong></span> <span class='ocrx_word' id='word_1_76' title='bbox 1079 1200 1207 1267; x_wconf 88' lang='lat' dir='ltr'><strong>justi</strong></span> <span class='ocrx_word' id='word_1_77' title='bbox 1234 1199 1584 1268; x_wconf 80' lang='lat' dir='ltr'><strong>patientiam?</strong></span> <span class='ocrx_word' id='word_1_78' title='bbox 1611 1199 1741 1254; x_wconf 86' lang='lat' dir='ltr'><strong>Vide</strong></span> <span class='ocrx_word' id='word_1_79' title='bbox 1769 1200 1894 1253; x_wconf 90' lang='lat' dir='ltr'><strong>item</strong></span> 
     </span>
    </p>
   </div>
   <div class='ocr_carea' id='block_1_12' title="bbox 313 1286 1898 1361">
    <p class='ocr_par' dir='ltr' id='par_1_12' title="bbox 313 1286 1898 1361">
     <span class='ocr_line' id='line_1_12' title="bbox 313 1286 1898 1361; baseline 0.005 -23"><span class='ocrx_word' id='word_1_80' title='bbox 313 1295 433 1354; x_wconf 89' lang='lat' dir='ltr'><strong>post</strong></span> <span class='ocrx_word' id='word_1_81' title='bbox 458 1286 686 1340; x_wconf 81' lang='lat' dir='ltr'><strong>reditum</strong></span> <span class='ocrx_word' id='word_1_82' title='bbox 718 1302 783 1341; x_wconf 89' lang='lat' dir='ltr'><strong>ex</strong></span> <span class='ocrx_word' id='word_1_83' title='bbox 813 1286 1048 1358; x_wconf 66' lang='lat' dir='ltr'><strong>Egypto</strong></span> <span class='ocrx_word' id='word_1_84' title='bbox 1074 1289 1387 1345; x_wconf 81' lang='lat' dir='ltr'><strong>humilitatis</strong></span> <span class='ocrx_word' id='word_1_85' title='bbox 1408 1291 1898 1361; x_wconf 72' lang='lat' dir='ltr'><strong>magnitudinem‘bt</strong></span> 
     </span>
    </p>
   </div>
   <div class='ocr_carea' id='block_1_13' title="bbox 315 1376 1899 1445">
    <p class='ocr_par' dir='ltr' id='par_1_13' title="bbox 315 1376 1899 1445">
     <span class='ocr_line' id='line_1_13' title="bbox 315 1376 1899 1445; baseline 0.006 -18"><span class='ocrx_word' id='word_1_86' title='bbox 315 1376 579 1445; x_wconf 78' lang='lat' dir='ltr'><strong>insignem</strong></span> <span class='ocrx_word' id='word_1_87' title='bbox 632 1379 1113 1434; x_wconf 68' lang='lat' dir='ltr'><strong>mansuetudinem.</strong></span> <span class='ocrx_word' id='word_1_88' title='bbox 1170 1380 1301 1434; x_wconf 86' lang='lat' dir='ltr'><strong>Nam</strong></span> <span class='ocrx_word' id='word_1_89' title='bbox 1362 1395 1483 1436; x_wconf 91' lang='lat' dir='ltr'><strong>cum</strong></span> <span class='ocrx_word' id='word_1_90' title='bbox 1542 1381 1789 1436; x_wconf 85' lang='lat' dir='ltr'><strong>rcdiisset</strong></span> <span class='ocrx_word' id='word_1_91' title='bbox 1832 1383 1899 1437; x_wconf 90' lang='lat' dir='ltr'><strong>ab</strong></span> 
     </span>
    </p>
   </div>
   <div class='ocr_carea' id='block_1_14' title="bbox 318 1463 1900 1541">
    <p class='ocr_par' dir='ltr' id='par_1_14' title="bbox 318 1463 1900 1541">
     <span class='ocr_line' id='line_1_14' title="bbox 318 1463 1900 1541; baseline 0.005 -23"><span class='ocrx_word' id='word_1_92' title='bbox 318 1463 552 1534; x_wconf 56' lang='lat' dir='ltr'><strong>{Egypto</strong></span> <span class='ocrx_word' id='word_1_93' title='bbox 583 1509 596 1529; x_wconf 87' lang='lat'><strong>,</strong></span> <span class='ocrx_word' id='word_1_94' title='bbox 647 1468 972 1538; x_wconf 71' lang='lat' dir='ltr'><strong>llttllfatlique</strong></span> <span class='ocrx_word' id='word_1_95' title='bbox 1013 1470 1311 1539; x_wconf 81' lang='lat' dir='ltr'><strong>possideret</strong></span> <span class='ocrx_word' id='word_1_96' title='bbox 1351 1472 1699 1525; x_wconf 78' lang='lat' dir='ltr'><strong>Substantiam</strong></span> <span class='ocrx_word' id='word_1_97' title='bbox 1747 1476 1766 1541; x_wconf 92' lang='lat'>(</span> <span class='ocrx_word' id='word_1_98' title='bbox 1802 1487 1900 1527; x_wconf 86' lang='lat' dir='ltr'><strong>nec</strong></span> 
     </span>
    </p>
   </div>
   <div class='ocr_carea' id='block_1_15' title="bbox 316 1555 1901 1633">
    <p class='ocr_par' dir='ltr' id='par_1_15' title="bbox 316 1555 1901 1633">
     <span class='ocr_line' id='line_1_15' title="bbox 316 1555 1901 1633; baseline 0.007 -25"><span class='ocrx_word' id='word_1_99' title='bbox 316 1555 433 1624; x_wconf 84' lang='lat' dir='ltr'><strong>ipse</strong></span> <span class='ocrx_word' id='word_1_100' title='bbox 460 1557 607 1610; x_wconf 87' lang='lat' dir='ltr'><strong>solus</strong></span> <span class='ocrx_word' id='word_1_101' title='bbox 633 1599 645 1620; x_wconf 86' lang='lat'><strong>,</strong></span> <span class='ocrx_word' id='word_1_102' title='bbox 691 1559 784 1613; x_wconf 87' lang='lat' dir='ltr'><strong>sed</strong></span> <span class='ocrx_word' id='word_1_103' title='bbox 814 1561 988 1614; x_wconf 80' lang='lat' dir='ltr'><strong>fratris</strong></span> <span class='ocrx_word' id='word_1_104' title='bbox 1019 1563 1158 1616; x_wconf 88' lang='lat' dir='ltr'><strong>lilitts</strong></span> <span class='ocrx_word' id='word_1_105' title='bbox 1183 1564 1563 1633; x_wconf 84' lang='lat' dir='ltr'><strong>sequebatur),</strong></span> <span class='ocrx_word' id='word_1_106' title='bbox 1596 1563 1713 1618; x_wconf 81' lang='lat' dir='ltr'><strong>Non</strong></span> <span class='ocrx_word' id='word_1_107' title='bbox 1736 1566 1901 1633; x_wconf 78' lang='lat' dir='ltr'><strong>capie-</strong></span> 
     </span>
    </p>
   </div>
   <div class='ocr_carea' id='block_1_16' title="bbox 315 1645 1897 1725">
    <p class='ocr_par' dir='ltr' id='par_1_16' title="bbox 315 1645 1897 1725">
     <span class='ocr_line' id='line_1_16' title="bbox 315 1645 1897 1725; baseline 0.008 -28"><span class='ocrx_word' id='word_1_108' title='bbox 315 1645 418 1708; x_wconf 87' lang='lat' dir='ltr'><strong>bat,</strong></span> <span class='ocrx_word' id='word_1_109' title='bbox 444 1646 630 1715; x_wconf 89' lang='lat' dir='ltr'><strong>inquit,</strong></span> <span class='ocrx_word' id='word_1_110' title='bbox 659 1665 742 1701; x_wconf 91' lang='lat' dir='ltr'><strong>eos</strong></span> <span class='ocrx_word' id='word_1_111' title='bbox 770 1659 901 1701; x_wconf 83' lang='lat' dir='ltr'><strong>terra</strong></span> <span class='ocrx_word' id='word_1_112' title='bbox 928 1661 979 1704; x_wconf 89' lang='lat' dir='ltr'><strong>ut</strong></span> <span class='ocrx_word' id='word_1_113' title='bbox 1010 1651 1291 1705; x_wconf 77' lang='lat' dir='ltr'><strong>habitarent</strong></span> <span class='ocrx_word' id='word_1_114' title='bbox 1313 1653 1464 1706; x_wconf 81' lang='lat' dir='ltr'><strong>simul</strong></span> <span class='ocrx_word' id='word_1_115' title='bbox 1492 1653 1642 1723; x_wconf 78' lang='lat' dir='ltr'><strong>(Gen.</strong></span> <span class='ocrx_word' id='word_1_116' title='bbox 1674 1656 1762 1709; x_wconf 78' lang='lat' dir='ltr'><strong>l3.</strong></span> <span class='ocrx_word' id='word_1_117' title='bbox 1792 1655 1849 1725; x_wconf 88' lang='grc'><strong>6)</strong></span> <span class='ocrx_word' id='word_1_118' title='bbox 1883 1696 1897 1721; x_wconf 88' lang='lat'><strong>,</strong></span> 
     </span>
    </p>
   </div>
   <div class='ocr_carea' id='block_1_17' title="bbox 314 1736 1901 1803">
    <p class='ocr_par' dir='ltr' id='par_1_17' title="bbox 314 1736 1901 1803">
     <span class='ocr_line' id='line_1_17' title="bbox 314 1736 1901 1803; baseline 0.008 -16"><span class='ocrx_word' id='word_1_119' title='bbox 314 1736 437 1803; x_wconf 86' lang='lat' dir='ltr'><strong>quia</strong></span> <span class='ocrx_word' id='word_1_120' title='bbox 476 1738 669 1791; x_wconf 82' lang='lat' dir='ltr'><strong>inultas</strong></span> <span class='ocrx_word' id='word_1_121' title='bbox 716 1740 989 1794; x_wconf 81' lang='lat' dir='ltr'><strong>facultates</strong></span> <span class='ocrx_word' id='word_1_122' title='bbox 1031 1740 1296 1795; x_wconf 72' lang='lat' dir='ltr'><strong>habebant</strong></span> <span class='ocrx_word' id='word_1_123' title='bbox 1328 1760 1339 1795; x_wconf 89' lang='lat'>:</span> <span class='ocrx_word' id='word_1_124' title='bbox 1374 1745 1513 1798; x_wconf 77' lang='lat' dir='ltr'><strong>unde</strong></span> <span class='ocrx_word' id='word_1_125' title='bbox 1556 1756 1604 1797; x_wconf 85' lang='lat' dir='ltr'><strong>et</strong></span> <span class='ocrx_word' id='word_1_126' title='bbox 1638 1745 1747 1798; x_wconf 81' lang='lat' dir='ltr'><strong>rixa</strong></span> <span class='ocrx_word' id='word_1_127' title='bbox 1785 1755 1901 1799; x_wconf 89' lang='lat' dir='ltr'><strong>orta</strong></span> 
     </span>
    </p>
   </div>
   <div class='ocr_carea' id='block_1_18' title="bbox 320 1829 1902 1905">
    <p class='ocr_par' dir='ltr' id='par_1_18' title="bbox 320 1829 1902 1905">
     <span class='ocr_line' id='line_1_18' title="bbox 320 1829 1902 1905; baseline 0.005 -22"><span class='ocrx_word' id='word_1_128' title='bbox 320 1837 403 1883; x_wconf 89' lang='lat' dir='ltr'><strong>cst</strong></span> <span class='ocrx_word' id='word_1_129' title='bbox 430 1829 567 1883; x_wconf 89' lang='lat' dir='ltr'><strong>inter</strong></span> <span class='ocrx_word' id='word_1_130' title='bbox 589 1841 831 1899; x_wconf 67' lang='lat' dir='ltr'><strong>pastores</strong></span> <span class='ocrx_word' id='word_1_131' title='bbox 860 1832 958 1887; x_wconf 88' lang='lat' dir='ltr'><strong>Lot</strong></span> <span class='ocrx_word' id='word_1_132' title='bbox 1001 1843 1055 1887; x_wconf 89' lang='lat' dir='ltr'><strong>et</strong></span> <span class='ocrx_word' id='word_1_133' title='bbox 1085 1834 1303 1887; x_wconf 85' lang='lat' dir='ltr'><strong>Abram.</strong></span> <span class='ocrx_word' id='word_1_134' title='bbox 1334 1835 1482 1888; x_wconf 86' lang='lat' dir='ltr'><strong>Tunc</strong></span> <span class='ocrx_word' id='word_1_135' title='bbox 1505 1836 1680 1905; x_wconf 87' lang='lat' dir='ltr'><strong>justus</strong></span> <span class='ocrx_word' id='word_1_136' title='bbox 1710 1837 1902 1892; x_wconf 67' lang='lat' dir='ltr'><strong>animae</strong></span> 
     </span>
    </p>
   </div>
   <div class='ocr_carea' id='block_1_19' title="bbox 318 1922 1901 1994">
    <p class='ocr_par' dir='ltr' id='par_1_19' title="bbox 318 1922 1901 1994">
     <span class='ocr_line' id='line_1_19' title="bbox 318 1922 1901 1994; baseline 0.006 -21"><span class='ocrx_word' id='word_1_137' title='bbox 318 1936 430 1974; x_wconf 78' lang='lat' dir='ltr'><strong>sua:</strong></span> <span class='ocrx_word' id='word_1_138' title='bbox 462 1922 923 1977; x_wconf 85' lang='lat' dir='ltr'><strong>mansuetudinem</strong></span> <span class='ocrx_word' id='word_1_139' title='bbox 963 1934 1017 1978; x_wconf 92' lang='lat' dir='ltr'><strong>ct</strong></span> <span class='ocrx_word' id='word_1_140' title='bbox 1064 1926 1372 1994; x_wconf 66' lang='lat' dir='ltr'><strong>prteclaratn</strong></span> <span class='ocrx_word' id='word_1_141' title='bbox 1406 1927 1709 1994; x_wconf 80' lang='lat' dir='ltr'><strong>patientiam</strong></span> <span class='ocrx_word' id='word_1_142' title='bbox 1744 1943 1901 1982; x_wconf 89' lang='lat' dir='ltr'><strong>mon-</strong></span> 
     </span>
    </p>
   </div>
   <div class='ocr_carea' id='block_1_20' title="bbox 317 2012 1900 2083">
    <p class='ocr_par' dir='ltr' id='par_1_20' title="bbox 317 2012 1900 2083">
     <span class='ocr_line' id='line_1_20' title="bbox 317 2012 1900 2083; baseline 0.006 -20"><span class='ocrx_word' id='word_1_143' title='bbox 317 2019 512 2075; x_wconf 90' lang='lat' dir='ltr'><strong>strans,</strong></span> <span class='ocrx_word' id='word_1_144' title='bbox 543 2021 731 2066; x_wconf 82' lang='lat' dir='ltr'><strong>vocato</strong></span> <span class='ocrx_word' id='word_1_145' title='bbox 757 2012 857 2067; x_wconf 89' lang='lat' dir='ltr'><strong>Lot</strong></span> <span class='ocrx_word' id='word_1_146' title='bbox 879 2013 1011 2067; x_wconf 81' lang='lat' dir='ltr'><strong>dixit</strong></span> <span class='ocrx_word' id='word_1_147' title='bbox 1050 2034 1062 2068; x_wconf 87' lang='lat'>:</span> <span class='ocrx_word' id='word_1_148' title='bbox 1118 2013 1199 2067; x_wconf 89' lang='lat' dir='ltr'><strong>Ne</strong></span> <span class='ocrx_word' id='word_1_149' title='bbox 1223 2017 1285 2069; x_wconf 87' lang='lat' dir='ltr'><strong>sit</strong></span> <span class='ocrx_word' id='word_1_150' title='bbox 1313 2018 1423 2069; x_wconf 74' lang='lat' dir='ltr'><strong>rixa</strong></span> <span class='ocrx_word' id='word_1_151' title='bbox 1448 2017 1581 2070; x_wconf 88' lang='lat' dir='ltr'><strong>inter</strong></span> <span class='ocrx_word' id='word_1_152' title='bbox 1605 2033 1684 2072; x_wconf 87' lang='lat' dir='ltr'><strong>me</strong></span> <span class='ocrx_word' id='word_1_153' title='bbox 1719 2028 1769 2071; x_wconf 89' lang='lat' dir='ltr'><strong>et</strong></span> <span class='ocrx_word' id='word_1_154' title='bbox 1807 2028 1855 2072; x_wconf 78' lang='lat' dir='ltr'><strong>te</strong></span> <span class='ocrx_word' id='word_1_155' title='bbox 1885 2059 1900 2083; x_wconf 91' lang='lat'><strong>,</strong></span> 
     </span>
    </p>
   </div>
   <div class='ocr_carea' id='block_1_21' title="bbox 317 2102 1904 2178">
    <p class='ocr_par' dir='ltr' id='par_1_21' title="bbox 317 2102 1904 2178">
     <span class='ocr_line' id='line_1_21' title="bbox 317 2102 1904 2178; baseline 0.006 -24"><span class='ocrx_word' id='word_1_156' title='bbox 317 2111 364 2154; x_wconf 89' lang='lat' dir='ltr'><strong>et</strong></span> <span class='ocrx_word' id='word_1_157' title='bbox 392 2102 519 2155; x_wconf 73' lang='lat' dir='ltr'><strong>inter</strong></span> <span class='ocrx_word' id='word_1_158' title='bbox 548 2114 773 2171; x_wconf 80' lang='lat' dir='ltr'><strong>pastores</strong></span> <span class='ocrx_word' id='word_1_159' title='bbox 802 2121 940 2159; x_wconf 85' lang='lat' dir='ltr'><strong>meos</strong></span> <span class='ocrx_word' id='word_1_160' title='bbox 982 2115 1031 2159; x_wconf 88' lang='lat' dir='ltr'><strong>et</strong></span> <span class='ocrx_word' id='word_1_161' title='bbox 1076 2116 1305 2174; x_wconf 85' lang='lat' dir='ltr'><strong>pastores</strong></span> <span class='ocrx_word' id='word_1_162' title='bbox 1339 2118 1450 2161; x_wconf 84' lang='lat' dir='ltr'><strong>tuos</strong></span> <span class='ocrx_word' id='word_1_163' title='bbox 1482 2149 1497 2173; x_wconf 95' lang='lat'><strong>,</strong></span> <span class='ocrx_word' id='word_1_164' title='bbox 1528 2109 1647 2178; x_wconf 83' lang='lat' dir='ltr'><strong>quia</strong></span> <span class='ocrx_word' id='word_1_165' title='bbox 1677 2110 1904 2164; x_wconf 78' lang='lat' dir='ltr'><strong>homines</strong></span> 
     </span>
    </p>
   </div>
   <div class='ocr_carea' id='block_1_22' title="bbox 317 2193 1903 2267">
    <p class='ocr_par' dir='ltr' id='par_1_22' title="bbox 317 2193 1903 2267">
     <span class='ocr_line' id='line_1_22' title="bbox 317 2193 1903 2267; baseline 0.007 -24"><span class='ocrx_word' id='word_1_166' title='bbox 317 2195 505 2261; x_wconf 83' lang='lat' dir='ltr'><strong>fratres</strong></span> <span class='ocrx_word' id='word_1_167' title='bbox 538 2209 713 2247; x_wconf 86' lang='lat' dir='ltr'><strong>sumus</strong></span> <span class='ocrx_word' id='word_1_168' title='bbox 743 2210 834 2248; x_wconf 84' lang='lat' dir='ltr'><strong>nos</strong></span> <span class='ocrx_word' id='word_1_169' title='bbox 870 2193 889 2267; x_wconf 91' lang='lat'>(</span> <span class='ocrx_word' id='word_1_170' title='bbox 917 2194 1050 2249; x_wconf 86' lang='lat' dir='ltr'><strong>Ibid.</strong></span> <span class='ocrx_word' id='word_1_171' title='bbox 1083 2213 1128 2248; x_wconf 82' lang='grc' dir='ltr'><strong>υ.</strong></span> <span class='ocrx_word' id='word_1_172' title='bbox 1153 2198 1186 2249; x_wconf 88' lang='lat'><strong>8</strong></span> <span class='ocrx_word' id='word_1_173' title='bbox 1218 2198 1232 2246; x_wconf 80' lang='lat'><strong>)</strong></span> <span class='ocrx_word' id='word_1_174' title='bbox 1258 2212 1272 2261; x_wconf 91' lang='lat'><strong>;</strong></span> <span class='ocrx_word' id='word_1_175' title='bbox 1302 2200 1456 2267; x_wconf 89' lang='lat' dir='ltr'><strong>quasi</strong></span> <span class='ocrx_word' id='word_1_176' title='bbox 1483 2198 1685 2253; x_wconf 87' lang='lat' dir='ltr'><strong>diceret</strong></span> <span class='ocrx_word' id='word_1_177' title='bbox 1717 2217 1729 2252; x_wconf 88' lang='lat'><strong>:</strong></span> <span class='ocrx_word' id='word_1_178' title='bbox 1762 2198 1903 2254; x_wconf 86' lang='lat' dir='ltr'><strong>Nihil</strong></span> 
     </span>
    </p>
   </div>
   <div class='ocr_carea' id='block_1_23' title="bbox 320 2287 1906 2355">
    <p class='ocr_par' dir='ltr' id='par_1_23' title="bbox 320 2287 1906 2355">
     <span class='ocr_line' id='line_1_23' title="bbox 320 2287 1906 2355; baseline 0.008 -18"><span class='ocrx_word' id='word_1_179' title='bbox 320 2299 452 2353; x_wconf 88' lang='lat' dir='ltr'><strong>pace</strong></span> <span class='ocrx_word' id='word_1_180' title='bbox 505 2287 886 2355; x_wconf 66' lang='lat' dir='ltr'><strong>praestantius;</strong></span> <span class='ocrx_word' id='word_1_181' title='bbox 920 2288 1052 2342; x_wconf 89' lang='lat' dir='ltr'><strong>nihil</strong></span> <span class='ocrx_word' id='word_1_182' title='bbox 1101 2289 1442 2344; x_wconf 87' lang='lat' dir='ltr'><strong>contentione</strong></span> <span class='ocrx_word' id='word_1_183' title='bbox 1490 2292 1800 2347; x_wconf 73' lang='lat' dir='ltr'><strong>damnas-ins</strong></span> <span class='ocrx_word' id='word_1_184' title='bbox 1851 2303 1906 2350; x_wconf 85' lang='lat' dir='ltr'><strong>et</strong></span> 
     </span>
    </p>
   </div>
   <div class='ocr_carea' id='block_1_24' title="bbox 320 2375 1904 2447">
    <p class='ocr_par' dir='ltr' id='par_1_24' title="bbox 320 2375 1904 2447">
     <span class='ocr_line' id='line_1_24' title="bbox 320 2375 1904 2447; baseline 0.008 -20"><span class='ocrx_word' id='word_1_185' title='bbox 320 2375 553 2444; x_wconf 78' lang='lat' dir='ltr'><strong>gravius.</strong></span> <span class='ocrx_word' id='word_1_186' title='bbox 605 2375 670 2432; x_wconf 89' lang='lat' dir='ltr'><strong>Ut</strong></span> <span class='ocrx_word' id='word_1_187' title='bbox 712 2378 870 2447; x_wconf 80' lang='lat' dir='ltr'><strong>igitur</strong></span> <span class='ocrx_word' id='word_1_188' title='bbox 914 2393 944 2433; x_wconf 90' lang='lat' dir='ltr'><strong>e</strong></span> <span class='ocrx_word' id='word_1_189' title='bbox 975 2380 1152 2434; x_wconf 88' lang='lat' dir='ltr'><strong>medio</strong></span> <span class='ocrx_word' id='word_1_190' title='bbox 1177 2381 1429 2436; x_wconf 89' lang='lat' dir='ltr'><strong>tollamus</strong></span> <span class='ocrx_word' id='word_1_191' title='bbox 1457 2397 1670 2437; x_wconf 89' lang='lat' dir='ltr'><strong>omnem</strong></span> <span class='ocrx_word' id='word_1_192' title='bbox 1698 2385 1904 2440; x_wconf 77' lang='lat' dir='ltr'><strong>rixandi</strong></span> 
     </span>
    </p>
   </div>
   <div class='ocr_carea' id='block_1_25' title="bbox 321 2470 1903 2544">
    <p class='ocr_par' dir='ltr' id='par_1_25' title="bbox 321 2470 1903 2544">
     <span class='ocr_line' id='line_1_25' title="bbox 321 2470 1903 2544; baseline 0.007 -24"><span class='ocrx_word' id='word_1_193' title='bbox 321 2471 620 2533; x_wconf 87' lang='lat' dir='ltr'><strong>materiam,</strong></span> <span class='ocrx_word' id='word_1_194' title='bbox 642 2470 778 2539; x_wconf 81' lang='lat' dir='ltr'><strong>elige</strong></span> <span class='ocrx_word' id='word_1_195' title='bbox 805 2487 961 2538; x_wconf 90' lang='lat' dir='ltr'><strong>quam</strong></span> <span class='ocrx_word' id='word_1_196' title='bbox 993 2473 1225 2526; x_wconf 84' lang='lat' dir='ltr'><strong>volueris</strong></span> <span class='ocrx_word' id='word_1_197' title='bbox 1255 2473 1547 2543; x_wconf 81' lang='lat' dir='ltr'><strong>regionem,</strong></span> <span class='ocrx_word' id='word_1_198' title='bbox 1568 2486 1619 2529; x_wconf 91' lang='lat' dir='ltr'><strong>et</strong></span> <span class='ocrx_word' id='word_1_199' title='bbox 1647 2477 1903 2544; x_wconf 72' lang='lat' dir='ltr'><strong>reliquam</strong></span> 
     </span>
    </p>
   </div>
   <div class='ocr_carea' id='block_1_26' title="bbox 321 2558 1904 2628">
    <p class='ocr_par' dir='ltr' id='par_1_26' title="bbox 321 2558 1904 2628">
     <span class='ocr_line' id='line_1_26' title="bbox 321 2558 1904 2628; baseline 0.006 -17"><span class='ocrx_word' id='word_1_200' title='bbox 321 2558 449 2612; x_wconf 85' lang='lat' dir='ltr'><strong>mihi</strong></span> <span class='ocrx_word' id='word_1_201' title='bbox 480 2560 750 2628; x_wconf 87' lang='lat' dir='ltr'><strong>relinque,</strong></span> <span class='ocrx_word' id='word_1_202' title='bbox 802 2571 860 2615; x_wconf 91' lang='lat' dir='ltr'><strong>ut</strong></span> <span class='ocrx_word' id='word_1_203' title='bbox 888 2577 915 2614; x_wconf 90' lang='lat' dir='ltr'><strong>a</strong></span> <span class='ocrx_word' id='word_1_204' title='bbox 946 2563 1113 2615; x_wconf 88' lang='lat' dir='ltr'><strong>litiutu</strong></span> <span class='ocrx_word' id='word_1_205' title='bbox 1142 2571 1196 2617; x_wconf 89' lang='lat' dir='ltr'><strong>et</strong></span> <span class='ocrx_word' id='word_1_206' title='bbox 1221 2564 1621 2618; x_wconf 89' lang='lat' dir='ltr'><strong>contentionum</strong></span> <span class='ocrx_word' id='word_1_207' title='bbox 1665 2567 1904 2621; x_wconf 84' lang='lat' dir='ltr'><strong>molestia</strong></span> 
     </span>
    </p>
   </div>
   <div class='ocr_carea' id='block_1_27' title="bbox 322 2648 1907 2730">
    <p class='ocr_par' dir='ltr' id='par_1_27' title="bbox 322 2648 1907 2730">
     <span class='ocr_line' id='line_1_27' title="bbox 322 2648 1907 2730; baseline 0.008 -28"><span class='ocrx_word' id='word_1_208' title='bbox 322 2648 491 2704; x_wconf 88' lang='lat' dir='ltr'><strong>simus</strong></span> <span class='ocrx_word' id='word_1_209' title='bbox 518 2649 699 2706; x_wconf 91' lang='lat' dir='ltr'><strong>alieni.</strong></span> <span class='ocrx_word' id='word_1_210' title='bbox 736 2650 918 2707; x_wconf 81' lang='lat' dir='ltr'><strong>Vidisti</strong></span> <span class='ocrx_word' id='word_1_211' title='bbox 945 2653 1044 2708; x_wconf 90' lang='lat' dir='ltr'><strong>viri</strong></span> <span class='ocrx_word' id='word_1_212' title='bbox 1079 2653 1368 2710; x_wconf 80' lang='lat' dir='ltr'><strong>virtutem?</strong></span> <span class='ocrx_word' id='word_1_213' title='bbox 1394 2656 1565 2711; x_wconf 73' lang='lat' dir='ltr'><strong>Cessit</strong></span> <span class='ocrx_word' id='word_1_214' title='bbox 1587 2656 1788 2728; x_wconf 75' lang='lat' dir='ltr'><strong>jun&#39;:0ti</strong></span> <span class='ocrx_word' id='word_1_215' title='bbox 1810 2674 1907 2730; x_wconf 84' lang='lat' dir='ltr'><strong>po-</strong></span> 
     </span>
    </p>
   </div>
   <div class='ocr_carea' id='block_1_28' title="bbox 319 2738 1907 2813">
    <p class='ocr_par' dir='ltr' id='par_1_28' title="bbox 319 2738 1907 2813">
     <span class='ocr_line' id='line_1_28' title="bbox 319 2738 1907 2813; baseline 0.008 -21"><span class='ocrx_word' id='word_1_216' title='bbox 319 2738 517 2795; x_wconf 90' lang='lat' dir='ltr'><strong>tiorum</strong></span> <span class='ocrx_word' id='word_1_217' title='bbox 548 2739 810 2797; x_wconf 83' lang='lat' dir='ltr'><strong>electione</strong></span> <span class='ocrx_word' id='word_1_218' title='bbox 833 2782 849 2809; x_wconf 89' lang='lat'><strong>,</strong></span> <span class='ocrx_word' id='word_1_219' title='bbox 879 2742 994 2813; x_wconf 85' lang='lat' dir='ltr'><strong>ipse</strong></span> <span class='ocrx_word' id='word_1_220' title='bbox 1038 2752 1322 2800; x_wconf 90' lang='lat' dir='ltr'><strong>contentus</strong></span> <span class='ocrx_word' id='word_1_221' title='bbox 1365 2746 1551 2801; x_wconf 87' lang='lat' dir='ltr'><strong>viliore</strong></span> <span class='ocrx_word' id='word_1_222' title='bbox 1600 2756 1763 2803; x_wconf 91' lang='lat' dir='ltr'><strong>terra.</strong></span> <span class='ocrx_word' id='word_1_223' title='bbox 1802 2748 1907 2804; x_wconf 87' lang='lat' dir='ltr'><strong>Sed</strong></span> 
     </span>
    </p>
   </div>
   <div class='ocr_carea' id='block_1_29' title="bbox 320 2830 1906 2911">
    <p class='ocr_par' dir='ltr' id='par_1_29' title="bbox 320 2830 1906 2911">
     <span class='ocr_line' id='line_1_29' title="bbox 320 2830 1906 2911; baseline 0.008 -27"><span class='ocrx_word' id='word_1_224' title='bbox 320 2830 442 2886; x_wconf 88' lang='lat' dir='ltr'><strong>vide</strong></span> <span class='ocrx_word' id='word_1_225' title='bbox 473 2830 559 2887; x_wconf 91' lang='lat' dir='ltr'><strong>hic</strong></span> <span class='ocrx_word' id='word_1_226' title='bbox 584 2833 743 2888; x_wconf 87' lang='lat' dir='ltr'><strong>etiam</strong></span> <span class='ocrx_word' id='word_1_227' title='bbox 770 2843 1023 2905; x_wconf 86' lang='lat' dir='ltr'><strong>quantam</strong></span> <span class='ocrx_word' id='word_1_228' title='bbox 1052 2836 1353 2894; x_wconf 80' lang='lat' dir='ltr'><strong>mercedem</strong></span> <span class='ocrx_word' id='word_1_229' title='bbox 1382 2848 1567 2894; x_wconf 88' lang='lat' dir='ltr'><strong>nactus</strong></span> <span class='ocrx_word' id='word_1_230' title='bbox 1597 2842 1665 2894; x_wconf 90' lang='lat' dir='ltr'><strong>sit</strong></span> <span class='ocrx_word' id='word_1_231' title='bbox 1707 2856 1804 2911; x_wconf 88' lang='lat' dir='ltr'><strong>pro</strong></span> <span class='ocrx_word' id='word_1_232' title='bbox 1842 2842 1906 2898; x_wconf 92' lang='lat' dir='ltr'><strong>iis</strong></span> 
     </span>
    </p>
   </div>
   <div class='ocr_carea' id='block_1_30' title="bbox 320 2922 1908 2999">
    <p class='ocr_par' dir='ltr' id='par_1_30' title="bbox 320 2922 1908 2999">
     <span class='ocr_line' id='line_1_30' title="bbox 320 2922 1908 2999; baseline 0.008 -23"><span class='ocrx_word' id='word_1_233' title='bbox 320 2922 434 2977; x_wconf 84' lang='lat' dir='ltr'><strong>suis</strong></span> <span class='ocrx_word' id='word_1_234' title='bbox 458 2922 668 2979; x_wconf 83' lang='lat' dir='ltr'><strong>officiis.</strong></span> <span class='ocrx_word' id='word_1_235' title='bbox 702 2924 892 2981; x_wconf 90' lang='lat' dir='ltr'><strong>Statim</strong></span> <span class='ocrx_word' id='word_1_236' title='bbox 923 2928 1066 2982; x_wconf 89' lang='lat' dir='ltr'><strong>enim</strong></span> <span class='ocrx_word' id='word_1_237' title='bbox 1089 2930 1425 2997; x_wconf 88' lang='lat' dir='ltr'><strong>separatione</strong></span> <span class='ocrx_word' id='word_1_238' title='bbox 1452 2946 1480 2982; x_wconf 80' lang='grc' dir='ltr'>τι</span> <span class='ocrx_word' id='word_1_239' title='bbox 1512 2930 1610 2987; x_wconf 87' lang='lat' dir='ltr'><strong>Lot</strong></span> <span class='ocrx_word' id='word_1_240' title='bbox 1636 2932 1769 2987; x_wconf 90' lang='lat' dir='ltr'><strong>facta</strong></span> <span class='ocrx_word' id='word_1_241' title='bbox 1790 2975 1805 2999; x_wconf 88' lang='lat'><strong>,</strong></span> <span class='ocrx_word' id='word_1_242' title='bbox 1832 2934 1908 2990; x_wconf 89' lang='lat' dir='ltr'><strong>ait</strong></span> 
     </span>
    </p>
   </div>
   <div class='ocr_carea' id='block_1_31' title="bbox 321 3012 1909 3081">
    <p class='ocr_par' dir='ltr' id='par_1_31' title="bbox 321 3012 1909 3081">
     <span class='ocr_line' id='line_1_31' title="bbox 321 3012 1909 3081; baseline 0.008 -13"><span class='ocrx_word' id='word_1_243' title='bbox 321 3012 397 3069; x_wconf 91' lang='lat' dir='ltr'><strong>illi</strong></span> <span class='ocrx_word' id='word_1_244' title='bbox 444 3014 616 3072; x_wconf 88' lang='lat' dir='ltr'><strong>Deus:</strong></span> <span class='ocrx_word' id='word_1_245' title='bbox 649 3015 876 3074; x_wconf 81' lang='lat' dir='ltr'><strong>Elevatis</strong></span> <span class='ocrx_word' id='word_1_246' title='bbox 922 3020 1084 3075; x_wconf 85' lang='lat' dir='ltr'><strong>oculis</strong></span> <span class='ocrx_word' id='word_1_247' title='bbox 1110 3022 1210 3075; x_wconf 88' lang='lat' dir='ltr'><strong>tuis</strong></span> <span class='ocrx_word' id='word_1_248' title='bbox 1246 3023 1361 3076; x_wconf 83' lang='lat' dir='ltr'><strong>vide</strong></span> <span class='ocrx_word' id='word_1_249' title='bbox 1398 3038 1592 3076; x_wconf 82' lang='lat' dir='ltr'><strong>omnem</strong></span> <span class='ocrx_word' id='word_1_250' title='bbox 1634 3034 1819 3078; x_wconf 87' lang='lat' dir='ltr'><strong>terram</strong></span> <span class='ocrx_word' id='word_1_251' title='bbox 1845 3025 1909 3081; x_wconf 90' lang='lat' dir='ltr'><strong>ab</strong></span> 
     </span>
    </p>
   </div>
   <div class='ocr_carea' id='block_1_32' title="bbox 323 3107 1910 3185">
    <p class='ocr_par' dir='ltr' id='par_1_32' title="bbox 323 3107 1910 3185">
     <span class='ocr_line' id='line_1_32' title="bbox 323 3107 1910 3185; baseline 0.009 -26"><span class='ocrx_word' id='word_1_252' title='bbox 323 3107 462 3161; x_wconf 88' lang='lat' dir='ltr'><strong>omni</strong></span> <span class='ocrx_word' id='word_1_253' title='bbox 483 3118 626 3178; x_wconf 85' lang='lat' dir='ltr'><strong>parte</strong></span> <span class='ocrx_word' id='word_1_254' title='bbox 646 3126 665 3164; x_wconf 90' lang='lat'><strong><em>:</em></strong></span> <span class='ocrx_word' id='word_1_255' title='bbox 689 3111 808 3180; x_wconf 82' lang='lat' dir='ltr'><strong>quia</strong></span> <span class='ocrx_word' id='word_1_256' title='bbox 846 3128 1044 3168; x_wconf 86' lang='lat' dir='ltr'><strong>omnem</strong></span> <span class='ocrx_word' id='word_1_257' title='bbox 1074 3122 1259 3167; x_wconf 77' lang='lat' dir='ltr'><strong>terrain</strong></span> <span class='ocrx_word' id='word_1_258' title='bbox 1284 3155 1300 3181; x_wconf 93' lang='lat'><strong>,</strong></span> <span class='ocrx_word' id='word_1_259' title='bbox 1332 3132 1484 3183; x_wconf 83' lang='lat' dir='ltr'><strong>quam</strong></span> <span class='ocrx_word' id='word_1_260' title='bbox 1515 3128 1567 3170; x_wconf 89' lang='lat' dir='ltr'><strong>tu</strong></span> <span class='ocrx_word' id='word_1_261' title='bbox 1596 3117 1732 3172; x_wconf 82' lang='lat' dir='ltr'><strong>vides</strong></span> <span class='ocrx_word' id='word_1_262' title='bbox 1765 3159 1780 3185; x_wconf 92' lang='lat'><strong>,</strong></span> <span class='ocrx_word' id='word_1_263' title='bbox 1822 3117 1910 3173; x_wconf 83' lang='lat' dir='ltr'><strong>tibi</strong></span> 
     </span>
    </p>
   </div>
   <div class='ocr_carea' id='block_1_33' title="bbox 323 3196 1907 3278">
    <p class='ocr_par' dir='ltr' id='par_1_33' title="bbox 323 3196 1907 3278">
     <span class='ocr_line' id='line_1_33' title="bbox 323 3196 1907 3278; baseline 0.009 -30"><span class='ocrx_word' id='word_1_264' title='bbox 323 3196 456 3251; x_wconf 85' lang='lat' dir='ltr'><strong>dabo</strong></span> <span class='ocrx_word' id='word_1_265' title='bbox 484 3208 529 3251; x_wconf 85' lang='lat' dir='ltr'><strong>et</strong></span> <span class='ocrx_word' id='word_1_266' title='bbox 556 3199 737 3254; x_wconf 85' lang='lat' dir='ltr'><strong>semini</strong></span> <span class='ocrx_word' id='word_1_267' title='bbox 776 3210 861 3255; x_wconf 85' lang='lat' dir='ltr'><strong>tuo</strong></span> <span class='ocrx_word' id='word_1_268' title='bbox 907 3219 1067 3271; x_wconf 82' lang='lat' dir='ltr'><strong>usque</strong></span> <span class='ocrx_word' id='word_1_269' title='bbox 1103 3204 1155 3257; x_wconf 91' lang='lat' dir='ltr'><strong>in</strong></span> <span class='ocrx_word' id='word_1_270' title='bbox 1192 3205 1430 3258; x_wconf 71' lang='lat' dir='ltr'><strong>sa’culum</strong></span> <span class='ocrx_word' id='word_1_271' title='bbox 1475 3205 1494 3275; x_wconf 93' lang='lat'>(</span> <span class='ocrx_word' id='word_1_272' title='bbox 1525 3204 1662 3260; x_wconf 82' lang='lat' dir='ltr'><strong>Ibid.</strong></span> <span class='ocrx_word' id='word_1_273' title='bbox 1694 3224 1745 3263; x_wconf 84' lang='grc' dir='ltr'><strong>υ.</strong></span> <span class='ocrx_word' id='word_1_274' title='bbox 1777 3208 1844 3263; x_wconf 78' lang='lat' dir='ltr'><strong>M</strong></span> <span class='ocrx_word' id='word_1_275' title='bbox 1867 3209 1907 3278; x_wconf 92' lang='lat'><strong>).</strong></span> 
     </span>
    </p>
   </div>
   <div class='ocr_carea' id='block_1_34' title="bbox 322 3286 1908 3359">
    <p class='ocr_par' dir='ltr' id='par_1_34' title="bbox 322 3286 1908 3359">
     <span class='ocr_line' id='line_1_34' title="bbox 322 3286 1908 3359; baseline 0.008 -17"><span class='ocrx_word' id='word_1_276' title='bbox 322 3286 613 3343; x_wconf 82' lang='lat' dir='ltr'><strong>Considera</strong></span> <span class='ocrx_word' id='word_1_277' title='bbox 652 3294 865 3359; x_wconf 87' lang='lat' dir='ltr'><strong>quantis</strong></span> <span class='ocrx_word' id='word_1_278' title='bbox 897 3291 1169 3347; x_wconf 77' lang='lat' dir='ltr'><strong>beneﬂciis</strong></span> <span class='ocrx_word' id='word_1_279' title='bbox 1200 3294 1395 3349; x_wconf 91' lang='lat' dir='ltr'><strong>merito</strong></span> <span class='ocrx_word' id='word_1_280' title='bbox 1426 3293 1657 3351; x_wconf 82' lang='lat' dir='ltr'><strong>afficitur</strong></span> <span class='ocrx_word' id='word_1_281' title='bbox 1691 3298 1759 3353; x_wconf 92' lang='lat' dir='ltr'><strong>ob</strong></span> <span class='ocrx_word' id='word_1_282' title='bbox 1787 3313 1908 3353; x_wconf 92' lang='lat' dir='ltr'><strong>mo-</strong></span> 
     </span>
    </p>
   </div>
   <div class='ocr_carea' id='block_1_35' title="bbox 321 3376 1910 3459">
    <p class='ocr_par' dir='ltr' id='par_1_35' title="bbox 321 3376 1910 3459">
     <span class='ocr_line' id='line_1_35' title="bbox 321 3376 1910 3459; baseline 0.008 -26"><span class='ocrx_word' id='word_1_283' title='bbox 321 3376 546 3433; x_wconf 78' lang='lat' dir='ltr'><strong>destiam</strong></span> <span class='ocrx_word' id='word_1_284' title='bbox 577 3418 592 3443; x_wconf 90' lang='lat'><strong>,</strong></span> <span class='ocrx_word' id='word_1_285' title='bbox 619 3394 777 3448; x_wconf 90' lang='lat' dir='ltr'><strong>quam</strong></span> <span class='ocrx_word' id='word_1_286' title='bbox 805 3395 931 3451; x_wconf 87' lang='lat' dir='ltr'><strong>erga</strong></span> <span class='ocrx_word' id='word_1_287' title='bbox 958 3381 1135 3437; x_wconf 82' lang='lat' dir='ltr'><strong>fratris</strong></span> <span class='ocrx_word' id='word_1_288' title='bbox 1159 3382 1323 3437; x_wconf 84' lang='lat' dir='ltr'><strong>filium</strong></span> <span class='ocrx_word' id='word_1_289' title='bbox 1346 3385 1638 3440; x_wconf 87' lang='lat' dir='ltr'><strong>declaravit</strong></span> <span class='ocrx_word' id='word_1_290' title='bbox 1668 3403 1682 3440; x_wconf 89' lang='lat'><strong>:</strong></span> <span class='ocrx_word' id='word_1_291' title='bbox 1710 3398 1765 3443; x_wconf 92' lang='lat' dir='ltr'><strong>et</strong></span> <span class='ocrx_word' id='word_1_292' title='bbox 1795 3389 1910 3459; x_wconf 87' lang='lat' dir='ltr'><strong>ipse</strong></span> 
     </span>
    </p>
   </div>
   <div class='ocr_carea' id='block_1_36' title="bbox 323 3465 1910 3547">
    <p class='ocr_par' dir='ltr' id='par_1_36' title="bbox 323 3465 1910 3547">
     <span class='ocr_line' id='line_1_36' title="bbox 323 3465 1910 3547; baseline 0.01 -29"><span class='ocrx_word' id='word_1_293' title='bbox 323 3465 538 3536; x_wconf 88' lang='lat' dir='ltr'><strong>quidem</strong></span> <span class='ocrx_word' id='word_1_294' title='bbox 569 3477 625 3522; x_wconf 89' lang='grc' dir='ltr'><strong>ιιι</strong></span> <span class='ocrx_word' id='word_1_295' title='bbox 649 3470 823 3538; x_wconf 77' lang='lat' dir='ltr'><strong>parvis</strong></span> <span class='ocrx_word' id='word_1_296' title='bbox 863 3472 1023 3526; x_wconf 86' lang='lat' dir='ltr'><strong>cessit</strong></span> <span class='ocrx_word' id='word_1_297' title='bbox 1052 3512 1067 3538; x_wconf 96' lang='lat'><strong>,</strong></span> <span class='ocrx_word' id='word_1_298' title='bbox 1097 3471 1263 3527; x_wconf 91' lang='lat' dir='ltr'><strong>multo</strong></span> <span class='ocrx_word' id='word_1_299' title='bbox 1306 3474 1506 3543; x_wconf 84' lang='lat' dir='ltr'><strong>majora</strong></span> <span class='ocrx_word' id='word_1_300' title='bbox 1547 3487 1910 3547; x_wconf 89' lang='lat' dir='ltr'><strong>consequutus</strong></span> 
     </span>
    </p>
   </div>
   <div class='ocr_carea' id='block_1_37' title="bbox 324 3560 1908 3638">
    <p class='ocr_par' dir='ltr' id='par_1_37' title="bbox 324 3560 1908 3638">
     <span class='ocr_line' id='line_1_37' title="bbox 324 3560 1908 3638; baseline 0.009 -26"><span class='ocrx_word' id='word_1_301' title='bbox 324 3568 410 3613; x_wconf 90' lang='lat' dir='ltr'><strong>est</strong></span> <span class='ocrx_word' id='word_1_302' title='bbox 443 3576 456 3612; x_wconf 87' lang='lat'><strong>:</strong></span> <span class='ocrx_word' id='word_1_303' title='bbox 491 3560 579 3615; x_wconf 88' lang='lat' dir='ltr'><strong>ille</strong></span> <span class='ocrx_word' id='word_1_304' title='bbox 602 3569 778 3616; x_wconf 90' lang='lat' dir='ltr'><strong>autem</strong></span> <span class='ocrx_word' id='word_1_305' title='bbox 812 3563 899 3633; x_wconf 90' lang='lat' dir='ltr'><strong>qtti</strong></span> <span class='ocrx_word' id='word_1_306' title='bbox 931 3563 1190 3633; x_wconf 83' lang='lat' dir='ltr'><strong>potiorem</strong></span> <span class='ocrx_word' id='word_1_307' title='bbox 1224 3575 1425 3634; x_wconf 90' lang='lat' dir='ltr'><strong>partem</strong></span> <span class='ocrx_word' id='word_1_308' title='bbox 1454 3567 1767 3638; x_wconf 83' lang='lat' dir='ltr'><strong>delegerat,</strong></span> <span class='ocrx_word' id='word_1_309' title='bbox 1801 3584 1908 3626; x_wconf 90' lang='lat' dir='ltr'><strong>non</strong></span> 
     </span>
    </p>
   </div>
   <div class='ocr_carea' id='block_1_38' title="bbox 326 3652 1908 3727">
    <p class='ocr_par' dir='ltr' id='par_1_38' title="bbox 326 3652 1908 3727">
     <span class='ocr_line' id='line_1_38' title="bbox 326 3652 1908 3727; baseline 0.009 -21"><span class='ocrx_word' id='word_1_310' title='bbox 326 3652 497 3709; x_wconf 90' lang='lat' dir='ltr'><strong>multo</strong></span> <span class='ocrx_word' id='word_1_311' title='bbox 543 3663 663 3725; x_wconf 89' lang='lat' dir='ltr'><strong>post</strong></span> <span class='ocrx_word' id='word_1_312' title='bbox 698 3655 749 3710; x_wconf 93' lang='lat' dir='ltr'><strong>in</strong></span> <span class='ocrx_word' id='word_1_313' title='bbox 798 3657 1031 3727; x_wconf 90' lang='lat' dir='ltr'><strong>pericula</strong></span> <span class='ocrx_word' id='word_1_314' title='bbox 1075 3658 1294 3714; x_wconf 89' lang='lat' dir='ltr'><strong>incidit:</strong></span> <span class='ocrx_word' id='word_1_315' title='bbox 1323 3670 1372 3715; x_wconf 90' lang='lat' dir='ltr'><strong>et</strong></span> <span class='ocrx_word' id='word_1_316' title='bbox 1421 3677 1524 3716; x_wconf 92' lang='lat' dir='ltr'><strong>non</strong></span> <span class='ocrx_word' id='word_1_317' title='bbox 1573 3662 1745 3717; x_wconf 92' lang='lat' dir='ltr'><strong>solum</strong></span> <span class='ocrx_word' id='word_1_318' title='bbox 1775 3662 1908 3721; x_wconf 88' lang='lat' dir='ltr'><strong>nihil</strong></span> 
     </span>
    </p>
   </div>
   <div class='ocr_carea' id='block_1_39' title="bbox 324 3747 1908 3826">
    <p class='ocr_par' dir='ltr' id='par_1_39' title="bbox 324 3747 1908 3826">
     <span class='ocr_line' id='line_1_39' title="bbox 324 3747 1908 3826; baseline 0.009 -25"><span class='ocrx_word' id='word_1_319' title='bbox 324 3747 590 3803; x_wconf 85' lang='lat' dir='ltr'><strong>commodi</strong></span> <span class='ocrx_word' id='word_1_320' title='bbox 621 3748 688 3802; x_wconf 90' lang='lat' dir='ltr'><strong>ab</strong></span> <span class='ocrx_word' id='word_1_321' title='bbox 716 3749 980 3807; x_wconf 89' lang='lat' dir='ltr'><strong>electione</strong></span> <span class='ocrx_word' id='word_1_322' title='bbox 1000 3752 1236 3822; x_wconf 74' lang='lat' dir='ltr'><strong>accepit,</strong></span> <span class='ocrx_word' id='word_1_323' title='bbox 1268 3754 1363 3809; x_wconf 88' lang='lat' dir='ltr'><strong>sed</strong></span> <span class='ocrx_word' id='word_1_324' title='bbox 1384 3766 1437 3810; x_wconf 90' lang='lat' dir='ltr'><strong>et</strong></span> <span class='ocrx_word' id='word_1_325' title='bbox 1466 3757 1707 3826; x_wconf 85' lang='lat' dir='ltr'><strong>captivus</strong></span> <span class='ocrx_word' id='word_1_326' title='bbox 1728 3766 1783 3814; x_wconf 91' lang='lat' dir='ltr'><strong>et</strong></span> <span class='ocrx_word' id='word_1_327' title='bbox 1807 3758 1908 3815; x_wconf 82' lang='lat' dir='ltr'><strong>do-</strong></span> 
     </span>
    </p>
   </div>
   <div class='ocr_carea' id='block_1_40' title="bbox 325 3838 1910 3921">
    <p class='ocr_par' dir='ltr' id='par_1_40' title="bbox 325 3838 1910 3921">
     <span class='ocr_line' id='line_1_40' title="bbox 325 3838 1910 3921; baseline 0.011 -31"><span class='ocrx_word' id='word_1_328' title='bbox 325 3853 415 3892; x_wconf 91' lang='lat' dir='ltr'><strong>mo</strong></span> <span class='ocrx_word' id='word_1_329' title='bbox 445 3847 603 3909; x_wconf 90' lang='lat' dir='ltr'><strong>atque</strong></span> <span class='ocrx_word' id='word_1_330' title='bbox 628 3838 746 3895; x_wconf 84' lang='lat' dir='ltr'><strong>foco</strong></span> <span class='ocrx_word' id='word_1_331' title='bbox 777 3849 997 3912; x_wconf 89' lang='lat' dir='ltr'><strong>repente</strong></span> <span class='ocrx_word' id='word_1_332' title='bbox 1022 3843 1180 3898; x_wconf 90' lang='lat' dir='ltr'><strong>simul</strong></span> <span class='ocrx_word' id='word_1_333' title='bbox 1227 3845 1466 3916; x_wconf 83' lang='lat' dir='ltr'><strong>privatus</strong></span> <span class='ocrx_word' id='word_1_334' title='bbox 1487 3856 1569 3902; x_wconf 91' lang='lat' dir='ltr'><strong>est</strong></span> <span class='ocrx_word' id='word_1_335' title='bbox 1599 3865 1613 3912; x_wconf 85' lang='lat'><strong>;</strong></span> <span class='ocrx_word' id='word_1_336' title='bbox 1643 3849 1910 3921; x_wconf 85' lang='lat' dir='ltr'><strong>rebusque</strong></span> 
     </span>
    </p>
   </div>
   <div class='ocr_carea' id='block_1_41' title="bbox 326 3929 1912 4009">
    <p class='ocr_par' dir='ltr' id='par_1_41' title="bbox 326 3929 1912 4009">
     <span class='ocr_line' id='line_1_41' title="bbox 326 3929 1912 4009; baseline 0.01 -28"><span class='ocrx_word' id='word_1_337' title='bbox 326 3929 453 3997; x_wconf 84' lang='lat' dir='ltr'><strong>ipsis</strong></span> <span class='ocrx_word' id='word_1_338' title='bbox 483 3929 667 3985; x_wconf 83' lang='lat' dir='ltr'><strong>didicit</strong></span> <span class='ocrx_word' id='word_1_339' title='bbox 697 3948 854 4003; x_wconf 86' lang='lat' dir='ltr'><strong>quam</strong></span> <span class='ocrx_word' id='word_1_340' title='bbox 884 3934 1075 3989; x_wconf 81' lang='lat' dir='ltr'><strong>eximia</strong></span> <span class='ocrx_word' id='word_1_341' title='bbox 1099 3935 1266 3990; x_wconf 85' lang='lat' dir='ltr'><strong>virtus</strong></span> <span class='ocrx_word' id='word_1_342' title='bbox 1293 3937 1441 4004; x_wconf 88' lang='lat' dir='ltr'><strong>justi,</strong></span> <span class='ocrx_word' id='word_1_343' title='bbox 1473 3947 1527 3993; x_wconf 93' lang='lat' dir='ltr'><strong>et</strong></span> <span class='ocrx_word' id='word_1_344' title='bbox 1558 3940 1670 4009; x_wconf 90' lang='lat' dir='ltr'><strong>ipse</strong></span> <span class='ocrx_word' id='word_1_345' title='bbox 1689 3941 1912 3997; x_wconf 88' lang='lat' dir='ltr'><strong>edoctus</strong></span> 
     </span>
    </p>
   </div>
   <div class='ocr_carea' id='block_1_42' title="bbox 323 4024 1908 4096">
    <p class='ocr_par' dir='ltr' id='par_1_42' title="bbox 323 4024 1908 4096">
     <span class='ocr_line' id='line_1_42' title="bbox 323 4024 1908 4096; baseline 0.008 -21"><span class='ocrx_word' id='word_1_346' title='bbox 323 4030 407 4075; x_wconf 89' lang='lat' dir='ltr'><strong>est</strong></span> <span class='ocrx_word' id='word_1_347' title='bbox 449 4038 517 4077; x_wconf 91' lang='lat' dir='ltr'><strong>ne</strong></span> <span class='ocrx_word' id='word_1_348' title='bbox 565 4032 744 4093; x_wconf 91' lang='lat' dir='ltr'><strong>postea</strong></span> <span class='ocrx_word' id='word_1_349' title='bbox 788 4024 916 4096; x_wconf 90' lang='lat' dir='ltr'><strong>quid</strong></span> <span class='ocrx_word' id='word_1_350' title='bbox 962 4042 1210 4096; x_wconf 86' lang='lat' dir='ltr'><strong>umquam</strong></span> <span class='ocrx_word' id='word_1_351' title='bbox 1257 4029 1361 4083; x_wconf 89' lang='lat' dir='ltr'><strong>tale</strong></span> <span class='ocrx_word' id='word_1_352' title='bbox 1418 4037 1722 4086; x_wconf 88' lang='lat' dir='ltr'><strong>attentaret.</strong></span> <span class='ocrx_word' id='word_1_353' title='bbox 1776 4031 1908 4088; x_wconf 91' lang='lat' dir='ltr'><strong>Nam</strong></span> 
     </span>
    </p>
   </div>
   <div class='ocr_carea' id='block_1_43' title="bbox 327 4115 1910 4189">
    <p class='ocr_par' dir='ltr' id='par_1_43' title="bbox 327 4115 1910 4189">
     <span class='ocr_line' id='line_1_43' title="bbox 327 4115 1910 4189; baseline 0.009 -23"><span class='ocrx_word' id='word_1_354' title='bbox 327 4122 605 4182; x_wconf 88' lang='lat' dir='ltr'><strong>postquam</strong></span> <span class='ocrx_word' id='word_1_355' title='bbox 630 4115 876 4172; x_wconf 79' lang='lat' dir='ltr'><strong>Sodomis</strong></span> <span class='ocrx_word' id='word_1_356' title='bbox 915 4116 1158 4174; x_wconf 89' lang='lat' dir='ltr'><strong>habitare</strong></span> <span class='ocrx_word' id='word_1_357' title='bbox 1187 4121 1347 4189; x_wconf 78' lang='lat' dir='ltr'><strong>coepit</strong></span> <span class='ocrx_word' id='word_1_358' title='bbox 1377 4162 1392 4184; x_wconf 94' lang='lat'><strong>,</strong></span> <span class='ocrx_word' id='word_1_359' title='bbox 1416 4122 1593 4179; x_wconf 88' lang='lat' dir='ltr'><strong>statim</strong></span> <span class='ocrx_word' id='word_1_360' title='bbox 1621 4124 1910 4181; x_wconf 76' lang='lat' dir='ltr'><strong>excitatum</strong></span> 
     </span>
    </p>
   </div>
   <div class='ocr_carea' id='block_1_44' title="bbox 323 4206 1911 4284">
    <p class='ocr_par' dir='ltr' id='par_1_44' title="bbox 323 4206 1911 4284">
     <span class='ocr_line' id='line_1_44' title="bbox 323 4206 1911 4284; baseline 0.01 -27"><span class='ocrx_word' id='word_1_361' title='bbox 323 4211 408 4258; x_wconf 87' lang='lat' dir='ltr'><strong>est</strong></span> <span class='ocrx_word' id='word_1_362' title='bbox 431 4219 594 4274; x_wconf 87' lang='lat' dir='ltr'><strong>grave</strong></span> <span class='ocrx_word' id='word_1_363' title='bbox 623 4206 820 4261; x_wconf 91' lang='lat' dir='ltr'><strong>bellum</strong></span> <span class='ocrx_word' id='word_1_364' title='bbox 851 4248 865 4272; x_wconf 93' lang='lat'><strong>,</strong></span> <span class='ocrx_word' id='word_1_365' title='bbox 890 4218 946 4263; x_wconf 90' lang='lat' dir='ltr'><strong>et</strong></span> <span class='ocrx_word' id='word_1_366' title='bbox 969 4210 1264 4265; x_wconf 90' lang='lat' dir='ltr'><strong>vicinarum</strong></span> <span class='ocrx_word' id='word_1_367' title='bbox 1285 4213 1521 4280; x_wconf 86' lang='lat' dir='ltr'><strong>gentium</strong></span> <span class='ocrx_word' id='word_1_368' title='bbox 1554 4229 1706 4284; x_wconf 83' lang='lat' dir='ltr'><strong>reges</strong></span> <span class='ocrx_word' id='word_1_369' title='bbox 1738 4217 1911 4273; x_wconf 86' lang='lat' dir='ltr'><strong>insur-</strong></span> 
     </span>
    </p>
   </div>
   <div class='ocr_carea' id='block_1_45' title="bbox 325 4301 1904 4374">
    <p class='ocr_par' dir='ltr' id='par_1_45' title="bbox 325 4301 1904 4374">
     <span class='ocr_line' id='line_1_45' title="bbox 325 4301 1904 4374; baseline 0.009 -26"><span class='ocrx_word' id='word_1_370' title='bbox 325 4304 579 4349; x_wconf 77' lang='lat' dir='ltr'><strong>vexerunt</strong></span> <span class='ocrx_word' id='word_1_371' title='bbox 603 4305 657 4351; x_wconf 92' lang='lat' dir='ltr'><strong>et</strong></span> <span class='ocrx_word' id='word_1_372' title='bbox 677 4312 891 4353; x_wconf 89' lang='lat' dir='ltr'><strong>omnem</strong></span> <span class='ocrx_word' id='word_1_373' title='bbox 920 4301 1194 4369; x_wconf 83' lang='lat' dir='ltr'><strong>regionem</strong></span> <span class='ocrx_word' id='word_1_374' title='bbox 1223 4303 1378 4357; x_wconf 91' lang='lat' dir='ltr'><strong>simul</strong></span> <span class='ocrx_word' id='word_1_375' title='bbox 1409 4303 1715 4374; x_wconf 88' lang='lat' dir='ltr'><strong>depopulati</strong></span> <span class='ocrx_word' id='word_1_376' title='bbox 1747 4318 1904 4374; x_wconf 91' lang='lat' dir='ltr'><strong>sunt;</strong></span> 
     </span>
    </p>
   </div>
   <div class='ocr_carea' id='block_1_46' title="bbox 323 4385 1910 4465">
    <p class='ocr_par' dir='ltr' id='par_1_46' title="bbox 323 4385 1910 4465">
     <span class='ocr_line' id='line_1_46' title="bbox 323 4385 1910 4465; baseline 0.01 -28"><span class='ocrx_word' id='word_1_377' title='bbox 323 4385 727 4458; x_wconf 89' lang='lat' dir='ltr'><strong>gigantibusque</strong></span> <span class='ocrx_word' id='word_1_378' title='bbox 754 4388 944 4445; x_wconf 90' lang='lat' dir='ltr'><strong>occisis</strong></span> <span class='ocrx_word' id='word_1_379' title='bbox 976 4431 992 4458; x_wconf 87' lang='lat'><strong>,</strong></span> <span class='ocrx_word' id='word_1_380' title='bbox 1020 4399 1074 4445; x_wconf 90' lang='lat' dir='ltr'><strong>et</strong></span> <span class='ocrx_word' id='word_1_381' title='bbox 1113 4393 1418 4449; x_wconf 83' lang='lat' dir='ltr'><strong>Amalecitis</strong></span> <span class='ocrx_word' id='word_1_382' title='bbox 1442 4396 1677 4464; x_wconf 81' lang='lat' dir='ltr'><strong>expulsis</strong></span> <span class='ocrx_word' id='word_1_383' title='bbox 1695 4440 1711 4465; x_wconf 92' lang='lat'><strong>,</strong></span> <span class='ocrx_word' id='word_1_384' title='bbox 1746 4396 1910 4453; x_wconf 91' lang='lat' dir='ltr'><strong>etiam</strong></span> 
     </span>
    </p>
   </div>
   <div class='ocr_carea' id='block_1_47' title="bbox 324 4477 1910 4559">
    <p class='ocr_par' dir='ltr' id='par_1_47' title="bbox 324 4477 1910 4559">
     <span class='ocr_line' id='line_1_47' title="bbox 324 4477 1910 4559; baseline 0.009 -27"><span class='ocrx_word' id='word_1_385' title='bbox 324 4477 680 4533; x_wconf 89' lang='lat' dir='ltr'><strong>Sodomorum</strong></span> <span class='ocrx_word' id='word_1_386' title='bbox 709 4495 886 4550; x_wconf 81' lang='lat' dir='ltr'><strong>regem</strong></span> <span class='ocrx_word' id='word_1_387' title='bbox 908 4491 963 4538; x_wconf 91' lang='lat' dir='ltr'><strong>et</strong></span> <span class='ocrx_word' id='word_1_388' title='bbox 983 4483 1295 4542; x_wconf 76' lang='lat' dir='ltr'><strong>Gomorrhm</strong></span> <span class='ocrx_word' id='word_1_389' title='bbox 1320 4485 1372 4541; x_wconf 93' lang='lat' dir='ltr'><strong>in</strong></span> <span class='ocrx_word' id='word_1_390' title='bbox 1394 4484 1571 4558; x_wconf 83' lang='lat' dir='ltr'><strong>fugam</strong></span> <span class='ocrx_word' id='word_1_391' title='bbox 1602 4480 1910 4559; x_wconf 75' lang='lat' dir='ltr'><strong>verterunt,</strong></span> 
     </span>
    </p>
   </div>
   <div class='ocr_carea' id='block_1_48' title="bbox 330 4568 1911 4650">
    <p class='ocr_par' dir='ltr' id='par_1_48' title="bbox 330 4568 1911 4650">
     <span class='ocr_line' id='line_1_48' title="bbox 330 4568 1911 4650; baseline 0.01 -29"><span class='ocrx_word' id='word_1_392' title='bbox 330 4568 600 4623; x_wconf 87' lang='lat' dir='ltr'><strong>montanis</strong></span> <span class='ocrx_word' id='word_1_393' title='bbox 626 4572 874 4626; x_wconf 89' lang='lat' dir='ltr'><strong>omnibus</strong></span> <span class='ocrx_word' id='word_1_394' title='bbox 900 4576 1193 4644; x_wconf 89' lang='lat' dir='ltr'><strong>occupatis,</strong></span> <span class='ocrx_word' id='word_1_395' title='bbox 1224 4584 1279 4632; x_wconf 91' lang='lat' dir='ltr'><strong>et</strong></span> <span class='ocrx_word' id='word_1_396' title='bbox 1305 4579 1542 4648; x_wconf 91' lang='lat' dir='ltr'><strong>equitatu</strong></span> <span class='ocrx_word' id='word_1_397' title='bbox 1565 4580 1706 4650; x_wconf 83' lang='lat' dir='ltr'><strong>regis</strong></span> <span class='ocrx_word' id='word_1_398' title='bbox 1732 4578 1911 4636; x_wconf 80' lang='lat' dir='ltr'><strong>Sodo-</strong></span> 
     </span>
    </p>
   </div>
   <div class='ocr_carea' id='block_1_49' title="bbox 230 4662 1913 4735">
    <p class='ocr_par' dir='ltr' id='par_1_49' title="bbox 230 4662 1913 4735">
     <span class='ocr_line' id='line_1_49' title="bbox 230 4662 1913 4735; baseline 0.01 -25"><span class='ocrx_word' id='word_1_399' title='bbox 230 4671 233 4675; x_wconf 92' lang='grc'><strong>·</strong></span> <span class='ocrx_word' id='word_1_400' title='bbox 325 4672 533 4711; x_wconf 90' lang='lat' dir='ltr'><strong>morum</strong></span> <span class='ocrx_word' id='word_1_401' title='bbox 565 4668 753 4714; x_wconf 88' lang='lat' dir='ltr'><strong>avecto</strong></span> <span class='ocrx_word' id='word_1_402' title='bbox 777 4676 880 4715; x_wconf 91' lang='lat' dir='ltr'><strong>una</strong></span> <span class='ocrx_word' id='word_1_403' title='bbox 910 4677 1029 4716; x_wconf 90' lang='lat' dir='ltr'><strong>cum</strong></span> <span class='ocrx_word' id='word_1_404' title='bbox 1058 4662 1159 4719; x_wconf 86' lang='lat' dir='ltr'><strong>Lot</strong></span> <span class='ocrx_word' id='word_1_405' title='bbox 1176 4665 1406 4734; x_wconf 88' lang='lat' dir='ltr'><strong>captivo,</strong></span> <span class='ocrx_word' id='word_1_406' title='bbox 1431 4669 1764 4735; x_wconf 86' lang='lat' dir='ltr'><strong>mulieribus,</strong></span> <span class='ocrx_word' id='word_1_407' title='bbox 1798 4685 1913 4726; x_wconf 88' lang='lat' dir='ltr'><strong>om-</strong></span> 
     </span>
    </p>
   </div>
   <div class='ocr_carea' id='block_1_50' title="bbox 328 4750 1152 4821">
    <p class='ocr_par' dir='ltr' id='par_1_50' title="bbox 328 4750 1152 4821">
     <span class='ocr_line' id='line_1_50' title="bbox 328 4750 1152 4821; baseline 0.008 -18"><span class='ocrx_word' id='word_1_408' title='bbox 328 4750 590 4821; x_wconf 87' lang='lat' dir='ltr'><strong>nibusque</strong></span> <span class='ocrx_word' id='word_1_409' title='bbox 617 4753 863 4818; x_wconf 87' lang='lat' dir='ltr'><strong>sarcinis,</strong></span> <span class='ocrx_word' id='word_1_410' title='bbox 886 4753 1152 4810; x_wconf 89' lang='lat' dir='ltr'><strong>abierunt.</strong></span> 
     </span>
    </p>
   </div>
   <div class='ocr_carea' id='block_1_51' title="bbox 397 4843 1910 4919">
    <p class='ocr_par' dir='ltr' id='par_1_51' title="bbox 397 4843 1910 4919">
     <span class='ocr_line' id='line_1_51' title="bbox 397 4843 1910 4919; baseline 0.007 -21"><span class='ocrx_word' id='word_1_411' title='bbox 397 4844 450 4898; x_wconf 80' lang='lat'><strong>‘5.</strong></span> <span class='ocrx_word' id='word_1_412' title='bbox 482 4843 588 4900; x_wconf 90' lang='lat' dir='ltr'><strong>Sed</strong></span> <span class='ocrx_word' id='word_1_413' title='bbox 639 4845 759 4902; x_wconf 86' lang='lat' dir='ltr'><strong>vide</strong></span> <span class='ocrx_word' id='word_1_414' title='bbox 807 4847 999 4905; x_wconf 90' lang='lat' dir='ltr'><strong>iterum</strong></span> <span class='ocrx_word' id='word_1_415' title='bbox 1053 4847 1320 4918; x_wconf 88' lang='lat' dir='ltr'><strong>ingentem</strong></span> <span class='ocrx_word' id='word_1_416' title='bbox 1366 4848 1455 4903; x_wconf 89' lang='lat' dir='ltr'><strong>Dei</strong></span> <span class='ocrx_word' id='word_1_417' title='bbox 1503 4852 1910 4919; x_wconf 76' lang='lat' dir='ltr'><strong>providentiam.</strong></span> 
     </span>
    </p>
   </div>
   <div class='ocr_carea' id='block_1_52' title="bbox 330 4935 1912 5008">
    <p class='ocr_par' dir='ltr' id='par_1_52' title="bbox 330 4935 1912 5008">
     <span class='ocr_line' id='line_1_52' title="bbox 330 4935 1912 5008; baseline 0.006 -18"><span class='ocrx_word' id='word_1_418' title='bbox 330 4935 526 4991; x_wconf 82' lang='lat' dir='ltr'><strong>Volens</strong></span> <span class='ocrx_word' id='word_1_419' title='bbox 552 4937 693 4992; x_wconf 91' lang='lat' dir='ltr'><strong>enim</strong></span> <span class='ocrx_word' id='word_1_420' title='bbox 720 4938 877 4993; x_wconf 88' lang='lat' dir='ltr'><strong>simul</strong></span> <span class='ocrx_word' id='word_1_421' title='bbox 905 4947 959 4993; x_wconf 90' lang='lat' dir='ltr'><strong>et</strong></span> <span class='ocrx_word' id='word_1_422' title='bbox 988 4938 1088 4993; x_wconf 88' lang='lat' dir='ltr'><strong>Lot</strong></span> <span class='ocrx_word' id='word_1_423' title='bbox 1123 4954 1153 4993; x_wconf 90' lang='lat' dir='ltr'><strong>a</strong></span> <span class='ocrx_word' id='word_1_424' title='bbox 1183 4939 1489 5008; x_wconf 84' lang='lat' dir='ltr'><strong>captivitate</strong></span> <span class='ocrx_word' id='word_1_425' title='bbox 1529 4940 1753 4996; x_wconf 88' lang='lat' dir='ltr'><strong>liberum</strong></span> <span class='ocrx_word' id='word_1_426' title='bbox 1785 4945 1912 5000; x_wconf 90' lang='lat' dir='ltr'><strong>red-</strong></span> 
     </span>
    </p>
   </div>
   <div class='ocr_carea' id='block_1_53' title="bbox 325 5032 1916 5104">
    <p class='ocr_par' dir='ltr' id='par_1_53' title="bbox 325 5032 1916 5104">
     <span class='ocr_line' id='line_1_53' title="bbox 325 5032 1916 5104; baseline 0.004 -18"><span class='ocrx_word' id='word_1_427' title='bbox 325 5033 454 5087; x_wconf 85' lang='lat' dir='ltr'><strong>dcrc</strong></span> <span class='ocrx_word' id='word_1_428' title='bbox 481 5075 496 5098; x_wconf 90' lang='lat'><strong>,</strong></span> <span class='ocrx_word' id='word_1_429' title='bbox 524 5042 579 5088; x_wconf 91' lang='lat' dir='ltr'><strong>et</strong></span> <span class='ocrx_word' id='word_1_430' title='bbox 604 5032 921 5103; x_wconf 70' lang='lat' dir='ltr'><strong>patriarchm</strong></span> <span class='ocrx_word' id='word_1_431' title='bbox 942 5033 1163 5104; x_wconf 85' lang='lat' dir='ltr'><strong>gloriam</strong></span> <span class='ocrx_word' id='word_1_432' title='bbox 1192 5034 1358 5104; x_wconf 87' lang='lat' dir='ltr'><strong>magis</strong></span> <span class='ocrx_word' id='word_1_433' title='bbox 1386 5033 1672 5102; x_wconf 85' lang='lat' dir='ltr'><strong>illustrare,</strong></span> <span class='ocrx_word' id='word_1_434' title='bbox 1715 5036 1916 5093; x_wconf 84' lang='lat' dir='ltr'><strong>excitat</strong></span> 
     </span>
    </p>
   </div>
   <div class='ocr_carea' id='block_1_54' title="bbox 323 5124 1914 5197">
    <p class='ocr_par' dir='ltr' id='par_1_54' title="bbox 323 5124 1914 5197">
     <span class='ocr_line' id='line_1_54' title="bbox 323 5124 1914 5197; baseline 0.004 -20"><span class='ocrx_word' id='word_1_435' title='bbox 323 5126 523 5194; x_wconf 88' lang='lat' dir='ltr'><strong>justum</strong></span> <span class='ocrx_word' id='word_1_436' title='bbox 554 5134 609 5179; x_wconf 89' lang='lat' dir='ltr'><strong>ut</strong></span> <span class='ocrx_word' id='word_1_437' title='bbox 639 5124 816 5179; x_wconf 88' lang='lat' dir='ltr'><strong>fratris</strong></span> <span class='ocrx_word' id='word_1_438' title='bbox 843 5125 953 5181; x_wconf 89' lang='lat' dir='ltr'><strong>lilio</strong></span> <span class='ocrx_word' id='word_1_439' title='bbox 982 5134 1276 5179; x_wconf 86' lang='lat' dir='ltr'><strong>succurrat.</strong></span> <span class='ocrx_word' id='word_1_440' title='bbox 1323 5124 1453 5180; x_wconf 87' lang='lat' dir='ltr'><strong>Nam</strong></span> <span class='ocrx_word' id='word_1_441' title='bbox 1488 5136 1545 5179; x_wconf 91' lang='lat' dir='ltr'><strong>ut</strong></span> <span class='ocrx_word' id='word_1_442' title='bbox 1581 5126 1764 5182; x_wconf 87' lang='lat' dir='ltr'><strong>didicit</strong></span> <span class='ocrx_word' id='word_1_443' title='bbox 1794 5142 1914 5197; x_wconf 76' lang='lat' dir='ltr'><strong>qua:</strong></span> 
     </span>
    </p>
   </div>
   <div class='ocr_carea' id='block_1_55' title="bbox 327 5216 1914 5288">
    <p class='ocr_par' dir='ltr' id='par_1_55' title="bbox 327 5216 1914 5288">
     <span class='ocr_line' id='line_1_55' title="bbox 327 5216 1914 5288; baseline 0.002 -18"><span class='ocrx_word' id='word_1_444' title='bbox 327 5216 464 5270; x_wconf 71' lang='lat' dir='ltr'><strong>facta</strong></span> <span class='ocrx_word' id='word_1_445' title='bbox 486 5224 660 5281; x_wconf 89' lang='lat' dir='ltr'><strong>erant,</strong></span> <span class='ocrx_word' id='word_1_446' title='bbox 681 5232 799 5271; x_wconf 91' lang='lat' dir='ltr'><strong>cum</strong></span> <span class='ocrx_word' id='word_1_447' title='bbox 830 5217 1129 5273; x_wconf 83' lang='lat' dir='ltr'><strong>vernaculis</strong></span> <span class='ocrx_word' id='word_1_448' title='bbox 1154 5217 1265 5272; x_wconf 90' lang='lat' dir='ltr'><strong>suis</strong></span> <span class='ocrx_word' id='word_1_449' title='bbox 1297 5217 1496 5286; x_wconf 85' lang='lat' dir='ltr'><strong>impetu</strong></span> <span class='ocrx_word' id='word_1_450' title='bbox 1519 5217 1660 5273; x_wconf 88' lang='lat' dir='ltr'><strong>facto</strong></span> <span class='ocrx_word' id='word_1_451' title='bbox 1687 5217 1739 5274; x_wconf 92' lang='lat' dir='ltr'><strong>in</strong></span> <span class='ocrx_word' id='word_1_452' title='bbox 1760 5232 1914 5288; x_wconf 89' lang='lat' dir='ltr'><strong>reges</strong></span> 
     </span>
    </p>
   </div>
   <div class='ocr_carea' id='block_1_56' title="bbox 329 5306 1911 5380">
    <p class='ocr_par' dir='ltr' id='par_1_56' title="bbox 329 5306 1911 5380">
     <span class='ocr_line' id='line_1_56' title="bbox 329 5306 1911 5380; baseline 0.003 -19"><span class='ocrx_word' id='word_1_453' title='bbox 329 5307 450 5362; x_wconf 86' lang='lat' dir='ltr'><strong>illos</strong></span> <span class='ocrx_word' id='word_1_454' title='bbox 475 5348 489 5375; x_wconf 90' lang='lat'><strong>,</strong></span> <span class='ocrx_word' id='word_1_455' title='bbox 519 5306 637 5362; x_wconf 91' lang='lat' dir='ltr'><strong>illos</strong></span> <span class='ocrx_word' id='word_1_456' title='bbox 666 5306 818 5364; x_wconf 82' lang='lat' dir='ltr'><strong>facile</strong></span> <span class='ocrx_word' id='word_1_457' title='bbox 847 5308 1141 5380; x_wconf 77' lang='lat' dir='ltr'><strong>proﬂigavit</strong></span> <span class='ocrx_word' id='word_1_458' title='bbox 1163 5350 1178 5377; x_wconf 93' lang='lat'><strong>,</strong></span> <span class='ocrx_word' id='word_1_459' title='bbox 1210 5316 1265 5364; x_wconf 89' lang='lat' dir='ltr'><strong>et</strong></span> <span class='ocrx_word' id='word_1_460' title='bbox 1303 5307 1405 5363; x_wconf 87' lang='lat' dir='ltr'><strong>Lot</strong></span> <span class='ocrx_word' id='word_1_461' title='bbox 1437 5319 1597 5379; x_wconf 90' lang='lat' dir='ltr'><strong>atque</strong></span> <span class='ocrx_word' id='word_1_462' title='bbox 1640 5310 1911 5374; x_wconf 81' lang='lat' dir='ltr'><strong>mulieres,</strong></span> 
     </span>
    </p>
   </div>
   <div class='ocr_carea' id='block_1_57' title="bbox 328 5401 1915 5473">
    <p class='ocr_par' dir='ltr' id='par_1_57' title="bbox 328 5401 1915 5473">
     <span class='ocr_line' id='line_1_57' title="bbox 328 5401 1915 5473; baseline 0.002 -19"><span class='ocrx_word' id='word_1_463' title='bbox 328 5410 382 5454; x_wconf 91' lang='lat' dir='ltr'><strong>et</strong></span> <span class='ocrx_word' id='word_1_464' title='bbox 409 5414 621 5455; x_wconf 84' lang='lat' dir='ltr'><strong>omnem</strong></span> <span class='ocrx_word' id='word_1_465' title='bbox 661 5401 952 5471; x_wconf 88' lang='lat' dir='ltr'><strong>equitatum</strong></span> <span class='ocrx_word' id='word_1_466' title='bbox 986 5403 1125 5473; x_wconf 83' lang='lat' dir='ltr'><strong>regis</strong></span> <span class='ocrx_word' id='word_1_467' title='bbox 1154 5401 1365 5457; x_wconf 81' lang='lat' dir='ltr'><strong>reduxit</strong></span> <span class='ocrx_word' id='word_1_468' title='bbox 1394 5418 1407 5456; x_wconf 89' lang='lat'>:</span> <span class='ocrx_word' id='word_1_469' title='bbox 1448 5402 1636 5471; x_wconf 86' lang='lat' dir='ltr'><strong>quibus</strong></span> <span class='ocrx_word' id='word_1_470' title='bbox 1668 5411 1772 5456; x_wconf 78' lang='lat' dir='ltr'><strong>tam</strong></span> <span class='ocrx_word' id='word_1_471' title='bbox 1802 5401 1915 5457; x_wconf 87' lang='lat' dir='ltr'><strong>cla-</strong></span> 
     </span>
    </p>
   </div>
   <div class='ocr_carea' id='block_1_58' title="bbox 329 5492 1912 5564">
    <p class='ocr_par' dir='ltr' id='par_1_58' title="bbox 329 5492 1912 5564">
     <span class='ocr_line' id='line_1_58' title="bbox 329 5492 1912 5564; baseline -0.001 -15"><span class='ocrx_word' id='word_1_472' title='bbox 329 5495 404 5549; x_wconf 84' lang='lat' dir='ltr'><strong>ris</strong></span> <span class='ocrx_word' id='word_1_473' title='bbox 430 5493 732 5563; x_wconf 84' lang='lat' dir='ltr'><strong>triumphis,</strong></span> <span class='ocrx_word' id='word_1_474' title='bbox 764 5494 1010 5550; x_wconf 88' lang='lat' dir='ltr'><strong>omnibus</strong></span> <span class='ocrx_word' id='word_1_475' title='bbox 1042 5494 1299 5563; x_wconf 86' lang='lat' dir='ltr'><strong>patefacta</strong></span> <span class='ocrx_word' id='word_1_476' title='bbox 1331 5504 1410 5550; x_wconf 90' lang='lat' dir='ltr'><strong>est</strong></span> <span class='ocrx_word' id='word_1_477' title='bbox 1443 5492 1630 5564; x_wconf 86' lang='lat' dir='ltr'><strong>ingens</strong></span> <span class='ocrx_word' id='word_1_478' title='bbox 1663 5494 1755 5549; x_wconf 89' lang='lat' dir='ltr'><strong>Dei</strong></span> <span class='ocrx_word' id='word_1_479' title='bbox 1785 5507 1912 5563; x_wconf 75' lang='lat' dir='ltr'><strong>erga</strong></span> 
     </span>
    </p>
   </div>
   <div class='ocr_carea' id='block_1_59' title="bbox 333 5583 1913 5652">
    <p class='ocr_par' dir='ltr' id='par_1_59' title="bbox 333 5583 1913 5652">
     <span class='ocr_line' id='line_1_59' title="bbox 333 5583 1913 5652; baseline 0.001 -15"><span class='ocrx_word' id='word_1_480' title='bbox 333 5585 479 5638; x_wconf 85' lang='lat' dir='ltr'><strong>illum</strong></span> <span class='ocrx_word' id='word_1_481' title='bbox 504 5583 873 5640; x_wconf 82' lang='lat' dir='ltr'><strong>benevolentia</strong></span> <span class='ocrx_word' id='word_1_482' title='bbox 896 5627 910 5652; x_wconf 90' lang='lat'><strong>,</strong></span> <span class='ocrx_word' id='word_1_483' title='bbox 939 5594 991 5637; x_wconf 92' lang='lat' dir='ltr'><strong>ct</strong></span> <span class='ocrx_word' id='word_1_484' title='bbox 1018 5584 1189 5652; x_wconf 85' lang='lat' dir='ltr'><strong>ipsum</strong></span> <span class='ocrx_word' id='word_1_485' title='bbox 1219 5600 1323 5639; x_wconf 92' lang='lat' dir='ltr'><strong>non</strong></span> <span class='ocrx_word' id='word_1_486' title='bbox 1369 5599 1463 5639; x_wconf 90' lang='lat' dir='ltr'><strong>sua</strong></span> <span class='ocrx_word' id='word_1_487' title='bbox 1490 5586 1687 5639; x_wconf 87' lang='lat' dir='ltr'><strong>virtute</strong></span> <span class='ocrx_word' id='word_1_488' title='bbox 1713 5592 1913 5638; x_wconf 88' lang='lat' dir='ltr'><strong>tantam</strong></span> 
     </span>
    </p>
   </div>
   <div class='ocr_carea' id='block_1_60' title="bbox 332 5674 1914 5748">
    <p class='ocr_par' dir='ltr' id='par_1_60' title="bbox 332 5674 1914 5748">
     <span class='ocr_line' id='line_1_60' title="bbox 332 5674 1914 5748; baseline -0.001 -19"><span class='ocrx_word' id='word_1_489' title='bbox 332 5687 557 5748; x_wconf 78' lang='lat' dir='ltr'><strong>stragem</strong></span> <span class='ocrx_word' id='word_1_490' title='bbox 604 5675 825 5744; x_wconf 76' lang='lat' dir='ltr'><strong>iecisse,</strong></span> <span class='ocrx_word' id='word_1_491' title='bbox 882 5675 972 5732; x_wconf 78' lang='lat' dir='ltr'><strong>sed</strong></span> <span class='ocrx_word' id='word_1_492' title='bbox 1020 5690 1246 5745; x_wconf 87' lang='lat' dir='ltr'><strong>superna</strong></span> <span class='ocrx_word' id='word_1_493' title='bbox 1278 5677 1469 5740; x_wconf 81' lang='lat' dir='ltr'><strong>virtute</strong></span> <span class='ocrx_word' id='word_1_494' title='bbox 1512 5676 1794 5730; x_wconf 87' lang='lat' dir='ltr'><strong>munitum.</strong></span> <span class='ocrx_word' id='word_1_495' title='bbox 1849 5674 1914 5728; x_wconf 85' lang='lat' dir='ltr'><strong>Et</strong></span> 
     </span>
    </p>
   </div>
   <div class='ocr_carea' id='block_1_61' title="bbox 1024 208 2837 316">
    <p class='ocr_par' dir='ltr' id='par_1_61' title="bbox 1024 208 2837 316">
     <span class='ocr_line' id='line_1_61' title="bbox 1024 208 2837 316; baseline -0.003 -1"><span class='ocrx_word' id='word_1_496' title='bbox 1024 261 1079 315; x_wconf 86' lang='lat' dir='ltr'><strong>s.</strong></span> <span class='ocrx_word' id='word_1_497' title='bbox 1120 261 1398 316; x_wconf 60' lang='lat' dir='ltr'><strong>tonsis</strong></span> <span class='ocrx_word' id='word_1_498' title='bbox 1437 247 1911 311; x_wconf 67' lang='lat' dir='ltr'><strong>cuntsosrotu</strong></span> <span class='ocrx_word' id='word_1_499' title='bbox 1948 208 2267 303; x_wconf 66' lang='lat' dir='ltr'><strong>another.</strong></span> <span class='ocrx_word' id='word_1_500' title='bbox 2304 246 2837 314; x_wconf 66' lang='lat' dir='ltr'><strong>consumma.</strong></span> 
     </span>
    </p>
   </div>
   <div class='ocr_carea' id='block_1_62' title="bbox 3474 266 3573 309">
    <p class='ocr_par' dir='ltr' id='par_1_62' title="bbox 3474 266 3573 309">
     <span class='ocr_line' id='line_1_62' title="bbox 3474 266 3573 309; baseline -0.01 0"><span class='ocrx_word' id='word_1_501' title='bbox 3474 266 3573 309; x_wconf 47' lang='lat' dir='ltr'><strong>57ft</strong></span> 
     </span>
    </p>
   </div>
   <div class='ocr_carea' id='block_1_63' title="bbox 1996 367 3575 446">
    <p class='ocr_par' dir='ltr' id='par_1_63' title="bbox 1996 367 3575 446">
     <span class='ocr_line' id='line_1_63' title="bbox 1996 367 3575 446; baseline -0.004 -17"><span class='ocrx_word' id='word_1_502' title='bbox 1996 373 2109 445; x_wconf 88' lang='lat' dir='ltr'><strong>ipse</strong></span> <span class='ocrx_word' id='word_1_503' title='bbox 2135 388 2346 446; x_wconf 88' lang='lat' dir='ltr'><strong>quoque</strong></span> <span class='ocrx_word' id='word_1_504' title='bbox 2371 371 2667 446; x_wconf 86' lang='lat' dir='ltr'><strong>patriarcha</strong></span> <span class='ocrx_word' id='word_1_505' title='bbox 2693 371 2821 440; x_wconf 89' lang='lat' dir='ltr'><strong>ipsis</strong></span> <span class='ocrx_word' id='word_1_506' title='bbox 2846 369 3000 423; x_wconf 87' lang='lat' dir='ltr'><strong>rebus</strong></span> <span class='ocrx_word' id='word_1_507' title='bbox 3028 367 3325 422; x_wconf 87' lang='lat' dir='ltr'><strong>enitebatur</strong></span> <span class='ocrx_word' id='word_1_508' title='bbox 3350 410 3362 429; x_wconf 91' lang='lat'><strong>,</strong></span> <span class='ocrx_word' id='word_1_509' title='bbox 3397 378 3454 422; x_wconf 91' lang='lat' dir='ltr'><strong>ut</strong></span> <span class='ocrx_word' id='word_1_510' title='bbox 3480 372 3575 423; x_wconf 75' lang='lat' dir='ltr'><strong>Su-</strong></span> 
     </span>
    </p>
   </div>
   <div class='ocr_carea' id='block_1_64' title="bbox 1993 452 3577 520">
    <p class='ocr_par' dir='ltr' id='par_1_64' title="bbox 1993 452 3577 520">
     <span class='ocr_line' id='line_1_64' title="bbox 1993 452 3577 520; baseline -0.003 -2"><span class='ocrx_word' id='word_1_511' title='bbox 1993 466 2207 520; x_wconf 85' lang='lat' dir='ltr'><strong>tlomitis</strong></span> <span class='ocrx_word' id='word_1_512' title='bbox 2235 452 2483 519; x_wconf 79' lang='lat' dir='ltr'><strong>omnibus</strong></span> <span class='ocrx_word' id='word_1_513' title='bbox 2510 463 2699 519; x_wconf 90' lang='lat' dir='ltr'><strong>doctor</strong></span> <span class='ocrx_word' id='word_1_514' title='bbox 2733 461 2895 516; x_wconf 80' lang='lat' dir='ltr'><strong>divini</strong></span> <span class='ocrx_word' id='word_1_515' title='bbox 2924 461 3099 515; x_wconf 88' lang='lat' dir='ltr'><strong>cultus</strong></span> <span class='ocrx_word' id='word_1_516' title='bbox 3133 461 3285 513; x_wconf 71' lang='lat' dir='ltr'><strong>lict-ct</strong></span> <span class='ocrx_word' id='word_1_517' title='bbox 3307 499 3322 520; x_wconf 85' lang='lat'><strong>,</strong></span> <span class='ocrx_word' id='word_1_518' title='bbox 3368 474 3577 513; x_wconf 85' lang='lat' dir='ltr'><strong>necnon</strong></span> 
     </span>
    </p>
   </div>
   <div class='ocr_carea' id='block_1_65' title="bbox 1999 550 3575 626">
    <p class='ocr_par' dir='ltr' id='par_1_65' title="bbox 1999 550 3575 626">
     <span class='ocr_line' id='line_1_65' title="bbox 1999 550 3575 626; baseline -0.005 -17"><span class='ocrx_word' id='word_1_519' title='bbox 1999 555 2178 611; x_wconf 84' lang='lat' dir='ltr'><strong>verbis</strong></span> <span class='ocrx_word' id='word_1_520' title='bbox 2205 556 2309 610; x_wconf 86' lang='lat' dir='ltr'><strong>illis</strong></span> <span class='ocrx_word' id='word_1_521' title='bbox 2328 555 2478 626; x_wconf 90' lang='lat' dir='ltr'><strong>queis</strong></span> <span class='ocrx_word' id='word_1_522' title='bbox 2505 570 2682 626; x_wconf 85' lang='lat' dir='ltr'><strong>regem</strong></span> <span class='ocrx_word' id='word_1_523' title='bbox 2709 552 3095 623; x_wconf 87' lang='lat' dir='ltr'><strong>alloquebatur.</strong></span> <span class='ocrx_word' id='word_1_524' title='bbox 3150 550 3280 604; x_wconf 83' lang='lat' dir='ltr'><strong>Nam</strong></span> <span class='ocrx_word' id='word_1_525' title='bbox 3308 565 3430 619; x_wconf 85' lang='lat' dir='ltr'><strong>quia</strong></span> <span class='ocrx_word' id='word_1_526' title='bbox 3453 565 3575 602; x_wconf 90' lang='lat' dir='ltr'><strong>cum</strong></span> 
     </span>
    </p>
   </div>
   <div class='ocr_carea' id='block_1_66' title="bbox 1990 642 3576 714">
    <p class='ocr_par' dir='ltr' id='par_1_66' title="bbox 1990 642 3576 714">
     <span class='ocr_line' id='line_1_66' title="bbox 1990 642 3576 714; baseline -0.006 -14"><span class='ocrx_word' id='word_1_527' title='bbox 1990 648 2315 701; x_wconf 85' lang='lat' dir='ltr'><strong>occurrisset</strong></span> <span class='ocrx_word' id='word_1_528' title='bbox 2360 661 2455 700; x_wconf 85' lang='lat' dir='ltr'><strong>rex</strong></span> <span class='ocrx_word' id='word_1_529' title='bbox 2477 687 2491 710; x_wconf 89' lang='lat'><strong>,</strong></span> <span class='ocrx_word' id='word_1_530' title='bbox 2533 655 2588 699; x_wconf 88' lang='lat' dir='ltr'><strong>et</strong></span> <span class='ocrx_word' id='word_1_531' title='bbox 2626 660 2721 714; x_wconf 89' lang='lat' dir='ltr'><strong>pro</strong></span> <span class='ocrx_word' id='word_1_532' title='bbox 2750 643 2909 698; x_wconf 88' lang='lat' dir='ltr'><strong>rebus</strong></span> <span class='ocrx_word' id='word_1_533' title='bbox 2934 643 3098 713; x_wconf 70' lang='lat' dir='ltr'><strong>gestis</strong></span> <span class='ocrx_word' id='word_1_534' title='bbox 3132 642 3328 709; x_wconf 81' lang='lat' dir='ltr'><strong>gratias</strong></span> <span class='ocrx_word' id='word_1_535' title='bbox 3357 642 3576 711; x_wconf 83' lang='lat' dir='ltr'><strong>egisset.</strong></span> 
     </span>
    </p>
   </div>
   <div class='ocr_carea' id='block_1_67' title="bbox 1996 732 3579 807">
    <p class='ocr_par' dir='ltr' id='par_1_67' title="bbox 1996 732 3579 807">
     <span class='ocr_line' id='line_1_67' title="bbox 1996 732 3579 807; baseline -0.004 -17"><span class='ocrx_word' id='word_1_536' title='bbox 1996 752 2058 791; x_wconf 93' lang='lat' dir='ltr'><strong>ac</strong></span> <span class='ocrx_word' id='word_1_537' title='bbox 2084 752 2295 792; x_wconf 92' lang='lat' dir='ltr'><strong>omnem</strong></span> <span class='ocrx_word' id='word_1_538' title='bbox 2319 737 2610 807; x_wconf 82' lang='lat' dir='ltr'><strong>equitatum</strong></span> <span class='ocrx_word' id='word_1_539' title='bbox 2638 737 2685 790; x_wconf 89' lang='lat' dir='ltr'><strong>ei</strong></span> <span class='ocrx_word' id='word_1_540' title='bbox 2713 751 2770 790; x_wconf 88' lang='lat' dir='ltr'><strong>se</strong></span> <span class='ocrx_word' id='word_1_541' title='bbox 2794 735 3110 790; x_wconf 81' lang='lat' dir='ltr'><strong>doaaturum</strong></span> <span class='ocrx_word' id='word_1_542' title='bbox 3138 735 3341 789; x_wconf 83' lang='lat' dir='ltr'><strong>diceret</strong></span> <span class='ocrx_word' id='word_1_543' title='bbox 3360 774 3377 800; x_wconf 90' lang='lat'><strong>,</strong></span> <span class='ocrx_word' id='word_1_544' title='bbox 3407 732 3579 787; x_wconf 86' lang='lat' dir='ltr'><strong>homi-</strong></span> 
     </span>
    </p>
   </div>
   <div class='ocr_carea' id='block_1_68' title="bbox 1998 825 3574 897">
    <p class='ocr_par' dir='ltr' id='par_1_68' title="bbox 1998 825 3574 897">
     <span class='ocr_line' id='line_1_68' title="bbox 1998 825 3574 897; baseline -0.003 -16"><span class='ocrx_word' id='word_1_545' title='bbox 1998 842 2198 896; x_wconf 59' lang='lat' dir='ltr'><strong>ncsztue</strong></span> <span class='ocrx_word' id='word_1_546' title='bbox 2224 826 2495 881; x_wconf 81' lang='lat' dir='ltr'><strong>dumtaxat</strong></span> <span class='ocrx_word' id='word_1_547' title='bbox 2520 836 2858 897; x_wconf 90' lang='lat' dir='ltr'><strong>accepturum</strong></span> <span class='ocrx_word' id='word_1_548' title='bbox 2890 845 2903 880; x_wconf 94' lang='lat'><strong>:</strong></span> <span class='ocrx_word' id='word_1_549' title='bbox 2937 826 3054 879; x_wconf 88' lang='lat' dir='ltr'><strong>vide</strong></span> <span class='ocrx_word' id='word_1_550' title='bbox 3085 826 3276 881; x_wconf 81' lang='lat' dir='ltr'><strong>iterant</strong></span> <span class='ocrx_word' id='word_1_551' title='bbox 3299 825 3428 895; x_wconf 89' lang='lat' dir='ltr'><strong>justi</strong></span> <span class='ocrx_word' id='word_1_552' title='bbox 3454 842 3574 878; x_wconf 84' lang='lat' dir='ltr'><strong>ma-</strong></span> 
     </span>
    </p>
   </div>
   <div class='ocr_carea' id='block_1_69' title="bbox 1996 914 3576 988">
    <p class='ocr_par' dir='ltr' id='par_1_69' title="bbox 1996 914 3576 988">
     <span class='ocr_line' id='line_1_69' title="bbox 1996 914 3576 988; baseline -0.002 -17"><span class='ocrx_word' id='word_1_553' title='bbox 1996 918 2396 988; x_wconf 88' lang='lat' dir='ltr'><strong>gnanimitatem</strong></span> <span class='ocrx_word' id='word_1_554' title='bbox 2419 959 2437 984; x_wconf 91' lang='lat'><strong>,</strong></span> <span class='ocrx_word' id='word_1_555' title='bbox 2473 916 2740 986; x_wconf 90' lang='lat' dir='ltr'><strong>quomodo</strong></span> <span class='ocrx_word' id='word_1_556' title='bbox 2783 916 3134 985; x_wconf 71' lang='lat' dir='ltr'><strong>philosophiae</strong></span> <span class='ocrx_word' id='word_1_557' title='bbox 3171 932 3283 971; x_wconf 66' lang='lat' dir='ltr'><strong>sua:</strong></span> <span class='ocrx_word' id='word_1_558' title='bbox 3308 914 3576 986; x_wconf 87' lang='lat' dir='ltr'><strong>specimen</strong></span> 
     </span>
    </p>
   </div>
   <div class='ocr_carea' id='block_1_70' title="bbox 1999 1008 3578 1080">
    <p class='ocr_par' dir='ltr' id='par_1_70' title="bbox 1999 1008 3578 1080">
     <span class='ocr_line' id='line_1_70' title="bbox 1999 1008 3578 1080; baseline -0.003 -16"><span class='ocrx_word' id='word_1_559' title='bbox 1999 1012 2252 1075; x_wconf 85' lang='lat' dir='ltr'><strong>exhibet,</strong></span> <span class='ocrx_word' id='word_1_560' title='bbox 2298 1010 2585 1065; x_wconf 88' lang='lat' dir='ltr'><strong>ostendens</strong></span> <span class='ocrx_word' id='word_1_561' title='bbox 2625 1024 2684 1065; x_wconf 87' lang='lat' dir='ltr'><strong>se</strong></span> <span class='ocrx_word' id='word_1_562' title='bbox 2720 1008 2881 1064; x_wconf 89' lang='lat' dir='ltr'><strong>donis</strong></span> <span class='ocrx_word' id='word_1_563' title='bbox 2909 1008 3211 1079; x_wconf 87' lang='lat' dir='ltr'><strong>hujusmodi</strong></span> <span class='ocrx_word' id='word_1_564' title='bbox 3248 1009 3578 1080; x_wconf 87' lang='lat' dir='ltr'><strong>superiorem</strong></span> 
     </span>
    </p>
   </div>
   <div class='ocr_carea' id='block_1_71' title="bbox 2001 1100 3574 1173">
    <p class='ocr_par' dir='ltr' id='par_1_71' title="bbox 2001 1100 3574 1173">
     <span class='ocr_line' id='line_1_71' title="bbox 2001 1100 3574 1173; baseline -0.003 -15"><span class='ocrx_word' id='word_1_565' title='bbox 2001 1119 2156 1170; x_wconf 88' lang='lat' dir='ltr'><strong>esse,</strong></span> <span class='ocrx_word' id='word_1_566' title='bbox 2205 1118 2434 1173; x_wconf 92' lang='lat' dir='ltr'><strong>eumque</strong></span> <span class='ocrx_word' id='word_1_567' title='bbox 2472 1102 2538 1156; x_wconf 90' lang='lat' dir='ltr'><strong>ad</strong></span> <span class='ocrx_word' id='word_1_568' title='bbox 2569 1117 2709 1156; x_wconf 86' lang='lat' dir='ltr'><strong>verae</strong></span> <span class='ocrx_word' id='word_1_569' title='bbox 2757 1102 3029 1168; x_wconf 81' lang='lat' dir='ltr'><strong>religionis</strong></span> <span class='ocrx_word' id='word_1_570' title='bbox 3073 1102 3314 1155; x_wconf 81' lang='lat' dir='ltr'><strong>notitiam</strong></span> <span class='ocrx_word' id='word_1_571' title='bbox 3356 1100 3574 1156; x_wconf 89' lang='lat' dir='ltr'><strong>inducit.</strong></span> 
     </span>
    </p>
   </div>
   <div class='ocr_carea' id='block_1_72' title="bbox 2003 1192 3582 1265">
    <p class='ocr_par' dir='ltr' id='par_1_72' title="bbox 2003 1192 3582 1265">
     <span class='ocr_line' id='line_1_72' title="bbox 2003 1192 3582 1265; baseline -0.003 -14"><span class='ocrx_word' id='word_1_572' title='bbox 2003 1196 2118 1251; x_wconf 87' lang='lat' dir='ltr'><strong>Non</strong></span> <span class='ocrx_word' id='word_1_573' title='bbox 2169 1196 2312 1251; x_wconf 92' lang='lat' dir='ltr'><strong>enim</strong></span> <span class='ocrx_word' id='word_1_574' title='bbox 2358 1195 2667 1265; x_wconf 88' lang='lat' dir='ltr'><strong>simpliciter</strong></span> <span class='ocrx_word' id='word_1_575' title='bbox 2709 1193 2839 1248; x_wconf 86' lang='lat' dir='ltr'><strong>dicit</strong></span> <span class='ocrx_word' id='word_1_576' title='bbox 2870 1211 2883 1247; x_wconf 89' lang='lat'><strong>:</strong></span> <span class='ocrx_word' id='word_1_577' title='bbox 2914 1192 3027 1247; x_wconf 87' lang='lat' dir='ltr'><strong>Non</strong></span> <span class='ocrx_word' id='word_1_578' title='bbox 3067 1194 3239 1263; x_wconf 90' lang='lat' dir='ltr'><strong>patiar</strong></span> <span class='ocrx_word' id='word_1_579' title='bbox 3280 1200 3339 1246; x_wconf 90' lang='lat' dir='ltr'><strong>ut</strong></span> <span class='ocrx_word' id='word_1_580' title='bbox 3385 1192 3582 1262; x_wconf 89' lang='lat' dir='ltr'><strong>aliquid</strong></span> 
     </span>
    </p>
   </div>
   <div class='ocr_carea' id='block_1_73' title="bbox 2003 1282 3583 1348">
    <p class='ocr_par' dir='ltr' id='par_1_73' title="bbox 2003 1282 3583 1348">
     <span class='ocr_line' id='line_1_73' title="bbox 2003 1282 3583 1348; baseline -0.005 -5"><span class='ocrx_word' id='word_1_581' title='bbox 2003 1296 2211 1343; x_wconf 88' lang='lat' dir='ltr'><strong>tuorum</strong></span> <span class='ocrx_word' id='word_1_582' title='bbox 2239 1300 2514 1340; x_wconf 83' lang='lat' dir='ltr'><strong>munerum</strong></span> <span class='ocrx_word' id='word_1_583' title='bbox 2537 1284 2602 1339; x_wconf 90' lang='lat' dir='ltr'><strong>ad</strong></span> <span class='ocrx_word' id='word_1_584' title='bbox 2623 1300 2707 1339; x_wconf 92' lang='lat' dir='ltr'><strong>me</strong></span> <span class='ocrx_word' id='word_1_585' title='bbox 2726 1283 2926 1348; x_wconf 88' lang='lat' dir='ltr'><strong>redeat,</strong></span> <span class='ocrx_word' id='word_1_586' title='bbox 2956 1300 3059 1337; x_wconf 89' lang='lat' dir='ltr'><strong>non</strong></span> <span class='ocrx_word' id='word_1_587' title='bbox 3089 1282 3216 1336; x_wconf 90' lang='lat' dir='ltr'><strong>mihi</strong></span> <span class='ocrx_word' id='word_1_588' title='bbox 3232 1283 3318 1336; x_wconf 90' lang='lat' dir='ltr'><strong>tali</strong></span> <span class='ocrx_word' id='word_1_589' title='bbox 3339 1282 3583 1335; x_wconf 84' lang='lat' dir='ltr'><strong>mercede</strong></span> 
     </span>
    </p>
   </div>
   <div class='ocr_carea' id='block_1_74' title="bbox 2003 1372 3583 1450">
    <p class='ocr_par' dir='ltr' id='par_1_74' title="bbox 2003 1372 3583 1450">
     <span class='ocr_line' id='line_1_74' title="bbox 2003 1372 3583 1450; baseline -0.008 -15"><span class='ocrx_word' id='word_1_590' title='bbox 2003 1395 2137 1450; x_wconf 83' lang='lat' dir='ltr'><strong>opus</strong></span> <span class='ocrx_word' id='word_1_591' title='bbox 2156 1390 2236 1434; x_wconf 90' lang='lat' dir='ltr'><strong>cst</strong></span> <span class='ocrx_word' id='word_1_592' title='bbox 2265 1397 2279 1433; x_wconf 92' lang='lat'><strong>:</strong></span> <span class='ocrx_word' id='word_1_593' title='bbox 2307 1378 2400 1433; x_wconf 84' lang='lat' dir='ltr'><strong>sed</strong></span> <span class='ocrx_word' id='word_1_594' title='bbox 2422 1376 2590 1447; x_wconf 87' lang='lat' dir='ltr'><strong>quid?</strong></span> <span class='ocrx_word' id='word_1_595' title='bbox 2620 1376 2902 1431; x_wconf 74' lang='lat' dir='ltr'><strong>Extendunt</strong></span> <span class='ocrx_word' id='word_1_596' title='bbox 2925 1391 3127 1428; x_wconf 87' lang='lat' dir='ltr'><strong>manum</strong></span> <span class='ocrx_word' id='word_1_597' title='bbox 3155 1391 3314 1427; x_wconf 87' lang='lat' dir='ltr'><strong>nteant</strong></span> <span class='ocrx_word' id='word_1_598' title='bbox 3336 1374 3402 1426; x_wconf 85' lang='lat' dir='ltr'><strong>ad</strong></span> <span class='ocrx_word' id='word_1_599' title='bbox 3423 1372 3583 1426; x_wconf 79' lang='lat' dir='ltr'><strong>Deum</strong></span> 
     </span>
    </p>
   </div>
   <div class='ocr_carea' id='block_1_75' title="bbox 2004 1464 3584 1540">
    <p class='ocr_par' dir='ltr' id='par_1_75' title="bbox 2004 1464 3584 1540">
     <span class='ocr_line' id='line_1_75' title="bbox 2004 1464 3584 1540; baseline -0.004 -16"><span class='ocrx_word' id='word_1_600' title='bbox 2004 1472 2341 1536; x_wconf 83' lang='lat' dir='ltr'><strong>altissimum,</strong></span> <span class='ocrx_word' id='word_1_601' title='bbox 2371 1469 2521 1540; x_wconf 86' lang='lat' dir='ltr'><strong>quasi</strong></span> <span class='ocrx_word' id='word_1_602' title='bbox 2553 1469 2751 1523; x_wconf 89' lang='lat' dir='ltr'><strong>docens</strong></span> <span class='ocrx_word' id='word_1_603' title='bbox 2776 1482 2897 1521; x_wconf 91' lang='lat' dir='ltr'><strong>eum</strong></span> <span class='ocrx_word' id='word_1_604' title='bbox 2928 1484 2942 1520; x_wconf 93' lang='lat'><strong>:</strong></span> <span class='ocrx_word' id='word_1_605' title='bbox 2968 1465 3080 1519; x_wconf 79' lang='lat' dir='ltr'><strong>Non</strong></span> <span class='ocrx_word' id='word_1_606' title='bbox 3111 1475 3236 1519; x_wconf 92' lang='lat' dir='ltr'><strong>sunt</strong></span> <span class='ocrx_word' id='word_1_607' title='bbox 3263 1464 3334 1519; x_wconf 89' lang='lat' dir='ltr'><strong>dii</strong></span> <span class='ocrx_word' id='word_1_608' title='bbox 3362 1466 3448 1534; x_wconf 76' lang='lat' dir='ltr'><strong>qui</strong></span> <span class='ocrx_word' id='word_1_609' title='bbox 3476 1482 3503 1516; x_wconf 92' lang='lat' dir='ltr'><strong>a</strong></span> <span class='ocrx_word' id='word_1_610' title='bbox 3534 1475 3584 1517; x_wconf 82' lang='lat' dir='ltr'><strong>te</strong></span> 
     </span>
    </p>
   </div>
   <div class='ocr_carea' id='block_1_76' title="bbox 2004 1554 3587 1629">
    <p class='ocr_par' dir='ltr' id='par_1_76' title="bbox 2004 1554 3587 1629">
     <span class='ocr_line' id='line_1_76' title="bbox 2004 1554 3587 1629; baseline -0.008 -12"><span class='ocrx_word' id='word_1_611' title='bbox 2004 1562 2289 1627; x_wconf 87' lang='lat' dir='ltr'><strong>eolnntur,</strong></span> <span class='ocrx_word' id='word_1_612' title='bbox 2338 1560 2431 1614; x_wconf 90' lang='lat' dir='ltr'><strong>sed</strong></span> <span class='ocrx_word' id='word_1_613' title='bbox 2484 1559 2620 1629; x_wconf 80' lang='lat' dir='ltr'><strong>ligna</strong></span> <span class='ocrx_word' id='word_1_614' title='bbox 2661 1568 2712 1612; x_wconf 90' lang='lat' dir='ltr'><strong>et</strong></span> <span class='ocrx_word' id='word_1_615' title='bbox 2757 1556 2960 1626; x_wconf 88' lang='lat' dir='ltr'><strong>lapides</strong></span> <span class='ocrx_word' id='word_1_616' title='bbox 2993 1572 3007 1609; x_wconf 89' lang='lat'><strong>:</strong></span> <span class='ocrx_word' id='word_1_617' title='bbox 3037 1555 3130 1609; x_wconf 87' lang='lat' dir='ltr'><strong>sed</strong></span> <span class='ocrx_word' id='word_1_618' title='bbox 3173 1570 3307 1609; x_wconf 91' lang='lat' dir='ltr'><strong>unus</strong></span> <span class='ocrx_word' id='word_1_619' title='bbox 3335 1563 3417 1609; x_wconf 82' lang='lat' dir='ltr'><strong>est</strong></span> <span class='ocrx_word' id='word_1_620' title='bbox 3448 1554 3587 1607; x_wconf 69' lang='lat' dir='ltr'><strong>Deus</strong></span> 
     </span>
    </p>
   </div>
   <div class='ocr_carea' id='block_1_77' title="bbox 2005 1643 3588 1721">
    <p class='ocr_par' dir='ltr' id='par_1_77' title="bbox 2005 1643 3588 1721">
     <span class='ocr_line' id='line_1_77' title="bbox 2005 1643 3588 1721; baseline -0.008 -15"><span class='ocrx_word' id='word_1_621' title='bbox 2005 1666 2166 1721; x_wconf 88' lang='lat' dir='ltr'><strong>super</strong></span> <span class='ocrx_word' id='word_1_622' title='bbox 2198 1652 2405 1716; x_wconf 87' lang='lat' dir='ltr'><strong>omnia,</strong></span> <span class='ocrx_word' id='word_1_623' title='bbox 2447 1649 2543 1715; x_wconf 85' lang='lat' dir='ltr'><strong>Qui</strong></span> <span class='ocrx_word' id='word_1_624' title='bbox 2576 1649 2759 1702; x_wconf 86' lang='lat' dir='ltr'><strong>creavit</strong></span> <span class='ocrx_word' id='word_1_625' title='bbox 2785 1647 2960 1701; x_wconf 78' lang='lat' dir='ltr'><strong>cwlum</strong></span> <span class='ocrx_word' id='word_1_626' title='bbox 2993 1654 3037 1700; x_wconf 89' lang='lat' dir='ltr'><strong>et</strong></span> <span class='ocrx_word' id='word_1_627' title='bbox 3076 1656 3260 1699; x_wconf 83' lang='lat' dir='ltr'><strong>terram</strong></span> <span class='ocrx_word' id='word_1_628' title='bbox 3287 1659 3305 1696; x_wconf 90' lang='lat'><strong><em>:</em></strong></span> <span class='ocrx_word' id='word_1_629' title='bbox 3330 1643 3465 1713; x_wconf 86' lang='lat' dir='ltr'><strong>quod</strong></span> <span class='ocrx_word' id='word_1_630' title='bbox 3485 1660 3588 1695; x_wconf 79' lang='lat' dir='ltr'><strong>non</strong></span> 
     </span>
    </p>
   </div>
   <div class='ocr_carea' id='block_1_78' title="bbox 2006 1735 3589 1811">
    <p class='ocr_par' dir='ltr' id='par_1_78' title="bbox 2006 1735 3589 1811">
     <span class='ocr_line' id='line_1_78' title="bbox 2006 1735 3589 1811; baseline -0.004 -17"><span class='ocrx_word' id='word_1_631' title='bbox 2006 1742 2250 1811; x_wconf 82' lang='lat' dir='ltr'><strong>accipiam</strong></span> <span class='ocrx_word' id='word_1_632' title='bbox 2276 1758 2306 1794; x_wconf 92' lang='lat' dir='ltr'><strong>a</strong></span> <span class='ocrx_word' id='word_1_633' title='bbox 2337 1750 2385 1794; x_wconf 87' lang='lat' dir='ltr'><strong>te</strong></span> <span class='ocrx_word' id='word_1_634' title='bbox 2426 1740 2488 1793; x_wconf 89' lang='lat' dir='ltr'><strong>de</strong></span> <span class='ocrx_word' id='word_1_635' title='bbox 2528 1738 2755 1808; x_wconf 78' lang='lat' dir='ltr'><strong>funiculo</strong></span> <span class='ocrx_word' id='word_1_636' title='bbox 2795 1753 2950 1807; x_wconf 84' lang='lat' dir='ltr'><strong>usque</strong></span> <span class='ocrx_word' id='word_1_637' title='bbox 2992 1735 3059 1789; x_wconf 85' lang='lat' dir='ltr'><strong>ad</strong></span> <span class='ocrx_word' id='word_1_638' title='bbox 3099 1736 3454 1806; x_wconf 68' lang='lat' dir='ltr'><strong>sphaaroteretn</strong></span> <span class='ocrx_word' id='word_1_639' title='bbox 3481 1748 3501 1786; x_wconf 90' lang='lat'><strong><em>:</em></strong></span> <span class='ocrx_word' id='word_1_640' title='bbox 3534 1743 3589 1787; x_wconf 86' lang='lat' dir='ltr'><strong>ut</strong></span> 
     </span>
    </p>
   </div>
   <div class='ocr_carea' id='block_1_79' title="bbox 2009 1827 3587 1900">
    <p class='ocr_par' dir='ltr' id='par_1_79' title="bbox 2009 1827 3587 1900">
     <span class='ocr_line' id='line_1_79' title="bbox 2009 1827 3587 1900; baseline -0.006 -12"><span class='ocrx_word' id='word_1_641' title='bbox 2009 1850 2075 1889; x_wconf 91' lang='lat' dir='ltr'><strong>ne</strong></span> <span class='ocrx_word' id='word_1_642' title='bbox 2105 1834 2376 1889; x_wconf 74' lang='lat' dir='ltr'><strong>existimes</strong></span> <span class='ocrx_word' id='word_1_643' title='bbox 2422 1848 2508 1887; x_wconf 91' lang='lat' dir='ltr'><strong>tne</strong></span> <span class='ocrx_word' id='word_1_644' title='bbox 2553 1832 2762 1885; x_wconf 88' lang='lat' dir='ltr'><strong>illorum</strong></span> <span class='ocrx_word' id='word_1_645' title='bbox 2802 1830 2967 1900; x_wconf 88' lang='lat' dir='ltr'><strong>gratia</strong></span> <span class='ocrx_word' id='word_1_646' title='bbox 2995 1830 3249 1883; x_wconf 83' lang='lat' dir='ltr'><strong>ultionem</strong></span> <span class='ocrx_word' id='word_1_647' title='bbox 3275 1827 3587 1897; x_wconf 77' lang='lat' dir='ltr'><strong>sumpsisse,</strong></span> 
     </span>
    </p>
   </div>
   <div class='ocr_carea' id='block_1_80' title="bbox 2008 1920 3588 1996">
    <p class='ocr_par' dir='ltr' id='par_1_80' title="bbox 2008 1920 3588 1996">
     <span class='ocr_line' id='line_1_80' title="bbox 2008 1920 3588 1996; baseline -0.007 -14"><span class='ocrx_word' id='word_1_648' title='bbox 2008 1936 2063 1982; x_wconf 90' lang='lat' dir='ltr'><strong>ct</strong></span> <span class='ocrx_word' id='word_1_649' title='bbox 2088 1942 2155 1982; x_wconf 90' lang='lat' dir='ltr'><strong>ne</strong></span> <span class='ocrx_word' id='word_1_650' title='bbox 2181 1928 2356 1981; x_wconf 83' lang='lat' dir='ltr'><strong>dicere</strong></span> <span class='ocrx_word' id='word_1_651' title='bbox 2385 1926 2555 1996; x_wconf 90' lang='lat' dir='ltr'><strong>possis</strong></span> <span class='ocrx_word' id='word_1_652' title='bbox 2584 1935 2634 1979; x_wconf 91' lang='lat' dir='ltr'><strong>te</strong></span> <span class='ocrx_word' id='word_1_653' title='bbox 2661 1923 2791 1977; x_wconf 90' lang='lat' dir='ltr'><strong>mihi</strong></span> <span class='ocrx_word' id='word_1_654' title='bbox 2833 1921 3168 1977; x_wconf 66' lang='lat' dir='ltr'><strong>abundantiaa</strong></span> <span class='ocrx_word' id='word_1_655' title='bbox 3199 1920 3364 1974; x_wconf 85' lang='lat' dir='ltr'><strong>fuisse</strong></span> <span class='ocrx_word' id='word_1_656' title='bbox 3402 1927 3588 1972; x_wconf 87' lang='lat' dir='ltr'><strong>aucto-</strong></span> 
     </span>
    </p>
   </div>
   <div class='ocr_carea' id='block_1_81' title="bbox 2010 2011 3589 2089">
    <p class='ocr_par' dir='ltr' id='par_1_81' title="bbox 2010 2011 3589 2089">
     <span class='ocr_line' id='line_1_81' title="bbox 2010 2011 3589 2089; baseline -0.008 -13"><span class='ocrx_word' id='word_1_657' title='bbox 2010 2037 2144 2076; x_wconf 89' lang='lat' dir='ltr'><strong>rem.</strong></span> <span class='ocrx_word' id='word_1_658' title='bbox 2171 2019 2301 2076; x_wconf 85' lang='lat' dir='ltr'><strong>Natn</strong></span> <span class='ocrx_word' id='word_1_659' title='bbox 2324 2020 2411 2089; x_wconf 89' lang='lat' dir='ltr'><strong>qui</strong></span> <span class='ocrx_word' id='word_1_660' title='bbox 2436 2034 2519 2072; x_wconf 91' lang='lat' dir='ltr'><strong>me</strong></span> <span class='ocrx_word' id='word_1_661' title='bbox 2538 2016 2862 2087; x_wconf 85' lang='lat' dir='ltr'><strong>triumphare</strong></span> <span class='ocrx_word' id='word_1_662' title='bbox 2888 2024 2942 2070; x_wconf 92' lang='lat' dir='ltr'><strong>et</strong></span> <span class='ocrx_word' id='word_1_663' title='bbox 2963 2018 3175 2069; x_wconf 72' lang='lat' dir='ltr'><strong>vincere</strong></span> <span class='ocrx_word' id='word_1_664' title='bbox 3196 2013 3415 2075; x_wconf 88' lang='lat' dir='ltr'><strong>curavit,</strong></span> <span class='ocrx_word' id='word_1_665' title='bbox 3449 2011 3589 2064; x_wconf 82' lang='lat' dir='ltr'><strong>idem</strong></span> 
     </span>
    </p>
   </div>
   <div class='ocr_carea' id='block_1_82' title="bbox 2009 2101 3589 2176">
    <p class='ocr_par' dir='ltr' id='par_1_82' title="bbox 2009 2101 3589 2176">
     <span class='ocr_line' id='line_1_82' title="bbox 2009 2101 3589 2176; baseline -0.009 -8"><span class='ocrx_word' id='word_1_666' title='bbox 2009 2121 2065 2168; x_wconf 90' lang='lat' dir='ltr'><strong>et</strong></span> <span class='ocrx_word' id='word_1_667' title='bbox 2092 2112 2302 2166; x_wconf 80' lang='lat' dir='ltr'><strong>divitias</strong></span> <span class='ocrx_word' id='word_1_668' title='bbox 2347 2108 2556 2164; x_wconf 90' lang='lat' dir='ltr'><strong>abunde</strong></span> <span class='ocrx_word' id='word_1_669' title='bbox 2601 2108 2732 2162; x_wconf 90' lang='lat' dir='ltr'><strong>mihi</strong></span> <span class='ocrx_word' id='word_1_670' title='bbox 2779 2106 3100 2176; x_wconf 88' lang='lat' dir='ltr'><strong>suppeditat.</strong></span> <span class='ocrx_word' id='word_1_671' title='bbox 3140 2103 3269 2159; x_wconf 83' lang='lat' dir='ltr'><strong>Vide</strong></span> <span class='ocrx_word' id='word_1_672' title='bbox 3297 2101 3589 2173; x_wconf 88' lang='lat' dir='ltr'><strong>quomodo,</strong></span> 
     </span>
    </p>
   </div>
   <div class='ocr_carea' id='block_1_83' title="bbox 2009 2197 3591 2272">
    <p class='ocr_par' dir='ltr' id='par_1_83' title="bbox 2009 2197 3591 2272">
     <span class='ocr_line' id='line_1_83' title="bbox 2009 2197 3591 2272; baseline -0.008 -14"><span class='ocrx_word' id='word_1_673' title='bbox 2009 2206 2054 2258; x_wconf 88' lang='lat' dir='ltr'><strong>si</strong></span> <span class='ocrx_word' id='word_1_674' title='bbox 2104 2201 2316 2272; x_wconf 90' lang='lat' dir='ltr'><strong>quidem</strong></span> <span class='ocrx_word' id='word_1_675' title='bbox 2372 2200 2575 2255; x_wconf 90' lang='lat' dir='ltr'><strong>lucrum</strong></span> <span class='ocrx_word' id='word_1_676' title='bbox 2622 2198 2799 2253; x_wconf 88' lang='lat' dir='ltr'><strong>facere</strong></span> <span class='ocrx_word' id='word_1_677' title='bbox 2841 2197 3094 2251; x_wconf 89' lang='lat' dir='ltr'><strong>voluisset</strong></span> <span class='ocrx_word' id='word_1_678' title='bbox 3136 2210 3268 2259; x_wconf 78' lang='lat' dir='ltr'><strong>res,</strong></span> <span class='ocrx_word' id='word_1_679' title='bbox 3316 2202 3591 2247; x_wconf 85' lang='lat' dir='ltr'><strong>auctorem</strong></span> 
     </span>
    </p>
   </div>
   <div class='ocr_carea' id='block_1_84' title="bbox 2010 2286 3589 2364">
    <p class='ocr_par' dir='ltr' id='par_1_84' title="bbox 2010 2286 3589 2364">
     <span class='ocr_line' id='line_1_84' title="bbox 2010 2286 3589 2364; baseline -0.008 -15"><span class='ocrx_word' id='word_1_680' title='bbox 2010 2309 2299 2364; x_wconf 81' lang='lat' dir='ltr'><strong>agnoscere</strong></span> <span class='ocrx_word' id='word_1_681' title='bbox 2337 2293 2573 2348; x_wconf 74' lang='lat' dir='ltr'><strong>victoria:</strong></span> <span class='ocrx_word' id='word_1_682' title='bbox 2617 2307 2685 2347; x_wconf 87' lang='lat' dir='ltr'><strong>ex</strong></span> <span class='ocrx_word' id='word_1_683' title='bbox 2726 2290 3043 2360; x_wconf 68' lang='lat' dir='ltr'><strong>patriarcha:</strong></span> <span class='ocrx_word' id='word_1_684' title='bbox 3092 2288 3268 2343; x_wconf 89' lang='lat' dir='ltr'><strong>verbis</strong></span> <span class='ocrx_word' id='word_1_685' title='bbox 3312 2286 3589 2356; x_wconf 61' lang='lat' dir='ltr'><strong>potuisset.</strong></span> 
     </span>
    </p>
   </div>
   <div class='ocr_carea' id='block_1_85' title="bbox 2014 2380 3593 2454">
    <p class='ocr_par' dir='ltr' id='par_1_85' title="bbox 2014 2380 3593 2454">
     <span class='ocr_line' id='line_1_85' title="bbox 2014 2380 3593 2454; baseline -0.007 -15"><span class='ocrx_word' id='word_1_686' title='bbox 2014 2384 2312 2440; x_wconf 78' lang='lat' dir='ltr'><strong>Ducebatur</strong></span> <span class='ocrx_word' id='word_1_687' title='bbox 2355 2384 2496 2439; x_wconf 90' lang='lat' dir='ltr'><strong>enim</strong></span> <span class='ocrx_word' id='word_1_688' title='bbox 2547 2383 2768 2454; x_wconf 87' lang='lat' dir='ltr'><strong>posthac</strong></span> <span class='ocrx_word' id='word_1_689' title='bbox 2795 2395 2899 2435; x_wconf 90' lang='lat' dir='ltr'><strong>non</strong></span> <span class='ocrx_word' id='word_1_690' title='bbox 2930 2380 3197 2435; x_wconf 89' lang='lat' dir='ltr'><strong>fidendum</strong></span> <span class='ocrx_word' id='word_1_691' title='bbox 3226 2382 3454 2449; x_wconf 82' lang='lat' dir='ltr'><strong>propriae</strong></span> <span class='ocrx_word' id='word_1_692' title='bbox 3483 2391 3593 2429; x_wconf 72' lang='lat' dir='ltr'><strong>sum</strong></span> 
     </span>
    </p>
   </div>
   <div class='ocr_carea' id='block_1_86' title="bbox 2013 2466 3595 2545">
    <p class='ocr_par' dir='ltr' id='par_1_86' title="bbox 2013 2466 3595 2545">
     <span class='ocr_line' id='line_1_86' title="bbox 2013 2466 3595 2545; baseline -0.005 -17"><span class='ocrx_word' id='word_1_693' title='bbox 2013 2476 2212 2540; x_wconf 86' lang='lat' dir='ltr'><strong>virtuti,</strong></span> <span class='ocrx_word' id='word_1_694' title='bbox 2227 2475 2317 2529; x_wconf 88' lang='lat' dir='ltr'><strong>sed</strong></span> <span class='ocrx_word' id='word_1_695' title='bbox 2334 2474 2724 2545; x_wconf 85' lang='lat' dir='ltr'><strong>agnoscendum</strong></span> <span class='ocrx_word' id='word_1_696' title='bbox 2746 2480 3018 2527; x_wconf 86' lang='lat' dir='ltr'><strong>auctorem</strong></span> <span class='ocrx_word' id='word_1_697' title='bbox 3041 2469 3300 2536; x_wconf 89' lang='lat' dir='ltr'><strong>omnium,</strong></span> <span class='ocrx_word' id='word_1_698' title='bbox 3321 2466 3595 2522; x_wconf 67' lang='lat' dir='ltr'><strong>ridendos~</strong></span> 
     </span>
    </p>
   </div>
   <div class='ocr_carea' id='block_1_87' title="bbox 2010 2558 3594 2637">
    <p class='ocr_par' dir='ltr' id='par_1_87' title="bbox 2010 2558 3594 2637">
     <span class='ocr_line' id='line_1_87' title="bbox 2010 2558 3594 2637; baseline -0.006 -18"><span class='ocrx_word' id='word_1_699' title='bbox 2010 2582 2114 2637; x_wconf 90' lang='lat' dir='ltr'><strong>que</strong></span> <span class='ocrx_word' id='word_1_700' title='bbox 2142 2565 2370 2619; x_wconf 65' lang='lat' dir='ltr'><strong>ntanufa:</strong></span> <span class='ocrx_word' id='word_1_701' title='bbox 2392 2575 2473 2619; x_wconf 91' lang='lat' dir='ltr'><strong>tos</strong></span> <span class='ocrx_word' id='word_1_702' title='bbox 2499 2565 2660 2627; x_wconf 69' lang='lat' dir='ltr'><strong>deos,</strong></span> <span class='ocrx_word' id='word_1_703' title='bbox 2693 2573 2745 2618; x_wconf 91' lang='lat' dir='ltr'><strong>et</strong></span> <span class='ocrx_word' id='word_1_704' title='bbox 2771 2562 3052 2617; x_wconf 90' lang='lat' dir='ltr'><strong>colendum</strong></span> <span class='ocrx_word' id='word_1_705' title='bbox 3083 2561 3247 2615; x_wconf 89' lang='lat' dir='ltr'><strong>Deum</strong></span> <span class='ocrx_word' id='word_1_706' title='bbox 3274 2558 3360 2630; x_wconf 91' lang='lat' dir='ltr'><strong>qui</strong></span> <span class='ocrx_word' id='word_1_707' title='bbox 3391 2567 3472 2612; x_wconf 74' lang='lat' dir='ltr'><strong>e~t</strong></span> <span class='ocrx_word' id='word_1_708' title='bbox 3500 2572 3594 2611; x_wconf 66' lang='grc' dir='ltr'><strong>δυσ</strong></span> 
     </span>
    </p>
   </div>
   <div class='ocr_carea' id='block_1_88' title="bbox 2015 2644 3593 2720">
    <p class='ocr_par' dir='ltr' id='par_1_88' title="bbox 2015 2644 3593 2720">
     <span class='ocr_line' id='line_1_88' title="bbox 2015 2644 3593 2720; baseline -0.005 -18"><span class='ocrx_word' id='word_1_709' title='bbox 2015 2667 2108 2720; x_wconf 89' lang='lat' dir='ltr'><strong>per</strong></span> <span class='ocrx_word' id='word_1_710' title='bbox 2153 2649 2329 2703; x_wconf 90' lang='lat' dir='ltr'><strong>omnia</strong></span> <span class='ocrx_word' id='word_1_711' title='bbox 2356 2690 2372 2715; x_wconf 89' lang='lat'><strong>,</strong></span> <span class='ocrx_word' id='word_1_712' title='bbox 2424 2651 2511 2720; x_wconf 90' lang='lat' dir='ltr'><strong>qui</strong></span> <span class='ocrx_word' id='word_1_713' title='bbox 2560 2648 2735 2702; x_wconf 87' lang='lat' dir='ltr'><strong>omnia</strong></span> <span class='ocrx_word' id='word_1_714' title='bbox 2781 2645 3053 2710; x_wconf 86' lang='lat' dir='ltr'><strong>condidit,</strong></span> <span class='ocrx_word' id='word_1_715' title='bbox 3110 2644 3197 2714; x_wconf 88' lang='lat' dir='ltr'><strong>qui</strong></span> <span class='ocrx_word' id='word_1_716' title='bbox 3238 2652 3293 2699; x_wconf 89' lang='lat' dir='ltr'><strong>ct</strong></span> <span class='ocrx_word' id='word_1_717' title='bbox 3337 2644 3593 2697; x_wconf 79' lang='lat' dir='ltr'><strong>honorant</strong></span> 
     </span>
    </p>
   </div>
   <div class='ocr_carea' id='block_1_89' title="bbox 2011 2734 3596 2797">
    <p class='ocr_par' dir='ltr' id='par_1_89' title="bbox 2011 2734 3596 2797">
     <span class='ocr_line' id='line_1_89' title="bbox 2011 2734 3596 2797; baseline -0.006 0"><span class='ocrx_word' id='word_1_718' title='bbox 2011 2743 2247 2797; x_wconf 86' lang='lat' dir='ltr'><strong>Omnium</strong></span> <span class='ocrx_word' id='word_1_719' title='bbox 2282 2741 2400 2795; x_wconf 40' lang='lat' dir='ltr'><strong>fatus</strong></span> <span class='ocrx_word' id='word_1_720' title='bbox 2429 2750 2530 2796; x_wconf 83' lang='lat' dir='ltr'><strong>est.</strong></span> <span class='ocrx_word' id='word_1_721' title='bbox 2582 2739 2651 2794; x_wconf 87' lang='lat' dir='ltr'><strong>Et</strong></span> <span class='ocrx_word' id='word_1_722' title='bbox 2685 2740 2736 2793; x_wconf 94' lang='lat' dir='ltr'><strong>in</strong></span> <span class='ocrx_word' id='word_1_723' title='bbox 2768 2753 2974 2792; x_wconf 89' lang='lat' dir='ltr'><strong>summa</strong></span> <span class='ocrx_word' id='word_1_724' title='bbox 2999 2737 3234 2791; x_wconf 82' lang='lat' dir='ltr'><strong>discebat</strong></span> <span class='ocrx_word' id='word_1_725' title='bbox 3262 2750 3326 2789; x_wconf 82' lang='lat' dir='ltr'><strong>ex</strong></span> <span class='ocrx_word' id='word_1_726' title='bbox 3348 2734 3596 2787; x_wconf 88' lang='lat' dir='ltr'><strong>omnibus</strong></span> 
     </span>
    </p>
   </div>
   <div class='ocr_carea' id='block_1_90' title="bbox 2012 2828 3595 2904">
    <p class='ocr_par' dir='ltr' id='par_1_90' title="bbox 2012 2828 3595 2904">
     <span class='ocr_line' id='line_1_90' title="bbox 2012 2828 3595 2904; baseline -0.006 -20"><span class='ocrx_word' id='word_1_727' title='bbox 2012 2833 2327 2904; x_wconf 72' lang='lat' dir='ltr'><strong>pitriarchm</strong></span> <span class='ocrx_word' id='word_1_728' title='bbox 2354 2832 2625 2886; x_wconf 84' lang='lat' dir='ltr'><strong>virtutem.</strong></span> <span class='ocrx_word' id='word_1_729' title='bbox 2676 2828 2807 2884; x_wconf 87' lang='lat' dir='ltr'><strong>Nam</strong></span> <span class='ocrx_word' id='word_1_730' title='bbox 2844 2843 2913 2883; x_wconf 88' lang='lat' dir='ltr'><strong>ne</strong></span> <span class='ocrx_word' id='word_1_731' title='bbox 2945 2828 3276 2882; x_wconf 76' lang='lat' dir='ltr'><strong>existimaret</strong></span> <span class='ocrx_word' id='word_1_732' title='bbox 3303 2840 3471 2893; x_wconf 84' lang='lat' dir='ltr'><strong>ipsum</strong></span> <span class='ocrx_word' id='word_1_733' title='bbox 3504 2837 3595 2892; x_wconf 89' lang='lat' dir='ltr'><strong>per</strong></span> 
     </span>
    </p>
   </div>
   <div class='ocr_carea' id='block_1_91' title="bbox 2012 2916 3594 2991">
    <p class='ocr_par' dir='ltr' id='par_1_91' title="bbox 2012 2916 3594 2991">
     <span class='ocr_line' id='line_1_91' title="bbox 2012 2916 3594 2991; baseline -0.008 -11"><span class='ocrx_word' id='word_1_734' title='bbox 2012 2924 2368 2991; x_wconf 66' lang='lat' dir='ltr'><strong>artotgantiatn</strong></span> <span class='ocrx_word' id='word_1_735' title='bbox 2400 2932 2455 2979; x_wconf 92' lang='lat' dir='ltr'><strong>ct</strong></span> <span class='ocrx_word' id='word_1_736' title='bbox 2493 2922 2680 2977; x_wconf 84' lang='lat' dir='ltr'><strong>fastum</strong></span> <span class='ocrx_word' id='word_1_737' title='bbox 2710 2921 2831 2975; x_wconf 88' lang='lat' dir='ltr'><strong>data</strong></span> <span class='ocrx_word' id='word_1_738' title='bbox 2862 2928 3205 2975; x_wconf 89' lang='lat' dir='ltr'><strong>contemnere</strong></span> <span class='ocrx_word' id='word_1_739' title='bbox 3227 2959 3242 2984; x_wconf 92' lang='lat'><strong>,</strong></span> <span class='ocrx_word' id='word_1_740' title='bbox 3289 2916 3484 2970; x_wconf 87' lang='lat' dir='ltr'><strong>idcirco</strong></span> <span class='ocrx_word' id='word_1_741' title='bbox 3510 2916 3594 2969; x_wconf 88' lang='lat' dir='ltr'><strong>di-</strong></span> 
     </span>
    </p>
   </div>
   <div class='ocr_carea' id='block_1_92' title="bbox 2013 3007 3595 3084">
    <p class='ocr_par' dir='ltr' id='par_1_92' title="bbox 2013 3007 3595 3084">
     <span class='ocr_line' id='line_1_92' title="bbox 2013 3007 3595 3084; baseline -0.006 -14"><span class='ocrx_word' id='word_1_742' title='bbox 2013 3016 2129 3070; x_wconf 88' lang='lat' dir='ltr'><strong>cit:</strong></span> <span class='ocrx_word' id='word_1_743' title='bbox 2162 3014 2276 3084; x_wconf 80' lang='lat' dir='ltr'><strong>Ego</strong></span> <span class='ocrx_word' id='word_1_744' title='bbox 2318 3013 2531 3084; x_wconf 90' lang='lat' dir='ltr'><strong>quidem</strong></span> <span class='ocrx_word' id='word_1_745' title='bbox 2579 3012 2711 3066; x_wconf 88' lang='lat' dir='ltr'><strong>nihil</strong></span> <span class='ocrx_word' id='word_1_746' title='bbox 2756 3026 2962 3067; x_wconf 90' lang='lat' dir='ltr'><strong>sumam</strong></span> <span class='ocrx_word' id='word_1_747' title='bbox 3000 3027 3015 3067; x_wconf 90' lang='lat'><strong>:</strong></span> <span class='ocrx_word' id='word_1_748' title='bbox 3048 3023 3221 3079; x_wconf 90' lang='lat' dir='ltr'><strong>neque</strong></span> <span class='ocrx_word' id='word_1_749' title='bbox 3268 3007 3410 3061; x_wconf 91' lang='lat' dir='ltr'><strong>enim</strong></span> <span class='ocrx_word' id='word_1_750' title='bbox 3460 3019 3595 3076; x_wconf 79' lang='lat' dir='ltr'><strong>Opus</strong></span> 
     </span>
    </p>
   </div>
   <div class='ocr_carea' id='block_1_93' title="bbox 2015 3099 3597 3175">
    <p class='ocr_par' dir='ltr' id='par_1_93' title="bbox 2015 3099 3597 3175">
     <span class='ocr_line' id='line_1_93' title="bbox 2015 3099 3597 3175; baseline -0.006 -15"><span class='ocrx_word' id='word_1_751' title='bbox 2015 3105 2219 3171; x_wconf 88' lang='lat' dir='ltr'><strong>habeo,</strong></span> <span class='ocrx_word' id='word_1_752' title='bbox 2263 3118 2435 3174; x_wconf 89' lang='lat' dir='ltr'><strong>neque</strong></span> <span class='ocrx_word' id='word_1_753' title='bbox 2479 3102 2692 3173; x_wconf 86' lang='lat' dir='ltr'><strong>indigeo</strong></span> <span class='ocrx_word' id='word_1_754' title='bbox 2736 3112 2793 3156; x_wconf 88' lang='grc' dir='ltr'><strong>ιιι</strong></span> <span class='ocrx_word' id='word_1_755' title='bbox 2823 3116 2956 3155; x_wconf 80' lang='lat' dir='ltr'><strong>mea:</strong></span> <span class='ocrx_word' id='word_1_756' title='bbox 2985 3099 3262 3175; x_wconf 86' lang='lat' dir='ltr'><strong>facultates</strong></span> <span class='ocrx_word' id='word_1_757' title='bbox 3307 3106 3597 3167; x_wconf 82' lang='lat' dir='ltr'><strong>augeantur</strong></span> 
     </span>
    </p>
   </div>
   <div class='ocr_carea' id='block_1_94' title="bbox 2013 3187 3597 3264">
    <p class='ocr_par' dir='ltr' id='par_1_94' title="bbox 2013 3187 3597 3264">
     <span class='ocr_line' id='line_1_94' title="bbox 2013 3187 3597 3264; baseline -0.007 -14"><span class='ocrx_word' id='word_1_758' title='bbox 2013 3197 2081 3252; x_wconf 88' lang='lat' dir='ltr'><strong>ab</strong></span> <span class='ocrx_word' id='word_1_759' title='bbox 2104 3197 2220 3252; x_wconf 91' lang='lat' dir='ltr'><strong>aliis</strong></span> <span class='ocrx_word' id='word_1_760' title='bbox 2250 3213 2263 3248; x_wconf 93' lang='lat'><strong>:</strong></span> <span class='ocrx_word' id='word_1_761' title='bbox 2295 3195 2376 3252; x_wconf 90' lang='lat' dir='ltr'><strong>eis</strong></span> <span class='ocrx_word' id='word_1_762' title='bbox 2415 3204 2589 3250; x_wconf 87' lang='lat' dir='ltr'><strong>autem</strong></span> <span class='ocrx_word' id='word_1_763' title='bbox 2617 3194 2703 3264; x_wconf 91' lang='lat' dir='ltr'><strong>qui</strong></span> <span class='ocrx_word' id='word_1_764' title='bbox 2731 3191 3089 3263; x_wconf 78' lang='lat' dir='ltr'><strong>periculorum</strong></span> <span class='ocrx_word' id='word_1_765' title='bbox 3116 3203 3354 3244; x_wconf 83' lang='lat' dir='ltr'><strong>meorum</strong></span> <span class='ocrx_word' id='word_1_766' title='bbox 3383 3187 3597 3242; x_wconf 89' lang='lat' dir='ltr'><strong>fuerunt</strong></span> 
     </span>
    </p>
   </div>
   <div class='ocr_carea' id='block_1_95' title="bbox 2013 3282 3599 3359">
    <p class='ocr_par' dir='ltr' id='par_1_95' title="bbox 2013 3282 3599 3359">
     <span class='ocr_line' id='line_1_95' title="bbox 2013 3282 3599 3359; baseline -0.007 -15"><span class='ocrx_word' id='word_1_767' title='bbox 2013 3290 2165 3350; x_wconf 83' lang='lat' dir='ltr'><strong>socii.</strong></span> <span class='ocrx_word' id='word_1_768' title='bbox 2196 3290 2497 3359; x_wconf 90' lang='lat' dir='ltr'><strong>permittam</strong></span> <span class='ocrx_word' id='word_1_769' title='bbox 2526 3297 2583 3341; x_wconf 89' lang='lat' dir='ltr'><strong>ut</strong></span> <span class='ocrx_word' id='word_1_770' title='bbox 2610 3300 2732 3340; x_wconf 89' lang='lat' dir='ltr'><strong>suas</strong></span> <span class='ocrx_word' id='word_1_771' title='bbox 2757 3284 3027 3356; x_wconf 88' lang='lat' dir='ltr'><strong>portiones</strong></span> <span class='ocrx_word' id='word_1_772' title='bbox 3044 3282 3326 3352; x_wconf 88' lang='lat' dir='ltr'><strong>accipiant,</strong></span> <span class='ocrx_word' id='word_1_773' title='bbox 3349 3295 3456 3350; x_wconf 90' lang='lat' dir='ltr'><strong>quo</strong></span> <span class='ocrx_word' id='word_1_774' title='bbox 3478 3293 3599 3349; x_wconf 85' lang='lat' dir='ltr'><strong>par-</strong></span> 
     </span>
    </p>
   </div>
   <div class='ocr_carea' id='block_1_96' title="bbox 2016 3369 3596 3451">
    <p class='ocr_par' dir='ltr' id='par_1_96' title="bbox 2016 3369 3596 3451">
     <span class='ocr_line' id='line_1_96' title="bbox 2016 3369 3596 3451; baseline -0.008 -17"><span class='ocrx_word' id='word_1_775' title='bbox 2016 3395 2132 3434; x_wconf 87' lang='lat' dir='ltr'><strong>vam</strong></span> <span class='ocrx_word' id='word_1_776' title='bbox 2185 3380 2417 3451; x_wconf 89' lang='lat' dir='ltr'><strong>aliquam</strong></span> <span class='ocrx_word' id='word_1_777' title='bbox 2461 3378 2705 3434; x_wconf 90' lang='lat' dir='ltr'><strong>laborum</strong></span> <span class='ocrx_word' id='word_1_778' title='bbox 2751 3374 3170 3431; x_wconf 83' lang='lat' dir='ltr'><strong>consolationem</strong></span> <span class='ocrx_word' id='word_1_779' title='bbox 3213 3370 3462 3425; x_wconf 88' lang='lat' dir='ltr'><strong>habeant.</strong></span> <span class='ocrx_word' id='word_1_780' title='bbox 3523 3369 3596 3424; x_wconf 85' lang='lat' dir='ltr'><strong>ita</strong></span> 
     </span>
    </p>
   </div>
   <div class='ocr_carea' id='block_1_97' title="bbox 2012 3467 3030 3541">
    <p class='ocr_par' dir='ltr' id='par_1_97' title="bbox 2012 3467 3030 3541">
     <span class='ocr_line' id='line_1_97' title="bbox 2012 3467 3030 3541; baseline -0.009 -13"><span class='ocrx_word' id='word_1_781' title='bbox 2012 3472 2367 3528; x_wconf 86' lang='lat' dir='ltr'><strong>Sodomorum</strong></span> <span class='ocrx_word' id='word_1_782' title='bbox 2398 3470 2509 3541; x_wconf 86' lang='lat' dir='ltr'><strong>regi</strong></span> <span class='ocrx_word' id='word_1_783' title='bbox 2540 3468 2818 3540; x_wconf 80' lang='lat' dir='ltr'><strong>respondit</strong></span> <span class='ocrx_word' id='word_1_784' title='bbox 2835 3467 3030 3538; x_wconf 89' lang='lat' dir='ltr'><strong>justus.</strong></span> 
     </span>
    </p>
   </div>
   <div class='ocr_carea' id='block_1_98' title="bbox 2087 3555 3591 3633">
    <p class='ocr_par' dir='ltr' id='par_1_98' title="bbox 2087 3555 3591 3633">
     <span class='ocr_line' id='line_1_98' title="bbox 2087 3555 3591 3633; baseline -0.008 -13"><span class='ocrx_word' id='word_1_785' title='bbox 2087 3563 2410 3633; x_wconf 81' lang='lat' dir='ltr'><strong>Sacriﬁcium</strong></span> <span class='ocrx_word' id='word_1_786' title='bbox 2448 3561 2781 3618; x_wconf 75' lang='lat' dir='ltr'><strong>Melchisedec</strong></span> <span class='ocrx_word' id='word_1_787' title='bbox 2808 3563 2982 3632; x_wconf 85' lang='lat' dir='ltr'><strong>refert,</strong></span> <span class='ocrx_word' id='word_1_788' title='bbox 3015 3567 3061 3614; x_wconf 89' lang='lat' dir='ltr'><strong>et</strong></span> <span class='ocrx_word' id='word_1_789' title='bbox 3090 3567 3143 3612; x_wconf 87' lang='lat' dir='ltr'><strong>ut</strong></span> <span class='ocrx_word' id='word_1_790' title='bbox 3168 3567 3344 3630; x_wconf 79' lang='lat' dir='ltr'><strong>typum</strong></span> <span class='ocrx_word' id='word_1_791' title='bbox 3386 3555 3591 3610; x_wconf 80' lang='lat' dir='ltr'><strong>Eucha-</strong></span> 
     </span>
    </p>
   </div>
   <div class='ocr_carea' id='block_1_99' title="bbox 2014 3645 3597 3726">
    <p class='ocr_par' dir='ltr' id='par_1_99' title="bbox 2014 3645 3597 3726">
     <span class='ocr_line' id='line_1_99' title="bbox 2014 3645 3597 3726; baseline -0.006 -17"><span class='ocrx_word' id='word_1_792' title='bbox 2014 3655 2170 3711; x_wconf 71' lang='lat' dir='ltr'><strong>ristiaz</strong></span> <span class='ocrx_word' id='word_1_793' title='bbox 2198 3654 2456 3726; x_wconf 81' lang='lat' dir='ltr'><strong>proponit.</strong></span> <span class='ocrx_word' id='word_1_794' title='bbox 2483 3683 2552 3694; x_wconf 87' lang='lat'><strong>—-</strong></span> <span class='ocrx_word' id='word_1_795' title='bbox 2598 3652 2885 3722; x_wconf 86' lang='lat' dir='ltr'><strong>Postquam</strong></span> <span class='ocrx_word' id='word_1_796' title='bbox 2915 3660 3094 3705; x_wconf 83' lang='lat' dir='ltr'><strong>autent</strong></span> <span class='ocrx_word' id='word_1_797' title='bbox 3133 3657 3190 3704; x_wconf 88' lang='lat' dir='ltr'><strong>et</strong></span> <span class='ocrx_word' id='word_1_798' title='bbox 3224 3645 3597 3712; x_wconf 82' lang='lat' dir='ltr'><strong>Melchisedec,</strong></span> 
     </span>
    </p>
   </div>
   <div class='ocr_carea' id='block_1_100' title="bbox 2016 3736 3602 3816">
    <p class='ocr_par' dir='ltr' id='par_1_100' title="bbox 2016 3736 3602 3816">
     <span class='ocr_line' id='line_1_100' title="bbox 2016 3736 3602 3816; baseline -0.008 -13"><span class='ocrx_word' id='word_1_799' title='bbox 2016 3763 2108 3803; x_wconf 79' lang='lat' dir='ltr'><strong>rex</strong></span> <span class='ocrx_word' id='word_1_800' title='bbox 2135 3746 2311 3803; x_wconf 91' lang='lat' dir='ltr'><strong>Salem</strong></span> <span class='ocrx_word' id='word_1_801' title='bbox 2338 3788 2352 3813; x_wconf 94' lang='lat'><strong>,</strong></span> <span class='ocrx_word' id='word_1_802' title='bbox 2402 3758 2565 3816; x_wconf 87' lang='lat' dir='ltr'><strong>panes</strong></span> <span class='ocrx_word' id='word_1_803' title='bbox 2592 3753 2647 3800; x_wconf 91' lang='lat' dir='ltr'><strong>et</strong></span> <span class='ocrx_word' id='word_1_804' title='bbox 2674 3744 2856 3798; x_wconf 91' lang='lat' dir='ltr'><strong>vinum</strong></span> <span class='ocrx_word' id='word_1_805' title='bbox 2895 3740 3163 3807; x_wconf 84' lang='lat' dir='ltr'><strong>adferens,</strong></span> <span class='ocrx_word' id='word_1_806' title='bbox 3192 3753 3255 3795; x_wconf 88' lang='lat' dir='ltr'><strong>ea</strong></span> <span class='ocrx_word' id='word_1_807' title='bbox 3285 3739 3382 3808; x_wconf 89' lang='lat' dir='ltr'><strong>ipsi</strong></span> <span class='ocrx_word' id='word_1_808' title='bbox 3411 3736 3602 3793; x_wconf 86' lang='lat' dir='ltr'><strong>obtulit</strong></span> 
     </span>
    </p>
   </div>
   <div class='ocr_carea' id='block_1_101' title="bbox 2016 3826 3599 3910">
    <p class='ocr_par' dir='ltr' id='par_1_101' title="bbox 2016 3826 3599 3910">
     <span class='ocr_line' id='line_1_101' title="bbox 2016 3826 3599 3910; baseline -0.008 -18"><span class='ocrx_word' id='word_1_809' title='bbox 2016 3836 2183 3910; x_wconf 86' lang='lat' dir='ltr'><strong>(Erat</strong></span> <span class='ocrx_word' id='word_1_810' title='bbox 2222 3838 2353 3892; x_wconf 82' lang='lat' dir='ltr'><strong>enim</strong></span> <span class='ocrx_word' id='word_1_811' title='bbox 2380 3834 2645 3900; x_wconf 75' lang='lat' dir='ltr'><strong>sacerdos,</strong></span> <span class='ocrx_word' id='word_1_812' title='bbox 2693 3833 2903 3904; x_wconf 87' lang='lat' dir='ltr'><strong>inquit,</strong></span> <span class='ocrx_word' id='word_1_813' title='bbox 2934 3831 3029 3886; x_wconf 84' lang='lat' dir='ltr'><strong>Dei</strong></span> <span class='ocrx_word' id='word_1_814' title='bbox 3061 3829 3298 3884; x_wconf 83' lang='lat' dir='ltr'><strong>altissimi</strong></span> <span class='ocrx_word' id='word_1_815' title='bbox 3322 3826 3473 3901; x_wconf 69' lang='lat' dir='ltr'><strong>[Gem</strong></span> <span class='ocrx_word' id='word_1_816' title='bbox 3508 3827 3599 3882; x_wconf 73' lang='lat' dir='ltr'><strong>M.</strong></span> 
     </span>
    </p>
   </div>
   <div class='ocr_carea' id='block_1_102' title="bbox 2017 3919 3605 4002">
    <p class='ocr_par' dir='ltr' id='par_1_102' title="bbox 2017 3919 3605 4002">
     <span class='ocr_line' id='line_1_102' title="bbox 2017 3919 3605 4002; baseline -0.007 -17"><span class='ocrx_word' id='word_1_817' title='bbox 2017 3928 2185 4002; x_wconf 78' lang='grc'><strong>18]),</strong></span> <span class='ocrx_word' id='word_1_818' title='bbox 2233 3928 2301 3984; x_wconf 90' lang='lat' dir='ltr'><strong>ab</strong></span> <span class='ocrx_word' id='word_1_819' title='bbox 2336 3928 2425 3984; x_wconf 93' lang='lat' dir='ltr'><strong>illo</strong></span> <span class='ocrx_word' id='word_1_820' title='bbox 2471 3928 2677 3999; x_wconf 88' lang='lat' dir='ltr'><strong>accepit</strong></span> <span class='ocrx_word' id='word_1_821' title='bbox 2719 3926 2915 3982; x_wconf 89' lang='lat' dir='ltr'><strong>oblata.</strong></span> <span class='ocrx_word' id='word_1_822' title='bbox 2964 3923 3163 3980; x_wconf 89' lang='lat' dir='ltr'><strong>Deinde</strong></span> <span class='ocrx_word' id='word_1_823' title='bbox 3192 3930 3250 3976; x_wconf 90' lang='lat' dir='ltr'><strong>ut</strong></span> <span class='ocrx_word' id='word_1_824' title='bbox 3288 3919 3605 3992; x_wconf 85' lang='lat' dir='ltr'><strong>rependeret</strong></span> 
     </span>
    </p>
   </div>
   <div class='ocr_carea' id='block_1_103' title="bbox 2017 4010 3605 4089">
    <p class='ocr_par' dir='ltr' id='par_1_103' title="bbox 2017 4010 3605 4089">
     <span class='ocr_line' id='line_1_103' title="bbox 2017 4010 3605 4089; baseline -0.008 -13"><span class='ocrx_word' id='word_1_825' title='bbox 2017 4019 2445 4076; x_wconf 88' lang='lat' dir='ltr'><strong>benedictionem</strong></span> <span class='ocrx_word' id='word_1_826' title='bbox 2470 4061 2485 4087; x_wconf 91' lang='lat'><strong>,</strong></span> <span class='ocrx_word' id='word_1_827' title='bbox 2526 4033 2684 4089; x_wconf 88' lang='lat' dir='ltr'><strong>quam</strong></span> <span class='ocrx_word' id='word_1_828' title='bbox 2709 4018 2777 4072; x_wconf 90' lang='lat' dir='ltr'><strong>ab</strong></span> <span class='ocrx_word' id='word_1_829' title='bbox 2800 4032 2867 4072; x_wconf 89' lang='lat' dir='ltr'><strong>eo</strong></span> <span class='ocrx_word' id='word_1_830' title='bbox 2904 4022 3220 4085; x_wconf 86' lang='lat' dir='ltr'><strong>acceperat,</strong></span> <span class='ocrx_word' id='word_1_831' title='bbox 3253 4023 3305 4067; x_wconf 88' lang='lat' dir='ltr'><strong>et</strong></span> <span class='ocrx_word' id='word_1_832' title='bbox 3332 4010 3605 4082; x_wconf 79' lang='lat' dir='ltr'><strong>gloriﬁca-</strong></span> 
     </span>
    </p>
   </div>
   <div class='ocr_carea' id='block_1_104' title="bbox 2017 4098 3604 4178">
    <p class='ocr_par' dir='ltr' id='par_1_104' title="bbox 2017 4098 3604 4178">
     <span class='ocr_line' id='line_1_104' title="bbox 2017 4098 3604 4178; baseline -0.008 -13"><span class='ocrx_word' id='word_1_833' title='bbox 2017 4111 2215 4166; x_wconf 87' lang='lat' dir='ltr'><strong>tionem</strong></span> <span class='ocrx_word' id='word_1_834' title='bbox 2239 4110 2290 4165; x_wconf 92' lang='lat' dir='ltr'><strong>in</strong></span> <span class='ocrx_word' id='word_1_835' title='bbox 2322 4110 2486 4165; x_wconf 89' lang='lat' dir='ltr'><strong>Deum</strong></span> <span class='ocrx_word' id='word_1_836' title='bbox 2516 4109 2754 4178; x_wconf 82' lang='lat' dir='ltr'><strong>(dixerat</strong></span> <span class='ocrx_word' id='word_1_837' title='bbox 2779 4106 2943 4174; x_wconf 91' lang='lat' dir='ltr'><strong>enim,</strong></span> <span class='ocrx_word' id='word_1_838' title='bbox 2963 4103 3261 4159; x_wconf 87' lang='lat' dir='ltr'><strong>Benedictus</strong></span> <span class='ocrx_word' id='word_1_839' title='bbox 3287 4101 3473 4155; x_wconf 82' lang='lat' dir='ltr'><strong>Abram</strong></span> <span class='ocrx_word' id='word_1_840' title='bbox 3493 4098 3604 4153; x_wconf 82' lang='lat' dir='ltr'><strong>Deo</strong></span> 
     </span>
    </p>
   </div>
   <div class='ocr_carea' id='block_1_105' title="bbox 2018 4193 3604 4271">
    <p class='ocr_par' dir='ltr' id='par_1_105' title="bbox 2018 4193 3604 4271">
     <span class='ocr_line' id='line_1_105' title="bbox 2018 4193 3604 4271; baseline -0.009 -13"><span class='ocrx_word' id='word_1_841' title='bbox 2018 4204 2265 4258; x_wconf 87' lang='lat' dir='ltr'><strong>altissimo</strong></span> <span class='ocrx_word' id='word_1_842' title='bbox 2284 4244 2299 4271; x_wconf 90' lang='lat'><strong>,</strong></span> <span class='ocrx_word' id='word_1_843' title='bbox 2342 4213 2388 4258; x_wconf 85' lang='lat' dir='ltr'><strong>et</strong></span> <span class='ocrx_word' id='word_1_844' title='bbox 2416 4201 2701 4256; x_wconf 83' lang='lat' dir='ltr'><strong>benedictus</strong></span> <span class='ocrx_word' id='word_1_845' title='bbox 2731 4198 2866 4254; x_wconf 86' lang='lat' dir='ltr'><strong>Deus</strong></span> <span class='ocrx_word' id='word_1_846' title='bbox 2892 4195 3213 4269; x_wconf 67' lang='lat' dir='ltr'><strong>quidradidit</strong></span> <span class='ocrx_word' id='word_1_847' title='bbox 3236 4193 3467 4248; x_wconf 83' lang='lat' dir='ltr'><strong>inimicos</strong></span> <span class='ocrx_word' id='word_1_848' title='bbox 3490 4201 3604 4245; x_wconf 77' lang='lat' dir='ltr'><strong>tuos</strong></span> 
     </span>
    </p>
   </div>
   <div class='ocr_carea' id='block_1_106' title="bbox 2017 4282 3604 4363">
    <p class='ocr_par' dir='ltr' id='par_1_106' title="bbox 2017 4282 3604 4363">
     <span class='ocr_line' id='line_1_106' title="bbox 2017 4282 3604 4363; baseline -0.011 -10"><span class='ocrx_word' id='word_1_849' title='bbox 2017 4299 2071 4354; x_wconf 86' lang='lat' dir='ltr'><strong>in</strong></span> <span class='ocrx_word' id='word_1_850' title='bbox 2094 4313 2276 4352; x_wconf 86' lang='lat' dir='ltr'><strong>manus</strong></span> <span class='ocrx_word' id='word_1_851' title='bbox 2306 4292 2440 4363; x_wconf 85' lang='lat' dir='ltr'><strong>tuas)</strong></span> <span class='ocrx_word' id='word_1_852' title='bbox 2462 4336 2477 4359; x_wconf 88' lang='lat'><strong>,</strong></span> <span class='ocrx_word' id='word_1_853' title='bbox 2522 4293 2757 4349; x_wconf 89' lang='lat' dir='ltr'><strong>decimas</strong></span> <span class='ocrx_word' id='word_1_854' title='bbox 2780 4292 2829 4346; x_wconf 90' lang='lat' dir='ltr'><strong>ei</strong></span> <span class='ocrx_word' id='word_1_855' title='bbox 2857 4288 3007 4346; x_wconf 86' lang='lat' dir='ltr'><strong>dedit</strong></span> <span class='ocrx_word' id='word_1_856' title='bbox 3032 4287 3102 4344; x_wconf 89' lang='lat' dir='ltr'><strong>de</strong></span> <span class='ocrx_word' id='word_1_857' title='bbox 3139 4284 3390 4344; x_wconf 88' lang='lat' dir='ltr'><strong>omnibus</strong></span> <span class='ocrx_word' id='word_1_858' title='bbox 3414 4282 3604 4353; x_wconf 88' lang='lat' dir='ltr'><strong>spoliis</strong></span> 
     </span>
    </p>
   </div>
   <div class='ocr_carea' id='block_1_107' title="bbox 2018 4374 3605 4461">
    <p class='ocr_par' dir='ltr' id='par_1_107' title="bbox 2018 4374 3605 4461">
     <span class='ocr_line' id='line_1_107' title="bbox 2018 4374 3605 4461; baseline -0.012 -16"><span class='ocrx_word' id='word_1_859' title='bbox 2018 4405 2137 4461; x_wconf 79' lang='lat' dir='ltr'><strong>qua:</strong></span> <span class='ocrx_word' id='word_1_860' title='bbox 2159 4387 2426 4443; x_wconf 86' lang='lat' dir='ltr'><strong>attulerat.</strong></span> <span class='ocrx_word' id='word_1_861' title='bbox 2451 4385 2638 4441; x_wconf 84' lang='lat' dir='ltr'><strong>Vidisti</strong></span> <span class='ocrx_word' id='word_1_862' title='bbox 2663 4389 2913 4455; x_wconf 88' lang='lat' dir='ltr'><strong>quantam</strong></span> <span class='ocrx_word' id='word_1_863' title='bbox 2935 4381 3186 4452; x_wconf 87' lang='lat' dir='ltr'><strong>pietatem</strong></span> <span class='ocrx_word' id='word_1_864' title='bbox 3212 4386 3266 4434; x_wconf 90' lang='lat' dir='ltr'><strong>et</strong></span> <span class='ocrx_word' id='word_1_865' title='bbox 3291 4374 3605 4445; x_wconf 86' lang='lat' dir='ltr'><strong>religionem</strong></span> 
     </span>
    </p>
   </div>
   <div class='ocr_carea' id='block_1_108' title="bbox 2020 4467 3606 4548">
    <p class='ocr_par' dir='ltr' id='par_1_108' title="bbox 2020 4467 3606 4548">
     <span class='ocr_line' id='line_1_108' title="bbox 2020 4467 3606 4548; baseline -0.011 -12"><span class='ocrx_word' id='word_1_866' title='bbox 2020 4482 2073 4536; x_wconf 93' lang='lat' dir='ltr'><strong>in</strong></span> <span class='ocrx_word' id='word_1_867' title='bbox 2104 4480 2352 4537; x_wconf 80' lang='lat' dir='ltr'><strong>omnibus</strong></span> <span class='ocrx_word' id='word_1_868' title='bbox 2396 4493 2508 4548; x_wconf 71' lang='lat' dir='ltr'><strong>prie</strong></span> <span class='ocrx_word' id='word_1_869' title='bbox 2536 4491 2595 4533; x_wconf 90' lang='lat' dir='ltr'><strong>se</strong></span> <span class='ocrx_word' id='word_1_870' title='bbox 2624 4475 2756 4532; x_wconf 86' lang='lat' dir='ltr'><strong>ferat</strong></span> <span class='ocrx_word' id='word_1_871' title='bbox 2787 4475 2994 4546; x_wconf 87' lang='lat' dir='ltr'><strong>justus,</strong></span> <span class='ocrx_word' id='word_1_872' title='bbox 3043 4480 3100 4528; x_wconf 89' lang='lat' dir='ltr'><strong>et</strong></span> <span class='ocrx_word' id='word_1_873' title='bbox 3126 4467 3394 4543; x_wconf 88' lang='lat' dir='ltr'><strong>quomodo</strong></span> <span class='ocrx_word' id='word_1_874' title='bbox 3422 4482 3451 4520; x_wconf 92' lang='lat' dir='ltr'><strong>a</strong></span> <span class='ocrx_word' id='word_1_875' title='bbox 3479 4481 3606 4535; x_wconf 86' lang='lat' dir='ltr'><strong>rege</strong></span> 
     </span>
    </p>
   </div>
   <div class='ocr_carea' id='block_1_109' title="bbox 2017 4556 3605 4637">
    <p class='ocr_par' dir='ltr' id='par_1_109' title="bbox 2017 4556 3605 4637">
     <span class='ocr_line' id='line_1_109' title="bbox 2017 4556 3605 4637; baseline -0.013 -6"><span class='ocrx_word' id='word_1_876' title='bbox 2017 4556 2373 4630; x_wconf 77' lang='lat' dir='ltr'><strong>Sodomorum</strong></span> <span class='ocrx_word' id='word_1_877' title='bbox 2400 4584 2431 4625; x_wconf 92' lang='lat' dir='ltr'><strong>a</strong></span> <span class='ocrx_word' id='word_1_878' title='bbox 2473 4568 2709 4625; x_wconf 85' lang='lat' dir='ltr'><strong>funiculo</strong></span> <span class='ocrx_word' id='word_1_879' title='bbox 2739 4581 2909 4637; x_wconf 89' lang='lat' dir='ltr'><strong>usque</strong></span> <span class='ocrx_word' id='word_1_880' title='bbox 2947 4565 3014 4620; x_wconf 87' lang='lat' dir='ltr'><strong>ad</strong></span> <span class='ocrx_word' id='word_1_881' title='bbox 3054 4563 3434 4633; x_wconf 85' lang='lat' dir='ltr'><strong>sphaeroteretn</strong></span> <span class='ocrx_word' id='word_1_882' title='bbox 3460 4558 3605 4612; x_wconf 86' lang='lat' dir='ltr'><strong>acci-</strong></span> 
     </span>
    </p>
   </div>
   <div class='ocr_carea' id='block_1_110' title="bbox 2022 4648 3605 4735">
    <p class='ocr_par' dir='ltr' id='par_1_110' title="bbox 2022 4648 3605 4735">
     <span class='ocr_line' id='line_1_110' title="bbox 2022 4648 3605 4735; baseline -0.011 -15"><span class='ocrx_word' id='word_1_883' title='bbox 2022 4679 2150 4735; x_wconf 88' lang='lat' dir='ltr'><strong>pere</strong></span> <span class='ocrx_word' id='word_1_884' title='bbox 2179 4663 2307 4718; x_wconf 89' lang='lat' dir='ltr'><strong>nihil</strong></span> <span class='ocrx_word' id='word_1_885' title='bbox 2329 4663 2511 4729; x_wconf 90' lang='lat' dir='ltr'><strong>voluit,</strong></span> <span class='ocrx_word' id='word_1_886' title='bbox 2534 4659 2739 4730; x_wconf 89' lang='lat' dir='ltr'><strong>accepit</strong></span> <span class='ocrx_word' id='word_1_887' title='bbox 2766 4668 2942 4714; x_wconf 89' lang='lat' dir='ltr'><strong>autem</strong></span> <span class='ocrx_word' id='word_1_888' title='bbox 2971 4671 3034 4712; x_wconf 90' lang='lat' dir='ltr'><strong>ea</strong></span> <span class='ocrx_word' id='word_1_889' title='bbox 3054 4670 3173 4726; x_wconf 66' lang='lat' dir='ltr'><strong>quae</strong></span> <span class='ocrx_word' id='word_1_890' title='bbox 3200 4669 3230 4709; x_wconf 90' lang='lat' dir='ltr'><strong>a</strong></span> <span class='ocrx_word' id='word_1_891' title='bbox 3254 4648 3605 4707; x_wconf 78' lang='lat' dir='ltr'><strong>Melchisech</strong></span> 
     </span>
    </p>
   </div>
   <div class='ocr_carea' id='block_1_111' title="bbox 2021 4744 3608 4822">
    <p class='ocr_par' dir='ltr' id='par_1_111' title="bbox 2021 4744 3608 4822">
     <span class='ocr_line' id='line_1_111' title="bbox 2021 4744 3608 4822; baseline -0.01 -10"><span class='ocrx_word' id='word_1_892' title='bbox 2021 4767 2144 4812; x_wconf 87' lang='lat' dir='ltr'><strong>sunt</strong></span> <span class='ocrx_word' id='word_1_893' title='bbox 2181 4756 2355 4811; x_wconf 89' lang='lat' dir='ltr'><strong>oblata</strong></span> <span class='ocrx_word' id='word_1_894' title='bbox 2376 4797 2392 4822; x_wconf 91' lang='lat'><strong>,</strong></span> <span class='ocrx_word' id='word_1_895' title='bbox 2421 4753 2720 4810; x_wconf 88' lang='lat' dir='ltr'><strong>retribuens</strong></span> <span class='ocrx_word' id='word_1_896' title='bbox 2746 4760 2800 4806; x_wconf 89' lang='lat' dir='ltr'><strong>ct</strong></span> <span class='ocrx_word' id='word_1_897' title='bbox 2825 4764 2920 4806; x_wconf 88' lang='lat' dir='ltr'><strong>sua</strong></span> <span class='ocrx_word' id='word_1_898' title='bbox 2941 4749 2968 4804; x_wconf 78' lang='lat'><strong>?</strong></span> <span class='ocrx_word' id='word_1_899' title='bbox 3012 4749 3207 4819; x_wconf 90' lang='lat' dir='ltr'><strong>quibus</strong></span> <span class='ocrx_word' id='word_1_900' title='bbox 3230 4744 3479 4801; x_wconf 90' lang='lat' dir='ltr'><strong>nimirum</strong></span> <span class='ocrx_word' id='word_1_901' title='bbox 3507 4756 3608 4798; x_wconf 85' lang='lat' dir='ltr'><strong>nos</strong></span> 
     </span>
    </p>
   </div>
   <div class='ocr_carea' id='block_1_112' title="bbox 2020 4836 3605 4915">
    <p class='ocr_par' dir='ltr' id='par_1_112' title="bbox 2020 4836 3605 4915">
     <span class='ocr_line' id='line_1_112' title="bbox 2020 4836 3605 4915; baseline -0.011 -10"><span class='ocrx_word' id='word_1_902' title='bbox 2020 4849 2198 4905; x_wconf 91' lang='lat' dir='ltr'><strong>docuit</strong></span> <span class='ocrx_word' id='word_1_903' title='bbox 2223 4888 2239 4914; x_wconf 93' lang='lat'><strong>,</strong></span> <span class='ocrx_word' id='word_1_904' title='bbox 2269 4846 2567 4902; x_wconf 83' lang='lat' dir='ltr'><strong>habendum</strong></span> <span class='ocrx_word' id='word_1_905' title='bbox 2593 4845 2822 4915; x_wconf 89' lang='lat' dir='ltr'><strong>aliquem</strong></span> <span class='ocrx_word' id='word_1_906' title='bbox 2852 4842 3118 4898; x_wconf 85' lang='lat' dir='ltr'><strong>delectum</strong></span> <span class='ocrx_word' id='word_1_907' title='bbox 3146 4882 3161 4906; x_wconf 87' lang='lat'><strong>,</strong></span> <span class='ocrx_word' id='word_1_908' title='bbox 3192 4849 3247 4894; x_wconf 88' lang='lat' dir='ltr'><strong>et</strong></span> <span class='ocrx_word' id='word_1_909' title='bbox 3274 4852 3381 4893; x_wconf 90' lang='lat' dir='ltr'><strong>non</strong></span> <span class='ocrx_word' id='word_1_910' title='bbox 3404 4836 3605 4906; x_wconf 87' lang='lat' dir='ltr'><strong>passim</strong></span> 
     </span>
    </p>
   </div>
   <div class='ocr_carea' id='block_1_113' title="bbox 2021 4923 3603 5001">
    <p class='ocr_par' dir='ltr' id='par_1_113' title="bbox 2021 4923 3603 5001">
     <span class='ocr_line' id='line_1_113' title="bbox 2021 4923 3603 5001; baseline -0.009 -11"><span class='ocrx_word' id='word_1_911' title='bbox 2021 4936 2091 4990; x_wconf 81' lang='lat' dir='ltr'><strong>ab</strong></span> <span class='ocrx_word' id='word_1_912' title='bbox 2113 4935 2362 4989; x_wconf 90' lang='lat' dir='ltr'><strong>omnibus</strong></span> <span class='ocrx_word' id='word_1_913' title='bbox 2382 4933 2520 4988; x_wconf 88' lang='lat' dir='ltr'><strong>dona</strong></span> <span class='ocrx_word' id='word_1_914' title='bbox 2546 4930 2875 5001; x_wconf 82' lang='lat' dir='ltr'><strong>accipienda.</strong></span> <span class='ocrx_word' id='word_1_915' title='bbox 2907 4929 3040 4986; x_wconf 86' lang='lat' dir='ltr'><strong>Nam</strong></span> <span class='ocrx_word' id='word_1_916' title='bbox 3067 4927 3310 4998; x_wconf 84' lang='lat' dir='ltr'><strong>quamvis</strong></span> <span class='ocrx_word' id='word_1_917' title='bbox 3331 4923 3603 4982; x_wconf 91' lang='lat' dir='ltr'><strong>Sodomita</strong></span> 
     </span>
    </p>
   </div>
   <div class='ocr_carea' id='block_1_114' title="bbox 2022 5019 3606 5094">
    <p class='ocr_par' dir='ltr' id='par_1_114' title="bbox 2022 5019 3606 5094">
     <span class='ocr_line' id='line_1_114' title="bbox 2022 5019 3606 5094; baseline -0.008 -13"><span class='ocrx_word' id='word_1_918' title='bbox 2022 5027 2113 5081; x_wconf 87' lang='lat' dir='ltr'><strong>ille</strong></span> <span class='ocrx_word' id='word_1_919' title='bbox 2142 5026 2321 5080; x_wconf 90' lang='lat' dir='ltr'><strong>oblato</strong></span> <span class='ocrx_word' id='word_1_920' title='bbox 2353 5026 2496 5080; x_wconf 89' lang='lat' dir='ltr'><strong>dono</strong></span> <span class='ocrx_word' id='word_1_921' title='bbox 2532 5024 2666 5094; x_wconf 85' lang='lat' dir='ltr'><strong>grati</strong></span> <span class='ocrx_word' id='word_1_922' title='bbox 2692 5021 2853 5077; x_wconf 88' lang='lat' dir='ltr'><strong>animi</strong></span> <span class='ocrx_word' id='word_1_923' title='bbox 2894 5020 3043 5090; x_wconf 88' lang='lat' dir='ltr'><strong>signa</strong></span> <span class='ocrx_word' id='word_1_924' title='bbox 3069 5019 3256 5085; x_wconf 87' lang='lat' dir='ltr'><strong>daret,</strong></span> <span class='ocrx_word' id='word_1_925' title='bbox 3286 5026 3402 5072; x_wconf 86' lang='lat' dir='ltr'><strong>erat</strong></span> <span class='ocrx_word' id='word_1_926' title='bbox 3428 5026 3606 5070; x_wconf 89' lang='lat' dir='ltr'><strong>tamen</strong></span> 
     </span>
    </p>
   </div>
   <div class='ocr_carea' id='block_1_115' title="bbox 2022 5108 3604 5190">
    <p class='ocr_par' dir='ltr' id='par_1_115' title="bbox 2022 5108 3604 5190">
     <span class='ocr_line' id='line_1_115' title="bbox 2022 5108 3604 5190; baseline -0.009 -16"><span class='ocrx_word' id='word_1_927' title='bbox 2022 5119 2254 5190; x_wconf 84' lang='lat' dir='ltr'><strong>alioquin</strong></span> <span class='ocrx_word' id='word_1_928' title='bbox 2291 5117 2593 5172; x_wconf 91' lang='lat' dir='ltr'><strong>incredulus</strong></span> <span class='ocrx_word' id='word_1_929' title='bbox 2619 5157 2632 5180; x_wconf 91' lang='lat'><strong>,</strong></span> <span class='ocrx_word' id='word_1_930' title='bbox 2664 5124 2720 5171; x_wconf 89' lang='lat' dir='ltr'><strong>et</strong></span> <span class='ocrx_word' id='word_1_931' title='bbox 2749 5113 3080 5170; x_wconf 89' lang='lat' dir='ltr'><strong>institutione</strong></span> <span class='ocrx_word' id='word_1_932' title='bbox 3103 5110 3264 5169; x_wconf 89' lang='lat' dir='ltr'><strong>multa</strong></span> <span class='ocrx_word' id='word_1_933' title='bbox 3294 5108 3561 5179; x_wconf 73' lang='lat' dir='ltr'><strong>indigebat</strong></span> <span class='ocrx_word' id='word_1_934' title='bbox 3589 5124 3604 5160; x_wconf 90' lang='lat'><strong>:</strong></span> 
     </span>
    </p>
   </div>
   <div class='ocr_carea' id='block_1_116' title="bbox 2024 5201 3605 5282">
    <p class='ocr_par' dir='ltr' id='par_1_116' title="bbox 2024 5201 3605 5282">
     <span class='ocr_line' id='line_1_116' title="bbox 2024 5201 3605 5282; baseline -0.008 -17"><span class='ocrx_word' id='word_1_935' title='bbox 2024 5211 2245 5282; x_wconf 90' lang='lat' dir='ltr'><strong>proinde</strong></span> <span class='ocrx_word' id='word_1_936' title='bbox 2294 5209 2592 5281; x_wconf 85' lang='lat' dir='ltr'><strong>patriarcha</strong></span> <span class='ocrx_word' id='word_1_937' title='bbox 2634 5208 2773 5262; x_wconf 87' lang='lat' dir='ltr'><strong>dona</strong></span> <span class='ocrx_word' id='word_1_938' title='bbox 2817 5204 3030 5276; x_wconf 88' lang='lat' dir='ltr'><strong>quidem</strong></span> <span class='ocrx_word' id='word_1_939' title='bbox 3072 5201 3350 5273; x_wconf 70' lang='lat' dir='ltr'><strong>destiexit,</strong></span> <span class='ocrx_word' id='word_1_940' title='bbox 3391 5213 3605 5253; x_wconf 86' lang='lat' dir='ltr'><strong>omnem</strong></span> 
     </span>
    </p>
   </div>
   <div class='ocr_carea' id='block_1_117' title="bbox 2023 5294 3607 5368">
    <p class='ocr_par' dir='ltr' id='par_1_117' title="bbox 2023 5294 3607 5368">
     <span class='ocr_line' id='line_1_117' title="bbox 2023 5294 3607 5368; baseline -0.009 -10"><span class='ocrx_word' id='word_1_941' title='bbox 2023 5313 2197 5359; x_wconf 90' lang='lat' dir='ltr'><strong>autem</strong></span> <span class='ocrx_word' id='word_1_942' title='bbox 2230 5317 2411 5358; x_wconf 88' lang='lat' dir='ltr'><strong>curam</strong></span> <span class='ocrx_word' id='word_1_943' title='bbox 2439 5300 2712 5366; x_wconf 89' lang='lat' dir='ltr'><strong>adhibuit,</strong></span> <span class='ocrx_word' id='word_1_944' title='bbox 2740 5309 2795 5354; x_wconf 94' lang='lat' dir='ltr'><strong>et</strong></span> <span class='ocrx_word' id='word_1_945' title='bbox 2821 5313 2917 5368; x_wconf 87' lang='lat' dir='ltr'><strong>per</strong></span> <span class='ocrx_word' id='word_1_946' title='bbox 2943 5312 3006 5352; x_wconf 90' lang='lat' dir='ltr'><strong>ea</strong></span> <span class='ocrx_word' id='word_1_947' title='bbox 3035 5310 3154 5366; x_wconf 76' lang='lat' dir='ltr'><strong>qua:</strong></span> <span class='ocrx_word' id='word_1_948' title='bbox 3181 5294 3425 5365; x_wconf 86' lang='lat' dir='ltr'><strong>accipere</strong></span> <span class='ocrx_word' id='word_1_949' title='bbox 3451 5304 3607 5345; x_wconf 88' lang='lat' dir='ltr'><strong>recu-</strong></span> 
     </span>
    </p>
   </div>
   <div class='ocr_carea' id='block_1_118' title="bbox 2023 5382 3608 5463">
    <p class='ocr_par' dir='ltr' id='par_1_118' title="bbox 2023 5382 3608 5463">
     <span class='ocr_line' id='line_1_118' title="bbox 2023 5382 3608 5463; baseline -0.009 -14"><span class='ocrx_word' id='word_1_950' title='bbox 2023 5395 2177 5459; x_wconf 79' lang='lat' dir='ltr'><strong>Savit,</strong></span> <span class='ocrx_word' id='word_1_951' title='bbox 2219 5403 2274 5448; x_wconf 91' lang='lat' dir='ltr'><strong>et</strong></span> <span class='ocrx_word' id='word_1_952' title='bbox 2322 5408 2415 5463; x_wconf 91' lang='lat' dir='ltr'><strong>per</strong></span> <span class='ocrx_word' id='word_1_953' title='bbox 2457 5408 2518 5448; x_wconf 90' lang='lat' dir='ltr'><strong>ca</strong></span> <span class='ocrx_word' id='word_1_954' title='bbox 2548 5405 2667 5462; x_wconf 61' lang='lat' dir='ltr'><strong>quae</strong></span> <span class='ocrx_word' id='word_1_955' title='bbox 2701 5389 2863 5456; x_wconf 88' lang='lat' dir='ltr'><strong>dixit,</strong></span> <span class='ocrx_word' id='word_1_956' title='bbox 2896 5397 2955 5443; x_wconf 87' lang='lat' dir='ltr'><strong>ut</strong></span> <span class='ocrx_word' id='word_1_957' title='bbox 2977 5388 3118 5442; x_wconf 86' lang='lat' dir='ltr'><strong>illuni</strong></span> <span class='ocrx_word' id='word_1_958' title='bbox 3148 5386 3214 5441; x_wconf 92' lang='lat' dir='ltr'><strong>ad</strong></span> <span class='ocrx_word' id='word_1_959' title='bbox 3248 5387 3495 5455; x_wconf 82' lang='lat' dir='ltr'><strong>pietatem</strong></span> <span class='ocrx_word' id='word_1_960' title='bbox 3526 5382 3608 5436; x_wconf 56' lang='lat' dir='ltr'><strong>ina</strong></span> 
     </span>
    </p>
   </div>
   <div class='ocr_carea' id='block_1_119' title="bbox 2022 5477 3609 5550">
    <p class='ocr_par' dir='ltr' id='par_1_119' title="bbox 2022 5477 3609 5550">
     <span class='ocr_line' id='line_1_119' title="bbox 2022 5477 3609 5550; baseline -0.009 -9"><span class='ocrx_word' id='word_1_961' title='bbox 2022 5488 2260 5541; x_wconf 79' lang='lat' dir='ltr'><strong>duceret.</strong></span> <span class='ocrx_word' id='word_1_962' title='bbox 2310 5488 2350 5539; x_wconf 87' lang='lat' dir='ltr'><strong>A</strong></span> <span class='ocrx_word' id='word_1_963' title='bbox 2404 5483 2757 5540; x_wconf 80' lang='lat' dir='ltr'><strong>Meleliisedec</strong></span> <span class='ocrx_word' id='word_1_964' title='bbox 2799 5490 2977 5536; x_wconf 90' lang='lat' dir='ltr'><strong>autem</strong></span> <span class='ocrx_word' id='word_1_965' title='bbox 3013 5480 3133 5550; x_wconf 91' lang='lat' dir='ltr'><strong>jure</strong></span> <span class='ocrx_word' id='word_1_966' title='bbox 3175 5493 3239 5534; x_wconf 86' lang='lat' dir='ltr'><strong>ac</strong></span> <span class='ocrx_word' id='word_1_967' title='bbox 3287 5477 3477 5531; x_wconf 89' lang='lat' dir='ltr'><strong>merito</strong></span> <span class='ocrx_word' id='word_1_968' title='bbox 3520 5486 3609 5527; x_wconf 87' lang='lat' dir='ltr'><strong>ac-</strong></span> 
     </span>
    </p>
   </div>
   <div class='ocr_carea' id='block_1_120' title="bbox 2023 5566 3602 5648">
    <p class='ocr_par' dir='ltr' id='par_1_120' title="bbox 2023 5566 3602 5648">
     <span class='ocr_line' id='line_1_120' title="bbox 2023 5566 3602 5648; baseline -0.008 -16"><span class='ocrx_word' id='word_1_969' title='bbox 2023 5579 2161 5648; x_wconf 81' lang='lat' dir='ltr'><strong>cepit</strong></span> <span class='ocrx_word' id='word_1_970' title='bbox 2196 5596 2208 5632; x_wconf 92' lang='lat'><strong>:</strong></span> <span class='ocrx_word' id='word_1_971' title='bbox 2244 5578 2339 5631; x_wconf 86' lang='lat' dir='ltr'><strong>viri</strong></span> <span class='ocrx_word' id='word_1_972' title='bbox 2379 5578 2520 5632; x_wconf 88' lang='lat' dir='ltr'><strong>enim</strong></span> <span class='ocrx_word' id='word_1_973' title='bbox 2549 5576 2797 5631; x_wconf 87' lang='lat' dir='ltr'><strong>virtutem</strong></span> <span class='ocrx_word' id='word_1_974' title='bbox 2830 5572 3007 5628; x_wconf 88' lang='lat' dir='ltr'><strong>divina</strong></span> <span class='ocrx_word' id='word_1_975' title='bbox 3034 5572 3306 5641; x_wconf 83' lang='lat' dir='ltr'><strong>Seriptura</strong></span> <span class='ocrx_word' id='word_1_976' title='bbox 3337 5566 3602 5628; x_wconf 84' lang='lat' dir='ltr'><strong>indicavit,</strong></span> 
     </span>
    </p>
   </div>
   <div class='ocr_carea' id='block_1_121' title="bbox 2025 5646 3707 5738">
    <p class='ocr_par' dir='ltr' id='par_1_121' title="bbox 2025 5646 3707 5738">
     <span class='ocr_line' id='line_1_121' title="bbox 2025 5646 3707 5738; baseline -0.01 -10"><span class='ocrx_word' id='word_1_977' title='bbox 2025 5646 2244 5738; x_wconf 64' lang='lat' dir='ltr'><strong>dit-cits;</strong></span> <span class='ocrx_word' id='word_1_978' title='bbox 2290 5671 2418 5727; x_wconf 85' lang='lat' dir='ltr'><strong>Erat</strong></span> <span class='ocrx_word' id='word_1_979' title='bbox 2478 5680 2642 5724; x_wconf 85' lang='lat' dir='ltr'><strong>autem</strong></span> <span class='ocrx_word' id='word_1_980' title='bbox 2706 5666 2940 5724; x_wconf 74' lang='lat' dir='ltr'><strong>sacerdos</strong></span> <span class='ocrx_word' id='word_1_981' title='bbox 2998 5665 3091 5719; x_wconf 87' lang='lat' dir='ltr'><strong>Dei</strong></span> <span class='ocrx_word' id='word_1_982' title='bbox 3150 5663 3405 5718; x_wconf 81' lang='lat' dir='ltr'><strong>altissimi.</strong></span> <span class='ocrx_word' id='word_1_983' title='bbox 3465 5657 3607 5715; x_wconf 75' lang='lat' dir='ltr'><strong>Alias</strong></span> <span class='ocrx_word' id='word_1_984' title='bbox 3677 5646 3707 5681; x_wconf 55' lang='grc' dir='ltr'><strong>δ’</strong></span> 
     </span>
    </p>
   </div>
  </div>
