4020 6136
320 286 427 340 355

323 401 539 470 ποίηκε.
576 402 773 456 Σκόπει
827 405 944 468 πῶς
982 405 1184 476 μεταξύ
1227 408 1336 463 τῶν
1379 411 1700 482 πειρασμῶν
1722 411 1822 487 τὴν
1861 413 1991 480 παρ’

323 488 490 543 αὐτοῦ
520 490 692 562 ῥοπὴν
722 493 991 564 εἰσφέρων
1014 495 1042 548 6
1073 495 1452 568 φιλάνθρωπος
1494 501 1773 572 Δεσπότης
1805 501 1990 574 ἀκμά-

321 575 485 641 ζοντα
503 577 594 631 τδν
613 577 851 650 ἀθλητὴν
877 579 1013 652 πρὸς
1023 583 1149 646 τοὺς
1165 581 1290 654 ἑξῆς
1313 585 1470 640 πάλιν
1503 586 1720 656 ἀγῶνας
1740 588 1987 660 ἀπεργά-

322 665 496 730 ςεται,
513 666 612 718 οὐκ
634 667 812 734 ἀφιεὶς
845 667 1172 741 ἐρημονοτῆς
1200 672 1390 726 ἐαυτοῦ
1426 673 1702 744 βοηθείας,
1739 675 1876 730 ἀλλά
1903 675 1991 730 διά

324 750 541 805 πάντων
569 753 819 824 φανερῶς
847 756 1148 829 οἰκονομῶν
1179 758 1326 830 αὐτῴ
1355 760 1687 821 δείκνυσθαι.
1711 763 1794 816 ὅτι
1821 763 1992 834 μικρὰ

323 837 591 910 εἰσφέρων
627 839 809 905 αὐτὸς,
870 845 1120 913 μεγάλων
1155 846 1246 898 καὶ
1293 845 1496 919 σφόδρα
1536 849 1786 919 μεγάλων
1809 849 1992 918 ἀξιοῦ-

322 943 411 979 ται
432 927 524 980 καὶ
553 927 824 982 νικώντων
851 931 950 1004 τὴν
1000 931 1343 1004 ἀνθρωπίνην
1395 934 1574 1004 φύσιν.
1629 935 1782 1000 Εἶδες
1816 938 1994 992 τοίνυν

321 1013 416 1067 τοῦ
449 1014 656 1069 δικαίιυ
676 1015 774 1088 τὴν
797 1017 1104 1090 ύπομονήν;
1129 1020 1275 1092 ’Όρα
1298 1022 1460 1076 πάλιν
1487 1024 1624 1093 μετά
1661 1025 1760 1096 τὴν
1783 1023 1992 1078 ἐκεῖθεν

320 1101 580 1155 ἐπάνοδον
601 1105 697 1173 τῆς
725 1107 1222 1177 ταπεινοφροσύνης
1250 1109 1413 1162 αὐτοῦ
1433 1101 1492 1163 τδ
1525 1111 1751 1180 μέγεθος
1774 1112 1867 1164 καὶ
1893 1111 1993 1180 τὴν

321 1188 615 1243 ἐπιείκειαν
678 1190 776 1263 τὴν
827 1191 1042 1262 πολλήν.
1109 1194 1324 1266 Ἐπειδὴ
1379 1196 1486 1270 γὰρ
1532 1198 1831 1268 ἐπανῆλθεν
1886 1199 1995 1252 ἀπὸ

319 1275 423 1344 τῆς
488 1275 763 1344 Αἰγύπτου
839 1279 1102 1350 εὐπορίαν
1169 1281 1368 1354 πολλὴν
1446 1285 1786 1355 κτησάμενος
1853 1285 1992 1358 (οὐκ

322 1361 485 1425 αὐτὸς
535 1361 592 1414 δέ
647 1363 826 1432 μόνος,
879 1363 1011 1418 ἀλλά
1065 1367 1158 1420 κοιλ⁸
1219 1368 1248 1419 6
1315 1367 1623 1438 ἀδελφιδοῦς
1669 1369 1990 1440 ήκολούθει),

317 1449 442 1501 Οὐκ
525 1447 726 1518 ἐχώρει
757 1490 772 1514 ,
851 1453 1015 1520 φησὶν
1047 1491 1065 1516 ,
1149 1453 1362 1520 αὐτοὺς
1448 1456 1480 1522 ἠ
1551 1455 1626 1526 γῆ
1695 1457 1994 1512 κατοικεῖν

323 1532 476 1600 ἅμα,
544 1533 634 1588 ὅτι
697 1531 778 1607 ἦν
841 1539 913 1590 τὰ
955 1537 1306 1608 ὑπάρχοντα
1363 1541 1558 1597 αὐτῶν
1603 1543 1823 1596 πολλά·
1873 1544 1993 1598 ὃθεν

324 1621 420 1673 καὶ
473 1620 620 1692 μάχη
665 1623 863 1694 συνέϐη
899 1624 1151 1693 γενέσθαι
1198 1626 1400 1696 μεταξύ
1442 1628 1549 1682 τῶν
1596 1631 1865 1700 ποιμένων
1898 1631 1992 1684 τοῦ

324 1706 449 1761 Λὼτ
477 1710 571 1762 καὶ
601 1709 695 1763 τοῦ
728 1711 970 1784 Ἀϐραμ·
1019 1714 1160 1768 Ἀλλ’
1185 1718 1214 1769 6
1242 1717 1450 1782 δίκαιος
1477 1711 1632 1784 οὗτος
1653 1711 1868 1786 δεικνὺς
1897 1724 1995 1776 αὐ-

322 1795 418 1848 τοῦ
444 1797 504 1849 τὸ
533 1797 740 1869 ἥμερον
771 1798 872 1870 τῆς
891 1799 1070 1871 ψυχῆς
1097 1802 1312 1875 καὶτῆς
1338 1805 1654 1876 φιλοσοφίας
1695 1808 1794 1880 τὴν
1825 1810 1993 1881 ὑπερ-

324 1881 506 1954 ϐολὴν,
538 1883 774 1948 καλέσας
805 1886 896 1940 τὸν
922 1886 1075 1957 Λὼτ,
1126 1890 1260 1959 φησὶ
1306 1891 1444 1962 πρὸς
1477 1893 1641 1946 αὐτόν
1665 1909 1680 1923 ο
1714 1894 1812 1963 Μὴ
1841 1895 1995 1950 ἔστω

321 1970 484 2038 μάχη
510 1970 627 2024 ἀνὰ
656 1971 853 2039 μέσον⁴
877 1973 1025 2043 ἐμοῦ
1071 1977 1172 2029 καί
1227 1976 1366 2044 σοῦ,
1415 1979 1512 2032 καὶ
1549 1979 1668 2034 τῶν
1695 1980 1990 2051 ποιμένων

321 2070 439 2121 μου
468 2054 564 2108 καί
597 2054 717 2109 τῶν
761 2056 1062 2126 ποιμένων
1098 2072 1236 2126 σου,
1269 2059 1359 2114 ὅτι
1403 2060 1702 2130 ἅνθρωποι
1746 2063 1994 2134 ἀδελφοί

323 2139 498 2209 ἡμεῖς
523 2141 731 2210 ἐσμεν·
771 2145 1057 2214 μονονουχὶ
1080 2143 1254 2214 λέγων
1284 2147 1420 2218 πρὸς
1453 2149 1634 2203 αὐτόν·
1669 2150 1818 2204 οὐδὲν
1844 2153 1994 2223 εἰρή-

324 2243 424 2296 νης
453 2229 585 2280 ἴσον·
632 2230 784 2283 οὐδὲν
818 2230 1150 2300 φιλονεικίας
1183 2232 1502 2306 βαρύτερον.
1560 2237 1658 2289 Ἵν’
1693 2232 1786 2293 οῦν
1813 2240 1995 2292 πᾶσαν

329 2313 506 2384 μάχης
525 2314 780 2369 ὑπόθεσιν
805 2316 1048 2372 ἐκποδὼν
1076 2319 1452 2390 ποιησώμεθα,
1477 2321 1598 2376 έλοῦ
1626 2322 1693 2395 ὴν
1720 2323 1786 2377 ἀν
1805 2323 1996 2394 βουλη-

326 2401 426 2473 θῇς
455 2401 658 2472 χώραν’
689 2403 954 2458 κατάλιπε
982 2404 1038 2458 δέ
1081 2423 1171 2477 μοι
1204 2405 1301 2478 τὴν
1341 2407 1688 2481 λειπομένην,
1733 2411 1873 2484 ὑπὲρ
1901 2411 1996 2466 τοῦ

325 2491 506 2560 πάσης
525 2493 669 2562 ἡμᾶς
704 2491 876 2564 έριδος
901 2494 993 2547 καὶ
1019 2494 1348 2564 φιλονεικίας
1378 2497 1534 2562 ἐκτὸς
1553 2499 1826 2566 γενέσθαι.
1846 2497 1995 2565 Εἶδες

325 2576 516 2648 ἀνδρῧλς
543 2579 772 2650 ἀρετήν;
805 2582 1172 2651 Παρεχώρησε
1197 2581 1278 2652 τῷ
1313 2581 1418 2652 νέῳ
1436 2583 1545 2638 τῶν
1576 2585 1853 2658 πρωξείων
1898 2589 1996 2658 τὴν

325 2640 594 2734 ἐκλξἰὴπι,’
610 2640 708 2718 καί
727 2640 1108 2738 ἔστερξε-’τὴν
1130 2640 1468 2740 φαυλοτάτην
1487 2640 1862 2742 χώράνέἈλλ*
1895 2640 1996 2744 ὅρα

325 2752 487 2807 πάλιν
508 2752 692 2824 ἐπειδὴ
721 2752 788 2805 τά
821 2753 950 2824 παρ’
969 2753 1162 2808 ἐαυτοῦ
1191 2755 1520 2822 ἐπεδείξατο,
1539 2758 1712 2830 πόσης
1737 2759 1997 2815 ἀπολαύει

275 2890 284 2900 ,
326 2843 424 2911 τῆς
447 2840 697 2911 ἀμοιϐῆς.
732 2839 946 2905 Εὐθέως
977 2842 1086 2914 γάρ
1099 2843 1194 2896 τοῦ
1227 2843 1507 2916 χωρισμοῦ
1533 2847 1999 2920 γενομένου,φησὶ

327 2927 461 2998 πρὸς
481 2927 640 2981 αὐτὸν
659 2929 688 2980 ὁ
706 2927 836 2992 Θεὸς
865 2927 1002 2998 μετά
1026 2929 1086 2982 τὸ
1106 2928 1525 3002 διαχωρισθῆναι
1545 2931 1636 2986 τὸν
1661 2932 1804 2986 Λώτ·
1840 2935 1997 2988 Ἅναο

327 3015 558 3083 ϐλέψας
605 3013 723 3080 τοῖς
755 3015 1079 3086 ὀφθαλμοῖς
1111 3031 1228 3072 σου
1270 3017 1360 3071 ἴδε
1397 3016 1604 3073 πᾶσαν
1645 3019 1760 3089 τὴν
1785 3019 1904 3091 γῆν
1929 3021 1998 3088 ἐξ

325 3099 607 3168 ἐκατέρου
634 3098 736 3153 τοῦ
757 3099 998 3168 μέρους,
1034 3101 1121 3154 ὅτι
1173 3101 1398 3165 πᾶσαν,
1427 3102 1510 3171 ἦν
1537 3104 1620 3160 σὺ
1671 3103 1815 3174 ὁρᾷς
1838 3147 1854 3173 ,
1896 3109 1996 3162 σοί

326 3186 498 3240 δώσω
522 3186 716 3254 αὐτὴν
760 3187 857 3240 καὶ
887 3185 967 3252 τῷ
996 3187 1294 3258 σπέρματί
1317 3204 1433 3244 σου
1465 3191 1567 3258 ἕως
1597 3191 1828 3260 σίῶνος.
1866 3194 1998 3248 Σκό-

328 3290 419 3326 πει
453 3275 622 3343 πόσης
653 3273 898 3338 ἀξιοῦται
924 3275 1024 3344 τῆς
1051 3275 1362 3347 φιλοτιμίας
1400 3277 1489 3331 διὰ
1517 3279 1615 3351 τὴν
1642 3297 1997 3353 ταπεινοφρο-

328 3359 516 3430 σύνην,
544 3361 608 3432 ἢν
635 3359 942 3425 ἐπεδείξατο
968 3361 1102 3432 πρὸς
1121 3361 1211 3414 τὸν
1239 3361 1570 3432 ἀδελφιδοῦν*
1607 3365 1700 3419 καὶ
1723 3365 1884 3430 αὐτὸς
1901 3367 1998 3438 μὲν

331 3445 544 3518 μικρῶν
578 3448 1003 3519 παραχωρήσας.
1077 3447 1213 3503 πολὺ
1248 3449 1509 3516 μειζόνων
1545 3449 1771 3523 ἠξιώθη,
1795 3453 1999 3516 ἐκεῖνος

325 3533 384 3586 δὲ
413 3536 524 3598 τοῖς
541 3535 825 3604 πρωτείοις
855 3535 1216 3606 ἐπιπηδήσας,
1237 3537 1351 3607 μετ’
1371 3537 1431 3590 οὐ
1455 3537 1587 3590 πολύ
1616 3541 1694 3602 εἰς
1723 3539 1998 3604 κινδύνους

327 3620 606 3674 ἐνέπιπτεο
638 3622 732 3675 καὶ
757 3621 818 3674 οὐ
851 3622 1011 3691 μόνον
1037 3623 1188 3676 οὐδὲν
1208 3623 1462 3677 ἀπώνατο
1477 3625 1570 3694 τῆς
1595 3625 1845 3694 ἐκλογῆς,
1862 3627 1998 3681 ἀλλά

330 3709 424 3763 καὶ
456 3709 797 3780 αἰχμάλωτος
831 3712 922 3764 καὶ
957 3711 1140 3775 ἀοικος
1174 3713 1265 3765 καὶ
1280 3713 1522 3776 ἀνέστιος
1544 3713 1738 3785 ἀθρόον
1766 3715 1995 3783 ἐγίνετο,

329 3798 426 3852 καὶ
453 3797 520 3850 δι’
551 3797 727 3850 αὐτῶν
751 3797 856 3851 τῶν
869 3798 1210 3868 πραγμάτων
1235 3799 1544 3854 ἐδιδάσκετο
1565 3801 1762 3855 καὶτοῦ
1790 3802 1998 3856 δικαίου

328 3883 428 3954 τὴν
459 3883 897 3954 ὑπερϐάλλουσαν
925 3883 1148 3954 ἀρετὴν,
1177 3884 1272 3937 καὶ
1303 3885 1464 3948 αὐτὸς
1486 3887 1799 3940 ἐπαιδεύετο
1817 3889 2000 3942 λοιπὸν

333 3971 498 4043 μηδὲν
535 3968 773 4022 τοιοῦτόν
803 3986 933 4022 ποτε
957 3971 1406 4040 διαπράττεσθαι.
1442 3972 1660 4044 Ἐπειδὴ
1684 3974 1792 4046 γάρ
1821 3976 1919 4046 τὴν
1944 3977 2002 4028 ἐν

334 4059 587 4129 Σοδόμοις
613 4060 734 4129 οίκη
743 4075 824 4112 σιν
858 4061 1151 4130 ἐποιήσατο
1170 4061 1198 4112 6
1213 4057 1354 4123 Λὼτ,
1379 4059 1580 4124 εὐθέως
1595 4062 1826 4132 πόλεμος
1844 4063 2000 4132 ἀνερ-

333 4145 557 4216 ριπίσθη
593 4145 846 4216 χαλεπὸς,
887 4146 980 4198 καὶ
1012 4147 1060 4198 οί
1097 4144 1206 4198 τῶν
1241 4145 1672 4216 προσοικούντων
1705 4147 1873 4201 ἐθνῶν
1905 4148 2002 4218 βα-

333 4231 498 4293 σιλεῖς
528 4233 845 4294 ἐπιστάντες
879 4231 1016 4302 μετά
1057 4231 1258 4302 πολλῆς
1279 4231 1379 4300 τῆς
1402 4233 1681 4304 δυνάμεως
1706 4236 1884 4288 πᾶσαν
1907 4235 2005 4306 τὴν

332 4318 515 4390 χώραν
548 4319 716 4389 ἄρδην
744 4317 1053 4381 ἀπώλεσαν,
1100 4321 1226 4384 τούς
1271 4319 1534 4388 γίγαντας
1582 4322 1876 4385 ἀνελόντες,
1911 4325 2004 4376 καὶ

329 4408 456 4470 τοὺς
490 4403 862 4474 Ἀμαληκίτας
913 4405 1287 4475 ἀπωσάμενοι,
1344 4407 1438 4460 καὶ
1467 4407 1558 4461 τὸν
1619 4408 1726 4461 τῶν
1757 4409 2004 4480 Σοδόμων

333 4492 556 4556 βασιλέα
571 4493 665 4546 καὶ
688 4493 968 4564 Γομόρρας
990 4493 1068 4556 είς
1086 4491 1261 4562 φυγὴν
1273 4495 1544 4564 τραπῆναι
1561 4495 2002 4567 παρεσκεύασαν,

332 4581 424 4632 καὶ
447 4581 625 4632 πᾶσαν
648 4579 908 4650 κατέσχον
935 4577 1033 4648 τὴν
1060 4577 1292 4649 ὀρεινὴν,
1320 4580 1414 4632 καὶ
1455 4583 1554 4651 τὴν
1590 4582 1754 4634 ἵππον
1785 4581 1880 4634 τοῦ
1906 4581 1996 4651 βα-

334 4669 523 4732 σιλέως
563 4668 808 4739 Σοδόμων
831 4667 1207 4731 ἀναλαϐόντες.
1238 4667 1333 4722 καὶ
1357 4667 1448 4720 τὸν
1473 4663 1590 4720 Aio:
1631 4669 2004 4740 αἱχμαλωτεύ-

335 4771 524 4818 σαντες
574 4757 793 4819 καὶτὰς
818 4757 1077 4824 γυναῖκας
1121 4755 1258 4826 μετά
1291 4755 1469 4825 πάσης
1513 4753 1614 4826 τῆς
1667 4757 2000 4828 ἀποσκευῆς,

333 4841 507 4904 οὕτως
547 4841 869 4910 ἐπανῄεσαν.

403 4937 454 4998 γ’
459 4929 608 5000 ,[566
623 4928 634 4999 |
669 4928 807 4981 Ἀλλ’
821 4929 923 4999 ὅρα
938 4928 1100 4982 πάλιν
1115 4927 1250 4982 Θεοῦ
1265 4928 1586 5000 κηδεμονίαν
1601 4929 1820 5002 πολλήν.
1837 4930 2003 5003 Ὁμοῦ

334 5019 429 5070 καὶ
454 5015 545 5068 τὸν
573 5013 696 5068 Λὼτ
722 5015 821 5085 τῆς
846 5016 1224 5086 αἰχμαλωσίας
1246 5016 1606 5089 ἐλευθερῶσαι
1659 5017 2000 5089 βουλόμενος,

335 5104 430 5157 καὶ
452 5103 544 5156 τὸν
566 5100 907 5174 πατριάρχην
941 5103 1392 5174 περιφανέστερον
1416 5105 1770 5174 ἐργάσασθαι,
1808 5106 2003 5175 διεγεί-

335 5207 416 5260 ρει
445 5189 535 5241 τὸν
561 5188 770 5242 δίκαιον
787 5187 922 5259 πρὸς
941 5188 1225 5260 ἀντίληψιν
1243 5187 1334 5242 τοῦ
1369 5189 1670 5260 ἀδελφιδοῦ.
1697 5191 2004 5262 Πυθόμενος

332 5276 440 5343 γάρ
466 5275 526 5328 τὸ
575 5273 820 5344 γεγονὸς,
863 5274 1002 5345 μετά
1029 5275 1136 5328 τῶν
1165 5275 1453 5348 οἰκογενῶν
1479 5279 1726 5348 ὁρμήσας
1751 5279 1844 5332 ἐπὶ
1872 5280 2002 5343 τούς

335 5363 574 5432 βασιλεῖς
599 5343 873 5425 ἐκείνους,
892 5360 1089 5424 αὐτούς
1113 5378 1173 5413 τε
1199 5343 1562 5433 μετάῘπολλῆς
1582 5343 1830 5427 εὐκολίας
1866 5366 2000 5420 ἐπά-

331 5451 482 5517 ταξε,
508 5449 711 5504 καὶτὸν
743 5449 886 5512 Λὼτ,
920 5450 1012 5502 καὶ
1043 5448 1140 5513 τὰς
1165 5451 1445 5518 γυναῖκας,
1475 5450 1570 5504 καὶ¹
1599 5450 1696 5522 τὴν
1721 5451 1883 5505 ἵππον
1899 5454 1976 5506 πᾶ

334 5557 432 5593 σαν
447 5533 546 5593 τοῦ
573 5539 836 5610 βασιλέως
857 5539 1200 5609 ἐπανήγαγε,
1227 5537 1456 5610 λαμπρά
1483 5537 1552 5592 τά
1565 5539 1801 5611 τρόπαια
1841 5543 2001 5612 ἐργα-

334 5628 584 5694 σάμενος,
623 5626 718 5678 καὶ
747 5626 879 5678 πᾶσι
916 5624 1216 5696 κατάδηλον
1246 5624 1412 5678 ποιῶν
1439 5625 1538 5697 τὴν
1558 5627 1686 5698 περὶ
1712 5626 1873 5680 αὐτὸν
1904 5627 1998 5681 τοῦ

333 5713 468 5764 Θεοῦ
495 5713 718 5774 εὔνοιαν,
749 5711 842 5764 καὶ
878 5712 959 5764 ὅτι
997 5711 1098 5763 οὐκ
1149 5711 1324 5780 οἰκεία
1356 5711 1583 5784 δυνάμει
1608 5713 1704 5785 τὴν
1731 5715 2000 5785 τοσαύτην

335 5799 625 5871 εἰργάσατο
648 5799 886 5870 τροπὴν,
920 5798 1054 5851 ἀλλά
1081 5801 1146 5870 τῇ
1187 5799 1391 5853 ἀνωθεν
1425 5799 1644 5872 βοηθείᾳ
1687 5803 1993 5872 τειχιζόμε-

337 5901 444 5949 νος.
469 5885 576 5938 Καὶ
594 5883 777 5938 λοιπὸν
802 5882 1026 5938 ἔσπευδε
1055 5884 1119 5937 δι’
1145 5885 1320 5939 αὐτῶν
1357 5885 1463 5940 τῶν
1488 5887 1826 5958 πραγμάτων
1851 5887 1993 5942 διδά-

1471 293 1536 350 IN
1565 296 1716 353 CAP.
1758 297 1850 353 XV
1885 299 2132 358 GENES.
2167 299 2396 356 IIOMIL.
2426 301 2664 359 XXX“.
3658 311 3762 366 7:36

2102 415 2298 480 σκαλος
2343 415 2652 482 θεοσεϐείας
2702 419 2954 487 γενέσθαι
2997 422 3128 474 πᾶσι
3161 423 3275 486 τοῖς
3297 423 3354 476 ἐν
3391 421 3644 494 Σοδόμοις
3681 426 3763 477 Γιλ

2097 501 2196 573 τῆς
2232 501 2368 572 πρὸς
2399 503 2490 558 τὸν
2517 505 2739 573 βασιλέα
2765 505 3070 572 διαλέξεως.
3113 507 3328 579 Ἐπειδὴ
3361 508 3470 580 γὰρ
3507 514 3766 578 συνεντήι

2100 605 2200 652 σας
2226 591 2255 642 ό
2299 589 2550 660 βασιλεὺς
2575 631 2590 656 ,
2641 593 2734 646 καὶ
2797 595 3026 666 χάριτας
3062 596 3202 667 ὑπὲρ
3238 594 3348 650 τῶν
3388 596 3769 665 γεγενημένων

2098 675 2434 746 ὁμολογήσας
2469 677 2566 748 τὴν
2593 677 2691 749 μὲν
2720 679 2883 733 ’ίππον
2923 683 3350 754 παραχωρήσειν
3389 684 3572 736 πᾶσαν
3593 681 3766 750 ἔλεγε,

2099 765 2224 827 τοὺς
2245 764 2304 818 δὲ
2334 764 2653 835 ἀνθρώπους
2689 765 2971 838 λήψεσθαι·
2995 771 3095 840 ὅρα
3115 769 3276 823 πάλιν
3297 771 3392 823 τοῦ
3424 769 3635 822 δικαίου
3671 769 3768 839 τὴν

2103 847 2524 920 μεγαλοψυχίαν,
2559 850 2676 914 πῶς
2712 850 2846 922 ὁμοῦ
2887 851 2980 905 καὶ
3003 851 3102 922 τὴν
3129 851 3334 906 οἰκείαν
3361 851 3676 922 φιλοσοφίαν
3695 851 3770 904 δι-

2099 933 2304 1000 δάσκει,
2325 936 2401 1001 ώς
2418 938 2678 1010 κρείττων
2703 939 2819 992 ἐστὶ
2850 938 2957 992 τῶν
2997 941 3126 1010 παρ’
3161 939 3326 992 αὐτοῦ
3347 939 3654 1010 διδομένων,
3677 940 3772 993 καὶ

2099 1021 2179 1085 είς
2200 1023 2297 1094 τὴν
2317 1024 2416 1093 τῆς
2437 1024 2744 1084 θεοσεϐείας
2779 1025 2979 1094 γνῶσιν
3017 1027 3179 1081 αὐτὸν
3228 1027 3435 1095 ἐνάγει.
3484 1026 3617 1081 Οὐδὲ
3663 1025 3772 1096 γάρ

2103 1107 2287 1173 ἁπλῶς
2311 1106 2464 1164 εἶπεν
2491 1111 2660 1182 αὐτῷ,
2677 1113 2758 1165 ὅτι
2791 1114 2889 1166 οὐκ
2909 1114 3165 1184 ἀνέξομαι
3190 1113 3374 1168 λαϐεῖν
3406 1131 3458 1167 τι
3479 1113 3630 1184 παρά
3652 1113 3770 1179 σοῦ,

2100 1196 2220 1249 οὐδέ
2236 1199 2316 1250 ὅτι
2337 1198 2546 1262 οὐδενος
2567 1199 2754 1269 δέομαι
2771 1199 3010 1252 τοιούτου
3037 1199 3400 1270 μισθοῦ,ἀλλά
3417 1199 3500 1266 τί;
3528 1199 3773 1256 Ἐκτενῶ

2101 1283 2220 1351 τὴν
2241 1283 2410 1352 χεῖρά
2420 1301 2539 1353 μου
2567 1285 2716 1353 πρὸς
2743 1285 2850 1338 τὸν
2863 1285 3012 1340 ϐεεν
3037 1285 3144 1338 τόν
3177 1285 3462 1354 ὕψιστον,
3492 1287 3774 1356 μονονουχὶ

2101 1368 2364 1422 διδάσκων
2399 1369 2583 1433 αὐτὸν,
2601 1370 2798 1424 ὅτιούκ
2821 1372 2926 1424 είσὶ
2956 1370 3069 1424 θεοὶ
3086 1372 3134 1425 οί
3159 1370 3262 1425 ὑπὸ
3279 1372 3372 1426 σοῦ
3399 1371 3771 1443 θεραπευόμε-

2101 1473 2203 1520 νοι,
2223 1455 2358 1510 ἀλλά
2390 1455 2527 1511 λίθοι
2548 1456 2808 1522 καὶξύλα·
2835 1452 2914 1522 εἷς
2940 1457 3049 1530 γάρ
3065 1459 3211 1512 ἐστιν
3227 1461 3255 1512 6
3273 1457 3366 1512 ἐπὶ
3387 1458 3603 1512 πάντων
3619 1459 3770 1523 Θεὸς,

2115 1544 2219 1608 ’ος
2251 1543 2454 1598 ἔκτισε
2483 1545 2588 1599 τὸν
2609 1545 2872 1614 οὐρανὸν
2912 1546 3009 1599 καί
3027 1545 3142 1614 τὴν
3154 1545 3289 1616 τῆν’
3313 1546 3486 1600 ὅτιού
3505 1544 3774 1616 ,λήψομαι

2103 1627 2262 1694 παρὰ
2291 1627 2408 1682 σοῦ
2439 1627 2557 1683 ἀπὸ
2579 1629 2874 1698 σπαρτίου
2899 1626 3010 1694 ἕως
3035 1627 3472 1697 σφαιρωτῆρυς,
3511 1628 3598 1682 ’ίνα
3619 1627 3774 1698 νομί-

2105 1729 2222 1784 σῃς.
2246 1715 2328 1768 ὅτι
2347 1715 2550 1770 τούτων
2579 1716 2762 1769 ἕνεκεν
2782 1716 2879 1788 τὴν
2907 1715 3184 1788 ἐκδίκησιν
3203 1700 3566 1786 ἐποιησάμην,
3591 1715 3679 1768 ἵνα
3699 1715 3775 1787 μὴ

2103 1801 2279 1870 λέγειν
2299 1803 2449 1874 ἔχῃς,
2477 1803 2557 1856 ὅτι
2575 1803 2736 1866 αὐτός
2761 1821 2850 1874 μοι
2869 1803 2968 1874 τῆς
2999 1803 3314 1874 περιουσίας
3333 1803 3503 1864 αἴτιος
3525 1802 3770 1870 γέγονας.

2115 1889 2173 1942 '0
2193 1889 2300 1960 γάρ
2329 1889 2429 1960 τὴν
2448 1888 2602 1960 νίκην
2635 1888 2932 1960 παρασχὼν
2979 1890 3074 1944 καὶ
3103 1888 3166 1942 τὸ
3212 1889 3472 1960 τρόπαιον
3497 1888 3615 1959 μετ’
3640 1887 3775 1960 ἐμοῦ

2105 1979 2326 2046 στήσας,
2357 1975 2520 2038 αὐτός
2537 1979 2684 2031 ἐστιν
2713 1977 2742 2029 6
2767 1977 2861 2030 καὶ
2882 1975 3112 2030 πλούτου
3133 1976 3232 2048 τὴν
3271 1975 3534 2048 χορηγίαν
3557 1993 3646 2046 μοι
3672 1991 3776 2030 πα.-

2108 2065 2454 2136 ρασχόμενος.
2475 2065 2614 2138 Ὅρα
2633 2066 2768 2132 πῶς,
2797 2065 2912 2135 εἴγε
2941 2064 3214 2130 ἐϐούλετο,
3235 2065 3539 2137 κερδαίνειν
3554 2064 3776 2119 ἐδύνατο

2103 2153 2132 2204 6
2149 2152 2398 2222 βασιλεὺς
2417 2153 2482 2206 ἐκ
2502 2153 2609 2206 τῶν
2625 2153 2718 2208 τοῦ
2739 2153 3073 2225 πατριάρχου
3093 2151 3420 2222 λεγομένων.
3437 2151 3777 2206 Ἐδιδάσκετο

2103 2237 2211 2310 γὰρ
2238 2238 2312 2310 μὴ
2347 2241 2412 2310 τῇ
2435 2239 2612 2310 οἰκεία
2652 2238 2882 2310 δυνάμει
2908 2237 3092 2291 λοιπὸν
3124 2237 3373 2310 θαρρεῖν,
3415 2237 3530 2292 ἀλλ’
3577 2236 3776 2291 εἰδέναι

2103 2323 2194 2376 τὸν
2239 2324 2456 2379 πάντων
2510 2325 2702 2389 αἴτιον,
2753 2327 2848 2380 καὶ
2881 2325 3190 2396 καταγελᾷν
3226 2323 3337 2378 τῶν
3381 2325 3776 2396 χειροποιήτων

2105 2408 2243 2464 θεῶν
2273 2413 2365 2464 καὶ
2395 2410 2678 2483 λατρεύειν
2707 2411 2784 2482 τῷ
2810 2412 2902 2465 ἐπὶ
2945 2411 3162 2465 πάντων
3199 2409 3341 2481 Θεῷ,
3385 2410 3464 2482 τῷ
3503 2409 3610 2464 τῶν
3639 2411 3776 2464 ὅλων

2103 2495 2438 2570 δημιουργῷ,
2489 2501 2554 2569 τῇ
2593 2501 2746 2570 πηγῇ
2804 2498 2912 2552 τῶν
2937 2497 3180 2566 ἀγαθῶν.
3209 2499 3320 2551 Καὶ
3371 2497 3479 2568 γάρ
3508 2497 3778 2568 ἐμάνθανε

2472 2558 2571 2638 τοῦ
2629 2558 3092 2656 πατ’ριάρχου’τὴν
3123 2585 3346 2656 ἀρετήν.
3381 2558 3498 2640 λίνα
3540 2558 3656 2656 γάρ
3701 2585 3777 2656 μὴ

2104 2669 2302 2742 νομίσῃ
2336 2670 2403 2724 δι’
2432 2672 2692 2724 ἀπόνοιαν
2742 2671 2904 2724 αὐτὸν
2951 2671 3043 2725 καὶ
3090 2670 3776 2743 μεγαλοφροσύνην“ύπερ-

2105 2759 2408 2829 εωρακέναι
2437 2757 2547 2811 τῶν
2583 2757 2714 2828 παρ’
2754 2758 2920 2813 αὐτοῦ
2961 2757 3274 2828 διδομένων,
3327 2757 3417 2811 διὰ
3451 2758 3606 2812 τοῦτό
3644 2775 3775 2829 φησι

2106 2843 2243 2914 πρὸς
2279 2843 2458 2900 αὐτόν·
2485 2842 2594 2914 ἐγὼ
2636 2845 2735 2914 μὲν
2771 2845 2921 2898 οὐδὲν
2953 2844 3214 2913 λήψομαι·
3242 2845 3364 2898 οὐδέ
3403 2845 3511 2916 γάρ
3555 2845 3772 2915 δέομαι,

2104 2927 2226 2980 οὐδὲ
2251 2928 2438 2999 χρῄζω
2475 2931 2606 3002 παρ’
2649 2931 2836 3002 ἐτέρου
2874 2946 2965 3000 μοι
3006 2927 3264 2994 αῦξεσθαι
3294 2929 3390 3000 τὴν
3439 2929 3770 3001 περιουσίαν·

2105 3014 2231 3078 τοὺς
2257 3015 2312 3068 δὲ
2347 3015 2455 3068 τῶν
2486 3014 2744 3070 κινδύνων
2801 3033 2890 3086 μοι
2951 3014 3388 3086 κοινωνήσαντας
3441 3017 3776 3087 συγχωρήσω

2104 3105 2289 3162 λαϐεῖν
2329 3107 2572 3179 μερίδας.
2615 3108 2703 3162 ἵνα
2759 3107 2961 3178 μικράν
3010 3125 3132 3162 τινα
3189 3107 3301 3160 τῶν
3361 3108 3538 3159 πόνων
3594 3124 3773 3177 παρα-

2110 3193 2302 3264 μυθίαν
2322 3193 2463 3264 ἔχειν
2475 3194 2671 3248 δοκῶσι
2695 3206 2742 3248 ι.
2769 3195 2876 3247 Καὶ
2897 3194 3032 3266 πρὸς
3059 3194 3157 3262 μὲν
3177 3193 3267 3246 τὸν
3295 3191 3402 3246 τῶν
3418 3189 3663 3264 Σοδόμων
3681 3192 3776 3262 βα-

2107 3275 2258 3329 σιλέα
2287 3277 2460 3330 ταῦτα
2487 3279 2514 3330 6
2531 3276 2734 3340 δίκαιος
2771 3277 3145 3348 ἀποκρίνεται.

2190 3359 2484 3430 Ἐπειδὴδέ
2525 3361 2618 3414 καί
2655 3360 3010 3431 Μελχισεδὲκ,
3051 3363 3080 3414 6
3118 3360 3373 3432 βασιλεὺς
3411 3357 3619 3430 Σαλὴμ,
3675 3359 3774 3431 ἄρ-

2105 3464 2230 3511 τους
2267 3446 2361 3500 καὶ
2399 3443 2538 3500 οἶνον
2579 3446 2728 3518 αὐτῷ
2777 3447 3064 3515 ἐξενέγκας
3103 3448 3435 3520 προσέφερεν
3475 3443 3615 3518 (ἿΙν
3664 3447 3774 3516 γὰρ

2106 3534 2318 3603 Ιερεὺς,
2347 3535 2512 3605 φησὶ.
2559 3535 2664 3588 τοῦ
2712 3535 2859 3588 Θεοῦ
2884 3535 2988 3588 τοῦ
3021 3536 3342 3606 ὑψίστου),
3399 3534 3527 3606 παρ’
3565 3535 3777 3588 ἐκείνου

2105 3621 2318 3692 δέχεται
2365 3620 2434 3674 τά
2473 3621 2917 3691 προσενεχθέντα.
2957 3621 3050 3674 καὶ
3087 3621 3185 3692 τὴν
3221 3620 3472 3689 εὐλογίαν
3509 3620 3606 3692 τὴν
3645 3621 3773 3690 παρ’

2108 3707 2274 3770 αὐτοῦ
2312 3709 2390 3770 εἰς
2405 3707 2567 3759 αὐτὸν
2606 3707 2981 3778 γεγενημένην
3019 3707 3400 3778 ἀμειϐόμενος,
3425 3707 3518 3760 καὶ
3553 3707 3652 3777 τὴν
3696 3709 3775 3771 είς

2107 3796 2198 3848 τὸν
2250 3794 2380 3848 Θεὸν
2417 3793 2722 3862 δοξολογίαν
2761 3790 2902 3866 (εἷπε
2942 3795 3072 3866 γάρ,
3141 3797 3323 3868 φησὶν,
3359 3797 3776 3864 Εὐλογημένος

2110 3881 2259 3954 [367]
2303 3885 2526 3952 Ἀϐραμ
2575 3881 2656 3946 τῷ
2713 3880 2834 3947 Θεῷ
2878 3882 2958 3948 τῷ
2989 3885 3250 3952 ὑψίστῳ,
3279 3883 3387 3938 καὶ
3449 3885 3776 3952 εὐλογητὸς

2110 3973 2144 4024 ό
2174 3969 2339 4036 Θεὸς,
2373 3969 2441 4035 ὃς
2477 3969 2780 4038 παρέδωκε
2808 3969 2948 4036 τοὺς
2963 3970 3215 4038 ἐχθρούς
3243 3985 3360 4024 σου
3396 3971 3775 4040 ὑποχειρίους

2109 4057 2298 4128 σοι),
2333 4056 2563 4126 δεκάτην
2601 4055 2750 4126 αὐτῷ
2787 4055 2966 4110 δίδωσι
3012 4056 3120 4110 ἀπὸ
3183 4057 3399 4112 πάντων
3453 4052 3528 4110 ῶν
3581 4058 3774 4110 ἐπεκο-

2113 4143 2301 4214 μίζετο
2345 4141 2620 4214 λαφύρων.
2674 4139 2829 4207 Εἶδες
2873 4141 2969 4196 τοῦ
3021 4143 3232 4197 δικαίου
3281 4143 3343 4198 τὸ
3389 4142 3632 4212 φιλόθεον
3688 4141 3776 4195 διά

2113 4229 2329 4284 πάντων
2369 4229 2717 4301 δεικνύμενον
2746 4229 2841 4283 καὶ
2884 4228 3002 4294 πῶς
3058 4231 3209 4302 παρά
3255 4231 3353 4301 μὲν
3381 4229 3474 4282 τοῦ
3517 4228 3776 4298 βασιλέως

2111 4317 2362 4388 Σοδόμων
2409 4315 2517 4370 ἀπὸ
2565 4316 2828 4387 σπαρτίου
2865 4317 2970 4380 ἕως
3029 4318 3409 4388 σφαιρωτῆρος
3455 4317 3639 4370 λαϐεῖν
3677 4317 3778 4368 οὐκ

2109 4403 2387 4474 ἠνέσχετο,
2416 4403 2482 4456 τὰ
2517 4403 2573 4456 δέ
2621 4402 2716 4454 τοῦ
2745 4403 3080 4474 Μελχισεδὲκ
3113 4402 3539 4474 προσενεχθέντα
3563 4403 3774 4468 ἐλαϐεν,

2110 4491 2405 4554 ἀντιδιδοὺς
2443 4489 2538 4543 καὶ
2565 4490 2634 4543 τά
2659 4492 2787 4561 παρ’
2819 4490 3036 4554 ἑαυτοῦ,
3077 4491 3341 4544 διδάσκων
3385 4492 3534 4562 ἡμᾶς
3578 4489 3776 4561 πολλὴν

2111 4578 2211 4648 τὴν
2242 4577 2512 4648 διάκρισιν
2544 4575 2948 4634 ἐπιδείκνυσθαι
2969 4617 2985 4642 ,
3020 4578 3115 4631 καὶ
3153 4577 3228 4650 μὴ
3255 4577 3444 4642 ἁπλῶς
3484 4579 3577 4632 καὶ
3607 4577 3776 4642 ἀδεῶς

2111 4665 2265 4736 παρά
2294 4665 2510 4717 πάντων
2548 4663 2835 4735 δέχεσθαι;
2873 4665 3092 4736 Ἐπειδὴ
3124 4664 3234 4736 γάρ
3267 4666 3474 4728 ἐκεῖνος
3505 4664 3636 4734 περὶ
3675 4665 3776 4734 μὲν

2110 4748 2209 4820 τὴν
2240 4749 2385 4802 δόσιν
2418 4747 2715 4820 εὐγνώμων
2747 4749 2994 4818 γέγονεν,
3028 4752 3084 4802 ἐν
3111 4750 3168 4802 δὲ
3205 4751 3318 4812 τοῖς
3344 4749 3522 4810 ἄλλοις
3552 4749 3776 4812 ἄπιστος

2111 4836 2395 4906 ἐτύγχανε,
2448 4837 2540 4890 καὶ
2582 4836 2784 4906 πολλῆς
2839 4837 3008 4889 ἐδεῖτο
3055 4835 3400 4898 διδασκαλίας
3417 4851 3440 4865 ’λ
3479 4833 3566 4888 διὰ
3620 4835 3776 4888 τοῦτο

2112 4923 2333 4977 ἐκείνων
2355 4923 2454 4994 μὲν
2481 4922 2753 4994 ὑπερεῖδε,
2779 4924 2960 4976 πᾶσαν
2985 4923 3041 4974 δὲ
3071 4921 3306 4994 σπουδὴν
3337 4923 3648 4992 ἐποιήσατο,
3682 4924 3777 4976 καὶ

2110 5009 2176 5062 δι’
2207 5001 2280 5062 ὧν
2308 5009 2490 5062 λαϐεῖν
2536 5008 2912 5079 παρῃτήσατο,
2959 5007 3057 5060 καὶ
3098 5007 3164 5059 δι’
3195 5001 3269 5058 ὧν
3308 5007 3583 5080 διελέχθη,
3641 5009 3776 5080 πρὸς

2112 5095 2418 5150 θεοσέϐειαν
2447 5094 2610 5148 αὐτὸν
2644 5094 3069 5166 χειραγωγῆσαιρ
3106 5095 3345 5165 Παρὰ·δέ
3382 5095 3476 5148 τοῦ
3507 5096 3773 5166 Μελχισε-

2109 5183 2203 5238 δέκ
2244 5185 2466 5245 εἰκότως
2510 5181 2776 5253 λαμϐάνει
2799 5199 2812 5212 ·
2847 5181 2934 5236 διά
2970 5182 3084 5252 γάρ.
3131 5181 3288 5234 τοῦτο
3320 5183 3702 5256 ἐπεσημήνατο
3739 5185 3770 5253 ἡ

2111 5270 2229 5324 θεία
2283 5269 2473 5342 Γραφὴ
2523 5269 2616 5323 τοῦ
2662 5268 2856 5340 ἀνδρὸς
2882 5267 2980 5339 τὴν
3013 5267 3213 5340 ἀρετὴν
3257 5269 3517 5338 λέγουσα·
3552 5267 3662 5324 Ἦν
3707 5269 3776 5322 δὲ

2111 5357 2300 5425 ἱερεὺς
2331 5359 2436 5414 τοῦ
2466 5357 2614 5412 Θεοῦ
2643 5357 2750 5412 τοῦ
2775 5357 3282 5426 ὑψι’στου.Ἀλλως
3313 5357 3370 5412 δὲ
3396 5360 3490 5412 καὶ
3514 5359 3678 5420 τύπος
3704 5353 3772 5428 ἦν

2171 5593 2196 5622 ⁸
2227 5593 2332 5640 ’Ίνα
2359 5594 2528 5665 μικράν
2547 5609 2651 5665 τινα
2673 5594 2770 5640 τῶν
2790 5593 2947 5642 πόνων
2969 5594 3262 5665 παραμυθίαν
3279 5594 3408 5665 ,ἔχειν
3430 5592 3628 5665 δοκῶσι.
3673 5592 3778 5662 Quo

2106 5666 2309 5718 parvum
2337 5651 2557 5718 ᾱιὶιιὶιαηι
2575 5651 3184 5718 ιιιίιοηιηιτοιιεοίιιιίοήιυι
3209 5651 3424 5718 Ιιιιινρῖιηι.
3457 5655 3597 5718 ειιινο
3624 5656 3774 5703 anim-

2108 5714 2560 5775 hdvcrlimus'apud
2585 5714 2898 5764 Athanasium
2933 5717 3534 5775 emtorosqueAscripmrvs
3561 5715 3772 5774 ὕπνους,

2107 5789 2274 5823 "ocelli
2297 5775 2450 5822 δοκεῖν
2467 5773 2568 5823 non
2589 5777 2813 5834 minuere
2836 5773 3220 5825 aﬂirmationcin.
3246 5773 3307 5822 [ι
3331 5773 3476 5821 etiam
3501 5777 3626 5834 apud
3643 5776 3771 5823 Lati-

2107 5851 2194 5884 ιιυς
2229 5837 2376 5884 medii
2416 5849 2505 5884 am
2537 5849 2628 5883 vox
2664 5833 2852 5884 videtur
2893 5835 3258 5884 amr-mulionem
3303 5849 3396 5881 nun
3425 5833 3614 5882 minuit.
3652 5837 3775 5884 Vide

2111 5895 2450 5948 Onomaslicon
2510 5902 2726 5946 nostrum
2773 5897 2830 5946 ad
2872 5897 3033 5958 Opera
3055 5895 3322 5955 Alhanasi‘r,
3362 5899 3411 5943 iu
3440 5908 3557 5944 voce
3595 5896 3768 5945 δοκεῖν.

3826 5993 3946 6056 ᾖ
