4020 6136
213 319 319 378 357

220 431 292 485 τά
314 430 572 501 γινόμενα
597 428 686 503 τοῦ
713 428 966 506 Χρισῖοῦ,
992 429 1085 483 καὶ
1113 429 1252 484 αὐτὰ
1273 429 1328 484 δὲ
1357 430 1423 484 τά
1454 430 1884 502 προσενεχθέντα

224 447 292 485 τα
314 447 572 501 γινόμενα
597 447 686 503 του
713 447 852 506 ,ιρισ
885 447 966 489 ου,
992 447 1085 483 και
1113 447 1252 484 αυτα
1273 447 1328 484 οε
1357 447 1423 484 τα
1454 447 1884 502 προσενεχυεντα

224 518 522 589 μυστήριόν
550 533 600 571 τι
625 447 970 617 προεμτγῖυε·
1015 516 1081 570 δι’
1112 517 1141 570 ὃ
1178 518 1271 571 καὶ
1301 518 1641 588 προσήκατο,
1669 518 1762 571 καὶ
1790 522 1885 571 λα-

222 602 332 658 ϐῶν
358 606 604 667 κάκεῖνος
646 603 732 657 διά
781 600 881 674 τῆς
912 600 1042 675 παρ’
1071 603 1266 658 ἐαυτοῦ
1293 604 1527 675 ἀμοιϐῆς
1549 605 1651 675 τῆς
1678 605 1888 670 οίκείας

220 690 420 764 ἀρετῆς
443 692 687 743 ἐδίδασκε
713 691 773 744 τὸ
806 690 1055 761 μέγεθος.
1088 691 1331 762 Δεκάτην
1355 691 1464 763 γάρ
1489 691 1635 762 αὐτῷ
1662 692 1883 757 δέδωκε,

219 780 313 832 τὸν
345 778 587 848 φιλόθεον
618 778 782 831 αὐτοῦ
825 779 1028 832 σκοπὸν
1075 777 1371 831 κάντεῦθεν
1409 777 1704 849 ἐμφαίνων.
1732 789 1887 849 ἰαχα

219 869 300 929 είς
332 865 466 920 πολύ
508 865 682 935 μῆκος
713 867 845 936 ἡμῖν
878 868 907 918 ὁ
951 865 1111 933 λόγος
1156 864 1415 936 ἐξετάθη,
1465 863 1578 939 ἀλλ’
1612 865 1674 917 οὐ
1711 865 1887 936 μάτην

219 951 337 1003 οὐδὲ
371 949 513 1018 είκῆ.
534 950 821 1020 Ἐγνωμεν
848 949 947 1019 μὲν
974 948 1083 1018 γάρ
1118 960 1143 987 α
1176 947 1262 1001 διά
1284 947 1532 1018 βραχέων
1552 948 1651 1019 τὴν
1678 947 1884 1003 ἀνωθεν

219 1038 312 1090 καὶ
361 1036 419 1103 ἐξ
457 1036 632 1107 ἀρχῆς
680 1037 842 1106 μέχρι
891 1035 1002 1087 τῶν
1048 1035 1288 1106 σήμερον
1335 1035 1710 1106 προκειμένων
1750 1037 1885 1106 ἡμῖν

220 1123 313 1176 τοῦ
336 1124 545 1177 δικαίου
577 1124 677 1195 τὴν
704 1123 975 1194 ἀνδρείαν,
1002 1122 1100 1193 τὴν
1132 1121 1557 1193 μεγαλοψυχίαν,
1582 1121 1680 1192 τὴν
1706 1121 1886 1177 πίστιν

216 1209 316 1281 τὴν
348 1210 814 1277 ὑπερϐάλλουσαν,
840 1207 938 1280 τήν
975 1209 1262 1279 φιλόσοφον
1288 1209 1543 1280 γνώμην,
1573 1209 1672 1281 τῆς
1694 1227 1885 1264 ταπει-

219 1299 558 1371 νοφροσύνης
595 1299 657 1353 τὸ
689 1297 949 1371 μέγεθος,
992 1298 1089 1369 τῆς
1114 1297 1221 1350 τῶν
1254 1298 1550 1369 χρημάτων
1585 1298 1885 1370 ὑπεροψίας

216 1386 316 1456 τὴν
344 1385 672 1458 ὑπερϐολὴν,
700 1387 799 1456 τῆς
834 1383 986 1455 παρά
1043 1382 1138 1437 τοῦ
1167 1383 1303 1438 Θεοῦ
1352 1386 1433 1448 είς
1471 1384 1633 1439 αὐτὸν
1673 1386 1885 1449 εὐνοίας

220 1474 316 1544 τὴν
356 1473 582 1544 διηνεκῆ
617 1473 874 1544 πρόνοιαν
894 1489 908 1503 ·
936 1472 1032 1525 καὶ
1064 1472 1214 1535 ὅπως
1265 1470 1352 1525 διά
1401 1473 1618 1525 πάντων
1650 1489 1887 1543 περιφαο

218 1560 466 1631 νέστερον
510 1559 603 1613 καὶ
636 1557 1014 1630 λαμπρότερον
1044 1557 1255 1611 ἐδείκνυ
1314 1558 1405 1611 τὸν
1443 1559 1651 1613 δίκαιον
1693 1561 1727 1631 ή
1764 1558 1884 1613 καθ’

216 1648 446 1700 ἕκαστον
477 1647 669 1718 καιρὸν
697 1647 777 1709 είς
820 1645 982 1699 αὐτὸν
1022 1644 1307 1715 ἀντίληψις
1335 1646 1616 1717 γινομένη.
1663 1646 1803 1700 Ἀλλ’
1834 1649 1884 1701 εί

100 1796 103 1799 ν
218 1732 472 1803 βούλεσθε
517 1733 611 1788 καὶ
642 1732 717 1804 μὴ
747 1733 1088 1803 ἀπεκάμετε,
1123 1730 1391 1803 ἁψώμεθα
1425 1733 1517 1785 καὶ
1556 1732 1668 1787 τῶν
1716 1734 1885 1806 πρόσ-

217 1838 386 1890 φατον
410 1820 859 1891 ἀνεγνωσμένων,
900 1818 995 1874 καὶ
1044 1818 1200 1887 ὀλίγα
1241 1819 1569 1891 προσθέντες
1603 1821 1885 1876 καταπαύ-

218 1924 402 1978 σωμεν
442 1908 532 1960 τὸν
570 1907 729 1975 λόγον
754 1946 769 1971 ,
818 1908 906 1962 ἵνα
955 1906 1163 1979 μάθητε
1211 1907 1385 1978 πόσης
1427 1908 1591 1961 πάλιν
1637 1909 1883 1975 ἀξιοῦται

216 1994 452 2067 ἀμοιϐῆς
478 1994 565 2048 διά
600 1994 661 2046 τὸ
690 1995 966 2066 ὑπεριδεῖν
992 1993 1103 2047 τῶν
1129 1994 1282 2066 παρὰ
1305 1994 1400 2048 τοῦ
1439 1994 1704 2065 βασιλέως
1735 1997 1884 2049 Σοδό-

220 2100 336 2151 μων
364 2081 510 2152 αὐτῷ
540 2081 857 2152 δεδομένων.
881 2081 946 2134 Τί
968 2081 1075 2151 γάρ
1099 2098 1260 2152 φησι;
1290 2084 1448 2136 Μετὰ
1470 2082 1537 2135 δὲ
1562 2082 1633 2136 τὰ
1643 2079 1885 2151 ῥήματα

216 2169 404 2223 ταῦτα
457 2168 709 2240 ἐγενήθη
751 2168 916 2239 ῥῆμα
971 2171 1193 2239 Κυρίου
1248 2168 1399 2238 πρὸς
1439 2172 1674 2240 Ἄϐραμ.
1728 2170 1882 2237 Τίνος

216 2256 403 2310 ἕνεκεν
423 2256 595 2321 οὕτως
623 2256 847 2327 ἤρξατο,
867 2257 1030 2312 Μετὰ
1058 2256 1126 2311 δὲ
1147 2257 1218 2312 τὰ
1237 2257 1476 2328 ῥήματα
1508 2258 1727 2322 ταῦτας
1755 2261 1883 2312 ποῖα

218 2345 458 2414 ῥήματα,
487 2343 609 2398 είπέ
643 2361 763 2412 μοι;
794 2345 827 2416 ἢ
857 2345 1016 2415 δῆλον
1044 2344 1125 2398 ὄτι
1169 2345 1313 2416 ἅπερ
1357 2345 1495 2416 πρὸς
1532 2344 1622 2398 τὸν
1661 2343 1885 2415 βασιλέα

215 2430 326 2485 τῶν
375 2430 624 2502 Σοδόμων
666 2431 991 2501 ἐποιήσατο;
1022 2430 1179 2485 Μετὰ
1205 2432 1303 2504 τὴν
1333 2432 1655 2502 ὑπεροψίαν,
1696 2434 1881 2504 φησὶν,

218 2516 456 2587 ἐκείνην,
492 2516 630 2587 μετὰ
661 2516 720 2570 τὸ
750 2517 1144 2571 άποσείσασθαι
1166 2517 1234 2574 τά
1261 2517 1393 2588 παρ’
1421 2517 1586 2572 αὐτοῦ
1612 2518 1882 2589 διδόμενα,

221 2601 361 2672 μετά
387 2603 486 2675 τὴν
514 2603 887 2666 διδασκαλίαν,
931 2603 999 2674 ήν
1028 2603 1115 2658 διὰ
1142 2603 1242 2673 τῆς
1270 2602 1379 2656 τῶν
1409 2603 1706 2674 δεδομένων
1735 2603 1884 2675 αὐτῷ

219 2693 605 2763 παραιτήσεως
632 2692 953 2763 ἐποιήσατο,
986 2691 1123 2762 πρὸς
1167 2690 1475 2745 θεοσέϐειαν
1501 2691 1663 2745 αὐτὸν
1700 2708 1884 2762 χειρα-

217 2778 415 2847 γωγῶν
457 2780 550 2832 καὶ
594 2778 890 2848 ἐπίγνωσιν
920 2778 1012 2832 τοῦ
1040 2778 1149 2832 τῶν
1177 2778 1314 2832 ὅλων
1340 2778 1693 2850 δημιουργοῦ,
1722 2779 1884 2835 Μετὰ

219 2866 289 2921 δὲ
320 2870 390 2923 τὰ
409 2866 650 2936 ῥήματα
673 2865 884 2933 ταῦτα,
915 2864 1051 2937 μετά
1085 2864 1146 2919 τὸ
1173 2865 1271 2937 τὴν
1306 2866 1538 2937 δεκάτην
1567 2864 1645 2936 τῷ
1676 2866 1879 2937 Μελχιο

218 2954 378 3007 σεδὲκ
424 2955 748 3026 παρασχεῖν,
796 2953 908 3020 ὅτε,
960 2953 1146 3026 φησὶν,
1185 2953 1402 3008 ᾶπαντα
1428 2953 1497 3007 τὰ
1522 2954 1652 3025 παρ’
1676 2954 1882 3008 ’ἑαυτοῦ

216 3041 524 3111 ἐπλήρωσε,
553 3041 675 3095 τότε
703 3040 863 3094 Μετὰ
888 3039 960 3093 τὰ
979 3040 1219 3110 ῥήματα
1243 3040 1429 3095 ταῦτα
1451 3040 1703 3109 ἐγενήθη
1717 3039 1884 3110 ῥῆμα

216 3129 439 3197 Κυρίου
467 3129 615 3196 πρὸς
642 3130 857 3198 Ἄϐραμ
892 3128 1076 3199 λέγον
1105 3129 1176 3182 ἐν
1212 3128 1454 3198 ὁράματι
1491 3127 1605 3196 τῆς
1625 3130 1846 3196 νυκτός
1864 3143 1879 3159 ·

216 3217 313 3284 Μὴ
343 3215 553 3285 φοϐοῦ,
580 3217 817 3284 Ἅϐραμ,
853 3213 968 3284 ἐγὼ
995 3214 1371 3282 ὑπερασπίζω
1405 3230 1521 3269 σου
1546 3230 1560 3244 ·
1603 3218 1636 3269 ὀ
1661 3217 1882 3285 μισθός

215 3319 333 3359 σου
364 3302 559 3368 πολὺς
581 3301 754 3355 ἔσται
779 3294 1055 3368 σφόδρα(
1083 3300 1095 3379 ι

285 3388 502 3460 δ’.”ορα
530 3386 940 3459 φιλανθρωπίαν
961 3387 1251 3451 Δεσπότου,
1275 3386 1390 3451 πῶς
1411 3387 1614 3452 εὐθέως
1636 3405 1879 3460 παρακο-
1916 3442 1917 3445 η

214 3475 399 3532 λουθεῖ
440 3479 560 3540 ταῖς
606 3476 948 3549 εὐεργεσίαις
994 3476 1376 3548 ἀμειϐόμενος,
1408 3477 1502 3530 καὶ
1550 3477 1642 3530 τὸν
1687 3476 1878 3530 ἑαυτοῦ

217 3565 368 3641 [568]
400 3564 638 3639 ἀθλητὴν
674 3564 912 3635 ἀλείφων
947 3564 1040 3620 καὶ
1071 3564 1262 3635 νεαρὸν
1299 3562 1684 3636 ἐργαζόμενος.
1730 3565 1882 3634 Ἐτε-

217 3654 369 3725 νήθη
384 3652 553 3723 ρἦα
585 3652 807 3722 Κιφίου
833 3652 902 3707 ἐν
924 3651 1173 3723 ὁράματι
1200 3649 1307 3718 τῆς
1335 3653 1576 3718 νυκτός.
1613 3651 1712 3706 Διά
1735 3651 1787 3705 τί
1821 3653 1881 3705 ἐν

212 3740 405 3807 νυκτί;
444 3741 560 3793 Ἵνα
610 3739 729 3810 μεθ’
767 3739 999 3811 ήσυχίας
1043 3738 1260 3810 δέξηται
1307 3739 1375 3793 τά
1430 3739 1715 3811 λεγόμενα.
1771 3740 1881 3794 Καί

217 3842 351 3896 φησι
384 3827 521 3898 πρὸς
551 3825 734 3892 αὐτὸν,
768 3824 864 3894 Μὴ
890 3825 1079 3895 φοϐοῦ
1098 3867 1113 3893 ,
1141 3827 1374 3895 Ἀϐραμ.
1413 3824 1613 3879 Σκόπει
1644 3826 1880 3897 κηδεμο-

225 3915 335 3978 δίας
368 3913 693 3986 ὑπερϐολήν.
722 3913 879 3978 Τίνος
907 3914 1092 3969 ἕνεκεν
1122 3912 1297 3981 ἔλεγε,
1330 3913 1422 3984 Μὴ
1448 3911 1612 3982 φοϐοῦ
1631 3930 1647 3979 ;
1665 3911 1880 3984 Ἐπειδὴ

214 3999 469 4055 τοσούτου
500 4001 731 4055 πλούτου
758 3999 1188 4073 κατεφρόνησεν,
1210 3999 1429 4053 ἔλαττον
1453 4000 1747 4069 φροντίσας
1772 3999 1880 4054 τῶν

215 4088 368 4160 παρά
400 4087 493 4143 τοῦ
531 4088 798 4160 βασιλέως
827 4087 1139 4157 διδομένων,
1170 4086 1304 4155 φησὶ
1328 4085 1464 4156 πρὸς
1498 4086 1658 4139 αὐτὸν
1678 4085 1877 4151 όΘεὸς,

218 4174 295 4245 μὴ
349 4173 613 4245 φοϐηθῇς,
670 4174 752 4227 ὅτι
802 4172 1086 4243 ὑπερεῖδες
1137 4170 1403 4224 τοσούτων
1449 4169 1688 4241 δωρεῶν,
1744 4172 1880 4243 μηδέ

213 4261 528 4333 ἀγωνιάσῃς
579 4261 655 4324 ὼς
703 4259 1096 4333 ἐλαττουμένης
1136 4275 1217 4311 σοι
1265 4259 1362 4331 τῆς
1405 4258 1736 4332 περιουσίας.
1782 4260 1878 4331 Μὴ

213 4347 424 4418 φοϐοῦ.
468 4343 600 4401 Εἶτα
649 4346 739 4401 ἵνα
785 4347 1025 4421 διεγείρῃ
1077 4346 1277 4418 μᾶλλον
1318 4346 1479 4421 αὐτρῦ
1530 4346 1630 4419 τὴν
1680 4347 1877 4419 ψυχὴν,

215 4414 540 4506 προστίθησι
567 4433 645 4506 τῷ
679 4414 891 4507 ρήματι
912 4414 1130 4509 καῖ-τὴν
1165 4414 1555 4509 προσηγορίαν,
1580 4414 1674 4489 καί
1695 4414 1837 4508 ’φῆσὶ
1860 4453 1874 4467 ο

213 4521 311 4590 Μὴ
338 4521 547 4592 φοϐοῦ,
570 4523 805 4592 Ἀϐραμ.
847 4522 924 4575 Οὐ
958 4523 1151 4595 μικρὸν
1178 4521 1289 4596 γάρ
1314 4522 1408 4578 καὶ
1435 4521 1594 4576 τοῦτο
1618 4522 1879 4594 τυγχάνει

213 4607 352 4679 πρὸς
396 4607 457 4660 τὸ
499 4606 878 4711 διανασπῆσαι,
918 4608 979 4661 τὸ
1021 4608 1120 4679 τὴν
1161 4609 1531 4711 προσηγορίαν
1580 4610 1751 4662 εἰπεῖν
1783 4608 1878 4662 τοῦ

213 4694 581 4769 καλουμένου⁹
652 4690 774 4748 εἶτά
844 4710 1040 4764 φησιν,
1110 4690 1258 4763 Ἐγὼ
1316 4695 1664 4763 ὑπερασπιῶ
1738 4711 1876 4750 σου.

214 4783 422 4857 Πολλὴν
456 4783 567 4855 ἔχει
595 4784 691 4839 καὶ
720 4782 858 4855 αῦτη
890 4784 924 4855 ή
956 4782 1101 4847 λέξις
1133 4783 1232 4853 τὴν
1264 4780 1520 4853 ἔμφασιν.
1554 4781 1695 4851 Ἐγὼ
1718 4786 1747 4836 ό
1770 4783 1878 4837 ἀπὸ

211 4876 319 4931 τῶν
340 4875 622 4937 Χαλδαίων
644 4892 703 4929 σε
734 4874 1067 4943 ἀναστήσας,
1096 4870 1207 4940 ἐγὼ
1232 4873 1261 4927 ὁ
1283 4871 1516 4927 ἐνταῦθά
1548 4888 1608 4923 σε
1631 4872 1874 4940 ἀγαγὼν,

212 4963 324 5032 ἐγὼ
352 4965 381 5022 ὁ
412 4963 520 5017 τῶν
554 4963 813 5016 κινδύνων
841 4960 950 5014 τῶν
990 4961 1049 5013 ἐν
1076 4958 1336 5033 Αίγύπτῳ
1358 4958 1748 5029 ἐλευθερώσας,
1767 4960 1877 5028 ἐγὼ

211 5053 241 5105 ό
281 5053 376 5105 καὶ
405 5051 550 5120 ἀπαξ
575 5049 668 5103 καὶ
697 5048 948 5119 δεύτερον
982 5046 1349 5118 ὑποσχόμενός
1379 5063 1462 5102 σοι
1488 5048 1582 5101 καὶ
1604 5045 1684 5117 τῷ
1712 5047 1876 5119 σπέρ-

216 5139 346 5211 ματί
374 5155 468 5191 σου
496 5137 689 5190 δώσειν
711 5135 811 5207 τὴν
840 5133 942 5205 γῆν
972 5133 1199 5207 ταύτην,
1229 5132 1342 5204 ἐγώ
1370 5150 1466 5188 σου
1496 5134 1873 5207 ὑπερασπίςω·

214 5226 325 5297 ἐγὼ
374 5227 403 5277 ό
458 5223 579 5278 καθ’
636 5224 871 5294 ἑκάστην
924 5222 1138 5296 ἡμέραν
1196 5222 1655 5296 περιφανέστερον
1711 5223 1876 5276 πᾶσιν

211 5310 534 5374 ἀποδεικνύς
565 5327 646 5373 σε,
679 5309 790 5378 ἐγὼ
816 5308 1173 5382 ὑπερασπίζω
1208 5325 1302 5362 σου
1323 5325 1336 5338 ·
1393 5309 1536 5363 τοῦτ’
1565 5308 1733 5372 ἐστιν,
1765 5308 1878 5378 ἐγὼ

213 5398 712 5471 ὐπεραγωνίζομαι,
754 5397 864 5467 ἐγὼ
916 5397 1234 5469 ὑπέρμαχος
1265 5396 1506 5466 γίνομαι,
1553 5394 1664 5464 ἐγὼ
1713 5412 1877 5467 φρον-

211 5488 365 5554 τίζω,
412 5486 524 5556 ἐγὼ
568 5487 747 5541 πάντα
788 5485 858 5539 τά
903 5485 1140 5556 δυσχερῆ
1187 5483 1384 5537 εὑκολά
1433 5499 1513 5537 σοι
1560 5483 1872 5554 καθίστημι,

212 5575 323 5644 ἐγὼ
358 5573 717 5646 ὐπερασπίζω
766 5589 881 5628 σου.
941 5572 997 5624 Ὀ
1047 5572 1262 5640 μισθός
1300 5586 1417 5624 σου
1470 5570 1664 5636 πολὺς
1708 5570 1875 5625 ἔσται

281 5722 297 5741 ⁸
320 5718 472 5774 Savil.
511 5720 645 5775 addit
687 5722 916 5779 δηλῶσαι.
945 5720 1064 5770 Cum
1086 5715 1252 5768 Manli.
1281 5717 1526 5767 consean
1552 5713 1699 5768 Coisl‘.
1737 5716 1871 5768 Εοιτ.

1015 315 1072 368 S.
1106 314 1396 370 JOANNIS
1430 313 1913 371 CIIRYSOSTOLﬂ
1955 313 2270 373 ARCIIIEP.
2314 312 2857 371 CONSTANTINOP.

3548 306 3661 371 .558

1985 432 2238 502 σφόδρα.
2278 430 2394 484 Οὐκ
2437 428 2741 500 ἠϐουλήθης
2787 427 2976 499 μισθὸν
3008 427 3192 481 λαϐεῖν
3233 430 3374 500 ὑπὲρ
3407 429 3516 483 τῶν
3549 447 3658 484 και

1989 522 2194 592 μάτων,
2231 514 2306 574 ὧν
2335 520 2632 589 ὑπέμεινας
2656 517 2929 580 τοσούτοις
2955 517 3220 582 κινδύνυις
3250 518 3442 572 ἑαυτὸν
3475 535 3654 589 παρα-

1986 606 2183 673 ϐαλών,
2211 606 2326 660 ἀλλ’
2361 605 2639 676 ὑπερεῖδες
2672 605 2765 657 καὶ
2807 603 2902 657 τοῦ
2937 603 3225 674 βασιλέως,
3257 604 3351 657 καλ⁸
3380 603 3488 658 τῶν
3519 606 3653 675 παρ’

1986 696 2152 752 αὐτοῦ
2184 714 2266 750 σοι
2296 696 2612 766 δεδομένων.
2654 692 2796 762 Ἐγώ
2823 711 2904 746 σοι
2935 692 3156 763 παρέξοι
3201 692 3293 745 τὸν
3335 691 3549 762 μισθὸν,
3589 694 3655 746 ού

1984 785 2236 839 τοσοῦτον
2264 784 2388 838 ὅσον
2429 782 2727 854 λαμϐάνειν
2755 779 3001 850 ἔμελλες,
3032 779 3168 833 ἀλλὰ
3200 780 3369 833 πολὺν
3399 783 3496 833 καὶ
3523 781 3657 850 σφό-

1983 871 2084 944 δρα
2115 871 2313 924 πολύν·
2374 871 2428 923 '0
2463 871 2680 940 μισθός
2722 883 2839 922 σου
2873 867 3003 938 γάρ,
3048 868 3214 938 φησὶ,
3246 867 3438 934 πολὺς
3480 868 3655 921 ἔσται

1984 959 2239 1028 σφόδρα.
2299 955 2450 1021 Εἶδες
2496 955 2805 1026 φιλοτιμίαν
2848 954 3155 1020 Δεσπότου;
3195 949 3336 1019 εἶδες
3384 955 3654 1026 ῥημάτων

1985 1047 2150 1115 ὄγκον
2170 1040 2214 1115 ;/
2237 1040 2375 1108 εἶδες
2410 1045 2532 1108 πῶς
2559 1043 2875 1115 διανέστησε
2908 1041 2999 1095 τὸν
3029 1043 3129 1112 τῆς
3173 1042 3456 1106 εὐσεϐείας
3493 1043 3657 1111 ἀθλη-

1982 1135 2116 1207 τήν;
2148 1132 2289 1198 εἶδες
2322 1135 2439 1198 πῶς
2461 1133 2625 1188 αὐτοῦ
2657 1133 2754 1204 τὴν
2779 1132 2957 1204 ψυχὴν
2986 1132 3325 1204 ἐνεύρωσεν;
3355 1134 3423 1187 '0
3446 1135 3554 1205 γάρ
3579 1135 3654 1189 τὰ

1984 1223 2275 1294 ἀπόρρητα
2307 1221 2406 1292 τῆς
2430 1220 2667 1285 διανοίας
2693 1219 3054 1290 ἐπιστάμενος
3080 1218 3198 1290 ᾔδει
3239 1221 3323 1273 ὅτι
3365 1220 3597 1292 ἔχρῃζεν
3621 1218 3653 1276 ὁ

1984 1308 2189 1372 δίκαιος
2230 1308 2331 1379 τῆς
2359 1308 2466 1361 ἀπὸ
2492 1306 2601 1361 τῶν
2635 1306 2896 1378 ῥημάτων
2938 1306 3337 1378 παρακλήσεως
3356 1325 3370 1338 ·
3400 1309 3499 1378 ὅρα
3537 1307 3652 1380 γὰρ

1982 1395 2036 1448 τί
2063 1412 2248 1464 φησιν,
2297 1393 2482 1463 ἐπειδὴ
2519 1394 2827 1465 παρρησίαν
2885 1392 3044 1446 ἔλαϐε
3083 1393 3170 1447 διὰ
3205 1393 3316 1446 τῶν
3367 1395 3650 1466 ῥημάτων.

1978 1477 2124 1535 Εἷπε
2160 1480 2228 1534 δὲ
2247 1482 2492 1550 Ἅϐραμ·
2533 1479 2806 1534 Δέσποτα
2820 1480 2872 1544 ἲ»,
2916 1480 2972 1533 τί
3009 1498 3109 1548 μοι
3141 1479 3393 1547 δώσειςς
3425 1480 3537 1550 ἐγὼ
3579 1480 3653 1534 δὲ

1982 1570 2318 1638 ἀπολύομαι
2344 1567 2611 1634 ἄτεκνος.
2631 1567 2849 1639 Ἐπειδὴ
2871 1567 3061 1638 μισθὸν
3086 1567 3234 1638 αὐτῷ
3265 1567 3652 1638 ἐπηγγείλατο,

1982 1651 2077 1704 καὶ
2105 1651 2273 1704 πολύν
2330 1650 2518 1723 μισθὸν
2551 1650 2644 1704 καὶ
2677 1650 2882 1722 σφόδρα
2915 1650 3105 1713 πολύν,
3147 1651 3424 1720 ἐμφαίνων
3456 1648 3655 1703 ἑαυτοῦ

1980 1740 2082 1811 τῆς
2131 1739 2308 1811 ψυχῆς
2340 1738 2437 1810 τὴν
2466 1739 2677 1811 ὀδύνην,
2712 1740 2806 1792 καὶ
2847 1737 2946 1809 τὴν
2989 1740 3045 1793 ἐν
3084 1738 3322 1809 διηνεκεῖ
3352 1737 3428 1809 τῷ
3471 1738 3654 1809 χρόνῳ

1983 1828 2338 1899 ἐγγινομένην
2377 1826 2526 1898 αὐτῷ
2568 1825 2810 1898 ἀθυμίαν
2836 1829 2934 1897 τῆς
2963 1826 3221 1890 ἀπαιδίας
3247 1827 3451 1891 ἕνεκεν,
3478 1826 3616 1896 φησί
3634 1844 3649 1855 ·

1982 1915 2250 1977 Δέσποτα,
2308 1914 2361 1968 τί
2386 1913 2628 1968 τοιοῦτόν
2668 1930 2760 1985 μοι
2789 1912 3013 1979 δώσεις;
3060 1914 3191 1967 ’1δού
3216 1915 3326 1985 γὰρ
3355 1914 3538 1968 λοιπὸν
3569 1915 3655 1980 είς

1980 2003 2160 2075 γῆρας
2189 2003 2412 2075 ἔσχατον
2444 2001 2684 2056 ἐλαύνων
2714 2001 2939 2066 ἄτεκνος
2971 2000 3299 2072 ἀπολύομαι.

2054 2092 2196 2162 Ὅρα
2231 2089 2347 2154 πῶς
2374 2091 2439 2144 ἐκ
2473 2088 2772 2162 προοιμίων
2797 2091 2825 2143 ό
2845 2088 3050 2153 δίκαιος
3083 2088 3415 2159 ἐφιλοσόφει,
3450 2091 3654 2146 ἀπόλυο

1983 2195 2066 2231 σιν
2088 2177 2266 2231 καλῶν
2289 2178 2386 2250 τὴν
2418 2176 2664 2230 ἐντεῦθεν
2692 2176 2890 2241 ἔξοδον.
2923 2178 2986 2230 Οἱ
3032 2178 3140 2248 γὰρ
3197 2176 3335 2246 μετά
3367 2178 3652 2250 ἀκριϐείας

1979 2266 2079 2337 τὴν
2106 2264 2306 2336 ἀρετὴν
2342 2263 2636 2335 μετιόντες,
2663 2262 2882 2317 ἐπειδάν
2910 2263 3009 2333 τῆς
3041 2262 3290 2316 ἐντεῦθεν
3316 2266 3461 2335 ζωῆς
3489 2284 3652 2336 μετα.

1982 2354 2199 2420 στῶσιν,
2225 2353 2440 2426 άληθῶς
2465 2353 2652 2425 ὥσπερ
2671 2348 2996 2406 ἀπολύονται
3026 2353 3132 2405 τῶν
3157 2351 3405 2418 ἀγώνων,
3426 2355 3520 2408 καὶ
3542 2354 3652 2407 τῶν

1978 2443 2191 2515 δεσμῶν
2220 2443 2476 2497 ἀνίενται.
2507 2443 2617 2496 Καὶ
2646 2442 2754 2514 γάρ
2788 2441 3115 2513 μετάστασις
3143 2442 3229 2506 τίς
3249 2442 3365 2495 ἐστι
3390 2444 3498 2505 τοῖς
3529 2443 3647 2495 ἐνα-

1985 2530 2155 2602 ρέτως
2183 2529 2386 2601 βιοῦσιν
2411 2529 2519 2583 ἀπὸ
2543 2527 2652 2581 τῶν
2685 2528 2942 2600 χειρόνων
2967 2528 3057 2582 ἐπὶ⁵
3082 2528 3148 2581 τά
3174 2528 3388 2597 βελτίω,
3416 2528 3525 2581 amb
3549 2528 3650 2599 τῆς

1981 2616 2317 2688 προσκαίρου
2346 2615 2491 2687 ζωῆς
2525 2616 2617 2668 ἐπὶ
2638 2616 2736 2686 τὴν
2761 2615 2983 2688 διηνεκῆ
3020 2616 3115 2670 καὶ
3146 2616 3412 2671 ἀθάνατον
3431 2616 3524 2669 καὶ
3551 2617 3650 2670 πέ-

1982 2721 2082 2776 ρας
2111 2705 2211 2757 οὐκ
2238 2703 2485 2774 ἔχουσαν.
2521 2702 2669 2773 Ἐγὼ
2689 2702 2778 2768 δὲ,
2803 2703 2987 2775 φησὶν,
3013 2704 3350 2773 ἀπολύομαι
3378 2703 3646 2770 ἄτεκνος.

1979 2791 2091 2845 Καὶ
2126 2790 2211 2844 ἵνα
2242 2791 2333 2844 τὸν
2363 2789 2740 2861 εὐσπλαγχνον
2781 2790 3055 2861 Δεσπότην
3081 2790 3482 2860 ἐπισπάσηται,
3526 2789 3649 2843 οὐδέ

1982 2878 2140 2951 μέχρι
2170 2877 2373 2932 τούτων
2415 2879 2567 2950 ἔστη,
2597 2878 2733 2933 ἀλλά
2758 2879 2810 2932 τί
2853 2895 3053 2949 φησιν;
3096 2878 3158 2931 '0
3187 2876 3256 2930 δὲ
3302 2877 3433 2943 υίὸς
3458 2873 3650 2936 Μαζὲκ

1977 2964 2089 3033 τῆς
2124 2964 2467 3035 οικοπιενοῦς
2510 2983 2650 3033 μου,
2696 2963 2902 3033 ἐπειδὴ
2952 2966 3063 3019 οὐκ
3094 2962 3245 3035 [369]
3297 2962 3523 3029 ἔδωκάς
3545 2980 3650 3032 μοι

1978 3053 2236 3122 σπέρμα,
2266 3049 2443 3117 οὗτος
2464 3051 2926 3122 κληρονομήσει.
2957 3050 3161 3122 Πολλὴν
3186 3050 3432 3105 ἐπίτασιν
3455 3050 3646 3120 ὀδύνης

1976 3137 2076 3208 τῆς
2113 3140 2171 3192 ἐν
2198 3140 2265 3210 τῇ
2294 3138 2439 3210 ψυχῇ
2469 3138 2722 3209 ἐμφαίνει
2777 3136 2932 3192 ταυτὶ
2979 3137 3047 3191 τὰ
3082 3139 3320 3209 ρήματα.
3351 3138 3647 3208 Μονονουχὶ

1978 3224 2085 3296 γάρ
2111 3242 2243 3295 φησι
2267 3225 2403 3296 πρὸς
2432 3224 2520 3278 τὸν
2548 3224 2680 3278 Θεόν
2704 3241 2717 3254 ·
2748 3225 2868 3279 οὐδὲ
2893 3223 3001 3278 τῶν
3028 3224 3206 3279 αὐτῶν
3233 3223 3489 3294 ἠξιώθην,
3516 3217 3591 3279 ὧν
3617 3223 3645 3276 δ

1977 3312 2275 3383 οἰκογενὴς,
2299 3313 2414 3366 ἀλλ’
2436 3312 2547 3381 ἐγὼ
2571 3314 2669 3385 μὲν
2684 3314 2875 3381 ἄγονος
2897 3314 2990 3367 καὶ
3009 3313 3229 3376 ἄτεκνος
3250 3312 3645 3384 ἀπελεύσομαι,

1976 3394 2129 3463 οὗτος
2156 3399 2212 3452 δέ
2240 3402 2268 3453 ό
2290 3400 2571 3471 οἰκογενής
2597 3418 2698 3470 μου
2728 3400 3123 3472 κληρονομήσει
3144 3399 3214 3453 τὰ
3251 3399 3400 3471 παρά
3429 3399 3523 3453 σοῦ
3552 3416 3647 3470 μοι

1977 3485 2309 3557 δωρηθέντα,
2343 3486 2624 3540 καὶταῦτα
2660 3486 2808 3552 ams
2828 3486 2920 3541 καὶ
2943 3485 3191 3557 δεύτερον
3212 3486 3503 3557 ὑπόσχεσίν
3539 3502 3643 3556 μου

1976 3572 2269 3645 δεξαμένου
2299 3573 2452 3646 παρά
2484 3572 2596 3638 σοῦ,
2629 3574 2712 3628 ὅτι
2747 3574 2832 3640 Τῷ
2863 3573 3161 3642 σπέρματί
3192 3586 3309 3628 σου
3331 3573 3502 3628 δώσω
3530 3574 3644 3643 τὴν

1977 3660 2096 3732 γῆν
2125 3663 2367 3729 ταύτην.
2404 3660 2601 3715 Σκόπει
2639 3679 2728 3732 μοι
2773 3661 2865 3715 καὶ
2898 3659 3143 3715 ἐντεῦθεν
3171 3659 3266 3713 τοῦ
3293 3660 3502 3716 δικαίου
3546 3662 3642 3733 τὴν

1976 3747 2197 3821 ἀρετὴν,
2228 3749 2310 3803 ὅτι
2337 3749 2430 3803 καὶ
2465 3748 2590 3811 τούς
2627 3747 2917 3818 λογισμοὺς
2962 3745 3185 3810 τούτους
3215 3748 3461 3816 στρέφων
3492 3749 3548 3800 ἐν
3576 3751 3642 3821 τῇ

1976 3788 2460 3974 ἓὲνζέᾇὶοὶὶὲῖοὲε
2477 3788 3182 3905 ’ἔὲξσξὲῥέιζέξξόιὲέζξτέ’
3202 3788 3636 3904 ᾆᾴξᾶττῖἰῷὁέᾷ

1980 3919 2138 3974 ξατοο
2206 3919 2303 3974 λλά
2339 3919 2434 3974 καὶ
2464 3918 2559 3974 νῦν
2582 3918 2916 3974 προτραπεὶς
2956 3918 3023 3972 ἐκ
3055 3918 3161 3972 τῶν
3191 3918 3328 3974 πρὸς
3360 3918 3522 3972 αὐτὸν
3549 3921 3635 3974 bn-

1980 3919 2106 3985 ξατο
2124 3936 2138 3951 ο
2169 3918 2303 3974 ἀλλά
2339 3919 2434 3974 καὶ
2464 3918 2559 3975 νῦν
2582 3918 2916 3990 προτραπεὶς
2956 3918 3023 3972 ἐκ
3055 3918 3161 3972 τῶν
3191 3918 3328 3989 πρὸς
3360 3918 3522 3972 αὐτὸν
3548 3921 3635 3990 ῥηο

1980 4006 2186 4078 μάτων,
2217 4006 2651 4078 παρρησιάζεται
2681 4004 2820 4077 πρὸς
2851 4003 2940 4057 τὸν
2962 4006 3258 4075 Δεσπότην,
3299 4007 3394 4058 καὶ
3423 4005 3530 4059 τῶν
3561 4006 3649 4059 έν·-

1975 4092 2127 4149 δοθεν
2177 4092 2451 4165 λογισμῶν
2504 4091 2598 4164 τὴν
2628 4091 2871 4164 ταραχὴν
2895 4091 3193 4161 κατάδηλον
3226 4094 3387 4153 ποιεῖ,
3416 4093 3510 4145 καὶ
3533 4091 3646 4145 δεί-

1976 4197 2136 4236 κνυσι
2162 4182 2261 4252 τῆς
2284 4180 2460 4253 ψυχῆς
2508 4179 2671 4234 αὐτοῦ
2697 4180 2759 4233 τὸ
2779 4179 2935 4243 έλκος
2953 4194 2968 4208 °
3014 4179 3081 4232 δι’
3111 4178 3140 4231 ὃ
3171 4179 3265 4232 καὶ
3303 4182 3522 4249 ταχεῖαν
3545 4179 3647 4250 τήν

1979 4268 2222 4340 ίατρείαν
2249 4268 2486 4335 ἐδέξατο.
2513 4268 2626 4322 Καὶ
2648 4266 2870 4333 εὐθέως,
2897 4266 3049 4337 φησὶ,
3092 4265 3243 4337 φωνὴ
3268 4266 3401 4320 Θεοῦ
3432 4265 3652 4334 ἐγένετο

1979 4355 2114 4425 πρὸς
2140 4353 2323 4409 αὐτόν.
2343 4355 2487 4429 Ὅρα
2505 4353 2606 4425 τῆς
2622 4352 2846 4426 Γραφῆς
2865 4354 2964 4425 τὴν
2986 4353 3386 4424 παρατήρησιν.
3405 4352 3641 4416 Εὐθέως,

1977 4443 2162 4516 φησίν.
2198 4442 2273 4497 Οὐ
2301 4440 2677 4514 συνεχώρησεν
2711 4441 2831 4495 οὐδὲ
2878 4440 3070 4512 μικρὸν
3094 4440 3418 4510 δυσχερᾶναι
3440 4440 3529 4493 τδν
3564 4438 3647 4493 δί-

1976 4547 2151 4597 καιον,
2184 4528 2323 4584 ἀλλά
2374 4530 2595 4600 ταχεῖαν
2632 4527 2839 4596 εἰσάγει
2869 4526 2967 4598 τὴν
3023 4526 3394 4597 παραμυθίαν,
3423 4525 3647 4597 καὶτῆς

1976 4615 2152 4687 λύπης
2183 4615 2244 4669 τὸ
2275 4614 2502 4687 μέγεθος
2532 4611 2871 4678 διασκεδάζει
2922 4612 3010 4666 διὰ
3042 4612 3150 4666 τῶν
3185 4612 3319 4682 πρὸς
3353 4611 3512 4666 αὐτὸν
3542 4613 3645 4682 ῥησ

1968 4704 2185 4774 μάτων.
2222 4702 2331 4758 Καὶ
2352 4702 2554 4768 εὐθὺς,
2605 4703 2761 4772 φησὶ,
2819 4700 2987 4772 φωνὴ
3032 4701 3179 4754 Θεοῦ
3228 4701 3463 4770 ἐγένετο
3495 4699 3639 4768 πρὸς

1975 4789 2164 4845 αὐτὸν
2189 4788 2457 4859 λέγουσα
2480 4797 2494 4820 ‘
2521 4785 2604 4844 Οὐ
2633 4787 3075 4857 κληρονομήσει
3100 4801 3175 4840 σε
3192 4782 3392 4852 οὗτος,
3415 4785 3551 4841 ἀλλ’
3576 4785 3640 4852 ὃς

1974 4876 2357 4942 ἐξελεύσεται
2395 4876 2465 4929 ἐκ
2493 4874 2630 4939 σοῦ,
2658 4870 2835 4939 οὗτος
2864 4871 3308 4942 κληρονομήσει
3336 4888 3430 4929 σε.
3452 4869 3647 4931 Τοῦτο,

1977 4964 2130 5035 φησὶ,
2153 4962 2394 5026 δέδοικας
2414 5005 2430 5030 ,
2453 4960 2614 5016 τοῦτό
2645 4977 2738 5013 σου
2767 4960 2857 5013 τὸν
2881 4960 3140 5029 λογισμὸν
3168 4960 3425 5030 ταράττει
3448 5000 3462 5022 ,
3488 4956 3648 5011 τοῦτο

1979 5067 2070 5103 σου
2118 5050 2217 5122 τὴν
2271 5049 2509 5120 ἀθυμίαν
2555 5047 2849 5113 ἐπιτείνεις
2903 5047 3156 5101 Μάνθανε
3190 5046 3371 5100 τοίνυν
3418 5047 3501 5099 ὅτι
3558 5038 3642 5097 οὐ

1977 5135 2418 5205 κληρονομήσει
2472 5150 2546 5188 σε
2576 5129 2750 5200 οὗτος
2776 5149 2789 5163 ·
2833 5133 2971 5188 ἀλλ’
3017 5132 3085 5199 ὃς
3131 5132 3515 5197 ἐξελεύσεται
3573 5131 3644 5184 ἐκ

1976 5225 2114 5290 σοῦ,
2148 5220 2327 5290 οὗτος
2348 5223 2788 5293 κληρονομήσει
2822 5238 2917 5278 σε.
2948 5222 3039 5293 Μὴ
3063 5222 3200 5293 πρὸς
3225 5221 3324 5292 τὴν
3354 5220 3515 5291 φύσιν
3536 5219 3645 5274 τοί-

1975 5329 2069 5366 νυν
2100 5311 2214 5383 ίδῃς
2238 5311 2335 5380 τὴν
2366 5309 2727 5381 ἀνθρωπίνην,
2772 5308 2906 5381 μηδέ
2931 5308 2991 5362 τὸ
3034 5309 3207 5378 γῆρας
3248 5307 3417 5361 ἐννόει
3439 5306 3501 5360 τὸ
3528 5306 3639 5359 σδνο

1978 5401 2115 5471 μήτε
2147 5399 2244 5470 τῆς
2274 5399 2453 5469 Σάρας
2496 5399 2595 5468 τὴν
2635 5398 2953 5468 στείρωσιν⁸
2985 5395 3122 5449 ἀλλά
3152 5396 3219 5466 τῇ
3247 5395 3475 5465 δυνάμει
3508 5388 3642 5463 ἐμοῦ

1973 5481 2067 5536 τοῦ
2095 5481 2563 5550 ἐπαγγειλαμένου
2613 5477 2908 5542 πεποιθὼς,
2940 5479 3039 5549 τῆς
3087 5478 3188 5549 μέν
3219 5477 3454 5548 ἀθυμίας
3487 5476 3645 5538 ἐκτὸς

1976 5569 2147 5638 γίνου,
2181 5568 2339 5640 δέχου
2372 5567 2428 5621 δὲ
2460 5569 2552 5622 καὶ
2584 5568 2771 5634 ἱκανὴν
2796 5567 2895 5639 τὴν
2923 5566 3289 5638 παράκλησιν,
3338 5566 3433 5620 καὶ
3460 5565 3641 5617 πεῖσον

2037 5664 2065 5705 h
2091 5663 2144 5732 [ιι
2189 5665 2258 5732 ρ]
2291 5665 2475 5727 legitur
2514 5666 2735 5715 Δέσποτα
2770 5662 2940 5727 Κύριε,
2979 5660 3106 5713 Hebl
3163 5661 3284 5715 Γῆν
3324 5661 3466 5720 mn,
3504 5659 3635 5721 vulg.

1984 5726 2181 5779 Domine
2212 5726 2355 5777 Deus.
