4020 6136
451 300 553 358 357

453 417 614 472 etiam
657 429 774 485 qua:
821 413 1016 467 ﬁebant
1046 410 1241 466 Christi
1282 422 1436 481 typus
1478 420 1653 476 erant,
1684 419 1738 464 et
1781 412 1891 479 ipsa
1936 409 2032 464 oh-

452 509 554 561 lata
590 504 897 577 mysterium
933 504 1199 573 quoddam
1234 502 1618 573 prmsiguahaut
1640 520 1653 554 :
1676 501 1897 571 ideoque
1930 517 2037 557 non.

453 598 648 658 renuit.
675 606 831 665 atque
850 605 905 649 ut
923 595 1150 665 accepit,
1181 595 1414 649 vicissim
1443 594 1589 647 illum
1623 592 2033 659 remunerando,

451 688 676 742 docebat
720 688 929 740 virtutis
965 703 1077 740 sua:
1118 685 1552 755 magnitudinem.
1609 684 1853 738 Decimas
1890 683 2032 737 enim

450 778 500 831 ei
531 775 717 842 dedit,
760 777 922 832 etiam
969 777 1068 830 hac
1105 777 1310 830 ratione
1341 775 1481 845 piam
1510 790 1660 845 suam
1696 783 1925 828 mentem
1957 774 2031 826 si.

450 867 732 938 gnilicans.
780 868 1029 923 Fortasse
1071 867 1276 936 longius
1317 867 1554 921 excurrit
1591 866 1764 920 oratio
1792 868 2028 930 nostra;

454 957 599 1027 atqui
629 972 734 1012 non
756 958 871 1012 sine
898 973 1057 1013 causa
1085 974 1257 1027 neque
1288 956 1500 1011 frustra.
1556 957 1743 1012 Paucis
1773 958 1913 1011 enim
1946 956 2029 1010 di-

451 1048 679 1102 dicimus
704 1047 771 1101 ab
799 1048 946 1101 initio
962 1062 1129 1116 usque
1157 1046 1222 1102 ad
1247 1046 1556 1101 ltodiernam
1581 1047 1885 1109 lectionem,
1919 1063 2035 1113 qua:

453 1136 611 1192 fuerit
635 1137 764 1206 justi
794 1137 948 1206 hujus
978 1136 1265 1202 fortitudo,
1299 1137 1732 1206 magnanimitas,
1768 1138 2035 1191 excellens

457 1229 609 1296 lides,
646 1245 798 1285 meus
824 1229 1039 1298 optimis
1071 1228 1304 1282 moribus
1334 1227 1574 1297 prmdita,
1609 1227 1826 1295 insignis
1848 1228 2035 1280 mode-

453 1321 574 1382 stia,
603 1319 927 1373 admirabilis
954 1319 1258 1372 divitiarum
1287 1325 1624 1385 contemptus
1648 1358 1661 1380 ,
1689 1316 1882 1370 divine
1911 1332 2034 1385 erga

454 1425 578 1465 eum
600 1409 983 1465 benevolentia:
1011 1418 1263 1478 perpetua
1292 1409 1652 1477 providentia;
1681 1416 1737 1461 et
1757 1422 1862 1476 quo
1886 1418 2037 1476 parto

398 1570 403 1573 _
453 1498 689 1553 divinum
740 1498 837 1565 ipsi
887 1499 1110 1568 singulis
1164 1497 1490 1567 temporibus
1538 1498 1813 1566 pnebitum
1854 1508 2037 1566 patro-

454 1590 682 1657 cinium,
728 1589 965 1659 qu0tidie
991 1589 1270 1644 clariorem
1306 1604 1427 1642 eum
1457 1599 1510 1643 et
1550 1590 1890 1645 illustriorem
1920 1590 2039 1643 red-

453 1682 604 1738 didit.
652 1682 803 1736 Nunc
831 1690 1004 1736 autem
1033 1682 1079 1736 si
1104 1681 1375 1735 volueritis
1396 1722 1410 1745 ,
1440 1689 1493 1735 et
1519 1696 1624 1734 non
1653 1681 2035 1751 defatigemini,

453 1774 521 1829 ad
547 1791 607 1829 ea
638 1789 756 1844 qua:
787 1789 972 1828 recens
1009 1774 1141 1828 lecta
1181 1782 1305 1827 sunt
1344 1772 1661 1828 accedamus
1692 1814 1708 1837 ,
1760 1784 1813 1826 et
1857 1773 2038 1842 paucis

456 1867 771 1936 quibusdam
800 1865 1112 1933 prop.;sitis,
1141 1864 1480 1918 absolvamus
1509 1879 1844 1926 sermonem;
1875 1874 1930 1916 ut
1957 1863 2039 1917 di-

454 1957 614 2009 seatis
641 1964 836 2024 quanta
870 1954 1046 2008 denuo
1071 1953 1119 2008 ei
1147 1952 1470 2023 rependatur
1500 1968 1708 2008 merces
1733 1995 1746 2016 ,
1789 1969 1855 2007 eo
1899 1953 2037 2023 quod

455 2046 836 2113 contempserit
876 2044 1013 2099 dona
1065 2043 1166 2098 sibi
1210 2060 1239 2097 a
1277 2043 1630 2098 Sodomorum
1678 2058 1802 2113 rege
1842 2046 2038 2099 oblata.

455 2134 591 2202 Quid
637 2133 780 2188 enim
826 2134 1040 2203 inquit?
1096 2135 1145 2188 l.
1181 2131 1305 2188 Post
1343 2134 1450 2188 [uec
1477 2144 1646 2187 autent
1671 2134 1819 2187 verba
1848 2137 2041 2206 factum

456 2237 529 2282 est
555 2227 753 2282 verbum
780 2226 985 2280 Domini
1011 2226 1077 2278 ad
1109 2226 1296 2279 Abram
1332 2226 1472 2297 (cap.
1501 2222 1610 2298 l5).
1663 2225 1835 2294 Quare
1857 2226 1934 2280 sic
1961 2228 2042 2279 iit-

456 2320 604 2389 cipit,
638 2317 760 2372 Post
791 2319 896 2372 lucc
921 2328 1089 2371 autent
1116 2316 1301 2371 verba?
1322 2333 1438 2386 qua:
1462 2316 1642 2383 verba,
1661 2318 1886 2387 quaeso?
1915 2331 2041 2370 num

459 2411 657 2466 indicat
700 2410 859 2465 verba
903 2425 1022 2480 qum
1071 2424 1194 2463 cum
1241 2408 1597 2462 Sodomorum
1638 2424 1763 2477 rege
1812 2407 2040 2462 habuit?

458 2503 586 2558 Post
628 2512 991 2572 contemptum
1034 2501 1216 2564 illum,
1260 2500 1458 2570 inquit,
1501 2508 1778 2568 postquam
1815 2513 1879 2553 ea
1923 2514 2040 2568 quae

459 2593 529 2646 ab
560 2593 649 2646 illo
688 2592 862 2646 oblata
905 2601 1028 2644 sunt
1076 2592 1305 2659 repulit,
1366 2599 1483 2658 post
1525 2589 1825 2642 doctrinam
1872 2590 2038 2655 illam,

460 2697 620 2751 quam
657 2682 867 2749 rejectis
896 2681 1048 2734 donis
1073 2681 1471 2751 pronuntiavit,
1506 2689 1561 2733 ut
1591 2680 1769 2748 pietati
1798 2692 1851 2734 et
1887 2681 2039 2749 agni-

463 2773 593 2827 tioni
634 2772 937 2827 Conditoris
978 2773 1216 2826 omnium
1257 2773 1406 2826 illum
1443 2772 1714 2838 initiaret,
1770 2772 1889 2827 Post
1935 2773 2043 2827 Itwc

460 2872 627 2916 autem
651 2862 799 2916 verba
819 2903 834 2926 ,
878 2871 1159 2932 postquam
1190 2862 1426 2917 decimas
1451 2863 1803 2918 Melehisedec
1831 2863 2040 2928 obtulit,

462 2954 670 3024 quando
695 2995 709 3019 ,
756 2955 963 3022 inquit,
1005 2940 1185 3027 omnia
1227 2970 1345 3022 quae
1388 2969 1452 3008 ex
1484 2968 1544 3008 se
1585 2964 1740 3008 erant
1783 2953 2039 3023 implevit,

465 3053 589 3099 tunc
635 3042 761 3096 Post
806 3043 912 3096 ltwc
959 3045 1105 3096 verba
1135 3042 1324 3111 factum
1367 3051 1440 3096 est
1484 3042 1684 3097 verbum
1730 3042 1935 3096 Domini
1976 3043 2044 3097 ad

462 3134 650 3188 Abram
675 3134 725 3186 in
751 3133 939 3186 visione
964 3133 1121 3186 noctis
1149 3131 1245 3205 (a),
1273 3133 1441 3186 dicetis
1470 3149 1488 3186 :
1519 3132 1600 3186 Ne
1619 3132 1812 3198 timeas,
1834 3132 2039 3201 Abram,

463 3243 554 3298 ego
580 3237 784 3296 protego
814 3235 859 3278 te
881 3242 900 3290 ;
933 3241 1117 3279 merces
1138 3235 1225 3278 tua
1256 3224 1413 3278 multa
1433 3225 1577 3278 valde
1605 3226 1718 3278 erit.

537 3319 586 3372 4.
623 3316 753 3370 Vide
796 3316 1173 3385 benignitatem
1206 3315 1449 3382 Domini,
1480 3315 1749 3385 quomodo
1775 3315 1956 3370 statim
1992 3326 2047 3370 et

464 3422 496 3462 e
521 3407 740 3477 vestigio
782 3420 1012 3474 sequens
1033 3446 1046 3468 ,
1097 3405 1368 3460 beneficiis
1396 3420 1553 3460 suum
1584 3405 1839 3461 athletam
1867 3422 2044 3462 remu-

466 3507 681 3551 neratur
704 3538 717 3562 ,
746 3505 801 3551 et
826 3496 891 3550 ad
925 3497 1173 3551 ulteriora
1209 3497 1499 3552 certamina
1531 3497 1725 3552 iterum
1749 3499 2041 3565 instruens,

467 3589 652 3659 vigore
693 3606 832 3644 novo
872 3589 1108 3644 roborat.
1159 3588 1377 3644 Factum
1409 3601 1478 3645 est
1518 3589 1719 3644 verbum
1746 3589 1954 3645 Domini
1992 3591 2046 3645 in

466 3681 653 3734 visione
681 3682 857 3734 noctis.
885 3680 1060 3747 Quare
1091 3680 1142 3733 in
1170 3682 1368 3735 nocte?
1397 3680 1466 3736 Ut
1487 3681 1538 3734 in
1568 3680 1779 3735 silentio
1798 3688 1854 3735 et
1871 3680 2049 3750 quiete

468 3772 657 3825 melius
681 3787 800 3841 quae
828 3770 1075 3825 dicuntur
1098 3770 1341 3840 accipiat.
1376 3772 1442 3824 Et
1468 3770 1595 3825 dicit
1615 3772 1664 3824 ei
1699 3788 1711 3823 :
1738 3769 1821 3824 Ne
1848 3772 2046 3839 timeas,

447 3861 676 3922 Abram.
721 3860 950 3914 Attende
992 3860 1307 3921 immensam
1339 3860 1429 3914 Dei
1459 3876 1660 3915 curam.
1691 3861 1865 3929 Quare
1891 3862 2046 3927 dixit,

476 3947 556 4002 Ne
583 3949 792 4002 timeas?
814 3949 946 4016 Quia
978 3958 1151 4002 tantas
1172 3963 1300 4018 opes
1321 3959 1732 4019 contentpserat,
1768 3966 1872 4004 non
1897 3965 2052 4006 cura-

473 4041 539 4095 tis
561 4041 720 4110 rcgiis
745 4040 899 4094 donis
925 4056 942 4095 :
968 4039 1069 4094 hoc
1095 4048 1195 4106 est,
1227 4039 1304 4094 Ne
1334 4040 1541 4103 timeas,
1574 4040 1713 4109 quod
1743 4040 2052 4110 despexeris

474 4146 616 4190 tanta
643 4135 779 4187 dona
804 4173 820 4198 ,
866 4146 1037 4202 neque
1062 4132 1249 4186 anxius
1268 4133 1343 4187 sis
1369 4132 1517 4201 quasi
1549 4132 1783 4186 minores
1810 4132 2049 4187 inde.tibi

472 4226 580 4279 sint
615 4224 914 4279 facultates.
947 4221 1027 4277 Ne
1054 4224 1249 4276 timeas.
1299 4222 1502 4277 Deinde
1530 4232 1585 4277 ut
1619 4222 1855 4277 animum
1883 4223 2052 4293 magis

473 4316 690 4380 excitet,
718 4313 910 4382 adjecit
931 4312 1096 4368 verbo
1120 4321 1174 4367 ct
1201 4312 1627 4384 appellationem,
1655 4323 1708 4366 et
1732 4312 1896 4382 inquit
1930 4330 1942 4365 :
1971 4312 2055 4367 Ne

474 4410 673 4474 timeas,
698 4403 905 4458 Abram.
936 4402 1049 4458 Non
1074 4403 1215 4458 enim
1239 4418 1421 4472 parum
1441 4402 1505 4456 ad
1525 4403 2052 4473 cxpergefaeiendum

475 4494 597 4551 facit
623 4537 637 4560 ,
668 4510 789 4549 cum
814 4494 1115 4565 quempiam
1152 4494 1369 4562 pl'Olll'lO
1395 4495 1609 4547 nomine
1634 4492 2011 4561 compellamus
2036 4512 2050 4550 :

472 4586 666 4642 deinde
695 4588 808 4652 ait,
862 4585 971 4655 Ego
997 4593 1254 4656 protegam
1285 4593 1349 4636 te.
1403 4583 1619 4637 Multam
1667 4583 1833 4639 habet
1871 4594 1924 4637 et
1954 4586 2055 4637 hoc

477 4678 697 4732 verbum
734 4676 1052 4745 emphasim.
1106 4674 1218 4745 Ego
1258 4674 1402 4742 quia
1431 4672 1698 4729 Chaldaeis
1734 4684 1785 4728 te
1813 4675 2051 4739 evocavi,

482 4782 581 4835 ego
606 4768 694 4837 qui
736 4778 786 4821 te
814 4768 915 4821 huc
943 4765 1107 4829 duxi,
1153 4780 1252 4834 ego
1283 4764 1372 4835 qui
1411 4773 1461 4818 te
1490 4780 1520 4817 a
1564 4765 1810 4833 periculis
1838 4764 2055 4835 Egypti

480 4858 695 4913 liberavi
722 4898 737 4922 ,
764 4873 862 4925 ego
887 4857 976 4927 qui
1004 4856 1172 4911 semel
1199 4866 1358 4925 atque
1389 4855 1583 4909 iterum
1612 4855 1827 4924 promisi
1862 4856 1951 4909 tibi
1978 4866 2055 4909 at.

408 4960 415 4966 '
476 4963 580 5017 que
601 4947 788 5002 semini
819 4955 909 5001 tuo
933 4946 1182 5001 daturum
1210 4960 1297 5000 me
1323 4956 1518 5000 terram
1549 4946 1703 5011 hanc,
1726 4961 1829 5016 ego
1855 4955 1905 5000 te
1931 4962 2055 5015 pro-

481 5050 600 5110 tego
640 5052 780 5109 :ego
819 5038 910 5109 qui
948 5039 999 5093 in
1042 5038 1155 5093 dies
1202 5038 1369 5108 magis
1414 5046 1468 5093 et
1507 5040 1674 5108 magis
1718 5038 1965 5093 omnibus
2007 5049 2059 5094 te

477 5130 678 5184 clatum
697 5127 947 5191 ostendo,
990 5142 1090 5197 ego
1119 5139 1340 5198 protego
1370 5136 1421 5182 te
1453 5145 1466 5182 :
1496 5127 1597 5183 hoe
1634 5138 1716 5184 est
1739 5170 1754 5195 ,
1795 5144 1896 5198 ego
1922 5132 2057 5184 senti

482 5225 593 5279 vice
617 5222 708 5277 tibi
739 5237 877 5288 sum,
909 5235 1007 5292 ego
1031 5235 1126 5290 pro
1148 5229 1198 5274 te
1222 5229 1390 5285 certo,
1414 5234 1513 5290 ego
1539 5230 1897 5291 propugnator
1915 5237 2056 5288 sum,

479 5332 578 5387 ego
602 5331 786 5371 curam
805 5329 953 5385 gero,
983 5329 1083 5384 ego
1106 5314 1281 5368 omnia
1302 5312 1541 5368 difficilia
1559 5312 1727 5367 facilia
1752 5315 1840 5369 tibi
1869 5314 2056 5380 reddo,

551 5540 625 5611 (τι)
654 5539 706 5588 1η
736 5540 860 5609 fidit.
884 5538 1200 5606 septuaginta
1222 5534 1762 5611 interpretttm‘legitur
1791 5539 2057 5611 tanturn_év

487 5597 717 5665 ὀρᾶματι,
765 5604 811 5665 nt
849 5597 1190 5665 visiones‘vo}
1215 5597 1412 5665 _tho'c,
1455 5597 1827 5665 nortis,'dees_t._
1870 5597 1918 5646 ln
1955 5599 2054 5647 lle-

489 5657 654 5712 b'ra'ieo
678 5664 862 5721 pariter
888 5657 1109 5721 atquein
1132 5658 1343 5719 Vulgata
1384 5657 1480 5721 noti
1512 5657 1735 5721 habetur.
1778 5659 1858 5709 Sic
1891 5667 2057 5708 tamen

490 5723 612 5788 legit
634 5718 1027 5784 tlhrysostotnus,
1052 5728 1105 5770 ut
1130 5734 1193 5770 ex
1216 5718 1544 5803 sepietttibus
1566 5719 1740 5782 liquet.

1479 295 1541 349 ΙΝ
1583 296 1733 348 (IAI’.
1769 293 1886 349 XV.
1928 292 2166 349 GENES.
2202 293 2427 349 llOMlL.
2467 295 2701 351 XXXVI.

3613 308 3717 364 53B

2150 424 2250 479 ego
2282 421 2499 482 prolcgo
2521 422 2590 467 te.
2646 413 2840 468 Mei-res
2867 426 2950 468 tua
2981 418 3137 471 multa
3167 419 3257 471 erit
3286 420 3445 474 valde.
3503 423 3721 480 Noluisti

2150 504 2452 559 mercedem
2489 508 2733 575 accipere
2782 524 2876 577 pro
2923 509 3189 565 laboribus
3231 528 3363 580 quos
3405 516 3720 572 sustinuisti.

2149 593 2310 646 tantis
2340 594 2586 663 periculis
2617 597 2839 665 teipsum
2869 597 3169 666 objiciendo
3194 644 3206 664 ,
3236 602 3327 655 sed
3357 605 3719 672 contempsisti

2145 692 2199 737 et
2226 700 2405 753 regem
2435 694 2488 739 et
2518 702 2734 740 munera
2777 687 2913 757 ejus.
2964 689 3074 758 Ego
3112 690 3201 743 tibi
3234 693 3532 747 mercedem
3561 694 3718 755 dabo,

2145 790 2249 827 non
2276 784 2474 828 tantam
2505 786 2758 844 quantam
2784 789 3098 848 accepturus
3118 796 3234 835 eras
3257 823 3271 846 ,
3302 783 3397 837 sed
3421 784 3641 838 multam
3669 797 3719 839 et

2145 865 2295 918 valde
2318 865 2537 919 multam
2568 883 2582 920 :
2616 866 2809 921 Merces
2833 870 2975 922 enim
3007 880 3128 935 tua,
3180 872 3385 938 inquit,
3435 875 3594 927 multa
3628 877 3719 928 erit

2142 954 2306 1009 valde.
2340 955 2525 1011 \‘idisti
2556 958 2923 1013 liberalitatem
2958 960 3206 1014 Domini?
3231 961 3409 1016 vidisti
3438 965 3719 1019 verborum

2144 1046 2391 1113 pondus?
2437 1047 2610 1101 vidisti
2653 1049 2921 1117 quomodo
2948 1050 3261 1105 excitaverit
3302 1051 3510 1120 pietatis
3551 1052 3719 1106 athle-

2145 1139 2290 1191 tam?
2337 1139 2516 1192 vidisti
2562 1141 2831 1209 quomodo
2859 1141 3090 1196 animam
3132 1143 3248 1212 ejus
3292 1143 3720 1199 confirmaverit?

2146 1229 2260 1298 Ipse
2282 1232 2423 1284 enim
2449 1233 2537 1300 qui
2567 1248 2756 1286 arcana
2779 1233 3019 1287 cordium
3051 1235 3217 1301 novit,
3247 1236 3447 1289 sciebat
3471 1236 3616 1305 justo
3644 1236 3718 1289 illi

2143 1336 2276 1387 opus
2317 1336 2436 1376 esse
2480 1321 2780 1390 hujusmodi
2827 1323 3112 1378 verborum
3160 1327 3561 1380 consolatione;
3600 1342 3720 1380 nam

2145 1411 2262 1464 vide
2290 1411 2413 1480 quid
2443 1427 2506 1465 ex
2553 1412 2633 1465 his
2663 1414 2838 1468 verbis
2881 1423 3138 1484 concepta
3186 1415 3372 1472 fiducia
3425 1416 3717 1486 patriarcha

2142 1499 2286 1555 dicit.
2336 1501 2390 1555 2.
2419 1501 2564 1556 Dixit
2589 1513 2753 1557 autem
2779 1505 2963 1559 Abram
2993 1521 3013 1560 :
3043 1506 3290 1571 Domine,
3330 1508 3454 1577 quid
3481 1508 3603 1560 mihi
3624 1508 3723 1560 da-

2145 1592 2254 1645 bis?
2279 1608 2369 1663 ego
2388 1604 2552 1646 autent
2590 1594 2697 1647 sine
2723 1594 2890 1649 liberis
2919 1596 3163 1649 dimittor.
3197 1597 3479 1667 Postquam
3514 1613 3718 1651 merces

2146 1682 2244 1749 ipsi
2269 1683 2420 1737 valde
2447 1684 2659 1753 copiosa
2690 1686 2946 1753 promissa
2976 1696 3090 1752 est,
3131 1691 3348 1758 exponit
3387 1688 3578 1743 anima:
3613 1703 3673 1741 su
3695 1707 3723 1737 ιε

2145 1774 2381 1828 dolorem
2421 1784 2475 1829 et
2520 1775 2785 1830 tristitiam
2830 1785 3046 1848 propter
3085 1779 3250 1849 prolis
3299 1780 3564 1849 inopiam,
3618 1795 3719 1848 qua

2144 1865 2392 1918 diuturno
2447 1876 2683 1934 tempore
2734 1868 3061 1937 angebatur,
3120 1867 3351 1938 dicitque
3400 1887 3413 1922 :
3464 1869 3717 1929 Domine.

2144 1955 2269 2025 quid
2296 1956 2399 2011 tale
2423 1956 2547 2008 mihi
2575 1956 2767 2009 dabis?
2797 1958 2934 2012 Ecce
2962 1958 3102 2011 enim
3132 1974 3231 2026 ego
3257 1974 3423 2027 usque
3445 1959 3510 2011 ad
3541 1969 3719 2012 extre-

2146 2060 2285 2098 mam
2313 2054 2580 2099 scneetam
2603 2046 2838 2115 perveni,
2869 2056 2920 2101 et
2944 2048 3090 2116 prole
3115 2062 3304 2101 cari-ns
3331 2047 3588 2101 dimittor.

2222 2134 2261 2191 ’ὅ
2267 2135 2353 2191 ide
2375 2137 2642 2207 quomodo
2667 2138 2854 2206 priscis
2882 2138 2984 2192 illis
3005 2137 3214 2192 sareulis
3232 2137 3407 2206 justus
3435 2138 3520 2191 ille
3551 2136 3722 2206 philo-

2145 2227 2469 2297 sophahatur
2488 2271 2502 2293 ,
2531 2228 2895 2285 dimissionem
2921 2243 3118 2283 vocans
3145 2243 3212 2284 ex
3250 2229 3352 2283 hoc
3391 2228 3588 2282 mundo
3611 2226 3721 2281 dis—

2146 2337 2379 2377 cessum.
2408 2321 2539 2376 Nam
2570 2322 2659 2392 qui
2691 2322 2855 2377 vitam
2887 2322 3111 2377 honeste
3139 2332 3190 2377 et
3222 2322 3274 2376 in
3300 2321 3581 2376 virtutibus
3602 2335 3725 2390 cge-

2147 2422 2292 2479 runt,
2322 2413 2532 2482 quando
2559 2429 2625 2468 ex
2653 2412 2753 2468 hac
2793 2413 2899 2467 vita
2928 2413 3211 2484 emigrant,
3243 2427 3366 2467 vere
3398 2413 3688 2467 liberantur
3708 2451 3721 2473 ,

2146 2514 2200 2559 et
2228 2505 2376 2575 quasi
2421 2504 2706 2559 solvuntur
2741 2519 2771 2558 a
2814 2499 3191 2560 certaminibus
3215 2511 3269 2559 et
3295 2519 3323 2556 a
3356 2503 3596 2567 vinculis.
3631 2501 3727 2558 Est

2146 2595 2288 2650 enim
2322 2610 2468 2649 mors
2494 2595 2558 2649 iis
2584 2595 2674 2666 qui
2704 2595 2839 2650 bene
2863 2595 3084 2661 vivunt,
3129 2594 3399 2648 translatio
3423 2593 3662 2662 quaedam
3692 2608 3724 2647 a

2149 2685 2417 2755 peioribus
2437 2684 2503 2739 ad
2527 2684 2768 2751 meliora,
2787 2699 2818 2739 a
2840 2694 3178 2753 temporanea
3203 2684 3309 2736 vita
3330 2683 3394 2735 ad
3421 2690 3723 2751 perpetuam

2147 2786 2201 2830 et
2229 2775 2579 2830 immortalem
2626 2776 2889 2844 finemque
2934 2789 3038 2828 non
3083 2774 3383 2829 habentem.
3419 2773 3530 2844 Ego
3558 2784 3725 2826 autem

2149 2867 2393 2933 dimittor,
2425 2866 2624 2936 inquit,
2656 2866 2764 2920 sine
2793 2865 2981 2919 liberis.
3012 2865 3079 2918 Et
3105 2875 3162 2918 ut
3189 2863 3586 2919 misericordem
3620 2865 3723 2917 Do-

2151 2961 2351 3013 minum
2378 2959 2476 3012 sibi
2501 2957 2830 3021 conciliaret,
2862 2972 2966 3010 non
3001 2957 3064 3011 iis
3088 2965 3368 3011 contentus
3397 2956 3488 3010 fuit
3516 2956 3724 3020 verbis;

2151 3051 2244 3106 sed
2287 3050 2410 3121 quid
2441 3050 2604 3105 dicit?
2643 3048 2811 3103 Filius
2839 3058 3005 3103 autem
3051 3047 3224 3102 Masec
3266 3064 3431 3102 verum
3470 3062 3619 3113 mete,
3671 3048 3724 3102 5.
3758 3122 3763 3126 ἡ

2150 3144 2384 3214 quoniam
2421 3159 2519 3197 non
2546 3141 2728 3196 dedisti
2748 3141 2869 3194 mihi
2896 3156 3061 3194 semen
3088 3182 3103 3206 ,
3149 3140 3235 3194 ille
3264 3141 3406 3194 heres
3442 3156 3582 3193 meus
3615 3140 3726 3191 erit.

2082 3274 2090 3282 .
2153 3235 2421 3303 ingentem
2449 3233 2690 3287 dolorem
2718 3224 2910 3286 animae
2933 3230 3048 3301 ejus
3083 3230 3359 3286 declarant
3387 3231 3501 3283 hate
3533 3229 3690 3284 verba
3712 3269 3724 3293 ,

2152 3325 2299 3393 quasi
2350 3322 2551 3379 diceret
2597 3323 2704 3377 Deo
2733 3339 2747 3374 :
2776 3320 2957 3391 Neque
2996 3335 3060 3375 ea
3099 3334 3215 3375 sum
3260 3329 3575 3390 assequutus
3611 3334 3729 3388 quae

2151 3430 2337 3469 servus
2367 3430 2516 3468 meus
2543 3414 2859 3468 vernaculus
2880 3455 2894 3477 ,
2926 3412 3021 3468 sed
3060 3428 3159 3484 ego
3188 3412 3399 3482 quidem
3434 3412 3590 3465 abibo
3616 3411 3731 3465 sine

2155 3505 2406 3560 lilio:hic
2447 3515 2623 3560 autem
2667 3504 2986 3558 vernaculus
3028 3519 3175 3558 meus
3216 3503 3558 3558 hereditatem
3589 3502 3729 3555 acci-

2155 3599 2297 3668 piet,
2333 3613 2450 3667 qua:
2488 3612 2519 3651 a
2563 3606 2613 3650 te
2661 3596 2791 3650 mihi
2826 3595 2967 3660 data,
3011 3595 3171 3664 idque
3211 3608 3331 3648 cum
3367 3594 3534 3648 semel
3574 3602 3732 3661 atque

2156 3688 2350 3743 iterum
2384 3686 2790 3757 promissionem
2815 3700 2845 3739 a
2873 3695 2923 3739 te
2947 3684 3244 3754 acceperim
3270 3683 3515 3738 dicente:
3541 3681 3734 3737 Scmini

2157 3788 2243 3832 tuo
2265 3779 2394 3831 dabo
2419 3788 2606 3831 terram
2630 3777 2780 3830 hanc.
2802 3775 3113 3839 Considera,
3140 3774 3382 3837 obsecro,
3410 3782 3463 3827 et
3493 3772 3592 3827 hoc
3616 3772 3735 3826 loco

2152 3870 2280 3940 justi
2309 3870 2590 3933 virtutem,
2636 3866 2903 3937 quomodo
2930 3867 3275 3936 cogitationes
3324 3864 3418 3919 has
3459 3865 3509 3919 in
3557 3864 3734 3918 animo

2157 3976 2396 4026 versans,
2440 3976 2725 4030 numquam
2776 3959 3097 4028 indignatus,
3147 3972 3319 4026 neque
3357 3956 3499 4010 aliud
3542 3954 3732 4010 durum

2157 4058 2409 4126 loquutus
2450 4053 2671 4108 sit:sed
2713 4062 2765 4108 et
2805 4067 2943 4106 nunc
2990 4050 3264 4129 intigatus
3294 4047 3468 4102 verbis
3504 4062 3620 4116 qua:
3660 4047 3735 4099 lu-

2158 4156 2354 4218 quutus
2398 4153 2481 4199 est
2528 4144 2575 4197 ei
2630 4142 2922 4205 Dominus,
2973 4154 3160 4208 magna
3214 4137 3401 4191 fiducia
3456 4135 3733 4190 Dominum

2158 4236 2461 4308 alloquitur,
2481 4234 2918 4304 mani-festamque
2939 4233 3063 4286 facit
3082 4233 3339 4285 intentam
3361 4228 3736 4300 cogitationum

2161 4329 2612 4401 perturbationem
2633 4369 2648 4394 ,
2694 4326 2980 4382 ostendens
3013 4325 3204 4378 animm
3245 4337 3354 4376 sua:
3384 4321 3566 4386 ulcus;
3599 4319 3740 4374 unde

2160 4435 2216 4480 et
2259 4423 2609 4479 acceleratum
2654 4420 2858 4488 aCCcpit
2897 4418 3359 4473 medicamentum.
3384 4415 3437 4468 4.
3474 4412 3536 4465 Et
3571 4413 3739 4466 statim

2161 4534 2257 4571 v0.1:
2283 4515 2378 4569 Dei
2415 4518 2553 4585 facta
2587 4522 2657 4566 est
2688 4511 2755 4565 ad
2793 4526 2924 4562 eum.
2955 4507 3086 4562 Vide
3120 4507 3407 4574 Scriptum
3448 4502 3737 4557 accuratio~

2164 4625 2306 4664 ncm.
2339 4606 2543 4671 Statim,
2574 4602 2758 4672 inquit.
2777 4601 2891 4656 Non
2918 4598 3154 4669 permisit
3177 4597 3377 4667 justum
3408 4595 3492 4649 vel
3523 4593 3738 4647 minimo

2163 4710 2402 4768 tempore
2428 4699 2567 4767 angi,
2599 4694 2693 4749 sed
2722 4693 3020 4748 festinatam
3049 4690 3096 4743 ei
3121 4687 3536 4745 consolationem
3564 4684 3740 4750 all‘ert,

2163 4800 2215 4846 et
2253 4789 2565 4860 gravitatem
2607 4783 2853 4840 tnmroris
2891 4779 3135 4835 emendat
3165 4778 3341 4832 verbis
3377 4791 3494 4844 qua:
3540 4782 3664 4826 tttnc
3692 4773 3740 4826 ei

2164 4883 2414 4951 loquutus
2441 4886 2541 4933 est.
2586 4873 2650 4928 Et
2678 4873 2876 4934 statim,
2918 4868 3118 4937 inquit,
3149 4882 3246 4920 vos;
3286 4864 3381 4917 Dei
3409 4867 3544 4934 facta
3577 4871 3647 4916 est
3674 4866 3742 4914 ad

2166 4990 2300 5041 eum,
2329 4972 2497 5025 dicens
2520 4983 2538 5021 :
2562 4965 2680 5020 Non
2702 4966 2792 5019 erit
2817 4963 2897 5015 hic
2921 4962 3061 5013 [teres
3087 4969 3219 5021 tuus,
3249 4957 3336 5009 sed
3359 4956 3444 5025 qui
3463 4954 3743 5026 egredietur

2164 5080 2227 5118 ex
2252 5072 2317 5123 te,
2368 5061 2448 5113 hic
2488 5059 2627 5110 heres
2654 5064 2769 5107 tuus
2797 5053 2906 5104 erit.
2954 5049 3221 5112 Haecine,
3264 5045 3447 5115 inquit,
3493 5044 3744 5099 timuisti?

2169 5152 2390 5209 hoccine
2432 5155 2665 5202 mentem
2708 5153 2849 5197 tuam
2899 5136 3161 5194 turbavit?
3207 5136 3428 5190 haccine
3477 5134 3743 5189 tristitiam

2169 5252 2312 5297 tuam
2334 5237 2522 5309 auget?
2542 5235 2689 5291 Scias
2708 5236 2866 5302 igitur
2882 5229 3025 5285 hunc
3045 5243 3150 5282 non
3174 5227 3283 5281 fore
3306 5225 3550 5280 heredem
3573 5234 3740 5287 tuum,

2170 5336 2276 5392 Sed
2300 5334 2384 5405 qui
2419 5329 2697 5402 egredietur
2721 5341 2783 5380 ea:
2806 5334 2885 5390 te,
2927 5323 3008 5376 hic
3039 5321 3178 5375 heres
3212 5330 3324 5373 tuus
3348 5320 3458 5374 erit.
3487 5317 3563 5372 Ne
3590 5318 3744 5387 igitur

2168 5428 2233 5484 ad
2270 5426 2555 5482 humanam
2597 5428 2804 5490 spectes
2843 5425 3115 5480 naturam,
3158 5428 3225 5468 ne
3265 5422 3405 5466 tuam
3442 5420 3741 5471 senectam,

2170 5521 2384 5575 Sarmve
2420 5513 2753 5572 sterilitatem
2791 5508 2969 5562 animo
3006 5505 3223 5561 volvas:
3247 5502 3339 5557 sed
3378 5501 3492 5569 ejus
3530 5498 3619 5567 qui
3651 5497 3742 5550 tibi

2174 5609 2413 5682 promisit
2452 5603 2699 5676 potentia:
2744 5601 2879 5655 bene
2912 5583 3052 5663 lide,
3103 5603 3157 5650 et
3193 5591 3464 5660 tristitiam
3501 5602 3705 5682 ponens
3727 5626 3742 5649 ,

2177 5676 2526 5758 sufﬁcientem
2552 5692 2968 5753 consolationem
2994 5686 3197 5755 accipe,
3218 5692 3627 5751 persuasumque
3654 5676 3743 5731 ha»
