4020 6136
320 220 417 275 339

311 336 438 392 beas
457 348 506 393 te
524 339 774 397 heredem
802 345 1123 419 habiturum,
1141 352 1228 423 qui
1251 368 1314 409 ex
1338 362 1389 411 te
1409 357 1676 415 nascatur.
1697 360 1898 420 Deinde

309 429 429 498 quia
460 445 617 501 supra
649 443 894 491 naturam
923 449 1040 494 erat
1069 444 1350 512 promissio
1370 486 1386 513 ,
1428 456 1482 503 et
1522 450 1766 507 vincebat
1797 454 1897 509 hu-

313 537 526 578 manam
565 527 825 583 rationem
873 528 1139 603 (magnam
1170 536 1313 592 enim
1345 538 1396 593 in
1439 555 1505 595 eo
1542 542 1896 602 turbationem

311 612 613 668 excitabant
640 624 716 670 tot
743 628 948 676 naturae
977 622 1373 694 impedimenta,
1406 644 1653 688 senecms
1681 635 1818 705 ejus,
1846 646 1899 694 ct

312 701 452 769 quod
498 703 630 760 Sara
666 709 865 765 sterilis
906 727 969 766 ac
1014 724 1166 769 utero
1205 729 1452 776 emortuo
1496 701 1900 798 esset),'auget

315 791 572 849 Dominus
605 801 987 865 promissorum
1035 808 1483 879 magnitudinem,
1531 823 1585 868 ut
1628 814 1804 883 justus
1831 818 1896 873 ad

316 887 673 950 promittentis
714 890 1081 950 liberalitatem
1130 900 1452 968 reSpieiens,
1506 903 1640 960 bene
1682 918 1896 976 speret,

310 973 648 1047 confidatque
709 980 789 1037 sic
850 997 1185 1041 eventurum.
1241 990 1294 1045 5.
1340 990 1531 1047 Eduxit
1575 973 1739 1050 autem
1785 973 1897 1052 eum

311 1066 469 1132 foras,
501 1077 547 1119 et
577 1068 703 1122 dixit
728 1071 776 1124 ei
799 1087 818 1125 :
842 1071 1057 1144 Suspice
1082 1077 1133 1130 in
1164 1081 1364 1144 cu'lum,
1397 1092 1442 1136 et
1472 1100 1681 1138 numera
1703 1086 1894 1151 stellas,

309 1155 355 1206 si
375 1158 561 1224 poteris
582 1175 844 1216 munerare
865 1181 970 1221 eas.
999 1164 1064 1219 Et
1081 1167 1208 1222 dixit
1228 1170 1272 1222 ei
1291 1187 1309 1224 :
1329 1171 1417 1225 Sic
1437 1174 1530 1226 erit
1549 1190 1713 1230 semen
1736 1188 1894 1231 tuum.

307 1244 361 1298 6.
399 1245 467 1300 Et
509 1249 720 1305 credidit
763 1252 949 1309 Abram
998 1256 1140 1322 Deo,
1203 1271 1251 1313 et
1297 1272 1585 1329 reputatum
1618 1277 1690 1320 est
1727 1269 1805 1322 illi
1842 1273 1896 1324 in

306 1334 571 1402 justitiam.
600 1340 778 1407 Quare
818 1343 1070 1401 indicavit
1092 1388 1108 1415 ,
1149 1349 1289 1418 quod
1330 1351 1542 1408 duxerit
1569 1370 1688 1410 cum
1718 1357 1897 1413 foras?

258 1443 261 1447 Î‡
309 1423 440 1491 Quia
462 1428 604 1483 enim
633 1434 876 1500 superius
900 1435 1054 1504 dixit,
1078 1453 1200 1493 eum
1224 1441 1276 1493 in
1301 1441 1504 1498 visione
1530 1446 1702 1502 noctis
1728 1462 1894 1519 appa-

312 1518 483 1575 ruisse
513 1521 584 1575 illi
605 1564 619 1583 ,
650 1538 714 1578 ac
742 1527 899 1581 verba
926 1529 1011 1583 illa
1034 1530 1081 1584 ei
1110 1531 1381 1603 loquutum
1412 1535 1574 1593 fuisse
1597 1559 1608 1593 :
1632 1555 1772 1594 nunc
1794 1556 1894 1596 au-

307 1615 413 1662 tem
442 1610 552 1664 vult
592 1612 640 1667 ei
687 1616 992 1685 ostendere,
1029 1635 1188 1688 quam
1240 1624 1652 1683 innumerabiles
1695 1629 1803 1684 sint
1840 1630 1892 1686 in

304 1700 436 1755 ca'lo
461 1703 650 1769 stellae,
674 1705 847 1775 inquit
868 1725 883 1763 :
906 1706 1098 1765 Eduxit
1115 1729 1228 1768 eum
1249 1717 1409 1787 foras,
1428 1729 1476 1771 et
1497 1720 1627 1775 dixit
1645 1737 1663 1776 :
1680 1721 1895 1794 Suspice

305 1790 359 1842 in
385 1792 582 1858 (telum,
614 1804 660 1848 et
686 1813 892 1851 numera
918 1801 1115 1870 stellas,
1145 1804 1191 1858 si
1221 1808 1409 1875 poteris
1436 1826 1520 1863 eas
1547 1812 1890 1870 dinumerare.

310 1880 373 1935 Et
401 1882 527 1936 dixit
546 1885 590 1938 ei
611 1901 629 1939 :
650 1885 739 1942 Sic
761 1891 857 1943 erit
883 1908 1051 1947 semen
1082 1904 1243 1949 tuum.
1275 1897 1519 1968 Magnum
1546 1906 1888 1974 promissum,

310 1971 497 2042 ingens
519 1977 886 2044 promissionis
907 1985 1213 2054 magnitudo
1238 2005 1249 2041 :
1275 1989 1369 2044 sed
1401 1992 1444 2044 si
1474 1971 1640 2060 ipsam
1669 1998 1892 2065 promit-

306 2064 466 2120 tentis
513 2066 760 2124 virtutem
804 2073 1191 2145 cogitabimus,
1241 2080 1369 2135 nihil
1416 2085 1570 2141 nobis
1614 2064 1893 2158 apparebit

308 2170 579 2226 magnum.
611 2159 708 2228 Qui
739 2164 882 2218 enim
911 2165 979 2222 de
1005 2176 1145 2223 terra
1167 2185 1363 2251 corpus
1387 2172 1651 2243 formavit,
1676 2188 1730 2236 et
1749 2182 1891 2250 quod

304 2260 413 2300 non
431 2259 563 2312 erat,
586 2251 636 2305 id
654 2261 711 2306 ut
732 2263 876 2310 esset
894 2254 1040 2326 fecit,
1059 2268 1114 2315 et
1128 2261 1366 2318 condidit
1381 2267 1556 2321 omnia
1573 2284 1691 2337 qua:
1707 2270 1892 2326 viden-

305 2346 420 2408 tur,
448 2340 536 2396 ille
564 2344 724 2399 etiam
760 2345 889 2403 dare
918 2352 1113 2420 poterit
1141 2368 1261 2424 quae
1286 2369 1445 2425 supra
1476 2370 1719 2416 naturam
1744 2374 1886 2419 sunt.

376 2431 430 2486 5.
470 2431 653 2489 Vidisti
696 2434 904 2492 Domini
953 2439 1370 2499 liberalitatem?
1418 2446 1704 2518 Postquam
1745 2453 1889 2509 enim

303 2521 458 2586 dixit,
491 2523 689 2595 Absque
712 2527 855 2596 prole
885 2529 1133 2598 dimittor,
1160 2534 1313 2604 quasi
1338 2537 1476 2607 apud
1504 2549 1682 2608 portas
1701 2544 1889 2601 mortis

301 2614 588 2683 exsistcns,
605 2626 659 2672 et
681 2618 809 2673 nihil
832 2621 1061 2692 amplius
1083 2626 1294 2694 operari
1317 2628 1497 2685 valeas
1518 2640 1575 2684 ut
1598 2647 1889 2701 procreen-

304 2713 391 2760 tur
418 2706 590 2771 liberi,
622 2709 699 2764 sic
727 2710 888 2765 verba
929 2712 1015 2767 illa
1045 2716 1283 2784 protulit,
1327 2718 1546 2776 dicens:
1571 2720 1736 2778 Filius
1770 2724 1886 2779 Ma-

301 2814 382 2853 see
407 2801 487 2871 (a)
516 2803 798 2856 uernaculis
843 2786 967 2859 meti
1010 2806 1152 2862 lieres
1192 2826 1331 2865 meus
1372 2813 1486 2867 erit.
1537 2814 1661 2870 Ideo
1706 2817 1888 2875 volens

302 2891 544 2959 Spiritum
562 2908 680 2961 ejus
694 2894 919 2965 erigere,
945 2905 999 2952 ct
1019 2913 1216 2955 novum
1236 2904 1470 2974 vigorem
1485 2907 1649 2962 menti
1667 2908 1884 2975 addere.

302 2982 370 3037 ab
398 2981 706 3037 imminente
737 2985 928 3041 timore
951 3003 1075 3043 eum
1102 2990 1312 3060 liberat,
1342 2996 1796 3069 promissioneque
1824 3014 1889 3056 ac

301 3072 428 3128 doni
478 3075 843 3145 magnitudine
884 3090 1118 3136 mentem
1163 3083 1280 3153 ejus
1322 3085 1511 3157 erigit,
1555 3089 1887 3146 ostendendo

304 3164 579 3219 stellarum
608 3166 1023 3236 multitudinem,
1043 3180 1097 3225 et
1119 3173 1475 3241 promittendo
1502 3179 1799 3235 nascituros
1819 3197 1885 3236 ex

299 3268 367 3308 eo
394 3254 498 3308 illis
528 3271 682 3324 pares
707 3256 933 3325 futuros,
958 3261 1008 3314 in
1038 3261 1229 3317 bonam
1253 3278 1402 3334 spem
1426 3268 1661 3324 adducit.
1688 3270 1885 3328 Videas

299 3345 440 3398 enim
488 3347 693 3401 Domini
739 3350 1183 3421 promissionem,
1229 3356 1425 3426 rejecta
1470 3361 1612 3413 omni
1654 3361 1884 3418 humana

296 3436 523 3503 ratione,
555 3446 609 3491 et
630 3453 801 3507 neque
825 3441 892 3496 ad
918 3456 978 3498 se
1001 3443 1194 3514 ipsum,
1217 3463 1392 3519 neque
1411 3450 1477 3506 ad
1501 3452 1684 3509 Saram
1708 3455 1884 3512 minus

298 3527 652 3592 procreationi
683 3542 859 3600 aptam
887 3534 1181 3601 reSpiciens
1207 3555 1220 3592 :
1242 3538 1335 3594 sed
1371 3544 1741 3611 praetermissis
1786 3544 1859 3603 hu

298 3615 468 3671 manis
498 3619 744 3674 omnibus
768 3663 785 3689 ,
832 3624 1010 3680 sciens
1047 3625 1213 3682 Deum
1256 3643 1414 3698 posse
1440 3632 1602 3687 etiam
1635 3650 1696 3689 ea
1716 3676 1731 3697 .
1762 3652 1882 3707 qute

297 3720 455 3774 supra
484 3718 729 3766 naturam
756 3723 901 3782 sunt,
928 3712 1128 3786 largiri,
1158 3717 1315 3774 (idem
1341 3719 1523 3778 habuit
1545 3724 1727 3796 dictis,
1757 3729 1878 3784 nul-

295 3795 399 3851 lam
440 3797 822 3860 dubitationem
867 3805 1188 3877 admittens,
1236 3826 1407 3882 neque
1451 3829 1571 3869 eum
1600 3795 1739 3873 dicta
1765 3818 1882 3876 hmc

294 3889 524 3958 fuerunt,
557 3891 838 3949 lnnsitavit.
882 3895 994 3952 lloc
1023 3898 1163 3953 enim
1191 3917 1333 3957 vera:
1373 3904 1494 3960 lidei
1536 3917 1640 3976 es',
1666 3909 1879 3978 quando

296 3980 679 4047 promissiones
707 4000 812 4039 non
843 3988 1136 4043 secundum
1177 3991 1392 4046 solitum
1416 4034 1431 4059 ,
1480 4005 1534 4049 et
1576 3996 1878 4057 hominibus

291 4071 558 4140 cognitum
588 4089 791 4129 morem
822 4086 946 4131 sunt
965 4121 979 4144 ,
1010 4078 1055 4133 si
1083 4095 1180 4134 nos
1217 4083 1575 4149 promittentis
1601 4087 1781 4144 virtuti
1810 4091 1874 4146 ll-

290 4157 496 4216 damus.
528 4161 683 4217 Fides
703 4166 847 4220 enim
869 4176 962 4233 est,
995 4169 1442 4251 quemadmodum
1466 4173 1654 4232 beatus
1677 4178 1874 4238 Paulus

289 4251 394 4318 ait,
427 4255 791 4323 spei-undarum
837 4260 1117 4314 substantia
1163 4279 1359 4330 rerum,
1397 4279 1744 4337 argumentum
1772 4289 1875 4329 non

288 4344 643 4411 apparentium
683 4345 869 4415 (Hebr.
914 4349 999 4404 ll.
1046 4352 1102 4422 l)
1137 4369 1149 4405 :
1181 4362 1236 4409 et
1283 4355 1474 4410 iterum
1506 4375 1520 4412 :
1552 4358 1702 4425 Quod
1740 4365 1873 4420 enim

286 4433 418 4486 ridet
450 4436 584 4504 quis,
623 4433 748 4505 quid
789 4451 956 4511 sperat
1000 4442 1175 4515 (Rom.
1216 4444 1271 4500 8.
1304 4445 1436 4517 2i)?
1468 4447 1578 4505 Hoc
1606 4450 1765 4523 igitur
1788 4464 1873 4511 est

289 4521 451 4589 lldes,
501 4527 716 4594 quando
761 4528 863 4583 illis
912 4533 1180 4589 credimus
1220 4553 1338 4607 qua:
1377 4553 1483 4593 non
1527 4521 1773 4599 videntur
1816 4555 1871 4603 ct

286 4627 519 4669 mentem
552 4616 613 4670 ad
644 4617 955 4688 dignitatem
980 4623 1095 4692 ejus
1121 4628 1208 4694 qui
1239 4630 1482 4696 promisit
1508 4631 1864 4694 intendimus:

285 4705 335 4759 id
364 4705 503 4775 quod
533 4707 771 4776 profecto
797 4722 847 4763 et
868 4710 1047 4781 justus
1082 4714 1173 4769 ille
1207 4716 1349 4785 fecit,
1378 4719 1637 4776 sinceram
1669 4734 1723 4779 et
1750 4727 1866 4781 cxi-

283 4795 443 4851 ntiam
478 4816 488 4866 Î¹
512 4800 751 4856 remissis
780 4800 935 4858 ï¬dem
968 4804 1170 4860 habens
1197 4825 1209 4860 :
1236 4807 1432 4865 idcirco
1458 4823 1510 4866 et
1534 4828 1564 4867 a
1594 4814 1864 4887 Scriptura

281 4887 457 4943 divina
494 4891 779 4949 laudatur:
804 4911 925 4950 mox
959 4897 1100 4951 enim
1147 4899 1342 4954 addidit
1373 4919 1385 4954 :
1411 4900 1635 4960 Credidit
1679 4909 1865 4965 Abram

283 4977 412 5047 Deo,
436 4991 481 5034 et
503 4994 783 5053 teputatum
804 4997 876 5041 est
898 4989 946 5041 ei
964 4988 1015 5042 in
1026 4990 1280 5059 justitiam
1301 4991 1475 5063 (Rom.
1501 4997 1553 5050 4.
1578 4998 1655 5070 5).
1675 4999 1863 5059 VidiStl

278 5072 547 5139 quomodo
584 5083 638 5128 et
664 5084 788 5129 ante
815 5087 1065 5133 eventum
1090 5088 1144 5135 et
1176 5080 1538 5151 impletionem
1567 5092 1859 5158 promisso-

281 5177 421 5228 rum,
448 5177 512 5217 eo
542 5166 657 5231 ipso
682 5169 821 5236 quod
847 5170 1105 5240 credidit,
1150 5187 1527 5246 congruentem
1560 5184 1858 5240 mercedem

276 5254 499 5324 accipit?
523 5256 656 5312 Nam
686 5259 735 5313 in
756 5259 1014 5329 justitiam
1037 5265 1086 5321 ei
1113 5276 1413 5337 reputatum
1436 5280 1538 5340 est,
1566 5274 1706 5344 quod
1737 5290 1858 5332 cre-

278 5343 469 5398 diderit
497 5348 835 5415 promissioni
861 5353 1076 5421 divinm,
1100 5366 1152 5411 et
1184 5373 1287 5412 non
1318 5358 1545 5415 humana
1576 5343 1856 5422 ratiocina-

338 5436 410 5496 cn)
446 5439 555 5521 Mira
598 5439 679 5521 Ihic
711 5444 1168 5521 interpretationum
1210 5450 1470 5505 diversitas
1474 5470 1514 5521 _:
1550 5459 1856 5521 septuaginta

275 5503 573 5570 Interpretcs
598 5501 676 5550 hic
697 5501 889 5570 nomen
915 5511 1185 5570 prOprium,
1226 5501 1857 5570 ÎœÎ±ÎµÏá½²Î¾Î½á½²Î¹á¿—ÎµÏ„á¿–Î¹á¿–á½·á¿–-Î¾á½³Î¾á½ºÎ¾

237 5620 240 5624 Î‘
272 5558 349 5606 Ï„á½·á¼°Îµá½·
371 5558 565 5651 ilipipes}.
587 5576 796 5651 (Iliorum,
805 5558 1025 5635 quidam;
1046 5558 1560 5651 fanisfanis-is,
1579 5558 1676 5635 alii,

277 5632 376 5651 mm
420 5636 565 5651 ,,,....,
609 5639 684 5651 ....
762 5640 897 5651 .......
942 5638 1159 5651 Ï‰.-.
1414 5650 1417 5651 Î½
1500 5645 1511 5651 .
1589 5646 1599 5651 -
1668 5649 1695 5651 Î¼

276 5620 582 5697 jipdlltttotâ€˜is,
604 5620 706 5697 alii,
941 5620 1160 5697 ptâ€˜lg'fetjli

279 5682 501 5745 ltnsaj'lis
526 5682 714 5749 nostris,
741 5682 793 5738 et
815 5691 864 5739 in
886 5682 996 5740 nota
1019 5682 1218 5744 ibidem.

1046 231 1102 290 Î´â€™.
1140 236 1422 304 JOANNIS
1457 242 1928 305 CHRYSOSTOMI
1970 253 2283 312 ARClllEP.
2326 262 2835 324 CONSTANTINOP

3473 278 3583 335 Ï‰

2008 369 2155 428 tione
2208 375 2474 431 cmiosius
2526 393 2587 431 ea
2642 394 2762 446 quae
2815 378 2956 435 dicta
3010 390 3137 437 sunt
3190 387 3570 457 exploraverit.

2081 461 2295 519 lloralis
2343 468 2650 527 exhortatio.
2707 471 2919 529 Virtutis
2959 477 3172 532 studiosi
3209 496 3314 534 non
3362 482 3582 547 labores,

2008 552 2096 605 sed
2120 555 2331 623 prtemia
2355 557 2452 613 sibi
2477 573 2783 629 proponunt.
2804 593 2877 605 -â€”
2905 565 3180 625 Discamus
3199 569 3359 641 igitur
3380 581 3433 628 et
3459 589 3583 643 nos,

2005 643 2248 714 obsecro,
2279 663 2307 701 a
2329 651 2649 721 patriarcha,
2678 655 2771 711 Dei
2793 656 3012 715 credere
3039 660 3217 727 dictis,
3233 671 3288 718 et
3310 664 3426 734 ejus
3456 682 3586 736 proâ€”

2007 740 2345 798 missionibus
2397 744 2583 809 ï¬dere.
2637 764 2809 818 neque
2848 766 2909 805 ea
2939 755 3344 824 cogitationibus
3387 763 3587 815 nostris

2005 831 2277 903 indagare,
2331 837 2424 891 sed
2482 853 2723 909 magnam
2765 843 2928 898 animi
2971 846 3272 916 aequitatem
3306 851 3584 911 exhibere.

2006 922 2117 979 lloe
2146 925 2286 980 enim
2310 941 2406 981 nos
2430 937 2483 982 et
2507 929 2680 998 justos
2702 932 2975 990 declarare
2995 938 3205 1005 poterit,
3235 949 3290 995 et
3309 940 3360 996 id
3382 941 3585 999 efï¬ciet

2008 1026 2064 1070 ut
2096 1019 2354 1086 promissa
2399 1020 2554 1075 citius
2598 1038 2965 1095 assequamur.
3017 1028 3123 1083 Sed
3163 1031 3318 1086 Abrae
3366 1035 3581 1103 quidem

2004 1109 2266 1175 promisit,
2311 1125 2376 1165 ex
2424 1113 2630 1169 semine
2676 1114 2794 1184 ejus
2840 1119 3123 1174 maximam
3179 1120 3407 1180 futuram
3460 1142 3583 1183 esse

2002 1199 2390 1258 multitudinem
2421 1221 2435 1257 :
2463 1215 2719 1276 erantque
2761 1212 2956 1279 praeter
2979 1212 3193 1268 solitum
3223 1229 3425 1272 natura:
3452 1235 3574 1274 mo-

2000 1288 2127 1344 dum
2150 1308 2269 1362 quze
2300 1295 2556 1362 promissa
2586 1307 2758 1365 erant,
2798 1300 3023 1373 ideoque
3062 1305 3193 1360 lides
3223 1308 3274 1361 in
3305 1309 3468 1364 Deum
3488 1312 3580 1380 ju-

2000 1381 2200 1436 atillam
2251 1384 2298 1439 ei
2340 1386 2552 1443 attulit:
2602 1389 2754 1448 nobis
2794 1403 2993 1458 autem,
3036 1394 3081 1450 si
3111 1398 3365 1467 sapimus,
3415 1404 3582 1456 multo

2000 1471 2201 1541 majora
2236 1476 2493 1542 promissa
2519 1486 2660 1545 sunt,
2686 1488 2741 1535 et
2766 1482 2949 1537 multis
2990 1485 3164 1540 modis
3211 1487 3465 1544 humanas
3490 1506 3611 1545 eoÂ»

1999 1561 2282 1631 gitationes
2307 1569 2680 1624 transcendere
2695 1586 3011 1641 possumus;
3039 1576 3201 1632 modo
3228 1581 3584 1647 promittentis

2000 1657 2252 1725 potentire
2273 1658 2572 1728 credamus,
2605 1672 2660 1717 ut
2684 1671 2739 1718 et
2764 1678 2884 1719 eam
2917 1682 3036 1737 quae
3065 1683 3130 1723 ex
3163 1670 3265 1725 fide
3289 1681 3392 1740 ÎµÎµÎ¹,
3421 1673 3586 1742 justi-

2000 1747 2126 1802 tiam
2155 1757 2489 1818 reportemus
2508 1792 2524 1817 ,
2555 1764 2609 1809 et
2634 1753 2992 1826 adipiscamur
3030 1758 3168 1815 bona
3196 1765 3475 1832 promissa.
3502 1766 3584 1821 Ea

1996 1840 2160 1907 enim,
2189 1857 2307 1912 quae
2329 1842 2481 1900 nobis
2504 1847 2736 1902 maxime
2758 1850 3039 1919 promissa,
3061 1867 3276 1908 omnem
3300 1854 3587 1913 humanam

1997 1932 2380 1989 transcendunt
2403 1936 2686 2005 rationem,
2713 1949 2767 1993 et
2789 1955 3003 1996 omnem
3027 1945 3399 2015 cogitationem
3420 1964 3583 2004 exce-

1996 2022 2128 2078 dunt
2170 2041 2186 2078 :
2238 2034 2381 2079 tanta
2431 2030 2846 2097 promissionum
2900 2042 2983 2087 est
3019 2036 3346 2106 magnitudo.
3398 2038 3585 2110 Neque

1995 2114 2138 2169 enim
2160 2115 2211 2170 in
2240 2120 2485 2187 praesenti
2513 2121 2617 2176 vita
2643 2122 2817 2177 solum
2841 2125 2993 2179 nobis
3024 2127 3263 2195 promisit
3284 2128 3440 2196 hujus
3459 2133 3583 2187 vita:

1996 2212 2188 2260 statum
2236 2217 2290 2262 et
2329 2208 2615 2266 visibilium
2662 2213 2961 2269 iruitionem
3011 2234 3026 2270 :
3064 2217 3159 2271 sed
3196 2231 3251 2273 et
3303 2233 3582 2292 postquam

1995 2295 2120 2350 hinc
2148 2297 2605 2368 emigraverimus,
2652 2311 2707 2357 et
2752 2313 2871 2372 post
2896 2308 3135 2376 corporis
3160 2312 3578 2381 corruptionem,

1994 2388 2208 2457 quando
2231 2389 2284 2442 in
2312 2390 2547 2447 cinerem
2577 2402 2631 2448 et
2657 2395 2927 2465 pulverem
2955 2409 3135 2454 nostra
3175 2401 3430 2459 dissoluta
3461 2406 3574 2460 iue-

1993 2477 2098 2531 rint
2139 2493 2384 2548 corpora,
2434 2491 2558 2538 tunc
2596 2496 2958 2541 resurrectura
3012 2504 3074 2543 ea
3124 2492 3398 2560 promisit,
3431 2504 3487 2549 et
3523 2497 3576 2552 in

1992 2567 2182 2637 majori
2203 2568 2367 2640 gloria
2389 2570 2583 2627 futura.
2630 2573 2837 2645 Oportet
2858 2579 3010 2647 enim,
3042 2580 3210 2649 inquit
3239 2583 3421 2638 beatus
3440 2586 3577 2641 Pau-

1995 2658 2098 2727 lus,
2128 2663 2453 2735 corruptibile
2497 2667 2591 2720 hoc
2631 2669 2843 2724 induere
2865 2670 3311 2741 incorruptionem,
3361 2686 3409 2730 et
3437 2695 3575 2731 mor-

1993 2753 2096 2808 tale
2118 2754 2213 2810 ltoe
2250 2757 2458 2813 induere
2491 2760 2918 2816 immortalitatem
2946 2765 2965 2835 (
2996 2766 3048 2819 i.
3073 2765 3191 2822 Cor.
3217 2769 3302 2822 15.
3335 2770 3405 2825 55
3427 2772 3466 2839 ).
3511 2772 3573 2828 Et

1993 2857 2115 2916 post
2159 2863 2441 2918 corporum
2488 2856 2933 2911 resurrectionem
2981 2860 3127 2930 regni
3185 2863 3573 2930 possessionem

1991 2936 2242 2993 daturum
2284 2956 2343 2996 se
2385 2943 2541 2999 nobis
2585 2945 2851 3015 pollicitus
2894 2958 2995 3013 est,
3019 2960 3072 3003 et
3117 2955 3573 3010 conversationem

1990 3042 2112 3084 cum
2133 3032 2352 3097 sanctis,
2382 3042 2437 3087 et
2460 3034 2511 3087 in
2543 3046 2801 3105 perpetuo
2820 3038 3017 3093 saeculo
3038 3043 3292 3110 quietem,
3318 3052 3373 3097 et
3392 3045 3572 3098 inclia-

1991 3119 2116 3175 bilia
2142 3120 2229 3175 illa
2259 3122 2416 3189 bona,
2452 3122 2579 3188 Qua:
2604 3127 2778 3181 oculus
2800 3144 2901 3183 non
2930 3129 3072 3197 vidit,
3101 3140 3148 3184 et
3175 3136 3316 3185 auris
3353 3151 3451 3187 non
3477 3152 3573 3187 au-

1990 3209 2133 3276 divit,
2172 3222 2220 3266 et
2266 3213 2320 3267 in
2358 3231 2444 3268 cor
2487 3216 2706 3271 hominis
2734 3236 2834 3273 non
2860 3222 3186 3278 ascenderunt
3218 3225 3375 3298 (Ibid.
3404 3226 3458 3282 2.
3486 3226 3568 3300 9).

1994 3300 2178 3356 Vidisti
2209 3313 2407 3374 quanta
2430 3308 2842 3375 promissionum
2871 3314 3181 3370 excellentia
3207 3333 3222 3384 ;
3258 3319 3432 3375 vidisti
3475 3323 3568 3377 do-

1990 3406 2180 3448 norum
2232 3398 2690 3467 magnitudinem?

2059 3485 2113 3541 6.
2129 3487 2251 3544 llaec
2274 3491 2584 3561 cogitantes,
2605 3502 2659 3548 et
2672 3495 2900 3552 scientes
2915 3500 3125 3555 mentiri
3141 3516 3247 3557 non
3268 3519 3421 3574 posse
3444 3520 3567 3564 eum

1986 3578 2077 3648 qui
2111 3578 2198 3633 illa
2224 3582 2485 3651 promisit,
2506 3598 2693 3655 magna
2710 3586 2983 3644 alacritate
3001 3606 3355 3662 prmparemus
3377 3611 3476 3652 nos
3499 3599 3566 3653 ad

1987 3671 2195 3726 virtutis
2213 3687 2430 3742 agones,
2450 3683 2506 3729 ut
2526 3683 2581 3731 et
2610 3678 2883 3746 promissis
2904 3680 3056 3735 bonis
3087 3682 3190 3737 l'rui
3207 3687 3491 3755 possimus,
3512 3699 3568 3745 ct

1984 3774 2054 3816 ne
2064 3761 2220 3817 saluti
2233 3772 2427 3820 nostrae
2440 3776 2491 3821 ct
2510 3768 2668 3823 tantis
2677 3769 2829 3824 bouis
2849 3781 3186 3841 temporanea
3205 3777 3562 3849 prteferamus,

1985 3868 2157 3925 neque
2171 3855 2463 3926 cogitemus
2484 3857 2694 3915 labores
2719 3861 2947 3928 virtutis,
2974 3865 3069 3920 sed
3091 3868 3301 3935 pramia
3322 3869 3567 3929 iumento

1983 3960 2269 4016 ponamus:
2295 3965 2467 4019 neque
2493 3951 2833 4019 pecuniarum
2864 3966 3104 4026 sumptus
3135 3967 3335 4013 tantum
3354 3971 3564 4031 specte-

1981 4053 2121 4106 mus,
2149 4040 2196 4096 si
2220 4042 2433 4111 quando
2460 4059 2595 4115 opus
2620 4054 2701 4100 est
2721 4061 2816 4101 eas
2845 4050 3167 4118 pauperibus
3193 4067 3436 4124 erogare,
3466 4056 3561 4111 sed

1983 4130 2156 4201 potius
2204 4143 2429 4203 quantus
2468 4136 2591 4192 inde
2637 4138 2790 4193 nobis
2841 4153 3130 4210 proventus
3169 4156 3435 4202 nascatur.
3486 4150 3562 4205 Ea

1979 4222 2125 4276 enim
2165 4222 2233 4280 de
2271 4240 2428 4280 causa
2456 4228 2646 4284 semini
2694 4230 3087 4304 eleemosynam
3128 4240 3454 4307 comparavit
3480 4240 3564 4295 di-

1978 4311 2098 4368 vina
2122 4312 2414 4385 Scriptura,
2441 4328 2633 4374 uteum
2657 4321 2852 4391 gaudio
2874 4331 2929 4378 et
2953 4325 3115 4380 multa
3136 4327 3408 4386 alacritate
3434 4346 3554 4389 eam

1976 4416 2280 4474 operemur.
2307 4406 2437 4462 Nam
2461 4410 2505 4465 si
2535 4411 2570 4465 ii
2596 4413 2684 4482 qui
2715 4413 2919 4470 semina
2950 4424 3105 4471 terrae
3132 4421 3475 4487 conercdunt,
3504 4435 3559 4479 et

1975 4496 2197 4551 collecta
2223 4504 2284 4554 et
2324 4498 2465 4556 intus
2504 4504 2736 4572 reposita
2771 4516 3106 4576 spargentes,
3137 4509 3187 4564 id
3216 4525 3338 4565 cum
3368 4513 3557 4583 gaudio
3650 4573 3667 4591 Îº

1977 4596 2252 4656 ÏÎ¹â€™Ï‰ÎµÎ¹Î¹Î¹Î·Î¹,
2298 4597 2355 4644 et
2391 4589 2528 4646 bona
2556 4607 2652 4662 spe
2696 4593 2962 4663 foveatur,
2998 4608 3053 4654 et
3099 4599 3211 4669 jam
3259 4605 3556 4673 manipulos

1974 4676 2328 4747 imaginantur
2354 4693 2418 4735 ac
2434 4680 2619 4750 plenas
2641 4698 2792 4739 areas
2815 4705 2828 4739 :
2864 4687 3032 4743 multo
3051 4691 3218 4761 magis
3240 4691 3340 4747 illis
3365 4694 3557 4764 quibus

1973 4765 2156 4823 datum
2183 4778 2267 4825 est
2305 4785 2489 4827 semen
2527 4772 2632 4829 hoc
2655 4776 2932 4845 spirituale
2960 4780 3228 4836 seminare
3249 4783 3480 4853 gaudere
3501 4795 3555 4841 et

1971 4862 2239 4919 exsultare
2271 4867 2551 4934 convenit,
2596 4867 2734 4938 quod
2765 4870 2817 4925 in
2866 4879 3007 4926 terra
3038 4882 3278 4930 serentes
3326 4879 3551 4932 messuri

1970 4956 2349 5014 sintincmlo:
2387 4967 2443 5014 et
2491 4975 2740 5017 nummos
2785 4963 3168 5033 expendentes,
3213 4978 3551 5036 peccatorum

1969 5048 2338 5104 remissionem
2366 5050 2630 5121 accipiant
2652 5060 2706 5108 et
2727 5051 2931 5108 fiducita
2956 5057 3234 5111 materiam
3257 5059 3550 5127 inveniant,

1968 5141 2318 5197 concilianles
2345 5142 2444 5198 sibi
2474 5156 2570 5214 per
2603 5157 2666 5198 ea
2710 5159 2829 5215 qua:
2871 5141 2959 5199 hic
2993 5146 3309 5217 largiuntur,
3357 5164 3551 5218 perle-

1969 5241 2110 5286 tuam
2160 5233 2393 5302 quietem
2418 5242 2474 5289 et
2500 5248 2622 5289 cum
2653 5235 2854 5292 sanctis
2880 5238 3364 5294 conversationem.
3410 5241 3475 5295 Et
3500 5241 3548 5295 si

1965 5324 2347 5380 continentiam
2400 5326 2599 5397 eligere
2638 5327 2866 5397 placeat,
2904 5342 3012 5384 non
3035 5337 3338 5400 spectemus
3368 5332 3546 5386 virtuti

1965 5414 2200 5471 laborem
2225 5416 2420 5482 inesse,
2452 5433 2516 5473 ac
2544 5419 2898 5489 virginitatem
2922 5435 3171 5491 magnum
3206 5422 3404 5479 habere
3431 5437 3548 5477 ecr-

1966 5518 2191 5564 tamen:
2241 5509 2335 5564 sed
2377 5525 2494 5565 eam
2534 5520 2906 5581 sortetn,qua:
2955 5526 3054 5567 nos
3103 5513 3349 5584 excipiet,
3402 5530 3546 5584 cogi.

1965 5610 2137 5656 tcmus
2186 5619 2199 5655 :
2249 5602 2383 5657 hanc
2429 5618 2644 5673 semper
2678 5603 2952 5658 nobiscum
3013 5616 3341 5673 reputantes,
3389 5607 3542 5662 mala:

1967 5690 2406 5762 concupiscentitc
2434 5693 2762 5781 refrenemus
2799 5694 2998 5750 rabiem
3025 5739 3039 5761 ,
3067 5696 3341 5752 vincamus
3366 5699 3542 5753 carnis
