4020 6136
292 301 398 356 359

290 416 503 481 σαυτὸν,
543 414 618 476 ὡς
638 415 778 481 ἕξεις
809 412 1138 484 κληρονόμον
1158 412 1249 466 τὸν
1280 413 1342 466 ἐκ
1365 412 1457 466 σοῦ
1494 412 1752 485 μέλλοντα
1777 413 1952 467 τίκτε-

289 503 434 555 σθαι.
472 498 603 556 Εἶτα
624 501 808 572 ἐπειδὴ
833 500 975 573 ὑπὲρ
998 500 1158 571 φύσιν
1186 496 1253 572 ἦν
1285 502 1316 571 ή
1344 500 1662 570 ἐπαγγελία,
1688 503 1783 553 καὶ
1807 501 1957 555 ἐνίκα

286 589 543 661 λογισμὸν
600 588 933 660 ἀνθρώπινον
980 587 1214 660 (πολλὴν
1250 590 1359 660 γάρ
1414 588 1563 658 αὐτῷ
1595 589 1829 641 ἐνεποίει
1858 589 1956 660 τὴν

287 675 456 747 ζάλην
476 677 543 730 τά
567 677 666 747 τῆς
690 676 903 743 φύσεως
936 675 1254 745 κωλύματα,
1291 676 1352 729 τὸ
1380 677 1556 747 γῆρας
1572 677 1632 730 τὸ
1656 676 1841 742 αὑτοῦ,
1858 678 1957 748 τῆς

286 762 466 834 Σάρας
490 764 521 832 ἡ
556 761 858 832 στείρωσις,
887 759 987 830 τῆς
1014 761 1227 832 μήτρας
1260 762 1293 832 ἡ
1322 760 1626 832 νέκρωσις)
1653 803 1667 824 ,
1700 762 1954 815 ἐπιτείνει

282 849 383 918 τῆς
407 848 736 916 ἐπαγγελίας
760 847 820 900 τὸ
854 846 1100 918 μέγεθος,
1138 847 1225 900 ἵνα
1250 847 1385 918 πρὸς
1424 848 1523 917 τὴν
1555 848 1646 900 τοῦ
1692 850 1953 917 ἐπαγγειο

283 932 517 1004 λαμένου
553 934 864 1003 φιλοτιμίαν
896 933 1114 1005 ἀφορῶν
1138 933 1361 1005 θαρρεῖν
1386 936 1414 987 ό
1442 935 1651 997 δίκαιος
1673 935 1790 1006 ἔχῃ.
1826 936 1954 1000 Ἕξ-

282 1020 471 1089 meare
493 1018 559 1073 δὲ
577 1018 764 1073 αὐτὸν
789 1019 924 1083 ἔξω,
949 1018 1103 1090 φησὶ,
1136 1019 1234 1072 καί
1268 1015 1438 1073 εἶπεν
1463 1014 1651 1086 αὐτῷ·
1689 1021 1953 1075 Ἀνάϐλε-

282 1110 409 1174 ψον
433 1109 520 1172 είς
534 1106 640 1160 τὸν
661 1105 940 1175 οὐρανὸν,
973 1105 1071 1159 καί
1100 1106 1438 1175 ἁρίθμησον
1464 1106 1606 1174 τοὺς
1663 1109 1948 1176 ἀστέρας,

279 1197 336 1248 εί
369 1194 609 1262 δυνήσῃ
631 1192 1027 1263 ἐξαριθμῆσαι
1077 1194 1320 1260 αὐτούς.
1369 1194 1483 1248 Καὶ
1517 1191 1684 1249 εἶπεν
1705 1213 1718 1226 ο
1757 1197 1953 1261 Οὕτως

283 1281 453 1333 ἐσται
485 1278 553 1333 τὸ
593 1278 833 1348 σπέρμα
884 1295 1022 1333 σου.
1067 1279 1175 1332 Καὶ
1203 1279 1568 1334 ἐπίστευσεν
1609 1283 1667 1334 Ἀ
1676 1283 1826 1349 θραμ
1873 1283 1953 1346 τῷ

284 1365 427 1431 Θεῷ,
450 1365 549 1420 καὶ
574 1365 862 1434 ἐλογίσθη
885 1363 1044 1430 αὐτῷ
1065 1367 1154 1431 είς
1183 1364 1594 1434 δικαιοσύνην.
1619 1367 1775 1430 Τίνος
1793 1367 1951 1420 ἐνεκα

279 1455 683 1524 ἐπεσημήνατο,
715 1452 795 1525 δτι
839 1451 1166 1522 Ἑξήγαγεν
1187 1451 1373 1506 αὐτὸν
1415 1452 1561 1518 ἔξω
1594 1453 1810 1525 Ἐπειδὴ
1842 1453 1949 1525 γὰρ

280 1523 538 1611 ἀνωτέρω
565 1523 744 1616 εἶπεν)
761 1540 843 1593 ὅτι
879 1542 938 1594 ἐν
962 1539 1197 1610 ὁράματι
1217 1539 1317 1610 τῆς
1352 1540 1543 1605 νυκτὸς
1585 1539 1768 1609 ὀφθεὶς
1800 1523 1950 1611 αὑτῷ

280 1630 352 1684 τά
368 1631 503 1700 πρὸς
519 1630 679 1683 αὑτὸν
693 1630 987 1699 ἐποιήσατο
1015 1629 1256 1700 ῥήματα,
1285 1627 1530 1699 βούλεται
1550 1628 1607 1681 δὲ
1622 1628 1768 1700 αὑτῷ
1782 1629 1950 1694 δεῖξαι

280 1717 389 1771 τῶν
415 1718 658 1788 ἀστέρων
686 1717 793 1771 τῶν
822 1718 880 1771 ἐν
904 1716 982 1788 τῷ
1005 1715 1220 1787 ούρανῷ
1243 1716 1307 1768 τὸ
1330 1716 1724 1791 ἀναρίθμητον,
1764 1717 1948 1786 φησὶν,

295 1805 623 1874 Ἐξήγαγεν
650 1804 836 1859 αὐτόν
852 1804 989 1870 ἔξω,
1010 1803 1109 1858 καὶ
1129 1800 1299 1857 εἷπεν
1314 1820 1329 1836 ο
1361 1803 1723 1872 Ἀνάϐλεψον
1740 1806 1828 1870 εἰς
1850 1804 1953 1858 τὸν

282 1893 563 1960 οὐρανὸν,
601 1893 700 1946 καὶ
730 1893 1072 1961 ἀρίθμησον
1106 1891 1249 1964 τρὺς
1288 1891 1580 1959 ἀστέρας,
1620 1893 1670 1945 εὶ
1710 1890 1950 1963 δυνήσῃ

281 1979 676 2050 ἐξαριθμῆσαι
723 1980 964 2046 αὐτούς.
1018 1978 1129 2033 Καὶ
1187 1976 1389 2033 εἶπεν
1438 1978 1637 2045 Οὕτως
1680 1979 1850 2033 ἔσται
1888 1980 1950 2033 τὸ

280 2067 520 2135 σπέρμα
538 2080 674 2122 σου.
709 2066 868 2134 Μέγα
888 2068 951 2118 τὸ
981 2065 1324 2137 ἐπάγγελμα,
1347 2064 1481 2119 πολὺ
1513 2065 1574 2119 τὸ
1605 2065 1833 2136 μέγεθος
1853 2069 1954 2137 τῆς

280 2153 625 2223 ὑποσχέσεως
648 2167 662 2181 ⁸
725 2152 837 2207 ἀλλ’
889 2152 984 2206 ἐὰν
1028 2152 1128 2224 τὴν
1163 2151 1391 2223 δύναμιν
1441 2150 1535 2206 τοῦ
1582 2152 1950 2224 ὑποσχομένου

286 2239 643 2310 ἐννοήσωμεν,
678 2239 827 2292 οὐδὲν
848 2241 978 2310 ἡμῖν
1012 2242 1260 2309 φανεῖται
1296 2238 1456 2312 μέγα.
1500 2239 1559 2292 '0
1589 2240 1699 2313 γάρ
1719 2241 1828 2293 ἀπὸ
1850 2241 1952 2311 γῆς

283 2327 444 2397 σῶμα
469 2325 789 2390 διαπλάσας,
812 2327 907 2379 καὶ
932 2328 995 2380 ἐκ
1015 2325 1109 2379 τοῦ
1141 2325 1218 2397 μὴ
1242 2326 1392 2391 ὄντος
1415 2328 1496 2390 είς
1524 2327 1585 2381 τὸ
1607 2323 1746 2382 εἶναι
1774 2345 1961 2400 παρα--

280 2413 488 2483 γαγὼν,
522 2413 617 2466 καὶ
648 2413 1055 2484 δημιουργήσας
1112 2413 1326 2467 ἅπαντα
1376 2412 1447 2467 τά
1477 2413 1750 2487 ὁρώμενα,
1796 2410 1951 2482 οὗτος

281 2502 377 2555 καὶ
409 2502 476 2556 τὰ
509 2501 650 2573 ὑπὲρ
671 2500 832 2570 φύσιν
865 2500 1190 2574 χαρίσασθαι
1221 2501 1526 2572 δυνήσεται.

353 2587 577 2659 ε’.1’570]
596 2584 746 2651 Εἶδες
766 2587 1032 2640 Δεσπότου
1050 2586 1380 2657 φιλοτιμίαν;
1403 2586 1623 2659 Ἐπειδὴ
1646 2589 1754 2660 γάρ
1775 2585 1950 2657 εἶπεν,

293 2675 651 2741 Ἀπολύομαι
680 2672 951 2738 ἄτεκνος,
977 2673 1070 2726 κα)⁵
1101 2672 1302 2726 ὡσανεὶ
1323 2674 1451 2744 περὶ
1474 2674 1641 2738 αὑτάς
1669 2675 1761 2730 τοῦ
1786 2676 1952 2731 θανά-

281 2778 374 2815 του
413 2760 513 2824 τάς
542 2759 710 2830 θύρας
734 2760 1037 2830 τυγχάνων,
1078 2760 1172 2812 καί¹
1201 2760 1300 2813 οὑκ
1339 2759 1420 2813 ἔτι
1456 2760 1639 2815 λοιπὸν
1661 2762 1952 2832 ἐνεργῆσαι

280 2848 579 2918 δυνάμενος
626 2846 764 2916 πρὸς
808 2845 1170 2907 παιδοποιίαν,
1215 2844 1356 2899 οὕτω
1384 2846 1454 2901 τά
1505 2847 1726 2918 ῥήματα
1773 2850 1952 2902 ἐκεῖνα

282 2935 564 3005 προήκατο
588 2932 784 3000 λέγων,
814 2931 896 2985 ὅτι
936 2933 1000 2985 '0
1033 2932 1164 2997 υίὸς
1202 2930 1402 2993 Μαζὲκ
1445 2931 1549 3002 τῆς
1606 2934 1954 3003 οἰκογενοῦς

277 3038 397 3091 μου
453 3017 894 3087 κληρονομήσει
932 3037 1028 3088 με.
1079 3019 1180 3071 Διά
1222 3018 1379 3071 τοῦτο
1440 3019 1742 3090 ἀναστῆσαι
1786 3020 1951 3074 αὑτοῦ

285 3107 607 3177 βουλόμενος
638 3105 699 3158 τὸ
751 3106 1027 3177 φρόνημα,
1064 3106 1157 3158 καὶ
1187 3105 1506 3176 ἀκμάζοντα
1548 3106 1640 3160 τὸν
1694 3106 1952 3178 λογισμὸν

282 3193 641 3267 ἐργάσασθαι,
668 3193 762 3246 καὶ¹
789 3192 883 3245 τοῦ
912 3191 1064 3255 δέους
1091 3192 1253 3246 αὑτὸν
1272 3192 1601 3247 ἀπαλλάττει
1623 3194 1716 3247 τοῦ
1744 3196 1953 3249 ἐπικει-

287 3283 470 3352 μένου,
500 3281 594 3335 καὶ
643 3283 708 3351 τῇ
755 3280 1047 3348 ὑποσχέσει
1082 3279 1304 3350 ἀνορθοῖ
1350 3281 1515 3334 αὑτοῦ
1562 3281 1660 3352 τὴν
1692 3282 1949 3348 διάνοιαν,

284 3371 378 3425 καὶ
404 3369 483 3441 τῷ
513 3368 852 3440 μεγέθει,τῆς
879 3367 1107 3439 δωρεᾶς,
1135 3369 1230 3421 καὶ
1256 3367 1334 3439 τῷ
1361 3369 1635 3434 ὑποδεῖξαι
1658 3371 1765 3425 τῶν
1786 3370 1951 3425 ἀστέ-

286 3475 396 3531 ρων
418 3458 480 3511 τδ
512 3456 734 3527 πλῆθος,
771 3456 867 3509 καὶ
895 3454 1081 3526 ἐξίσης
1100 3456 1305 3509 τούτων
1330 3456 1758 3526 ἐπαγγείλασθαι
1800 3459 1953 3530 γενή-

286 3545 474 3600 σεσθαι
508 3544 632 3609 τοὺς
662 3542 1033 3613 τικτομένους,
1062 3544 1142 3606 είς
1169 3543 1410 3614 χρηστάς
1442 3544 1647 3614 ἢγαγεν
1672 3545 1832 3599 αὑτὸν
1867 3545 1952 3599 ἐλ-

286 3631 463 3696 πίδας.
499 3630 672 3703 Ὁρῶν
717 3630 827 3699 γὰρ
859 3628 955 3683 τοῦ
996 3628 1266 3683 Δεσπότου
1317 3630 1415 3700 τὴν
1444 3631 1775 3700 ἐπαγγελίαν
1798 3650 1819 3697 ,'
1858 3633 1953 3685 καὶ

289 3719 465 3774 πάντα
518 3716 855 3788 ἀνθρώπινον
887 3716 1145 3787 λογισμὸν
1187 3717 1635 3786 ἀποσεισάμενος,
1689 3719 1783 3771 καὶ
1828 3718 1952 3772 οὗτε

288 3807 425 3879 πρὸς
451 3805 638 3859 ἐαυτὸν
671 3803 812 3865 ίδὼν,
847 3801 970 3857 οὔτε
996 3803 1132 3874 πρὸς
1165 3803 1261 3874 τὴν
1305 3804 1484 3874 Σάραν
1518 3803 1739 3858 πλείονα
1779 3806 1950 3859 κωλύο

289 3911 437 3968 ματα
462 3894 710 3965 ἔχουσαν,
741 3889 879 3944 ἀλλά
904 3888 976 3944 τὰ
1010 3889 1325 3960 ἀνθρώπινα
1350 3890 1526 3944 πάντα
1565 3892 1827 3964 ὑπερϐὰς,
1862 3897 1954 3948 καὶ

286 3982 443 4045 εἰδὼς
467 3981 548 4034 ὅτι
569 3977 789 4039 δυνατὸς
808 3976 837 4030 ὁ
861 3976 992 4039 Θεὸς
1018 3976 1113 4031 καὶ⁸
1135 3976 1205 4030 τά
1227 3977 1366 4048 ὑπὲρ
1399 3978 1559 4047 φύσιν
1586 3979 1950 4051 δωρήσασθαι,

287 4069 559 4140 ἐθάρρησε
584 4068 697 4129 τοῖς
718 4065 1048 4136 εἰρημένοις,
1083 4064 1176 4117 καὶ
1203 4064 1455 4134 οὐδεμίαν
1484 4064 1812 4134 ἀμφιϐολίαν
1841 4067 1955 4123 ἐδέ-

288 4156 436 4223 ξατο,
466 4155 589 4209 οὑδέ
618 4154 863 4209 ἐδίστασε
891 4152 1028 4224 πρὸς
1050 4153 1115 4205 τά
1148 4150 1400 4222 ῥηθέντα.
1426 4150 1596 4204 Τοῦτο
1615 4153 1725 4224 γὰρ
1739 4153 1954 4226 ἀληθῶς

287 4245 543 4309 πίστεως,
573 4243 702 4295 ὅταν
737 4240 812 4311 μὴ
843 4239 984 4294 κατά
1008 4236 1354 4310 ἀνθρωπίνην
1381 4238 1702 4293 ἀκολουθίαν
1729 4243 1954 4313 γινομέ-

287 4348 387 4403 νης
413 4332 514 4401 τῆς
536 4326 883 4397 ἐπαγγελίας,
913 4328 1075 4398 ήμεῖς
1100 4324 1391 4396 θαρρῶμεν
1417 4327 1484 4395 τῇ
1518 4325 1611 4378 τοῦ
1643 4327 1952 4400 ὑποσχομέ.

287 4436 380 4473 νου
435 4416 681 4487 δυνάμει.
712 4414 922 4479 Πίστις
961 4411 1068 4482 γάρ
1090 4412 1243 4476 ἐστι,
1288 4410 1468 4474 καθὼς
1504 4413 1599 4487 καὶ
1629 4414 1659 4465 ὁ
1686 4416 1955 4486 μακάριος

291 4436 380 4473 νου
435 4429 681 4487 δυνάμει.
712 4429 922 4479 ιιιστις
961 4429 1068 4482 γαρ
1090 4429 1243 4476 εστι,
1288 4429 1468 4474 καυως
1504 4430 1538 4465 κ
1582 4429 1599 4463 ι
1629 4429 1659 4465 ο
1686 4429 1951 4486 μακάριος

291 4503 499 4567 Παῦλός
541 4517 725 4573 φησιν,
760 4499 1157 4569 ἐλπιζομένων
1198 4429 1951 4597 ὑπόστασιςῖτραγμάτων,

287 4592 537 4660 ἔλεγχος
571 4589 644 4643 οὐ
663 4586 1064 4655 ,ϐλεπομένων
1083 4600 1096 4613 '
1128 4585 1222 4637 καὶ
1244 4585 1402 4639 πάλιν
1420 4602 1434 4616 ·
1470 4585 1545 4639 ⁸0³
1585 4587 1695 4657 γὰρ
1733 4588 1954 4653 ,ϐλέπει

287 4694 402 4744 τις,
441 4677 498 4729 τί
536 4676 636 4730 καὶ
684 4673 906 4735 ἐλπίζει
919 4690 938 4739 ;
979 4673 1186 4726 Ἐκεῖνο
1220 4673 1397 4727 τοίνυν
1435 4674 1553 4727 ἐστὶ
1594 4674 1793 4740 πίστις,
1824 4678 1953 4732 ὅταν

288 4760 519 4824 ἐκείνοις
572 4762 917 4832 πιστεύωμεν
970 4763 1083 4824 τοῖς
1149 4760 1222 4832 μὴ
1253 4759 1620 4831 βλεπομένοις,
1674 4763 1811 4827 πρὸς
1853 4765 1954 4836 τὴν

288 4848 629 4917 ἀξιοπιστίαν
657 4847 751 4901 τοῦ
783 4847 1250 4918 ἐπαγγειλαμένου
1275 4846 1374 4917 τὴν
1402 4848 1636 4902 διάνοιαν
1657 4850 1951 4917 τείναντεςο

287 4937 317 4991 ὃ
347 4936 412 5006 δὴ
439 4935 533 4989 καὶ
556 4936 584 4988 ό
611 4933 812 4997 δίκαιος
835 4927 990 5005 οὑτος
1036 4935 1323 5004 πεποίηκε,
1381 4935 1579 5007 πολλὴν
1608 4938 1700 4990 καὶ
1726 4940 1954 5010 γνησίαν

290 5024 472 5077 πίστιν
499 5020 905 5090 ἐπιδειξάμενος
952 5022 1082 5092 περὶ
1106 5020 1176 5075 τά
1229 5022 1660 5090 ἐπαγγελθέντα·
1692 5025 1760 5079 δι’
1805 5026 1834 5079 ὃ
1862 5029 1955 5081 καὶ

289 5108 719 5181 ἀνακηρύττεται
784 5106 886 5160 ὑπὸ
937 5108 1031 5178 τῆς
1079 5107 1227 5173 θείας
1274 5109 1523 5181 Γραφῆς·
1556 5112 1805 5184 ἐπήγαγε
1847 5114 1955 5186 γὰρ

292 5197 515 5261 εὐθέως,
540 5194 657 5251 Καὶ
695 5195 1062 5248 ἐπίστευσεν
1089 5195 1304 5264 Ἅϐραμ
1335 5195 1415 5262 τῷ
1459 5196 1605 5263 Θεῷ,
1643 5199 1739 5254 καὶ
1767 5200 1958 5270 mort.

291 5288 411 5352 σθη
449 5283 607 5348 αὐτῷ
635 5284 720 5347 εὶς
753 5280 1167 5348 δικαιοσύνην.
1209 5277 1360 5345 Εῐδες
1410 5283 1531 5346 πῶς
1577 5286 1671 5339 καὶ
1720 5286 1826 5356 πρὸ
1857 5288 1956 5357 τῆς

293 5371 572 5433 ἐκϐάσεως
614 5368 723 5423 τῶν
748 5356 1213 5437 ἐπαγγελθέντων,
1244 5367 1331 5420 ἐπ’
1377 5369 1522 5439 αὑτῷ
1544 5370 1623 5441 τῷ
1674 5356 1956 5429 «massa;

291 5456 568 5530 ἀρκοῦσαν
618 5457 716 5525 τὴν
775 5452 1008 5525 ἀμοιϐὴν
1036 5452 1289 5520 manu;
1342 5455 1435 5518 Εἰς
1478 5457 1586 5527 γὰρ
1613 5456 1958 5529 δικαιοσύνην

296 5543 442 5613 αὐτῷ
473 5542 723 5613 ἐλογίσθη
744 5541 804 5595 τὸ
832 5539 1119 5594 πιστεῦσαι
1138 5543 1204 5611 τῇ
1237 5541 1384 5611 παρά
1412 5541 1508 5595 τοῦ
1553 5543 1688 5597 Θεοῦ
1722 5547 1959 5615 ἐπαγγε-

291 5630 404 5702 λίᾳ,
432 5630 624 5700 καὶμὴ
648 5627 926 5699 λογισμοῖς
974 5625 1336 5697 ἀνθρωπίνοις
1387 5631 1850 5700 περιεργάσασθαι
1889 5634 1958 5688 τά

290 5716 439 5785 παρά
467 5716 561 5772 τοῦ
590 5715 724 5771 Θεοῦ
772 5713 921 5786 αὐτῷ
974 5714 1257 5785 εἰρημένα.
1312 5716 1701 5784 Παιδευώμεθα
1753 5720 1950 5789 τοίνυν,

1345 296 1413 352 IN
1450 296 1603 354 CAP.
1644 293 1739 351 XV
1780 292 2023 351 GENES.
2064 292 2299 355 HOMIL.
2332 299 2571 356 XXXVI.

3617 312 3723 367 5ίο

2064 412 2385 483 παρακαλῶ,
2440 416 2534 467 καὶ
2583 416 2744 487 ἡμεῖς
2777 416 2927 490 παρά
2955 417 3047 472 τοῦ
3081 419 3416 492 πατριάρχου
3446 423 3722 479 πιστεύειν

2057 503 2167 564 τοῖς
2203 500 2352 571 παρά
2380 502 2473 554 τοῦ
2504 502 2636 556 Θεοῦ
2687 504 3019 576 εἰρημένοις,
3053 506 3148 559 καὶ
3195 510 3314 571 ταῖς
3363 508 3721 579 ὑποσχέσεσιν

2058 587 2220 642 αὑτοῦ
2259 590 2500 662 θαρρεῖν,
2544 591 2638 644 καὶ
2697 591 2772 664 μὴ
2793 595 2905 656 τοῖς
2936 594 3154 658 οἰκείοις
3177 595 3453 664 λογισμοῖς
3485 614 3720 654 κατακο-

2057 676 2287 742 λουθεῖν,
2319 678 2413 731 καὶ
2465 679 2663 750 πολλὴν
2694 680 2792 751 τὴν
2823 682 3237 755 εὐγνωμοσύνην
3292 684 3714 740 ἐπιδείκνυσθαι.

2059 763 2226 816 Τοῦτο
2251 764 2358 836 γάρ
2391 767 2538 837 ἡμᾶς
2570 768 2663 820 καὶ
2694 767 2932 831 δικαίους
2966 769 3239 839 ἀποφῆναι
3269 770 3553 842 δυνήσεται
3574 810 3588 835 ,
3623 772 3719 827 καὶ

2055 848 2263 920 ταχέως
2290 853 2693 923 παρασκευάσει
2739 854 2848 908 τῶν
2901 858 3031 926 παρ’
3075 856 3238 911 αὑτοῦ
3296 859 3719 931 ἐπηγγελμένων

2056 936 2350 1007 ἐπιτυχεῖν.
2405 939 2562 994 Ἀλλά
2587 940 2664 1011 τῷ
2700 941 2798 1011 μὲν
2836 941 3083 1013 Ἀϐραάμ
3126 944 3490 1013 ἐπηγγείλατο
3531 949 3597 1001 ἐκ
3623 947 3718 1001 τοῦ

2057 1023 2367 1095 σπέρματος
2389 1027 2551 1080 αὑτοῦ
2571 1027 2860 1098 ὁλόκληρον
2879 1028 3076 1100 πλῆθος
3101 1032 3445 1101 γενήσεσθαι,
3464 1033 3558 1086 καὶ
3579 1033 3719 1106 ὑπὲρ

2056 1109 2214 1179 φύσιν
2238 1112 2332 1162 καὶ
2367 1112 2681 1166 ἀκολουθίαν
2710 1115 3052 1187 ἀνθρωπίνην
3072 1117 3141 1170 τά
3161 1118 3258 1188 τῆς
3282 1118 3608 1186 ἐπαγγελίας
3627 1115 3718 1191 ἦν,

2053 1196 2119 1248 δι’
2149 1196 2178 1249 ὃ
2206 1198 2298 1250 καὶ
2327 1200 2358 1267 ἡ
2399 1198 2579 1278 πίστις
2617 1202 2651 1270 ἡ
2694 1201 2822 1271 περὶ
2849 1202 3011 1256 αὑτὸν
3039 1203 3139 1274 τὴν
3173 1204 3518 1276 δικαιοσύνην
3569 1207 3718 1278 αὑτῷ

2053 1283 2307 1352 ἐκόμισεν
2339 1301 2349 1312 ·
2390 1276 2519 1355 ἡμῖν
2555 1286 2633 1348 δὲ,
2671 1286 2765 1340 ἐὰν
2798 1290 3055 1359 νήφωμεν
3076 1329 3091 1351 ,
3124 1289 3304 1360 πολλῷ
3339 1291 3561 1361 μείζονα
3589 1276 3718 1347 ὑπέν-

2054 1387 2230 1442 σχετο,
2256 1371 2349 1424 καὶ
2372 1372 2551 1442 πολλῷ
2570 1372 2647 1443 τῷ
2676 1374 2858 1446 μέτρῳ
2885 1377 3010 1439 τοὺς
3030 1376 3400 1448 ἀνθρωπίνους
3429 1380 3720 1451 λογισμοὺς

2053 1453 2474 1525 ὑπερακοντίσαι
2521 1454 2831 1526 δυνάμεθαο
2867 1458 3027 1527 μόνον
3063 1460 3159 1513 ἐὰν
3214 1461 3601 1532 πιστεύσωμεν
3654 1465 3717 1535 τῇ

2052 1539 2142 1591 τοῦ
2178 1541 2543 1612 ὑποσχομένου
2581 1543 2826 1615 δυνάμει,
2868 1544 2954 1599 ἵνα
3006 1547 3099 1599 καὶ
3139 1547 3236 1618 τὴν
3265 1549 3328 1601 ἐκ
3372 1549 3605 1612 πίστεως
3636 1549 3718 1602 δι-

2053 1626 2342 1699 καιοσύνην
2372 1629 2745 1701 κομισώμεθα,
2777 1631 2871 1685 καὶ
2897 1631 3006 1687 τῶν
3042 1634 3473 1704 ἐπηγγελμένων
3499 1635 3720 1703 ἀγαθῶν

2053 1713 2413 1785 ἐπιτύχωμεν.
2444 1716 2523 1769 Τά
2544 1716 2653 1788 γάρ
2675 1718 2805 1789 ἡμῖν
2837 1717 3071 1788 μάλιστα
3098 1720 3523 1788 ἐπαγγελθέντα,
3544 1722 3720 1774 πάντα

2054 1800 2310 1871 λογισμὸν
2347 1802 2682 1874 ἀνθρώπινον
2720 1806 2865 1876 νικᾷ,
2918 1805 3012 1858 καὶ
3049 1809 3229 1860 πᾶσαν
3281 1807 3517 1860 διάνοιαν
3549 1807 3721 1879 ὑπερ-

2054 1888 2226 1944 ϐαίνει
2247 1908 2260 1921 ο
2299 1891 2447 1964 [571]
2474 1891 2698 1947 τοσοῦτο
2718 1894 2826 1947 τῶν
2872 1895 3216 1965 ὑποσχέσεων
3245 1897 3356 1950 ζ’στι
3384 1897 3445 1951 τὸ
3472 1897 3719 1968 μέγεθος.

2053 1976 2345 2070 Θὺδὲὲγάρ
2375 1980 2444 2070 τά
2478 1983 2535 2033 ἐν
2558 1978 2925 2070 *τῷίπαρόντι
2977 1984 3134 2054 μόνον
3167 1984 3452 2053 ὑπέσχετο,
3502 1985 3595 2038 καὶ
3622 1985 3722 2055 τῆς

2053 2065 2283 2120 ἐνταῦθα
2328 2066 2473 2137 ζωῆς
2519 2067 2616 2139 τὴν
2665 2065 2941 2133 σύστασιν,
2992 2071 3086 2124 καὶ
3118 2071 3217 2139 τὴν
3266 2070 3563 2125 ἀπόλαυσιν
3611 2071 3721 2141 τῶν

2051 2153 2361 2225 ὁρωμένων,
2389 2153 2526 2207 ἀλλά
2552 2155 2642 2208 καὶ
2674 2156 2812 2226 μετά
2852 2157 2949 2229 τὴν
2998 2156 3245 2210 ἐντεῦθεν
3274 2156 3449 2221 ἔξοδον
3501 2158 3595 2210 καὶ
3621 2157 3724 2228 τὴν

2052 2241 2160 2294 τῶν
2192 2242 2458 2312 σωμάτων
2484 2242 2711 2312 φθορὰν,
2742 2243 2959 2297 ἐπειδάν
2981 2245 3060 2307 είς
3081 2243 3284 2315 τέφραν
3314 2245 3407 2297 καὶ
3443 2244 3588 2298 κόνιν
3611 2243 3724 2298 δια-

2052 2327 2187 2399 λυθῇ
2210 2328 2366 2399 ήμῶν
2399 2327 2468 2381 τά
2494 2329 2740 2399 σώματα,
2771 2329 2890 2383 τότε
2921 2331 3243 2399 ἀναστήσειν
3273 2330 3412 2384 αὑτά
3455 2330 3719 2400 ἐπηγγεί-

2052 2415 2203 2479 λατο,
2231 2416 2407 2469 καὶέν
2435 2416 2641 2486 μείζονι
2668 2417 2793 2488 δόξῃ
2832 2420 3212 2490 καταστήσειν.
3245 2418 3345 2472 Δεῖ
3377 2417 3487 2486 τὰρ
3510 2457 3525 2482 ,
3559 2419 3724 2489 φησιν

2052 2506 2081 2558 ό
2114 2505 2378 2576 μακάριος
2413 2504 2643 2567 Παῦλος,
2699 2504 2767 2559 τὸ
2820 2507 3085 2576 φθαρτὸν
3122 2507 3297 2560 τοῦτο
3347 2505 3720 2560 ἐνδύσασθαι

2052 2593 2412 2663 ἀφθαρσίαν,
2432 2595 2535 2649 καὶ
2569 2593 2635 2647 τὸ
2667 2595 2890 2662 θνητόν
2910 2593 3084 2648 τοῦτο
3102 2595 3474 2650 ἐνδύσασθαι
3501 2596 3721 2650 ἀθανα-

2053 2681 2216 2733 σίαν.
2251 2678 2361 2733 Καὶ
2398 2678 2538 2748 μετά
2562 2680 2660 2750 τὴν
2691 2679 2798 2732 τῶν
2824 2680 3090 2750 σωμάτων
3115 2681 3409 2735 ἀνάστασιν
3443 2683 3542 2753 τῆς
3569 2680 3722 2751 βασι-

2053 2767 2203 2831 λείας
2241 2768 2372 2837 ἡμῖν
2400 2766 2496 2836 τὴν
2531 2766 2832 2821 ἀπόλαυσιν
2858 2767 3142 2857 δωρεῖσφιι
3190 2768 3472 2838 ὑπέσχετο,
3504 2770 3599 2822 καὶ
3623 2769 3721 2838 τὴν

2057 2856 2195 2925 μετά
2237 2854 2344 2907 τῶν
2375 2854 2549 2923 ἀγίων
2596 2854 2891 2925 διαγωγὴν,
2928 2857 3023 2908 καὶ
3060 2854 3158 2926 τὴν
3207 2859 3264 2910 ἐν
3299 2857 3536 2927 διηνεκεῖ
3566 2855 3720 2909 αἰῶνι

2054 2942 2372 3006 ἀπόλαυσιν,
2403 2943 2492 2995 καὶ
2527 2943 2594 2996 τά
2620 2942 2906 3015 ἀπόρρητα
2940 2945 3122 2996 ἐκεῖνα
3142 2944 3339 3013 ἀγαθὰ,
3391 2946 3451 2999 Ἀ
3490 2944 3719 3012 ὀφθαλ-

2049 3029 2165 3099 μὸς
2196 3031 2307 3083 οὐκ
2335 3025 2477 3092 εἶδε,
2509 3030 2605 3083 καὶ
2636 3026 2747 3095 οὖς
2770 3032 2881 3084 οὐκ
2915 3029 3166 3100 ἤκουσε,
3203 3032 3302 3084 καὶ
3329 3031 3426 3084 ἐπὶ
3469 3029 3721 3099 καρδίαν

2053 3115 2366 3184 ἀνθρώπου
2410 3119 2521 3171 οὐκ
2553 3117 2757 3185 ἀνέϐη.
2789 3112 2943 3181 Εἶδες
2993 3118 3133 3190 πόση
3167 3119 3275 3172 τῶν
3307 3118 3649 3189 ὑποσχέσεων
3685 3119 3722 3188 ἡ

2055 3205 2361 3277 ὑπερϐολή;
2396 3201 2534 3269 εἶδες
2566 3204 2782 3276 δωρεῶν
2818 3205 3082 3276 μέγεθος;

2127 3301 2200 3358 ς’.
2223 3293 2407 3345 Ταῦτα
2429 3292 2752 3357 ἐννοοῦντες,
2775 3292 2867 3346 καὶ
2885 3292 3084 3355 ειδότες
3099 3292 3156 3345 τὸ
3178 3290 3403 3362 ἀψευδὲς
3421 3291 3515 3345 τοῦ
3544 3293 3718 3360 ἐπαγ-

2053 3379 2395 3451 γειλαμένου,
2427 3379 2564 3450 μετά
2595 3379 2901 3450 προθυμίας
2923 3381 3056 3451 πρὸς
3083 3381 3209 3443 τοὺς
3229 3382 3326 3450 τῆς
3351 3381 3548 3450 ἀρετῆς
3568 3379 3718 3447 ἀγῶ-

2053 3486 2148 3531 νας
2182 3467 2563 3537 ἀποδυώμεθα,
2616 3468 2702 3521 ἵνα
2734 3470 2828 3521 καὶ
2874 3468 2980 3522 τῶν
3036 3468 3458 3544 ἐπηγγελμένων
3498 3466 3719 3537 ἀγαθῶν

2051 3554 2354 3611 ἀπολαῦσαι
2377 3553 2711 3624 δυνηθῶμεν,
2734 3556 2827 3608 καὶ
2854 3554 2926 3626 μὴ
2953 3554 3304 3624 προτιμῶμεν
3332 3555 3426 3623 τῆς
3445 3554 3719 3626 ἡμετέρας

2055 3642 2329 3712 σωτηρίας
2354 3640 2448 3694 καὶ
2479 3641 2584 3692 τῶν
2616 3639 2880 3693 τοσούτων
2911 3640 3131 3708 ἀγαθῶν
3156 3640 3252 3710 τῆς
3279 3640 3624 3703 ἀπολαύσεως
3652 3641 3722 3695 τά

2056 3729 2384 3799 πρόσκαιρα,
2421 3726 2553 3796 μηδέ
2587 3726 2713 3789 τοὺς
2757 3725 2955 3790 πόνους
2980 3726 3079 3796 τῆς
3100 3726 3298 3798 ἀρετῆς
3337 3725 3676 3796 λογιζώμεθα
3701 3768 3716 3791 ,

2056 3814 2193 3869 ἀλλά
2250 3813 2350 3876 τὰς
2404 3813 2700 3875 ἀντιδόσεις
2752 3811 3047 3883 ἐννοῶμενο
3092 3813 3227 3883 μηδὲ
3279 3814 3390 3866 τῶν
3424 3816 3718 3883 χρημάτων

2035 3904 2154 3972 ,τὴν
2199 3901 2444 3970 δαπάνην
2472 3901 2603 3971 ὁρᾷν
2635 3897 2971 3970 βουλώμεθα,
3000 3900 3220 3952 ἐπειδάν
3246 3899 3341 3970 δέῃ
3388 3900 3557 3953 ταῦτα
3607 3902 3719 3962 τοῖς

2058 3989 2251 4059 πένησι
2281 3987 2482 4049 δοῦναι,
2510 3986 2645 4041 ἀλλά
2670 3986 2767 4056 τὴν
2815 3986 3063 4040 ἐντεῦθεν
3110 3988 3399 4058 γινομένην
3438 3988 3714 4060 πρόσοδον.

2057 4075 2154 4129 Διά
2177 4076 2286 4142 γὰρ
2316 4074 2473 4129 τοῦτο
2503 4072 2581 4145 τῷ
2632 4074 2818 4145 σπόρῳ
2855 4074 2953 4144 τὴν
2985 4073 3351 4144 ἐλεημοσύνην
3385 4075 3719 4146 παρείκασεν

2058 4164 2092 4234 ἡ
2119 4161 2237 4214 θεία
2260 4160 2465 4232 Γραφὴ.
2483 4161 2569 4213 ἵνα
2601 4159 2739 4231 μετά
2761 4162 2935 4230 χαράς
2958 4160 3051 4212 καὶ
3072 4160 3267 4230 πολλῆς
3293 4161 3389 4231 τῆς
3412 4160 3720 4231 προθυμίας

2056 4247 2224 4319 αὑτὴν
2253 4246 2631 4319 ἐργαζώμεθα.
2658 4247 2719 4300 El
2744 4250 2853 4318 γάρ
2880 4247 2929 4299 οἱ
2956 4249 3021 4317 τῇ
3049 4249 3118 4317 γῇ
3141 4246 3208 4300 τά
3234 4247 3520 4317 σπέρματα
3544 4263 3722 4317 παρα-

2056 4334 2490 4403 κατατιθέμενοι,
2533 4333 2629 4386 καὶ
2650 4332 2719 4386 τὰ
2764 4333 3074 4404 συνηγμένα
3104 4333 3196 4386 καὶ
3216 4332 3360 4385 ἔνδον
3384 4333 3723 4403 ἀποκείμενα

2059 4420 2441 4490 σκορπίζοντες
2477 4420 2616 4490 μετά
2644 4421 2817 4491 χαρᾶς
2844 4422 3000 4474 τοῦτο
3022 4420 3457 4490 διαπράττονται,
3482 4421 3576 4474 καὶ
3600 4424 3721 4483 ταῖς

2055 4512 2321 4582 χρησταῖς
2350 4507 2529 4561 ἐλπίσι
2574 4494 2894 4579 τρεφόμενοι
2923 4507 3023 4578 ήδη
3063 4506 3133 4560 τὰ
3162 4507 3447 4577 δράγματα
3488 4506 3583 4559 καὶ
3620 4505 3724 4577 τὴν.

2057 4598 2171 4651 ἆλω
2194 4594 2627 4666 πεπληρωμένην
2650 4594 2763 4657 τοῖς
2790 4592 3068 4665 λογισμοῖς
3099 4594 3473 4664 ὑπογράφουσι
3493 4609 3507 4625 ο
3540 4593 3726 4669 πολλῷ

2056 4682 2120 4755 δὴ
2149 4681 2347 4753 μᾶλλον
2365 4681 2492 4741 τοὺς
2513 4679 2603 4733 τὸν
2634 4679 2833 4751 σπόρον
2854 4677 3039 4733 τοῦτον
3058 4680 3148 4734 τὸν
3178 4679 3540 4751 πνευματικὸν
3563 4680 3718 4732 σπεί-

2059 4788 2173 4843 ρειν
2204 4767 2659 4838 καταξιουμένους
2697 4766 2905 4838 χαίρειν
2944 4765 3039 4819 καὶ
3088 4765 3380 4836 γεγηθέναι
3429 4766 3723 4837 προσήκει,
3762 4815 3777 4829 ,

2056 4861 2137 4914 ὅτι
2169 4858 2261 4912 ἐπὶ
2290 4859 2393 4929 γῆς
2424 4857 2772 4928 σπείροντες,
2824 4858 2881 4910 ἐν
2906 4855 3120 4926 οὐρανῷ
3158 4854 3393 4951 θερίζειν
3412 4853 3725 4951 Ῐμέλλουσι,

2057 4947 2152 5000 καὶ
2180 4945 2420 5016 ἀργύρια
2451 4942 2894 5006 καταϐάλλοντες,
2932 4940 3343 5013 ἁμαρτημάτων
3376 4940 3725 5013 σύγχὼρησιν

2057 5031 2322 5104 δέχονται,
2374 5029 2468 5083 καὶ
2507 5028 2819 5100 παρρησίας
2848 5027 3100 5098 ἀφορμὴν
3144 5026 3474 5098 εὑρίσκουσι,
3525 5027 3724 5098 προξες

2055 5116 2271 5180 νοῦντες
2308 5116 2517 5176 ἑαυτοῖς
2543 5113 2629 5166 διὰ
2659 5113 2766 5167 τῶν
2802 5112 3033 5166 ἐνταῦθα
3064 5112 3351 5183 διδομένων
3379 5114 3476 5184 τὴν
3499 5113 3729 5191 διηνεκῆ

2059 5203 2384 5264 ἀνάπαυσιν,
2418 5200 2510 5251 καὶ
2537 5200 2634 5267 τὴν
2659 5199 2795 5269 μετά
2819 5197 2927 5251 τῶν
2948 5199 3118 5267 ἀγίων
3141 5199 3433 5270 διαγωγήν.
3468 5201 3585 5254 Κᾶν
3614 5216 3727 5252 σω-.

2059 5290 2299 5361 φροσύνῃ
2331 5285 2606 5359 ήδὼμεθα,
2659 5284 2733 5356 μὴ
2774 5284 2933 5339 τοῦτο
2962 5286 3272 5356 σκοπῶμεν,
3302 5289 3384 5341 ὃτι
3416 5288 3575 5341 πόνον
3607 5286 3725 5356 ἔχει

2059 5378 2094 5446 ἡ
2125 5376 2322 5446 ἀρετή·
2358 5373 2489 5443 μηδέ
2515 5372 2597 5425 ὅτι
2631 5372 2664 5441 ἡ
2705 5370 2969 5441 παρθενία
3008 5371 3173 5424 πολὺν
3221 5371 3333 5442 ἔχει
3376 5374 3467 5427 τὸν
3511 5373 3725 5440 ἀγῶνα,

2060 5462 2195 5517 ἀλλά
2214 5460 2312 5531 τὴν
2332 5456 2713 5529 διαδεξομένην
2734 5457 2881 5527 ἡμᾶς
2906 5456 3057 5528 λῆξιν
3085 5458 3375 5529 ἐννοῶμεν,
3400 5461 3492 5512 καὶ
3518 5458 3727 5529 ταύτην,

2059 5549 2148 5603 ἀεὶ
2184 5545 2626 5616 ἀναλογιζόμενοι
2649 5545 2748 5615 τῆς
2770 5543 3064 5615 ἐπιθυμίας
3100 5545 3198 5615 τῆς
3229 5549 3469 5616 πονηρᾶς
3495 5545 3722 5614 χαλινώ-

2062 5651 2244 5706 σωμεν
2266 5636 2366 5704 τὴν
2396 5633 2618 5695 λύτταν,
2649 5631 3057 5705 περιγινώμεθα
3086 5633 3193 5685 τῶν
3220 5632 3318 5701 τῆς
3349 5632 3544 5701 σαρκδς
3570 5648 3727 5704 σκιρ-

2061 5721 2340 5794 τημάτων,
2370 5721 2462 5774 καὶ
2490 5724 2555 5791 τῇ
2587 5721 2690 5774 τῶν
2715 5720 2955 5790 ἀμοιϐῶν
2982 5718 3241 5773 ama/mc
3287 5718 3381 5787 τὴν
3410 5716 3724 5789 δυσχέρειαν
