4020 6136
318 300 414 356 ιλιι

318 416 426 469 τῶν
456 414 635 469 πόνων
685 413 1132 486 ὐποτεμνώμεθα.
1186 411 1366 483 Ἰκανὴ
1404 413 1511 483 γὰρ
1536 413 1569 481 ή
1601 411 1709 464 τῶν
1735 410 1986 482 χρηστῶν

321 503 477 567 ἐλπὶς
503 502 595 557 καὶ
622 501 879 557 κινδύνων
923 502 1337 572 παρασκευάσαι
1369 500 1733 570 κατατολμᾷν,
1766 500 1895 570 μήτι
1926 516 1989 567 γε

318 591 384 661 δή
413 592 510 661 τῆς
531 590 729 663 ἀρετῆς
762 590 887 654 τοὺς
907 590 1101 651 πόνους
1121 588 1384 657 γενναίοις
1410 589 1670 655 ἐνεγκεῖν.
1698 587 1866 639 Ὅταν
1882 585 1991 654 γὰρ

320 677 598 748 ἐννοήσῃς,
651 677 734 729 ὅτι
788 676 924 746 πρὸς
957 674 1164 747 βραχὺν
1199 675 1603 744 ἀγωνισάμενος
1637 673 1846 743 χρόνον,
1896 689 1991 725 και

320 765 418 834 τῆς
441 763 738 835 παρθενίας
760 763 853 834 τὴν
878 763 1137 833 λαμπάδα
1157 762 1388 832 φαιδρὰν
1404 762 1757 832 διατηρήσας,
1777 759 1990 830 ἐκείνης

320 850 602 921 ἀξιωθήσῃ
626 851 725 921 τῆς
752 849 1024 920 μακαρίας
1057 848 1355 918 διαγωγῆς,
1381 848 1475 900 καὶ¹
1495 845 1593 917 τῷ,
1617 844 1832 915 νυμφίῳ
1869 862 1993 898 συν-

322 938 580 994 εισελθεῖν
605 938 826 1008 δυνήσῃ,
859 938 905 990 εἰ
935 935 1033 1000 τὰς
1050 935 1340 1007 λαμπάδας
1365 934 1508 1005 ἔχοις
1537 933 1876 1004 ἀνημμένας,
1896 933 1991 987 καί⁸

320 1025 525 1097 ἀρκοῦν
556 1025 786 1096 ἐχούσας
810 1024 1009 1088 ἔλαιον,
1031 1023 1174 1076 τοῦτ’
1203 1022 1340 1084 ἔστι,
1375 1023 1472 1093 τὴν
1500 1021 1607 1075 ἀπὸ
1634 1021 1744 1073 τῶν
1773 1020 1990 1090 ἀγαθῶν

320 1111 573 1181 πράξεων
595 1110 874 1181 ἐργασίαν,
907 1109 1023 1173 πῶς
1047 1110 1168 1180 οὐχὶ
1189 1108 1339 1180 [572]
1376 1109 1512 1180 μετά
1532 1108 1713 1176 πάσης
1742 1107 1991 1172 εὐκολίας

319 1198 536 1252 ἅπαντα
567 1198 635 1252 τά
668 1197 906 1268 δυσχερῆ
943 1197 1256 1268 διαδραμεῖν
1304 1196 1531 1267 δυνήσῃ,
1580 1196 1775 1249 ἐννοῶν
1816 1197 1993 1249 ἐκεῖνο

319 1285 382 1339 τὸ
401 1285 552 1356 παρά
568 1285 661 1338 τοῦ
689 1284 961 1355 μακαρίου
989 1283 1201 1337 Παύλου
1232 1283 1547 1354 εἰρημένοψ
1569 1281 1832 1349 Εἰρήνην
1863 1279 1989 1334 διώ-

322 1389 457 1425 κετε
476 1372 628 1441 μετὰ
658 1371 919 1435 πάντων,
957 1370 1190 1425 καὶτὸν
1220 1369 1535 1439 ἁγιασμόν,
1572 1365 1643 1425 οὗ
1674 1370 1852 1438 χωρίς
1888 1371 1990 1424 οὐ⁶

323 1458 450 1525 δείς
483 1458 693 1527 ὄψεται
725 1459 832 1512 τὸν
855 1458 1110 1526 Κύριον;
1144 1454 1296 1520 Εἶδες
1325 1456 1444 1520 πῶς
1486 1460 1553 1528 τῇ
1580 1455 1857 1530 ἁγιωσύνῃ
1892 1456 1989 1526 τὴν

324 1549 549 1619 εἰρήνην
590 1547 938 1612 συνέζευξεν;
992 1546 1107 1601 Ἵνα
1137 1546 1248 1618 γάρ
1297 1546 1554 1617 μάθωμεν
1591 1545 1673 1599 ὅτι
1722 1545 1783 1598 οὐ
1834 1545 1990 1615 μόνον

322 1635 546 1703 ἁγνείαν
594 1634 843 1705 σώματος
875 1634 1137 1705 ἐπιζητεῖ,
1172 1633 1307 1688 ἀλλά
1334 1634 1428 1687 καὶ
1450 1634 1692 1705 εἰρήνην,
1723 1632 1991 1703 εὐκαίρως

320 1720 723 1791 ἐμνημόνευσεν
751 1760 767 1787 ,
834 1720 1173 1792 ἑκατέρωθεν
1220 1719 1610 1790 ἀσφαλίζεσθαι
1673 1719 1992 1791 βουλόμενος

320 1807 569 1869 ἕκαστον,
598 1808 692 1861 καὶ
719 1808 778 1861 ἐν
814 1808 1143 1862 καταστάσει
1178 1803 1317 1862 εἶναι
1353 1808 1461 1861 τῶν
1504 1808 1799 1878 λογισμῶν,
1851 1807 1990 1861 ὥστε

325 1895 595 1966 μηδεμίαν
621 1890 761 1948 εἰναι
792 1894 1034 1967 ταραχὴν
1061 1895 1094 1965 ἢ
1133 1894 1358 1964 θόρυϐον
1386 1896 1444 1948 ἐν
1471 1897 1631 1967 ἡμῖν,
1666 1894 1780 1949 ἀλλ’
1809 1897 1866 1948 ἐν
1890 1912 1990 1964 γα-

322 1982 458 2055 λήνῃ
484 1982 580 2035 καὶ
611 1981 810 2053 ἠσυχίᾳ
845 1982 1075 2050 διάγειν,
1116 1983 1211 2036 καὶ
1261 1982 1397 2053 μετὰ
1442 1983 1661 2036 πάντων
1706 1983 1993 2055 εἰρηνικῶς

319 2069 639 2134 διακεῖσθαι,
666 2070 760 2122 καὶ
784 2069 1022 2139 ἡμέρους
1056 2064 1195 2123 εἶναι
1228 2068 1321 2122 καὶ
1349 2068 1555 2141 πράους
1579 2070 1671 2123 καὶ
1709 2070 1990 2134 ἐπιεικεῖς,

321 2156 463 2209 ὥστε
502 2156 678 2209 πάντα
696 2155 800 2225 τῆς
819 2156 1020 2227 ἀρετῆς
1048 2155 1116 2209 τά
1141 2154 1405 2227 χρώματα
1431 2156 1685 2210 ἐπανθεῖν
1716 2159 1749 2227 ή
1760 2157 1875 2227 μῶν
1914 2156 1993 2227 τῷ

322 2242 617 2315 προσώπῳ.
651 2241 809 2296 Οὕτω
827 2242 937 2315 γὰρ
974 2243 1157 2297 λοιπὸν
1186 2245 1280 2297 καὶ
1296 2244 1397 2313 τῆς
1424 2244 1583 2314 δόξης
1608 2244 1700 2298 τοῦ
1732 2244 1994 2315 παρόντος

322 2332 441 2401 βίου
475 2331 749 2402 ὑπερορᾷν
778 2330 1119 2401 δυνησόμεθα
1142 2330 1241 2402 τὴν
1274 2331 1447 2402 ἀληθῆ
1481 2331 1637 2396 δόξαν
1684 2330 1991 2402 προτιμῶνο

320 2435 431 2481 τες,
457 2418 550 2471 καὶ
577 2418 674 2488 τῆς
699 2417 1197 2489 ταπεινοφροσύνης
1225 2404 1439 2511 πολλὴν]
1450 2419 1720 2472 ποιεῖσθαι
1754 2419 1852 2490 τήν
1880 2419 1994 2472 ἐπι-

325 2504 565 2574 μέλειαν,
601 2505 697 2556 καὶ
741 2503 919 2572 πάσης
946 2504 1045 2573 τῆς
1082 2504 1176 2557 τοῦ
1223 2503 1490 2576 παρόντος
1548 2505 1664 2575 βίου
1696 2506 1993 2578 εὐημερίας

323 2590 650 2661 καταγελᾷν,
677 2591 761 2643 ἵνα
790 2590 888 2661 τῆς
924 2590 1156 2660 ἀληθοῦς
1178 2592 1272 2644 καὶ
1298 2591 1520 2661 βεϐαίας
1544 2594 1843 2665 εὐημερίας
1867 2595 1994 2647 ἀπο-

321 2676 630 2747 λαύσωμεν,
667 2677 757 2731 καί
790 2678 882 2730 τὸν
911 2678 1142 2747 Χριστὸν
1168 2677 1294 2731 ἰδεῖν
1320 2679 1762 2750 καταξιωθῶμεν.
1786 2680 1990 2734 Μακά-

318 2763 584 2833 ρωιγάρ,
610 2764 795 2835 φησὶν,
836 2767 890 2819 οί
924 2765 1167 2837 καθαροὶ
1196 2765 1272 2834 τῇ
1305 2767 1537 2834 καρδίᾳ,
1578 2766 1855 2822 ὄτιαὺτοί
1889 2769 1995 2821 τὸν

326 2848 474 2903 Θεὸν
492 2848 763 2917 ὄψονται.
792 2848 1192 2921 Καθαρίσωμεν
1221 2852 1399 2906 τοίνυν
1448 2852 1607 2922 ήμῶν
1643 2853 1703 2906 rb
1737 2852 1991 2918 συνειδὸς,

326 2936 418 2990 καὶ
448 2936 587 3007 μετά
618 2937 902 3008 ἀκριϐείας
939 2939 1032 2990 τὸν
1066 2938 1272 2992 ἑαυτῶν
1327 2938 1438 3008 βίον
1483 2940 1876 3011 οίκονομῶμεν,
1908 2940 1993 2994 ἵνα

321 3023 422 3095 τὴν
454 3021 735 3095 παροῦσαν
757 3023 900 3094 ζωήν
935 3024 1072 3095 μετά
1096 3026 1277 3096 πάσης
1299 3025 1502 3097 ἀρετῆς
1519 3026 1854 3093 ὁδεύσαντες,
1888 3027 1995 3081 τῶν

319 3110 559 3171 ἐνταῦθα
591 3113 766 3166 πόνων
794 3112 893 3176 τὰς
920 3112 1151 3182 ἀμοιϐάς
1179 3113 1363 3166 λαϐεῖν
1385 3114 1811 3185 καταξιωθῶμεν
1838 3118 1895 3169 ἐν
1917 3114 1996 3185 τῷ

328 3197 575 3268 μέλλοντι
621 3199 813 3265 αἰῶνι,
872 3199 1055 3272 χάριτι
1085 3202 1178 3254 καὶ
1216 3201 1593 3273 φιλανθρωπίᾳ
1643 3201 1736 3255 τοῦ
1787 3202 1994 3273 Κυρίου

327 3285 484 3353 ήμῶν
525 3285 701 3355 Ἰησοῦ
735 3287 992 3356 Χριστοῦ,
1026 3288 1145 3358 μεθ’
1175 3283 1236 3341 οὗ
1262 3288 1341 3359 τῷ
1368 3290 1564 3358 Πατρὶ,
1596 3289 1711 3359 ἅμα
1745 3289 1822 3360 τῷ
1857 3289 1997 3359 ἀγίῳ

330 3373 630 3443 Πνεύματι,
661 3373 808 3439 δόξα,
840 3376 1059 3443 κράτος,
1085 3376 1240 3447 τιμὴ,
1269 3377 1364 3432 νῦν
1390 3379 1483 3432 καὶ
1521 3379 1627 3445 ἀεὶ,
1656 3380 1747 3433 καὶ
1769 3382 1848 3444 εἰς
1871 3380 1997 3443 τοὺς

327 3459 529 3525 αἰῶνας
560 3460 669 3514 τῶν
690 3461 920 3515 αἰώνων.
963 3464 1155 3534 Ἀμήν.

969 3613 1213 3667 ΟΜΙΛΙΑ
1259 3614 1378 3669 ΛΖ’.

328 3712 477 3772 Eius
497 3718 565 3792 δέ
593 3719 808 3792 Κύριος
833 3720 982 3792 πρὸς
1021 3723 1077 3775 Ἀ
1087 3725 1256 3792 ϐραμο
1280 3722 1420 3791 Ἐγώ
1440 3723 1492 3776 εί
1500 3741 1560 3791 ιιι
1588 3726 1621 3778 ό
1649 3724 1793 3790 Θεὸς
1816 3727 1849 3779 ὀ
1867 3724 1999 3790 ἐξα·

400 3789 697 3872 τᾳγιώνησε
737 3791 805 3872 ἐκ
850 3790 1042 3872 χώρας
1092 3789 1423 3872 Χιιὶδιξίων,
1466 3789 1623 3872 ῶστε
1657 3789 1870 3872 δοιῇ-αἰ
1898 3812 1995 3872 σοι

399 3858 517 3924 τὴν
544 3858 663 3927 γῆν
690 3861 935 3926 ταύτην,
957 3862 1413 3931 κληρονομῆσαι
1445 3864 1666 3931 αὐτήν·
1700 3861 1847 3918 Εἷπε
1894 3865 1960 3918 δέ
1978 3881 1991 3895 ·

400 3927 670 3983 Δέσποτα
699 3931 895 3989 Κύριε,
926 3933 1075 3985 κατὰ
1102 3932 1157 3985 τί
1200 3933 1524 3989 γνώσομαι.
1573 3934 1660 3988 ὅτι
1715 3938 1995 3989 κληρονοο

400 3948 670 3983 Δεσποτα
699 3948 895 3997 nupta,
926 3948 1075 3985 κατα
1102 3948 1153 3985 τι
1200 3948 1524 4003 γνώσομαι,
1573 3948 1660 3988 οτι
1715 3948 1867 4004 κληρ

394 3999 572 4067 μήσω
597 3999 791 4065 αὑτήν
1112 4018 1115 4021 ·

400 4111 467 4157 α’.
487 4105 709 4175 Μεγάλη
729 4105 826 4175 τῆς
844 4106 993 4169 θείας
1005 4108 1224 4177 Γραφῆς
1238 4108 1270 4177 ή
1285 4106 1531 4177 δύναμις,
1549 4109 1643 4161 καὶ
1657 4108 1820 4172 πολὺς
1841 4112 1869 4163 ὁ
1886 4113 1997 4173 τοῖς

334 4194 572 4262 ῥήμασιν
622 4193 1069 4263 ἐγκεκρυμμένος
1118 4193 1341 4257 πλοῦτος
1374 4194 1482 4246 τῶν
1509 4196 1811 4266 νοημάτων.
1870 4201 1946 4250 Δι’
1970 4198 1999 4251 ὃ

330 4280 599 4350 προσήκει
663 4279 800 4348 μετὰ
861 4279 1145 4351 ἀκριϐείας
1195 4282 1341 4350 ἡμᾶς
1383 4283 1745 4354 προσέχοντας
1799 4283 1999 4357 πολλὴν

331 4366 602 4421 ποιεῖσθαι
621 4367 720 4435 τὴν
747 4365 991 4439 ἔρευναν,
1017 4368 1100 4420 ἴνα
1125 4368 1317 4439 δαψιλῆ
1338 4369 1437 4440 τὴν
1461 4369 1724 4438 ὠφέλειαν
1750 4371 1999 4429 ἐντεῦθεν

234 4486 242 4492 -
334 4453 778 4527 καρπωσώμεθα.
802 4455 898 4509 Διά
925 4456 1031 4527 γάρ
1052 4457 1207 4510 τοῦτο
1232 4457 1321 4511 καὶ
1349 4459 1377 4510 ὁ
1403 4459 1637 4529 Χριστὸς
1664 4462 1999 4532 παρήγγειλε

331 4542 529 4611 λέγων,
580 4542 894 4611 Ἑρευνᾶτε
923 4546 1028 4611 τὰς
1074 4546 1348 4614 Γραφάς·
1383 4547 1469 4599 ἴνα
1510 4547 1582 4619 μὴ
1634 4549 1819 4613 ἁπλῶς
1871 4550 1999 4622 ψιλῇ

332 4630 690 4702 προσέχωμεν
726 4634 792 4702 τῇ
828 4632 1150 4699 ἀναγνώσει,
1180 4634 1314 4686 ἀλλά
1339 4634 1398 4687 τὸ
1429 4635 1588 4703 βάθος
1628 4637 2000 4707 ἀνιχνεύοντες

329 4718 423 4772 τὸν
452 4718 627 4789 ἀληθῆ
649 4718 748 4788 τῆς
771 4719 992 4790 Γραφῆς
1013 4717 1136 4770 νοῦν
1166 4719 1488 4773 καταλαϐεῖν
1512 4721 1846 4793 δυνηθῶμεν.
1875 4726 1919 4778 Τ
1920 4743 2000 4780 οι-

330 4805 488 4860 οῦτον
518 4805 627 4877 γὰρ
656 4808 754 4877 τῆς
775 4806 996 4877 Γραφῆς
1021 4804 1082 4858 τὸ
1104 4805 1221 4869 ἐθος
1245 4821 1259 4834 ’
1288 4807 1345 4858 ἐν
1371 4806 1593 4877 βραχέσι
1623 4811 1858 4880 ῥήμασίν
1884 4814 2001 4866 ἐστι

335 4894 594 4958 πολλάκις
616 4895 796 4965 εὑρεῖν
821 4892 955 4946 πολὺ
993 4891 1199 4961 πλῆθος
1230 4892 1534 4963 νοημάτων.
1560 4894 1691 4949 Θεία
1730 4897 1838 4968 γάρ
1885 4900 2001 4954 ἐστι

330 4983 401 5035 τά
422 4981 747 5051 διδάγματα,
766 4980 863 5033 καί⁵
886 4979 986 5033 οὐκ
1003 4978 1338 5047 ἀνθρώπινα,
1366 4980 1462 5034 καὶ
1482 4980 1570 5034 διά
1599 4981 1756 5035 τοῦτο
1776 4985 2003 5041 ἀπεναν-

331 5069 452 5133 τίας
481 5070 545 5139 τῇ
575 5068 737 5139 σοφίᾳ
766 5069 833 5137 τῇ
869 5067 1182 5137 ἀνθρωπίνῃ
1234 5069 1413 5122 πᾶσαν
1458 5068 1625 5142 αὐτήν
1674 5072 1822 5125 ἐστιν
1876 5074 2002 5127 ἰδεῖν

334 5156 719 5226 συγκειμένην.
755 5156 864 5209 Καὶ
887 5155 1026 5220 πῶς,
1052 5154 1164 5223 ἐγὼ
1196 5154 1356 5224 λέγω.
1405 5157 1552 5211 Ἐκεῖ
1608 5159 1705 5229 μὲν
1734 5160 1863 5232 γὰρ,
1907 5163 2002 5216 ἐπὶ

332 5247 431 5316 τῆς
487 5243 831 5314 ἀνθρωπίνης
882 5244 1072 5312 σοφίας
1103 5243 1266 5312 λέγω,
1321 5246 1468 5298 πᾶσα
1513 5246 1695 5310 αὐτοῖς
1736 5248 2000 5320 ήσπουδὴ

334 5331 466 5403 περὶ
494 5331 591 5400 τὴν
617 5331 723 5384 τῶν
751 5330 948 5395 λέξεων
978 5330 1253 5402 συνθήκην
1275 5332 1614 5401 ἐπινενόηται
1634 5350 1647 5363 ’
1680 5334 1914 5389 ἐνταῦθα
1944 5335 2002 5388 δέ

335 5418 641 5474 τούναντίον
676 5418 838 5474 ἅπαν.
870 5420 1058 5492 Οὐδεὶς
1082 5422 1148 5490 τῇ
1176 5420 1360 5490 Γραφῇ
1405 5419 1561 5488 λόγος
1612 5421 1736 5492 περί
1771 5421 1999 5488 κάλλους

336 5472 598 5580 βημάτων
627 5506 659 5577 ἢ
683 5472 1009 5577 συνθήκηςί
1023 5472 1148 5576 ε’ίχεί⁸
1173 5472 1281 5577 γάρ
1301 5472 1513 5560 οἴκοθέν
1541 5472 1641 5576 τὴν

336 5596 676 5651 ἐπανθοῦσαν
710 5596 803 5649 καὶ
830 5596 890 5649 τὸ
920 5588 1112 5657 κάλλος
1134 5595 1200 5648 τὰ
1228 5595 1511 5665 λεγόμενα.
1542 5596 1715 5648 Κάκεῖ
1744 5597 1844 5665 μὲν
1866 5599 2002 5667 μετά

338 5682 534 5754 πολλὴν
572 5685 661 5737 καὶ
692 5684 896 5753 ἀφατον
935 5680 1200 5753 φλυαρίαν
1229 5682 1347 5735 τότε
1394 5682 1500 5736 τῶν
1531 5683 1813 5752 νοημάτων
1845 5680 1995 5758 [575]

1121 286 1176 337 S.
1219 282 1502 339 JOANNIS
1540 277 2016 338 (IIIRYSOSTOMI
2059 278 2375 333 ARCIIIEP.
2418 278 2968 335 CUNS’I‘.\NTINOP.
3659 288 3769 340 είιο,

2091 404 2207 459 ἐστὶ
2234 400 2692 473 περιδράξασθαι⁸
2742 400 2974 453 ἐνταῦθα
3020 400 3096 465 δέ,
3121 401 3196 464 ὡς
3230 402 3367 465 ἴστε,
3406 402 3498 454 καὶ
3532 402 3761 471 βραχεῖα

2086 493 2231 556 λέξις
2262 489 2519 552 πολλάκις
2543 490 2775 560 ήρκεσεν
2796 489 2924 557 ἡμῖν
2953 489 3131 541 πᾶσαν
3158 489 3360 557 ὑφεῖναι
3387 489 3486 559 τὴν
3507 489 3775 543 ﬁtP/mxu-

2085 580 2226 633 λίαν.
2253 579 2351 632 Διά
2377 594 2456 630 τοι
2488 576 2645 630 τοῦτο
2675 577 2771 629 καὶ
2795 575 2922 647 χθὲς
2953 575 3243 647 προθέντες
3267 577 3395 643 ὑμῖν
3417 577 3485 629 τά
3519 578 3755 644 ἀνέγνω

2089 665 2278 735 σμένα,
2307 665 2400 718 καί.
2422 663 2531 717 τῶν
2566 663 2868 734 προοιμίων
2889 662 3177 732 ἁψάμενοι.
3201 663 3389 734 ἐπειδὴ
3416 666 3584 717 πολὺν
3610 664 3760 735 εὖροι

2091 770 2190 824 μεν
2208 751 2318 806 τῶν
2356 751 2642 822 νοημάτων
2675 750 2766 804 τὸν
2797 738 3047 815 πλοῦτον,
3082 751 3181 803 οὐκ
3225 750 3529 820 ἰσχύσαμεν
3560 770 3761 823 περαις

2085 837 2230 907 τέρω
2275 835 2592 907 προελθεῖν·
2637 834 2780 889 ὥστε
2821 834 2894 905 μὴ
2950 834 3027 905 τῷ
3066 835 3259 905 πλήθει
3307 835 3624 904 καταχῶσαι
3661 837 3763 907 τὴν

2090 926 2308 997 μνήμην
2336 924 2509 995 ὑμῶν,
2538 924 2632 977 καὶ
2658 922 2999 993 λυμήνασθαι
3028 926 3141 986 τοῖς
3166 923 3264 995 ἤδη
3286 923 3515 993 ῥηθεῖσι.
3550 924 3643 976 Διὸ
3659 928 3762 994 τῆς

2086 1011 2257 1081 αὐτῆς
2289 1010 2606 1073 ἀκολουθίας
2635 1008 2873 1079 ἅψασθαι
2902 1008 3181 1079 βούλομαι,
3232 1009 3327 1061 καὶ
3378 1009 3611 1076 συνάψαι
3644 1013 3763 1073 τοῖς

2087 1100 2214 1170 χθὲς
2241 1098 2552 1171 εἰρημένοις
2578 1099 2671 1152 καὶ
2699 1098 2768 1152 τὰ
2805 1097 3066 1168 μέλλοντα
3102 1096 3431 1167 ῥηθήσεσθαι
3458 1139 3472 1157 .
3515 1099 3583 1150 ῖν*
3610 1097 3764 1151 οὕτω

2087 1189 2268 1241 πᾶσαν
2314 1186 2407 1239 τοῦ
2458 1184 2885 1254 ἀναγνώσματικ
2943 1186 3296 1255 ποιησάμενοι
3333 1184 3430 1254 τήν
3471 1184 3765 1254 ἐξήγησιν,

2086 1268 2259 1333 οὔτως
2288 1269 2433 1339 ὑμᾶς
2461 1266 2709 1321 ἐντεῦθεν
2737 1266 3170 1337 ἀποπέμψωμεν.
3244 1266 3401 1321 Ἀλλά
3433 1267 3764 1338 προσέχετε,

2089 1353 2410 1426 παρακαλῶ,
2438 1354 2680 1424 ἀκριϐῶς
2705 1355 2818 1417 τοῖς
2846 1354 3176 1424 λεγομένοις.
3212 1355 3273 1407 Εἰ
3299 1353 3405 1425 γάρ
3426 1356 3565 1407 καὶὸ
3594 1355 3765 1418 πόνος

2087 1438 2375 1509 ἡμέτερος,
2416 1436 2553 1491 ἀλλά
2576 1437 2636 1490 rb
2680 1437 2870 1508 κέρδος
2902 1438 3187 1508 ὑμέτερον,
3232 1436 3431 1507 μᾶλλον
3456 1437 3511 1489 δέ
3551 1437 3760 1489 κοινόν.

2088 1525 2153 1578 Τί
2187 1525 2245 1578 δὲ
2268 1525 2409 1593 λέγω
2436 1524 2465 1577 ὁ
2488 1525 2648 1588 πόνος
2672 1524 2938 1596 ἡμέτερος
2960 1541 2976 1588 ς
3007 1525 3141 1595 Οὐχί
3162 1542 3175 1555 ·
3208 1525 3340 1578 ἀλλὰ
3369 1525 3467 1593 τῆς
3500 1524 3594 1577 τοῦ
3619 1525 3763 1577 Θεοῦ

2086 1608 2307 1678 χάριτός
2327 1608 2473 1660 ἐστιν
2505 1608 2537 1678 ή
2567 1606 2763 1679 δωρεά.
2792 1606 2946 1660 Μετὰ
2975 1606 3246 1677 προσοχῆς
3274 1607 3451 1659 τοίνυν
3476 1606 3763 1674 ὑποδεχώ-

2091 1697 2230 1766 μεθα
2260 1697 2354 1750 καὶ
2383 1697 2543 1767 ἡμεῖς
2571 1696 2640 1749 τὰ
2680 1696 2832 1766 παρὰ
2860 1694 2956 1749 τοῦ
2990 1695 3125 1749 Θεοῦ
3145 1695 3482 1767 δωῳύμενα,
3513 1697 3601 1750 ἵνα
3625 1714 3765 1767 κερ-

2087 1782 2341 1847 δάναντές
2361 1800 2414 1836 τι
2437 1785 2517 1847 εἰς
2534 1783 2634 1854 τὴν
2655 1782 2796 1836 κατά
2814 1781 2993 1853 ψυχὴν
3012 1783 3299 1852 σωτηρίαν,
3319 1783 3491 1846 οὕτως
3508 1783 3766 1837 ἐντεῦθεν

2089 1871 2361 1941 ἀπίωμεν.
2384 1871 2482 1923 Διά
2516 1870 2624 1942 γὰρ
2654 1870 2811 1923 τοῦτο
2839 1870 2960 1923 καθ’
2985 1870 3222 1941 ἐκάστην
3247 1870 3346 1941 τὴν
3379 1873 3766 1941 πνευματικὴν

2088 1958 2292 2027 ταύτην
2314 1956 2684 2028 παρατίθεμεν
2707 1958 2834 2027 ὑμῖν
2855 1956 3155 2027 τράπεζαν,
3179 1958 3267 2011 ἵνα
3297 1961 3363 2028 τῇ
3389 1959 3639 2030 συνεχείᾳ
3658 1961 3765 2029 τῆς

2090 2045 2461 2116 παραινέσεως
2512 2046 2606 2099 καί¹
2639 2048 2705 2116 τῇ
2746 2045 2912 2116 πολλῇ
2947 2045 3057 2097 τῶν
3110 2044 3270 2098 θείων
3296 2046 3527 2116 Γραφῶν
3558 2047 3767 2119 μελέτῃ

2092 2131 2268 2183 πᾶσαν
2284 2131 2716 2201 ἀποτειχίσωμεν
2737 2130 2815 2201 τῷ
2838 2130 3057 2204 πονηρῷ
3077 2131 3291 2201 δαίμονι
3315 2132 3415 2204 τὴν
3440 2131 3703 2202 ἐπιϐουλή
3714 2153 3764 2187 ν.

2092 2215 2261 2270 Ὅταν
2293 2217 2400 2288 γάρ
2435 2218 2517 2289 ἴδῃ
2550 2217 2749 2288 πολλὴν
2799 2218 2948 2288 ἡμᾶς
2997 2222 3124 2289 περὶ
3173 2218 3241 2270 τὰ
3281 2219 3625 2289 πνευματικά
3657 2221 3766 2289 τὴν

2092 2303 2329 2377 σπουδήν
2348 2305 2685 2377 τιθεμένους,
2720 2307 2781 2359 οὐ
2814 2306 2975 2376 μόνον
3002 2306 3101 2358 οὐκ
3130 2306 3467 2376 ἐπιθήσεται,
3501 2307 3615 2359 ἀλλ’
3637 2306 3768 2359 οὐδὲ

2089 2392 2405 2462 ἀντιϐλέψαι
2429 2392 2710 2464 τολμήσει,
2737 2392 2891 2456 εἰδὼς
2913 2395 2994 2447 ὅτι
3022 2394 3256 2463 ἀνόνητα
3278 2396 3636 2465 ἐπιχειρήσει,
3661 2396 3767 2447 καὶ

2090 2477 2229 2531 κατὰ
2254 2478 2352 2549 τῆς
2381 2477 2573 2532 ἐαυτοῦ
2603 2479 2844 2549 κεφαλῆς
2880 2479 2978 2550 τὴν
3013 2481 3217 2550 τόλμαν
3243 2481 3585 2549 ἐπιδείξεται.
3618 2481 3764 2549 Φέρε

2088 2560 2180 2618 οῦν
2228 2565 2336 2617 τῶν
2365 2564 2490 2636 χθὲς
2535 2566 2840 2637 εἰρημένων
2867 2568 2967 2639 τήν
3006 2567 3327 2620 ἀκολουθίαν
3373 2568 3765 2629 ἀναλαϐόντες,

2089 2651 2197 2705 τῶν
2220 2651 2551 2722 λειπομένων
2571 2653 2668 2724 τὴν
2692 2654 2951 2723 ἐξήγησιν
2976 2653 3351 2724 ποιησώμεθα.
3378 2655 3516 2708 Τίδέ
3536 2652 3601 2725 ἦν
3625 2657 3770 2725 ἡμῖν

2089 2739 2215 2809 χθὲς
2247 2738 2308 2791 rb
2328 2739 2619 2810 λεγόμενον
2637 2758 2651 2808 ;
2676 2741 2787 2811 Τὴν
2809 2741 3139 2809 ἐπαγγελίαν
3163 2741 3261 2812 τὴν
3281 2743 3413 2812 πρὸς
3429 2741 3517 2795 τὸν
3535 2743 3770 2814 Ἀϐραμ

2091 2827 2554 2897 περιεγράφομεν,
2610 2826 2737 2880 ἔνθα
2770 2828 3133 2900 προσέταττεν
3168 2828 3317 2898 αὐτῷ
3349 2816 3651 2969 ἀναϐλέψαέ
3677 2832 3768 2889 εἰς

2091 2912 2181 2965 τὸν
2212 2912 2458 2969 οὐρανὸν.
2485 2915 2581 2966 καὶ
2603 2913 2664 2966 rb
2699 2914 2901 2969 πλῆθος
2928 2914 3035 2967 τῶν
3054 2915 3299 2969 ἀστέρων
3328 2915 3472 2968 ἰδεῖν.
3491 2917 3607 2969 Ἀοί
3644 2932 3768 2969 1m-

2089 2912 2181 2965 rbv
2212 2912 2458 2983 οὐρανὸν,
2485 2915 2581 2966 καὶ
2603 2913 2664 2966 rb
2699 2914 2901 2984 πλῆθος
2928 2914 3035 2967 τῶν
3054 2915 3299 2986 ἀστέρων
3328 2915 3472 2968 ἰδεῖν.
3491 2912 3768 2983 Ἀρίθμηο

2091 3018 2208 3058 σον
2231 3003 2361 3074 γὰρ,
2393 3005 2545 3073 φησὶ,
2569 3004 2709 3071 τοὺς
2733 3006 3011 3075 ἀστέρας,
3035 3008 3085 3059 εί
3107 3006 3346 3073 δυνήσῃ
3365 3004 3769 3075 ἐξαριθμῆσαι

2091 3092 2331 3157 αὐτούς.
2370 3091 2481 3146 Καὶ
2518 3093 2723 3145 εἷπεν-υ
2782 3093 2978 3157 Οὕτως
3030 3092 3201 3145 ἔσται
3247 3093 3313 3145 τὸ
3345 3092 3578 3160 σπέρμα
3615 3108 3763 3146 σου.

2094 3177 2224 3234 Εἶτα
2257 3179 2578 3234 δεικνύουσα
2628 3181 2759 3250 ἡμῖν
2793 3182 2825 3249 ή
2879 3180 2998 3232 θεία
3050 3179 3240 3250 Γραφὴ
3272 3179 3372 3248 τῆς
3404 3179 3626 3249 γνώμης
3661 3178 3768 3231 τοῦ

2095 3268 2434 3340 πατριάρχου
2468 3267 2528 3319 rb
2556 3267 2823 3337 φιλόθεον,
2848 3268 2939 3320 καὶ
2966 3268 3045 3321 ὅτι
3079 3267 3215 3338 πρὸς
3243 3266 3332 3319 τὸν
3360 3265 3769 3337 ἐπαγγειλάμε-

2093 3373 2182 3410 νον
2201 3357 2362 3428 όρῶν,
2388 3357 2482 3410 καὶ
2509 3356 2608 3427 τὴν
2627 3356 2856 3424 δύναμιν
2883 3354 2976 3407 τοῦ
3002 3353 3374 3423 ὑποσχομένου
3403 3353 3615 3413 ἐννοῶν,
3639 3354 3767 3405 ἐπί-

2097 3461 2249 3497 στευε
2295 3447 2408 3508 τοῖς
2439 3444 2769 3515 εἰρημένοις,
2805 3443 2969 3513 φησί·
3003 3441 3110 3495 Καὶ
3149 3442 3512 3495 ἐπίστευσεν
3543 3443 3767 3510 Ἄϐμιμ

2094 3527 2175 3593 τῷ
2213 3528 2354 3592 Θεῷ,
2390 3528 2488 3581 καὶ
2514 3528 2800 3596 ἐλογίσθη
2823 3525 2983 3591 αὐτῷ
3007 3526 3094 3591 εἰς
3131 3524 3543 3592 δικαιοσύνην.
3581 3524 3767 3595 Μέχρι

2092 3615 2281 3670 τούτου
2302 3615 2427 3685 χθὲς
2455 3614 2717 3680 εἰπόντες,
2751 3614 2850 3666 οὐκ
2896 3612 3189 3683 ἰσχύσαμεν
3222 3613 3529 3685 περαιτέρω
3566 3612 3767 3681 προελ-

2094 3703 2227 3767 θεῖν,
2262 3703 2329 3757 δι’
2351 3704 2379 3756 ὃ
2403 3705 2699 3771 ἀναγκαῖον
2724 3701 2791 3755 τά
2819 3700 2944 3771 ἑξῆς
2972 3703 3290 3768 ἐπαγαγεῖν.
3325 3701 3389 3755 Τί
3418 3701 3525 3771 γάρ
3557 3717 3765 3769 φησιν;

2091 3788 2237 3846 Elite
2258 3791 2326 3845 δὲ
2347 3792 2561 3859 Κύριος
2577 3792 2724 3858 πρὸς
2750 3792 2963 3859 Ἀϐραμ
2984 3806 2998 3819 °
3040 3786 3179 3857 Ἐγώ
3202 3790 3316 3857 εἰμι
3340 3791 3371 3841 ὀ
3402 3787 3544 3854 Θεὸς
3564 3791 3596 3841 ὀ
3617 3788 3766 3851 ἑξα-

2096 3878 2293 3948 γαγπών
2314 3894 2387 3933 σε
2418 3878 2485 3932 ὲκ
2513 3878 2625 3947 τῆς
2646 3876 2840 3946 χώρας
2860 3875 3192 3939 Χαλδαίων,
3227 3872 3384 3928 ὥστε
3411 3874 3625 3929 δοῦναί
3660 3891 3768 3928 σοι

2094 3966 2211 4034 τὴν
2241 3964 2359 4036 γῆν
2385 3966 2631 4033 ταύτην,
2666 3962 3118 4032 κληρονομῆσαι
3172 3960 3384 4029 αὐτήν.
3436 3962 3575 4031 Ὅρα
3624 3962 3767 4014 Θεοῦ

2098 4054 2526 4125 ωγκατάϐασιν,
2560 4054 2675 4118 πῶς
2707 4053 2873 4107 αὐτοῦ
2898 4052 3144 4124 βούλεται
3176 4051 3276 4122 τήν
3318 4051 3498 4103 πίστιν
3530 4050 3769 4119 βεϐαιῶ-

2099 4163 2210 4211 σαι,
2240 4147 2334 4200 καί¹
2363 4147 2568 4208 πεῖσαι,
2598 4142 2798 4214 πολλὴν
2825 4142 2967 4213 ἐχειν
2994 4140 3092 4212 τὴν
3118 4138 3486 4210 πληροφορίαν
3506 4139 3770 4207 περὶτῶν

2099 4228 2547 4301 ἐπηγγελμένων,
2577 4227 2861 4297 μονονουχὶ
2883 4225 3087 4293 λέγων·
3139 4223 3404 4294 μνήσθητι
3443 4222 3525 4275 ὅτι
3552 4220 3663 4289 ἐγώ
3699 4237 3767 4274 σε

2096 4317 2306 4371 οἴκοθεν
2327 4316 2620 4385 ἀνέστησα.
2661 4314 2793 4367 Ἰδοὺ
2822 4312 2890 4367 τὰ
2910 4311 3061 4384 παρά
3084 4310 3176 4364 τοῦ
3203 4309 3338 4365 Θεοῦ
3366 4310 3596 4381 ῥηθέντα
3619 4309 3770 4362 κατὰ

2097 4404 2187 4457 τὸν
2215 4402 2559 4473 πατριάρχην
2582 4401 2848 4471 σύμφωνα
2873 4399 3143 4453 δείκνυται
3165 4400 3277 4461 τοῖς
3292 4396 3443 4468 παρά
3466 4395 3559 4449 τοῦ
3581 4413 3766 4466 μακα-

2009 4523 2026 4532 -
2100 4491 2218 4563 ρίου
2247 4489 2520 4557 Στεφάνου
2549 4487 2882 4560 εἰρημένοις,
2904 4486 2985 4540 ὅτι
3014 4486 3109 4542 καὶ
3128 4483 3357 4550 οἴκοθεν,
3383 4484 3474 4536 καὶ
3508 4483 3566 4548 ἐξ
3592 4483 3771 4551 αὐτῆς

2098 4581 2197 4651 τῆς
2229 4578 2501 4642 Χαλδαίας
2529 4577 2623 4631 τοῦ
2656 4577 2926 4631 Δεσπότου
2964 4575 3025 4628 rb
3072 4576 3397 4646 πρόσταγμα
3442 4571 3601 4624 αὑτὸν
3630 4571 3770 4623 ἀνα-

2102 4665 2290 4735 στῆναι
2322 4662 2720 4735 παρεσκεύασε.
2752 4664 2862 4716 Kal
2883 4665 2949 4733 τῇ
2983 4661 3171 4715 τούτου
3209 4660 3402 4731 γνώμῃ
3447 4658 3709 4727 ἑπόμενος
3738 4659 3772 4711 ὀ

2100 4754 2304 4825 πατὴρ,
2335 4754 2583 4825 καθάπερ
2606 4753 2700 4805 καὶ
2733 4751 3036 4820 φθάσαντες
3060 4749 3307 4820 εἴπομεν,
3347 4749 3395 4800 εἰ
3423 4747 3517 4800 καὶ
3537 4748 3771 4809 ἄπιστος

2098 4838 2189 4914 ἦν,
2216 4841 2330 4895 ἀλλ’
2357 4838 2453 4895 οὖν
2487 4839 2727 4909 μεγάλην
2768 4836 3022 4891 ὑπόθεσιν
3059 4836 3256 4907 δεσμοῦ
3286 4836 3348 4888 τὸ
3382 4834 3598 4904 φίλτρον
3626 4832 3772 4904 ἔχων

2097 4930 2159 4984 rb
2189 4930 2317 5001 περὶ
2343 4928 2523 4992 αὐτὸν,
2558 4925 2840 4997 ἠκολούθει
2866 4924 2960 4978 καὶ
2984 4923 3152 4994 ἐξῄει.
3195 4924 3624 4994 ’Υπομιμνήσκει
3650 4921 3771 4975 τοί·-

2102 5034 2198 5071 νυν
2229 5017 2393 5070 αὑτὸν
2426 5014 2518 5068 ἐπὶ
2548 5014 2642 5067 τοῦ
2687 5013 2978 5084 παρόντος,
3014 5012 3147 5083 ὅσην
3181 5012 3244 5064 ἐκ
3288 5011 3586 5081 προοιμίων
3612 5007 3771 5084 [3741

2100 5107 2392 5176 ἐποιήσατο
2429 5102 2557 5174 περὶ
2605 5101 2767 5157 αὐτὸν
2806 5100 2905 5172 τὴν
2944 5094 3221 5172 πρόνοιαν,
3265 5097 3440 5169 δηλῶν
3478 5096 3645 5168 αὐτῷ,
3681 5097 3770 5152 ὅτι

2104 5192 2315 5264 μεγάλα
2360 5189 2481 5243 τινὰ
2541 5189 2671 5259 περὶ
2717 5187 2880 5242 αὐτοῦ
2942 5186 3360 5256 βουλευόμενος,
3415 5184 3508 5237 καὶ
3560 5184 3770 5247 ταύτας

2101 5276 2268 5331 θέλων
2305 5274 2402 5339 τὰς
2431 5274 2751 5345 ὑποσχέσεις
2799 5273 2934 5344 πρὸς
2967 5272 3127 5327 αὑτὸν
3156 5270 3481 5341 ποιήσασθαι
3537 5270 3632 5323 καὶ
3683 5270 3771 5334 εἰς

2100 5360 2258 5433 ἔργον
2286 5360 2533 5426 ἀγαγεῖν,
2558 5356 2827 5428 τοσαύτην
2866 5356 2983 5410 ὁδὸν
3017 5355 3265 5408 διανύσαι
3294 5354 3565 5425 ἐποίησεν.
3627 5351 3774 5421 Ἐγώ

2098 5447 2216 5512 εἰμι
2245 5446 2278 5497 ὁ
2301 5441 2609 5511 ἐξαγαγών
2634 5456 2710 5494 σε
2762 5440 2830 5494 ἐκ
2883 5438 2993 5508 τῆς
3044 5439 3238 5508 χώρας
3276 5435 3396 5490 τῶν
3432 5435 3768 5498 Χαλδαίων,

2100 5526 2313 5582 δοῦναί
2347 5541 2447 5579 σοι
2479 5525 2594 5592 τὴν
2619 5522 2737 5592 γῆν
2773 5524 3016 5590 ταύτην,
3064 5519 3513 5589 κληρονομῆσαι
3550 5515 3769 5580 αὑτήν.

2102 5608 2192 5675 Μὴ
2238 5606 2347 5677 γὰρ
2374 5605 2558 5668 ἁπλῶς
2589 5622 2646 5658 σε
2688 5605 2897 5682 ἐκεῖθεν
2925 5605 3231 5672 ἀνέστησα;
3294 5602 3368 5673 μὴ
3400 5601 3509 5682 γὰρ
3530 5599 3649 5668 εἰκῆ
3665 5597 3766 5682 καὶ

2109 5619 2192 5675 Μὴ
2238 5619 2347 5677 γαρ
2374 5619 2558 5668 cum;
2589 5622 2646 5658 σε
2688 5619 2897 5682 εκειυεν
2925 5619 3231 5672 ανεστησα;
3294 5619 3368 5673 μη
3437 5619 3509 5672 αρ
3530 5619 3649 5668 εικη
3669 5619 3766 5649 και

2109 5690 2286 5756 μάτην
2309 5689 2553 5743 ἐνθεῦθέν
2601 5704 2660 5742 σε
2704 5689 2938 5756 ήγαγον;
2986 5688 3082 5742 Διά
3134 5687 3288 5742 τοῦτό
3330 5619 3771 5787 σεῘκαταλαϐεῖν
