4020 6136
342 392 437 448 341
1373 390 1435 444 ΙΝ
1473 390 1627 446 CAP.
1669 389 1784 444 XV.
1817 388 2057 445 GENES.
2087 387 2312 443 HOMIL.
2356 388 2615 443 XXXVII.

343 517 518 560 motus
547 507 851 560 indecentes
865 514 918 561 et
944 520 1037 575 spe
1065 503 1325 559 mercedis
1351 503 1588 558 laborum
1622 502 1920 556 molestiam

343 599 699 653 sublevetnus.
745 598 949 655 Sufficit
991 600 1132 653 enim
1162 598 1429 652 bonorum'
1467 611 1612 666 Spes,
1670 606 1725 650 ut
1763 596 1921 648 etiam

346 688 576 755 pericula
597 687 849 743 audacter
872 688 1241 758 aggrediamur
1271 702 1284 738 :
1308 696 1508 755 quanto
1534 686 1699 754 ntagis
1730 694 1785 737 ut
1813 683 1923 738 vir-

345 779 468 831 tutis
497 778 703 832 labores
748 779 953 833 fortiter
992 778 1223 833 feramus
1243 778 1275 829 ?'
1294 776 1514 843 Quando
1562 779 1701 830 enim
1742 776 1924 828 animo

342 883 545 931 versas,
580 870 622 923 si
651 870 717 924 ad
770 871 927 923 breve
958 877 1167 940 tempus
1204 870 1512 933 certaveris,
1570 877 1625 923 et
1671 867 1924 939 fulgidam

342 963 637 1016 servaveris
681 963 997 1031 virginitatis
1042 948 1475 1030 iampademfte
1519 961 1722 1014 beatam
1764 959 1923 1012 vitam

340 1063 795 1122 consequutnrutn
824 1068 964 1117 esse,
1008 1062 1061 1105 et
1091 1068 1212 1105 cum
1255 1067 1453 1121 sponso
1508 1052 1704 1104 intrare
1746 1065 1921 1119 posse.

342 1142 501 1197 modo
529 1158 779 1198 accensas
802 1143 995 1197 habeas
1023 1142 1313 1211 lampades,
1342 1151 1394 1196 et
1418 1140 1688 1195 sufiieiens
1709 1141 1921 1202 oleum;

343 1235 603 1289 bonorum
634 1251 856 1304 operum
906 1236 1205 1297 actionem,
1240 1233 1453 1302 inquam
1484 1249 1496 1285 :
1526 1230 1791 1301 quomodo
1819 1245 1923 1283 non

340 1341 463 1380 cum
493 1327 635 1381 omni
670 1328 915 1380 facilitate
942 1326 1171 1379 difiiciiia
1201 1325 1378 1378 omnia
1430 1332 1790 1377 transcurrere
1830 1336 1926 1388 po-

343 1418 492 1483 teris,
517 1417 754 1486 cogitans
798 1416 924 1471 ilittd
952 1416 1091 1484 quod
1121 1431 1149 1468 a
1189 1414 1343 1469 beato
1372 1412 1534 1466 Paulo
1562 1412 1763 1465 dictum
1800 1421 1877 1464 est
1906 1426 1920 1463 :

342 1506 529 1561 Pacem
557 1508 811 1560 sectentini
833 1524 944 1560 cum
968 1507 1217 1573 omnibus,
1249 1516 1296 1559 et
1318 1505 1786 1570 sanctiﬁcationem,
1819 1504 1927 1555 sine

339 1615 440 1667 qua
469 1599 639 1651 nullus
666 1598 845 1652 videbit
898 1598 1169 1651 Dominum
1213 1596 1397 1663 (Hebr.
1429 1596 1516 1651 12.
1566 1594 1707 1666 id)?
1739 1595 1923 1647 Vidisti

340 1691 607 1760 qutuuodo
662 1691 1068 1744 sanetilicatioui
1112 1704 1294 1759 paceni
1345 1686 1660 1755 cattjunxit?
1710 1685 1839 1738 Nam
1871 1695 1925 1738 ut

340 1781 571 1833 sciamus
591 1796 712 1834 eum
735 1797 837 1833 non
866 1782 1038 1835 solum
1059 1780 1296 1848 corporis
1321 1779 1599 1847 puritatem
1631 1777 1922 1845 requirere,

342 1872 433 1925 sed
459 1882 507 1948 et
536 1886 741 1939 pareat,
777 1872 890 1924 haec
912 1879 1208 1940 Opportune
1230 1877 1635 1931 commemorat,
1680 1867 1927 1933 utrinque

344 1960 528 2013 volens
580 1961 807 2025 munire,
862 1969 1010 2014 utet
1060 1960 1407 2029 cogitationes
1444 1958 1711 2020 sedemus,
1754 1958 1823 2009 ita
1872 1966 1927 2009 ιιι

342 2051 483 2103 nulla
510 2052 580 2106 sit
612 2053 662 2104 in
709 2052 863 2106 nobis
917 2051 1165 2113 turbatio,
1197 2050 1475 2118 nullusque
1516 2048 1769 2101 tumultus
1798 2064 1809 2099 :
1834 2046 1925 2102 sed

342 2144 393 2196 in
425 2143 801 2212 tranquillitate
827 2155 879 2196 et
907 2142 1083 2210 quiete
1116 2156 1423 2204 versemur,
1453 2150 1507 2193 et
1539 2153 1659 2191 cum
1682 2136 1927 2190 omnibus

342 2237 558 2305 pacilice
578 2250 798 2304 agamus
822 2246 874 2288 et
897 2235 1155 2288 mansueti
1180 2235 1342 2287 simus
1365 2242 1416 2285 et
1435 2232 1589 2285 mites
1609 2238 1663 2284 et
1688 2228 1923 2293 humani,

340 2339 499 2399 atque
541 2330 673 2382 adeo
705 2338 761 2382 ut
789 2343 975 2383 omnes
1004 2329 1217 2382 virtutis
1245 2328 1451 2381 colores
1482 2328 1530 2379 in
1573 2326 1707 2378 facie
1745 2335 1925 2377 nostra

341 2422 625 2475 reluccant.
646 2422 717 2475 ita
736 2421 874 2473 enim
898 2421 1148 2489 deinceps
1170 2420 1453 2488 etgloriatn
1478 2417 1756 2488 praesentis
1779 2416 1921 2480 vit:c,

343 2511 633 2579 poterimus
660 2512 937 2579 despicere
983 2526 1167 2564 veram
1196 2509 1418 2579 gloriam
1471 2507 1841 2577 pra-ferentes,
1873 2514 1927 2558 et

343 2601 651 2655 humilitatis
678 2602 932 2669 majorem
963 2601 1156 2653 habere
1183 2615 1386 2665 curam,
1413 2599 1689 2667 ridereque
1711 2611 1924 2651 omnem

343 2694 617 2761 pra-sentis
645 2693 764 2746 vita:
790 2693 1216 2759 prosperitatem,
1242 2699 1298 2744 ut
1330 2706 1447 2743 vera
1477 2701 1531 2744 et
1561 2689 1725 2742 so'ida
1757 2687 1924 2741 felici-

343 2792 449 2836 tate
496 2783 752 2846 fruamur,
794 2792 847 2835 et
870 2781 1143 2835 Christum
1185 2782 1367 2834 videre
1417 2794 1735 2833 mereamur.
1780 2776 1926 2828 Beati

339 2874 504 2937 enim,
538 2872 724 2939 inquit,
765 2872 879 2940 puri
902 2873 1071 2939 corde,
1099 2874 1335 2943 quoniam
1378 2870 1475 2939 ipsi
1502 2868 1663 2921 Deum
1693 2868 1927 2922 videbunt

341 2963 553 3032 (Matth.
584 2964 637 3017 5.
670 2964 749 3032 8).
777 2963 1127 3017 Purilicemus
1175 2963 1349 3030 itaque
1379 2970 1612 3015 nostram
1645 2958 1923 3014 conscien-

342 3056 490 3121 tiam,
513 3068 567 3108 et
610 3069 798 3123 magna
844 3070 969 3107 cura
996 3055 1156 3106 vitam
1194 3062 1424 3106 nostram
1461 3051 1838 3121 gubernemus,
1870 3059 1928 3102 ut

340 3164 460 3203 cum
488 3160 803 3217 prtcscntem
828 3148 985 3201 vitam
1016 3147 1067 3201 in
1094 3149 1237 3200 omni
1259 3148 1508 3199 virtutum
1528 3160 1722 3214 genere
1750 3154 1925 3197 trans-

343 3239 579 3302 ierimus,
626 3239 812 3291 borum
841 3239 1077 3292 laborum
1105 3235 1322 3307 pra-mia
1348 3252 1650 3290 mereamur
1686 3235 1927 3303 accipere

344 3330 395 3381 in
431 3328 606 3382 futuro
628 3329 844 3392 swculo,
869 3329 1033 3398 gratia
1063 3338 1115 3380 et
1134 3326 1496 3381 misericordia
1529 3325 1733 3378 Domini
1761 3325 1924 3378 nostri

342 3419 468 3473 Jesu
491 3420 709 3483 Christi,
743 3420 825 3472 cui
852 3434 971 3472 cum
1006 3418 1162 3471 Patre
1191 3427 1245 3471 ct
1272 3426 1457 3469 sancto
1485 3416 1683 3484 Spiritu
1710 3415 1777 3467 sit
1806 3414 1922 3483 glo-

344 3510 443 3575 ria,
472 3510 773 3577 imperium,
818 3509 1009 3574 ltouor,
1039 3524 1180 3562 nunc
1227 3514 1282 3562 et
1308 3520 1543 3575 semper,
1573 3514 1627 3560 et
1655 3507 1703 3559 in
1732 3505 1925 3559 sarcula

345 3603 680 3656 saeculorum.
717 3605 907 3655 Amen.

837 3691 1109 3746 liOMiLlA
1166 3690 1427 3745 XXXVII.

347 3782 487 3837 Dixit
513 3795 678 3837 autem
707 3784 750 3835 ei
778 3799 797 3837 :
826 3783 935 3853 Ego
986 3799 1098 3836 sum
1124 3782 1292 3845 Deus,
1324 3782 1407 3850 qui
1451 3779 1599 3833 eduxi
1630 3789 1675 3831 te
1700 3778 1763 3829 de
1792 3789 1926 3831 terra

417 3874 791 3937 Chaldworum,
821 3886 874 3927 ut
920 3875 1091 3927 durent
1121 3874 1209 3925 tibi
1238 3884 1421 3926 terram
1450 3873 1599 3937 hanc,
1629 3881 1682 3923 ut
1708 3872 1759 3924 in
1786 3873 1926 3923 lterc-

417 3965 623 4017 ditatem
650 3965 912 4032 possideas
941 3979 1072 4017 euut.
1101 3962 1426 4015 Dixitautem
1466 3978 1485 4015 :
1533 3961 1765 4027 Domine,
1812 3960 1925 4014 Do-

417 4057 549 4109 mine
566 4097 581 4122 ,
607 4055 878 4108 secundum
897 4054 1018 4125 quid
1046 4069 1340 4126 cognoscam
1367 4054 1500 4123 quod
1526 4046 1577 4106 in
1603 4054 1928 4106 hereditatem

415 4148 659 4217 accipiam
684 4163 793 4200 eam
819 4144 968 4218 (Gen.
996 4148 1081 4201 15.
1112 4163 1157 4201 υ.
1194 4148 1243 4200 7.
1278 4146 1369 4216 δ)ἳ

418 4240 471 4294 1.
500 4240 784 4309 Scriptura:
807 4242 979 4293 virtus.
1008 4240 1193 4293 Divina
1219 4240 1455 4310 dogmata
1474 4247 1713 4309 quantum
1748 4237 1928 4289 huma-

347 4333 426 4386 nis
479 4329 797 4386 antecellunt.
844 4361 914 4371 ——
954 4332 1139 4402 lilagua
1196 4332 1390 4386 divina)
1430 4332 1717 4401 Scriptura:
1763 4332 1927 4384 virtus

346 4434 447 4492 est,
474 4425 727 4479 ctmulta:
754 4424 805 4478 itt
850 4425 1030 4478 verbis
1075 4427 1238 4479 latent
1284 4425 1664 4479 sententiarum
1702 4424 1923 4477 divitize.

349 4515 471 4570 ideo
517 4530 610 4584 par
641 4525 723 4570 est
767 4524 824 4570 ut
869 4516 1148 4584 diligenter
1203 4515 1555 4581 intendamus,
1599 4522 1654 4569 et
1702 4515 1926 4569 sollicite

348 4620 668 4675 scrutemur,
713 4625 818 4679 quo
847 4611 1159 4679 ampliorem
1193 4610 1474 4664 utilitatem
1507 4610 1630 4664 inde
1659 4611 1925 4679 percipia-

350 4716 488 4755 ntus.
515 4700 646 4755 Nam
673 4712 890 4770 propter
912 4700 1013 4754 hoc
1038 4711 1089 4755 et
1115 4701 1359 4754 Christus
1405 4701 1674 4770 praecepit,
1697 4701 1879 4755 dicens
1908 4718 1922 4755 :

349 4792 657 4849 Scrutamini
694 4792 987 4863 Scripturas
1032 4792 1207 4863 (Joan.
1256 4793 1309 4847 5.
1334 4791 1436 4862 59)
1470 4810 1480 4842 :
1508 4800 1691 4845 utnon
1722 4801 1923 4845 tantuut

351 4881 506 4936 nuda:
538 4882 758 4936 lectioni
810 4897 1077 4945 vacemus,
1120 4882 1212 4937 sed
1257 4882 1565 4952 profundius
1606 4890 1922 4946 scrutantes,

349 4989 536 5028 verum
568 4974 855 5041 Scripturaz
880 4990 1094 5030 sensum
1138 4977 1411 5044 percipere
1450 4974 1742 5029 valeamus.
1784 4974 1927 5028 Talis

349 5065 490 5118 enim
520 5064 807 5133 Scriptura:
850 5079 966 5118 mos
1016 5073 1118 5130 est,
1145 5074 1199 5118 ut
1230 5075 1283 5119 et
1309 5067 1359 5119 itt
1406 5066 1580 5133 parvis
1609 5066 1783 5119 verbis
1815 5066 1928 5133 piu-

350 5155 484 5209 rima
536 5169 680 5223 sirpe
731 5154 1011 5208 mulitudo
1063 5169 1312 5209 sensuum
1358 5156 1674 5210 inveniatur.
1742 5156 1925 5209 Divina

348 5246 488 5300 enim
509 5255 635 5298 sunt
661 5243 927 5312 dogmata,
957 5260 1061 5297 non
1089 5244 1336 5310 luunana,
1366 5258 1418 5299 et
1446 5255 1660 5316 propter
1686 5247 1787 5299 hoc
1812 5260 1929 5299 orn-

348 5350 467 5390 nem
498 5335 643 5390 illam
672 5334 853 5389 videre
898 5335 1021 5388 licet
1057 5349 1211 5389 secus
1241 5350 1298 5389 se
1337 5336 1531 5390 habere
1556 5350 1711 5405 quam
1741 5335 1929 5388 imma-

349 5444 469 5483 nam
506 5428 839 5498 sapientiam.
885 5429 948 5481 Et
978 5429 1245 5497 quomodo
1276 5430 1397 5493 hoc,
1428 5444 1527 5497 ego
1575 5429 1768 5482 dicam.
1817 5427 1929 5482 illic

347 5523 511 5585 enim,
540 5523 590 5576 in
620 5521 848 5575 humana
877 5521 1131 5591 sapientia
1177 5520 1314 5585 dico,
1347 5535 1509 5574 omne
1540 5521 1771 5574 studium
1798 5536 1925 5573 con-

348 5613 624 5668 eiunandis
644 5613 821 5667 verbis
848 5612 1139 5665 adhibitum
1163 5623 1243 5667 est
1279 5628 1293 5666 :
1323 5614 1405 5666 hic
1428 5628 1553 5666 vero
1582 5628 1801 5682 prorsus
1830 5613 1925 5665 aii-

353 5706 452 5760 ὢν.
482 5705 691 5761 Nullam
739 5706 1027 5775 Set-iptut‘a:
1060 5704 1255 5759 habent
1297 5704 1551 5757 rationem
1582 5704 1925 5772 pulchritudi-

353 5801 434 5856 nis
454 5802 535 5856 vel
572 5800 969 5873 compositionis
997 5798 1278 5855 verborum
1326 5813 1337 5848 :
1379 5796 1572 5853 habent
1612 5798 1752 5852 enim
1785 5799 1835 5853 itt
1864 5812 1922 5853 se

3516 394 3617 448 3H

2032 499 2265 554 divinam
2280 501 2498 569 gratiam
2512 500 2871 571 ciiulgcntcm,
2898 512 2946 555 et
2966 503 3405 570 pulchritudinem
3430 506 3479 558 itt
3506 508 3613 574 ipsa

2031 595 2313 655 verborum
2344 595 2546 648 ratione
2578 595 2755 648 sitam.
2783 595 2846 647 Et
2878 595 2981 648 illic
3016 596 3229 665 quidem
3262 606 3380 664 post
3405 598 3613 667 longam

2031 700 2084 742 et
2130 691 2392 758 ingentem
2459 690 2811 759 ungacitatcm
2859 689 3053 758 aliquid
3095 705 3284 744 sensus
3333 691 3603 759 percipere

2031 790 2147 834 est:
2179 780 2262 833 hic
2284 790 2481 845 autem,
2504 790 2559 834 ut
2579 780 2744 842 scitis,
2776 780 2935 833 etiam
2966 795 3124 848 parva
3162 780 3328 833 dictio
3361 794 3504 849 smpe
3528 788 3611 833 to-

2033 880 2141 923 tum
2173 870 2325 923 nobis
2354 871 2609 923 doctrina:
2637 884 2943 924 sermonem
2983 869 3273 922 contexuit.
3326 870 3613 939 Propterea

2032 974 2085 1016 et
2113 964 2246 1025 heri,
2278 964 2543 1033 proposita
2574 965 2721 1017 vobis
2750 965 3037 1032 Scriptura)
3062 964 3310 1024 lectione,
3345 965 3445 1017 sub
3494 964 3610 1032 ipso

2031 1056 2276 1119 exordio,
2307 1057 2426 1124 quia
2443 1056 2661 1109 multum
2683 1056 2982 1110 invenimus
3004 1072 3257 1110 sensuum
3284 1057 3614 1119 thesaurum,

2032 1162 2137 1198 non
2169 1148 2437 1214 potuimus
2464 1148 2600 1200 ultra
2631 1147 2899 1217 progredi,
2929 1157 2986 1201 ut
3021 1163 3085 1201 ne
3127 1149 3390 1201 dictorum
3434 1147 3615 1199 multi-

2033 1238 2218 1291 tudine
2250 1238 2560 1291 memoriam
2604 1249 2833 1292 vestram
2862 1240 3229 1301 obrut-retnus,
3259 1248 3311 1290 et
3332 1238 3441 1306 jam
3474 1238 3615 1292 dicta

2030 1325 2451 1379 obliteraretnus.
2512 1326 2633 1380 Ideo
2674 1327 2916 1381 eamdem
2968 1328 3164 1380 seriem
3195 1330 3488 1395 attingere,
3525 1328 3616 1381 lte-

2028 1416 2332 1486 sternisque
2359 1416 2514 1471 dictis
2540 1433 2601 1472 ca
2627 1434 2744 1486 qua:
2787 1419 2944 1471 hodie
2987 1420 3207 1473 dicenda
3240 1430 3361 1472 sunt
3387 1421 3507 1473 vnio
3528 1434 3615 1473 c0-

2030 1507 2214 1575 pniare
2238 1548 2252 1571 ,
2288 1516 2344 1560 ut
2382 1507 2451 1561 ita
2498 1518 2737 1561 enarrata
2764 1509 2989 1563 lectione
3034 1517 3141 1563 tota
3170 1524 3264 1561 vos
3294 1510 3414 1563 hinc
3442 1511 3618 1563 dimit-

2033 1605 2159 1647 tam.
2187 1595 2314 1659 Sed,
2345 1612 2462 1663 oro,
2490 1594 2556 1649 iis
2572 1598 2957 1665 qtttedicuntur
2977 1600 3280 1654 auscultate
3317 1600 3613 1669 diligenter.

2030 1689 2161 1742 Nam
2189 1692 2288 1743 etsi
2315 1690 2462 1743 labor
2504 1698 2705 1755 noster,
2737 1691 2931 1745 utilitas
2970 1701 3140 1744 tamen
3172 1703 3346 1753 vestra
3375 1702 3475 1756 est,
3511 1692 3617 1745 imo

2030 1780 2346 1833 comnnmis.
2380 1780 2441 1832 Et
2470 1780 2592 1849 quid
2616 1780 2733 1833 dico
2765 1780 2913 1833 labor
2933 1781 3154 1834 noster?
3184 1781 3397 1835 Minime
3427 1790 3607 1846 certe;

2031 1871 2123 1924 scd
2156 1871 2351 1924 donum
2374 1881 2451 1924 est
2478 1872 2660 1940 gratia:
2692 1871 2805 1924 Dei.
2829 1871 2962 1924 Cum
2993 1873 3284 1925 attentione
3314 1872 3469 1942 igitur
3496 1888 3614 1927 sus-

2030 1964 2289 2033 cipiamus
2326 1980 2386 2016 ea
2413 1980 2529 2031 «μιω
2550 1980 2579 2017 a
2606 1964 2711 2016 Deo
2733 1964 3016 2029 donantur,
3038 1973 3093 2017 ut
3128 1964 3247 2018 hinc
3271 1963 3608 2019 lucrifacicu-

2034 2065 2110 2110 tes
2154 2056 2348 2126 aliquid
2399 2058 2451 2109 in
2502 2056 2793 2109 animarum
2847 2057 3119 2121 salutem,
3176 2057 3297 2111 inde
3339 2058 3612 2111 abeamus.

2032 2147 2154 2202 ideo
2176 2147 2315 2201 enim
2340 2147 2575 2215 quotidie
2598 2146 2926 2214 spiritualem
2958 2147 3095 2199 hanc
3124 2148 3274 2199 vobis
3300 2148 3616 2215 apponitnus

2032 2253 2292 2303 mensam,
2319 2248 2375 2290 ut
2394 2238 2754 2291 admonitione
2782 2237 3030 2290 continua
3057 2245 3109 2290 et
3137 2239 3296 2290 multa
3314 2238 3612 2291 divinarum

2029 2329 2417 2397 Scripturarum
2460 2328 2801 2381 meditatione
2837 2344 3025 2381 omnes
3071 2329 3286 2396 tttaiigtti
3340 2328 3602 2381 dmmonis

2031 2421 2374 2473 excludamus
2420 2420 2660 2473 insidias.
2694 2419 2825 2473 Cum
2856 2421 2997 2474 enim
3046 2437 3141 2475 nos
3166 2421 3358 2475 viderit
3388 2422 3610 2473 multum

2031 2510 2080 2563 in
2116 2510 2476 2579 Spiritualibus
2527 2511 2795 2579 occupari,
2840 2526 2943 2564 non
3000 2513 3170 2564 solum
3222 2528 3326 2563 non
3382 2511 3613 2575 invadet,

2030 2601 2122 2654 sed
2167 2616 2336 2668 neque
2366 2599 2574 2653 obtueri
2604 2600 2821 2654 audebit
2851 2617 2863 2652 :
2894 2601 3068 2655 sciens
3095 2615 3152 2653 se
3191 2600 3241 2652 in
3278 2616 3467 2653 vanum
3503 2616 3616 2653 uto-

2035 2690 2137 2751 iiri,
2163 2700 2215 2743 et
2245 2691 2499 2743 adversus
2528 2700 2685 2758 caput
2725 2705 2879 2744 suum
2920 2706 3085 2743 ausus
3127 2706 3252 2743 suos
3280 2700 3615 2746 convertere.

2028 2782 2140 2851 Age
2162 2781 2317 2850 igitur
2338 2781 2405 2833 he
2438 2781 2570 2833 terni
2594 2782 2858 2833 sermonis
2879 2783 3100 2849 repetita
3125 2781 3281 2843 serie,
3306 2781 3451 2850 quod
3482 2782 3610 2836 reii-

2029 2888 2189 2940 quunt
2218 2871 2315 2923 fuit
2338 2884 2669 2924 enarremus.
2700 2870 2836 2935 Quid
2876 2882 3054 2925 autem
3099 2871 3209 2923 heri
3241 2871 3439 2923 dictum
3482 2871 3615 2923 fuit?

2031 2963 2445 3017 Promissionem
2484 2979 2642 3031 quam
2682 2962 2819 3016 Deus
2862 2961 2983 3015 fecit
3024 2961 3179 3014 Alme
3209 2960 3612 3027 descripsimus,

2032 3054 2119 3107 tibi
2150 3053 2427 3122 imperavit
2454 3053 2503 3107 ei
2526 3063 2583 3107 ut
2610 3053 2904 3122 suspiceret
2931 3052 2982 3104 in
3015 3051 3200 3104 ca-ium
3222 3091 3234 3113 ,
3264 3060 3315 3103 et
3344 3058 3609 3118 spectaret

2030 3146 2300 3199 stellarum
2349 3145 2757 3199 multitudinem.
2794 3142 3021 3196 Numera
3072 3143 3247 3206 ettim,
3281 3142 3466 3210 inquit,
3499 3143 3616 3195 stel-

2030 3238 2126 3303 las,
2157 3237 2199 3291 si
2223 3237 2408 3307 poteris
2437 3252 2520 3290 eas
2546 3251 2829 3289 numerare.
2853 3233 2919 3286 Et
2940 3234 3067 3286 dixit
3092 3234 3138 3285 ei
3170 3248 3187 3285 :
3214 3232 3302 3286 Sic
3333 3233 3424 3284 erit
3449 3248 3614 3285 semen

2031 3339 2192 3382 tuum.
2215 3328 2414 3383 Deinde
2432 3344 2551 3383 cum
2570 3328 2957 3382 demonstraret
2972 3324 3319 3379 nobisdiviua
3344 3324 3615 3392 Scriptura

2030 3420 2330 3490 religiosam
2363 3420 2673 3489 patriarcha:
2704 3426 2955 3481 mentem,
3004 3425 3058 3469 ct
3084 3415 3351 3484 quomodo
3398 3413 3463 3467 ad
3493 3428 3617 3482 pro-

2030 3515 2326 3566 mittentem
2353 3512 2645 3581 respiciens
2672 3550 2687 3577 ,
2717 3519 2772 3563 et
2816 3508 3101 3578 potentiam
3147 3507 3502 3576 promittentis
3522 3522 3615 3559 co-

2029 3605 2201 3671 gitans
2230 3644 2244 3667 ,
2300 3599 2585 3655 crediderit
2636 3599 2808 3663 dictis,
2863 3598 2991 3651 dicit
3019 3614 3031 3648 :
3064 3596 3127 3648 Et
3178 3597 3394 3648 credidit
3431 3594 3618 3647 Abram

2036 3696 2161 3761 Deo,
2190 3704 2236 3747 et
2280 3702 2574 3762 reputatum
2616 3700 2687 3743 est
2714 3693 2758 3743 ei
2784 3691 2835 3741 in
2845 3690 3122 3758 justitiam.
3175 3688 3457 3754 Ilucusque
3506 3686 3617 3739 heri

2030 3800 2330 3839 sermonem
2362 3783 2721 3852 produximus,
2758 3796 2928 3849 neque
2958 3780 3178 3832 ulterius
3221 3777 3463 3846 progredi
3518 3790 3613 3846 po-

2033 3880 2228 3933 tuimus
2258 3895 2272 3929 :
2300 3877 2418 3930 ideo
2436 3890 2613 3944 opera:
2643 3873 2871 3942 pretium
2894 3880 2977 3925 est
3006 3880 3060 3923 ut
3088 3871 3346 3922 addamus
3377 3884 3613 3937 sequen-

2032 3972 2122 4025 tia.
2147 3969 2280 4034 Quid
2311 3984 2437 4037 ergo
2454 3965 2615 4020 dicit?
2638 3966 2690 4017 7.
2706 3963 2847 4017 Dixit
2868 3972 3035 4015 autem
3051 3959 3301 4013 Dominus
3318 3960 3385 4011 ad
3408 3961 3616 4011 Abram:

2033 4064 2143 4134 Ego
2173 4080 2283 4117 sum
2308 4061 2467 4129 Dus,
2507 4061 2591 4130 qui
2616 4058 2768 4112 eduxi
2800 4068 2846 4110 te
2885 4057 2946 4109 de
2973 4066 3107 4109 terra
3136 4055 3508 4113 Chaldworum,
3560 4061 3616 4103 ut

2031 4157 2205 4209 darem
2234 4154 2321 4207 tibi
2347 4162 2531 4207 terram
2582 4151 2731 4215 hanc,
2776 4158 2830 4202 ut
2874 4148 2929 4202 in
2975 4147 3297 4201 hereditatem
3337 4144 3619 4214 possideres

2031 4264 2161 4300 eam.
2198 4246 2328 4303 Vide
2358 4241 2625 4313 quomodo
2655 4242 2792 4295 Deus
2823 4254 2882 4294 se
2928 4238 3173 4291 humana:
3206 4235 3497 4289 inlirntitati
3525 4243 3609 4287 at-

2031 4347 2307 4406 temperet,
2339 4332 2605 4403 quomodo
2635 4332 2788 4385 iidem
2816 4330 2954 4384 illitis
2981 4329 3329 4383 corroborarc
3362 4326 3505 4388 velit,
3536 4327 3618 4377 ci-

2031 4447 2133 4500 que
2161 4427 2478 4497 persuadere
2503 4425 2640 4479 utdc
2658 4425 2850 4492 iiSqua:
2868 4422 3125 4492 promissa
3153 4418 3361 4472 fuerant
3391 4417 3609 4470 minime

2029 4522 2230 4576 dubitet
2254 4518 2432 4587 :qnasi
2461 4516 2660 4571 dicetet
2684 4531 2698 4569 :
2728 4516 2926 4569 Memor
2946 4523 3079 4577 esto,
3105 4527 3188 4564 me
3210 4527 3240 4564 a
3265 4510 3423 4563 domo
3453 4519 3536 4561 tua
3569 4517 3618 4561 te

2030 4612 2351 4669 evocavisse.
2375 4609 2532 4663 Certe
2552 4623 2669 4677 qua:
2688 4624 2716 4660 a
2746 4609 2965 4661 Domino
2990 4607 3095 4659 Deo
3115 4606 3361 4657 dicuntur
3377 4617 3613 4657 consona

2030 4713 2153 4758 sunt
2177 4701 2315 4757 beati
2338 4700 2589 4769 Stephani
2612 4699 2784 4761 dictis,
2813 4698 2899 4766 qui
2919 4706 2973 4751 et
2993 4698 3058 4751 de
3086 4695 3325 4756 domo,ct
3353 4695 3419 4747 de
3444 4691 3615 4745 Chal-

2030 4794 2142 4848 dtea
2176 4791 2383 4846 Domini
2426 4797 2689 4860 praecepta
2718 4798 2995 4843 evocatum
3021 4802 3142 4841 eum
3173 4785 3299 4838 dicit
3329 4782 3347 4853 (
3372 4786 3479 4835 Act.
3512 4783 3541 4833 7
3570 4784 3611 4851 ).

2033 4887 2100 4940 Et
2126 4886 2241 4955 ejus
2265 4884 2543 4939 sententiae
2572 4882 2901 4951 obsequulus
2926 4892 3093 4947 pater,
3122 4888 3171 4929 et
3205 4884 3263 4927 ut
3288 4885 3441 4926 antea
3468 4873 3611 4925 dixi-

2032 4993 2170 5041 mus,
2197 4976 2437 5047 quamvis
2464 4974 2689 5028 iuiidelis
2720 4983 2883 5036 esset,
2912 4985 3153 5038 magnam
3180 4956 3353 5019 tamen
3382 4966 3612 5017 societa-

2034 5073 2104 5127 tis
2125 5086 2337 5126 causam
2382 5069 2603 5129 habens,
2634 5079 2825 5133 nempe
2870 5064 2959 5117 iiiii
3007 5076 3267 5126 amorem,
3296 5060 3393 5112 via:
3432 5075 3616 5113 comes

2031 5162 2135 5218 fuit
2177 5172 2231 5217 et
2260 5161 2411 5215 exiit.
2451 5160 2627 5227 itaque
2657 5157 2967 5229 intuentem
2996 5152 3044 5206 ei
3087 5158 3299 5204 revocat
3332 5148 3431 5203 hoc
3470 5150 3611 5214 loco,

2031 5263 2281 5324 quantam
2308 5252 2373 5306 ab
2404 5251 2554 5304 initio
2585 5248 2700 5317 ejus
2726 5262 2906 5300 curam
2958 5242 3214 5313 gesserit,
3258 5241 3536 5295 declarans
3561 5242 3611 5295 ei

2032 5359 2092 5398 se
2128 5353 2183 5397 ut
2204 5358 2323 5397 enm
2352 5341 2416 5395 ad
2442 5355 2628 5408 magna
2655 5336 2990 5407 provelteret,
3012 5342 3158 5389 ettot
3191 5333 3260 5386 illi
3293 5333 3428 5386 bona
3458 5333 3612 5401 polli-

2031 5442 2241 5488 ceretur
2267 5443 2319 5485 et
2340 5431 2600 5498 impleret,
2630 5436 2829 5481 tantum
2859 5424 3061 5480 itineris
3077 5426 3343 5478 coniicere
3362 5425 3605 5492 jussisse.

2036 5523 2142 5593 Ego
2166 5539 2273 5576 sum
2301 5520 2458 5586 Deus,
2486 5521 2570 5590 qui
2597 5518 2747 5572 eduxi
2773 5528 2819 5570 te
2843 5517 2905 5569 de
2930 5516 3131 5585 regione
3149 5514 3521 5575 Chaldworum,
3556 5520 3607 5561 ut

2030 5615 2205 5666 darem
2255 5612 2342 5664 tibi
2388 5621 2573 5665 (errant
2621 5609 2771 5671 hanc,
2805 5618 2857 5660 ut
2888 5608 2937 5658 in
2976 5607 3299 5659 hereditatem
3330 5600 3607 5672 possideres

2032 5721 2162 5759 eam.
2194 5704 2327 5757 Nutu
2357 5712 2406 5757 te
2449 5704 2648 5771 absque
2674 5714 2831 5755 causa
2876 5701 3018 5753 illine
3046 5696 3300 5752 evocavi?
3344 5709 3469 5747 num
3502 5692 3608 5744 fru-

2032 5807 2137 5851 stra
2166 5806 2216 5850 et
2249 5797 2300 5851 in
2340 5811 2525 5850 taumn
2557 5805 2605 5849 te
2634 5793 2774 5848 illinc
2802 5790 3001 5847 eduxi?
3024 5789 3308 5857 Propterea
3336 5802 3432 5856 ego
3461 5798 3601 5855 prue-
