4020 6136
409 284 511 340 343

409 402 521 470 cepi
552 410 607 455 ut
638 408 688 455 te
711 401 761 454 in
787 401 1119 455 Palaestinam
1141 400 1438 464 conferres,
1468 408 1522 457 et
1547 399 1729 453 relicta
1754 407 1975 467 paterna

412 490 573 544 tlotno
604 491 812 545 venires
854 491 905 544 in
951 500 1144 545 terram
1202 489 1376 557 banc,
1426 500 1485 545 ιιι
1534 489 1586 543 in
1643 488 1988 543 hereditatem

416 594 532 634 eam
563 580 881 650 possideres.
927 581 1181 651 Cogitans
1227 581 1385 651 igitur
1411 589 1605 651 quanta
1634 578 1826 634 fruaris
1874 592 1991 632 mea

418 671 768 739 providentia,
800 689 863 727 ex
891 688 955 729 eo
994 682 1236 743 tempore
1263 689 1368 743 quo
1394 673 1697 729 Chaldaeum
1730 669 1991 740 reliquisti

418 779 585 832 usque
611 764 662 818 in
693 781 926 833 prmseus
948 774 1173 834 tempus,
1207 775 1260 821 et
1301 764 1566 835 quomodo
1604 764 1779 818 clarus
1809 762 1902 826 sis,
1932 778 1994 814 ac

419 867 513 920 per
539 869 712 908 meum
740 855 1035 908 subsidium
1067 864 1122 908 et.
1171 870 1353 909 curam
1398 853 1636 923 quotidie
1662 853 1856 906 clarior
1874 866 1997 905 eva-

417 941 534 1006 das,
560 942 715 996 dictis
745 943 878 997 meis
905 943 1134 998 conﬁde.
1170 943 1353 997 Vidisti
1406 944 1670 1012 ingentem
1700 941 1995 1011 benignita-

422 1031 562 1085 tem?
591 1031 761 1085 vidisti
808 1045 1059 1101 quantum
1089 1047 1148 1086 se
1185 1040 1502 1101 attemperet
1528 1031 1710 1085 Deus?
1744 1039 1995 1100 quantum

422 1120 539 1187 ejus
567 1120 794 1174 animam
835 1123 1205 1185 eorroborare,
1233 1131 1289 1177 et
1318 1122 1474 1176 ﬁdem
1505 1122 1822 1175 confirmare
1850 1120 1996 1185 velit,

427 1222 483 1267 ut
533 1228 601 1267 ne
637 1213 855 1282 posthac
907 1213 973 1267 ad
1015 1223 1219 1268 naturae
1266 1213 1536 1267 obstacula
1579 1221 1819 1280 spectare
1873 1226 2001 1282 pos-

425 1304 495 1359 sit
524 1321 537 1357 :
567 1304 658 1359 sed
688 1308 806 1373 ejus
840 1305 1074 1374 cogitare
1101 1306 1391 1374 potentiam
1419 1305 1507 1375 qui
1536 1303 1809 1374 promisit.
1852 1313 1905 1357 et
1932 1305 2000 1356 ita

428 1395 649 1451 credere
676 1406 730 1450 et
769 1396 1059 1464 conlidere,
1089 1397 1241 1467 quasi
1265 1396 1374 1467 jam
1414 1396 1627 1465 impleta
1669 1401 1852 1449 essent
1878 1408 2001 1463 pro-

434 1500 616 1539 “"858.

501 1575 553 1628 2.
601 1575 793 1629 Verum
816 1576 1004 1630 iterum
1027 1576 1240 1631 attende
1263 1583 1321 1632 et.
1339 1575 1711 1647 patriarcham,
1740 1575 2005 1646 quomodo

435 1675 552 1734 post
583 1665 823 1719 ﬁduciam
847 1683 907 1719 ex
941 1666 1092 1720 dictis
1119 1675 1390 1736 acceptam
1421 1667 1644 1721 certiora
1674 1667 1903 1733 inquirat
1922 1682 2010 1719 ar-

431 1765 703 1825 gumenta.
746 1759 798 1811 8.
831 1756 970 1811 Dixit
994 1758 1166 1812 enim:
1196 1757 1432 1820 Domine,
1463 1757 1697 1823 Domine,
1734 1758 2008 1812 secundum

432 1847 553 1914 quid
575 1863 868 1917 cOgnoscam
889 1849 1023 1917 quod
1037 1850 1088 1902 in
1109 1850 1430 1903 hereditatem
1450 1859 1745 1921 accepturus
1762 1851 1855 1903 sim
1874 1852 2011 1905 eam?

436 1934 666 1990 Tilln(‘l\i
691 1937 960 2005 Scriptura
991 1940 1135 2008 prius
1158 1947 1344 1993 testata
1368 1937 1545 2002 fuerit,
1575 1954 1696 1994 eum
1721 1939 2011 1995 credidisse

434 2026 590 2080 dictis
614 2027 728 2091 Dei,
754 2036 807 2080 et
837 2028 954 2081 ideo
976 2038 1271 2097 reputatum
1298 2044 1418 2084 esse
1442 2029 1492 2083 ei
1523 2030 1575 2083 in
1598 2028 1880 2099 justitiam,
1916 2045 2011 2084 ve-

439 2127 733 2171 rumtamen
757 2120 875 2189 quia
906 2120 1104 2174 audivit
1128 2139 1141 2174 :
1171 2122 1392 2191 Propter
1414 2122 1516 2176 hoc
1534 2120 1607 2176 Te
1626 2123 1779 2177 eduxi
1802 2124 1864 2177 de
1880 2134 2013 2176 terra

437 2206 693 2267 Clia'dcaz.
725 2220 775 2261 ut
807 2210 978 2264 darem
1007 2212 1094 2264 tibi
1119 2224 1304 2266 terram
1343 2212 1495 2279 hanc,
1525 2222 1578 2266 ut
1606 2213 1658 2266 in
1690 2214 2013 2268 hereditatem

442 2299 720 2365 possideres
747 2315 855 2351 eam
877 2315 897 2364 ;
925 2300 1052 2354 dicit
1080 2318 1093 2353 :
1126 2301 1219 2355 llis
1252 2302 1463 2371 quidem
1493 2318 1609 2371 qua:
1635 2318 1665 2356 a
1697 2313 1747 2357 ιε
1768 2302 2017 2358 dicuntur

443 2388 767 2458 impossibile
795 2399 879 2444 est
903 2400 957 2444 ut
978 2390 1135 2445 ﬁdem
1164 2407 1268 2445 non
1287 2392 1508 2446 habeam
1529 2409 1543 2456 ;
1566 2404 1794 2448 attamen
1819 2395 2013 2449 vellem

441 2484 497 2531 et
517 2478 728 2532 modum
755 2479 958 2535 discere
985 2497 1091 2551 quo
1120 2497 1235 2536 eam
1277 2482 1329 2536 in
1363 2484 1709 2537 hereditatem
1740 2500 1857 2538 sum
1892 2502 2017 2555 pos-

442 2583 705 2624 sessurus.
737 2569 899 2625 Video
923 2573 1062 2627 enim
1089 2588 1173 2627 me
1196 2589 1335 2628 nunc
1357 2589 1467 2643 pro;
1489 2574 1737 2628 emodum
1758 2575 1820 2629 ad
1842 2587 2023 2630 extre-

445 2676 585 2714 mam
615 2671 939 2717 senectutem
988 2665 1289 2732 pervenisse
1312 2704 1327 2725 .
1359 2673 1413 2719 et
1440 2681 1604 2735 usque
1631 2665 1681 2719 in
1708 2665 1850 2721 hunc
1877 2666 2015 2721 diem

443 2750 786 2806 olmubulare
814 2754 961 2821 quasi
1000 2768 1277 2822 erronem;
1307 2763 1361 2809 et
1389 2770 1494 2809 non
1535 2771 1747 2825 possum
1789 2757 2020 2811 humana

445 2842 647 2896 ratione
672 2843 1072 2912 deprehendere
1097 2844 1365 2914 quomodo
1386 2845 1487 2900 hoc
1506 2847 1575 2900 sit
1595 2847 1825 2900 futurum
1856 2865 1869 2901 :
1896 2848 2021 2903 licet

448 2933 593 3001 prius
635 2934 950 2989 crediderim
979 2935 1132 2990 dictis
1162 2935 1296 3000 tuis,
1344 2946 1607 3006 tamquam
1641 2937 1883 2991 videlicet
1907 2953 1937 2991 a
1970 2948 2021 2993 ιε

449 3025 686 3092 prolatis,
717 3028 805 3095 qui
840 3036 990 3095 potes
1015 3027 1064 3080 id
1094 3026 1234 3096 quod
1261 3042 1364 3081 non
1391 3035 1491 3095 est,
1522 3039 1575 3081 ut
1600 3029 1684 3093 sit,
1712 3029 1945 3092 elﬁcere,
1968 3039 2022 3085 et

449 3115 624 3169 onmia
654 3115 826 3170 facere
856 3128 911 3172 et
939 3118 1331 3173 transformare.
1364 3118 1477 3173 Non
1512 3120 1666 3190 igitur
1699 3129 1756 3174 ut
1788 3121 2022 3175 incredu-

449 3206 532 3260 lus
557 3206 656 3259 hoc
683 3206 971 3274 intrrrogo,
1015 3208 1108 3262 sed
1138 3210 1259 3279 quia
1287 3210 1474 3264 iterum
1506 3211 1632 3262 mihi
1674 3210 2020 3266 hereditatem

358 3294 363 3300 ’
451 3297 690 3350 nominas
712 3337 726 3361 ,
774 3300 1014 3353 volebam
1043 3311 1098 3353 et
1123 3302 1352 3354 crassius
1389 3311 1548 3371 atque
1578 3302 1769 3357 clarius
1813 3304 2021 3374 signum

450 3386 709 3456 accipere,
736 3388 872 3457 quod
898 3390 1063 3457 possit
1086 3389 1321 3445 inﬁrmas
1349 3407 1495 3446 meas
1520 3394 1866 3463 cogitationes
1896 3395 2023 3449 soli-

450 3477 601 3533 dare.
627 3479 759 3547 Quid
790 3481 945 3550 igitur
974 3480 1147 3537 bonus
1177 3484 1466 3538 Dominus?
1493 3485 1692 3540 Morem
1727 3503 1915 3557 gerens
1943 3487 2023 3541 fa-

453 3569 596 3623 nmlo
621 3584 740 3637 suo,
785 3580 840 3625 et
869 3564 1052 3627 volens
1078 3573 1192 3643 ejus
1221 3575 1569 3631 corroborare
1613 3578 1863 3643 animam,
1893 3596 2025 3648 quo-

450 3662 593 3717 niam
644 3663 773 3718 vidit
819 3666 1158 3720 conﬁtentem
1189 3682 1335 3721 suam
1366 3667 1802 3737 imbecillitatem,
1830 3680 1885 3725 et
1910 3687 2026 3726 cre-

448 3753 663 3809 dentem
690 3755 904 3825 quidem
933 3758 1287 3826 promissioni,
1309 3760 1613 3829 cupientem
1630 3769 1806 3815 autem
1828 3762 2027 3816 certio-

448 3858 506 3897 ra
558 3845 796 3913 qua-dam
842 3857 1151 3917 argumenta
1197 3850 1458 3919 accipere,
1488 3851 1614 3907 dicit
1655 3853 1749 3907 ei:
1781 3853 1834 3907 9.
1869 3853 2028 3907 Sume

449 3935 571 3989 milii
596 3952 795 3990 vaccam
826 3940 1066 3994 triennem
1085 3982 1101 4008 ,
1133 3950 1178 3994 et
1206 3958 1414 4011 capram
1446 3944 1646 3997 trimam
1665 3985 1679 4008 ,
1711 3955 1759 3998 et
1797 3945 2022 4010 arietem,

447 4035 493 4080 et
523 4036 782 4092 tm'tnrem,
806 4040 849 4083 et
879 4031 1179 4085 columbam.
1212 4031 1343 4087 Vide
1368 4034 1634 4102 quomodo
1663 4050 1811 4089 more
1838 4034 2026 4088 huma-

448 4132 520 4170 no
550 4112 645 4171 init
672 4134 791 4172 cum
813 4136 879 4172 eo
905 4118 1128 4175 foedera.
1155 4122 1610 4188 Quemadmodum
1630 4125 1771 4180 enim
1803 4141 1901 4181 nos
1930 4126 2029 4181 ho-

358 4230 364 4237 ·
453 4207 642 4272 mines,
670 4209 880 4277 quando
916 4211 1110 4280 aliquid
1139 4213 1527 4280 promittimus,
1558 4224 1611 4268 et
1637 4217 1880 4271 volumus
1917 4233 2025 4273 cer-

451 4304 560 4348 tum
589 4296 812 4353 reddere
835 4314 954 4353 eum
976 4302 1059 4355 cui
1088 4303 1368 4371 promissio
1389 4304 1466 4369 ﬁt,
1492 4305 1561 4359 ita
1586 4315 1642 4361 ut
1659 4307 1726 4360 de
1752 4309 2026 4376 promissis

450 4386 579 4440 nihil
608 4390 857 4460 ambigat,
890 4394 1095 4463 signant
1139 4396 1347 4465 aliquod
1374 4397 1580 4466 damus,
1604 4409 1660 4454 et
1688 4401 1875 4471 pignus
1907 4401 1979 4472 (ιι)
2003 4442 2020 4467 ,

448 4487 508 4530 ut
547 4477 615 4531 ad
658 4479 781 4533 illud
827 4494 1106 4553 spectans,
1149 4487 1286 4543 scire
1314 4500 1472 4558 queat
1520 4491 1780 4560 promissa
1808 4493 2025 4547 omnino

447 4579 699 4623 eventura
730 4588 744 4624 :
775 4573 842 4625 ita
882 4583 937 4629 ct
973 4576 1232 4647 benignus
1269 4579 1556 4647 Dominus,
1591 4591 1865 4652 postquam
1893 4584 2027 4638 dixit

446 4659 644 4717 Abram
676 4678 688 4714 :
725 4662 987 4729 Quomodo
1026 4668 1361 4736 cognoscam?
1398 4670 1598 4739 inquit,
1646 4671 1784 4728 Ecce
1827 4682 1881 4725 et
1925 4675 2026 4729 huc

448 4752 540 4805 tibi
573 4752 815 4821 prmbco;
857 4755 1012 4809 Same
1039 4757 1161 4809 mihi
1184 4772 1385 4810 vaccam
1414 4762 1687 4826 triennem,
1727 4774 1772 4816 et
1813 4780 2019 4834 capram

447 4843 665 4910 trimam,
694 4854 742 4898 ct
766 4849 991 4913 arietem,
1013 4856 1059 4901 et
1082 4855 1345 4913 turturem,
1375 4858 1421 4903 et
1444 4850 1745 4907 columbam.
1772 4854 2020 4923 Attende,

445 4933 689 5009 obsecro,
741 4936 792 4989 in
842 4946 1092 5006 quantam
1132 4939 1538 4996 crassitudinem
1594 4941 2022 4999 descendendum

445 5021 545 5079 sibi
573 5022 783 5079 duxerit
810 5025 982 5081 bonus
1012 5027 1301 5096 Dominus,
1331 5044 1437 5100 quo
1479 5031 1832 5101 patriarcham
1877 5049 2026 5105 argu-

613 5195 696 5271 llla
717 5197 854 5263 signa
888 5202 1182 5271 et__pigngra
1216 5206 1507 5271 vocabantur
1547 5209 1708 5271 etiam,
1755 5208 1977 5271 symbolo
2005 5224 2024 5261 :

443 5256 631 5332 scilicet
653 5256 856 5332 tessera
876 5256 1054 5325 quibus
1088 5265 1208 5317 ﬁdes
1249 5267 1326 5332 vel
1356 5256 1647 5329 exhibenda,
1673 5256 2026 5332 v‘elij'arnievbi;

444 5316 918 5397 quasilgnttteabauii-
937 5340 951 5397 _:
979 5316 1215 5397 erantque
1237 5316 1378 5397 signa
1390 5316 1598 5397 contraet
1606 5316 1690 5390 u's,
1704 5316 2026 5397 {minandi};-

442 5378 845 5461 ξξἎῩξ-ἲίξιιεινίε
882 5387 1010 5461 inter
1043 5378 1310 5453 principes:
1332 5378 1445 5461 sive
1488 5378 2024 5461 interﬁj'opulisgtnim

441 5442 654 5511 ξῦἠῖὺοιξι
678 5443 946 5511 bujusmodi
969 5442 1120 5511 ﬁgura
1143 5442 1311 5501 manus
1332 5452 1554 5501 humanae
1581 5442 1775 5502 lucinam
1798 5442 2026 5505 referens

445 5501 599 5574 ιρίτυῃι
622 5501 848 5574 habebat.
874 5501 1055 5574 Manum
1078 5510 1347 5574 ltujusmodi
1373 5501 1681 5564 exhibuimus
1699 5501 2024 5565 libro‘deﬁdn-V-

442 5563 666 5673 gigante
689 5569 1030 5673 explanatione
1052 5577 1102 5622 et
1137 5563 1464 5624 schematibus
1482 5563 1715 5627 illustrata
1737 5563 1946 5639 Tomos,
1972 5563 2020 5642 ιι.

1104 287 1159 340 S.
1199 284 1476 340 JOANNIS
1514 279 1983 339 CHRYSOSTOMI
2023 277 2339 336 ΑιεΠηΕΡ.
2381 278 2917 336 CONSTANTINOP.

3574 273 3688 327 ΞΗ

2097 397 2293 451 mentis
2335 395 2437 451 ﬁde
2462 394 2636 466 dignis
2675 393 2956 449 certiorem
2980 389 3187 447 reddat.
3233 389 3365 445 Nam
3392 389 3515 458 quia
3550 388 3688 441 olim

2094 488 2174 544 eis
2197 487 2267 542 ita
2296 504 2411 542 mos
2435 497 2550 544 erat
2581 485 2897 557 paciscendi,
2926 492 2981 540 et
3004 493 3152 554 pacta
3184 480 3450 547 ﬁrmandi,
3485 479 3608 534 ideo
3627 490 3691 533 et

2098 582 2210 650 ipse
2236 582 2315 634 via
2336 579 2436 634 hic
2459 578 2769 650 ingreditur.
2794 577 2881 633 10.
2906 576 2973 630 Et
2991 576 3204 646 accepit,
3234 575 3423 645 inquit,
3445 585 3491 627 et
3512 572 3691 626 divisit

2098 672 2226 726 eain
2256 672 2383 725 duas
2426 680 2611 739 partes.
2649 667 3050 724 Observandum
3091 683 3194 721 non
3224 667 3422 739 absque
3449 663 3693 729 ratione,

2102 776 2273 831 neque
2312 761 2364 814 in
2409 776 2599 814 vanum
2645 760 2805 813 etiam
2854 767 3060 827 tempus
3099 755 3385 826 designari.
3426 753 3695 808 Trieuuia

2101 853 2241 905 enim
2271 852 2510 920 accipere
2534 851 2692 917 jussit
2719 870 2734 906 :
2766 849 2867 903 hoc
2905 856 3014 912 est,
3061 846 3294 916 perfecta
3337 852 3392 899 et
3415 844 3694 897 absoluta.

2105 941 2171 995 Et
2198 943 2364 995 divisit
2387 958 2446 996 ea
2469 942 2519 995 in
2542 942 2671 996 duas
2709 950 2877 1012 partes
2908 955 2928 994 :
2958 949 3004 995 et
3033 949 3269 1005 utrasque
3292 947 3458 1007 partes
3482 938 3614 989 inter
3634 952 3696 988 se

2106 1037 2270 1105 posuit
2311 1035 2540 1090 obversus
2563 1052 2580 1098 ;
2605 1050 2719 1088 aves
2744 1043 2912 1086 autem
2941 1048 3039 1085 non
3060 1030 3249 1084 divisit.
3275 1031 3338 1083 Et
3359 1029 3550 1082 sedens
3583 1029 3695 1078 ob-

2105 1127 2383 1191 servabat,
2414 1138 2471 1181 ut
2513 1141 2578 1180 ne
2604 1133 2821 1195 possent
2859 1124 3055 1179 divisas
3094 1130 3275 1192 partes
3301 1120 3496 1175 laedere
3520 1120 3693 1171 athe.

2107 1219 2277 1274 tantes
2303 1232 2457 1282 aves,
2479 1228 2533 1272 et
2567 1232 2661 1286 per
2687 1224 2848 1270 totam
2869 1214 3010 1269 diem
3043 1214 3142 1267 hoc
3170 1210 3345 1267 facere
3371 1224 3693 1278 persevera-

2107 1309 2218 1363 bat.
2254 1309 2338 1362 Η.
2367 1306 2740 1361 Descende-rant
2768 1313 2933 1357 autem
2971 1318 3087 1357 aves
3112 1300 3228 1355 alia:
3258 1301 3311 1353 in
3335 1316 3547 1369 corpora
3574 1314 3700 1365 qui:

2108 1400 2268 1453 divisa
2296 1408 2435 1451 erant
2460 1413 2478 1450 :
2498 1407 2544 1450 et
2582 1396 2707 1449 sedit
2735 1411 2850 1448 cum
2874 1394 2943 1448 eis
2981 1392 3187 1445 Abram.
3229 1390 3315 1445 12.
3360 1389 3584 1458 Cumque
3613 1387 3702 1441 sol

2101 1490 2214 1559 jam
2239 1487 2547 1541 occumberet
2566 1528 2581 1551 ,
2614 1486 2759 1539 irruit
2789 1485 2990 1538 ecstasis
3019 1484 3071 1536 in
3105 1481 3312 1545 Abram,
3335 1490 3380 1534 et
3405 1496 3513 1532 ecce
3539 1479 3702 1531 timor

2112 1597 2325 1651 magnas
2346 1588 2392 1632 et
2414 1577 2697 1633 tenebrosus
2717 1576 2898 1629 invasit
2917 1590 3048 1627 eum.
3077 1572 3251 1640 Quare
3278 1579 3513 1639 tempore
3534 1584 3699 1623 occi-

2112 1686 2204 1725 sus
2244 1671 2406 1733 solis,
2447 1684 2566 1724 cum
2608 1668 2716 1737 jam
2755 1666 2820 1720 ad
2869 1679 3146 1734 vesperam
3174 1662 3512 1716 inclinaretur
3538 1658 3703 1713 dies?

2112 1762 2245 1830 Quia
2265 1761 2512 1815 omnibus
2538 1758 2709 1813 modis
2732 1757 3069 1811 attentiorem
3091 1769 3211 1808 eum
3235 1753 3406 1805 facere
3434 1751 3579 1812 vult;
3612 1749 3702 1801 id-

2112 1868 2179 1908 eo
2224 1852 2445 1908 ecstasis
2473 1859 2529 1906 et
2558 1851 2714 1904 timor
2752 1858 2973 1918 magnus
3023 1857 3078 1901 et
3133 1845 3442 1900 tenebrosus
3493 1833 3705 1896 invadit

2115 1961 2260 2012 cum,
2285 1954 2343 2000 ut
2367 1961 2464 2015 per
2488 1944 2664 1999 omnia
2690 1959 2807 2013 quae
2829 1945 2978 2005 tiunt,
3001 1941 3193 1996 sentiat
3213 1954 3273 1995 se
3299 1938 3479 1992 videre
3506 1938 3701 1990 Demn:

2116 2051 2238 2090 eum
2260 2035 2402 2089 enim
2429 2049 2630 2089 morem
2664 2034 2803 2088 Deus
2828 2033 3024 2102 ubique
3050 2030 3229 2085 habet.
3258 2029 3386 2084 Nam
3418 2038 3472 2081 et
3510 2038 3702 2097 postea

2117 2127 2328 2195 quando
2364 2126 2494 2180 Mosi
2543 2126 2593 2180 in
2633 2136 2812 2179 monte
2847 2124 2993 2180 Sinai
3033 2123 3254 2179 daturus
3293 2130 3407 2174 erat
3445 2120 3615 2189 legem
3645 2127 3707 2191 et.

2119 2202 2669 2283 mandatu-Tenebris,
2699 2217 2886 2286 inquit,
2915 2226 2959 2270 ct
2980 2215 3144 2286 caligo
3169 2224 3294 2275 erat,
3313 2222 3358 2266 et
3381 2228 3523 2265 mons
3543 2211 3706 2280 [umi-

2120 2311 2269 2383 gabat
2295 2311 2489 2380 (Exod.
2514 2312 2599 2366 19.
2626 2311 2734 2382 18).
2767 2311 2989 2379 Propter
3015 2311 3114 2364 hoc
3139 2317 3194 2362 cl.
3211 2308 3479 2375 Scriptura
3508 2306 3703 2372 inquit,

2123 2405 2221 2472 Qui
2247 2405 2405 2474 tangit
2429 2412 2639 2467 montes,
2669 2413 2715 2456 et
2738 2404 2987 2475 fumigant
3012 2400 3181 2471 (Psul.
3211 2401 3331 2454 103.
3363 2397 3479 2459 52).
3514 2397 3706 2451 Enim-

2122 2514 2250 2552 vero
2277 2499 2396 2567 quia
2451 2497 2821 2564 incorporeum
2851 2495 3031 2549 videre
3076 2508 3170 2562 per
3215 2491 3494 2547 sensibiles
3538 2489 3708 2543 hosce

2121 2588 2302 2643 oculos
2349 2604 2454 2641 non
2491 2598 2568 2642 est
2596 2586 2880 2657 possibile,
2910 2586 3029 2639 ideo
3057 2598 3206 2637 suam
3233 2582 3389 2637 nobis
3434 2581 3703 2650 operatio-

2123 2697 2246 2735 nem
2273 2680 2573 2749 siguiﬁcare
2599 2681 2729 2734 vult.
2763 2679 2921 2748 Igitur
2947 2676 3199 2746 quoniam
3224 2674 3483 2728 attonitus
3506 2681 3559 2727 et
3582 2689 3705 2741 pcr-

2122 2761 2299 2825 culsus
2353 2782 2470 2826 erat
2513 2772 2692 2825 animo
2731 2771 2904 2840 justus
2950 2769 3061 2834 ille,
3088 2776 3142 2823 et
3190 2773 3531 2822 concusserat
3584 2763 3709 2834 ejus

2122 2875 2356 2920 mentem
2395 2864 2573 2931 timor,
2601 2874 2655 2918 et
2692 2878 2810 2933 qua:
2852 2860 3145 2931 contigerat
3184 2859 3404 2914 ecstasis
3436 2876 3451 2911 :
3494 2857 3707 2911 Dictum

2124 2964 2229 3022 est,
2258 2955 2455 3024 inquit,
2477 2954 2540 3009 ad
2564 2970 2684 3009 cum
2715 2972 2728 3007 :
2767 2953 2971 3014 Vixisti,
2995 2951 3258 3020 quomodo
3287 2965 3627 3021 cognoscam,
3651 2957 3710 3001 et

2124 3047 2333 3117 signum
2368 3045 2576 3100 voluisti
2614 3046 2884 3114 accipere,
2919 3059 3023 3113 quo
3063 3051 3219 3114 pacto
3249 3052 3444 3097 terram
3472 3044 3606 3093 hanc
3651 3039 3706 3092 iu

2128 3138 2476 3192 hereditatem
2506 3150 2848 3206 possessorus
2888 3133 2980 3188 sic.
3024 3135 3162 3189 Ecce
3199 3132 3270 3187 do
3315 3133 3405 3187 tibi
3445 3133 3656 3201 signum
3685 3144 3703 3181 :

2128 3247 2313 3301 magna
2341 3232 2484 3284 enim
2513 3229 2603 3283 tibi
2633 3243 2767 3300 opus
2792 3236 2875 3283 est
2914 3227 3035 3294 ﬁde,
3082 3234 3138 3280 ιιι
3166 3225 3303 3279 scias
3345 3241 3432 3279 me
3455 3237 3611 3294 posse
3637 3236 3710 3279 ex

2126 3325 2417 3393 desperatis
2443 3323 2601 3377 rebus
2625 3322 2889 3391 quoslibet
2928 3320 2979 3372 iu
3020 3333 3170 3388 spem
3199 3318 3391 3372 bonam
3415 3315 3703 3370 adducere.

2131 3418 2217 3471 15.
2248 3414 2312 3468 Et
2340 3414 2528 3467 dictum
2567 3423 2637 3467 est
2682 3413 2749 3465 ad
2775 3412 2960 3465 Abram
2992 3426 3010 3464 :
3037 3409 3349 3481 Cognosccns
3374 3409 3498 3461 scies
3518 3449 3533 3473 ,
3570 3407 3710 3474 quod

2129 3509 2443 3579 peregrinum
2478 3508 2572 3561 erit
2607 3522 2774 3560 semen
2813 3516 2955 3558 tuum
2978 3504 3030 3557 in
3059 3512 3191 3556 terra
3224 3518 3325 3555 non
3350 3518 3473 3565 sua,
3515 3511 3563 3554 et
3589 3502 3711 3555 red-

2128 3600 2261 3670 igent
2289 3615 2371 3653 eos
2399 3598 2450 3651 in
2478 3597 2784 3658 servitutem,
2817 3605 2864 3648 et
2893 3595 3109 3665 aﬂligeut
3128 3635 3144 3659 ,
3176 3603 3221 3647 ct
3247 3593 3578 3646 humiliabant
3620 3609 3709 3646 eos

2128 3690 2276 3743 annis
2293 3687 2688 3759 quadringentis.
2713 3687 2797 3741 14.
2826 3685 3031 3740 Gentem
3061 3694 3228 3738 autem
3257 3684 3340 3736 cui
3364 3684 3593 3749 servient,
3616 3683 3711 3751 ju-

2130 3782 2308 3837 dicabo
2333 3799 2422 3852 ego
2440 3797 2459 3836 :
2489 3789 2659 3850 postea
2678 3789 2846 3834 autem
2865 3778 3179 3848 egrediantur
3199 3777 3298 3831 huc
3318 3793 3433 3829 cum
3455 3784 3710 3846 apparatu

2130 3876 2305 3929 multo.
2334 3876 2514 3943 Magna
2535 3884 2659 3927 sunt
2686 3872 2800 3926 haec
2827 3871 2990 3933 dicta,
3022 3880 3072 3923 et
3099 3885 3216 3939 qum
3242 3868 3479 3922 animum
3500 3866 3708 3920 virilem

2130 3964 2454 4027 desiderent,
2484 3963 2572 4033 qui
2598 3961 2957 4026 transcendat,
2987 3970 3040 4014 et
3060 3960 3195 4014 infra
3223 3973 3284 4013 se
3314 3958 3578 4026 relinquat
3605 3957 3707 4009 hu-

2130 4068 2283 4109 mana
2311 4054 2510 4110 omnia.
2546 4053 2653 4107 Nisi
2677 4052 2820 4106 enim
2842 4065 3181 4121 generosum,
3212 4048 3424 4110 fortem,
3456 4056 3511 4102 et
3535 4048 3711 4117 philo—

2131 4145 2410 4216 sophicum
2445 4145 2685 4199 animum
2718 4143 2992 4198 habuisset
3038 4140 3355 4209 patriarcha,
3383 4147 3528 4194 tanta
3556 4147 3712 4193 erant

2132 4237 2266 4302 haec,
2292 4245 2348 4291 ut
2369 4237 2680 4305 perturbare
2700 4234 3016 4305 potuissent.
3037 4233 3350 4302 Cognoscens
3369 4231 3706 4298 scies,inquit,

2129 4327 2263 4399 quod
2283 4327 2596 4396 peregrinum
2611 4326 2701 4378 erit
2720 4340 2884 4378 semen
2906 4335 3046 4376 tamn
3067 4324 3117 4376 in
3134 4332 3265 4376 terra
3285 4338 3385 4375 non
3402 4338 3513 4383 sua,
3532 4331 3575 4375 et
3591 4322 3714 4373 red-

2128 4419 2264 4489 igant
2297 4434 2378 4472 eos
2416 4418 2467 4471 in
2494 4417 2815 4480 servitutem,
2845 4425 2889 4468 et
2910 4415 3147 4484 oﬁligent,
3184 4423 3231 4466 et
3272 4412 3603 4465 httmiiiabnnt
3629 4428 3713 4466 eos

2131 4513 2277 4566 annis
2297 4510 2695 4580 quadringentis.
2719 4506 2925 4563 Gentem
2942 4516 3107 4558 autem
3123 4505 3205 4557 cui
3224 4502 3711 4573 semient,jadicabo

2130 4619 2223 4675 ego
2240 4619 2262 4657 .'
2292 4612 2402 4672 post
2428 4601 2535 4655 Inec
2554 4600 2868 4671 egrediantur
2888 4599 2985 4652 huc
3007 4614 3120 4650 cum
3144 4606 3397 4665 apparatu
3420 4595 3600 4649 multo.

2201 4695 2254 4749 5.
2294 4693 2371 4748 Ne
2395 4692 2694 4757 admireris,
2728 4691 2917 4760 inquit,
2949 4689 3172 4757 teipsum
3205 4689 3514 4757 re.~piciens,
3542 4697 3597 4742 et
3622 4703 3711 4742 se-

2131 4787 2274 4840 nium
2298 4795 2467 4848 tuutu,
2493 4795 2547 4838 et
2571 4783 2716 4839 Sara:
2732 4783 3060 4836 sterilitatem
3078 4792 3127 4835 et
3159 4793 3365 4835 uterum
3394 4781 3509 4849 ejus
3530 4796 3710 4835 emor-

2131 4886 2277 4931 tuum
2309 4892 2322 4928 :
2352 4885 2405 4929 et
2446 4890 2515 4929 ne
2557 4884 2709 4943 putes
2739 4888 2986 4941 maguum
3028 4871 3223 4941 aliquid
3251 4885 3372 4925 esse
3401 4870 3540 4940 quod
3569 4871 3709 4934 dixi,

2131 4965 2328 5023 Semini
2355 4977 2441 5018 tuo
2462 4964 2590 5017 dabo
2617 4974 2801 5018 terram
2825 4962 2972 5015 hanc.
2997 4961 3111 5016 Non
3133 4961 3305 5015 solum
3320 4961 3462 5014 enim
3494 4960 3597 5014 hoc
3618 4960 3710 5013 tibi

2130 5056 2379 5127 prtedico,
2402 5054 2497 5109 sed
2515 5054 2653 5108 addo
2678 5052 2801 5106 illud
2828 5052 2997 5121 ipsum
3026 5066 3208 5105 semel
3237 5059 3382 5103 tuum
3406 5051 3457 5103 in
3485 5050 3710 5105 alienam

2133 5157 2327 5204 terram
2367 5144 2734 5201 abducendum
2763 5158 2902 5198 esse.
2934 5142 3048 5197 Non
3079 5142 3248 5206 dixit,
3292 5142 3345 5196 in
3380 5140 3669 5212 Egyptian
3692 5180 3709 5203 ,

2130 5254 2303 5308 neque
2340 5238 2590 5294 iudicavit
2635 5247 2790 5291 terra:
2831 5250 3022 5289 nomen
3049 5251 3064 5288 :
3092 5234 3185 5289 sed
3215 5234 3382 5297 dixit,
3418 5233 3473 5287 In
3514 5242 3711 5286 terram

2131 5345 2236 5384 non
2259 5344 2410 5384 suam
2441 5345 2455 5381 :
2486 5336 2540 5381 et
2571 5327 2876 5381 servitutem
2914 5324 3105 5389 ferent,
3128 5334 3177 5378 et
3206 5323 3474 5378 miseriam
3502 5339 3517 5375 :
3552 5322 3707 5390 idque

2133 5439 2237 5477 non
2263 5420 2329 5476 ad
2358 5422 2514 5476 breve
2543 5430 2784 5489 tempus,
2828 5434 3001 5486 neque
3035 5417 3100 5470 ad
3131 5431 3420 5485 paucorum
3450 5429 3707 5467 annorum

2132 5530 2431 5579 numerum,
2460 5512 2554 5567 sed
2586 5526 2754 5580 usque
2776 5511 2842 5566 ad
2883 5510 3297 5581 quadringentos
3320 5523 3508 5562 annos.
3542 5505 3709 5561 Ultio-

2135 5622 2254 5662 ucm
2282 5620 2411 5661 sane
2437 5605 2505 5659 de
2529 5604 2593 5660 iis
2618 5618 2716 5675 ego
2746 5617 2972 5665 sumam,
3004 5613 3052 5656 et
3085 5612 3296 5671 gentem
3322 5599 3466 5653 illam
3492 5597 3709 5653 servin-
