4020 6136
338 249 443 305 5‘5

1324 247 1391 302 IN
1432 248 1584 305 CAP.
1626 247 1717 305 XV
1759 245 2002 305 GENES.
2043 247 2274 304 HOMIL.
2323 250 2578 309 XXXVII.

3493 256 3600 313 5H

335 363 436 434 τὴν
469 361 835 432 Παλαιστίνην
852 357 1175 432 ἐϐουλόμην,
1203 363 1296 416 καὶ
1319 361 1534 431 ἀφεῖναι
1552 363 1650 434 τὴν
1663 367 1925 439 πατρῷον
2025 360 2249 417 διεῖλεν
2278 363 2429 417 αὐτὰ
2464 366 2646 435 μέσα.
2686 364 3113 436 Παρατηρητέον
3146 364 3262 429 πῶς
3311 366 3373 420 οὐ
3425 369 3602 439 μάτην

334 449 534 515 οίκίαν,
554 450 649 504 καὶ
659 448 833 504 ἐλθεῖν
849 451 929 514 είς
942 448 1039 521 τὴν
1052 448 1158 520 γῆν
1170 448 1396 521 ταύτην,
1413 450 1498 504 ἵνα
1512 450 1612 523 κλη
1622 453 1922 526 ρονομήσῃς

334 539 528 611 αὐτήν.
548 538 912 609 Λογιζόμενος
937 537 1121 592 τοίνυν
1138 539 1270 610 ὅσης
1288 539 1613 612 ἀπήλαυσας
1643 539 1921 610 παρ’ἐμοῦ

337 629 615 701 προνοίας,
646 626 707 693 ἐξ
726 628 850 682 ὅτου
884 626 982 699 τὴν
1014 625 1290 682 Χαλδαίαν
1315 629 1609 691 κατέλιπες
1637 627 1799 698 μέχρι
1826 627 1921 682 τοῦ

336 715 624 786 παρόντος,
658 715 755 767 καὶ
783 715 932 778 ὅπως
951 715 1258 788 περιφανὴς
1275 715 1508 786 γέγονας
1528 715 1651 770 καθ’
1682 716 1921 787 ἑκάστην

331 802 713 875 λαμπρότερος
759 801 1109 872 δεικνύμενος
1153 804 1217 857 ἐκ
1258 805 1358 874 τῆς
1404 804 1544 875 ἐμῆς
1580 804 1918 875 συμμαχίας,

334 890 429 946 καί
460 891 560 961 τῆς
589 892 720 963 περὶ
754 890 813 943 σὲ
845 890 1197 961 κηδεμονίας,
1237 891 1512 967 θάρσησον
1535 892 1626 946 καὶ
1652 895 1764 953 τοῖς
1788 890 1919 963 παρ’

332 978 467 1051 ἐμοῦ
520 978 860 1049 λεγομένοις.
910 973 1064 1043 Εἶδες
1116 979 1531 1052 φιλανθρωπίας
1572 979 1915 1051 ὑπερϐολήν;

332 1064 474 1131 εἶδες
512 1068 975 1137 συγκαταϐάσεως
1014 1067 1280 1138 μέγεθος;
1316 1067 1434 1133 πῶς
1459 1068 1625 1122 αὐτοῦ
1669 1068 1918 1141 στηρίξαι

333 1153 583 1225 βούλεται
614 1155 713 1226 τὴν
745 1155 948 1225 ψυχὴν,
987 1155 1082 1208 καὶ
1126 1154 1482 1227 βεϐαιοτέραν
1514 1154 1677 1209 αὑτοῦ
1702 1159 1799 1227 την
1827 1156 1912 1209 πί-

332 1260 451 1297 στιν
479 1243 843 1316 ἐργάσασθαι,
869 1244 956 1299 ἵνα
995 1246 1070 1315 μὴ
1102 1244 1201 1317 ἔχῃ
1224 1244 1409 1299 λοιπὸν
1431 1247 1564 1316 ὁρᾷν
1582 1245 1719 1317 πρὸς
1737 1245 1806 1299 τὰ
1821 1246 1918 1316 τῆς

331 1332 548 1403 φύσεως
602 1332 919 1405 κωλύματα,
965 1334 1102 1388 ἀλλὰ
1158 1334 1256 1407 τὴν
1284 1334 1515 1406 δύναμιν
1570 1335 1769 1389 ἐννοῶν
1821 1334 1917 1388 τοῦ

331 1420 824 1491 ἐπαγγειλαμένου,
876 1420 952 1486 ώς
976 1421 1080 1491 ἤδη
1105 1420 1215 1475 τῶν
1254 1422 1602 1493 ὑποσχέσεων
1632 1423 1712 1487 είς
1757 1422 1917 1496 ἔργον

330 1508 726 1579 ἐκϐεϐηκυιῶν,
757 1507 904 1563 οὕτω
935 1507 1159 1582 θαρρεῖν
1191 1508 1328 1582 ἔχῃς

401 1632 617 1715 β’)Ᾱλάΰ
632 1632 731 1705 δρα
746 1631 908 1686 πάλιν
918 1631 1010 1686 τὸν
1024 1631 1390 1703 πατριάρχην,
1407 1630 1593 1702 ἐπειδὴ
1606 1630 1918 1703 παρρησίαν

328 1719 524 1774 ἐλαϐεν
558 1721 622 1773 ἐκ
651 1720 760 1774 τῶν
788 1719 1117 1791 εἰρημένων,
1139 1718 1259 1782 πῶς
1290 1718 1513 1773 πλείονα
1542 1718 1918 1791 πληροφορίαν

330 1806 598 1878 ἐπιζητεῖ.
622 1806 796 1875 Φησὶ,
820 1806 948 1879 γὰρ,
974 1807 1248 1860 Δέσποτα
1279 1806 1477 1874 Κύριε,
1514 1804 1665 1859 κατὰ
1693 1806 1750 1859 τί
1775 1804 1921 1876 γνώ-

328 1908 508 1959 σομαι
535 1893 732 1956 τοῦτο,
761 1892 852 1947 ὅτι
874 1890 1313 1963 κληρονομήσω
1340 1891 1535 1958 αὑτήν
1556 1909 1576 1958 ;
1596 1891 1658 1946 Et
1676 1892 1770 1946 καὶ
1789 1909 1921 1962 προσ

327 1981 569 2035 λαϐοῦσα
598 1983 633 2052 ἡ
669 1981 789 2035 θεία
830 1980 1023 2051 Γραφὴ
1056 1980 1442 2052 ἐμαρτύρησεν
1476 1979 1647 2052 αὐτῷ,
1681 1980 1763 2034 ὅτι
1796 1979 1919 2034 ἐπί-

330 2088 524 2124 στευσε
552 2073 665 2133 τοῖς
683 2070 834 2140 παρὰ
863 2067 958 2123 τοῦ
981 2067 1115 2122 Θεοῦ
1140 2068 1374 2140 ῥηθεῖσι,
1397 2069 1464 2121 δι’
1490 2069 1518 2121 ὃ
1546 2069 1640 2122 καὶ
1667 2068 1918 2139 ἐλογίσθη

250 2198 263 2209 .
330 2157 483 2229 αὐτῷ
520 2158 600 2222 είς
622 2156 993 2228 δικαιοσύνην,
1028 2156 1145 2211 ἀλλ’
1174 2157 1324 2227 ὅμως
1343 2155 1531 2227 ἐπειδὴ
1561 2157 1812 2227 ἤκουσεν,
1838 2157 1919 2210 ὅτι

329 2245 418 2300 διὰ
436 2246 596 2299 τοῦτο
607 2247 662 2297 Ἐ
669 2245 742 2311 εὴ
752 2247 935 2315 γαγόν
957 2260 1030 2300 σε
1054 2245 1123 2298 ἐκ
1141 2243 1253 2315 γῆς
1265 2245 1587 2310 Χαλδαίας,
1609 2243 1765 2297 ὥστε
1784 2243 1921 2299 δοῦ·

328 2335 432 2388 ναί
461 2345 561 2388 σοι
599 2333 716 2401 τὴν
754 2332 860 2403 γῆν
910 2333 1153 2401 ταύτην,
1200 2331 1656 2401 κληρονομῆσαι
1700 2330 1918 2400 αὐτὴν,

330 2421 485 2492 φησί’
512 2423 627 2485 τοῖς
650 2422 748 2490 μὲν
766 2420 916 2491 παρὰ
933 2419 1026 2474 σοῦ
1046 2419 1361 2490 λεγομένοις
1394 2420 1492 2490 οὐχ
1511 2414 1622 2472 οἷόν
1645 2419 1704 2471 τέ
1728 2436 1793 2488 με
1809 2418 1923 2471 δια-

332 2509 618 2579 πιστῆσαι·
641 2507 755 2561 ἀλλ’
769 2509 918 2578 ὅμως
934 2505 1236 2578 ἐϐουλόμην
1266 2506 1468 2560 καὶτὸν
1490 2506 1686 2577 τρόπον
1707 2505 1919 2576 μαθεῖν,

331 2594 450 2657 πῶς
472 2594 642 2665 αὐτὴν
677 2594 856 2666 μέλλω
891 2594 1270 2666 κληρονομεῖν.
1309 2593 1453 2666 Ὀρῶ
1480 2594 1589 2665 γὰρ
1616 2593 1712 2647 καὶ
1750 2596 1920 2663 ἐμαυ-

329 2681 421 2735 τδν
460 2681 647 2734 λοιπὸν
700 2680 837 2751 πρὸς
876 2680 1054 2750 γῆρας
1101 2679 1420 2751 ἐληλακότα,
1471 2681 1566 2733 καὶ
1616 2680 1776 2752 μέχρι
1827 2678 1920 2731 τοῦ

330 2768 601 2840 παρόντος
631 2767 705 2831 ὡς
735 2766 941 2837 ἀλήτην
982 2766 1213 2820 ἐνταῦθα
1260 2768 1541 2837 περιιόντα
1559 2780 1584 2808 ι
1614 2768 1707 2820 καὶ
1738 2767 1799 2820 οὐ
1828 2766 1889 2821 δύ
1907 2797 1921 2807 -

331 2872 505 2926 ναμαι
532 2854 859 2925 ἀνθρωπίνῳ
886 2853 1135 2926 λογισμῷ
1170 2854 1496 2909 καταλαϐεῖν
1532 2854 1594 2907 τὸ
1622 2854 1879 2924 ἐσόμενον
1905 2870 1917 2882 ·

332 2946 381 2997 εἰ
411 2945 505 2998 καὶ
537 2943 620 2996 ὅτι
659 2941 971 3013 προλαϐὼν,
1003 2942 1189 3012 φησὶν,
1218 2942 1518 2996 ἐπίστευσα
1546 2943 1659 3005 τοῖς
1692 2940 1921 3012 εἰρημέ-

330 3048 465 3097 νοις.
492 3030 590 3086 ἅτε
623 3030 686 3102 δὴ
714 3030 789 3094 ώς
812 3029 965 3101 παρὰ
994 3029 1087 3083 σοῦ
1112 3029 1346 3101 λεχθεῖσι
1375 3029 1468 3083 τοῦ
1504 3028 1804 3099 δυναμένου
1828 3027 1919 3081 καὶ

331 3119 398 3172 ἐκ
423 3116 517 3172 τοῦ
546 3118 621 3188 μὴ
659 3117 812 3181 ὄντος
848 3118 929 3180 είς
954 3116 1017 3170 τὸ
1046 3112 1187 3169 εἶναι
1218 3118 1582 3188 παραγαγεῖν,
1613 3115 1706 3169 καὶ
1743 3115 1921 3169 πάντα

333 3205 612 3266 ποιοῦντος
649 3205 745 3258 καλ⁸
790 3202 1316 3275 μετασκευάζοντος.
1348 3204 1424 3256 υὺ
1456 3200 1637 3256 τόίνυν
1674 3202 1921 3257 ἀπιστῶν

331 3292 494 3365 τοῦῖρ
518 3291 748 3365 ἐρωτῶ·
802 3291 917 3346 ἀλλ’
969 3290 1157 3362 ἐπειδὴ
1209 3290 1372 3344 πάλιν
1418 3292 1519 3361 τῆς
1557 3290 1921 3362 κληρονομίας

332 3311 429 3348 του
518 3311 748 3365 ερωτω·
802 3311 913 3346 αλλ’
969 3311 1157 3362 επειοη
1209 3311 1372 3344 παλιν
1418 3311 1519 3361 της
1557 3311 1919 3362 κΛηρσνομιας

332 3311 675 3476 ΰπῧνησας,
727 3379 919 3451 ἦθελον
957 3378 1053 3433 καὶ
1094 3378 1401 3448 παχύτερόν
1445 3396 1497 3431 τι
1548 3380 1769 3449 σημεῖον
1826 3377 1919 3432 καὶ

332 3465 563 3537 ἐναργὲς
590 3467 866 3533 δέξασθαι,
900 3466 963 3520 τὸ
1012 3465 1309 3536 δυνάμενόν
1336 3472 1443 3537 τμου
1491 3466 1600 3518 τῶν
1642 3465 1919 3536 λογισμῶν

332 3555 431 3628 τὴν
460 3555 743 3610 ἀσθένειαν
763 3553 1094 3628 ἐπιρρῶσαι.
1121 3552 1186 3606 Τί
1210 3545 1302 3606 οὖν
1323 3554 1351 3606 6
1379 3551 1581 3621 ἀγαθὸς
1608 3552 1916 3622 Δεσπότης;

334 3643 790 3713 Συγκαταϐαίνων
814 3640 892 3712 τῷ
918 3640 1102 3712 οἰκείῳ
1121 3640 1431 3712 θεράποντι,
1468 3639 1563 3693 καὶ
1598 3638 1919 3709 βουλόμενος

334 3730 499 3785 αὑτοῦ
524 3729 794 3801 νευρῶσαι
817 3728 913 3800 τὴν
940 3728 1142 3798 ψυχὴν,
1169 3726 1357 3798 ἐπειδὴ
1386 3721 1527 3780 εἶδεν
1552 3724 1919 3795 ὁμολογοῦντα

332 3836 434 3890 την
462 3816 670 3870 οἰκείαν
711 3816 1016 3877 ἀσθένειαν,
1054 3816 1149 3867 καὶ
1199 3812 1526 3866 πιστεύοντα
1558 3813 1658 3883 μὲν
1689 3815 1755 3883 τῇ
1786 3813 1919 3867 ὑπο-

336 3905 543 3976 σχέσει,
588 3902 911 3972 βουλόμενον
961 3900 1017 3953 δέ
1058 3900 1430 3971 πληροφορίαν
1480 3900 1603 3953 τινὰ
1639 3898 1916 3967 δέξασθαι,

336 3994 472 4064 φησὶ
484 3998 618 4064 πρὸς
630 3990 812 4044 αὐτόν·
832 3987 988 4046 Λάϐε
997 4006 1099 4058 μοι
1108 3987 1367 4058 δάμαλιν
1380 4003 1531 4057 τριετ
1539 3986 1803 4073 ίᾷιυσαν,
1820 3987 1918 4043 καί

333 4076 475 4150 atra
488 4075 912 4146 τριετίζουσαν,
934 4075 1032 4129 καὶ
1055 4074 1247 4145 κριὸν,
1263 4075 1361 4129 καί
1393 4075 1671 4144 τρυγόνα,
1691 4074 1787 4128 καί
1815 4091 1918 4128 πε-

330 4163 792 4239 ριστεράν.”ορα
821 4162 938 4226 πῶς
957 4161 1317 4234 ἀνθρωπίνως
1338 4164 1573 4215 ποιεῖται
1596 4162 1734 4232 πρὸς
1757 4160 1918 4214 αὐτὸν

336 4251 492 4326 [575]
520 4252 618 4316 τὰς
652 4250 945 4322 συνθήκας.
996 4249 1261 4321 Καθάπερ
1300 4248 1410 4320 γάρ
1450 4249 1544 4301 ἐπὶ
1572 4249 1681 4303 τῶν
1709 4247 1919 4320 ἀνθρώ-

336 4357 476 4405 πων,
521 4340 649 4393 ϐταν
682 4338 788 4391 τινί
823 4335 1207 4407 ὑποσχώμεθα,
1251 4334 1563 4415 βουλόμενοι
1615 4338 1795 4389 πεῖσαι
1828 4335 1919 4388 τὸν

337 4426 435 4498 τὴν
462 4425 754 4496 ὑπόσχεσιν
777 4424 1080 4496 δεχόμενον,
1121 4423 1259 4476 ὥστε
1295 4421 1372 4493 μὴ
1402 4422 1766 4494 άμφιϐάλλειν
1791 4423 1920 4494 περὶ

220 4510 232 4525 ’
338 4514 447 4569 τῶν
471 4515 916 4584 ἐπαγγελθέντων
941 4556 955 4581 ,
998 4513 1222 4583 σημεῖόν
1252 4529 1304 4565 τι
1346 4511 1659 4582 παρέχομεν
1682 4512 1775 4565 καὶ
1803 4511 1918 4565 ἐνέ-

338 4620 523 4674 χυρον,
564 4602 652 4658 ῖνα
685 4602 820 4673 πρὸς
847 4602 1022 4654 ἐκεῖνο
1051 4598 1194 4670 ὁρῶν
1222 4597 1415 4651 εἰδέναι
1445 4598 1562 4672 ἔχῃ,
1593 4598 1669 4662 ώς
1701 4599 1915 4663 πάντως

338 4690 419 4753 εἰς
451 4688 609 4761 ἔργον
642 4689 934 4759 ἐκϐήσεται
982 4687 1051 4740 τὰ
1096 4685 1511 4757 ἐπηγγελμένα’
1546 4685 1689 4738 οὕτω
1745 4686 1841 4739 καλ⁵
1890 4687 1920 4739 6

341 4775 721 4848 φιλάνθρωπος
758 4775 1059 4845 Δεσπότης,
1095 4772 1279 4844 ἐπειδὴ
1315 4768 1455 4836 εἷπε,
1496 4771 1656 4826 Κατὰ
1686 4773 1742 4825 τί
1776 4771 1920 4841 γνώ-

339 4877 554 4931 σομαι;
584 4863 736 4932 φησὶ,
772 4861 906 4914 Ἰδοὺ
935 4860 1029 4913 καλ⁵
1053 4858 1210 4913 τοῦτό
1245 4876 1327 4911 σοι
1354 4859 1609 4930 παρέχω’
1642 4858 1796 4914 Λάϐε
1818 4877 1920 4929 μοι

340 4948 603 5019 δάμαλιν
627 4946 1050 5016 τριετίζουσαν,
1084 4946 1181 5001 καί
1209 4942 1347 5017 αἶγα
1374 4946 1799 5016 τριετίζουσαν,
1821 4947 1918 5000 καὶ

254 5038 255 5041 “
342 5037 528 5105 κριὸν,
561 5036 659 5088 καί
692 5035 968 5105 τρυγόνα,
1012 5035 1109 5088 καὶ
1167 5033 1541 5102 περιστεράν.
1581 5035 1690 5087 Θέα
1727 5052 1815 5105 μοι
1842 5036 1921 5099 είς

343 5126 518 5195 πόσην
569 5121 856 5193 παχύτητα
908 5121 1185 5175 κατελθεῖν
1233 5121 1587 5191 καταδέχεται
1637 5122 1665 5175 6
1717 5122 1921 5191 ἀγαθὸς

343 5209 619 5281 Δεσπότης
681 5207 770 5261 διὰ
821 5207 921 5278 τὴν
984 5207 1354 5279 πληροφορίαν
1397 5207 1491 5261 τοῦ
1558 5210 1917 5281 πατριάρχου.

356 5278 584 5369 Ἐπειδὴή
605 5296 714 5366 γάρ
751 5295 811 5348 τὸ
842 5294 1071 5349 παλαιὸν
1102 5278 1284 5359 θοῦτως
1327 5291 1396 5367 ἦν
1428 5296 1613 5360 αὐτοῖς
1646 5278 1777 5360 ἐθοςή
1798 5278 1896 5351 σ)ν

344 5385 515 5456 θήκας
546 5377 837 5448 ποιεῖσθαι,
856 5382 951 5436 καὶ
976 5382 1062 5434 διὰ
1085 5382 1289 5435 τούτων
1311 5383 1479 5445 αὐτὰς
1506 5382 1778 5452 βεϐαιοῦν,
1800 5384 1902 5438 ταύ

342 5491 442 5546 την
468 5475 561 5528 καὶ
588 5475 747 5537 αὐτὸς
768 5473 988 5545 ἔρχεται
1010 5472 1107 5543 τὴν
1121 5471 1263 5530 ὁδόν.
1293 5470 1404 5527 Καὶ
1430 5471 1631 5539 ἔλαϐε,
1650 5473 1804 5544 φησὶ,
1823 5473 1922 5527 καὶ

363 5665 391 5688 ν
408 5649 431 5675 ⁸
454 5655 592 5706 linus
616 5653 862 5714 παριόντα.

2021 449 2141 502 οὑδέ
2178 451 2301 521 εἰκῆ
2336 452 2433 504 καὶ
2470 452 2563 507 τὸν
2602 453 2792 524 χρόνον
2819 453 3225 525 ἐπεσημήνατο.
3257 454 3603 526 Τριετίζοντα
3632 467 3648 526 ξ

2021 533 2130 606 γάρ
2161 534 2347 590 λαϐεῖν
2365 521 2682 608 προσέταξε,
2710 537 2855 592 τοῦτ’
2872 521 3012 602 ἐστι,
3034 521 3236 607 τέλεια,
3259 521 3605 612 ἀπηρτισμέ-
3629 521 3643 543 ³

2020 636 2110 676 να.
2142 624 2249 677 Καὶ
2267 624 2489 679 διεῖλεν
2509 626 2661 681 αὐτὰ
2678 628 2861 696 μέσα,
2897 627 2995 681 καὶ
3018 627 3233 696 ἔθηκεν
3255 628 3412 682 αὐτὰ
3437 630 3604 683 ἀντι-

2022 711 2315 779 πρόσωπα
2344 713 2671 782 ἀλλήλοις·
2708 715 2781 769 τὰ
2820 714 2897 783 δὴ
2934 714 3112 784 ὄρνεα
3140 718 3211 769 οὐ
3253 714 3461 770 διεῖλε,
3494 717 3605 770 Καὶ

2021 797 2384 870 καθεζόμενος
2424 802 2701 874 ἐπετήρει,
2740 801 2880 856 ὥστε
2907 803 2981 874 μὴ
3015 802 3360 875 λυμήνασθαι
3384 807 3494 867 τοῖς
3526 804 3605 859 δι-

2017 888 2221 958 χοτομή
2230 905 2362 958 μασι
2383 890 2450 943 τὰ
2471 890 2815 961 ἐφιπτάμενα
2834 891 3019 963 ϐρνεα,
3042 891 3138 945 καὶ
3163 890 3253 945 διὰ
3274 892 3454 961 πάσης
3476 893 3605 963 ἡμέ-

2021 990 2123 1044 ρας
2163 973 2325 1028 τοῦτο
2378 977 2548 1031 ποιῶν
2580 977 2831 1057 διετέλειπ
2872 978 3100 1047 Κπέόη
3129 978 3197 1033 δὲ
3228 979 3400 1047 ἕτερα
3429 979 3605 1047 ὄρνεα

2015 1061 2116 1116 ἐπὶ
2145 1063 2220 1117 τὰ
2243 1063 2492 1136 σώματα
2524 1065 2596 1119 τὰ
2616 1066 2673 1120 δι
2677 1064 3083 1136 χοτομηθέντα
3100 1067 3150 1133 δ,
3170 1066 3269 1121 καί
3285 1068 3605 1122 συνεκάθι-

2017 1165 2131 1203 σεν
2151 1145 2622 1223 αὐτοῖςῙΑϐραμ.
2646 1153 2784 1222 Περὶ
2819 1153 2888 1207 δὲ
2908 1145 3099 1220 ’ἡλίου
3127 1153 3365 1223 δυσμὰς
3387 1154 3606 1208 ἐκστα-

2015 1252 2117 1304 σις
2158 1238 2423 1294 ἐπέπεσε
2465 1240 2545 1307 τῷ
2589 1243 2826 1311 Ἀϐραμ,
2871 1243 2971 1295 καί
3012 1241 3141 1295 ίδοὺ
3182 1243 3368 1311 φόϐος
3413 1246 3605 1313 μέγας

2015 1324 2117 1380 καί
2150 1327 2465 1394 σκοτεινὸς
2489 1329 2793 1382 ἐπιπίπτει
2824 1327 3007 1393 αὐτῷ.
3051 1329 3209 1391 Τίνος
3251 1329 3436 1384 ἐνεκεν
3476 1331 3604 1401 περὶ

2015 1412 2166 1482 ἡλίου
2219 1413 2450 1485 δυσμὰς,
2495 1416 2584 1468 ὅτε
2626 1415 2811 1469 λοιπὸν
2864 1415 3002 1490 πρὸς
3044 1416 3287 1485 ἑσπέραν
3321 1418 3353 1487 ή
3385 1416 3601 1488 ⁴ἡμέρας

2008 1501 2115 1555 Διὰ
2144 1504 2363 1558 πάντων
2407 1507 2912 1577 προσεκτικώτερον
2955 1507 3120 1560 αὐτὸν
3149 1506 3400 1576 βούλεται
3432 1507 3601 1577 ἐργά-

2018 1590 2246 1644 σασθαι’
2290 1591 2380 1646 δια
2432 1591 2591 1645 τοῦτο
2651 1593 2744 1647 καὶ
2784 1592 3043 1658 ἔκστασις
3082 1594 3178 1648 καὶ
3223 1595 3386 1664 φόϐος
3432 1596 3604 1666 μέγας

2016 1678 2113 1730 καὶ
2147 1680 2416 1742 σκοτεινὸς
2439 1681 2726 1734 ἐπιπίπτει
2757 1680 2922 1752 αὐτῷ,
2951 1680 3037 1734 ἵνα
3064 1681 3151 1736 διὰ
3173 1682 3283 1735 τῶν
3306 1684 3602 1754 γινομένων

2016 1765 2097 1828 εἰς
2130 1765 2380 1834 αἴσθησιν
2406 1765 2535 1839 ἔλθῃ
2564 1767 2665 1837 τῆς
2707 1765 2801 1820 τοῦ
2833 1765 2968 1820 Θεοῦ
2999 1769 3289 1832 ὀπτασίας·
3325 1767 3467 1823 οὕτω
3495 1767 3604 1839 γὰρ

2016 1851 2273 1906 ἐκάστοτε
2312 1852 2390 1923 τῷ
2433 1853 2551 1924 Θεῷ
2582 1857 2755 1908 ποιεῖν
2788 1854 2929 1918 ἔθος.
2967 1856 3079 1908 Καὶ
3118 1855 3228 1927 γὰρ
3268 1856 3429 1927 ἡνίκα
3465 1858 3605 1928 μετὰ

2014 1938 2186 1993 ταῦτα
2214 1940 2291 2011 τῷ
2324 1942 2532 2013 Μωῦσῇ
2579 1943 2635 1997 ἐν
2674 1941 2752 2011 τῷ
2784 1942 2982 2012 Σιναίῳ
3022 1941 3136 2014 ϐρει
3171 1942 3362 2013 ἔμελλε
3406 1944 3603 1999 διδόναι

2014 2026 2106 2079 τὸν
2128 2027 2292 2097 νόμον
2313 2027 2525 2091 καὶτὰς
2551 2026 2791 2093 ἐντολάς,
2816 2030 3059 2095 Σκότος.
3081 2029 3237 2100 φησὶ,
3264 2030 3361 2084 καὶ
3378 2032 3603 2085 θύελλα

2016 2108 2114 2184 ἦν,
2145 2116 2247 2169 καί
2276 2116 2341 2169 τὸ
2369 2115 2507 2183 ὄρος
2540 2113 2844 2176 καπνίζον.
2873 2115 2973 2169 Διά
3010 2114 3171 2169 τοῦτο
3209 2117 3303 2172 καὶ
3337 2120 3371 2189 ὴ
3410 2118 3451 2170 Γ
3455 2119 3601 2191 ραφή

2017 2219 2205 2275 φησιν,
2234 2204 2298 2256 '0
2326 2204 2663 2272 ἁπτόμενος
2686 2202 2804 2256 τῶν
2835 2202 3040 2273 ὀρέων,
3069 2202 3171 2258 καί
3193 2203 3599 2265 καπνίζονται.

2029 2290 2246 2362 Ἐπειδὴ
2282 2290 2392 2361 γὰρ
2422 2291 2530 2344 τῶν
2567 2291 2877 2362 ἀσωμάτων
2917 2309 2969 2344 τι
3007 2292 3133 2347 ίδεῖν
3170 2293 3267 2363 οὐχ
3292 2288 3401 2346 οἶόν
3423 2310 3479 2346 τε
3515 2294 3603 2347 διὰ

2014 2378 2123 2431 τῶν
2160 2378 2435 2448 αἰσθητῶν
2477 2377 2683 2432 τούτων
2730 2378 3048 2448 ὀφθαλμῶν,
3102 2378 3201 2451 τὴν
3233 2379 3440 2433 οίκείαν
3468 2383 3603 2451 ἡμῖν

2017 2464 2297 2536 ἐνέργειαν
2340 2466 2581 2535 σημᾶναι
2643 2465 2913 2535 βούλεται.
2959 2465 3176 2537 Ἐπειδὴ
3212 2466 3391 2520 τοίνυν
3442 2484 3603 2520 κατε-

2017 2553 2201 2626 πλάγη
2232 2556 2260 2608 6
2291 2555 2498 2619 δίκαιος
2547 2557 2774 2619 ἐκεῖνος,
2812 2557 2906 2609 καὶ
2953 2555 3272 2609 κατέσεισεν
3305 2556 3472 2609 αὐτοῦ
3502 2557 3600 2628 τὴν

2012 2644 2257 2698 διάνοιαν
2280 2647 2308 2698 6
2326 2646 2508 2714 φόϐος,
2536 2647 2628 2699 καὶ
2654 2648 2687 2717 ἡ
2708 2647 3052 2718 γεγενημένη
3075 2645 3358 2709 ἔκστασις,
3378 2646 3599 2718 ἐρρέθη,

2018 2731 2171 2803 φησὶ,
2195 2730 2330 2803 πρὸς
2350 2731 2532 2785 αὐτόν’
2547 2727 2734 2796 Εἷπες,
2759 2732 2913 2802 φησὶ,
2935 2731 3092 2786 Κατὰ
3111 2732 3161 2785 τί
3177 2731 3455 2802 γνώσομαι
3472 2750 3487 2799 ;
3505 2734 3602 2787 καὶ.

2018 2821 2240 2889 σημεῖον
2281 2815 2579 2889 ἐϐουλήθης
2614 2817 2821 2881 λαϐεῖν,
2854 2818 2971 2881 πῶς
3014 2817 3228 2888 μέλλεις
3248 2818 3603 2890 κληρονομεῖν

2014 2905 2114 2981 τὴν
2148 2906 2273 2975 γῆν.
2318 2906 2448 2959 Ἰδοὺ
2488 2906 2680 2976 δίδωμί
2720 2923 2802 2959 σοι
2836 2909 3063 2977 σημεῖον
3089 2922 3102 2936 ·
3155 2906 3355 2977 πολλῆς
3382 2906 3493 2979 γὰρ
3522 2908 3603 2962 δεῖ

2018 3009 2076 3046 σε
2110 2994 2207 3063 τῆς
2235 2992 2490 3056 πίστεως,
2524 2993 2610 3046 ἵνα
2654 2993 2851 3066 μάθῃς,
2901 2994 2984 3047 ὅτι
3024 2993 3119 3047 καὶ
3155 2992 3214 3059 ἐξ
3242 2995 3603 3066 ἀπεγνωσμέ-

2014 3098 2121 3134 νων
2143 3081 2377 3151 δύναμαι
2400 3082 2467 3133 τὰ
2492 3080 2792 3151 πράγματα
2826 3081 2905 3144 είς
2930 3082 3175 3151 χρηστὰς
3200 3080 3427 3144 ἐλπίδας
3458 3082 3598 3150 ἁγα-

2014 3171 2154 3237 γεῖν.
2184 3170 2294 3222 Καὶ
2331 3168 2539 3238 ὲῤῥέθη
2567 3168 2717 3236 πρὸς
2748 3171 2993 3240 Ἀδραμσ
3026 3167 3354 3223 Γινὼσκων
3371 3168 3599 3238 γνώσῃ.

2014 3255 2103 3309 ὅτι
2127 3255 2419 3324 πάροικον
2437 3258 2608 3311 ἔσται
2635 3258 2699 3311 τὸ
2717 3261 2959 3326 σπέρμα
2987 3272 3104 3311 σου
3123 3256 3194 3310 ἐν
3213 3255 3292 3327 τῇ
3319 3258 3432 3312 οὐκ
3456 3256 3598 3325 ἰδίᾳ,

2014 3344 2109 3397 καὶ
2135 3344 2560 3402 δουλώσουσιν
2583 3348 2828 3413 αὐτοὺς,
2851 3346 2948 3400 καί
2973 3345 3344 3413 κακώσουσι,
3373 3348 3471 3402 καί
3497 3364 3600 3401 τα·-

2013 3431 2425 3488 πεινώσουσιν
2453 3434 2556 3502 ἐτη
2582 3436 2960 3503 τετρακόσια.
3002 3434 3071 3489 Τὸ
3094 3431 3164 3487 δὲ
3193 3434 3389 3501 ἔθνος,
3423 3428 3472 3502 ᾧ
3491 3436 3602 3489 ἐὰν

2013 3521 2412 3587 δουλεύσωσι,
2448 3521 2629 3590 κρινῶ
2652 3521 2766 3592 ἐγώ
2798 3539 2811 3552 ·
2836 3522 2990 3591 μετὰ
3033 3521 3102 3576 δὲ
3137 3523 3325 3577 ταῦτα
3357 3524 3599 3588 ἐξελεύ-

2014 3621 2229 3662 σονται
2261 3606 2377 3663 ὧδε
2411 3610 2562 3677 μετὰ
2594 3608 2945 3677 ἀποσκευῆς
2988 3609 3247 3677 πολλῆς.
3274 3612 3502 3679 Μεγάλα
3533 3612 3598 3667 τά

2014 3696 2305 3766 εἰρημένα,
2359 3698 2455 3751 καὶ
2507 3696 2654 3769 [576]
2696 3697 2878 3768 ψυχῆς
2923 3697 3180 3768 νεανικῆς
3212 3698 3459 3770 δεόμενα,
3503 3702 3600 3754 καὶ

2017 3782 2555 3856 ὑπεραναϐαινούσης
2592 3786 2684 3838 καὶ
2715 3783 2971 3857 ἀφιείσης
3005 3784 3157 3838 κάτω
3192 3786 3366 3839 πάντα
3399 3787 3468 3839 τά
3498 3789 3595 3841 άν-

2016 3868 2285 3939 θρώπινα.
2316 3871 2377 3923 Εἰ
2410 3870 2484 3942 μὴ
2504 3872 2613 3944 γάρ
2638 3871 2893 3940 γενναίαν
2919 3874 3041 3929 τινὰ
3086 3872 3182 3927 καὶ
3202 3872 3475 3944 ἀνδρείαν,
3504 3874 3599 3929 καὶ

2015 3956 2302 4027 φιλόσοφον
2335 3952 2450 4028 εἶχε
2493 3958 2671 4035 ψυχῂν
2702 3959 2730 4011 6
2764 3959 3132 4031 πατριάρχης,
3164 3960 3338 4013 ταῦτα
3371 3961 3468 4015 καὶ
3511 3962 3598 4014 θο-

2015 4043 2250 4113 ρυϐῆσαι
2306 4045 2464 4099 αὐτὸν
2540 4045 2699 4099 ἱκανά
2746 4041 2834 4117 ἦν.
2880 4045 3206 4101 Γινώσκων
3241 4047 3371 4118 γὰρ,
3426 4049 3594 4119 φησὶ,

2013 4131 2240 4201 γνώσῃ,
2273 4131 2362 4186 ὅτι
2394 4132 2685 4202 πάροικον
2714 4135 2887 4188 ἔσται
2910 4135 2974 4188 τὸ
3009 4133 3246 4204 σπέρμα
3273 4150 3391 4188 σου
3426 4134 3497 4188 ἐν
3520 4135 3597 4204 τῇ

2014 4222 2127 4274 οὐκ
2157 4220 2299 4289 ίδίᾳ,
2350 4222 2448 4275 καί
2485 4220 2893 4288 δουλώσουσι,
2936 4222 3035 4275 καὶ
3089 4225 3453 4288 κακώσουσι,
3496 4224 3599 4277 καί

2015 4305 2495 4362 ταπεινώσουσιν
2537 4309 2760 4375 αὐτοὺς
2807 4309 2914 4380 ἐτη
2969 4310 3341 4378 τετρακόσια.
3401 4314 3468 4364 Τὸ
3529 4311 3598 4365 δὲ

2014 4393 2210 4461 ἔθνος,
2242 4387 2291 4461 ᾧ
2328 4396 2437 4450 ἐὰν
2479 4395 2880 4461 δουλεύσωσι,
2922 4395 3101 4464 κρινῶ
3143 4396 3290 4467 ἐγώ·
3335 4398 3487 4467 μετὰ
3529 4398 3598 4452 δὲ

2014 4483 2200 4538 ταῦτα
2220 4483 2647 4548 ἐξελεύσονται
2662 4479 2780 4538 ὧδε
2786 4485 2938 4555 μετὰ
2956 4483 3310 4554 ἀποσκευῆς
3331 4485 3593 4555 πολλῆς.

2083 4614 2154 4677 γ’.
2174 4607 2266 4679 Μὴ
2302 4606 2613 4679 θαυμάσῃς,
2647 4607 2809 4677 φησὶ,
2837 4608 2972 4679 πρὸς
2990 4608 3182 4662 ἐαυτὸν
3202 4608 3344 4681 ὁρῶν
3361 4648 3378 4675 ,
3399 4610 3494 4663 καὶ
3534 4610 3597 4663 τὸ

2012 4698 2194 4769 γῆρας
2225 4698 2287 4752 τὸ
2314 4698 2425 4759 σὺν.
2460 4699 2554 4751 καὶ
2573 4697 2672 4769 τὴν
2699 4697 2805 4768 τῆς
2828 4698 3011 4770 Σάρας
3041 4697 3344 4770 στείρωσιν,
3372 4699 3462 4752 καὶ
3491 4698 3591 4770 τὴν

1984 4834 1987 4839 .
2015 4784 2117 4855 τῆς
2157 4785 2370 4857 μήτρας
2392 4785 2680 4857 νέκρωσιν,
2707 4786 2800 4839 καὶ
2836 4785 3065 4857 νομίσῃς
3091 4802 3157 4854 με
3191 4785 3332 4854 μέγα
3367 4802 3418 4837 τι
3446 4785 3598 4856 είρη-

2016 4873 2190 4938 κέναι,
2224 4874 2307 4927 ὃτι
2331 4868 2484 4927 εἷπον
2506 4891 2520 4905 ·
2558 4872 2640 4939 Τῷ
2666 4872 2965 4942 σπέρματί
2989 4886 3107 4925 σου
3142 4870 3313 4925 δώσω
3342 4872 3455 4936 τὴν
3479 4873 3598 4940 γῆν

2016 4961 2263 5029 ταύτην.
2298 4961 2373 5014 Οὐ
2416 4961 2575 5032 μόνον
2608 4960 2720 5031 γὰρ
2749 4958 2910 5013 τοῦτό
2952 4975 3033 5012 σοι
3057 4959 3331 5029 προλέγω,
3365 4959 3480 5012 ἀλλ’
3513 4961 3596 5014 ὅτι

2015 5049 2110 5103 καὶ
2146 5048 2278 5104 αὐτὸ
2307 5047 2367 5100 τὸ
2412 5046 2633 5117 σπέρμα
2669 5062 2764 5099 σου
2804 5048 2886 5109 είς
2925 5045 3214 5116 ἀλλοτρίαν
3251 5047 3355 5116 γῆν
3401 5049 3599 5103 άπενευ

2015 5135 2298 5206 χθήσεται.
2330 5135 2442 5189 Καὶ
2463 5134 2562 5188 οὐκ
2586 5129 2757 5195 εἶπεν,
2790 5136 2870 5197 εἰς
2892 5135 3185 5203 Αἴγυπτον,
3204 5134 3322 5188 οὐδὲ
3345 5134 3597 5204 ὠνόμασε

2015 5224 2117 5293 τῆς
2144 5224 2247 5295 γῆς
2278 5222 2375 5295 τὴν
2418 5222 2821 5294 προσηγορίαν,
2855 5222 2992 5276 ἀλλά
3024 5238 3209 5292 φησιν,
3234 5223 3339 5275 Ἐν
3381 5222 3458 5292 τῇ
3486 5226 3599 5277 οὐκ

2020 5312 2142 5381 ἰδίᾳ
2160 5331 2174 5345 ·
2208 5314 2300 5367 καὶ
2328 5313 2570 5368 δουλείαν
2597 5312 2927 5385 ὑπομενοῦσι
2950 5313 3045 5366 καὶ
3077 5312 3475 5385 ταλαιπωρίαν,
3505 5312 3598 5366 καὶ

2017 5402 2365 5475 δδυνήσονται
2402 5405 2463 5457 οὐ
2502 5403 2637 5474 πρὸς
2669 5402 2875 5474 βραχὺν
2904 5401 3117 5472 χρόνον,
3141 5402 3261 5456 οὐδὲ
3308 5402 3443 5474 πρὸς
3482 5400 3596 5454 ὀλί-

2084 5589 2112 5629 b
2136 5589 2187 5638 In
2210 5590 2384 5654 Bibliis
2407 5592 2588 5643 Grecis
2608 5591 2786 5650 κατέϐη
2810 5591 2860 5641 δὲ
2881 5590 3017 5654 ὄρνεα
3039 5591 3079 5641 ἆ.
3102 5607 3147 5640 τ.
3175 5589 3320 5650 σ.,τᾶ
3341 5587 3597 5652 διχοτομή-

2027 5667 2155 5713 ματα
2181 5652 2355 5703 αὐτῶν.
