4020 6136
256 278 259 279 ⁷
331 263 437 319 Siti

342 388 392 431 te
422 381 747 446 prementem
778 383 877 441 ego
900 366 1151 439 judicabo
1175 408 1189 433 ,
1230 375 1285 421 ct
1324 368 1401 421 sic
1439 379 1533 420 eos
1586 376 1777 432 magno
1804 376 1924 414 (‘tltlt

348 476 600 539 apparatu
626 465 731 543 lluc
754 463 929 518 redire
958 460 1159 516 curabo
1184 476 1198 513 :
1230 459 1387 514 simul
1413 457 1706 528 praedicens
1730 455 1778 509 ei
1810 468 1928 522 qure

345 561 568 630 posthac
611 566 759 613 certo
791 564 1043 611 eventura
1085 560 1284 623 essent,
1317 551 1624 606 servitutem
1669 547 1925 611 declarat,

345 661 401 707 ct
449 651 763 706 descensum
817 648 868 702 in
925 645 1240 718 Egyptum,
1299 653 1458 714 atque
1511 639 1928 710 indignationem

345 759 504 814 quam
533 749 751 813 propter
779 755 872 795 eos
895 737 1134 811 Egyptii
1163 736 1432 807 experturi
1459 742 1630 797 erant,
1659 742 1713 789 et
1736 731 1932 802 glorie-

344 849 459 887 sum
484 848 669 889 eorum
700 830 947 887 reditum.
976 820 1322 898 Ostenditque
1346 828 1416 893 ei,
1435 841 1538 881 non
1570 827 1622 879 in
1655 826 1770 894 ipso
1789 823 1934 877 dum-

344 933 492 981 taxat
515 925 604 979 illa
625 938 743 995 quae
769 938 930 992 super
955 931 1194 976 naturam
1226 928 1401 985 erunt,
1428 928 1686 975 eventura
1715 932 1854 979 esse,
1879 928 1933 973 et

348 1028 468 1089 post
502 1025 646 1072 tanta
676 1015 1052 1086 impedimenta
1079 1029 1197 1086 qua:
1222 1028 1252 1068 a
1285 1013 1393 1067 Deo
1434 1012 1694 1084 promissa
1724 1010 1933 1067 fuerant

348 1110 614 1180 implenda
640 1110 771 1174 fore,
801 1108 893 1163 sed
919 1114 977 1164 et
1008 1108 1060 1162 in
1088 1115 1198 1162 toto
1228 1107 1430 1162 semine
1449 1106 1566 1175 ejus
1587 1104 1688 1160 hoc
1709 1112 1935 1160 eventu—

347 1216 490 1257 rum.
521 1201 645 1255 llaec
670 1209 869 1265 autem,
900 1199 1089 1269 inquit,
1112 1198 1221 1268 jam
1246 1198 1352 1251 dixi
1382 1197 1495 1262 tibi,
1540 1203 1598 1250 ut
1620 1197 1930 1267 priusquam

348 1294 511 1348 vitam
544 1293 715 1357 finias,
741 1292 880 1346 scire
907 1289 1080 1359 possis
1101 1305 1217 1358 qua:
1243 1297 1296 1341 et
1323 1286 1603 1357 nepotibus
1625 1294 1679 1341 et
1705 1285 1933 1355 posteris

347 1385 613 1440 evenient.
648 1384 733 1439 15.
762 1382 841 1436 Tu
875 1391 1062 1447 autem,
1092 1381 1281 1449 inquit,
1321 1379 1480 1433 abibis
1504 1379 1573 1432 ad
1596 1388 1773 1448 'patres
1799 1385 1929 1440 tuos,

350 1477 573 1529 nutritus
598 1476 650 1528 in
691 1481 940 1528 senectute
978 1471 1128 1528 bona.
1154 1471 1273 1527 Non
1306 1470 1478 1537 dixit,
1513 1469 1760 1524 morieris
1791 1483 1806 1521 :
1838 1467 1932 1521 scd

350 1566 538 1631 Abibis,
568 1566 717 1636 quasi
741 1565 1141 1635 peregrinaturo
1182 1578 1269 1627 eo,
1313 1570 1366 1618 et
1396 1562 1684 1631 migraturo
1712 1574 1742 1613 a
1764 1558 1933 1628 patria

351 1658 404 1711 in
436 1657 678 1728 patriam.
706 1656 898 1722 Abibis,
930 1657 1117 1725 inquit,
1140 1654 1209 1708 ad
1236 1663 1403 1724 patres
1425 1662 1538 1707 tuos
1566 1667 1585 1706 :
1611 1667 1714 1707 non
1742 1665 1934 1706 carna-

354 1749 431 1803 les
457 1748 605 1803 dicit.
634 1746 734 1813 Qui
756 1748 899 1802 enim
926 1746 1169 1817 poterat?
1198 1743 1508 1800 lncredulus
1537 1743 1679 1798 enim
1702 1750 1817 1797 erat
1841 1756 1933 1811 pa-

353 1847 436 1893 ter
465 1838 601 1908 ejus,
638 1846 692 1891 et
721 1852 824 1892 non
852 1845 966 1891 erat
1002 1835 1257 1905 possibile
1286 1843 1342 1889 ut
1365 1834 1615 1890 eumdem
1646 1833 1818 1888 locum
1849 1848 1938 1886 ca-

354 1938 526 1998 peret,
548 1943 703 1997 quem
733 1927 839 1981 ille.
870 1925 1056 1980 Hiatus
1079 1925 1242 1990 enim,
1276 1924 1463 1994 inquit,
1487 1940 1701 1994 magnus
1721 1932 1790 1977 est
1810 1923 1938 1976 inter

352 2034 446 2072 nos
473 2029 517 2070 et
542 2035 627 2071 ros
657 2017 806 2088 (Luc.
844 2016 926 2071 16.
960 2016 1075 2086 26).
1103 2015 1277 2084 Quare
1302 2014 1456 2081 dixit,
1485 2014 1568 2067 Ad
1594 2023 1761 2083 patres
1785 2013 1939 2067 tuos?

352 2109 535 2165 Justos’
564 2110 857 2175 insinuans,
885 2116 941 2164 ut
962 2108 1111 2174 Abel,
1133 2116 1187 2163 et
1215 2106 1348 2172 Noe,
1371 2117 1426 2161 et
1448 2105 1653 2161 Enoch.
1676 2093 1933 2171 Nntriius,

353 2201 544 2270 inquit.
568 2200 620 2254 in
643 2210 894 2253 senectute
916 2200 1065 2252 bona.
1096 2198 1160 2253 Et
1181 2197 1352 2268 qualis
1378 2196 1492 2250 haec
1511 2204 1758 2251 senectus
1776 2195 1934 2262 bona,

352 2291 579 2346 fortasse
625 2291 765 2346 dicet
808 2290 1017 2360 aliquis,
1050 2290 1117 2344 ad
1147 2303 1306 2360 quam
1335 2288 1496 2344 tantis
1536 2287 1796 2343 molestiis
1845 2301 1939 2356 per

354 2391 517 2436 totam
548 2380 708 2436 vitam
742 2381 991 2435 transiit?
1014 2380 1208 2435 Verum
1237 2394 1305 2434 ne
1329 2379 1429 2434 hoc
1456 2378 1720 2444 attendas,
1751 2377 1933 2444 homo,

352 2473 444 2528 sed
487 2483 668 2543 specta
708 2488 828 2543 qua:
882 2471 954 2526 illi
996 2472 1140 2526 omni
1181 2481 1420 2541 tempore
1461 2468 1620 2525 fuerit
1647 2469 1810 2539 gloria
1837 2510 1852 2532 ,
1883 2479 1939 2524 et

352 2563 623 2632 quomodo
646 2563 907 2633 gloriosus
934 2562 1129 2617 vixerit
1155 2561 1467 2631 peregrinus
1491 2560 1582 2631 qui
1610 2560 1823 2614 civitate
1850 2561 1934 2613 fo-

355 2668 524 2722 coque
551 2653 785 2717 carebat,
817 2661 871 2707 et
896 2662 1092 2721 quanto
1122 2650 1222 2723 ipsi
1248 2650 1428 2706 datum
1455 2659 1536 2706 est
1561 2653 1703 2705 omni
1735 2661 1941 2720 tempo-

356 2759 413 2799 re
460 2744 550 2797 Dei
592 2743 830 2799 subsidio
856 2741 979 2797 frui.

427 2836 672 2890 Senectus
710 2836 839 2889 bona
863 2851 997 2906 quia.
1026 2834 1393 2907 Quadringenti
1438 2836 1560 2890 anni
1594 2836 1845 2890 servitutis
1886 2836 1938 2890 in

355 2925 586 2996 ﬁgypto
612 2941 644 2978 a
669 2941 767 2995 quo
797 2926 1044 2996 principio
1073 2926 1313 2980 ducendi.
1337 2925 1531 2981 —-Non
1564 2927 1722 2997 igitur
1748 2943 1941 2982 secun-

356 3015 480 3070 dutn
512 3023 827 3086 prmscntcm
871 3016 1177 3086 opinionem
1206 3016 1275 3071 de
1304 3016 1462 3071 rebus
1484 3016 1740 3086 judicium
1774 3016 1936 3083 feras,

357 3123 530 3177 neque
574 3116 902 3163 senectutem
960 3122 1079 3164 esse
1126 3107 1319 3163 bonam
1365 3123 1606 3175 censeas,
1638 3110 1838 3164 versari
1885 3111 1938 3164 in

352 3198 500 3265 luxu,
522 3197 756 3265 deliciis,
782 3207 835 3254 et
855 3197 1093 3267 crapula,
1112 3197 1162 3251 in
1181 3199 1517 3267 possessione
1540 3198 1863 3268 divitiarum,
1887 3208 1943 3256 et

356 3304 544 3362 magna
582 3290 898 3346 famulormn
923 3290 1276 3357 multitudine,
1302 3290 1786 3362 mancipiorumque
1804 3307 1942 3362 gre—

354 3382 528 3452 gibus.
549 3382 674 3438 llzec
701 3383 842 3437 enim
871 3391 1200 3439 senectutem
1231 3383 1421 3438 bonam
1446 3398 1550 3438 non
1576 3384 1823 3451 reddunt,
1845 3384 1939 3440 sed

357 3482 410 3529 ct
430 3473 645 3528 multam
676 3473 1168 3529 condemnationem
1189 3473 1422 3530 afferunt
1439 3476 1487 3530 ei
1509 3475 1598 3546 qui
1619 3491 1685 3531 ne
1709 3476 1761 3530 in
1782 3490 1942 3531 senc-

359 3573 503 3620 ctute
524 3565 733 3635 quidem
764 3566 1145 3621 continentiam
1175 3573 1423 3632 exercet,
1468 3582 1642 3636 neque
1668 3568 1734 3621 ad
1762 3577 1940 3622 extre-

363 3671 479 3710 mos
507 3656 755 3711 redactus
779 3658 1015 3727 spiritus,
1038 3656 1103 3711 de
1124 3658 1187 3712 iis
1203 3672 1322 3727 qua:
1351 3657 1637 3726 expediunt
1661 3657 1935 3724 deliberat,

252 3732 269 3751 ⁸
359 3746 455 3803 sed
509 3747 744 3816 quotidie
796 3747 1033 3816 indulget
1084 3747 1276 3811 ventri,
1327 3756 1563 3802 sectatur
1602 3748 1840 3802 convivia
1888 3758 1941 3803 et

361 3836 645 3892 ebrietates
665 3877 680 3900 ,
702 3837 768 3891 de
796 3836 986 3906 quibus
1018 3836 1268 3892 omnibus
1296 3853 1401 3891 non
1439 3837 1605 3893 multo
1632 3848 1751 3907 post
1788 3840 1941 3894 ratio.

365 3943 485 3981 nem
513 3926 815 3982 redditurus
851 3935 953 3980 est.
982 3925 1123 3982 Sane
1148 3926 1238 3996 qui
1267 3925 1321 3980 in
1359 3927 1440 3981 via
1470 3927 1680 3982 virtutis
1705 3927 1944 3982 ambula-

365 4020 460 4086 vit,
485 4019 571 4074 hie
596 4033 722 4074 vere
743 4019 972 4074 nutritus
999 4018 1049 4072 in
1069 4028 1342 4074 senectute
1369 4020 1525 4084 bona,
1549 4020 1654 4074 vita
1682 4018 1936 4089 fungitur,

364 4121 418 4166 et
457 4109 697 4164 laborum
730 4109 1067 4179 praesentium
1107 4109 1308 4163 invenit
1341 4110 1737 4165 retributiones.
1768 4111 1835 4164 Et
1864 4111 1942 4165 id-

362 4201 506 4255 circo
533 4200 704 4270 inquit
734 4218 747 4253 :
788 4200 915 4255 Tuis
951 4199 1163 4270 quidem
1192 4200 1473 4272 nepotibus
1509 4201 1629 4255 talia
1655 4202 1938 4271 evenient,

364 4300 416 4345 tu
454 4301 628 4345 autem
652 4290 820 4345 abibis
847 4291 1074 4345 nutritus
1098 4290 1150 4345 in
1181 4299 1453 4346 senectute
1479 4291 1635 4346 bona.
1664 4292 1757 4346 Hic
1778 4293 1940 4347 anim-

361 4382 599 4448 adverte,
629 4381 895 4452 quomodo
942 4382 1042 4436 nisi
1090 4382 1205 4451 ejus
1251 4382 1435 4451 ingens
1464 4381 1649 4437 fuisset
1688 4382 1939 4437 fortitudo

361 4480 416 4525 et
439 4471 771 4541 philosophia
808 4472 1007 4527 eximia
1032 4511 1048 4536 ,
1090 4471 1207 4527 haec
1251 4486 1459 4542 quoque
1483 4473 1801 4528 conturbare
1825 4473 1939 4543 ejus

362 4572 592 4618 mentem
622 4563 934 4632 potuissent.
968 4562 1154 4617 Dicere
1181 4562 1321 4617 enim
1351 4571 1578 4633 poterat.
1616 4564 1659 4618 si
1691 4564 1883 4634 aliquis
1908 4581 1939 4620 e

361 4653 520 4724 vulgo
541 4637 726 4709 fuisset
757 4671 770 4707 :
794 4669 959 4724 quare
986 4655 1249 4724 promittis
1278 4654 1405 4707 mihi
1434 4664 1639 4710 tantum
1662 4670 1842 4710 semen
1871 4671 1939 4710 ex

358 4759 447 4798 me
472 4744 703 4799 futurum
731 4752 786 4800 et
813 4745 1234 4816 propagandum,
1272 4745 1315 4800 si
1345 4754 1564 4814 nepotes
1600 4747 1758 4799 tantis
1783 4756 1939 4800 erunt

358 4835 513 4890 malis
560 4845 614 4890 et
659 4838 1051 4894 calamitatibus
1093 4837 1344 4905 obnoxii,
1373 4839 1788 4908 servitutemque
1816 4846 1940 4892 sunt

358 4935 435 4978 tot
464 4926 618 4979 annis
664 4926 937 4982 toleraturi
958 4927 983 4979 ?
1006 4944 1125 4998 qua:
1159 4928 1290 4983 mihi
1323 4927 1448 4982 hinc
1476 4928 1709 4983 utilitas?
1741 4927 1935 4983 Verum

354 5015 485 5068 nihil
530 5013 721 5069 horum
742 5015 915 5084 justus
945 5018 1211 5088 cogitavit,
1241 5016 1335 5073 sed
1365 5018 1517 5088 quasi
1554 5027 1735 5089 gratus
1760 5018 1936 5074 famu-

353 5103 454 5169 lus,
489 5103 664 5158 omnia
704 5120 822 5174 qua:
843 5119 871 5157 a
901 5105 1010 5160 Deo
1033 5107 1229 5162 ﬁebant
1270 5107 1391 5163 boni
1423 5108 1708 5176 consuluit,
1735 5118 1790 5165 et
1816 5124 1936 5180 quae

356 5194 453 5262 ipsi
478 5194 789 5264 placebant,
827 5209 936 5249 sua:
962 5196 1281 5264 prmferebat
1308 5201 1606 5254 sententiae.
1652 5200 1851 5256 Deinde
1879 5210 1936 5256 et

352 5294 563 5353 tempus
600 5285 647 5338 ei
687 5284 969 5356 signiﬁcat,
1010 5302 1115 5356 quo
1151 5302 1182 5342 a
1219 5289 1474 5344 servitute
1523 5299 1647 5345 sunt
1688 5291 1930 5347 redituri.

356 5373 483 5430 Nam
514 5383 793 5444 postquam
818 5376 974 5431 annis
1001 5376 1403 5448 quadringentis
1436 5381 1737 5436 oervituros
1762 5383 1930 5439 dixis.

352 5474 453 5528 set,
486 5464 702 5521 subdit:
743 5466 827 5522 16.
861 5465 1193 5523 Generatione
1227 5479 1393 5524 autem
1421 5481 1602 5541 quarta
1626 5483 1932 5529 revertentur

351 5555 469 5609 Itur.
512 5555 707 5612 Verum
749 5557 833 5612 hic
860 5559 1053 5614 merito
1088 5558 1208 5629 quis
1245 5560 1471 5630 dubitet,
1508 5565 1777 5633 quomodo
1802 5582 1931 5636 qua-

348 5647 643 5719 dringentis
668 5651 822 5707 annis
848 5650 972 5707 dicit
1002 5653 1292 5708 servituros
1311 5694 1325 5721 ,
1362 5655 1605 5725 quamvis
1642 5669 1815 5728 neque
1842 5656 1926 5712 di-

1327 250 1390 305 IN
1428 246 1582 304 CAP.
1628 245 1738 301 xv.
1782 238 2298 315 cessant;th
2344 234 2606 295 xxxvn.

3514 241 3615 297 516

2036 357 2254 412 midinm
2284 373 2470 413 eorum
2501 358 2693 412 fuerint
2722 359 2820 428 ipsi
2844 358 2894 412 in
2917 355 3168 430 Egypto.
3196 359 3479 429 Propterea
3509 376 3614 414 non

2034 450 2170 504 dixit
2190 465 2284 505 eos
2311 451 2361 503 in
2384 448 2620 521 Egypto
2642 449 2846 504 futuros
2870 465 2991 506 esse
3016 451 3166 504 annis
3194 448 3615 520 quadringentis,

2035 542 2151 605 sed,
2182 540 2249 596 In
2276 551 2409 595 terra
2434 558 2535 595 non
2560 558 2672 607 sua,
2706 541 2775 595 ita
2820 549 2876 594 ιιι
2909 542 3075 612 possit
3098 544 3469 596 eonnumerari
3496 558 3616 597 cmn

2036 633 2189 688 annis
2226 635 2278 688 in
2315 632 2548 705 [Egypto
2582 633 2782 686 exactis
2810 633 2982 702 ipsum
3027 634 3339 702 patriarcha:
3370 643 3577 701 tempus
3599 674 3616 698 ,

2036 745 2099 784 ετ
2125 745 2230 800 quo
2258 731 2306 785 ei
2336 730 2653 800 imperatntn
2695 741 2796 793 est,
2849 737 2908 782 ut
2953 743 3017 782 ex
3057 727 3294 783 Charran
3336 727 3619 796 egredere-

2040 836 2126 874 tur
2154 820 2253 890 (α).
2287 821 2366 873 Ab
2420 821 2507 873 illo
2559 818 2701 873 enim
2750 829 2989 888 tempore
3038 833 3317 872 numerum
3358 832 3622 872 annorum

2040 914 2194 968 nobis
2233 913 2406 982 palam
2437 912 2560 966 fecit
2602 911 2896 980 Scriptura,
2944 925 3064 979 quae
3112 910 3245 964 dixit
3288 908 3619 978 septuaginta

2037 1007 2270 1076 quinque
2325 1019 2587 1058 annorum
2636 1003 2800 1059 fuisse
2848 1001 3077 1062 Abram,
3124 1000 3335 1070 quando
3377 1001 3506 1054 exiit
3553 1016 3621 1056 ex

2037 1096 2274 1150 Charran
2309 1093 2458 1167 (Gen.
2492 1094 2578 1147 12.
2607 1095 2665 1163 4)
2690 1111 2704 1148 :
2734 1109 2795 1146 ex
2826 1106 2893 1146 eo
2919 1094 3075 1161 igitur
3101 1101 3338 1160 tempore
3364 1106 3530 1160 usque
3553 1089 3621 1144 ad

2038 1187 2239 1240 exitum
2267 1187 2334 1240 de
2360 1185 2614 1255 1Egypto,
2642 1185 2685 1238 si
2716 1184 2831 1252 quis
2862 1193 3147 1252 supputare
3170 1183 3312 1250 velit,
3344 1197 3620 1236 numerum

2041 1277 2300 1345 integrum
2330 1276 2582 1329 inveniet.
2618 1275 2729 1328 Dici
2779 1283 2958 1343 posset
2984 1275 3146 1328 etiam
3168 1315 3182 1335 ,
3231 1273 3510 1327 Dominum
3540 1281 3622 1326 ut-

2041 1376 2164 1436 pote
2213 1366 2520 1436 benignum,
2549 1375 2602 1419 et
2634 1365 2984 1420 imbecillitati
3030 1373 3226 1418 nostra:
3269 1374 3622 1434 cengruentes

2043 1473 2227 1528 poenas
2246 1473 2460 1528 semper
2510 1458 2847 1521 inferentem,
2882 1463 3000 1527 quia
3047 1456 3176 1510 vidit
3204 1471 3297 1512 eos
3342 1459 3409 1510 ita
3442 1456 3624 1509 labore

2041 1565 2267 1618 pressos,
2315 1558 2369 1604 et
2409 1549 2977 1622 Egyptiostnagnatn
3030 1549 3081 1603 in
3130 1563 3222 1603 eos
3257 1548 3623 1603 erndehtatrm

2012 1658 2311 1725 texercere,
2349 1653 2471 1697 ante
2495 1643 2769 1697 definitum
2800 1652 3006 1711 tempus
3033 1642 3285 1695 ultionem
3329 1640 3539 1704 fecisse,
3569 1649 3625 1695 et

2040 1735 2104 1787 ad
2137 1735 2437 1788 libertatem
2460 1748 2554 1789 eos
2578 1733 2874 1789 reduxisse.
2904 1732 2995 1805 Dei
3024 1733 3165 1786 enim
3194 1747 3311 1785 mos
3335 1739 3449 1796 est,
3490 1745 3625 1800 quo-

2044 1828 2182 1880 niam
2206 1828 2257 1880 in
2270 1828 2524 1881 omnibus
2541 1826 2766 1881 salutem
2790 1834 2925 1879 llOSlt
2939 1840 3023 1879 am
3047 1833 3318 1891 eperatur,
3341 1832 3399 1877 ut
3416 1823 3624 1878 etiamsi

2043 1919 2273 1974 minetur
2307 1935 2365 1974 se
2393 1918 2700 1988 punitnrnm
2719 1958 2734 1982 ,
2765 1918 2807 1971 si
2840 1932 2936 1971 nos
2964 1917 3290 1971 voluerimus
3315 1916 3620 1970 conversio-

2042 2011 2123 2064 nis
2152 2013 2421 2081 specimen
2455 2010 2707 2065 exhibere
2726 2052 2742 2078 ,
2775 2011 3037 2080 possimus
3066 2010 3180 2078 ejus
3208 2024 3461 2064 revocare
3502 2023 3626 2063 scn-

2042 2103 2279 2156 tentias:
2315 2111 2367 2154 et
2413 2117 2444 2156 e
2483 2101 2697 2155 diverso
2724 2102 2768 2155 si
2812 2101 3122 2170 polliceatur
3169 2098 3364 2168 aliquid
3415 2099 3539 2159 boni.
3566 2114 3627 2154 se

2041 2194 2195 2250 nobis
2221 2196 2487 2262 daturum,
2523 2211 2621 2250 nos
2646 2203 2821 2249 autem
2873 2210 2977 2247 non
3029 2193 3363 2247 attnlerimus
3392 2206 3453 2247 ca
3498 2207 3621 2261 quae

2042 2285 2307 2341 f.:cnltatis
2327 2297 2523 2341 nostra:
2551 2296 2705 2349 sunt,
2739 2301 2912 2355 neque
2939 2286 3051 2354 ipse
3094 2280 3410 2354 premiSsnm
3456 2283 3626 2337 adim-

2041 2378 2203 2448 plcat,
2236 2393 2302 2434 ne
2331 2393 2429 2433 nos
2456 2393 2519 2433 ea
2558 2378 2764 2433 ratione
2792 2377 3087 2432 deteriores
3110 2375 3418 2431 evadamus.
3453 2375 3628 2445 Atque

2042 2470 2157 2527 Ιιίιςο
2182 2470 2425 2525 invenire
2453 2469 2702 2540 poteritis
2716 2470 3520 2543 quotquotstudiosisacrarum
3538 2472 3625 2526 Li-

2044 2572 2280 2617 terarum
2327 2563 2478 2617 estis.
2514 2561 2709 2628 Quarta
2737 2570 2921 2630 ιιηιιεηι
2958 2560 3278 2631 generatione
3319 2568 3622 2613 revertentur

2041 2653 2142 2706 [me
2164 2668 2182 2706 :
2201 2653 2422 2706 nondum
2443 2653 2573 2706 enim
2594 2652 2855 2722 completa:
2867 2661 2985 2704 sunt
3003 2651 3287 2719 iniquitates
3306 2648 3626 2702 Amorrth-

2041 2762 2154 2799 rum
2181 2761 2337 2816 usqne
2365 2761 2516 2799 nunc.
2547 2744 2715 2811 Tunc,
2765 2744 2968 2814 inquit,
2999 2743 3100 2797 erit
3147 2752 3354 2811 tempus
3383 2753 3437 2796 ut
3467 2751 3519 2795 ct
3549 2740 3624 2796 illi

2041 2836 2364 2891 reducantur
2410 2834 2462 2888 in
2493 2835 2791 2891 libertatem
2814 2876 2829 2900 ,
2859 2843 2913 2889 et
2953 2833 3007 2888 bi
3052 2849 3263 2903 pmnam
3293 2832 3500 2886 luentes
3531 2846 3627 2901 pro

2044 2927 2382 2981 multitudine
2422 2937 2759 2995 peccatorum
2795 2941 2826 2981 e
2867 2935 3008 2979 terra
3047 2923 3397 2993 expellantnr.
3452 2922 3628 2977 Ambo

2043 3018 2219 3089 itaque
2236 3018 2360 3072 lient
2385 3029 2623 3087 tempore
2643 3026 2963 3087 opportuno,
2989 3024 3042 3070 et
3058 3015 3265 3069 illorum
3290 3013 3624 3080 instauratio,

2043 3120 2099 3164 et
2124 3109 2314 3164 horum
2343 3108 2627 3164 excidium.
2668 3107 2912 3164 Nondum
2941 3106 3084 3162 enim
3115 3107 3346 3175 impleta:
3371 3115 3492 3160 sunt
3520 3104 3624 3159 ini-

2042 3201 2272 3271 quitates
2291 3216 2473 3254 eorum
2508 3217 2523 3254 :
2551 3199 2701 3270 quasi
2730 3199 2873 3253 dicat
2895 3198 3087 3268 aliquis
3117 3214 3131 3250 :
3163 3196 3406 3252 Nondum
3440 3197 3491 3251 in
3519 3206 3625 3251 tau-

2045 3300 2099 3346 to
2127 3305 2351 3346 numero
2390 3297 2608 3361 peccata
2635 3289 2992 3355 admiserunt,
3023 3298 3080 3343 ut
3108 3287 3268 3343 talem
3311 3287 3481 3342 ferant
3507 3303 3624 3358 poe-

2044 3399 2188 3438 nam.
2238 3385 2376 3438 Deus
2402 3383 2543 3439 enim
2571 3383 2832 3452 benignus
2874 3396 2995 3436 cum
3037 3382 3139 3446 sit,
3171 3395 3275 3435 non
3306 3380 3480 3436 solum
3517 3395 3624 3435 non

2045 3475 2246 3530 inducit
2266 3490 2453 3546 ptenas
2482 3475 2709 3545 peccatis
2739 3472 3040 3544 graviores,
3073 3473 3166 3529 sed
3193 3480 3247 3528 et
3272 3472 3426 3528 valde
3449 3472 3624 3526 mino-
3702 3544 3705 3547 _

2044 3579 2153 3618 res.
2186 3564 2413 3634 Ideoque
2434 3574 2631 3619 tantam
2656 3580 2779 3634 erga
2810 3564 2928 3618 illos
2952 3563 3168 3619 exhibet
3191 3564 3545 3630 tolerantiam,
3568 3571 3626 3619 ut

2042 3670 2164 3710 cum
2191 3655 2426 3725 sibiipsis
2452 3668 2730 3724 poenarum
2756 3653 2863 3707 sint
2887 3661 3150 3718 auctores,
3183 3654 3378 3709 nullam
3404 3655 3626 3724 posthac

2044 3747 2437 3801 excusationem
2467 3746 2715 3800 habeant.

2122 3841 2177 3896 4.
2216 3836 2437 3894 Vidistis
2461 3836 2726 3907 quomodo
2769 3836 3082 3906 patriarchae
3119 3837 3296 3890 omnia
3344 3836 3627 3907 diligenter

2045 3935 2316 4001 indicavit,
2345 3941 2401 3986 ut
2429 3946 2500 3988 ex
2530 3929 2673 3986 omni
2706 3938 2857 3998 parte
2885 3928 3002 3998 ejus
3044 3928 3319 3982 roboraret
3356 3928 3541 3994 fidem,
3572 3940 3625 3986 et

2046 4037 2102 4083 ut
2138 4043 2204 4082 ex
2249 4025 2317 4079 iis
2342 4021 2553 4097 quaead
2577 4035 2699 4076 eum
2724 4019 2863 4074 dicta
2890 4017 3099 4073 fuerant
3124 4018 3393 4074 confidere
3420 4030 3621 4089 posset,

2043 4118 2202 4172 etiam
2234 4113 2572 4186 prosperitati
2601 4111 2717 4181 ejus
2743 4109 2859 4165 haec
2899 4109 3116 4165 omnino
3142 4121 3398 4165 eventura
3438 4126 3558 4167 esse
3607 4129 3620 4167 :

2105 4253 2177 4316 (α)
2210 4260 2277 4316 tta
2298 4261 2557 4316 numerare
2594 4247 2755 4316 solent
2776 4249 2808 4297 ii
2846 4249 2928 4310 qui
2946 4248 3090 4316 inter
3111 4247 3431 4316 chronologos
3454 4249 3628 4316 princi-

2042 4310 2170 4378 peni
2180 4315 2401 4378 obtinent
2421 4310 2604 4367 locum;
2630 4312 2694 4360 ita
2712 4317 2874 4378 tamen
2898 4315 2959 4378 ut
2980 4311 3029 4357 in
3051 4311 3341 4378 recensione
3359 4312 3630 4378 nonomtti-

2042 4372 2106 4426 ito
2126 4389 2236 4426 cum
2257 4375 2588 4436 Chrysostomo
2608 4372 2927 4436 consentiant,
2941 4372 3151 4420 maxime
3163 4382 3280 4420 vero
3301 4385 3411 4436 cum
3434 4372 3547 4421 dicit
3562 4386 3626 4436 ne

2041 4439 2288 4488 dimidium
2332 4433 2530 4496 quidem
2574 4433 3034 4496 quadringentorum
3056 4446 3288 4496 annorum
3311 4433 3540 4481 Hebraeos
3577 4434 3625 4482 in

2042 4499 2248 4562 ASgypto
2263 4492 2515 4562 mapsisse.
2540 4492 2762 4562 Petavius
2773 4492 2936 4562 autem
2957 4495 3027 4541 sic
3047 4492 3283 4562 calculum
3299 4496 3449 4562 ponit,
3470 4496 3625 4543 natio-

2042 4552 2384 4621 nari'i'partf2,
2418 4556 2450 4603 Ι.
2477 4556 2523 4621 2,
2549 4569 2598 4621 c._
2627 4556 2677 4616 4,
2698 4552 3012 4621 _ubi_Paulut_n
3046 4552 3313 4621 apostolum
3345 4552 3522 4605 ducem
3542 4568 3626 4605 se-

2041 4614 2221 4684 quitur,
2247 4614 2402 4684 quiin
2427 4616 2630 4684 Epistula
2652 4614 2710 4667 ad
2734 4614 2938 4684 Galatas.
2961 4615 3011 4674 3,
3048 4614 3125 4684 i_7_,
3148 4616 3272 4665 dixit
3296 4625 3403 4679 post
3424 4630 3575 4684 annos
3596 4630 3626 4668 a

2060 4677 2278 4732 immissa
2297 4677 2524 4729 divinitus
2546 4688 2677 4729 terra
2710 4677 2928 4726 Chanaan
2954 4677 3332 4740 quadringentos
3355 4687 3406 4728 et
3430 4679 3625 4740 triginta

2060 4696 2276 4732 )l‘UllllSSa
2297 4696 2524 4729 υινιηιιιιδ
2546 4696 2677 4729 terra
2710 4696 2928 4726 wauaau
2954 4696 3154 4739 quaurut
3173 4696 3332 4727 'BHLOS
3355 4696 3406 4728 et
3430 4696 3625 4740 ll'lglllla

2042 4696 2207 4806 legem
2231 4743 2408 4792 editam
2426 4802 2437 4806 _
2455 4740 2622 4790 fuisse.
2647 4740 2906 4806 ninevero
2934 4742 3005 4806 sic
3025 4696 3237 4788 ealculus
3255 4740 3448 4806 ducitur
3472 4753 3488 4806 :_
3513 4746 3625 4786 Pro-

2041 4800 2206 4855 missio
2229 4802 2610 4853 terraecbanaan
2645 4801 2908 4857 Abrahamo
2931 4800 3052 4851 facta
3085 4807 3162 4861 est
3193 4813 3320 4848 anno
3342 4802 3452 4848 vitae
3477 4801 3624 4861 ipsius

2042 4867 2246 4916 ineunte
2264 4867 2342 4915 76.
2367 4872 2479 4917 Cum
2496 4871 2691 4912 centum
2717 4869 2852 4912 esset
2868 4874 3100 4911 annorum
3115 4860 3375 4917 Abraham,
3394 4860 3533 4909 natus
3547 4871 3621 4910 est

2040 4934 2183 4977 Isaae.
2208 4929 2275 4975 Ab
2296 4933 2404 4975 ortu
2428 4925 2568 4977 tsaaci
2593 4925 2652 4974 ad
2673 4926 2834 4974 Jacobi
2858 4932 3016 4973 ortum
3038 4922 3150 4972 anni
3171 4923 3426 4984 sexaginta
3451 4935 3622 4970 nume-

2040 4999 2223 5039 rantur.
2247 4988 2392 5037 Jaeob
2412 4999 2645 5041 annorum
2670 4985 2760 5035 150
2779 4986 2828 5033 in
2862 4984 3000 5048 JEgyt
3019 4991 3119 5048 tum
3142 4983 3294 5048 venit,
3318 4995 3442 5048 quos
3464 4996 3623 5048 annos

2038 5052 2077 5100 si
2097 5064 2205 5100 cum
2228 5052 2292 5100 25
2316 5048 2581 5106 Abrahami,
2601 5055 2652 5096 et
2673 5049 2734 5096 60
2758 5043 3158 5109 tsaacijunxeris,
3181 5046 3291 5093 anui
3309 5043 3622 5109 conﬁcientia

2039 5112 2149 5163 2l5.
2168 5111 2519 5173 .tosephusquo
2535 5115 2759 5173 tempore
2781 5109 2828 5156 in
2858 5106 3273 5173 (Egypto‘patrem
3297 5107 3511 5173 excepit,
3535 5120 3623 5173 an-

2038 5187 2154 5223 num
2176 5167 2355 5237 agebat
2374 5167 2474 5237 40;:
2503 5169 2622 5237 vixit
2642 5167 2807 5237 autem
2824 5167 3106 5237 anuos—110.
3130 5178 3161 5216 Α
3186 5167 3621 5237 pretttissigtte_igi-

2037 5244 2116 5287 tur
2139 5229 2401 5283 AbFabanio
2423 5231 2542 5280 facta
2563 5230 2621 5278 ad
2646 5231 2837 5291 Josephi
2862 5237 3067 5278 mortem
3092 5229 3206 5277 anui
3240 5236 3353 5277 sunt
3374 5229 3482 5278 285.
3510 5231 3627 5279 ttinc

2035 5300 2095 5347 ad
2113 5304 2271 5346 ortum
2293 5295 2431 5345 Mesis
2448 5293 2559 5341 anni
2580 5290 2833 5353 755M08705
2869 5303 3044 5339 annum
3067 5290 3248 5353 agebat
3270 5292 3622 5353 octogesimum

2036 5360 2087 5409 in
2109 5360 2244 5410 exitu
2269 5369 2335 5407 ex
2358 5355 2578 5464 18%pto.
2603 5351 2896 5415 colliguntur
2920 5364 3040 5413 ergo
3055 5364 3083 5398 a
3106 5351 3431 5412 promissione
3454 5352 3511 5399 ad
3538 5354 3622 5400 mi-

2036 5422 2307 5464 m-ationem
2333 5430 2398 5464 ex
2481 5422 2633 5464 avnto
2651 5415 2762 5463 anni
2799 5414 2906 5464 450.
2933 5420 3042 5461 ΙΙίΙὌ
3066 5415 3301 5463 Petavius.
3326 5410 3510 5461 Verum
3532 5411 3622 5460 HO

2035 5422 2307 5483 grationetn
2333 5430 2398 5466 ex
2418 5410 2633 5483 Egynto
2651 5410 2762 5463 anni
2799 5414 2907 5483 4550:
2933 5410 3042 5461 Ilii‘c
3066 5410 3301 5463 Petavius.
3323 5410 3510 5483 _Verum
3532 5411 3622 5460 HO

2034 5473 2144 5531 anni
2168 5481 2460 5541 colliguntur
2476 5473 2563 5538 ,"si
2595 5474 2993 5541 benegcalculum
3035 5487 3209 5541 ponas;
3373 5475 3485 5534 quia
3525 5484 3619 5520 non

2033 5545 2230 5595 omnino
2245 5532 2435 5590 certum
2461 5532 2554 5601 est,
2594 5551 2691 5601 quo
2708 5538 2817 5601 vita:
2841 5532 3086 5601 Abrahami
3126 5532 3253 5584 anno
3277 5532 3360 5582 ille
3382 5532 3616 5601 annorum

2034 5616 2267 5655 numerus
2287 5605 2352 5651 sit
2384 5599 2703 5667 incipiendus,
2728 5600 2843 5651 satis
2876 5599 3030 5650 eritsi
3071 5609 3306 5648 annorum
3328 5603 3511 5644 summa
3528 5599 3617 5643 ctr-

2034 5668 2159 5718 citer
2176 5672 2427 5716 statuatur.
