4020 6136
360 220 460 283 867

364 344 526 407 utque.
568 334 726 388 etiam
774 349 836 388 ex
884 332 1151 403 pra-dictis
1192 333 1423 388 vicissim
1471 330 1675 386 ﬁrmam
1728 329 1948 383 haberet

366 414 525 481 tidem
549 467 565 491 ,
593 441 812 481 necesse
842 441 959 480 esse
981 426 1090 496 jam
1119 426 1230 480 ﬁeri
1256 424 1396 495 quod
1421 424 1488 478 de
1512 439 1577 478 eo
1615 424 1811 477 dictum
1840 422 1950 476 fue-

366 527 467 572 rat.
517 518 753 579 Postea,
783 517 868 571 tibi
915 517 1203 585 complevit
1254 514 1686 585 j-razdietionem,
1743 515 1950 578 accepit

368 610 522 663 rtiam
552 609 640 662 ille
669 610 873 678 signum
906 609 1152 663 idoneum
1196 623 1377 661 eorum
1406 623 1525 677 quae
1572 606 1669 675 ipsi
1711 604 1886 672 contig
1920 628 1948 644 ο

366 708 507 755 rttttt.
544 701 622 752 l7.
660 699 933 769 Postquam
972 700 1067 771 fuit
1092 700 1170 753 sol
1196 698 1264 752 ad
1307 714 1561 764 occasum,
1595 696 1782 767 inquit,
1814 698 1951 765 facta

364 803 434 845 cst
486 794 715 860 ﬂamma,
759 802 803 844 ct
847 807 958 844 ecce
996 791 1223 844 clibanus
1268 776 1551 861 fumigans,
1596 798 1640 841 et
1689 785 1951 856 Ltutpadcs

364 884 514 950 ignis,
544 898 656 949 quis
683 884 986 936 transierunt
1011 883 1141 935 inter
1169 881 1437 935 divisiones
1465 880 1603 935 illas.
1647 879 1712 934 Et
1739 878 1949 932 ﬂamma

366 973 686 1030 etclibanus
715 982 770 1028 et
810 973 1079 1044 lampades
1100 970 1593 1041 conSpiciebantur,
1644 979 1700 1024 ut
1743 968 1950 1038 signum

370 1068 451 1119 bal
474 1083 506 1122 e
535 1076 588 1121 et
626 1069 802 1134 justus
834 1068 1124 1122 ﬁrmiorum
1167 1065 1447 1121 fmderum.
1491 1073 1545 1119 et
1582 1063 1839 1117 adventus
1871 1060 1953 1115 di-

366 1161 504 1211 v;n:e
549 1159 893 1228 Operalintlis.
945 1158 1201 1227 Denique,
1249 1167 1530 1226 postquam
1578 1154 1844 1222 completa
1897 1161 1952 1206 et

369 1246 603 1318 ρει-[στεά
630 1257 749 1301 sunt
788 1249 985 1311 omnia,
1036 1255 1312 1317 postquam
1355 1245 1490 1315 ignis
1526 1245 1795 1315 proposita
1825 1256 1954 1296 con—

369 1349 688 1407 suinrscrat,
735 1340 818 1394 18.
855 1339 1138 1408 Disposuit,
1172 1338 1361 1407 inquit,
1395 1336 1642 1390 Dominus
1668 1336 1722 1389 in
1746 1334 1826 1388 die
1862 1333 1953 1388 illo

373 1430 520 1484 Abrae
563 1440 910 1485 testamentum
957 1432 1128 1485 dicens
1173 1445 1193 1485 :
1232 1430 1426 1484 Semim‘
1471 1439 1555 1483 tuo
1599 1427 1729 1481 dabo
1769 1437 1953 1481 (errant

372 1528 521 1593 hanc,
548 1545 577 1581 a
601 1529 755 1598 ﬂuvio
784 1526 1001 1599 [Egypti
1026 1544 1179 1597 usque
1221 1528 1290 1580 ad
1328 1527 1537 1596 ﬂuvium
1567 1540 1806 1595 magnum
1840 1521 1947 1576 Eu-

372 1618 618 1686 phratem,
650 1619 739 1674 l9.
766 1619 982 1686 linteos,
1010 1627 1055 1670 et
1082 1615 1362 1682 Cenemos,
1403 1624 1449 1669 et
1487 1614 1829 1672 Cedmonaaas.
1857 1612 1952 1669 20.

372 1718 419 1763 ct
444 1708 705 1772 Circaeos,
734 1719 781 1764 et
814 1710 1133 1777 Pheraeos,
1163 1720 1209 1764 et
1238 1710 1510 1780 Raphaim,
1535 1719 1580 1762 ct
1609 1707 1948 1772 Amorrltteos,

369 1809 418 1853 et
449 1800 781 1866 Clianauazos,
822 1810 867 1853 et
908 1801 1105 1866 vaos,
1150 1810 1194 1854 et
1236 1799 1545 1871 Gergesreos,
1589 1809 1638 1853 et
1670 1799 1950 1854 Jebustcos.

374 1889 506 1943 Vide
532 1891 797 1960 quomodo
822 1892 993 1947 adhuc
1024 1901 1346 1961 perseverat,
1395 1902 1451 1944 ut
1482 1891 1762 1946 cmﬁrmet
1800 1903 1950 1944 suam

374 1978 426 2032 iu
458 1980 599 2033 illum
631 1981 1056 2049 promissionem.
1092 1982 1350 2053 Disposuit
1376 1983 1540 2047 enim,
1575 1982 1761 2051 inquit,
1790 1988 1948 2035 testa-

373 2079 595 2123 mentum
624 2071 794 2125 dicens
821 2087 842 2125 :
872 2071 1066 2126 Semini
1091 2081 1178 2124 tuo
1208 2073 1336 2126 dolio
1365 2081 1551 2126 terrttm
1579 2073 1728 2125 hanc.
1755 2069 1953 2125 Deinde

373 2169 431 2214 ut
447 2175 510 2215 es
531 2161 804 2217 latitudine
821 2171 994 2222 terrai.
1020 2173 1072 2218 et
1092 2180 1176 2216 am
1185 2164 1439 2232 pltudine
1457 2164 1797 2218 tertninorum
1816 2164 1954 2218 scire

378 2251 542 2319 possit
563 2252 734 2318 justus
760 2263 1013 2322 quantum
1039 2254 1355 2309 extendetur
1379 2254 1493 2322 cjus
1513 2268 1716 2317 semen,
1743 2254 1912 2323 inquit
1936 2270 1949 2307 :

372 2338 418 2391 Α
442 2340 649 2407 ﬂumine
675 2340 893 2412 ngypti
921 2359 1074 2410 usque
1098 2343 1167 2396 ad
1189 2345 1377 2413 ﬂumen
1408 2343 1717 2413 Euphratem
1748 2352 1949 2397 tantum

374 2429 476 2482 crit
504 2444 684 2485 semen
714 2442 880 2486 tuum.
914 2432 1188 2501 Perpende
1214 2434 1479 2503 quomodo
1509 2436 1773 2504 ingentem
1804 2449 1949 2488 sem-

375 2535 471 2588 per
504 2522 890 2576 multitudinem
924 2523 995 2577 illi
1024 2523 1297 2578 declarare
1340 2525 1488 2579 velit.
1520 2523 1775 2592 Saperius
1804 2525 1949 2579 enim

373 2609 525 2671 d'xit,
557 2626 614 2666 se
639 2612 773 2666 sicut
800 2613 1238 2667 innumerabilem
1265 2614 1540 2668 stellarum
1574 2629 1855 2668 numerum
1885 2614 1947 2667 il-

375 2698 477 2752 lam
507 2698 766 2754 facturum
795 2716 914 2759 ossi:
944 2720 957 2756 :
988 2703 1072 2758 hic
1106 2715 1159 2757 et
1205 2704 1480 2758 latitudine
1511 2703 1693 2758 ﬁnium
1724 2705 1948 2773 idipsum

371 2790 623 2854 declarat.
670 2802 725 2847 ut
762 2802 817 2847 et
860 2793 982 2849 huc
1023 2795 1211 2861 discat,
1257 2811 1416 2865 quam
1461 2811 1520 2852 se
1558 2796 1839 2851 dilatatura
1884 2797 1952 2851 sit

371 2884 653 2937 multitudo
681 2885 870 2939 futura.
898 2886 1076 2956 Neque
1105 2886 1205 2940 hoc
1233 2889 1424 2949 Solum,
1456 2888 1546 2941 sed
1572 2898 1621 2941 et
1652 2887 1951 2957 specialiter

369 2974 606 3042 gentium
631 2978 954 3031 mentionem
992 2976 1135 3040 facit,
1166 2992 1390 3048 quarum
1431 2979 1820 3046 ptlSSttSSlUttClll
1866 2994 1950 3030 se-

373 3063 499 3116 mini
531 3064 647 3132 ejus
690 3068 757 3119 sit
801 3066 1039 3129 daturus,
1085 3078 1139 3121 ut
1168 3085 1230 3121 ex
1261 3067 1342 3121 his
1383 3070 1630 3123 Olll’tlllllS
1666 3070 1733 3125 de
1774 3086 1947 3124 rerum

371 3165 565 3210 eventu
592 3170 811 3212 securus
840 3158 1150 3213 redderetur
1172 3159 1361 3245 justus.
1393 3161 1458 3215 Et
1484 3175 1605 3216 cum
1637 3172 1794 3217 tanta:
1826 3180 1946 3230 pro-

376 3248 655 3304 tnissionce
681 3260 861 3304 essent
883 3250 1055 3316 facta‘,
1084 3251 1255 3307 adhuc
1277 3257 1468 3308 mansit
1494 3255 1621 3309 Sara
1654 3264 1702 3309 :t
1736 3256 1868 3320 r.lis,
1894 3264 1952 3310 et

372 3348 622 3392 Senectus
646 3356 828 3393 eorum
871 3342 1193 3410 augebatur;
1240 3351 1297 3397 ut
1338 3358 1459 3397 cum
1504 3348 1789 3400 maximum
1830 3346 1948 3401 ﬁdei

370 3442 479 3482 suae
503 3429 713 3498 signum
746 3430 1055 3493 edidssent,
1086 3441 1208 3485 tunc
1246 3433 1438 3488 scirent
1481 3446 1535 3489 et
1579 3435 1820 3490 humana:
1850 3452 1948 3490 na-

373 3527 507 3571 tura:
534 3518 911 3585 inﬁrmitatem,
944 3532 994 3575 et
1033 3522 1225 3576 divina:
1256 3524 1464 3579 virtutis
1506 3526 1945 3593 magnitudinem.

442 3606 655 3663 Hordiis
679 3609 999 3677 exhortatio;
1029 3613 1202 3683 gulam
1230 3624 1273 3667 et
1300 3614 1564 3683 crapulam
1604 3617 1859 3686 pro/ligat.
1878 3645 1951 3658 —-

369 3696 566 3753 Verum
594 3715 659 3755 ne
686 3700 876 3755 iterum
905 3702 1175 3771 aliquanto
1200 3704 1406 3774 longius
1427 3722 1729 3761 sermonem
1755 3717 1947 3762 exten-

369 3786 576 3855 damus,
612 3789 694 3843 liic
725 3790 881 3845 linem
907 3791 1153 3862 loquendi
1195 3792 1448 3857 faciamus
1486 3814 1497 3849 :
1536 3812 1631 3852 vos
1659 3798 1947 3853 obsecran-

370 3888 449 3933 tes
481 3889 533 3934 ut
565 3882 854 3937 imitatores
881 3884 996 3938 sitis
1024 3884 1180 3955 hujus
1208 3887 1536 3955 patriarchae.
1567 3888 1748 3958 Cogita
1779 3891 1943 3957 enim,

366 3969 581 4036 dilente,
612 3973 877 4043 quomodo
920 3985 1133 4045 propter
1172 3978 1327 4033 verba
1369 3979 1457 4032 illa
1500 3994 1615 4047 qme
1659 3979 1723 4032 ad
1768 3995 1944 4050 regem

368 4064 721 4120 Sodomorum
753 4067 996 4135 faciebat,
1035 4069 1142 4122 imo
1180 4080 1232 4122 et
1275 4079 1489 4138 propter
1517 4070 1762 4123 virtutem
1792 4073 1948 4126 aliam

367 4169 602 4215 omnem,
645 4171 802 4224 quam
842 4173 934 4225 per
972 4173 1187 4211 omnem
1230 4159 1389 4211 vitam
1441 4174 1592 4212 suam
1639 4160 1944 4226 declaravit,

369 4252 510 4297 tanta
544 4245 785 4299 mercede
814 4263 933 4300 eum
962 4247 1210 4316 dignatus
1251 4248 1341 4314 sit,
1383 4259 1438 4303 ct
1466 4259 1658 4319 quanta
1699 4250 1946 4304 humani-

369 4343 474 4388 tate
503 4350 561 4388 se
587 4335 653 4389 ad
682 4352 803 4391 eum
833 4339 1316 4394 accommodaverit
1347 4341 1505 4404 Deus,
1538 4343 1823 4397 Osletttlells
1853 4359 1948 4414 per

367 4440 450 4486 ea,
481 4441 598 4496 qu-e
628 4428 676 4480 in
717 4430 1067 4496 patriarcbatn
1096 4431 1337 4498 contulit,
1382 4434 1535 4486 nobis
1565 4434 1810 4487 omnibus
1836 4449 1946 4489 sua:

368 4516 504 4571 liber
522 4518 698 4573 tlilallS
724 4521 1152 4588 iiumensitatem,
1177 4535 1229 4579 et
1249 4539 1307 4579 se
1328 4526 1411 4579 vel
1437 4518 1947 4595 minimis'opcribus

365 4616 733 4680 provocatum,
767 4626 861 4663 nos
887 4613 1085 4682 absque
1112 4629 1259 4669 mora
1286 4618 1489 4684 magnis
1516 4615 1667 4669 donis
1697 4632 1944 4671 remune-

364 4699 489 4764 rarl,
521 4699 564 4752 si
596 4700 855 4755 sinceram
901 4701 1078 4768 ﬁdem,
1122 4703 1255 4756 sicut
1285 4703 1372 4757 ille
1401 4704 1597 4772 justus,
1637 4705 1945 4767 exhibueri-

364 4808 503 4858 mus,
541 4802 598 4848 et
642 4809 929 4864 numquam
982 4803 1158 4848 mente
1202 4793 1648 4861 ﬂuctuaverimus,
1685 4797 1776 4851 sed
1818 4813 1947 4852 con-

362 4892 590 4937 stantem
618 4895 674 4940 et
702 4885 908 4950 ﬁrmam
944 4886 1088 4939 illam
1138 4885 1495 4942 habuerimus.
1534 4887 1668 4941 llinc
1710 4892 1852 4953 enim
1892 4901 1946 4946 et

364 4973 456 5028 ille
494 4975 854 5031 celebritatem
901 4978 1213 5047 laudemque
1256 4988 1613 5047 consequutus
1657 4990 1758 5034 est.
1807 4983 1943 5038 Audi

364 5066 523 5133 igitur
551 5067 759 5122 beatum
786 5069 1001 5123 Paulum
1034 5072 1405 5139 p-':etlicatitem
1431 5072 1545 5140 ejus
1578 5071 1757 5140 ﬁdem,
1785 5089 1942 5143 quam

201 5144 221 5159 ’
275 5172 279 5176 ’
361 5156 430 5209 ab
461 5157 610 5212 initio
635 5159 866 5213 ostendit
895 5177 910 5214 :
938 5160 1065 5215 dicit
1090 5163 1232 5216 enim
1267 5179 1279 5214 τ
1314 5161 1443 5216 Fide
1490 5173 1692 5216 vocatus
1732 5164 1940 5232 Abram,

316 5314 325 5321 ,
361 5246 572 5303 obediuit
613 5259 664 5302 ut
703 5253 857 5304 exiret
885 5251 938 5305 in
967 5247 1151 5317 locum,
1196 5270 1339 5322 quem
1384 5267 1683 5325 accepturus
1723 5266 1848 5320 erat,
1893 5268 1941 5311 et

362 5337 509 5391 rxirit
536 5339 772 5410 ignorans
800 5359 896 5412 quo
926 5343 1016 5396 iret
1047 5342 1228 5410 (Hebr.
1268 5346 1347 5399 ll.
1378 5345 1433 5415 8)
1473 5363 1485 5398 :
1517 5346 1640 5399 illud
1674 5346 1827 5403 nobis
1855 5348 1943 5403 ἰηι-

359 5424 597 5492 Siuuans,
629 5430 767 5499 quod
796 5448 823 5483 a
853 5432 962 5487 Deo
1000 5433 1199 5488 d'ctum
1226 5443 1308 5488 est
1344 5452 1357 5487 :
1404 5436 1657 5505 Egredere
1699 5437 1763 5490 de
1804 5447 1940 5491 terra

358 5527 466 5580 tua,
496 5526 540 5570 et
566 5520 675 5573 veni
700 5521 749 5573 itt
777 5531 981 5583 terram,
1011 5539 1159 5592 quam
1190 5540 1527 5581 monstravero
1552 5526 1638 5578 tibi
1664 5525 1814 5598 (Gen.
1848 5526 1933 5581 12.

362 5608 435 5678 Ι).
470 5609 655 5666 Vidisti
691 5612 846 5668 ﬁdem
880 5614 1122 5668 ﬁrmam?
1152 5615 1325 5669 vidisti
1366 5627 1594 5671 tuentem
1635 5617 1937 5674 sinceram?

1097 221 1151 277 S.
1194 220 1464 276 JOANNIS
1504 214 1964 275 CllllYSOSTOMl
2004 213 2320 272 ARClllEl’.
2361 214 2892 273 CONSTANTINOP.

2059 326 2211 383 llune
2248 336 2302 382 et
2331 342 2430 382 nos
2454 327 2744 395 imitemur,
2775 339 2829 385 et
2858 328 3197 400 egrediantur
3232 342 3413 389 mente
3448 344 3506 390 et
3534 338 3645 389 :tla-

2054 418 2242 474 critate
2258 434 2287 471 a
2316 418 2597 489 prteseutis
2619 419 2740 472 vitae
2767 420 3014 489 negotiis,
3037 437 3328 493 eamusque
3351 424 3404 479 in
3429 427 3655 485 caelum.

2058 508 2315 563 Pt'SSlblie
2343 508 2486 563 enim
2517 516 2619 573 est,
2648 508 2692 561 si
2720 510 3063 573 voluerimus.
3091 521 3146 566 et
3173 514 3282 581 jam
3309 495 3397 569 hii:
3423 532 3647 571 versan-

2056 608 2135 653 tes
2173 600 2257 653 illa
2305 613 2525 669 pergere
2569 600 2675 663 via,
2720 600 2933 670 quando
2970 600 3127 672 digna
3164 605 3309 659 czclis
3336 620 3649 674 operainur,

2055 690 2267 759 quando
2305 707 2409 744 non
2452 692 2770 761 susliicitnus
2803 708 2865 747 ea
2909 708 3026 763 qua:
3068 703 3196 749 sunt
3237 695 3395 766 hujus
3438 700 3647 766 mundi,

2055 782 2268 850 quando
2297 799 2403 837 non
2444 783 2668 853 gloriam
2715 800 2904 839 vanam
2946 786 3106 856 hujus
3134 789 3257 843 vita:
3304 790 3646 861 inquirimus,

2055 872 2148 927 sed
2179 873 2277 927 hac
2296 883 2620 943 contempta,
2646 875 2790 931 illam
2814 876 3124 934 desiderare
3144 879 3441 949 studemus,
3464 898 3648 939 veram

2059 963 2198 1017 illam
2224 964 2344 1018 dico
2368 973 2423 1019 et
2449 980 2662 1036 semper
2687 977 3028 1033 manentem;
3056 971 3271 1040 quando
3299 988 3406 1027 non
3434 975 3486 1028 in
3518 975 3647 1030 luxu

2057 1054 2284 1109 vestium
2308 1057 2548 1126 occupati
2576 1072 2781 1125 sumus,
2808 1075 2986 1130 neque
3013 1076 3208 1131 corpus
3246 1081 3439 1121 ornare
3465 1068 3649 1123 stude-

2056 1161 2198 1214 mus,
2226 1147 2317 1202 sed
2346 1163 2561 1202 onmem
2603 1149 2748 1203 illum
2791 1162 3070 1206 externum
3110 1153 3310 1208 cultum
3355 1154 3407 1209 in
3450 1159 3648 1213 anima:

2059 1238 2425 1292 transierimus
2448 1253 2654 1305 curam,
2695 1246 2751 1294 et
2788 1255 2893 1295 non
2936 1242 3254 1299 dimittimus
3278 1260 3398 1298 eam
3445 1246 3645 1301 nudam

2056 1336 2109 1379 et
2141 1328 2419 1396 spoliatam
2462 1328 2785 1383 indumentis
2829 1330 3117 1399 virtutum;
3162 1336 3375 1401 quando
3414 1335 3649 1391 ridemus

2056 1417 2294 1485 delicias,
2319 1421 2530 1488 quando
2556 1422 2736 1493 gulam
2762 1430 2816 1476 et
2841 1424 3115 1492 crapulam
3154 1426 3401 1495 fugimus.
3429 1429 3646 1496 quando

2058 1523 2165 1561 non
2207 1512 2453 1566 convivia
2500 1521 2555 1567 et
2590 1527 2773 1569 cautas
2818 1522 3108 1577 sectamur,
3150 1514 3242 1569 sed
3292 1515 3647 1587 frugalitatem

2058 1617 2360 1666 servamus,
2418 1605 2709 1660 secundum
2763 1604 3111 1674 apostolicam
3158 1607 3577 1665 admonitionem
3632 1632 3648 1667 :

2063 1691 2313 1747 [labentes
2354 1696 2537 1748 rictum
2578 1708 2624 1750 el
2668 1697 3037 1756 indumentum.
3079 1699 3157 1751 his
3201 1702 3650 1776 contenti‘eritnus

2056 1782 2133 1854 (Ι.
2171 1783 2301 1837 Tim.
2330 1786 2382 1839 6.
2425 1783 2503 1857 8).
2532 1786 2661 1853 Qua-
2687 1787 2829 1842 enim
2873 1787 3072 1841 utilitas
3108 1788 3516 1859 superﬂuorum,
3557 1794 3651 1848 dic

2059 1876 2209 1940 milii,
2241 1884 2299 1930 ut
2322 1886 2563 1931 ventrem
2594 1877 2864 1932 distendas
2903 1894 3012 1948 przc
3052 1880 3211 1933 nimia
3252 1882 3561 1950 voracitate,
3595 1896 3649 1939 et

2058 1968 2252 2022 mentis
2291 1967 2548 2037 judicium
2592 1968 2839 2023 destrnas
2884 1985 2994 2037 pra:
3039 1969 3317 2027 immodica
3345 1973 3450 2027 vini
3489 1985 3651 2043 pota.

2058 2059 2240 2113 tione?
2266 2074 2442 2113 annon
2472 2058 2593 2114 inde
2617 2060 2854 2128 corporis
2882 2068 2938 2115 et
2964 2063 3154 2116 anima:
3184 2063 3320 2118 mala
3352 2076 3651 2120 nascuntur

2056 2151 2274 2206 omnia?
2304 2152 2455 2207 Unde
2499 2152 2642 2205 enim
2684 2152 3006 2220 multiplices
3056 2154 3156 2206 illa:
3200 2156 3546 2223 :egritudines
3592 2169 3650 2212 cl.
3740 2214 3745 2218 ,

2057 2242 2295 2297 membra
2321 2243 2584 2297 distorta?
2618 2242 2808 2298 Nonne
2848 2243 2972 2297 hinc
3013 2246 3154 2314 quod
3186 2245 3305 2314 plus
3347 2262 3504 2316 quam
3549 2264 3649 2317 par

2055 2334 2143 2398 sit,
2183 2342 2422 2389 ventrem
2452 2335 2707 2389 oneribus
2741 2336 3058 2404 grai-emus?
3091 2334 3242 2390 Unde
3269 2348 3446 2391 auten:
3487 2340 3647 2394 adul-

2056 2426 2210 2492 teria,
2241 2434 2444 2494 stupra,
2468 2426 2685 2495 rapinae,
2705 2441 2985 2480 avarorum
3002 2426 3232 2494 fraudes,
3255 2427 3449 2492 cmdes,
3481 2431 3647 2483 latro-

2054 2516 2213 2580 cinia,
2245 2525 2299 2569 et
2343 2516 2518 2569 omnis
2554 2516 2747 2571 anima:
2787 2518 3097 2586 corruptio?
3132 2518 3319 2574 Nonne
3362 2522 3482 2589 quia
3526 2522 3644 2589 plus

2054 2605 2480 2673 concupiscimus
2501 2620 2658 2675 quam
2685 2605 2836 2660 nobis
2859 2607 3139 2675 oongrnit?
3166 2608 3317 2662 Sicut
3333 2612 3475 2663 enim
3504 2611 3644 2664 Pau-

2056 2696 2138 2749 lus
2170 2696 2400 2749 radicetn
2428 2697 2666 2750 omnium
2695 2697 2957 2752 malorum
2998 2698 3275 2752 avaritiam
3319 2701 3525 2755 vocavit
3556 2702 3641 2771 (l.

2055 2787 2187 2841 Tim.
2222 2787 2401 2855 6.10)
2448 2805 2461 2840 :
2506 2787 2584 2841 sic
2624 2803 2728 2842 non
2769 2790 3095 2842 aberraverit
3147 2789 3287 2858 quis,
3346 2790 3391 2844 si
3442 2791 3636 2848 fontem

2053 2880 2293 2933 omnium
2313 2879 2577 2933 malorum
2599 2878 2740 2932 dicat
2766 2879 3289 2948 immoderationem,
3310 2892 3364 2936 et
3386 2883 3644 2953 cupiditas

2056 2977 2160 3023 tem
2194 2971 2335 3024 illam
2361 2986 2512 3024 usum
2531 2970 2951 3039 transgrediendi
2971 2973 3217 3028 omnibus
3236 2974 3287 3027 in
3308 2973 3483 3029 rebus.
3508 2975 3641 3029 Nam

2055 3060 2099 3113 si
2126 3060 2383 3115 vellemus
2410 3061 2460 3112 iii
2490 3059 2781 3126 alimentis,
2814 3071 2866 3114 et
2896 3061 3153 3129 vestibus,
3183 3073 3238 3118 et
3268 3064 3549 3120 domiciliis
3586 3076 3641 3120 ct

2053 3151 2172 3205 aliis
2198 3151 2565 3220 corporalibus
2594 3153 2800 3206 cunctis
2830 3152 3009 3206 usibus
3037 3154 3169 3208 nihil
3203 3155 3484 3217 immodice
3507 3173 3640 3210 con-

2052 3241 2360 3310 ciipiscere,
2409 3240 2503 3295 sed
2546 3242 2848 3296 necessaria
2899 3252 3098 3296 tantum
3150 3259 3410 3314 quiet-ere,
3461 3247 3641 3301 multis

2052 3334 2262 3388 damnis
2292 3333 2607 3388 liberaretur
2636 3333 2926 3388 humanum
2952 3350 3139 3405 genus.

2123 3423 2176 3479 5.
2220 3421 2416 3477 Verum
2447 3425 2628 3478 neSt-io
2660 3424 2748 3492 qui
2782 3424 2889 3490 ﬁat,
2929 3435 2988 3479 ut
3018 3440 3204 3480 omnes
3231 3436 3284 3481 et
3311 3427 3500 3498 singuli
3542 3445 3638 3497 pro

2052 3515 2163 3568 suis
2208 3515 2408 3568 viribus
2453 3519 2691 3569 avaritia:
2739 3517 2925 3571 morbo
2969 3517 3300 3586 laboremus,
3349 3537 3637 3591 numquam

2052 3606 2317 3660 enitentes
2339 3614 2398 3659 ut
2425 3606 2560 3660 intra
2590 3609 2925 3662 necessitatis
2954 3624 3261 3665 maneamus
3296 3613 3509 3677 limites,
3541 3616 3636 3669 sed

2055 3700 2209 3767 plane
2237 3707 2418 3753 eont:a
2448 3700 2796 3770 apostolicum
2821 3700 3147 3767 mandatum,
3176 3702 3317 3773 quod
3344 3704 3493 3770 dicit,
3529 3706 3639 3759 lla-

2054 3792 2219 3843 bcnlcs
2248 3789 2504 3855 victumct
2533 3791 2794 3855 amictum,
2824 3791 2902 3845 Itis
2930 3793 3149 3846 cou'enti
3179 3797 3363 3847 erimus
3392 3796 3467 3864 (ι.
3499 3795 3638 3853 Tim.

2053 3882 2106 3937 6.
2135 3881 2214 3953 8),
2237 3882 2413 3935 omnia
2436 3881 2677 3947 facimus,
2702 3883 3001 3939 nescientes
3026 3900 3121 3938 nos
3145 3884 3212 3940 de
3238 3888 3485 3941 omnibus
3515 3906 3636 3958 qua:

2054 3976 2187 4028 ultra
2211 3990 2361 4028 usum
2384 3983 2621 4029 nostrum
2640 3985 2785 4043 sunt,
2814 3977 3069 4031 rationem
3093 3978 3310 4032 daturos
3327 3996 3466 4043 esse,
3491 3983 3633 4051 qttod

2051 4067 2198 4118 alui
2223 4067 2390 4120 sinitis
2427 4064 2618 4120 divinis
2639 4067 2969 4120 muneribus.
3011 4067 3124 4121 Non
3157 4070 3300 4123 enim
3341 4071 3452 4125 ba'c
3482 4072 3636 4126 nobis

2052 4157 2317 4210 concessit
2343 4164 2398 4210 ut
2428 4171 2523 4209 nos
2547 4164 2750 4210 tantum
2779 4159 2858 4211 eis
2881 4166 3090 4212 utamur
3124 4178 3138 4213 :
3169 4160 3263 4214 sed
3292 4173 3344 4214 et
3373 4173 3428 4215 ut
3453 4165 3635 4231 proxi-

2053 4264 2258 4301 morum
2305 4248 2643 4317 indigentiam
2688 4248 3048 4304 sublevemus.
3082 4251 3231 4318 Quali
3279 4253 3434 4322 igitur
3480 4258 3634 4307 venia

2049 4336 2299 4407 dignandi
2330 4347 2473 4400 sunt,
2502 4339 2589 4406 qui
2622 4347 2675 4392 ct
2702 4339 2751 4391 in
2790 4340 3120 4394 vestimentis
3162 4342 3381 4395 multum
3427 4344 3569 4395 vanit
3590 4373 3639 4391 .-

2052 4439 2157 4484 tent
2187 4439 2474 4495 ostentant,
2503 4440 2556 4484 et
2597 4438 2652 4482 ut
2698 4431 2953 4485 vermilm
2986 4441 3223 4485 texturas
3261 4444 3490 4501 gestent.
3524 4435 3635 4487 sol-

2052 4521 2179 4574 liciti
2210 4531 2354 4586 snut,
2386 4522 2633 4591 quodque.
2662 4521 3053 4589 gravissimum,
3086 4521 3245 4577 iubis
3274 4526 3629 4592 superbiant:

2050 4627 2183 4681 quos
2209 4612 2490 4679 Oportebat
2515 4613 2730 4677 rubore,
2752 4621 2913 4675 metu,
2937 4627 3000 4667 ac
3023 4622 3255 4668 tremore
3281 4615 3467 4680 teucri,
3490 4616 3634 4685 quod

2051 4703 2149 4773 ipsi
2178 4703 2389 4773 quidem
2430 4706 2499 4757 ob
2537 4703 2735 4757 nullam
2782 4705 3084 4770 utilitatem,
3129 4721 3303 4775 neque
3346 4710 3632 4762 necessarii

2051 4810 2176 4849 usus
2199 4793 2397 4863 gratia;
2428 4794 2520 4849 sed
2550 4802 2752 4848 luttllllll
2784 4795 2853 4849 ob
2879 4796 3165 4849 vanitatem
3195 4807 3247 4851 et
3275 4796 3486 4851 inanem
3512 4799 3637 4869 glo—

2051 4888 2205 4947 riam,
2229 4893 2369 4939 etut
2397 4885 2552 4954 vulgo
2578 4899 2641 4938 ac
2674 4884 2975 4941 forensibus
3012 4887 3347 4940 admirationi
3386 4888 3513 4947 sint.
3558 4900 3638 4940 ta-

2047 4976 2186 5030 libus
2215 4975 2533 5030 induantur:
2564 4976 2688 5036 dum
2707 4976 2947 5043 ejusdem
2977 4987 3179 5032 natura:
3203 4993 3425 5033 consms
3450 4980 3634 5032 obam-

2049 5068 2196 5123 bulat
2225 5069 2420 5135 nudus,
2451 5074 2538 5137 qui
2572 5083 2745 5137 neque
2778 5069 3106 5123 crassissima
3139 5079 3287 5124 veste
3316 5072 3533 5123 amicite
3574 5087 3635 5124 se

2048 5171 2220 5231 potest
2249 5177 2265 5216 :
2293 5169 2347 5215 et
2376 5176 2548 5231 neque
2575 5171 2760 5216 natura
2786 5161 2852 5214 ad
2880 5162 3400 5215 commiserationem
3428 5161 3631 5215 ducum

2048 5262 2153 5315 tur,
2187 5267 2359 5322 neque
2387 5249 2716 5307 conscientia
2745 5251 2812 5305 ad
2842 5250 3213 5320 opitulandum
3254 5251 3496 5320 proximo
3538 5267 3634 5304 eos

2044 5342 2232 5398 incitat
2263 5362 2275 5397 :
2310 5359 2481 5413 neque
2522 5345 2775 5407 memoria
2814 5343 3067 5399 horrendi
3109 5344 3251 5397 illius
3286 5344 3635 5411 diei,'ne.pte

2042 5434 2303 5507 gehennae
2330 5435 2506 5501 timor,
2537 5451 2709 5505 neque
2737 5435 3149 5505 promissionum
3180 5434 3512 5504 magnitudo,
3537 5448 3630 5487 ne-

2042 5543 2147 5599 que
2174 5527 2313 5583 istud
2342 5527 2536 5597 ipsum,
2562 5526 2707 5598 quod
2735 5528 3035 5582 communis
3067 5527 3320 5581 Dominus
3363 5536 3546 5581 noster
3574 5537 3629 5580 ut

2052 5618 2151 5678 sibi
2179 5617 2316 5674 facta
2346 5628 2569 5689 usurpat
2589 5634 2708 5691 qum
2739 5619 2996 5692 proximis
3026 5618 3155 5674 ﬁunt
3185 5636 3198 5671 :
3240 5617 3331 5674 scd
3361 5618 3508 5688 quasi
3549 5618 3621 5672 ιπυ

3545 223 3653 279 543
3724 218 3727 221 ’
