4020 6136
305 315 408 375 ΒΗ

295 435 360 490 ἐκ
397 433 504 488 τῶν
543 430 948 505 προειρημένων
982 430 1140 486 πάλιν
1176 427 1398 500 βεϐαίαν
1436 428 1702 498 κτήσηται
1745 425 1842 495 τήν
1882 421 1964 476 πί-

301 534 434 581 στιν,
460 515 598 570 ὥστε
630 517 721 570 καὶ
760 515 826 568 τὰ
854 516 973 568 κατ’
1001 514 1068 568 αὑ
1080 513 1164 566 τὸν
1193 512 1296 584 ήδη
1327 513 1406 573 είς
1439 511 1598 583 ἔργον
1641 509 1812 563 ἐλθεῖν
1839 507 1962 561 ἀνά-

293 615 422 670 γκη.
461 594 614 661 Εἶτα,
661 597 846 667 ἐπειδὴ
891 597 1175 667 ἐπλήρωσε
1214 595 1312 666 τήν
1355 595 1678 665 πρόρρησιν,
1724 592 1819 644 καὶ
1850 590 1967 643 ἐδέο

293 683 424 748 ξατο
473 683 698 750 σημεῖον
749 679 932 733 ἰκανὸν
993 679 1100 732 τῶν
1161 678 1296 748 πρὸς
1351 677 1512 731 αὑτὸν
1561 673 1963 745 γεγενημένων.

306 763 540 830 Ἐπειδὴ
577 761 814 830 ἐγένετο
848 764 880 814 ὀ
931 761 1102 830 ἣλιος
1128 761 1276 830 πρὸς
1313 759 1568 827 δυσμὰς,
1608 758 1772 827 φησὶ,
1806 755 1966 825 φλὸξ

293 846 548 916 ἐγένετο,
577 846 676 898 καί
718 843 846 898 ἰδοὺ
883 845 1166 909 κλίϐανος
1205 841 1650 910 καπνιζόμενος,
1690 840 1787 894 καί
1813 844 1964 908 ,ιαμ-

294 928 481 996 πάδες
517 929 724 998 πυρὸς,
751 929 814 982 αἱ
848 928 1098 996 διῆλθον
1125 926 1241 982 ἀνὰ
1267 925 1465 996 μέσον
1489 926 1607 979 τῶν
1651 924 1966 992 διχοτομη-

294 1013 510 1083 μάτων.
540 1013 649 1068 Καὶ
674 1016 708 1084 ή
735 1013 865 1082 φλὸξ
903 1013 996 1067 καὶ
1018 1014 1047 1066 ὁ
1075 1011 1327 1073 κλίϐανος
1353 1010 1444 1063 καὶ
1463 1010 1519 1062 αί
1546 1007 1826 1078 λαμπάδες
1849 1007 1966 1074 ἐγί-

293 1114 443 1150 νοντο
472 1097 606 1168 πρὸς
634 1097 693 1150 rb
729 1095 993 1166 γνωρίσαι
1024 1095 1102 1166 τῷ
1120 1095 1313 1164 δικαίῳ
1351 1093 1460 1146 τῶν
1492 1091 1772 1162 συνθηκῶν
1799 1090 1856 1144 rb
1883 1091 1966 1160 βέ-

295 1179 466 1241 ϐαιον,
494 1179 586 1232 καὶ
613 1180 710 1249 τῆς
733 1178 826 1232 τοῦ
861 1178 996 1233 Θεοῦ
1022 1179 1303 1250 ἐνεργείας
1331 1177 1430 1248 τήν
1461 1175 1776 1248 παρουσίαν.
1809 1170 1962 1239 Εἶτα,

293 1262 483 1333 ἐπειδὴ
533 1258 823 1334 ἐπληρώθη
874 1260 1088 1314 ἅπαντα
1134 1260 1227 1313 καὶ
1259 1258 1604 1329 ἀπηρτίσθη,
1649 1256 1744 1310 τοῦ
1793 1256 1965 1327 πυρὸς

296 1343 673 1406 ἀναλώσαντος
709 1342 777 1396 τὰ
811 1343 1166 1413 προκείμενα.
1197 1341 1446 1404 Διέθετο,
1475 1339 1626 1410 φησι,
1652 1341 1864 1407 Κύριος
1895 1339 1966 1392 ἐν

299 1421 374 1494 τῇ
418 1423 606 1493 ἡμέρᾳ
643 1424 844 1492 ἐκείνῃ
883 1422 963 1489 τῷ
1007 1425 1222 1494 Ἀϐραμ
1261 1422 1557 1490 διαθήκην
1607 1421 1825 1492 λέγων·
1881 1421 1965 1482 Τῷ

297 1505 592 1576 σπέρματί
619 1521 736 1560 σου
764 1505 935 1560 δώσω
965 1506 1079 1574 τὴν
1114 1506 1225 1576 m'r
1252 1507 1476 1574 ταύτην
1498 1505 1617 1560 ἀπὸ
1648 1504 1753 1559 τοῦ
1786 1519 1966 1558 ποτα-

291 1590 411 1658 μοῦ
435 1590 736 1659 Αίγύπτου
761 1589 871 1656 ἕως
896 1587 1001 1644 τοῦ
1021 1589 1288 1658 ποταμοῦ
1314 1589 1420 1644 τοῦ
1443 1588 1710 1659 μεγάλου
1727 1587 1963 1658 Εὐρρὰο

297 1685 424 1731 του,
451 1669 587 1738 τοὺς
618 1670 967 1736 Κιναίουςι,
997 1672 1094 1725 καί
1125 1669 1264 1737 τοὺς
1296 1669 1663 1738 Κενεζαίους,
1699 1671 1797 1724 καί
1823 1673 1964 1738 τοὺς

296 1753 722 1823 Κεδμωναίους,
772 1753 869 1808 καί
914 1755 1054 1819 τοὺς
1092 1755 1427 1820 Χετταίους,
1469 1755 1567 1808 καί
1608 1753 1750 1820 τοὺς
1788 1757 1963 1823 Φερεο

295 1835 510 1903 ζαίους,
535 1837 632 1890 καί
659 1837 799 1902 τοὺς
825 1837 1128 1905 Ῥαςραείιι,
1148 1837 1246 1890 καί
1268 1837 1410 1902 τοὺς
1438 1836 1832 1905 Ἀμορῤαίους,
1864 1835 1963 1889 καί

294 1919 437 1986 τοὺς
458 1920 852 1984 Χαναναίους,
890 1919 989 1972 καί
1031 1919 1172 1984 τοὺς
1209 1920 1487 1984 Εἰιαῐους,
1523 1918 1618 1971 καί
1657 1918 1796 1984 τοὺς
1822 1921 1964 1987 Γερ-

295 2005 595 2072 γεσαίους,
621 2003 719 2056 καί
743 2003 885 2067 τοὺς
925 2002 1338 2068 Ἰεϐουσαίους.
1369 1993 1510 2072 Ὅρα
1541 1999 1656 2064 πῶς
1699 2001 1861 2056 πάλιν
1893 2004 1959 2072 τῇ

296 2090 546 2162 συνεχείᾳ
593 2088 798 2159 βεϐαιοῖ
841 2092 940 2160 τήν
987 2089 1066 2151 είς
1119 2088 1281 2142 αὑτὸν
1321 2087 1675 2156 ἐπαγγελίαν.
1732 2088 1962 2143 Διάθετο

296 2172 425 2244 γὰρ,
447 2171 601 2242 φησὶ,
634 2171 948 2239 διαθήκην,
969 2169 1162 2240 λέγων
1183 2187 1194 2201 ⁸
1220 2169 1304 2236 Τῷ
1331 2169 1628 2240 σπέρματί
1649 2186 1767 2226 σου
1789 2171 1963 2225 δώσω

293 2256 408 2324 τὴν
438 2256 554 2325 γῆν
583 2257 824 2323 ταύτην.
869 2250 1025 2319 Εἶτα,
1058 2255 1144 2309 ἵνα
1185 2254 1250 2308 ἐκ
1281 2254 1375 2306 τοῦ
1417 2253 1652 2318 πλάτους
1692 2253 1791 2324 τῆς
1837 2255 1960 2324 Υῆἷν

293 2339 386 2392 καὶ
416 2341 480 2392 ἐκ
512 2336 606 2390 τοῦ
640 2337 904 2408 μεγέθους
947 2336 1054 2389 τῶν
1089 2336 1252 2407 όρίων
1288 2336 1483 2390 εἰδέναι
1521 2336 1620 2409 ἔχῃ
1663 2337 1692 2389 ὁ
1733 2337 1959 2401 δίκαιος,

292 2423 416 2476 ὅσον
465 2421 824 2493 ἐκταθήσεται
876 2418 1042 2472 αὑτοῦ
1076 2420 1136 2473 rb
1172 2420 1411 2492 σπέρμα,
1457 2419 1651 2491 φησίν·
1689 2419 1820 2474 Ἀπὸ
1857 2421 1961 2474 τοῦ

293 2503 560 2572 ποταμοῦ
611 2503 915 2574 Αἰγύπτου
974 2501 1085 2568 ἕως
1148 2501 1254 2556 τοῦ
1314 2502 1582 2572 ποταμοῦ
1644 2501 1961 2573 Εὐφράτου

291 2585 544 2638 τοσοῦτον
579 2585 751 2650 ἔσται,
796 2586 949 2656 φησι,
984 2585 1046 2638 rb
1077 2586 1295 2658 σπέρμα
1323 2603 1439 2639 σου.
1481 2587 1678 2640 Σκόπει
1720 2589 1838 2650 πῶς
1873 2587 1962 2640 διά

295 2669 511 2722 πάντων
539 2667 631 2721 τοῦ
665 2668 901 2740 πλήθους
940 2668 1087 2738 αὑτῷ
1107 2669 1204 2740 τὴν
1235 2668 1536 2739 ὑπερϐολήν
1570 2671 1806 2740 ἐμφᾶναι
1840 2668 1964 2738 βού-

291 2749 463 2803 λεται.
507 2750 789 2821 Ἀνωτέρω
816 2751 923 2822 γὰρ
958 2749 1148 2813 είπὼν,
1183 2751 1321 2805 κατά
1346 2752 1408 2804 rb
1449 2751 1556 2806 τῶν
1584 2751 1798 2824 ἄστρων
1825 2753 1962 2824 πλῆ-

293 2834 384 2898 θος
428 2832 599 2897 οὑτως
625 2834 992 2905 ἀναρίθμητον
1045 2835 1176 2888 αὑτὸ
1223 2837 1486 2905 ποιήσειν,
1517 2835 1746 2890 ἐνταῦθα
1773 2838 1866 2891 καὶ
1904 2837 1965 2891 rb

295 2915 472 2988 μῆκος
493 2915 600 2970 τῶν
627 2917 792 2988 ὁρίων
813 2914 972 2984 δῆλον
1004 2917 1276 2988 ἐποίησεν,
1313 2917 1398 2969 ἵνα
1424 2917 1516 2970 καὶ
1543 2917 1788 2972 ἐντεῦθεν
1816 2919 1962 2992 μάθῃ

292 2997 386 3052 τοῦ
415 2999 697 3070 μέλλοντος
733 2997 950 3052 ἔσεσθαι
983 2998 1219 3071 πλήθους
1247 2997 1400 3070 [5⁸79]
1439 2997 1536 3070 τήν
1581 2999 1820 3054 ἔκτασιν.
1855 3003 1965 3056 Καὶ

293 3081 354 3136 οὑ
386 3081 545 3136 τοῦτο
571 3083 754 3154 μόνον,
778 3081 914 3134 ἀλλά
942 3083 1036 3136 καὶ
1077 3081 1196 3135 κατ’
1230 3079 1368 3146 εἶδος
1397 3081 1503 3134 τῶν
1544 3081 1711 3135 ἐθνῶν
1754 3101 1966 3154 μνημο-

293 3165 466 3230 νεύει,
512 3159 588 3220 ὦν
634 3165 825 3236 ἔμελλε
881 3165 978 3238 τήν
1013 3165 1339 3236 κατάσχεσιν
1385 3165 1640 3238 παρέξειν
1679 3167 1841 3220 αὑτοῦ
1889 3169 1965 3238 τῷ

296 3251 588 3322 σπέρματι,
614 3251 700 3304 ἵνα
731 3250 928 3323 πολλήν
954 3250 1041 3304 διά
1072 3251 1286 3306 πάντων
1317 3251 1685 3323 πληροφορίαν
1712 3252 1965 3324 παράσχῃ

293 3332 373 3404 τῷ
406 3333 620 3405 δικαίῳ.
649 3333 757 3387 Καὶ
790 3335 1059 3387 τοσούτων
1082 3334 1424 3403 ἐπαγγελιῶν
1461 3335 1853 3406 γεγενημένων,
1887 3336 1964 3387 ἐτι

298 3414 487 3487 Ιμενεν
512 3415 704 3485 ἀγονος
733 3417 766 3487 ή
803 3416 972 3487 Σάρα,
1012 3417 1106 3470 καὶ
1134 3416 1194 3470 τὸ
1225 3417 1400 3489 γῆρας
1424 3418 1605 3482 αὑτοῖς
1635 3418 1961 3483 ἐπετείνετο,

297 3501 384 3554 ἵνα
403 3501 500 3571 τῆς
517 3499 753 3564 πίστεως
773 3501 950 3554 αὑτῶν
970 3502 1222 3572 μέγιστον
1242 3503 1536 3572 τεκμήριον
1561 3500 1960 3570 ἐξενέγκαντες,

295 3583 415 3637 τότε
443 3585 536 3637 καὶ
565 3585 664 3655 τῆς
699 3583 1044 3655 ἀνθρωπίνης
1077 3583 1292 3654 φύσεως
1330 3585 1481 3638 ῖδωσι
1522 3583 1618 3656 τήν
1657 3585 1960 3651 ἀσθένειαν,

296 3667 388 3720 καὶ
407 3667 504 3736 τῆς
527 3665 621 3720 τοῦ
656 3665 790 3719 Θεοῦ
813 3666 1091 3737 δυνάμεως
1117 3665 1174 3718 τὸ
1203 3665 1452 3736 μέγεθος.

380 3749 518 3801 Ἀλλ’
557 3748 644 3800 ἵνα
681 3749 757 3817 μὴ
791 3747 952 3802 πάλιν
981 3749 1060 3810 είς
1094 3747 1228 3800 πολὺ
1276 3747 1449 3817 μῆκος
1483 3745 1583 3816 τὴν
1619 3745 1964 3802 διδασκαλίαν

295 3829 645 3899 ἐκτείνωμεν,
682 3831 842 3899 μέχρι
881 3829 1071 3882 τούτου
1097 3829 1167 3898 τά
1207 3827 1306 3898 τῆς
1335 3827 1646 3892 ὑποθέσεως
1673 3831 1965 3901 στήσαντες

296 3910 734 3982 καταπαύσωμεν
753 3911 842 3964 τὸν
857 3911 1033 3980 λόγον,
1055 3910 1530 3982 παρακαλέσαντες
1557 3911 1699 3982 ὑμᾶς
1721 3911 1965 3982 ζηλωτὰς

295 3993 548 4063 γενέσθαι
575 3992 668 4047 τοῦ
688 3994 1043 4065 πατριάρχου.
1089 3991 1368 4064 Ἐννόησον
1406 3993 1534 4064 γάρ,
1569 3995 1838 4064 ἀγαπητὴ
1878 3995 1965 4049 διά

293 4075 364 4130 τά
389 4077 610 4148 ῥήματα
633 4076 834 4141 ἐκεῖνα,
862 4075 897 4130 ἃ
938 4075 1070 4148 πρὸς
1104 4076 1194 4129 τὸν
1233 4076 1457 4146 βασιλέα
1496 4076 1744 4147 Σοδόμων
1778 4079 1956 4149 ἐποιήο

298 4177 450 4223 σατο,
499 4159 698 4230 μᾶλλον
747 4160 804 4213 δέ
848 4159 876 4200 b
917 4160 1008 4212 καὶ
1034 4158 1122 4212 διὰ
1159 4160 1258 4230 τήν
1305 4159 1469 4230 ἀλλην
1503 4160 1718 4214 ἅπασαν
1742 4160 1962 4232 ἀρετήν,

297 4244 364 4314 ἦν
399 4241 487 4296 διά
519 4243 698 4313 πάσης
735 4242 1076 4295 ἐπεδείκνυτο
1100 4242 1197 4312 τῆς
1223 4241 1387 4311 ζωῆς,
1423 4241 1592 4312 πόσης
1634 4241 1839 4313 ἠξιώθη
1869 4243 1966 4314 τῆς

296 4326 550 4397 ἀμοιϐῆς,
613 4325 706 4379 καὶ
746 4325 920 4396 πόσην
973 4323 1100 4395 περὶ
1152 4323 1313 4379 αὑτὸν
1348 4322 1448 4394 τὴν
1497 4324 1901 4393 συγκατάϐασιν
1937 4325 1965 4377 ό

295 4409 571 4478 Δεσπότης
601 4408 930 4475 ἐπεδείξατο,
949 4405 1159 4471 δεικνὺς
1185 4405 1272 4460 διά
1303 4405 1412 4461 τῶν
1450 4407 1531 4471 είς
1563 4407 1654 4460 τὸν
1698 4407 1965 4478 πατριάρο

296 4509 399 4562 χην
431 4491 806 4562 γεγενημένων
837 4490 1040 4545 ἅπασιν
1063 4492 1193 4562 ἡμῖν
1218 4491 1313 4560 τῆς
1340 4491 1648 4562 φιλοτιμίας
1674 4491 1836 4545 αὑτοῦ
1867 4494 1965 4562 τὴν

297 4574 620 4645 ὑπερϐολήν,
653 4574 747 4627 καὶ
777 4575 879 4638 ὅτι,
905 4573 1006 4628 κᾶν
1041 4572 1212 4646 βραχύ
1261 4591 1314 4628 τι
1357 4574 1716 4648 προλαϐόντες
1767 4575 1965 4630 ἐπιδεί-

298 4655 487 4721 ξασθαι
506 4656 840 4728 δυνηθῶμεν,
872 4656 992 4710 οὑδὲ
1020 4656 1081 4709 rb
1101 4655 1260 4726 τυχὸν
1283 4656 1668 4728 ὑπερθέμενος,
1705 4657 1966 4728 μεγάλαις

297 4741 442 4811 ἡμᾶς
472 4740 756 4810 ἀμείϐεται
804 4741 926 4804 ταῖς
971 4739 1218 4810 δωρεαῖς,
1269 4739 1427 4811 μόνον
1449 4740 1546 4794 ἐὰν
1569 4740 1834 4813 είλικρινῆ
1868 4742 1966 4813 τὴν

297 4821 482 4875 πίστιν
514 4821 931 4892 ἐπιᾶιξιῦμεθα,
960 4823 1207 4894 καθάπερ
1244 4823 1273 4876 δ
1294 4823 1498 4886 δίκαιος
1530 4818 1704 4890 οὗτος,
1733 4825 1823 4877 καὶ
1863 4842 1968 4895 μη-

295 4904 484 4959 δέποτε
514 4905 869 4974 σαλευώμεθα
924 4907 1016 4959 τὸν
1066 4905 1322 4977 λογισμὸν
1347 4945 1362 4971 ,
1415 4906 1528 4961 ἀλλ’
1568 4907 1966 4978 ἐρηρεισμένην

296 4985 510 5057 ἔχωμεν
526 4986 622 5058 τήν
648 4986 874 5060 γνώμην
909 5028 923 5042 .
966 4988 1243 5044 Ἐντεῦθεν
1282 4990 1390 5060 γάρ
1416 4991 1510 5043 καὶ
1559 4983 1714 5053 οὗτος
1763 4991 1967 5044 εὐδοκί-

301 5088 510 5143 μησεν..
529 5071 726 5124 Ἀκουε
757 5071 865 5142 γὰρ
890 5069 984 5124 τοῦ
1018 5071 1289 5143 μακαρίου
1326 5071 1538 5126 Παύλου
1562 5071 1966 5144 ἀνακηρύττον-

296 5170 389 5217 τος
427 5152 592 5207 αὑτοῦ
654 5154 752 5223 τὴν
780 5157 982 5220 πίστιν,
1013 5155 1080 5226 ήν
1121 5156 1180 5221 ἐξ
1226 5156 1400 5228 ἀρχῆς
1429 5157 1523 5211 καὶ
1561 5159 1626 5211 ἐκ
1667 5157 1967 5228 προοιμίων

299 5236 629 5300 ἐπεδείξατο·
675 5236 808 5306 φησὶ
858 5237 986 5307 γὰρ,
1040 5239 1246 5291 Πίστει
1295 5240 1667 5308 καλούμενος
1710 5240 1968 5308 Ἀϐραὰμ

299 5318 652 5386 ὑπήκουσεν
666 5318 936 5382 ἐξελθεῖν
953 5321 1040 5384 είς
1057 5318 1162 5372 τὸν
1182 5320 1386 5385 τόπον,
1413 5319 1483 5373 ὂν
1507 5321 1723 5390 ἔμελλε
1743 5321 1967 5390 10de-

300 5417 449 5463 νειν,
477 5399 576 5453 καί
592 5398 811 5466 ἐξῆλθε
825 5400 911 5470 μὴ
932 5399 1322 5470 ἐπιστάμενος
1347 5401 1463 5454 ποῦ
1488 5402 1719 5471 ἔρχεται
1743 5420 1757 5433 ·
1793 5405 1968 5457 ἐκεῖνο

299 5483 430 5554 ἡμῖν
457 5483 822 5553 αίνιττόμενος
851 5483 910 5537 τὸ
943 5483 1092 5554 παρά
1120 5482 1214 5537 τοῦ
1235 5480 1372 5537 Θεοῦ
1401 5483 1688 5556 εἰρημένον
1713 5502 1725 5515 ·
1758 5485 1967 5550 Ἔξελ-

363 5787 381 5812 ⁶
418 5790 472 5838 ιη
500 5789 670 5841 Βίωἰίσ
708 5789 805 5837 τῶν
827 5789 895 5838 0’
933 5787 1164 5838 scribitur
1202 5787 1312 5845 τοὺς
1331 5786 1572 5842 Κεναίονς.
1638 5784 1667 5826 ι)
1690 5785 1771 5836 Sic
1808 5785 1959 5835 Savil.

300 5856 355 5913 at
378 5851 547 5913 blorel.
570 5851 634 5901 Al.
650 5856 841 5905 septem
863 5863 978 5899 mss.
1002 5851 1084 5898 τὸν
1111 5851 1311 5913 βασιλέα
1343 5849 1566 5912 Σοδόμων
1591 5848 1668 5898 διὰ
1691 5847 1749 5896 τὰ
1773 5849 1963 5913 ῥήμαια

302 5910 476 5974 ἐκεῖνα,
495 5914 526 5961 ἃ
550 5915 826 5974 ἐποιήσατο·
865 5913 1041 5974 μᾶλλον
1059 5910 1127 5961 be".

618 6014 884 6076 Ριτιιοι..
912 6013 1006 6076 Gn
1067 6014 1226 6076 LIII.

1389 309 1458 366 IN
1493 305 1644 366 CAP.
1684 303 1775 362 XV
1812 299 2060 359 GENES.
2103 299 2338 359 IIOMIL.
2381 301 2640 357 XXXVII.

3645 317 3750 371 368

2077 424 2140 475 θε
2165 423 2234 475 ἐκ
2254 418 2361 486 τῆς
2383 419 2494 490 γῆς
2515 436 2654 483 σου,
2691 419 2787 472 καί
2815 418 2989 488 δεῦρο
3015 420 3100 486 εἰς
3122 419 3235 490 τὴν
3253 424 3388 494 γῆν,
3420 422 3500 494 ἣν
3527 427 3606 483 ἄν
3646 447 3741 484 σοι

2074 503 2267 568 δείξω.
2305 500 2455 567 Εἶδες
2479 503 2660 556 πίστιν
2694 501 2915 572 βεϐαίαν
2943 519 2959 568 ;
2983 498 3123 568 εἶδες
3171 505 3397 577 γνώμην
3437 509 3742 582 εἱλικρινῆς

2073 585 2272 639 Τοῦτον
2301 588 2394 639 καὶ
2420 587 2581 656 ἡμεῖς
2613 583 2982 655 μιμησώμεθα
3009 587 3103 639 καὶ
3125 585 3428 659 ἐξέλθωμεν
3459 593 3524 662 τῇ
3552 591 3746 663 γνώμη

2071 669 2164 721 καί⁵
2179 671 2244 738 τῇ
2277 667 2556 738 προθυμίᾳ
2593 670 2657 720 ὲκ
2692 667 2799 720 τῶν
2823 665 2918 720 τοῦ
2950 667 3214 738 παρόντος
3241 669 3356 739 βίου
3383 673 3744 744 πραγμάτων,

2071 750 2162 802 καὶ
2187 749 2494 820 όδεύσωμεν
2527 749 2606 812 είς
2626 748 2716 802 τὸν
2741 749 2989 820 οὐρανόν.
3041 751 3279 805 Δυνατὸν
3315 754 3445 822 γὰρ,
3489 755 3585 808 ἐὰν
3629 754 3748 808 ἐθέ-

2069 831 2272 902 λωμεν,
2310 832 2404 886 καὶ
2450 830 2684 885 ἐνταῦθα
2730 831 3006 900 διάγοντες
3047 833 3144 904 τῆς
3178 835 3295 887 ἐκεῖ
3336 835 3458 889 ὁδοῦ
3504 836 3744 907 ἔχεσθαι,

2068 916 2195 969 ὅταν
2216 915 2340 980 ἀξια
2361 913 2467 967 τῶν
2485 913 2730 985 οὐρανῶν
2758 913 3234 986 διαπραττιὶψεθα,
3265 916 3392 971 ὅταν
3423 919 3498 989 μὴ
3521 919 3649 990 περὶ
3677 919 3748 972 τὰ

2067 997 2161 1050 τοῦ
2191 998 2394 1068 κόσμου
2427 990 2578 1067 ὦμεν
2608 997 2957 1067 ἐπτοημένοι,
2977 998 3103 1052 ὅταν
3136 999 3211 1068 μὴ
3233 997 3330 1070 τήν
3351 1000 3506 1067 δόξαν
3530 1001 3626 1071 τὴν
3657 1019 3747 1054 κε-

2067 1079 2164 1152 νήν
2215 1079 2309 1132 τοῦ
2347 1079 2462 1150 βίου
2510 1079 2698 1134 τούτου
2729 1079 3110 1152 ἐπιζητῶμεν,
3152 1081 3287 1134 ἀλλά
3335 1082 3534 1153 ταύτης
3578 1084 3747 1154 ὑπερο

2068 1163 2321 1235 ορῶντες,
2355 1163 2568 1235 ἐκείνης
2594 1162 2839 1231 ἐφίεσθαι
2865 1163 3253 1235 σπουδάζωμεν
3279 1165 3378 1236 τῆς
3396 1165 3631 1236 ἀληθοῦς
3653 1167 3747 1219 καὶ

2069 1246 2153 1298 ἀεὶ
2179 1244 2444 1315 μενούσης
2463 1260 2476 1273 ο
2497 1245 2624 1298 ὃταν
2650 1246 2724 1316 μὴ
2756 1245 2884 1314 περὶ
2903 1245 2999 1314 τὴν
3015 1244 3116 1314 τῆς
3152 1245 3379 1314 ἐσθῆτος
3401 1246 3747 1301 πολυτέλειαν

2069 1323 2524 1396 ἀπασχολώμεθα,
2565 1325 2698 1395 μηδὲ
2732 1325 2793 1378 rb
2835 1324 2995 1395 σῶμα
3026 1325 3388 1390 καλλωπίζειν
3430 1327 3746 1392 σπουδάζω-

2072 1425 2192 1478 μεν,
2224 1408 2360 1462 ἀλλά
2382 1409 2558 1463 πάντα
2585 1407 2775 1462 τοῦτον
2814 1407 2904 1460 τὸν
2943 1407 3144 1474 ἔξωθεν
3176 1408 3378 1479 κόσμον
3421 1410 3745 1480 μετάγωμεν

2069 1492 2148 1555 είς
2169 1491 2266 1562 τὴν
2296 1491 2396 1560 τῆς
2424 1491 2599 1562 ψυχῆς
2654 1489 2992 1560 ἐπιμέλειαν,
3036 1489 3131 1543 καὶ
3165 1490 3239 1561 μὴ
3277 1491 3598 1561 ἀνεχώμεθα
3649 1508 3748 1560 γυο

2073 1573 2208 1644 μνήν
2235 1572 2405 1644 αὑτήν
2435 1574 2528 1626 καὶ
2561 1572 2765 1643 ἔρημον
2789 1571 2990 1643 ταύτης
3014 1573 3111 1642 τῆς
3135 1573 3339 1643 ἀρετῆς
3380 1573 3487 1626 τῶν
3513 1573 3762 1644 ἐνδυμάο-

2068 1673 2176 1708 των
2195 1655 2454 1726 περιορᾷν
2475 1669 2490 1682 '
2516 1655 2646 1708 ὅταν
2676 1654 3068 1724 καταγελῶμεν
3096 1660 3328 1728 τρυφῆς,
3361 1658 3490 1710 ὅταν
3520 1675 3746 1728 γαστρι-

2071 1738 2309 1809 μαργίαν
2335 1737 2650 1809 φεύγωμεν,
2678 1739 2804 1792 ὅταν
2837 1739 2911 1809 μὴ
2938 1739 3008 1792 τά
3029 1741 3304 1810 συμπόσια
3339 1742 3432 1794 καὶ
3450 1742 3520 1794 τά
3558 1742 3748 1794 δεῖπνα

2071 1821 2512 1894 μεταδιώκωμεν,
2535 1821 2672 1875 ἀλλά
2701 1821 2800 1890 τῆς
2828 1821 3160 1894 αὐταρκείας
3181 1823 3452 1893 ἐχώμεθα,
3477 1825 3616 1878 κατὰ
3647 1825 3747 1895 τήν

2065 1903 2428 1974 ἀποστολικὴν
2449 1903 2770 1975 παραίνεσιν
2802 1902 2900 1974 τήν
2925 1903 3191 1972 λέγουσαν
3221 1925 3232 1937 ·
3275 1909 3569 1975 Ἔχοντες
3615 1907 3744 1960 δια-

2068 1987 2289 2056 τροφὰς
2332 1985 2432 2040 καί
2485 1984 2906 2054 σκεπάσματα,
2954 1987 3188 2054 τούτοις
3217 1988 3740 2057 ἀρκεσθησόμεθα.

2067 2069 2130 2120 Τί
2156 2067 2264 2138 γὰρ
2293 2067 2505 2138 ὄφελος,
2534 2067 2656 2120 είπέ
2688 2085 2800 2138 μοι,
2834 2068 2942 2120 τῶν
2973 2069 3262 2140 περιττῶν,
3282 2071 3377 2124 καὶ
3401 2070 3495 2125 τοῦ
3528 2071 3624 2142 τὴν
3645 2088 3745 2139 γαο

2069 2149 2234 2221 στέρα
2261 2148 2688 2221 διαρῤήγνυσθαι
2719 2149 2823 2202 ὑπὸ
2850 2149 2950 2220 τῆς
2973 2150 3172 2222 πολλῆς
3193 2151 3554 2222 ἁδδηφαγίας,
3585 2152 3618 2224 ἦ
3649 2155 3742 2206 τοῦ

2067 2231 2327 2303 λογισμοῦ
2350 2233 2410 2285 rb
2431 2233 2711 2304 κριτήριον
2737 2233 2868 2305 ἡμῖν
2896 2232 3302 2306 διαφθείρεσθαι
3331 2234 3440 2288 ἀπὸ
3474 2235 3573 2305 τῆς
3609 2239 3638 2288 ἀ
3649 2236 3712 2306 μέ
3721 2264 3746 2274 -

2067 2315 2512 2386 τρουοίνοποσίας
2532 2333 2546 2382 ;
2569 2316 2736 2386 ἢοὺχὶ
2758 2315 3005 2370 ἐντεῦθεν
3025 2315 3174 2390 [580]
3195 2318 3288 2370 καὶ
3314 2317 3391 2388 τῷ
3414 2317 3624 2388 σώματι
3649 2316 3741 2372 καὶ

2065 2399 2131 2468 τῇ
2154 2397 2298 2468 ψυχῇ
2326 2397 2502 2452 πάντα
2531 2398 2773 2453 τίκτεται
2806 2400 2872 2452 τά
2903 2401 3069 2464 κακά;
3107 2400 3275 2454 Πόθεν
3298 2401 3406 2472 γὰρ
3432 2402 3486 2454 αἱ
3518 2402 3660 2454 νόσοι
3685 2402 3742 2454 al

2068 2479 2424 2544 παντοδαπαὶ,
2455 2479 2674 2534 καὶτῶν
2704 2480 2880 2552 μελῶν
2903 2481 3292 2553 αίδιιστροφαί
3317 2501 3332 2549 ;
3375 2484 3510 2554 Οὑχὶ
3553 2483 3738 2536 ἐντεῦ-

2067 2561 2157 2617 θεν
2176 2563 2283 2617 ἀπὸ
2309 2563 2400 2618 τοῦ
2431 2563 2528 2635 τὴν
2554 2564 2744 2636 χρείαν
2777 2565 2920 2636 ὑμᾶς
2952 2565 3375 2636 ὑπερϐαίνοντας
3424 2566 3562 2637 βαρὺ
3610 2583 3744 2638 φορ-

2067 2646 2178 2700 τίον
2210 2646 2507 2700 ἐπιτιθέναι
2533 2649 2598 2716 τῇ
2632 2647 2828 2718 γαστρί
2855 2664 2869 2712 ;
2891 2647 3059 2700 Πόθεν
3079 2649 3134 2702 δὲ
3161 2650 3217 2702 at
3244 2652 3501 2719 μοιχεῖαι,
3532 2651 3587 2702 αἱ
3613 2667 3739 2721 πορ·

2067 2729 2224 2792 νεῖαι,
2251 2728 2308 2780 αί
2339 2729 2604 2800 ἁρπαγαὶ,
2636 2729 2691 2780 αί
2711 2728 3035 2795 πλεονεξίαι,
3070 2731 3120 2782 οί
3149 2730 3319 2798 φόνοι,
3374 2731 3429 2783 al
3475 2731 3742 2801 λῃστεῖαι,

2069 2810 2163 2864 καὶ
2196 2810 2344 2863 πᾶσα
2369 2809 2465 2879 τῆς
2489 2810 2666 2880 ψυχῆς
2705 2811 2738 2879 ή
2761 2809 3065 2881 διαφθοράς
3121 2812 3194 2864 Οὑ
3218 2811 3309 2864 διὰ
3333 2813 3395 2866 rb
3442 2813 3534 2866 τοῦ
3564 2814 3746 2867 πλείο-

2068 2908 2157 2956 νος
2187 2891 2434 2961 ἐφίεσθαι
2463 2891 2564 2963 τῆς
2588 2892 2974 2962 συμμετρίας;
3023 2894 3235 2963 ’Ὠσπερ
3278 2895 3389 2966 γάρ
3436 2893 3592 2966 ῥίζαν
3634 2896 3745 2950 τῶν

2069 2973 2255 3028 κακῶν
2283 2975 2534 3029 ἁπάντων
2577 2974 2674 3045 τὴν
2722 2974 3085 3046 φιλαργυρίαν
3127 2979 3156 3030 δ
3201 2976 3410 3041 Παῦλος
3457 2977 3738 3042 ἐκάλεσεν,

2068 3057 2238 3122 οὕτως
2270 3059 2372 3112 οὑκ
2423 3058 2488 3112 ἄν
2515 3075 2595 3122 τις
2631 3057 2867 3128 ἁμάρτοι
2910 3057 3094 3130 πηγήν
3127 3059 3234 3113 τῶν
3265 3060 3452 3114 κακῶν
3491 3061 3750 3115 ἁπάντων.

2069 3139 2393 3212 προσκαλῶν
2416 3139 2516 3211 τήν
2541 3139 2830 3211 ἀμετρίαν,
2848 3141 2942 3193 καὶ
2971 3141 3032 3194 τὸ
3060 3143 3157 3212 τήν
3185 3145 3372 3214 χρείαν
3400 3145 3484 3214 ἐφ’
3513 3144 3745 3200 ἑκάστου

2071 3223 2354 3295 βούλεσθαι
2387 3225 2536 3294 ἡμᾶς
2571 3222 2939 3294 ὑπερϐαίνειν.
2975 3223 3165 3296 Είγάρ
3197 3226 3531 3298 ἐϐουλόμεθα
3568 3229 3662 3282 καὶ
3687 3228 3748 3284 ἐν

2068 3310 2135 3379 τῇ
2162 3308 2360 3376 τροφῇ,
2388 3305 2479 3359 καὶ
2507 3307 2564 3358 ἐν
2591 3309 2703 3368 τοῖς
2733 3305 3018 3376 ἐνδύμασι,
3055 3307 3151 3361 καὶ
3197 3309 3254 3360 ἐν
3291 3313 3402 3372 τοῖς
3453 3309 3744 3380 οίκήμασι,

2069 3389 2162 3442 καὶ
2188 3391 2245 3442 ἐν
2269 3389 2387 3451 ταῖς
2414 3386 2625 3458 χρείαις
2649 3388 2767 3451 ταῖς
2787 3387 2974 3452 ἄλλαις
3015 3389 3135 3452 ταῖς
3168 3393 3508 3460 σωματικαῖς
3531 3391 3606 3460 μή
3636 3392 3706 3444 αὑ
3722 3421 3742 3434 ο

2067 3472 2177 3526 τῶν
2204 3471 2471 3540 ἐφίεσθαι,
2504 3469 2640 3524 ἀλλά
2667 3471 2736 3524 τά
2757 3471 3029 3539 ἀναγκαῖα
3067 3471 3229 3542 μόνον
3277 3471 3576 3543 ἐπιζητεῖν,
3617 3474 3745 3526 πολ-

2067 3554 2166 3625 λῆς
2204 3553 2269 3608 ἂν
2293 3553 2470 3624 λύμης
2494 3552 2810 3623 ἀπήλλακτο
2831 3553 2890 3606 τὸ
2917 3552 3029 3606 τῶν
3053 3552 3152 3606 ἀνθ
3161 3552 3562 3625 ρώπωνκγένος.

2137 3643 2198 3691 ε’.
2237 3635 2375 3688 Ἀλλ’
2400 3635 2500 3688 οὑκ
2528 3629 2627 3688 οἷδ’
2647 3635 2795 3698 ὅπως
2827 3634 3057 3697 ἕκαστος
3083 3635 3239 3705 ήμῶν
3261 3638 3402 3690 κατά
3427 3637 3524 3708 τὴν
3551 3640 3742 3694 ἐαυτοῦ

2066 3719 2366 3791 δύναμιντδ
2389 3719 2487 3790 τῆς
2511 3717 2824 3784 πλεονεξίας
2854 3717 3066 3788 νόσημα
3095 3717 3408 3790 δεξάμενος,
3441 3721 3736 3790 φιλονεικεῖ

2073 3803 2341 3875 μηδέποτε
2363 3801 2491 3854 εἵσω
2519 3801 2626 3854 τῶν
2665 3801 2762 3870 τῆς
2790 3801 2979 3872 χρείας
3007 3793 3149 3873 ὅρων
3181 3803 3445 3871 γίνεσθαι,
3477 3805 3591 3859 ἀλλ’
3639 3809 3747 3860 ἀπ-

2069 3887 2314 3948 εναντίας
2341 3886 2406 3954 τῇ
2439 3881 2764 3953 ἀποστολικῇ
2793 3884 3106 3954 παραινέσει
3141 3889 3206 3957 τῇ
3246 3886 3494 3960 λεγούσῃ,
3526 3891 3743 3961 Ἔχον-

2068 3987 2165 4036 τες
2191 3967 2510 4037 διατροφὰς
2531 3967 2628 4020 καί
2663 3966 3079 4036 σκεπάσματα,
3104 3971 3335 4038 τούτοις
3366 3973 3739 4044 ἀρκεσθησό-

2062 4053 2234 4122 μεθα,
2261 4050 2433 4114 οὑτως
2459 4051 2618 4121 ἡμεῖς
2639 4049 2852 4103 ἅπαντα
2879 4051 3192 4122 πράττομεν
3229 4063 3251 4091 ο
3273 4093 3288 4118 ,
3319 4055 3420 4109 οὐκ
3446 4057 3645 4122 εἰδότες
3665 4060 3742 4122 ὼς

2070 4133 2285 4188 πάντων
2331 4134 2439 4187 τῶν
2493 4133 2632 4202 ὑπὲρ
2677 4133 2779 4203 τὴν
2821 4133 3011 4204 χρείαν
3030 4134 3129 4206 τήν
3164 4137 3468 4205 ἀναγκαίαν
3514 4141 3742 4206 εὐθύνας

2069 4217 2163 4271 καὶ
2177 4216 2332 4286 λόγον
2357 4216 2646 4286 ὑφέξομεν,
2681 4215 2757 4280 ὡς
2776 4216 2836 4269 οὑ
2865 4216 3093 4281 δεόντως
3112 4219 3438 4291 κεχρημένοι
3461 4226 3568 4286 τοῖς
3591 4241 3692 4295 πα(
3707 4226 3742 4278 ἀ

2067 4299 2162 4353 τοῦ
2195 4300 2466 4353 Δεσπότου
2489 4301 2621 4370 ἡμῖν
2648 4299 3090 4371 παρασχεθεῖσιν.
3128 4303 3204 4355 οὑ
3231 4304 3338 4374 γὰρ
3374 4304 3460 4358 ἴνα
3493 4307 3573 4369 εἰς
3608 4308 3741 4362 ἀπό.

2068 4383 2258 4437 λαυσιν
2280 4382 2552 4453 ἡμετέραν
2585 4383 2743 4452 μόνον
2769 4383 3230 4455 ἀωχρησώμεθα,
3251 4386 3423 4440 ταῦτα
3443 4389 3571 4458 ήμῖν
3598 4405 3742 4460 παρ-

2073 4467 2283 4537 έσχετο,
2319 4465 2434 4518 ἀλλ’
2479 4467 2566 4518 ίνα
2597 4466 2687 4519 καὶ
2734 4465 2843 4518 τῶν
2858 4467 3135 4534 ὁμογενῶν
3177 4467 3276 4539 τήν
3322 4468 3529 4524 ένδειαν
3565 4487 3742 4541 παρα-

2073 4547 2462 4622 μυθησώμεθα.
2487 4548 2654 4612 Ποίας
2687 4549 2754 4602 ἂν
2777 4545 2871 4603 οὖν
2893 4546 3004 4602 εἷεν
3034 4549 3361 4622 συγγνώμης
3403 4553 3541 4616 ἄξιοι
3568 4555 3616 4606 οἱ
3646 4557 3742 4607 καὶ

2071 4635 2127 4687 ἐν
2150 4632 2421 4704 ἐσθήμασι
2453 4630 2649 4703 πολλὴν
2676 4631 2774 4702 τὴν
2797 4631 3052 4703 βλακείαν
3083 4633 3532 4704 ἐπιδεικνύμενοι,
3555 4637 3649 4688 κ..ὶ
3673 4639 3742 4690 τὰ

2071 4720 2180 4774 τῶν
2203 4719 2498 4791 σκωλήκων
2517 4720 2736 4790 νήματα
2769 4719 3186 4792 περιϐάλλεσθαι
3225 4722 3613 4786 σπουδάζοντες
3633 4761 3648 4783 ,
3678 4726 3741 4776 τὸ

2069 4803 2127 4858 δέ
2153 4801 2553 4873 χαλεπώτατον,
2577 4801 2672 4856 καὶ
2704 4802 2797 4856 ἐπὶ
2821 4802 3030 4866 τούτοις
3058 4802 3202 4872 μέγα
3227 4802 3576 4873 φρονοῦντες,
3621 4805 3740 4858 δέον

2071 4885 2504 4956 ἐγκαλύπτεσθαι
2557 4886 2652 4940 καὶ
2689 4885 2984 4939 δεδοικέναι
3041 4885 3137 4938 καὶ
3179 4885 3424 4956 τρέμειν,
3455 4886 3537 4940 ὅτι
3575 4889 3739 4951 αὐτὸς

2073 4971 2171 5041 μὲν
2218 4971 2297 5033 είς
2329 4969 2480 5023 οὐδὲν
2511 4968 2631 5022 δέον
2655 4967 2778 5021 οὑδέ
2829 4967 3020 5036 χρείας
3065 4967 3269 5030 ἕνεκεν,
3313 4966 3450 5022 ἀλλά
3480 4966 3738 5038 βλακείας

2075 5054 2169 5107 καὶ
2197 5051 2496 5116 κενοδοξίας
2521 5051 2701 5122 χάριν,
2733 5050 2825 5104 καὶ
2855 5049 2994 5102 ὥστε
3030 5049 3135 5102 ὑπὸ
3162 5048 3272 5102 τῶν
3305 5051 3578 5122 ἀγοραίων
3609 5051 3738 5105 θαυ-

2076 5135 2372 5206 μασθῆναι,
2401 5131 2623 5186 τοιαῦτα
2651 5132 2992 5201 περίκεισαι·
3031 5134 3059 5184 ὁ
3097 5131 3152 5185 δὲ
3185 5131 3284 5202 τῆς
3315 5133 3485 5203 αὐτῆς
3523 5135 3603 5187 σοὶ
3638 5135 3740 5204 φύ-

2075 5233 2212 5278 σεως
2243 5215 2521 5283 τυγχάνων
2570 5213 2774 5284 γυμνὸς
2813 5215 3106 5286 περίεισιν,
3145 5214 3270 5267 οὑδέ
3313 5215 3472 5287 ἁδρὸν
3525 5217 3739 5288 ἱμάτιον

2075 5299 2461 5371 περιϐαλέσθαι
2483 5298 2649 5368 ἔχωνο
2679 5298 2769 5351 καὶ
2794 5298 2916 5351 οὔτε
2948 5300 2981 5369 ἡ
3020 5298 3181 5368 φύσις
3214 5299 3352 5370 αὑτὴ
3404 5301 3484 5363 εἰς
3516 5302 3735 5372 συμπά-

2074 5377 2224 5433 θειάν
2256 5397 2314 5433 σε
2347 5381 2513 5442 ἕλκει,
2547 5380 2668 5434 οὑδέ
2693 5379 2752 5434 rb
2783 5381 3020 5444 συνειδὸς
3041 5379 3295 5451 διεγείρει
3329 5383 3466 5453 πρδς
3513 5381 3610 5451 τὴν
3644 5383 3729 5435 ἀν-

2073 5463 2286 5534 τίληψιν
2306 5463 2399 5517 τοῦ
2426 5465 2738 5535 όμογενοίς,
2767 5461 2891 5516 οὔτε
2925 5465 2956 5535 ή
2991 5461 3166 5517 ἔννοια
3206 5463 3302 5532 τῆς
3332 5463 3563 5533 φοϐερᾶς
3603 5465 3736 5533 ήμέ-

2139 5663 2160 5692 ⁸
2185 5663 2352 5725 Οὑτως
2371 5661 2506 5724 ἡμεῖς
2525 5663 2710 5725 ἅπαντα
2742 5661 3022 5725 πράττομεν.
3049 5661 3164 5725 IIic_
3184 5660 3608 5725 crebrispersome
3631 5671 3738 5725 φη-

2077 5723 2341 5777 ωιὶοηὶὺυσ
2385 5720 2539 5772 υἰιιιιι-
2603 5720 2998 5784 Chryso'slomlls;
3070 5723 3238 5782 incipit
3305 5720 3436 5784 enim
3495 5735 3519 5765 ιι
3583 5720 3737 5779 prima

2070 5785 2394 5852 plural_i.hinc
2417 5785 2475 5833 ad
2499 5782 2991 5852 ιετιῇειπριυτιιιειη,
3030 5784 3310 5852 όρὶῃάοηιιε
3365 5782 3426 5852 aq
3472 5784 3734 5852 sqcundam

2067 5840 2369 5908 éingularem
2413 5847 2652 5908 procedit,
2693 5840 2987 5908 demumqué
3009 5847 3068 5896 ad
3123 5840 3318 5893 tertiam
3367 5840 3611 5903 pluralem
3654 5851 3734 5884 rr-

2068 5910 2157 5961 σιι.

3341 5970 3422 6030 22
