4020 6136
275 280 384 337 349

268 415 374 471 ερας
402 396 636 469 ἐκείνης,
667 395 790 450 οὐτε
809 396 905 467 τῆς
935 393 1161 463 γεέννης
1183 392 1213 444 ό
1242 388 1405 460 φόϐος
1430 427 1445 452 ,
1483 386 1606 440 οὐτε
1630 385 1738 441 τῶν
1783 385 1955 452 ἐπαγ-

267 485 480 557 γελιῶν
508 484 570 539 τὺ
596 482 823 555 μέγεθος
846 525 863 550 ,
897 480 1021 536 οὐτε
1045 480 1107 533 τδ
1129 478 1303 532 αὑτὸν
1323 477 1416 531 τδν
1445 475 1626 530 κοινὸν
1654 473 1812 546 ἡμῶν
1855 474 1948 526 Δε-

266 574 478 646 σπότην
498 572 751 628 ἀπάντων
768 567 1098 624 οἰκειοῦσθαι
1126 566 1195 622 τά
1218 566 1300 629 είς
1326 564 1456 627 τοὺς
1480 562 1765 633 ὁμογενεῖς
1811 576 1900 646 γιν
1920 568 1948 611 .-

272 680 413 735 μενα
433 644 448 690 λ
468 661 607 717 ἀλλά
629 658 884 730 καθάπερ
916 655 1126 727 λιθίνην
1151 653 1381 725 καρδίαν
1419 650 1659 722 ἔχοντες,
1708 648 1805 703 καὶ
1850 644 1958 711 ἔξω

262 751 369 822 τῆς
390 750 604 821 φύσεως
619 748 791 813 ὄντες,
810 745 953 800 οῦτω
972 744 1258 815 νομίζουσι
1276 741 1463 794 λοιπὸν
1484 738 1573 794 διά
1582 739 1680 811 τὴν
1693 736 1802 790 τῶν
1827 736 1953 807 ίμα-

267 840 400 893 τίων
412 856 476 892 πε
482 836 699 910 ριϐολὴν
715 835 808 890 καὶ
823 832 1081 905 ἀνώτεροι
1098 831 1195 901 τῆς
1209 828 1305 885 ἀνθ
1315 827 1553 900 ρωπίνης
1564 828 1633 895 φύ
1643 842 1779 889 σεως
1791 822 1950 887 εἶναι,

260 933 369 980 -αὺκ
382 923 683 987 ἐννοοῦντες
697 924 837 977 ὅσων
849 920 1183 982 ὑπευθύνους
1195 919 1421 981 ἑαυτοὺς
1434 916 1744 978 καθιστᾶσι,
1764 912 1952 975 κακῶς

268 1013 680 1085 οἰκονομοῦντες
700 1011 768 1066 τά
781 1008 934 1083 παρά
944 1008 1037 1064 τοῦ
1070 1006 1342 1060 Δεσπότου
1364 1005 1545 1068 αὐτοῖς
1567 1000 1952 1076 ἐμπιστευθέν-

270 1118 361 1167 τα,
374 1101 466 1154 καὶ
479 1100 541 1153 οὐ
559 1098 867 1170 βουλόμενοι
883 1098 994 1160 τοῖς
1007 1093 1309 1157 συνδούλοις
1318 1092 1515 1147 διδόναι
1527 1111 1576 1145 τι
1594 1092 1756 1163 μέρος
1772 1103 1819 1153 ι,
1835 1088 1948 1143 ἀλλ’

270 1184 441 1257 ἡδέως
451 1184 681 1255 ἀφέντες
693 1183 798 1238 ὑπὸ
811 1181 918 1236 τῶν
934 1179 1112 1252 σητῶν
1124 1177 1264 1233 αὐτά
1277 1176 1785 1238 καταναλίσκεσθαι,
1801 1174 1902 1244 δαὺ
1912 1190 1949 1226 ι-

270 1273 523 1347 λέστερον
549 1273 732 1336 αὐτοῖς
751 1271 814 1325 τὸ
840 1270 939 1341 τῆς
964 1270 1189 1340 γεέννης
1219 1268 1331 1339 πῦρ
1364 1268 1464 1340 ήδη
1501 1265 1950 1338 προευτρεπίζου-

272 1377 387 1428 σιν;
413 1362 476 1415 El
506 1360 615 1432 γάρ
649 1360 745 1414 καὶ
789 1358 966 1413 πάντα
1008 1357 1073 1411 τὰ
1113 1353 1260 1410 ἒνδον
1299 1354 1635 1425 ἀποκείμενα
1674 1353 1946 1423 διένειμαν

269 1449 381 1511 τοῖς
413 1447 688 1517 δεομένοις
719 1446 768 1500 οῖ
802 1443 1179 1509 πλουτοῦντες,
1210 1441 1305 1498 καὶ
1327 1440 1499 1506 οὕτως
1522 1442 1621 1495 οὐκ
1643 1441 1707 1495 ἂν
1733 1440 1829 1512 τὴν
1852 1440 1944 1494 κό-

269 1534 425 1588 λασιν
451 1534 707 1603 διέφυγον
731 1533 870 1604 ὑπὲρ
900 1526 976 1586 ὧν
999 1531 1308 1603 τρυφῶντες
1338 1531 1430 1586 καὶ
1456 1531 1513 1583 ἐν
1538 1531 1649 1591 τοῖς
1673 1527 1944 1599 ἐσθήμασι

269 1622 365 1675 καὶ
390 1622 448 1674 ἐν
472 1623 593 1685 ταῖς
623 1619 899 1674 ἑστιάσεσι
926 1619 1214 1674 διετέλουν.
1246 1618 1426 1689 Πόσης
1453 1616 1473 1689 Ῐ
1480 1616 1605 1686 581]
1626 1616 1735 1687 γὰρ
1753 1616 1853 1668 οὐκ
1878 1616 1943 1669 ἂν

268 1704 381 1761 εἷεν
424 1707 702 1772 κολάσεως
740 1705 881 1771 ἄξιοι
922 1706 971 1759 οί
1016 1706 1195 1761 πάντα
1222 1706 1423 1778 τρόπον
1455 1700 1846 1767 σπουδάζοντες
1876 1701 1943 1756 τά

270 1796 371 1866 μὲν
397 1794 599 1867 σηρικά
632 1792 1060 1866 περιϐεϐλῆσθαι
1097 1792 1360 1856 πολλάκις
1390 1791 1600 1862 ἱμάτια.
1632 1791 1726 1844 καὶ
1765 1790 1943 1845 σοϐεῖν

268 1884 362 1936 ἐπὶ
393 1883 493 1954 τῆς
518 1883 744 1954 ἀγορᾶς,
775 1881 959 1937 καὶτὰ
990 1881 1089 1952 μὲν
1122 1880 1330 1952 χρυσίῳ
1362 1877 1757 1948 καθυφασμένα
1789 1893 1946 1947 περι-

268 1969 505 2035 κεῖσθαι,
530 1969 607 2025 τὰ
629 1969 694 2023 δέ
714 1969 809 2022 καὶ
839 1968 1015 2033 ἄλλως
1038 1985 1158 2032 πως
1199 1966 1566 2030 πεποικίλθαι,
1594 1965 1686 2019 τὸν
1720 1965 1778 2018 δὲ
1810 1964 1944 2037 X9:-

270 2058 393 2114 στὸν
420 2059 687 2130 περιορᾷνσ
704 2056 929 2130 γυμνόν,
956 2056 1049 2109 καὶ
1077 2055 1210 2127 μηδὲ
1239 2056 1338 2126 τῆς
1360 2054 1666 2123 ἀναγκαίας
1690 2053 1943 2124 εὐπορεῖν

265 2144 508 2216 τροφῆς;
541 2145 796 2200 Μάλιστα
812 2144 921 2216 γάρ
958 2161 1046 2216 μοι
1075 2142 1212 2215 πρὸς
1238 2143 1337 2207 τὰς
1358 2146 1619 2213 γυναῖκας
1643 2135 1800 2208 οὗτος
1830 2143 1896 2197 ἂν
1914 2144 1943 2197 ό

266 2234 422 2303 λόγος
462 2234 740 2305 ἁρμόσειε.
785 2232 1019 2288 Πλείονα
1055 2232 1165 2303 γὰρ
1201 2232 1335 2304 παρ’
1358 2232 1549 2296 αὐταῖς
1584 2231 1731 2286 ἔστιν
1763 2231 1942 2303 εὑρεῖν

264 2324 365 2392 τὴν
395 2321 751 2393 φιλοκοσμίαν
780 2321 873 2374 καὶ
900 2320 1000 2391 τὴν
1029 2319 1291 2387 ἀσωτίαν,
1322 2320 1416 2373 καὶ
1445 2319 1505 2373 τὸ
1531 2318 1668 2390 μετὰ
1698 2319 1806 2373 τῶν
1828 2320 1944 2374 δια-

266 2410 745 2482 χρύσων-ἱματίων
776 2394 869 2463 καὶ
896 2409 964 2463 τά
990 2408 1190 2481 χρυσία
1215 2407 1354 2462 αὐτά
1383 2407 1728 2479 περικεῖσθαι
1756 2409 1847 2462 ἐπί
1880 2425 1938 2461 τε

263 2498 364 2568 ’τῆς
386 2495 649 2568 κεφαλῆς.
678 2497 769 2549 ἐπί
789 2513 849 2549 τε
869 2494 967 2549 τοῦ
992 2496 1261 2568 τραχήλου
1292 2496 1501 2549 καὶτοῦ
1530 2495 1717 2549 λοιποῦ
1750 2495 1939 2568 σώμα-

263 2601 378 2650 τος.
410 2586 504 2639 καὶ
530 2584 673 2656 μέγα
701 2587 920 2655 φρονεῖν
948 2585 1042 2638 ἐπὶ
1062 2583 1294 2647 τούτοις.
1321 2584 1532 2649 Πόσων,
1558 2584 1680 2638 είπέ
1709 2602 1819 2655 μοι,
1853 2601 1942 2637 πε-

265 2673 442 2745 νήτων
460 2673 733 2745 γαστέρας
752 2673 1013 2745 ἠδύναντο
1033 2673 1557 2746 παραμυθήσασθαι,
1574 2673 1666 2727 καὶ
1683 2673 1825 2727 πόσα
1840 2672 1943 2726 σώ-

269 2776 415 2830 ματα
447 2760 903 2833 γυμνητευόντων
937 2761 1211 2816 σκεπάσαι
1246 2763 1317 2817 τὰ
1340 2761 1564 2816 ἐπὶτῶν
1596 2759 1751 2814 ὤτων
1782 2761 1941 2830 μόνον

265 2850 664 2920 ἐκκρεμάμενα
688 2850 865 2921 μάτην
888 2849 982 2903 καὶ
998 2852 1144 2922 εἰκῆ,
1176 2849 1273 2904 καὶ
1294 2851 1379 2903 ἐπ’
1403 2849 1577 2904 οὐδενί⁵
1598 2849 1798 2921 κέρδει,
1823 2849 1940 2903 ἀλλ’

265 2940 299 3011 ἥ
338 2940 499 3011 μόνον
524 2940 618 2994 ἐπὶ
841 2942 934 2994 καὶ
964 2939 1112 3014 λύμῃ
1138 2940 1345 3012 ψυχῆς;
1371 2939 1469 2993 Διά
1492 2938 1649 2993 τοῦτο
1674 2940 1767 2993 xal
1787 2940 1816 2992 ό
1843 2939 1943 3009 τῆς

263 3025 589 3097 οίκουμένης
612 3026 931 3092 διδάσκαλος
957 3026 1151 3092 εἰπὼν,
1175 3027 1465 3096 Ἔχοντες
1489 3025 1811 3095 διατροφὰς
1839 3024 1940 3080 καί

263 3113 684 3184 σκεπάσματα,
714 3116 992 3186 μετήγαγε
1023 3114 1186 3169 πάλιν
1212 3116 1304 3168 ἐπὶ
1329 3115 1429 3178 τὰς
1459 3117 1720 3182 γυναῖκας
1743 3114 1833 3167 τόν
1856 3112 1943 3166 λό-

264 3216 382 3270 γον,
405 3202 498 3255 καί
533 3217 688 3272 φησι,
716 3201 812 3270 Μὴ
840 3202 910 3255 ἐν
938 3203 1281 3271 πλέγμασιν
1317 3202 1355 3270 ἢ
1387 3200 1615 3271 χρυσῷ,
1647 3202 1685 3269 ἢ
1717 3218 1941 3270 μαργα-

262 3289 457 3358 ρίταις
489 3288 529 3357 ἢ
559 3287 852 3358 ἱματισμῷ
885 3288 1212 3343 πολυτελεῖ
1246 3289 1495 3358 κοσμεῖν
1530 3289 1766 3354 ἑαυτάς.
1799 3290 1940 3360 Ὅρα

265 3375 386 3441 πῶς
419 3376 479 3429 οὑ
513 3374 764 3447 βούλεται
786 3376 999 3439 τούτοις
1028 3376 1369 3446 κοσμεῖσθαι,
1401 3375 1521 3429 οὐδὲ
1553 3374 1755 3447 χρυσία
1784 3392 1939 3447 περι-

266 3463 500 3528 κεῖσθαι,
528 3463 647 3517 οὐδέ
676 3463 1023 3537 μαργαρίτας
1050 3464 1144 3518 καὶ
1173 3464 1361 3536 ίμάτια
1382 3460 1665 3533 πολυτελῆο
1692 3462 1826 3517 ἀλλὰ
1849 3463 1941 3516 τὸν

266 3554 443 3628 ἀληθῆ
467 3556 669 3627 κόσμον
699 3555 791 3609 ἐπὶ
820 3555 919 3626 την
952 3553 1131 3625 ψυχὴν
1167 3554 1443 3625 μετάγειν,
1473 3554 1566 3607 καὶ
1600 3552 1687 3607 διὰ
1708 3553 1805 3624 τῆς
1832 3554 1940 3607 τῶν

264 3643 484 3713 ἁγαθῶν
509 3643 685 3717 ἔργων
711 3642 963 3715 πράξεως
986 3643 1047 3698 τδ
1068 3643 1262 3709 κάλλος
1283 3642 1382 3714 τῆς
1401 3642 1581 3714 ψυχῆς
1607 3641 1938 3713 φαιδρύνειν,

267 3737 362 3791 καὶ
394 3736 470 3809 μὴ
500 3737 628 3808 περὶ
648 3734 819 3790 ταῦτα
854 3733 1196 3807 ἐπτοημένην
1222 3734 1481 3805 περιορᾷν
1511 3733 1726 3804 ἐκείνην
1759 3730 1942 3804 ῥυπῶ-

268 3843 389 3889 σαν,
410 3823 733 3895 αὐχμῶσαν,
752 3823 917 3893 ῥάκια
940 3821 1433 3893 περιϐεϐλημένην,
1451 3819 1594 3892 λιμῷ
1610 3817 1937 3891 τηκομένην,

268 3912 374 3967 ὑπὸ
393 3911 487 3966 τοῦ
515 3908 729 3983 κρυμοῦ
761 3909 1134 3981 πηγνυμένην.
1174 3907 1239 3963 Ἦ
1256 3907 1366 3981 γὰρ
1397 3907 1600 3979 σπουδὴ
1628 3906 1769 3978 αὕτη
1793 3905 1887 3961 καὶ
1912 3907 1941 3959 ό

266 3999 396 4071 περὶ
427 3998 488 4053 τὸ
518 3998 678 4070 σῶμα
700 3997 1106 4067 καλλωπισμὸς,
1134 3995 1349 4067 ἐκείνης
1381 3995 1619 4048 δείκνυσι
1645 3994 1743 4065 τῆν
1770 3994 1939 4065 ἀμορο

266 4086 417 4156 φίαν,
459 4085 553 4140 καὶ
598 4086 633 4157 ἡ
683 4083 872 4138 τούτου
916 4081 1098 4155 τρυφὴ
1135 4082 1351 4152 ἐκείνης
1383 4080 1475 4135 τὸν
1512 4079 1670 4151 λιμὸν
1708 4080 1940 4151 φανερὸν

265 4172 579 4244 καθίστησι,
614 4171 708 4226 καὶ
745 4173 779 4242 ἡ
828 4170 956 4240 περὶ
987 4169 1086 4241 τὴν
1123 4167 1328 4240 ἐσθῆτα
1375 4167 1691 4221 πολυτέλεια
1724 4168 1939 4238 ἐκείνης

262 4261 364 4332 τὴν
402 4259 723 4330 γυμνότητα
762 4255 1031 4326 ἐκφαίνει.
1071 4255 1205 4310 Οὐδὲ
1237 4255 1346 4330 γὰρ
1378 4250 1488 4311 οἷόν
1521 4257 1583 4311 τέ
1614 4274 1734 4312 τινα
1759 4255 1940 4327 ψυχῆς

265 4344 715 4417 ἐπιμελούμενον,
744 4344 839 4400 καὶ⁵
867 4343 966 4415 τὴν
986 4342 1287 4415 εὐμορφίαν
1310 4343 1525 4416 ἐκείνης
1546 4344 1639 4400 καὶ
1663 4344 1724 4398 τὸ
1745 4344 1940 4409 κάλλος

263 4439 393 4509 περὶ
413 4435 609 4490 πολλοῦ
632 4437 971 4504 ποιούμενον,
995 4434 1132 4507 πρὸς
1153 4434 1246 4489 τὸν
1265 4433 1371 4500 ἔξω
1390 4433 1594 4506 κόσμον
1617 4434 1934 4505 ἐπτοῆσθαι·

261 4526 453 4597 ῶσπερ
510 4524 673 4578 πάλιν
717 4523 974 4578 ἀδύνατόν
1019 4539 1139 4577 τινα
1181 4522 1317 4595 πρὸς
1351 4522 1451 4595 τὴν
1496 4523 1795 4592 φαντασίαν
1837 4522 1939 4588 τὴν

263 4613 464 4679 ἔξωθεν
501 4610 982 4683 ἐσχολακότα,ηκαὶ
1017 4609 1121 4680 τῆς
1150 4608 1378 4680 ἐσθῆτος
1409 4610 1500 4663 τὸν
1528 4609 1935 4679 καλλωπισμὸν,

261 4703 358 4757 καὶ
405 4701 498 4757 τὸν
541 4699 652 4756 ἀπὺ
687 4697 797 4753 τῶν
838 4697 1079 4769 χρυσίων
1122 4696 1346 4766 κόσμον,
1397 4697 1612 4768 ἐκείνης
1651 4696 1938 4768 ἡντιναοῦν

263 4791 534 4846 ποιεῖσθαι
560 4787 836 4862 φροντίδα.
874 4786 1013 4842 Πότε
1040 4784 1150 4853 γάρ
1187 4783 1435 4848 ἀνέξεται
1472 4787 1505 4856 ἡ
1538 4784 1760 4857 τοιαύτη
1789 4786 1935 4859 ψυχὴ

260 4878 370 4933 τῶν
415 4877 644 4932 δεόντων
687 4893 740 4931 τι
795 4874 1057 4940 συνιδεῖν,
1095 4871 1129 4943 ἦ
1179 4873 1259 4935 είς
1300 4870 1509 4926 ἔννοιαν
1550 4875 1937 4943 πνευματικῶν

261 4967 604 5040 πραγμάτων
639 4963 920 5028 εἰσελθεῖν,
952 4961 1099 5028 ἅπαξ
1125 4961 1253 5031 περὶ
1276 4960 1344 5016 τὰ
1367 4962 1529 5031 γήϊνα
1561 4962 1757 5032 ἑαυτὴν
1786 4963 1939 5017 ἐκδε-

259 5055 485 5118 δωκυῖα,
518 5054 614 5108 καὶ
644 5053 841 5125 χαμαὶ,
885 5051 961 5116 ὡς
995 5052 1191 5115 εἰπεῖν,
1229 5050 1526 5123 συρομένη.
1556 5051 1650 5105 καὶ
1678 5050 1934 5105 οὐδέποτε

261 5139 596 5196 ἀναπνεῦσαι
629 5138 925 5210 δυναμένη,
967 5136 1104 5192 ἀλλά
1143 5138 1535 5207 συγκεκυφυῖα,
1582 5137 1674 5192 καὶ
1721 5137 1935 5210 μυρίοις

260 5227 502 5301 φορτίοις
549 5227 961 5299 ἁμαρτημάτων
1006 5223 1203 5296 ἑαυτὴν
1242 5223 1780 5298 βαρύνουσαςὌσαι
1823 5224 1932 5298 γὰρ

259 5314 509 5371 ἐντεῦθεν
544 5316 602 5370 αἱ
626 5314 810 5386 ἀηδίαι
845 5314 1140 5378 τίκτονται,
1175 5313 1236 5367 οὐ
1263 5311 1487 5368 δυνατὸν
1522 5312 1616 5367 νῦν
1646 5314 1931 5384 παραστῆ-

261 5418 351 5457 σαι
375 5401 454 5473 τῷ
483 5402 658 5474 λόγῳ·-
683 5400 796 5455 ἀλλ’
835 5403 1006 5472 ἀρκεῖ
1043 5400 1122 5473 τῷ
1171 5399 1431 5455 συνειδότι
1473 5399 1790 5453 καταλιπεῖν
1824 5399 1932 5454 τῶν

258 5490 386 5563 περὶ
420 5488 595 5545 ταῦτα
645 5488 1037 5560 ἐσχολακότων,
1086 5488 1217 5552 ὅσας
1263 5486 1386 5542 καθ’
1427 5487 1667 5558 ἐλκάστην
1720 5488 1931 5561 ἡμέραν

255 5577 504 5632 ἐντεῦθεν
531 5576 775 5649 δέχονται
806 5575 907 5639 τάς
945 5574 1203 5645 ἀθυμίας.
1243 5575 1314 5627 Ἥ
1347 5573 1455 5644 γάρ
1483 5574 1697 5629 διέπεσέ
1739 5593 1792 5630 τι
1824 5576 1931 5630 τῶν

256 5665 513 5735 χρυσίων,
548 5665 642 5719 καὶ
671 5663 836 5727 πολὺς
871 5664 901 5716 ὁ
940 5660 1148 5733 χειμὼν
1183 5661 1279 5715 καὶ
1312 5664 1340 5718 ό
1375 5661 1603 5734 θόρυϐος
1632 5663 1931 5725 κατέλαϐεν

257 5754 471 5809 ἀπασαν
493 5753 594 5823 τὴν
616 5752 812 5808 οἰκίαν*
834 5752 869 5824 ἢ
900 5750 1117 5821 οίκέτης
1139 5748 1407 5818 ὑφείλετο,
1433 5751 1529 5803 καὶ
1560 5752 1694 5805 πᾶσι
1732 5753 1925 5821 μάστι-

313 5843 342 5873 ·
366 5837 516 5887 Savil.
548 5846 597 5888 el
628 5853 713 5889 sex
738 5854 854 5889 mss.
884 5839 1059 5888 διδόναι
1079 5836 1135 5885 τὸ
1160 5836 1344 5899 μέτρον.
1369 5836 1543 5889 Morel.
1568 5844 1621 5890 el
1640 5839 1723 5889 alii
1747 5839 1926 5890 διδόναι

274 5903 485 5964 τιμέρος,
506 5906 559 5951 ιιι
593 5903 665 5953 sic
686 5905 878 5967 legerat
903 5898 1170 5962 interpres
1200 5898 1420 5950 Lalimls.

1087 273 1148 331 S.
1188 267 1473 330 lOANNIS
1511 265 1598 325 Cll
1607 260 1926 324 RYSOSTO

2111 259 2361 320 lCHIEP.
2405 263 2949 323 (ZONSTANTINOP.

3626 272 3743 331 3:50

2064 399 2159 452 γες
2196 386 2290 438 καὶ
2326 384 2534 459 πληγαὶ
2578 385 2671 439 καὶ
2698 384 3064 458 δεσμωτήρια·
3103 386 3135 457 ἢ
3171 386 3431 459 βάσκανοί
3459 407 3606 455 τινες
3634 394 3743 445 ἐπ-

2056 472 2407 537 εϐούλευσαν,
2461 471 2556 526 καὶ
2605 472 2862 545 ἐξαίφνης
2901 472 3223 543 ἐγύμνωσαν
3263 474 3373 529 τῶν
3405 475 3598 541 όντων,
3641 479 3747 532 καὶ

2055 559 2224 630 πολλὴ
2264 560 2358 615 καὶ
2378 559 2649 632 ἀφόρητος
2669 562 2703 632 ἡ
2728 560 2954 632 ἀθυμίαι
2980 561 3012 633 ἦ
3042 563 3382 634 πραγμάτων
3413 564 3745 635 περίστασις

2055 647 2373 719 ἐμπεσοῦσα
2406 650 2485 713 είς
2519 648 2753 718 ἐσχάτην
2793 648 2983 702 πενίαν
3017 650 3343 720 κατήνεγκε,
3374 652 3470 705 καὶ
3497 651 3740 724 βαρυτέ·

2056 754 2158 809 ραν
2192 738 2420 793 θανάτου
2464 739 2564 810 τὴν
2599 738 2743 811 ζωὴν
2784 737 2968 803 αὐτὸῖς
3005 739 3359 812 κατέστησεν⁹
3389 740 3424 812 ἦ
3459 741 3652 814 ἔτερόν
3682 760 3740 797 τι

2054 827 2216 884 πάλιν
2424 827 2781 901 παρεμπεσὸν
2811 827 3013 899 πολλὴν
3038 827 3137 899 τὴν
3161 828 3354 899 ἀηδίαν
3376 829 3736 901 προεξένησε.

2053 917 2164 972 Καὶ
2197 917 2382 982 ἀπλῶς
2406 917 2505 972 οὐκ
2542 918 2657 972 ἐστι
2697 919 2826 973 ποτέ
2858 919 3103 989 ταραχῆς
3132 918 3289 983 ἐκτὸς
3320 921 3501 990 εὑρεῖν
3536 922 3640 992 τὴν
3674 922 3741 974 ἐν

2049 1003 2260 1068 τούτοις
2278 1004 2631 1076 ἐσχολακυῖαν
2648 1004 2847 1077 ψυχὴν,
2875 1005 2989 1059 ἀλλ’
3012 1004 3201 1076 ῶσπερ
3232 1007 3301 1059 τά
3326 1006 3429 1075 τῆς
3457 1006 3738 1077 θαλάττης

2050 1092 2272 1164 κύματα
2298 1094 2398 1164 οὐχ
2422 1088 2533 1147 οἶόν
2562 1111 2620 1147 τε
2646 1093 2939 1158 ἐπιλιπεῖν,
2962 1093 3083 1147 οὑδέ
3107 1093 3325 1165 ἀριθμῷ
3350 1094 3735 1165 ὑποϐληθῆναι

2048 1180 2138 1234 διὰ
2157 1179 2255 1251 τὴν
2287 1180 2486 1252 πολλὴν
2516 1180 2817 1252 συνέχειαν·
2852 1181 2944 1234 τὸν
2976 1180 3139 1235 αὐτὸν
3169 1180 3232 1252 δή
3270 1181 3472 1251 τρόπον
3505 1183 3601 1236 καὶ
3622 1183 3731 1245 τὰς

2048 1268 2294 1323 ἐντεῦθεν
2328 1268 2652 1339 τικτομένας
2687 1268 2931 1341 ταραχὰς
2966 1269 3065 1339 οὐχ
3099 1261 3211 1322 οἷόν
3242 1286 3302 1322 τε
3332 1269 3511 1333 πάσας
3536 1268 3733 1342 ἐξαρε-

2048 1353 2383 1426 θμὴσασθαι.
2441 1354 2532 1409 Διδ
2590 1355 2915 1428 παρακαλῶ,
2957 1355 3251 1426 φεύγωμεν
3292 1357 3349 1409 ἐν
3396 1356 3567 1410 ἅπασι
3614 1358 3737 1420 τοῖς

2048 1446 2336 1516 πράγμασι
2366 1446 2466 1517 τὴν
2504 1444 2835 1511 πλεονεξίαν,
2872 1446 2966 1499 καὶ
3010 1445 3073 1498 τὸ
3099 1445 3198 1518 τὴν
3229 1446 3418 1517 χρείαν
3460 1446 3736 1517 ὑπερϐαί-

2047 1548 2177 1586 νειν.
2213 1532 2271 1587 ’0
2296 1534 2404 1605 γὰρ
2432 1532 2640 1606 ἀληθὴς
2668 1533 2920 1597 πλοῦτος,
2945 1535 2980 1604 ἡ
3008 1532 3284 1598 ἀνάλωτος
3310 1533 3599 1606 περιουσία
3626 1533 3736 1587 αῦ-

2044 1638 2114 1693 τη
2152 1621 2428 1691 τυγχάνει,
2460 1620 2523 1675 τὸ
2554 1622 2651 1692 τῆς
2679 1620 2867 1694 χρείας
2905 1620 3177 1691 ἐφίεσθαι,
3214 1621 3310 1675 καὶ
3344 1622 3413 1676 τά
3454 1621 3595 1692 ὑπὲρ
3625 1621 3732 1691 τὴν

2045 1709 2231 1779 χρείαν
2260 1708 2487 1772 δεόντως
2513 1708 2834 1764 διατιθέναι.
2878 1710 2939 1763 ὐ
2971 1708 3080 1780 γὰρ
3102 1708 3343 1772 τοιοῦτος
3372 1707 3497 1763 οὐτε
3531 1709 3738 1762 πενίαν

2042 1795 2214 1849 δεῖσαί
2234 1813 2364 1850 ποτε
2387 1796 2696 1869 δυνήσεται,
2718 1795 2845 1852 οὐτε
2874 1796 3139 1868 ἐπήρειαν
3166 1796 3450 1869 ὑπομενεῖ,
3480 1795 3607 1849 οὔτε
3630 1813 3736 1849 τα⁴

2046 1886 2218 1956 ραχῆς
2245 1885 2657 1957 πειραθήσεται·
2696 1884 2951 1940 ἀλλὰκαὶ
2981 1884 3347 1954 συκοφαντίας
3372 1884 3530 1949 ἐκτὸς
3547 1882 3730 1949 ἔσται,

2044 1972 2141 2026 καὶ
2178 1972 2288 2027 τῶν
2327 1972 2788 2029 ἐπιϐουλευόντων
2841 1972 3358 2044 ἐλευθερωθήσεται,
3394 1972 3491 2027 καὶ
3534 1971 3734 2035 ἁπλῶς

2044 2060 2237 2125 είπεῖν,
2268 2062 2326 2115 ἐν
2347 2061 2588 2133 διηνεκεῖ
2618 2060 2767 2116 ἔσται
2799 2060 3031 2133 γαλήνῃ,
3062 2061 3292 2132 ἡσυχίας
3315 2060 3411 2114 καὶ
3432 2062 3733 2130 ἀπραγμο-

2045 2147 2211 2220 σύνης
2247 2148 2555 2203 ἀπολαύων·
2596 2149 2697 2202 καὶ⁴
2718 2149 2779 2203 τὸ
2806 2148 2877 2219 δὴ
2909 2148 3092 2220 μεῖξον
3124 2148 3381 2203 ἀπάντων
3419 2147 3601 2201 καὶτὸ
3628 2164 3731 2201 κε-

2044 2236 2272 2305 φάλαιον
2289 2236 2398 2292 τῶν
2419 2236 2662 2306 ἀγαθῶν,
2691 2239 2721 2292 ό
2748 2237 2989 2301 τοιοῦτος
3016 2237 3111 2291 καὶ
3137 2236 3226 2291 τὸν
3247 2237 3379 2290 Θεὸν
3404 2236 3562 2290 ῖλεων
3586 2236 3725 2302 ἕξει,

2042 2323 2137 2377 καὶ
2160 2324 2361 2394 πολλῆς
2388 2323 2694 2378 ἀπολαύσει⁴
2707 2324 2806 2395 τῆς
2838 2323 3045 2378 ἀνωθεν
3072 2324 3264 2395 ῥοπῆς.
3293 2324 3389 2378 ἅτε
3422 2323 3485 2395 δὴ
3516 2324 3729 2378 οἰκονό-

2045 2430 2145 2484 μος
2163 2414 2352 2477 πιστός
2370 2414 2479 2468 τῶν
2499 2413 2593 2469 τοῦ
2623 2416 2894 2469 Δεσπότου
2916 2414 3234 2486 χρημάτων.
3265 2413 3568 2483 Μακάριος
3587 2415 3725 2484 γὰρ,

2044 2501 2227 2570 φησὶν,
2265 2504 2298 2555 ό
2344 2501 2569 2570 δοῦλος
2600 2502 2850 2570 ἐκεῖνος,
2883 2502 2955 2556 ὃν
2992 2501 3186 2557 ἐλθὼν
3229 2503 3263 2555 δ
3290 2501 3497 2570 κύριος
3532 2501 3726 2555 αὐτοῦ

2040 2584 2287 2650 εὑρήσει
2335 2585 2491 2639 οὕτω
2537 2586 2846 2652 ποιοῦντα,
2892 2585 3034 2640 οὑτω
3085 2585 3407 2656 διανέμοντα
3446 2588 3559 2650 τοῖς
3594 2603 3726 2638 συν-

2040 2671 2265 2736 δούλοις,
2296 2673 2390 2727 καὶ
2425 2674 2501 2745 μὴ
2540 2673 2733 2746 θύραις
2766 2675 2858 2729 καὶ
2897 2674 3112 2747 μοχλοῖς
3150 2673 3587 2735 ἐναποκλείοντα,
3623 2674 3726 2727 καὶ

2040 2760 2152 2822 τοῖς
2198 2759 2434 2831 σκώληξι
2482 2760 2686 2835 τροφὴν
2722 2762 3109 2833 συγχωροῦντα
3146 2761 3412 2831 γίνεσθαι.
3445 2759 3581 2814 ἀλλά
3611 2760 3725 2815 τῶν

2042 2847 2291 2917 πενήτων
2313 2848 2410 2919 τὴν
2432 2847 2638 2903 ἔνδειαν
2660 2849 3172 2921 παραμυθούμενον,
3200 2849 3295 2903 καὶ
3317 2849 3479 2903 καλὸν
3510 2848 3603 2902 καὶ
3636 2866 3726 2903 πι-

2044 2935 2168 2989 στὸν
2197 2937 2477 3009 οίκονόμον
2508 2938 2789 3009 γινόμενον
2819 2937 2928 2991 τῶν
2962 2937 3114 3010 παρά
3139 2939 3233 2992 τοῦ
3257 2937 3524 2991 Δεσπότου
3551 2954 3729 3008 χορη-

2041 3023 2336 3097 γηθέντων,
2359 3026 2447 3081 ἵνα
2471 3027 2564 3082 καὶ
2592 3025 2692 3098 τῆς
2720 3026 2893 3097 καλῆς
2911 3025 3115 3099 ταύτης
3138 3025 3399 3097 διανομῆς
3432 3023 3604 3096 μέγαν
3627 3024 3724 3078 τδν

2045 3113 2233 3184 μισθὸν
2269 3116 2583 3186 κομίσηται,
2615 3114 2710 3169 καὶ
2742 3114 2850 3169 τῶν
2882 3113 3310 3187 ἐπηγγελμένων
3339 3112 3560 3182 ἀγαθῶν
3594 3113 3722 3166 ἐπι-

2040 3203 2222 3272 τυχεῖν
2255 3200 2587 3273 καταξιωθῇ,
2618 3202 2800 3273 χάριτι
2834 3202 2928 3257 καὶ
2965 3202 3346 3275 φιλανθρωπίᾳ
3376 3200 3471 3255 τοῦ
3508 3201 3723 3272 Κυρίου

2039 3288 2199 3360 ἡμῶν
2233 3288 2405 3358 ’ῐησοῦ
2443 3288 2699 3362 Χριστοῦ,
2730 3289 2851 3360 μεθ’
2887 3283 2948 3344 οὗ
2974 3289 3050 3361 τῷ
3080 3291 3280 3362 Πατρὶ,
3320 3288 3436 3360 ἅμα
3468 3287 3548 3359 τῷ
3577 3288 3725 3358 ἁγίῳ

2044 3373 2340 3444 Πνεύματι,
2368 3375 2514 3441 δόξα,
2544 3377 2765 3448 κράτος,
2791 3376 2947 3448 τιμὴ,
2978 3375 3074 3431 νῦν
3101 3377 3196 3431 καὶ
3225 3377 3333 3444 ἀεὶ,
3364 3375 3457 3430 καὶ
3484 3376 3569 3441 είς
3591 3375 3734 3440 τοὺς

2041 3461 2241 3524 αἰῶνας
2273 3460 2382 3516 τῶν
2415 3463 2645 3518 αἰώνων.
2682 3463 2875 3536 Ἀμήν.

2186 3632 2189 3635 -
2666 3593 2912 3646 ΟΜῙΛΙΛ
2950 3593 3080 3645 AH’.

2041 3675 2203 3746 Σάρα
2239 3676 2327 3751 δὲ,
2348 3676 2404 3751 ﬁ
2435 3677 2591 3751 ruﬁ;
2629 3679 2866 3750 Ἀϐραμ,
2909 3681 3020 3735 οὐκ
3062 3680 3295 3751 ἔτικτεν
3328 3675 3508 3751 αὐτῷ·
3538 3675 3619 3751 ἦν
3649 3678 3726 3734 δὲ
3748 3720 3775 3745 ,

2217 3747 2373 3816 αὐτῇ
2399 3744 2690 3818 παιδίσκη
2709 3744 3019 3819 Ᾰίγίυπτία,
3050 3745 3090 3822 ᾗ
3118 3749 3307 3819 ὄνομα
3334 3744 3538 3819 Ἅγαρ.

2111 3842 2182 3891 a'.
2205 3835 2373 3891 Πάλιν
2398 3834 2467 3890 τά
2498 3837 2737 3910 σήμερον
2767 3838 3182 3907 ἀναγνωσθέντα
3213 3837 3307 3892 ἐπὶ
3340 3838 3439 3910 τὴν
3461 3838 3723 3893 ὑπόθεσιν

2039 3918 2140 3991 τὴν
2168 3918 2308 3973 κατά
2335 3918 2427 3972 τὸν
2453 3921 2799 3992 πατριάρχην
2826 3921 2923 3993 τὴν
2953 3920 3230 3993 ἡμετέραν
3260 3920 3416 3975 καλεῖ
3445 3919 3719 3989 γλῶττανο

2040 4002 2135 4055 καὶ
2157 4000 2231 4073 μὴ
2254 4001 2570 4074 θαυμάσητε
2598 4004 2646 4055 εί
2668 4003 2760 4055 ἐπὶ
2783 4003 3076 4068 τοσαύταις
3095 4001 3330 4073 ἡμέραις
3354 4003 3453 4075 τὴν
3478 4003 3601 4055 κατ’
3620 4003 3723 4054 αὑ,

2039 4083 2131 4139 τὸν
2166 4084 2406 4154 ἱστορίαν
2438 4086 2518 4149 είς
2541 4084 2703 4155 μέσον
2733 4086 3167 4158 παραγαγόντες,
3191 4085 3405 4140 οὐδέπω
3428 4085 3522 4139 καὶ
3545 4086 3725 4156 τήμεπ-

2043 4187 2134 4241 ρον
2175 4171 2343 4241 αὐτὴν
2384 4168 2681 4241 ἀπαρτίσαι
2722 4168 3079 4241 δεδυνήμεθα.
3112 4169 3289 4241 Πολλὴ
3337 4168 3447 4240 γάρ
3483 4169 3518 4240 ἡ
3557 4185 3722 4240 περι-

2038 4253 2195 4306 ουσία
2230 4252 2330 4323 τῆς
2358 4251 2452 4305 τοῦ
2481 4251 2688 4306 δικαίου
2726 4252 2928 4325 ἀρετῆς
2947 4293 2962 4317 ,
2993 4252 3090 4306 καὶ
3132 4251 3242 4305 τῶν
3273 4250 3465 4305 τούτου
3511 4267 3719 4321 κατορο

2041 4335 2308 4408 θωμάτων
2334 4335 2394 4388 τὸ
2425 4334 2653 4405 μέγεθος
2674 4334 2893 4389 ἃπασαν
2919 4333 3265 4408 ἀνθρωπίνην
3285 4334 3411 4405 νικᾷ
3441 4333 3715 4402 γλῶτταν.

2046 4420 2144 4471 "Ov
2172 4417 2281 4489 γάρ
2311 4419 2339 4470 ὁ
2373 4416 2507 4480 Θεὸς
2538 4415 2743 4471 ἀνωθεν
2769 4417 3111 4486 ἐστεφάνωσε
3149 4416 3242 4470 καὶ
3272 4415 3595 4487 ἀνεκήρυξε,
3630 4416 3723 4479 τίς

2038 4498 2344 4570 ἀνθρώπων
2378 4500 2499 4553 κατ’
2533 4499 2690 4566 ἀξίαν
2717 4500 3001 4555 ἐπαινέσαι
3032 4499 3320 4570 δυνήσεται
3344 4498 3514 4566 ;Ἀλλ’
3538 4499 3713 4570 ὅμως,

2039 4581 2088 4633 εί
2127 4581 2221 4635 καὶ
2254 4583 2351 4653 τῆς
2384 4582 2540 4647 ἀξίας
2582 4581 2762 4653 πολλῷ
2802 4582 2878 4654 τῷ
2905 4582 3090 4653 μέτρῳ
3135 4581 3561 4651 ἀπολειπόμεθα,
3598 4580 3721 4635 ἀλλ’

2037 4659 2130 4719 οὖν
2171 4682 2235 4734 γε
2286 4668 2365 4729 είς
2402 4664 2631 4736 δύναμιν
2679 4665 2958 4736 ἡμετέραν
2985 4664 3053 4720 τά
3085 4665 3207 4718 κατ’
3245 4664 3407 4719 αὐτὸν
3435 4666 3515 4728 εἰς
3550 4661 3718 4734 μέσον

2038 4747 2365 4820 προθέντες,
2411 4750 2492 4812 είς
2540 4747 2701 4819 ζῆλον
2750 4748 2895 4819 ὑμᾶς
2954 4748 3047 4802 καὶ
3100 4748 3333 4820 μίμησιν
3375 4750 3475 4819 τῆς
3522 4746 3714 4799 τούτου

2036 4833 2238 4905 ἀρετῆς
2275 4835 2562 4901 ἐναγαγεῖν
2599 4832 2917 4903 βουλόμεθα.
2959 4830 3141 4902 Ἰκανὴ
3180 4831 3290 4902 γὰρ
3335 4829 3430 4884 τοῦ
3460 4830 3651 4900 ἀνδρὸς
3678 4830 3716 4900 ἡ

2037 4915 2322 4986 φιλοσοφία
2366 4916 2546 4968 πᾶσαν
2575 4914 2684 4968 τῶν
2716 4912 3022 4985 ἀνθρώπων
3054 4912 3341 4967 παιδεῦσαι
3390 4911 3491 4984 τὴν
3529 4912 3711 4981 φύσιν,

2035 4998 2129 5050 καὶ
2174 4999 2302 5061 τοὺς
2337 4997 2628 5069 προσέχειν
2658 4995 3018 5068 βουλομένους
3058 4994 3194 5068 πρὸς
3242 4996 3341 5067 τὴν
3371 4996 3473 5067 τῆς
3512 4995 3713 5067 ἀρετῆς

2035 5079 2152 5133 ὁδὸν
2196 5079 2619 5149 ἐφελκύσασθαι.
2676 5080 2837 5135 ’Λλλά
2885 5080 3203 5151 προσέχετε,
3233 5079 3559 5151 παρακαλῶ,
3600 5080 3717 5143 τοῖς

2035 5162 2378 5235 λεγομένοις,
2411 5164 2498 5218 ἵνα
2523 5166 2615 5219 xal
2648 5165 2714 5219 ἐκ
2761 5164 2868 5219 τῶν
2912 5164 3245 5237 προσφάτως
3282 5163 3711 5233 ἀνεγνωσμένων

2035 5249 2445 5319 καταμάθωμεν
2481 5249 2576 5304 τοῦ
2607 5249 2818 5305 δικαίου
2845 5249 2944 5321 τὴν
2987 5246 3325 5317 φιλοσοφίανι
3366 5247 3572 5302 Ἱκανὸν
3601 5247 3710 5317 γὰρ

2034 5330 2191 5385 τοῦτο
2228 5331 2290 5385 τό
2331 5334 2528 5406 χωρίον
2577 5332 2866 5388 παιδεῦσαι
2906 5334 3001 5386 καὶ
3046 5331 3243 5404 ἄνδρας
3297 5332 3389 5386 καὶ
3424 5333 3706 5399 γυναῖκας.

2034 5414 2176 5469 ῶστε
2227 5415 2426 5487 πολλὴν
2473 5417 2602 5489 περὶ
2642 5415 2792 5490 [585]
2839 5415 3102 5487 ἀλλήλους
3155 5414 3561 5469 ἐπιδείκνυσθαι
3608 5414 3709 5485 τὴν

2033 5499 2308 5569 ὁμόνοιαν,
2338 5500 2433 5554 καὶ
2464 5499 2565 5569 τῆς
2593 5500 2853 5569 συζυγίας
2897 5498 2991 5553 τὸν
3025 5498 3321 5569 σύνδεσμον
3351 5499 3566 5571 ἀρραγῆ
3592 5497 3708 5551 δια-

2034 5582 2323 5652 φυλάττειν
2344 5601 2355 5612 ³
2393 5584 2486 5637 καὶ
2515 5586 2654 5655 μήτε
2688 5584 2778 5637 τὸν
2808 5584 2979 5656 ἄνδρα
3007 5584 3108 5655 τῆς
3136 5582 3396 5653 γυναικὸς
3440 5582 3703 5647 κατ;ξαν-

2037 5666 2309 5729 ίστασθαι,
2332 5666 2447 5719 ἀλλ’
2470 5666 2546 5730 ὡς
2576 5666 2951 5740 ἀσθενεστέρῳ
2970 5668 3154 5722 σκεύει
3183 5666 3384 5740 πολλὴν
3413 5667 3709 5735 ἀπονέμειν

2035 5748 2136 5820 τὴν
2182 5747 2547 5820 συγγνώμην·
2596 5750 2733 5820 μήτε
2780 5751 2878 5820 τὴν
2924 5753 3161 5819 γυναῖκα
3212 5749 3349 5819 πρὸς
3397 5749 3492 5803 τὸν
3541 5749 3710 5820 ἄνδρα

2033 5832 2386 5902 διχοστατείν,
2418 5831 2534 5885 ἀλλ’
2565 5831 2809 5903 ἀλλήλων
2831 5832 2901 5888 τά
2931 5831 3074 5904 βάρη
3103 5832 3392 5904 βαστάζειν
3425 5832 3711 5900 ἑκατέροις

2033 5912 2436 5984 διαμιλλᾶσθαι,
2465 5913 2561 5971 καὶ
2582 5914 2681 5987 τὴν
2718 5915 2924 5970 οἰκείαν
2956 5916 3179 5988 εἰρήνην
3207 5914 3425 5970 πάντων
3452 5912 3706 5987 ήγςῖςἸιι
