4020 6136
414 241 520 298 ὖιῖθ

419 354 630 424 pideutn
659 368 752 408 cor
777 351 1056 416 haberent,
1085 360 1136 406 et
1160 364 1264 405 nou
1294 351 1536 420 ejusdem
1567 361 1770 406 natura:
1795 363 1996 418 essent,

417 444 490 499 ita
526 459 584 499 se
617 452 800 514 putant
829 443 898 498 ob
937 443 1168 498 vestium
1202 441 1403 496 cultum
1435 443 1592 496 etiam
1623 443 1738 497 aliis
1768 443 2001 498 homini-

420 534 518 588 bus
553 533 856 602 superiores
883 547 1026 596 esse,
1052 547 1159 586 non
1195 531 1586 602 perpendentes
1622 548 1804 588 secum
1834 549 2000 604 quan—

415 623 488 678 tis
509 624 658 678 malis
683 623 886 692 seipsos
909 624 1168 678 obnoxios
1185 624 1434 690 reddam,
1455 625 1544 693 qui
1571 625 1875 680 concredita
1897 627 1997 680 sibi

415 731 445 770 a
478 716 701 770 Domino
728 716 866 770 male
903 715 1234 784 dispensent,
1264 725 1318 770 et
1354 715 1526 770 nolint
1569 717 1840 772 conservis
1880 733 1998 786 par-

412 816 522 863 tem
548 807 846 862 concedere
877 825 890 860 ε
921 807 1013 862 sed
1043 808 1217 878 potius
1242 823 1270 862 a
1301 807 1570 863 vermibus
1595 809 1834 863 consumi
1878 824 1997 877 per-

413 899 712 965 mittentes,
739 899 1040 967 graviorcm
1063 899 1323 969 gehennzn
1345 899 1520 967 ignem
1542 898 1651 968 jam
1672 899 1770 953 sibi
1797 915 1998 968 prmpa-

412 990 579 1045 rent?
621 989 755 1045 Nam
798 990 844 1045 si
893 991 1071 1045 omnia
1119 1006 1240 1060 quae
1291 990 1432 1045 intus
1480 991 1709 1059 reposita
1760 990 1992 1059 habent,

415 1081 774 1152 indigentibus
801 1082 992 1137 divites
1031 1083 1428 1146 distribuerent,
1461 1099 1631 1153 neque
1675 1083 1753 1138 sic
1798 1085 1996 1153 suppli-

409 1173 552 1227 cium
586 1172 883 1243 ell‘ugerent
921 1189 1105 1228 eorum
1147 1185 1483 1242 peccatorum
1528 1189 1645 1243 quin
1693 1174 1744 1227 in
1786 1173 1993 1228 deliciis

413 1266 640 1319 vestium
666 1273 720 1319 et
743 1267 1109 1319 conviviorum
1135 1265 1436 1320 admittunt.
1465 1265 1582 1333 Quo
1605 1266 1750 1320 enim
1786 1267 1990 1336 suppli-

408 1356 496 1409 cio
525 1369 626 1408 non
659 1364 783 1408 sunt
811 1355 974 1424 digni,
1005 1355 1093 1424 qui
1122 1355 1292 1409 modis
1318 1355 1563 1409 omnibus
1592 1355 1720 1410 dant
1747 1371 1986 1425 operam,

408 1453 471 1499 ut
493 1445 677 1500 sericis
704 1454 758 1499 et
784 1459 936 1510 auro,
965 1445 1048 1499 vel
1071 1445 1222 1499 aliter
1250 1446 1403 1514 pictis
1432 1446 1663 1500 vestibus
1692 1446 1991 1502 iutertcvtis

408 1535 714 1600 induantur,
741 1543 792 1590 et
831 1544 951 1605 post
979 1551 1037 1590 se
1063 1550 1308 1605 pompam
1335 1535 1546 1590 trahant
1586 1536 1636 1589 in
1663 1535 1778 1590 foro
1807 1536 1991 1590 :Chri-

408 1636 552 1682 stum
576 1636 751 1681 autem
779 1626 1078 1695 despiciunt
1095 1626 1386 1691 nudum,et
1408 1641 1577 1696 neque
1601 1627 1776 1681 cibum
1806 1642 1990 1682 ncces-

407 1719 606 1774 sarium
627 1719 1040 1788 impetrantcm?
1062 1718 1286 1773 Maxime
1304 1727 1478 1774 autem
1497 1735 1675 1775 sermo
1693 1721 1793 1776 iste
1811 1721 1989 1775 adver-

405 1824 497 1864 sus
522 1811 772 1866 mulieres
801 1811 1128 1881 congruerit.
1161 1811 1415 1880 Majorem
1447 1812 1589 1867 enim
1619 1812 1755 1881 apud
1787 1828 1878 1868 eas
1909 1814 1986 1866 iu-

405 1903 646 1956 venimus
675 1911 891 1957 ornatus
913 1903 1254 1971 cupiditatem
1282 1911 1336 1958 et
1360 1903 1841 1974 intemperantiam,
1865 1921 1984 1960 cum

401 1994 601 2046 auratis
627 1993 860 2048 vestibus
889 2002 944 2049 et
986 2008 1117 2048 auro
1149 1995 1200 2048 in
1235 1994 1427 2064 capite,
1459 1995 1509 2048 in
1539 1995 1680 2050 collo
1708 2006 1761 2050 et
1790 1997 1842 2050 iu
1869 1996 1987 2052 aliis

400 2083 643 2152 corporis
672 2084 906 2154 partibus
933 2093 1214 2150 ornantur,
1249 2095 1302 2140 et
1341 2085 1394 2139 in
1436 2085 1519 2140 his
1557 2100 1768 2155 quoque
1800 2102 1987 2157 super-

403 2176 574 2232 biunt.
597 2176 738 2243 Quot
768 2191 1061 2247 pauperum
1084 2187 1299 2232 ventres
1328 2185 1573 2248 poterant
1602 2177 1723 2232 inde
1745 2179 1910 2248 pasci,
1933 2188 1986 2233 et

401 2278 533 2338 quot
559 2283 782 2338 corpora
813 2268 955 2324 nude
976 2270 1242 2340 agentium
1268 2279 1510 2339 poterant
1532 2284 1598 2324 ex
1622 2270 1684 2324 iis
1705 2271 1833 2324 solis
1850 2285 1986 2326 con-

401 2360 530 2429 tegi,
555 2375 672 2430 qua:
717 2361 785 2415 ab
827 2361 1059 2428 ipsarum
1097 2361 1315 2416 auribus
1344 2360 1595 2430 pendent,
1619 2361 1830 2416 nullius
1856 2363 1988 2417 alte-

400 2450 512 2504 rius
539 2465 664 2504 usus
701 2451 890 2520 gratia,
932 2466 1087 2521 quam
1120 2452 1172 2506 in
1203 2451 1454 2506 damnum
1501 2461 1555 2505 et
1605 2464 1981 2508 uocumcntum

400 2542 631 2596 animm?
675 2542 898 2611 Propter
953 2544 1053 2596 hoc
1105 2542 1298 2597 doctor
1333 2543 1480 2598 orbis
1522 2559 1641 2598 cum
1693 2544 1917 2600 dixisset
1963 2563 1978 2599 :

402 2633 657 2688 [labentes
686 2635 870 2688 victum
913 2644 959 2688 et
1005 2636 1242 2689 amictum
1290 2637 1368 2704 (Ι.
1413 2635 1546 2689 Tim.
1590 2636 1644 2690 6.
1686 2637 1741 2706 8)
1776 2654 1788 2689 :
1826 2639 1984 2692 vertit

399 2739 612 2777 rursum
636 2723 700 2777 ad
730 2723 978 2779 mulieres
1001 2739 1324 2790 sermonem,
1352 2733 1408 2780 et
1437 2725 1567 2779 dicit
1608 2743 1620 2778 :
1651 2725 1769 2779 Non
1800 2727 1852 2780 in
1881 2738 1984 2780 tor-

399 2814 463 2866 tis
488 2812 707 2867 crinibus
723 2814 799 2868 vel
818 2815 870 2868 in
886 2831 1030 2878 auro,
1055 2814 1133 2868 vel
1145 2817 1431 2887 margaritis
1449 2817 1524 2870 vel
1544 2827 1674 2871 veste
1687 2828 1983 2887 sumptuosa

395 2913 574 2958 ornent
601 2920 654 2958 se
682 2902 839 2974 (Ibid.
871 2905 925 2958 2.
956 2905 1033 2976 9).
1067 2906 1223 2960 Vides
1270 2906 1538 2976 quomodo
1585 2923 1690 2961 non
1735 2909 1848 2962 vult
1891 2923 1982 2964 eas

399 2994 594 3049 talibus
619 2997 817 3061 ornari,
852 3011 1026 3065 neque
1051 3011 1182 3051 auro
1203 2996 1544 3063 circumdari,
1574 3012 1746 3067 neque
1773 3014 1980 3069 marga-

397 3086 514 3140 ritis
541 3101 712 3156 ncquc
743 3095 890 3142 veste
919 3096 1228 3157 sumptuosa
1261 3105 1275 3140 :
1304 3087 1397 3142 sed
1427 3103 1612 3142 verum
1641 3096 1886 3142 ornatum
1927 3089 1979 3143 in

398 3177 633 3231 animam
663 3177 935 3243 inducere,
966 3187 1020 3233 et
1047 3194 1143 3248 per
1180 3178 1440 3233 bonorum
1467 3193 1690 3247 cperum
1717 3179 1979 3233 actionem

398 3270 842 3340 pulchritudinem
867 3271 1060 3325 anima:
1090 3271 1376 3336 illustrare,
1403 3281 1458 3326 et
1485 3287 1552 3325 ue
1577 3287 1638 3326 ca
1666 3287 1784 3341 qua:
1809 3273 1982 3341 suspi-

392 3362 469 3416 cit
501 3361 646 3426 talia,
675 3369 982 3415 contemnat
1007 3361 1152 3415 illam
1175 3361 1465 3428 sordidam,
1495 3360 1813 3429 squalidam,
1855 3376 1982 3430 pau-

396 3467 602 3518 nosam,
643 3451 960 3519 famelicam,
993 3453 1219 3523 geluque
1262 3451 1655 3522 rigcscentem‘l
1683 3451 1796 3506 Hoc
1834 3453 1978 3508 enim

394 3543 627 3598 studium
667 3544 720 3598 in
761 3543 1002 3599 ornando
1048 3557 1275 3612 corpore
1326 3543 1518 3598 anima:
1559 3543 1756 3597 indicat
1803 3543 1981 3598 defor-

395 3641 654 3706 mitatem,
687 3647 742 3693 et
769 3637 926 3708 hujus
956 3636 1161 3692 delicia:
1197 3637 1341 3691 illam
1375 3637 1514 3690 fame
1549 3636 1794 3690 laborare
1836 3636 1981 3690 clare

393 3727 713 3798 significant,
756 3737 811 3782 et
852 3727 1010 3797 hujus
1040 3727 1264 3782 vestium
1303 3736 1547 3794 sumptus
1577 3726 1715 3780 illius
1743 3726 1982 3780 declarat

397 3819 710 3874 nuditatem.
746 3818 885 3874 Fieri
911 3820 1054 3874 enim
1088 3834 1192 3872 non
1220 3827 1412 3888 potest,
1457 3829 1514 3872 ut
1555 3819 1644 3888 qui
1675 3819 1866 3872 animm
1889 3832 1982 3872 cu-

397 3925 508 3963 ram
537 3909 750 3975 habeat,
774 3909 996 3980 ejusque
1022 3907 1468 3979 pulchritudinem
1498 3909 1702 3976 plurimi
1733 3909 1908 3974 faciat,
1936 3908 1980 3964 is

395 4011 618 4058 externo
646 4002 808 4058 cultui
851 4001 1017 4057 inbict
1052 4018 1068 4057 :
1105 4000 1241 4056 sicut
1273 4000 1601 4071 impossibile
1633 4009 1716 4055 est
1751 4009 1979 4054 externo

395 4096 470 4150 illi
496 4094 680 4162 cultui,
710 4090 935 4150 chtinm
959 4093 1252 4164 splendori,
1282 4109 1446 4149 aureo
1483 4093 1696 4148 ornatui
1739 4093 1976 4148 deditum

394 4186 536 4240 illius
562 4200 722 4256 agere
753 4200 957 4239 curam.
989 4184 1212 4251 Quando
1248 4183 1390 4238 enim
1427 4192 1609 4254 posset
1636 4184 1809 4238 anima
1857 4186 1977 4240 talis

393 4278 588 4348 aliquid
617 4279 743 4332 utile
785 4277 1168 4347 contemplari,
1210 4278 1292 4332 vel
1325 4278 1376 4332 in
1403 4277 1777 4347 cogitationem
1819 4279 1978 4348 spiri-

394 4370 610 4424 tualium
639 4369 823 4423 venire
841 4410 857 4434 ,
911 4384 1030 4437 qua:
1059 4367 1223 4422 semel
1248 4367 1472 4422 terrenis
1512 4367 1581 4422 ita
1609 4367 1784 4424 dedita
1815 4368 1978 4439 coepit

391 4477 533 4528 esse,
564 4468 620 4516 et
644 4460 811 4525 humi,
840 4469 897 4514 ut
926 4460 996 4513 ita
1017 4458 1191 4514 dicam
1212 4501 1226 4524 ,
1254 4467 1465 4530 reptare
1491 4499 1506 4524 ,
1534 4474 1654 4529 qum
1683 4475 1972 4529 numquam

390 4561 550 4623 caput
576 4551 818 4606 attollere
847 4559 1052 4620 potest,
1079 4550 1171 4604 sed
1205 4564 1369 4620 prona
1402 4549 1694 4604 Innumeris
1723 4560 1974 4620 peccato-

391 4661 510 4700 rum
539 4644 762 4699 sarcinis
791 4643 1022 4713 scipsam
1050 4641 1275 4713 gravat?
1298 4640 1428 4696 Nam
1451 4649 1580 4711 quot
1605 4640 1728 4696 inde
1749 4656 1975 4696 nascan-

393 4747 477 4792 tur
505 4737 640 4791 mala
661 4777 676 4802 ,
700 4752 805 4790 non
839 4750 1055 4805 possum
1084 4749 1224 4789 nunc
1255 4749 1504 4788 sermone
1523 4733 1843 4803 complecti;
1875 4735 1970 4788 sed

391 4831 521 4884 satis
548 4839 630 4884 εει
652 4838 712 4884 ιιι
736 4829 1032 4898 relinquam
1061 4827 1400 4882 conscientia:
1428 4840 1614 4880 eorum
1633 4867 1648 4893 ,
1689 4825 1778 4897 qui
1827 4826 1878 4880 in
1913 4827 1975 4880 iis

391 4919 632 4988 occupati
655 4927 798 4985 sunt,
827 4927 1050 4988 quantas
1076 4917 1199 4972 inde
1219 4917 1556 4987 quotidianas
1577 4917 1850 4972 molestias
1875 4933 1974 4972 ex-

391 5009 685 5080 periantur.
735 5007 943 5061 Etenim
985 5007 1072 5062 vel
1105 5005 1306 5077 aliquid
1346 5005 1546 5061 decidit
1583 5021 1648 5061 ex
1681 5020 1845 5061 aureo
1884 5007 1972 5061 illo

390 5100 555 5167 cultu,
579 5109 631 5155 et
658 5115 846 5170 magna
872 5108 1160 5170 tempestas
1199 5114 1526 5170 magnusque
1568 5099 1828 5154 tumultus
1869 5098 1966 5154 ob-

390 5195 560 5249 oritur
587 5192 641 5247 in
671 5201 778 5247 tota
804 5191 999 5256 domo;
1027 5191 1110 5245 vel
1138 5189 1367 5246 famulus
1396 5191 1670 5260 surripuit,
1705 5200 1759 5245 et
1787 5204 1974 5244 omnes

393 5283 726 5355 ﬂagellantur
746 5292 800 5337 et
824 5282 1192 5346 verberantur,
1219 5292 1377 5351 atque
1411 5282 1462 5334 in
1491 5296 1761 5335 carcerem
1798 5281 1973 5348 conji-

391 5378 635 5439 cinntur;
666 5377 751 5431 vel
783 5374 945 5431 invidi
988 5374 1203 5445 quidam
1257 5373 1491 5428 insidiati
1542 5381 1666 5428 sunt
1717 5381 1772 5428 ct
1799 5371 1975 5428 subito

391 5470 707 5540 spoliarunt,
737 5480 798 5523 ac
828 5467 1026 5523 multus
1068 5467 1193 5521 hinc
1240 5463 1695 5534 intoleraliilisque
1741 5478 1972 5528 mceror;

392 5561 475 5616 vel
505 5576 683 5616 rerum
725 5559 1021 5615 adversitas
1060 5559 1312 5629 ingruens
1338 5559 1388 5612 in
1419 5565 1711 5613 extremam
1741 5555 1971 5626 inopiam

392 5654 630 5726 redegit,
665 5665 714 5710 et
741 5653 1040 5725 graviorem
1079 5661 1252 5708 morte
1306 5651 1467 5706 vitam
1508 5648 1585 5705 eis
1630 5647 1842 5714 attulit;
1887 5647 1975 5703 vel

1333 234 1404 291 IN
1443 237 1594 293 CAP.
1640 235 1778 292 XVI.
1809 233 2051 293 GENES.

2096 235 2325 293 IIOIIIL.
2368 237 2655 294 XXXVIII.
3122 295 3126 300 ,
3582 243 3687 300 330

2103 352 2244 406 aliud
2276 352 2523 422 quiddam
2553 352 2792 409 incidens
2821 353 3037 408 multant
3069 353 3332 410 tri-.titiant
3375 361 3600 425 peperit.
3626 360 3688 412 Et

2105 443 2155 498 in
2200 457 2439 510 sununa,
2495 459 2782 514 numquam
2830 445 3067 501 invenies
3117 447 3348 501 animam
3390 448 3683 504 istiusmmli

2102 533 2261 588 rebus
2287 533 2574 602 addictam,
2601 533 3085 605 perturbationibus
3104 546 3382 606 expertem
3414 563 3428 592 :
3461 539 3554 594 sed
3582 541 3687 594 sits-

2102 633 2159 678 ut
2221 624 2380 679 maris
2431 624 2625 680 ﬂuctus
2680 640 2852 694 neque
2903 625 3133 682 deiicere
3185 643 3374 698 neque
3412 632 3682 684 numerari

2099 724 2322 784 queunt,
2351 729 2563 784 semper
2581 716 2731 770 novis
2760 717 3238 783 succresceutibus,
3259 719 3326 772 ita
3351 720 3684 777 turbationes

2101 805 2223 862 inde
2247 805 2484 861 clientes
2515 822 2672 861 nemo
2703 807 3071 862 diuumerarit.
3101 808 3240 874 Ideo,
3289 809 3545 876 obsecro,
3601 811 3685 866 fu-

2097 899 2302 966 giamus
2329 900 2382 953 in
2410 900 2657 954 omnibus
2682 900 2840 956 rebus
2870 901 3097 956 habendi
3117 902 3457 972 cupiditatem
3477 913 3530 959 et
3551 920 3680 961 usus

2099 1006 2398 1046 excessum.
2429 991 2582 1048 Vera:
2607 993 2751 1048 enim
2775 993 2972 1049 divitiae
2999 1003 3123 1049 sunt
3146 1004 3200 1050 ct
3231 997 3558 1053 inexhaustae
3602 997 3680 1052 fa-

2096 1083 2322 1139 cultates
2343 1126 2358 1150 ,
2386 1083 2696 1141 desiderare
2726 1094 2928 1140 tantum
2957 1095 3209 1156 quantum
3240 1088 3356 1142 usui
3385 1089 3514 1142 satis
3534 1089 3674 1154 sint,

2095 1180 2152 1226 et
2179 1188 2240 1229 ea
2279 1189 2397 1242 qua:
2439 1190 2594 1230 usum
2625 1177 2921 1240 excedunt,
2969 1184 3112 1232 recte
3139 1176 3467 1246 dispensare.
3493 1178 3678 1248 Neque

2094 1263 2232 1316 enim
2257 1263 2344 1318 illc
2362 1265 2451 1334 qui
2481 1265 2579 1320 hoc
2606 1264 2752 1332 facit,
2781 1266 3014 1335 inopiam
3047 1267 3232 1321 timere
3259 1268 3474 1336 poterit,
3503 1283 3676 1338 neque

2095 1354 2394 1408 molestiam
2440 1357 2760 1423 sustinebit,
2807 1371 2980 1428 neque
3023 1357 3376 1412 turbationem
3423 1359 3614 1414 sentiet
3656 1375 3671 1411 :

2092 1445 2184 1499 sed
2211 1457 2261 1499 et
2291 1455 2438 1501 extra
2479 1447 2795 1502 calumniam
2823 1447 2924 1502 erit
2945 1488 2960 1514 ,
3009 1456 3065 1503 et
3092 1447 3400 1503 liberabitur
3435 1449 3504 1502 ab
3534 1449 3666 1503 insi-

2091 1535 2382 1602 diantibus,
2425 1546 2479 1592 at
2498 1553 2583 1607 [ne
2633 1546 2690 1591 ut
2734 1539 3036 1593 summatim
3081 1539 3365 1605 dicam,in
3417 1549 3669 1609 perpetua

2093 1629 2466 1698 tranquillitate
2493 1630 2626 1694 erit,
2651 1638 2703 1684 et
2727 1629 2906 1698 quiete
2925 1630 3138 1699 otioque
3166 1629 3368 1684 fruetur
3397 1648 3408 1682 :
3439 1645 3504 1685 ac
3527 1631 3667 1701 quod

2091 1718 2260 1787 majus
2275 1725 2358 1773 est
2380 1717 2649 1782 omnibus,
2669 1728 2930 1788 caputque
2953 1719 3234 1783 bonorum,
3267 1719 3428 1773 Deum
3457 1719 3672 1774 habebit

2091 1809 2409 1878 propitium,
2435 1816 2490 1862 et
2514 1823 2742 1878 superna
2791 1807 2994 1862 fruetur
3015 1808 3182 1878 gratia
3204 1849 3220 1876 ,
3273 1817 3455 1879 utpote
3497 1810 3670 1864 ﬁdelis

2089 1898 2259 1956 factus
2283 1901 2619 1970 diSpcnsator
2639 1901 2979 1970 pecuniarum
3009 1900 3235 1954 Domini.
3264 1899 3450 1954 Beatus
3502 1901 3665 1964 enim,

2091 1994 2279 2064 inquit,
2305 2009 2476 2047 servus
2501 1993 2588 2047 ille
2611 2034 2626 2060 ,
2653 2008 2800 2062 quem
2818 2007 2932 2045 cum
2961 1991 3146 2046 venerit
3173 1991 3406 2045 dominus
3423 2031 3439 2057 ,
3459 1983 3668 2046 invene-

2087 2085 2150 2138 rit
2180 2085 2252 2138 εἰς
2279 2085 2546 2154 facientem
2591 2081 2742 2154 (Luc.
2775 2081 2856 2136 I2.
2902 2079 3031 2153 45),
3074 2089 3129 2136 et
3153 2082 3231 2136 sic
3271 2081 3666 2150 dispensantem

2086 2179 2380 2244 conservis,
2413 2185 2467 2232 et
2492 2192 2597 2231 non
2621 2175 2797 2246 januis
2819 2175 3163 2244 vectibusquc
3192 2173 3544 2229 includcntem
3569 2215 3585 2241 ,
3614 2185 3668 2229 ct

2088 2269 2355 2325 vermibus
2381 2282 2557 2324 escam
2589 2268 2700 2322 ﬁeri
2737 2267 3133 2336 permittentcm
3159 2281 3172 2318 :
3202 2265 3294 2319 sed
3318 2265 3532 2335 inopum
3564 2267 3666 2320 mi-

2087 2361 2279 2416 seriam
2308 2359 2677 2414 sublevantem
2701 2399 2715 2425 ,
2746 2357 3047 2426 bonumque
3074 2364 3128 2411 et
3153 2355 3360 2411 lidelcm
3388 2355 3668 2426 dispensa-

2088 2461 2254 2507 torem
2281 2452 2474 2507 factum
2501 2466 2686 2506 eorum
2707 2465 2824 2520 quae
2849 2465 2879 2504 a
2911 2449 3135 2505 Domino
3157 2449 3489 2519 suppeditata
3508 2460 3630 2504 sunt
3651 2467 3663 2502 :

2087 2554 2142 2599 ut
2166 2553 2218 2599 et
2243 2544 2476 2614 pulchrae
2495 2543 2652 2613 hujus
2671 2542 3084 2612 dispensationis
3101 2554 3343 2610 magnam
3366 2539 3664 2596 mercedem

2085 2636 2318 2706 assequi,
2351 2643 2408 2690 et
2427 2636 2684 2705 promissa
2731 2634 2866 2690 bona
2913 2633 3158 2688 obtinere
3182 2642 3470 2698 mereatur,
3499 2635 3662 2702 gratia

2084 2737 2140 2783 et
2163 2728 2486 2797 benignitate
2530 2726 2736 2780 Domini
2782 2724 2952 2780 nostri
3003 2722 3128 2779 Jesu
3157 2721 3389 2790 Christi,
3421 2724 3504 2777 cui
3544 2737 3663 2776 eum

2085 2822 2244 2876 Patre
2268 2829 2323 2875 et
2347 2829 2530 2874 sancto
2558 2819 2758 2889 Spiritu
2787 2817 2856 2872 sit
2893 2816 3091 2888 gloria,
3121 2816 3423 2885 imperium,
3473 2814 3663 2877 honor.

2087 2927 2225 2966 nunc
2253 2921 2306 2966 et
2334 2925 2569 2980 semper,
2600 2918 2656 2964 et
2685 2911 2736 2963 in
2767 2909 2959 2964 saecula
2984 2907 3322 2962 smculorum.
3364 2909 3556 2961 Amen.

2569 3020 2848 3077 IIOIIILIA
2888 3018 3178 3074 XXXVIII.

2089 3114 2222 3170 Sara
2246 3123 2413 3166 autem
2435 3155 2448 3178 ,
2479 3128 2609 3166 tta-or
2630 3111 2837 3175 Abram,
2867 3127 2966 3164 non
3000 3110 3188 3179 peperit
3219 3109 3266 3162 ci
3297 3124 3315 3163 :
3342 3109 3430 3162 sed
3453 3107 3662 3162 habebat

2157 3184 2396 3238 ancillam
2441 3181 2778 3253 ﬁgyptiam,
2815 3183 3014 3235 nomine
3041 3181 3180 3250 Agar
3213 3179 3361 3250 (Gen.
3394 3180 3482 3234 I6.
3517 3179 3587 3250 I).

2161 3299 2208 3353 I.
2255 3297 2426 3352 Etiam
2449 3293 2705 3350 hodierna
2735 3294 2891 3350 lectio
2931 3293 3163 3364 linguam
3199 3300 3434 3346 nostram
3488 3288 3663 3346 denuo

2085 3392 2136 3445 in
2168 3392 2476 3445 memoriam
2503 3389 2812 3460 patriarcha:
2836 3395 2988 3442 vocat
3018 3403 3030 3438 :
3064 3400 3236 3456 neque
3265 3399 3358 3438 vos
3382 3383 3664 3438 admiratio

2085 3489 2281 3547 teneat,
2310 3480 2448 3551 quod
2478 3496 2599 3535 cum
2628 3488 2704 3534 tot
2731 3477 2918 3534 diebus
2945 3476 3218 3531 historiam
3240 3473 3477 3545 ejusdem
3508 3474 3663 3528 toties

2085 3576 2136 3632 in
2191 3575 2421 3630 medium
2478 3572 2812 3627 attulerimus
2835 3610 2850 3636 ,
2880 3584 2979 3624 nec
3007 3568 3165 3623 hodie
3210 3569 3352 3621 illam
3381 3568 3661 3622 absolvere

2086 3666 2434 3738 potuerimus.
2464 3663 2647 3733 Magna
2671 3662 2812 3716 enim
2838 3661 2991 3729 copia
3036 3667 3119 3714 est
3150 3659 3400 3712 virtutum
3419 3659 3547 3728 justi
3573 3701 3587 3725 ,
3611 3671 3665 3713 et

2084 3759 2276 3815 eximia
2301 3764 2425 3810 sunt
2451 3754 2589 3808 illius
2617 3754 2752 3808 bona
2780 3766 2962 3822 opera,
2992 3750 3126 3805 adeo
3156 3756 3209 3804 ut
3235 3763 3446 3802 omnem
3476 3747 3661 3802 huma-

2083 3865 2205 3904 nam
2228 3849 2457 3919 linguam
2482 3846 2712 3900 vincant.
2741 3843 2907 3911 Quem
2930 3841 3070 3896 enim
3091 3840 3228 3894 Deus
3253 3853 3482 3908 superne
3508 3853 3660 3893 coro-

2084 3942 2229 3997 navit
2258 3950 2312 3995 ct
2339 3939 2606 3994 celebrem
2636 3935 2779 4000 fecit,
2811 3934 2930 4005 quis
2963 3931 3237 3987 hominum
3263 3931 3420 4001 digne
3447 3929 3664 3985 laudare

2081 4031 2318 4104 poterit?
2348 4032 2615 4095 Attamen,
2646 4026 2745 4082 etsi
2771 4025 2926 4096 longe
2953 4021 3231 4077 inferiores
3254 4034 3434 4076 sumus
3454 4062 3468 4085 ,
3501 4034 3660 4090 quam

2083 4131 2372 4192 exposcam
2428 4120 2567 4175 illius
2617 4118 2828 4183 merita,
2857 4129 2952 4185 pro
2987 4113 3184 4168 nostris
3232 4111 3417 4166 saltem
3443 4111 3660 4171 viribus,

2081 4232 2200 4288 quae
2227 4215 2296 4269 de.
2341 4214 2434 4268 illo
2475 4211 2669 4281 scripta
2702 4215 2824 4263 sunt
2876 4206 2927 4261 in
2979 4204 3210 4259 medium
3262 4201 3563 4261 alI'erentes,
3595 4201 3661 4255 ad

2082 4306 2442 4364 annulandum
2467 4314 2524 4361 et
2547 4301 2860 4358 imitandum
2880 4300 3126 4354 virtutem
3150 4294 3292 4350 illius
3308 4294 3664 4350 vosindueere

2080 4402 2343 4470 cupimus.
2365 4396 2572 4454 Sufﬁcit
2598 4394 2740 4450 enim
2767 4391 2924 4461 hujus
2948 4389 3043 4444 viri
3068 4385 3397 4459 philosophia
3418 4385 3482 4439 ad
3507 4399 3665 4439 omne

2082 4491 2357 4546 hominum
2387 4502 2555 4560 genus
2579 4483 2934 4541 erudiendum
2960 4523 2976 4548 ,
3005 4489 3060 4535 et
3099 4477 3165 4533 ad
3210 4475 3522 4532 alliciendos
3571 4489 3665 4529 eos

2079 4582 2170 4652 qui
2216 4580 2498 4651 diligenter
2542 4576 2876 4640 auscultant,
2917 4582 2976 4628 ut
3011 4573 3192 4627 ineant
3245 4569 3457 4624 virtutis
3501 4567 3660 4623 viam.

2081 4671 2345 4727 Caeterum
2375 4669 2601 4724 obsecro
2621 4673 2680 4721 ut
2707 4663 2990 4721 attendatis
3020 4662 3102 4716 his
3125 4674 3244 4731 qua:
3269 4659 3533 4723 dicuntur,
3558 4672 3665 4728 quo

2080 4767 2238 4824 liceat
2275 4763 2436 4818 etiam
2468 4777 2534 4816 ex
2568 4773 2733 4830 nuper
2760 4755 3060 4827 lectisjusti
3095 4752 3480 4825 phil050phiam
3509 4749 3666 4803 addi-

2082 4874 2248 4917 scere.
2268 4857 2451 4913 Potest
2479 4854 2620 4910 enim
2649 4851 2735 4906 hic
2761 4850 2910 4904 locus
2939 4848 3133 4902 docere
3158 4854 3212 4898 et
3237 4845 3382 4897 viros
3405 4849 3454 4896 et
3474 4840 3665 4894 mulica

2080 4969 2186 5019 res,
2212 4959 2266 5005 ut
2295 4962 2482 5018 magna
2514 4946 2654 5000 inter
2695 4957 2754 4996 se
2779 4938 3061 4996 concordia
3094 4935 3307 4997 vivant,
3335 4943 3389 4988 et
3433 4933 3662 5000 conjugii

2079 5045 2349 5102 vinculum
2377 5037 2746 5096 iudissolutum
2775 5039 2989 5088 servent
3016 5045 3030 5083 :
3062 5038 3302 5097 etnequc
3329 5025 3412 5079 vir
3431 5026 3670 5093 insurgat

2082 5140 2340 5194 adversus
2371 5133 2679 5195 mulierem,
2713 5127 2806 5184 sed
2833 5135 2892 5180 ut
2922 5123 3035 5180 vasi
3083 5121 3359 5178 inﬁrmiori
3388 5117 3464 5192 (a)
3495 5118 3667 5189 majo—

2082 5248 2195 5288 rem
2230 5231 2302 5284 illi
2335 5227 2544 5283 vcuiam
2576 5223 2802 5286 tribuat;
2845 5233 3018 5288 neque
3044 5215 3236 5270 mulier
3272 5213 3385 5268 viro
3411 5225 3471 5266 se
3491 5225 3663 5281 oppo-

2083 5335 2196 5391 nat,
2220 5331 2308 5376 aut
2330 5321 2396 5375 ab
2421 5333 2487 5374 co
2515 5313 2790 5380 dissideat,
2824 5310 2918 5367 scd
2945 5319 3001 5363 ut
3025 5305 3258 5362 vicissim
3287 5305 3423 5359 alter
3445 5301 3666 5357 alterius

2085 5429 2246 5471 onera
2283 5409 2419 5469 ferre
2460 5415 2695 5470 certent,
2719 5403 3176 5470 domesticamque
3206 5412 3390 5468 pacem
3421 5391 3682 5450 omnibus

2147 5528 2222 5590 (a)
2253 5527 2326 5576 sic
2347 5529 2399 5574 et
2423 5520 2674 5590 inltegula
2707 5517 2939 5590 Pachomii
2985 5512 3220 5590 mulieres

2089 5573 2335 5638 vocantur.
2358 5573 2487 5648 apud
2512 5573 2690 5631 Livium
2713 5589 2877 5631 autem
2919 5583 3222 5636 ceterosque
3246 5573 3494 5622 historicos
3514 5576 3682 5624 μηθέν

2085 5653 2298 5703 dimenta
2329 5645 2651 5711 appellantur.
