4020 6136
312 187 397 244 ’55
406 192 422 245 l

331 304 481 358 bonis
504 302 804 374 praeferant.
835 301 903 354 At
921 313 1095 368 opera:
1119 297 1345 366 pretium
1362 294 1530 350 fuerit
1547 294 1728 348 audire
1744 291 1904 347 verba

331 393 467 462 ipsa,
499 403 559 449 ut
591 395 679 448 ﬁat
704 393 857 447 nobis
899 388 1140 444 doctrina
1179 386 1527 441 manifestior.
1558 386 1609 451 1.
1644 386 1780 440 Sara
1818 400 1909 437 au-

328 493 445 549 tem,
479 484 669 553 inquit,
692 498 820 535 uxor
845 480 997 535 Abrae
1013 496 1112 533 non
1140 479 1330 549 peperit
1354 478 1398 531 ei
1428 494 1446 532 :
1488 484 1721 531 ca’terum
1758 475 1911 530 liabe-

304 572 411 625 ιύαι
439 573 678 624 ancillam
705 568 1011 640 £gyptiam
1034 609 1050 635 ,
1081 567 1161 621 cui
1194 584 1373 621 nomen
1420 566 1557 637 Agar
1603 566 1739 637 (cap.
1796 565 1907 634 16).

382 662 555 717 «Fides
575 662 789 715 Mra/ue
814 670 1022 731 quanta.
1049 689 1119 700 —
1137 658 1452 724 Considera,
1485 657 1782 721 carissime,
1808 655 1910 711 hoc

310 751 446 806 loco
500 750 819 806 iueﬁabilem
850 750 943 804 Dei
975 748 1307 804 tolerantiam
1347 757 1401 802 et
1445 748 1695 802 eximiam
1752 745 1907 800 ﬁdem

324 854 640 914 gratumque
666 844 901 898 animum
929 842 1080 912 justi,
1106 857 1263 912 quem
1290 840 1428 895 datis
1462 839 1562 895 sibi
1594 838 1906 910 promissio-

328 935 482 989 uibus
497 934 804 989 declaravit.
837 930 967 987 Cum
993 932 1133 987 enim
1155 932 1311 986 toties
1332 930 1659 1001 promisisset
1686 930 1827 984 Deus
1851 944 1909 983 se

324 1022 572 1078 daturum
603 1024 795 1080 semini
824 1023 939 1092 ejus
965 1032 1181 1089 terram,
1202 1032 1255 1077 et
1282 1021 1335 1076 in
1364 1029 1509 1076 tanto
1526 1020 1908 1091 multiplicatu-

324 1128 443 1170 rum
472 1130 695 1170 numero
717 1157 732 1181 ,
762 1128 820 1169 ut
846 1114 1167 1170 multitudini
1196 1114 1465 1170 stellarum
1489 1114 1858 1183 adaequaretur
1888 1130 1901 1167 :

324 1204 512 1260 videns
536 1206 734 1259 nullam
762 1205 1169 1277 promissionem
1200 1220 1364 1274 opere
1399 1205 1626 1275 impleri,
1657 1219 1819 1274 seque
1844 1220 1908 1258 ex

326 1298 769 1367 promissionibus
789 1297 916 1351 nihil
944 1306 1298 1367 praeterquam
1326 1297 1486 1352 verba
1512 1297 1771 1366 accipere,
1801 1312 1907 1351 non

326 1387 639 1442 turbabatur
687 1388 913 1454 ratione,
945 1402 1050 1442 non
1103 1388 1541 1442 commovebatur
1586 1395 1786 1453 mente,
1815 1387 1908 1441 sed

327 1478 519 1532 mansit
542 1479 792 1533 immotus
813 1488 867 1532 et
888 1478 1132 1544 inﬂexus,
1154 1479 1378 1534 credens
1413 1481 1661 1548 potentia:
1685 1480 1907 1549 promit—

327 1568 505 1622 tentis.
549 1568 612 1622 Et
637 1568 834 1623 idcirco
860 1570 1017 1623 etiam
1039 1568 1125 1623 hic
1170 1569 1220 1624 id
1265 1570 1581 1639 signiﬁcavit
1634 1571 1905 1641 Scriptura

314 1659 501 1714 divina
525 1659 709 1714 dicens
741 1678 755 1713 :
781 1661 916 1715 Sara
960 1670 1125 1715 autem
1148 1702 1161 1725 ,
1195 1678 1323 1716 uxor
1348 1662 1495 1716 Abrae
1516 1703 1533 1729 ,
1576 1680 1675 1718 non
1720 1668 1910 1736 peperit

323 1750 387 1815 ei,
413 1751 561 1820 quasi
590 1751 691 1805 hoc
714 1751 866 1805 nobis
887 1751 1167 1806 declarans
1197 1770 1211 1806 :
1236 1753 1362 1808 Post
1389 1753 1504 1809 luec
1540 1758 1720 1810 omnia
1741 1797 1756 1823 ,
1791 1768 1909 1826 post

325 1851 476 1911 pacta
513 1858 631 1897 cum
684 1859 749 1898 eo
788 1844 938 1911 inita,
968 1854 1089 1915 post
1129 1846 1566 1915 pollicitationem
1615 1848 1909 1906 innumerae

325 1935 675 1991 multitudinis
699 1952 762 1991 ex
795 1952 860 1992 eo
882 1938 1225 2008 procreanda:
1244 1939 1373 1993 nihil
1394 1940 1681 1996 ﬂuctuabat
1700 1956 1906 2008 secum,

324 2028 510 2083 videns
532 2029 659 2083 nihil
689 2030 951 2085 dictorum
975 2046 1137 2101 opere
1167 2032 1376 2101 impleri
1402 2075 1418 2101 ,
1447 2032 1541 2088 sed
1569 2035 1746 2089 omnia
1775 2050 1907 2090 con-

324 2121 486 2175 trario
544 2121 701 2175 modo
751 2136 870 2178 sese
924 2123 1135 2178 habere.
1189 2124 1478 2195 Propterea
1515 2127 1645 2182 dicit
1672 2138 1789 2197 post
1818 2128 1905 2183 illa

323 2212 517 2277 omnia,
549 2211 705 2279 Sara,
736 2229 865 2267 uxor
891 2214 1018 2283 eius,
1048 2232 1149 2269 non
1180 2218 1371 2286 peperit
1403 2218 1449 2271 ei
1474 2234 1492 2271 :
1524 2226 1581 2271 ut
1616 2217 1793 2273 discas
1821 2219 1903 2272 ui-

310 2299 394 2352 hil
419 2301 492 2355 illi
522 2305 810 2359 accessisse
838 2312 957 2374 post
987 2315 1160 2359 tantas
1192 2306 1572 2375 promissiones
1593 2349 1606 2373 ,
1638 2310 1736 2362 etsi
1765 2309 1907 2378 quod

306 2390 455 2446 Sara
495 2394 694 2449 sterilis
732 2404 785 2450 et
819 2405 972 2450 utero
1000 2405 1243 2451 emortuo
1268 2406 1449 2464 esset,
1482 2399 1535 2451 in
1579 2410 1757 2455 mente
1779 2400 1905 2469 justi

324 2483 542 2537 multam
572 2484 959 2539 haesitationem
993 2486 1306 2556 ingenerare
1342 2498 1542 2557 posset.
1578 2489 1769 2545 Verum
1812 2506 1902 2560 pa-

308 2574 556 2628 rtriareha
580 2589 690 2628 non
721 2575 996 2644 spectabat
1023 2576 1089 2630 ad
1122 2576 1497 2647 impedimenta
1546 2589 1783 2647 naturae;
1813 2580 1907 2635 sed

324 2666 635 2734 sapientiam
676 2665 884 2721 Domini
912 2680 1241 2737 cngnoscens
1262 2709 1275 2732 ,
1309 2670 1397 2738 qui
1422 2684 1542 2725 cum
1574 2680 1778 2727 naturae
1804 2674 1905 2728 Do-

324 2758 499 2811 minus
521 2765 583 2813 et
604 2757 861 2813 Conditor
884 2760 972 2826 sit,
999 2759 1137 2814 viam
1169 2761 1221 2814 in
1250 2761 1405 2816 inviis
1434 2772 1607 2831 potest
1633 2764 1871 2819 invenire
1889 2806 1907 2832 ,

323 2849 459 2904 sicut
483 2860 662 2920 gratus
689 2864 874 2906 servus
905 2867 1011 2907 non
1041 2854 1231 2923 quaerit
1260 2854 1470 2910 curiose
1487 2855 1699 2910 modum
1722 2872 1906 2912 eorum

322 2952 443 3009 qua:
488 2938 652 3008 ﬁunt,
704 2941 796 2996 sed
838 2941 1092 3012 relinquit
1135 2942 1654 3011 incomprehensibili
1698 2946 1906 3001 Domini

320 3028 693 3098 providentiae,
724 3039 777 3085 et
813 3016 1035 3086 credidit
1081 3032 1255 3087 dictis.
1296 3032 1496 3089 Idcirco
1526 3036 1694 3105 inquit
1726 3054 1739 3090 :
1773 3036 1910 3091 Sara

323 3129 512 3185 autem,
542 3128 663 3188 post
706 3127 879 3176 tantas
923 3123 1327 3191 promissiones,
1352 3141 1452 3178 non
1482 3128 1672 3195 peperit
1693 3128 1758 3181 ei.
1798 3125 1910 3181 Ha-

312 3207 463 3262 ‘bebat
491 3219 659 3263 autem
683 3212 920 3265 ancillam
952 3211 1273 3282 Egyptiam,
1294 3215 1375 3267 cui
1401 3230 1581 3269 nomen
1606 3216 1761 3286 Agar.
1790 3216 1906 3271 Non

329 3299 535 3369 absque
569 3316 729 3355 causa
756 3302 915 3355 etiam
954 3302 1057 3356 hoc
1081 3303 1201 3357 loco
1247 3305 1518 3373 Scriptura
1547 3303 1725 3361 divina
1756 3308 1908 3362 nobis

324 3391 530 3445 ancilla:
551 3391 861 3446 memoriam
886 3392 1029 3460 fecit,
1058 3393 1151 3448 sed
1180 3406 1235 3448 ut
1259 3396 1488 3449 sciamus
1509 3396 1646 3451 unde
1664 3396 1911 3453 habuerit

326 3480 491 3536 illam.
525 3481 659 3536 Nam
685 3481 883 3538 idcirco
909 3482 1103 3553 adjecit
1125 3500 1241 3539 eam
1265 3484 1567 3556 IEgyptiam
1585 3502 1724 3556 esse,
1757 3498 1813 3543 ut
1841 3490 1906 3544 ad

322 3576 654 3644 superiorem
683 3576 955 3632 historiam
985 3594 1353 3646 recurramus;
1381 3581 1519 3649 quod
1543 3596 1733 3652 nempe
1751 3582 1908 3639 fuerit

318 3681 392 3723 ex
421 3683 643 3724 numero
666 3684 850 3725 eorum
879 3686 995 3741 qua:
1010 3670 1215 3726 Pharao
1231 3671 1387 3726 Abrae
1407 3671 1717 3741 donaverat,
1740 3690 1910 3745 quan-

320 3758 397 3814 do
422 3770 565 3815 tanta
592 3761 794 3816 ultione
822 3760 891 3815 ab
915 3764 1151 3818 omnium
1182 3763 1289 3819 Deo
1307 3765 1505 3833 p0titus
1530 3776 1631 3833 est,
1660 3767 1907 3837 quodque

325 3847 603 3909 redeundo
632 3848 769 3906 hanc
815 3852 1082 3921 acceperit
1107 3852 1256 3908 Sara.
1296 3853 1543 3909 Studiose
1581 3857 1721 3910 enim
1753 3858 1907 3913 nobis

327 3948 383 3996 et
411 3955 605 3996 nomen
634 3950 688 3997 et
711 3951 922 4013 gentem
948 3943 1261 4013 signiﬁcavit
1287 3945 1463 4000 divina
1484 3946 1775 4016 Scriptura.
1804 3949 1907 4005 Ve-

324 4049 444 4089 rum
473 4034 693 4089 ulterius
714 4035 799 4090 hic
823 4036 1124 4102 considera,
1148 4036 1417 4106 quomodo
1442 4038 1588 4092 Sara:
1614 4055 1765 4094 mens
1791 4040 1908 4110 phi-

326 4126 613 4195 losophieis
641 4128 859 4197 prcedita
882 4127 1035 4181 fuerit
1054 4129 1312 4195 moribus,
1338 4136 1391 4182 et
1409 4130 1598 4184 mirum
1618 4133 1668 4185 in
1692 4133 1906 4190 modum

322 4217 617 4281 continens,
651 4226 808 4286 atque
836 4233 992 4287 quam
1015 4218 1172 4273 fuerit
1200 4218 1312 4289 ipse
1339 4221 1726 4289 patriarchailli
1746 4224 1905 4280 obse-

326 4321 496 4376 quens
522 4316 575 4361 et
600 4306 742 4362 dicto
771 4308 1010 4363 audiens.
1040 4308 1095 4362 2.
1121 4309 1262 4363 Dixit
1297 4320 1466 4365 autem
1494 4312 1630 4367 Sara
1650 4357 1665 4381 ,
1699 4315 1902 4386 inquit,

326 4399 473 4454 Alme
497 4401 549 4454 in
578 4410 710 4454 terra
752 4400 997 4455 Chanaan
1027 4417 1047 4457 :
1076 4400 1209 4455 Ecce
1236 4404 1479 4458 conclusit
1511 4422 1588 4459 me
1614 4406 1862 4463 Dominus
1885 4450 1901 4477 ,

326 4508 386 4546 ne
412 4507 681 4561 parerem:
709 4492 965 4561 ingredere
998 4493 1154 4562 igitur
1180 4494 1249 4547 ad
1278 4494 1517 4549 ancillam
1551 4513 1733 4566 meam,
1764 4508 1818 4553 ut
1843 4515 1909 4554 ea:

320 4602 386 4639 ea
412 4585 601 4653 prolem
631 4585 898 4654 suscipias.
954 4586 1089 4641 Vide
1117 4588 1356 4642 mulieris
1382 4590 1717 4658 probitatem.
1766 4590 1907 4648 Nihil

320 4676 428 4732 tale
454 4674 606 4743 dixit,
628 4676 785 4746 quale
811 4675 1043 4747 posthaec
1064 4676 1261 4731 Rachel
1293 4678 1462 4747 inquit
1491 4679 1557 4733 ad
1586 4679 1752 4735 Jaeob
1781 4699 1795 4736 :
1825 4682 1908 4736 Da

321 4767 448 4821 milii
475 4767 645 4837 ﬁlios;
673 4768 872 4838 quodsi
912 4767 1095 4831 minus,
1128 4769 1317 4822 morior
1354 4785 1444 4838 ego
1490 4769 1642 4840 (Gen.
1686 4773 1777 4828 50.
1830 4775 1902 4843 Ι).

322 4858 432 4914 Sed
481 4858 606 4928 quid
644 4858 809 4914 dicit?
836 4857 967 4937 Ecce
1008 4856 1253 4912 conclusit
1292 4874 1370 4913 me
1405 4859 1681 4927 Dominus,
1710 4879 1772 4916 ne
1810 4881 1905 4933 pa-

319 4966 506 5004 rerem.
562 4951 629 5006 Et
672 4952 817 5021 quia.
872 4950 1058 5021 inquit,
1111 4950 1349 5007 sterilem
1400 4968 1487 5009 me
1534 4952 1659 5009 fecit
1705 4965 1906 5012 natura:

317 5043 602 5113 Conditor,
630 5053 684 5099 et
709 5043 933 5113 privavit
962 5059 1047 5098 me
1077 5043 1303 5099 ﬁliorum
1324 5047 1693 5116 procreatione
1713 5090 1727 5113 ,
1757 5059 1813 5103 ut
1839 5065 1905 5105 ne

321 5143 544 5204 propter
568 5150 742 5190 meam
767 5134 1099 5189 sterilitatem
1120 5177 1133 5198 ,
1158 5149 1279 5190 cum
1310 5137 1359 5191 in
1378 5146 1673 5193 extremam
1694 5140 1905 5195 veneris

322 5232 613 5289 senectam,
644 5232 826 5292 postea
852 5239 1071 5279 maneas
1097 5224 1297 5295 absque
1323 5226 1521 5291 liberis,
1539 5225 1813 5299 Ingredere
1836 5230 1904 5283 ad

323 5313 570 5369 ancillam
601 5329 783 5378 meam,
812 5323 865 5367 ut
903 5331 965 5369 ex
994 5332 1053 5368 ea
1078 5315 1212 5384 ﬁlios
1244 5332 1492 5385 procrces.
1535 5316 1801 5388 Multiplex
1851 5329 1905 5374 et

325 5405 608 5461 inetl'ahilis
633 5404 869 5460 mulieris
890 5407 1145 5476 probitas.
1177 5407 1306 5473 Qum
1345 5408 1487 5462 enim
1516 5424 1766 5479 umquam
1795 5426 1905 5466 mu-

322 5496 421 5552 ﬁer
462 5494 570 5550 hoc
619 5494 905 5549 sustineret
955 5494 1164 5561 facere,
1194 5496 1280 5551 vel
1324 5498 1437 5555 viro
1482 5500 1780 5570 consulere,
1820 5501 1903 5558 vel

320 5584 527 5643 ancillae
550 5585 817 5658 conjugali
849 5596 968 5643 toro
988 5585 1182 5645 cedere
1206 5587 1230 5643 2

1071 183 1126 239 S.
1167 180 1445 237 JOANNIS
1480 174 1954 237 CHRYSOSTOHI
1997 171 2312 232 ARCHIEP.
2350 167 2885 228 CONSTANTINOP.

3497 172 3610 228 552

2090 282 2340 338 2.Vidisti
2371 281 2637 353 quomodo
2667 281 2734 335 ab
2769 281 2912 336 omni
2946 280 3226 338 allectione
3250 281 3449 338 fuerint
3473 286 3613 341 alie-

2020 376 2115 429 ni?
2139 373 2283 429 Unus
2310 383 2424 429 erat
2443 375 2521 430 eis
2549 388 2762 444 scapus,
2787 390 2852 429 ne
2875 375 3076 445 absque
3104 375 3422 431 liberishinc
3442 377 3611 432 dece-

2015 466 2205 522 derent
2230 484 2245 532 ;
2275 467 2368 523 sed
2393 468 2705 538 spectabant
2727 467 2994 538 quomodo
3022 469 3182 523 etiam
3219 469 3366 525 illinc
3404 484 3608 524 conso-

2017 558 2270 614 lationem
2296 560 2633 628 acquirerent
2652 600 2667 625 ,
2695 568 2749 613 et
2774 559 3140 615 iudissolubile
3163 560 3307 629 pacis
3335 561 3612 616 vinculum

2019 660 2315 705 servarent.
2368 651 2600 706 Observa
2639 651 2783 705 enim
2837 650 2923 705 hic
2976 650 3292 720 patriarcha:
3343 650 3610 721 insignem

2014 742 2417 807 continentiam,
2432 740 2902 810 admirabilemque
2921 741 3404 798 mansuetudinem.
3420 742 3612 813 Neque

2016 834 2158 887 enim
2181 832 2420 902 asperior
2447 831 2545 886 fuit
2574 833 2745 896 uxori,
2779 832 2917 902 quod
2961 832 3159 887 liberos
3200 848 3304 886 non
3356 832 3606 901 haberet,

2016 933 2073 979 ut
2106 925 2416 994 insipientes
2443 925 2717 990 nonnulli;
2751 940 2924 995 neque
2943 940 3094 979 amor
3122 926 3238 995 ejus
3264 942 3389 996 erga
3414 928 3610 984 mulie-

2015 1030 2130 1070 rem
2157 1015 2463 1070 imminutus
2493 1028 2593 1070 eSt.
2627 1015 2787 1071 Scitis
2812 1016 2974 1083 enim,
3003 1018 3159 1087 plane
3208 1018 3356 1073 scitis
3403 1021 3607 1075 multos

2016 1107 2153 1162 hanc
2179 1107 2514 1177 potissimum
2545 1108 2614 1162 ob
2643 1123 2856 1163 causam
2884 1108 3133 1163 mulieres
3149 1108 3439 1179 despicere,
3463 1113 3603 1167 sicut

2014 1198 2083 1253 ob
2106 1199 2426 1253 contrariam
2450 1197 2720 1255 adamare.
2769 1198 3062 1268 Utrumque
3093 1199 3283 1254 stolide
3308 1210 3362 1255 et
3402 1202 3604 1271 impru-

2014 1289 2202 1345 denter
2228 1299 2412 1359 agunt,
2442 1292 2530 1361 qui
2555 1292 2807 1347 uxoribus
2831 1292 3486 1349 adscribuntsterilitatem
3514 1297 3602 1350 vel

2014 1380 2409 1447 fecunditatem,
2438 1382 2587 1452 quasi
2634 1384 2933 1438 nescientes
2985 1400 3013 1437 a
3066 1395 3267 1443 natura:
3310 1384 3603 1445 Comlitore

2015 1471 2312 1540 dispensari
2368 1473 2635 1539 universa,
2664 1481 2719 1528 et
2770 1490 2942 1543 neque
2988 1476 3209 1543 coitum,
3230 1495 3403 1551 neque
3453 1480 3602 1535 aliud

2014 1564 2260 1633 quiddam
2295 1564 2359 1619 ad
2405 1566 2759 1636 procreandos
2802 1566 2995 1622 liberos
3044 1570 3286 1627 conferre
3312 1615 3327 1640 ,
3359 1574 3458 1628 nisi
3502 1589 3603 1629 co-

2016 1665 2266 1722 operetur
2292 1670 2481 1711 manus
2508 1671 2757 1726 superna,
2789 1674 2906 1729 quae
2938 1668 3176 1715 naturam
3208 1662 3273 1716 ad
3316 1680 3604 1733 procrean-

2014 1746 2141 1801 dum
2166 1748 2383 1803 excitet.
2417 1748 2546 1815 Quae
2572 1764 2695 1804 cum
2722 1752 2887 1819 probe
2916 1762 3093 1807 nosset
3108 1753 3283 1823 justus
3312 1756 3418 1822 ille,
3437 1759 3602 1812 uxori

2013 1838 2346 1893 sterilitatem
2376 1854 2480 1893 nou
2514 1840 2807 1909 imputabat
2840 1860 2854 1897 :
2885 1842 2978 1897 sed
3016 1856 3399 1913 congruentem
3427 1848 3603 1902 hono-

2012 1944 2126 1984 rem
2154 1944 2366 2000 semper
2389 1931 2437 1985 ei
2475 1931 2757 1986 tribuebat.
2786 1932 2958 2002 Atque
2979 1934 3113 1988 hanc
3142 1936 3211 1990 ob
3230 1951 3443 1991 causam
3484 1939 3605 2008 ipsa

2013 2022 2069 2076 in
2108 2020 2266 2077 ofﬁcii
2296 2023 2463 2078 vicem
2486 2065 2499 2087 ,
2530 2024 2821 2094 volensque
2852 2025 3124 2081 declarare
3170 2037 3368 2098 quanto
3414 2044 3603 2086 amore

2011 2128 2134 2185 erga
2161 2115 2329 2169 virum
2354 2115 2643 2184 afﬁciatur,
2676 2131 2781 2171 non
2812 2117 2953 2187 quod
2992 2120 3073 2174 sui
3101 2120 3263 2188 ipsius
3293 2130 3443 2186 erat,
3469 2138 3601 2191 spe-

2011 2208 2207 2274 ctabat,
2238 2208 2330 2264 sed
2353 2209 2620 2279 quomodo
2647 2209 2721 2264 illi
2751 2211 3168 2267 consolationem
3195 2214 3476 2283 quamdam
3503 2231 3598 2268 or-

2011 2299 2191 2354 bitatis
2243 2301 2537 2356 liberorum
2587 2303 2959 2372 excogitaret,
3005 2307 3155 2375 quasi
3202 2307 3445 2363 manibus
3486 2310 3602 2363 suis

2011 2401 2283 2461 acceptam
2304 2393 2533 2461 puellam
2555 2392 2853 2465 Egyptiam
2879 2395 2931 2449 in
2958 2395 3152 2451 lectum
3173 2413 3328 2453 suum
3352 2399 3554 2455 induxit
3580 2419 3596 2458 :

2010 2481 2138 2551 quin
2166 2491 2221 2537 et
2244 2483 2421 2538 verbis
2451 2484 2579 2555 ipsis
2604 2485 2859 2551 ostendit,
2883 2500 2985 2556 qua
3007 2486 3074 2541 de
3096 2501 3253 2543 causa
3278 2488 3331 2543 id
3353 2488 3597 2557 faciat,et

2012 2574 2131 2642 quis
2173 2574 2289 2644 ejus
2332 2575 2403 2630 sit
2432 2590 2645 2646 seopus.
2691 2575 2825 2644 Quia
2856 2591 2990 2647 ego,
3020 2577 3227 2647 inquit,
3256 2579 3458 2635 inutilis
3486 2582 3597 2636 visa

2011 2681 2153 2732 sum,
2189 2676 2244 2721 et
2277 2667 2343 2722 ad
2371 2668 2733 2737 gent-randum
2763 2682 2866 2723 non
2904 2668 3096 2724 idonea
3128 2668 3421 2725 :Conclusit
3453 2674 3598 2728 enim

2011 2773 2092 2810 me
2131 2755 2403 2824 Dominus,
2431 2774 2493 2811 ne
2544 2774 2790 2828 parerem.
2812 2757 2943 2813 Vide
2981 2759 3293 2828 prudentem
3341 2762 3597 2828 animam,

2011 2848 2277 2918 quomodo
2328 2849 2458 2903 nihil
2506 2863 2753 2918 aSperum
2800 2849 3064 2919 loquitur,
3110 2852 3441 2908 sterilitatem
3490 2869 3597 2909 non

2011 2940 2253 3010 deplorat
2282 2959 2296 2995 :
2323 2940 2417 2996 sed
2443 2941 2614 2995 solum
2654 2940 2754 2995 hoc
2784 2940 2936 2995 nobis
2979 2941 3253 2998 declarare
3278 2944 3427 3006 vult,
3455 2946 3599 3013 quod

2012 3042 2215 3087 naturae
2237 3031 2463 3086 Domino
2492 3030 2666 3100 upiﬁei
2699 3030 2800 3086 hoc
2829 3031 3141 3087 adscribens
3162 3074 3175 3096 ,
3208 3032 3395 3089 leniter
3421 3043 3473 3087 et
3497 3050 3599 3103 ge-

2011 3136 2205 3178 nerose
2232 3120 2386 3187 l'erat,
2420 3121 2621 3175 malens
2647 3120 2786 3189 quod
2816 3120 2927 3176 Deo
2951 3121 3224 3190 placebat,
3263 3137 3418 3192 quam
3453 3124 3599 3193 quod

2012 3213 2125 3283 ipsa
2150 3212 2586 3282 concupiscebat,
2619 3222 2671 3268 et
2699 3213 2799 3268 hoc
2826 3230 2986 3269 unum
3013 3223 3261 3283 spectans
3286 3257 3301 3283 ,
3333 3225 3389 3270 ut
3424 3219 3599 3271 virum

2011 3303 2292 3359 solaretur.
2355 3303 2615 3371 Quoniam
2635 3344 2650 3371 ,
2679 3305 2882 3374 inquit,
2915 3304 3162 3359 Dominus
3196 3322 3274 3359 me
3315 3308 3593 3372 conclusit,

2011 3410 2075 3447 ne
2094 3409 2338 3462 parerem.
2362 3393 2569 3460 Quanta
2607 3393 2765 3463 hujus
2803 3395 2950 3449 verbi
2989 3395 3259 3466 emphasis
3293 3398 3411 3451 est?
3437 3412 3599 3468 quam

2012 3486 2330 3542 ineﬁ'abilem
2350 3485 2583 3541 ostendit
2614 3487 2708 3542 Dei
2753 3488 3040 3557 potentiam
3087 3499 3139 3543 et
3170 3488 3599 3557 providentiam?

2010 3576 2172 3646 Quasi
2198 3576 2401 3631 diceret
2430 3595 2441 3630 :
2473 3576 2621 3633 Sicut
2650 3592 2751 3633 nos
2778 3580 3048 3649 aperimus
3077 3587 3131 3635 et
3168 3579 3465 3636 claudimas
3500 3580 3597 3637 do-

2010 3683 2178 3732 mum,
2212 3667 2281 3722 ita
2324 3677 2378 3723 et
2430 3667 2688 3723 Dominus
2727 3669 2779 3723 in
2828 3678 3015 3724 natura
3063 3681 3331 3740 operatur,
3391 3682 3445 3727 et
3495 3687 3597 3727 suo

2010 3767 2278 3830 prmceplo
2306 3758 2524 3826 claudit,
2552 3768 2606 3814 et
2632 3760 2826 3815 iterum
2854 3761 3067 3831 quando
3098 3764 3209 3817 vult
3234 3764 3425 3833 aperit,
3448 3765 3596 3834 etju-

2011 3849 2101 3905 bet
2129 3857 2368 3903 naturam
2396 3849 2536 3921 quod
2575 3864 2731 3905 suum
2768 3859 2851 3906 est
2880 3840 3109 3922 operari.
3146 3853 3408 3921 Quoniam
3438 3856 3596 3926 igitur

2013 3939 2267 3995 Conclusit
2324 3957 2403 3995 me
2446 3940 2694 3996 Dominus
2717 3982 2733 4009 ,
2790 3959 2853 3997 ne
2904 3960 3166 4013 parerem,
3226 3945 3485 4015 ingredere
3528 3948 3598 4000 ad

2010 4031 2250 4085 ancillam
2275 4048 2466 4098 meam,
2497 4044 2552 4086 ut
2604 4048 2667 4087 ea:
2714 4049 2773 4088 ea
2809 4034 3001 4104 prolem
3044 4052 3291 4106 procrees.
3345 4037 3467 4092 Scio
3509 4054 3597 4093 me

2011 4124 2254 4178 orbitatis
2280 4138 2495 4179 causam
2533 4138 2685 4189 esse;
2716 4136 2993 4195 propterea
3035 4127 3158 4184 nolo
3185 4137 3237 4182 te
3265 4129 3475 4198 privare
3502 4130 3597 4185 illo

2012 4215 2224 4269 solatio.
2249 4215 2516 4271 Fortassis
2544 4224 2719 4271 autem
2748 4216 2909 4271 etiam
2936 4218 3302 4287 suspicabatur
3322 4220 3451 4276 Sara
3484 4230 3593 4276 ste-

2012 4306 2261 4361 rilitatem
2290 4307 2431 4361 illam
2459 4321 2563 4361 non
2609 4322 2639 4362 a
2677 4323 2736 4363 se
2761 4309 2872 4364 sola
2901 4324 3020 4365 esse
3045 4352 3061 4374 ,
3094 4310 3188 4365 sed
3213 4312 3374 4367 etiam
3403 4328 3468 4368 ex
3497 4328 3593 4383 pa-

2013 4397 2241 4452 triarcha
2273 4412 2289 4452 :
2317 4397 2438 4452 ideo
2463 4397 2650 4453 volens
2674 4408 2823 4454 certo
2847 4400 3212 4469 experimento
3247 4402 3299 4455 id
3328 4403 3591 4473 comperi-

2012 4501 2092 4554 re,
2123 4488 2329 4542 ancillas
2349 4488 2512 4554 cedit,
2542 4496 2597 4544 et
2624 4489 2768 4543 illam
2788 4490 2840 4543 in
2866 4489 3060 4545 lectum
3089 4492 3229 4547 illius
3252 4492 3419 4557 ducit,
3450 4503 3507 4549 ut
3536 4511 3593 4550 re

2012 4578 2123 4648 ipsa
2151 4578 2321 4633 discat
2346 4594 2413 4633 an
2440 4578 2549 4634 sola
2572 4579 2641 4634 sit
2659 4581 2712 4634 in
2738 4595 2923 4647 causa,
2946 4582 3155 4652 sibique
3179 4583 3278 4637 solt
3305 4584 3374 4639 sit
3397 4584 3593 4639 adscri-

2012 4668 2185 4724 benda
2214 4669 2487 4724 sterilitas.
2537 4669 2767 4724 Obediuit
2819 4681 3008 4737 autem,
3042 4672 3230 4742 inquit,
3258 4673 3445 4727 Abram
3488 4677 3593 4729 voci

2012 4759 2179 4814 Saraa.
2207 4759 2389 4829 Magna
2411 4760 2539 4829 justi
2568 4761 2916 4832 philosophia.
2948 4762 3002 4816 Id
3029 4763 3172 4817 enim
3192 4765 3333 4834 quod
3349 4765 3474 4831 dixi,
3496 4764 3596 4821 hoc

2010 4857 2064 4903 et
2085 4865 2225 4904 nunc
2251 4849 2371 4905 dico
2402 4866 2417 4903 :
2447 4850 2597 4905 illum
2627 4867 2733 4905 non
2764 4852 2995 4921 priorem
3026 4854 3127 4907 hoc
3148 4854 3425 4909 consilium
3450 4857 3596 4912 iniis-

2011 4955 2089 5005 se,
2122 4942 2366 5011 quamvis
2397 4941 2449 4996 in
2497 4952 2736 4997 extrema
2786 4952 3061 4999 senectute
3109 4954 3287 5013 esset,
3316 4957 3370 5002 et
3398 4964 3536 5003 nunc
3565 4966 3596 5003 a

2011 5029 2141 5086 Sara
2162 5032 2489 5087 admonitum
2518 5043 2762 5104 prompte
2808 5035 3129 5104 obedivisse,
3178 5046 3235 5092 ut
3280 5037 3497 5094 doceret
3539 5056 3596 5094 se

2012 5135 2116 5175 non
2147 5137 2211 5177 ex
2239 5123 2665 5193 concupiscentia
2696 5123 2778 5178 vel
2816 5125 3033 5180 libidine
3062 5128 3315 5197 congredi
3352 5144 3472 5183 cum
3506 5129 3590 5182 illa

2013 5214 2263 5281 voluisse,
2283 5216 2376 5270 sed
2399 5224 2455 5270 ut
2492 5215 2714 5270 seminis
2743 5216 3068 5287 relinqueret
3092 5218 3505 5275 successionem.
3538 5221 3590 5274 5.

2013 5305 2078 5360 Et
2099 5307 2213 5360 tulit
2242 5308 2377 5362 Sara
2400 5324 2528 5362 uxor
2565 5309 2717 5362 Abra:
2752 5309 2971 5380 Agarem
3011 5309 3318 5382 zEgypliam
3356 5315 3592 5367 ancillam

2011 5415 2154 5477 suam
2176 5439 2191 5466 ,
2224 5408 2489 5469 postquam
2515 5399 2682 5453 decem
2712 5416 2872 5455 annos
2901 5401 3171 5457 habitasset
3218 5420 3332 5458 cum
3358 5407 3464 5459 uiro
3501 5423 3591 5462 suo

2009 5489 2062 5544 in
2083 5488 2373 5546 Chananwa
2393 5494 2472 5563 (a)
2499 5503 2545 5549 et
2566 5496 2702 5551 dedit
2722 5514 2834 5553 eam
2860 5498 3013 5553 Abrae
3037 5500 3141 5554 viro
3170 5517 3261 5555 suo
3281 5502 3333 5555 in
3360 5519 3593 5560 uxorem.

2076 5603 2151 5667 (a)
2182 5606 2264 5656 Hic
2286 5607 2469 5659 variant
2487 5607 2787 5674 exemplaria
2809 5612 3116 5674 septuaginta
3140 5618 3483 5679 tnterpretum,
3510 5617 3591 5667 ubi
