4020 6136
266 293 372 348 355

264 408 365 478 τῆς
398 405 617 478 Γραφῆς
653 406 751 475 τὴν
783 402 1068 476 ἀκρίϐειαν
1088 417 1101 431 ·
1141 401 1231 454 ἵνα
1254 399 1363 471 7&9
1394 397 1655 470 μάθωμεν
1695 397 1776 449 ὅτι
1812 394 1933 450 οὐδέ

272 494 409 565 μετά
445 493 514 546 τά
540 495 757 564 ῥήματα
784 488 1148 559 ταῦτα,”ἆπερ
1168 490 1202 559 ή
1225 487 1373 559 Σάρα
1400 485 1536 557 πρὸς
1567 482 1727 538 αὐτὸν
1750 483 1938 554 ἐποιή-

271 598 422 645 σατο,
462 577 769 650 ἐπεπήδησε
801 576 881 647 τῷ
937 575 1255 647 πράγματι,
1294 573 1382 627 διὰ
1426 569 1584 625 τοῦτό
1626 585 1790 641 φησι·
1825 569 1934 624 Καὶ

270 669 449 724 ἔλαϐε
468 665 628 734 Ed?“
656 667 694 733 ἠ
719 664 875 736 γυνή
897 666 1111 733 Ἅϐραμ
1127 662 1305 731 Ἅγαρ
1329 660 1446 728 τὴν
1465 659 1794 728 Αἰγυπτίαν
1822 656 1937 725 τὴν

272 755 490 826 ἑαυτῆς
519 755 879 824 παιδίσκην·
914 753 1195 825 μονονουχὶ
1232 749 1550 804 δεικνύουσα
1589 748 1718 818 ἡμῖν
1760 748 1794 817 ή
1816 745 1937 800 θεία

272 843 482 916 Γραφὴ,
510 843 592 896 ὅτι
624 841 722 912 τὴν
751 838 998 912 γαμετὴν
1026 836 1536 910 παραμυθούμενος.
1567 835 1663 887 καὶ
1697 831 1938 887 ὑπακοῦ-

275 949 363 986 σαι
393 928 567 1001 ταύτῃ
595 926 915 998 βουλόμενος
943 926 1004 980 τὸ
1031 926 1263 994 πρᾶγμα
1304 920 1641 986 κατεδέξατο.
1674 920 1790 974 Ἵνα
1826 918 1936 991 γὰρ

274 1018 451 1091 μάθῃς
476 1016 616 1089 μετά
638 1015 922 1087 ἀκριϐείας
942 1013 1036 1069 τοῦ
1069 1012 1410 1083 πατριάρχου
1448 1009 1548 1080 τὴν
1580 1008 1936 1081 σωφροσύνην

269 1108 364 1161 καὶ
390 1106 486 1177 τὴν
525 1101 964 1176 ὑπερϐάλλουσαν
1008 1099 1355 1171 ἐγκράτειαν,
1389 1096 1556 1168 φησί·
1594 1094 1757 1149 Μετὰ
1788 1094 1937 1148 δέκα

266 1197 371 1262 ἐτη
402 1193 512 1246 τοῦ
543 1188 907 1257 συνοικῆσαι
945 1188 1161 1256 Ἅϐραμ
1204 1183 1280 1250 τῷ
1324 1183 1493 1252 ἀνδρί
1526 1181 1716 1251 αὐτῆς
1751 1182 1821 1235 ἑν
1861 1181 1938 1252 γῇ

256 1264 533 1335 Χαναοίν.
562 1279 673 1347 Οὐχ
699 1276 885 1339 ἁπλῶς
910 1275 1031 1329 οὐδὲ
1062 1274 1152 1327 τὸν
1181 1273 1370 1344 χρόνον
1399 1271 1804 1342 ἐπεσημήνατο,
1822 1269 1936 1323 ἀλλ’

268 1369 355 1422 ἵνα
379 1366 575 1421 εἰδέναι
623 1363 857 1435 ἔχωμεν,
886 1362 945 1414 ἐν
986 1361 1175 1424 πόσοις
1208 1359 1382 1412 ἐτεσιν
1408 1360 1436 1411 6
1468 1358 1674 1421 δίκαιος
1709 1356 1938 1429 ἐκαρτέ-

268 1470 425 1526 ρησε,
459 1453 554 1505 καὶ
584 1449 847 1519 γενναίως
873 1448 971 1519 τὴν
1006 1446 1261 1501 ἀπαιδίαν
1295 1446 1515 1516 ήνεγκε,
1546 1445 1639 1497 καὶ
1672 1444 1938 1512 ἀνώτερος

267 1540 473 1603 παντὸς
494 1537 699 1601 πάθους
736 1534 1039 1606 τυγχάνων,
1084 1532 1283 1603 πολλὴν
1316 1531 1416 1603 τὴν
1449 1530 1801 1602 σωφροσύνην
1837 1531 1936 1583 ἐπ-

271 1626 540 1692 εδείξατο’
575 1625 667 1677 καὶ
693 1623 754 1677 οὐ
787 1620 944 1675 τοῦτο
971 1621 1153 1691 μόνον,
1181 1618 1295 1673 ἀλλ’
1331 1620 1419 1673 ἵνα
1454 1620 1549 1673 καὶ
1574 1619 1761 1690 ἕτερόν
1792 1635 1842 1671 τι
1875 1619 1938 1672 ἐκ

272 1715 465 1769 τούτου
490 1708 881 1783 μάθωμεν.Διὰ
909 1709 1016 1781 γὰρ
1040 1707 1197 1762 τοῦτο
1231 1705 1539 1780 προσέθηκε
1566 1723 1580 1737 °
1615 1705 1775 1761 Μετὰ
1792 1704 1939 1760 δέκα

273 1804 375 1869 ἐτη
417 1800 523 1854 τοῦ
560 1796 924 1865 συνοικῆσαι
967 1796 1192 1865 Ἀϐραμ
1226 1793 1307 1859 τῷ
1338 1793 1508 1862 ἆνόρί
1546 1793 1735 1859 αὐτῆς
1760 1792 1832 1847 ἐν
1862 1790 1940 1863 τῇ

272 1885 516 1943 Χαναὰν
535 1904 549 1919 ο
572 1887 634 1940 οὐ
671 1885 781 1956 γάρ
813 1884 987 1938 πάντα
1019 1882 1113 1935 τὸν
1142 1881 1331 1953 χρόνον
1353 1878 1446 1934 τοῦ
1483 1881 1814 1935 συνοικεσίου
1847 1880 1940 1935 νῦν

271 1977 403 2046 ἡμῖν
430 1971 744 2044 ἐγνώρισεν,
774 1968 909 2022 ἀλλὰ
934 1968 1024 2022 τὸν
1064 1969 1121 2020 ἐν
1161 1970 1224 2039 τῇ
1267 1966 1488 2021 Χαναὰν
1527 1967 1717 2040 χρόνον
1754 1967 1939 2032 αὐτοῖς

270 2061 634 2119 ἀναλωθέντα.
667 2061 822 2123 Τίνος
866 2059 1053 2113 ἕνεκεν
1087 2059 1182 2111 καὶ
1220 2057 1307 2111 διὰ
1332 2057 1416 2122 τίς
1459 2056 1673 2128 Ἐπειδὴ
1711 2057 1819 2128 γὰρ
1846 2057 1937 2109 εὐ-

273 2150 409 2213 θέως
430 2146 710 2202 ἐπιστάντι
727 2149 794 2219 τῇ
820 2145 1104 2217 Χαναναία
1128 2144 1489 2214 ἐπηγγείλατο
1506 2148 1534 2200 6
1563 2144 1939 2216 φιλάνθρωπος

274 2235 545 2306 Δεσπότης
594 2233 796 2303 λέγων·
827 2230 910 2298 Τῷ
939 2229 1236 2300 σπέρματί
1280 2246 1397 2286 σου
1429 2231 1541 2300 τὴν
1568 2229 1685 2300 γῆν
1716 2232 1941 2299 ταύτην

271 2324 473 2378 δώσω·
510 2321 606 2376 καὶ
639 2319 801 2374 πάλιν
836 2318 973 2389 μετὰ
1012 2316 1186 2372 ταῦτα
1235 2317 1329 2372 καὶ
1362 2316 1510 2383 ἅπαξ
1554 2320 1649 2372 καὶ
1690 2318 1941 2390 δεύτερον

271 2411 370 2474 τὶς
409 2406 729 2477 ὑποσχέσεις
774 2403 911 2477 πρὸς
941 2404 1102 2457 αὐτὸν
1140 2404 1457 2476 ἐποιήσατο,
1494 2405 1581 2457 ῖνα
1607 2403 1770 2475 γνῷς,
1806 2406 1943 2472 ἀγα-

271 2495 450 2568 πητὲ,
484 2496 542 2549 ἐν
590 2493 779 2555 πόσοις
811 2491 954 2544 ἔτεσι
990 2490 1475 2562 διαναϐαλλομένου
1507 2492 1601 2545 τοῦ
1647 2493 1939 2558 Δεσπότου,

274 2581 432 2655 [386]
461 2580 557 2635 καὶ
589 2578 754 2650 μηδὲν
780 2577 888 2631 τῶν
926 2578 1373 2647 ἐπαγγελθέντων
1398 2580 1478 2643 εἰς
1502 2578 1661 2650 ἔργον
1693 2578 1937 2648 ἀγοντος,

271 2674 302 2725 6
325 2670 531 2730 δίκαιος
556 2661 709 2730 οὗτος
749 2666 849 2720 οὐκ
881 2666 1207 2737 ἐταράττετο
1250 2666 1351 2737 τὴν
1377 2666 1624 2738 γνώμην,
1657 2666 1795 2721 ἀλλά
1832 2667 1943 2721 τῶν

272 2756 484 2812 οὐκείων
513 2751 790 2822 λογισμῶν
817 2752 1088 2823 προετίμα
1119 2753 1187 2805 τά
1215 2752 1367 2820 παρὰ
1399 2752 1495 2806 τοῦ
1530 2751 1664 2806 Θεοῦ
1687 2753 1941 2825 ρηθέντα.

270 2840 372 2896 Διὰ
392 2837 549 2894 τοῦτό
569 2850 722 2908 φησι,
735 2836 893 2890 Μετὰ
912 2834 1059 2889 δέκα
1081 2834 1185 2902 ἔτη
1211 2835 1316 2890 τοῦ
1339 2834 1701 2905 συνοικῆσαι
1724 2835 1944 2903 αὐτοὺς

269 2924 456 2997 ἐκγιῖ
505 2922 770 2979 Χαναὰν.
797 2918 947 2986 Εἶδες
980 2922 1158 2993 ψυχῆς
1209 2922 1487 2994 ἀνδρείαν,
1540 2921 1679 2989 εἶδες
1732 2924 1943 2996 γυμνά-

272 3030 387 3068 σιον
455 3011 772 3082 φιλοσοφίας
804 3049 821 3075 ,
879 3009 996 3074 πῶς
1067 3009 1524 3082 περιφανέστερον
1582 3011 1745 3067 αὐτὸν
1784 3011 1945 3082 ποιῆτ-

276 3119 365 3154 σαι
412 3098 732 3172 βουλόμενος
778 3098 807 3151 6
854 3098 1129 3168 Δεσπότης
1178 3096 1359 3168 μέλλει
1410 3100 1506 3152 καὶ
1550 3098 1943 3166 ἀναϐάλλεται;

283 3186 502 3257 Ἐπειδὴ
536 3185 647 3256 7&9
667 3184 889 3254 κήδεται
912 3182 1020 3237 τῶν
1050 3183 1215 3237 αὑτοῦ
1246 3182 1611 3256 θεραπόντων,
1635 3186 1732 3256 οὐχ
1760 3185 1945 3251 ἁπλῶς

271 3277 353 3338 εἰς
381 3272 578 3334 αὐτοὺς
607 3270 704 3334 τὰς
741 3269 1058 3339 εὐεργεσίας
1085 3268 1332 3339 βούλεται
1365 3271 1769 3336 κατατίθεσθαι,
1811 3271 1947 3326 ἀλλά

272 3361 370 3414 καὶ
393 3358 714 3428 περιφανεῖς
751 3356 949 3418 αὐτοὺς
978 3354 1271 3421 δεικνύναι,
1303 3358 1397 3410 καὶ
1428 3356 1523 3428 τὴν
1556 3357 1736 3411 πίστιν
1766 3359 1947 3414 αὐτῶν

274 3448 450 3503 ἅπασι
483 3443 783 3515 κατάδηλον
821 3445 994 3495 ποιεῖν
1024 3442 1292 3512 γίνεσθαι.
1326 3445 1388 3497 Εἰ
1416 3444 1525 3515 7&9
1555 3444 1754 3506 εὐθέως
1775 3447 1947 3516 ἐπαγ-

271 3532 593 3603 γειλάμενος
618 3529 694 3601 τῷ
725 3528 999 3601 σπέρματι
1029 3528 1191 3582 αὐτοῦ
1217 3529 1410 3584 δώσειν
1432 3529 1531 3602 τὴν
1560 3531 1685 3602 γῆν,
1714 3532 1945 3604 διήνοιξε

270 3620 371 3690 τῆς
408 3618 588 3691 Σάρας
620 3615 718 3688 τὴν
759 3617 996 3688 μήτραν,
1042 3617 1137 3670 καὶ
1174 3616 1274 3687 τὴν
1301 3616 1409 3670 τῶν
1451 3617 1653 3671 παίδων
1694 3619 1946 3692 διαδοχὴν

274 3705 424 3777 αὐτῷ
467 3704 779 3776 ἐχαρίσατο,
806 3701 930 3756 οὔτε
954 3701 1016 3756 τὸ
1058 3701 1242 3774 θαῦμα
1278 3702 1450 3768 οὕτως
1483 3703 1753 3759 ἐδείκνυτο
1780 3706 1943 3779 μέγα,

270 3792 395 3848 οὔτε
428 3793 462 3865 ή
493 3792 586 3847 τοῦ
631 3792 838 3846 δικαίου
882 3791 1064 3855 πίστις
1104 3792 1237 3846 πᾶσι
1280 3793 1586 3864 περιφανὴς
1628 3793 1941 3850 καθίστατο.

282 3881 347 3933 Ἦ
372 3879 473 3950 μὲν
514 3878 625 3950 γάρ
661 3877 754 3931 τοῦ
800 3877 934 3932 Θεοῦ
975 3877 1204 3948 δύναμις
1256 3879 1351 3933 καί
1399 3879 1521 3934 τότε
1567 3880 1699 3952 δήλη
1741 3880 1806 3935 ἂν
1841 3877 1940 3953 ἦν’

272 3965 542 4040 νεκρωθέν
569 3965 675 4037 γὰρ
700 3965 760 4019 τὸ
784 3967 1141 4038 ἐργαστήριον
1162 3965 1261 4036 τῆς
1282 3965 1494 4034 φύσεως
1510 4005 1524 4025 .
1558 3967 1652 4019 καὶ
1674 3967 1945 4038 ἄχρηστον

271 4055 492 4126 γεγονὸς
514 4055 648 4126 πρὸς
667 4053 1027 4117 παιδοποιίαν,
1061 4053 1278 4114 πάντως
1311 4050 1757 4123 αὐτδςτῷοἰκείῳ
1780 4069 1947 4125 προσ-

270 4144 521 4214 τάγματι
538 4141 699 4195 πάλιν
723 4140 1026 4209 ὲξωογόνει·
1058 4139 1172 4193 ἀλλ’
1196 4139 1297 4192 οὐκ
1320 4138 1386 4191 ἂν
1412 4137 1553 4191 οὕτω
1570 4138 1661 4192 τὸν
1685 4140 1946 4210 στέφανον

272 4228 571 4298 ἀνεδήσατο
599 4228 628 4280 6
660 4227 1022 4298 πατριάρχης,
1069 4225 1256 4297 ὥσπερ
1288 4227 1383 4280 νῦν
1421 4227 1480 4280 ἐν
1511 4226 1749 4297 τοσούτῳ
1781 4229 1944 4299 μήκει

272 4314 576 4387 χρόνουτῆς
591 4312 790 4385 ἀρετῆς
809 4312 971 4367 αὐτοῦ
994 4312 1441 4386 βασανιζομένης,
1458 4315 1552 4368 καὶ
1571 4313 1691 4368 καθ’
1709 4315 1944 4389 ἑκάστην

273 4406 497 4477 ἡμέραν.
515 4402 900 4475 λαμπροτέρας
926 4402 1236 4474 γινομένης.

345 4496 420 4559 γ’.
435 4490 546 4541 Καὶ
572 4490 659 4541 ἵνα
682 4487 858 4559 μάθῃς
877 4488 1034 4542 ὅτιού
1063 4488 1221 4560 μόνον
1235 4488 1541 4561 εὐεργετεῖν
1562 4489 1829 4562 βούλεται,
1850 4491 1945 4546 καί⁸

273 4575 373 4640 τὰς
394 4576 526 4645 παρ’
556 4572 746 4628 ἑαυτοῦ
773 4574 979 4644 δωρεὰς
1007 4574 1288 4646 παρέχειν,
1320 4575 1432 4629 ἀλλ’
1467 4576 1587 4642 ἔθος
1612 4577 1760 4650 αὐτῷ
1787 4578 1945 4632 τοῦτο

273 4664 372 4718 καὶ
419 4663 547 4726 τοὺς
597 4658 799 4724 ταύτας
843 4659 1162 4730 δεχομένους
1211 4664 1699 4735 περιφανεστέρους
1740 4664 1944 4720 ἐθέλειν

274 4752 468 4830 ποιεῖν,
493 4749 597 4819 δρα
626 4746 787 4801 αὐτὸν
818 4746 914 4799 καὶ
957 4745 1050 4799 ἐπὶ
1075 4745 1173 4816 τῆς
1199 4747 1509 4811 Χαναναίας
1536 4749 1695 4803 τοῦτο
1718 4750 1946 4822 διαπρα-

277 4838 530 4907 ξάμενον,
567 4835 661 4890 καὶ
687 4834 774 4889 διά
795 4831 954 4886 τοῦτο
985 4831 1244 4904 μέλλοντα
1268 4835 1364 4886 καὶ
1389 4833 1830 4905 ὑπερτιθέμενον,
1857 4837 1944 4892 ἵνα

279 4925 356 4994 μὴ
384 4923 546 4994 μόνον
570 4922 669 4994 τὴν
701 4922 915 4990 αἴτησιν
944 4919 1129 4991 ἐκείνῃ
1162 4920 1441 4993 παράσχῃ,
1470 4920 1605 4974 ἀλλά
1645 4923 1738 4975 καὶ
1774 4924 1943 4996 αὐτὴν

275 5013 356 5074 εἰς
381 5012 560 5065 πᾶσαν
585 5012 684 5081 τὴν
713 5007 1035 5078 οἰκουμένην
1061 5007 1357 5077 κατάδηλον
1379 5006 1698 5078 ἐργάζηται.
1730 5009 1943 5084 Ἐπειδὴ

274 5093 387 5163 γάρ
410 5091 721 5164 προσῆλθεν.
753 5089 1071 5144 ἱκετεύουσα
1096 5090 1187 5142 καί
1223 5090 1453 5158 λέγουσα
1472 5105 1485 5120 ’
1531 5090 1825 5160 Ἐλέησόν
1845 5110 1941 5163 με,

276 5181 473 5249 Κύριε,
499 5181 587 5235 ὅτι
625 5182 664 5249 ἡ
696 5179 955 5249 θυγάτηρ
983 5196 1102 5248 μου
1143 5178 1338 5244 κακῶς
1367 5178 1786 5253 δαιμονίζεται·
1822 5181 1946 5237 οὐτε

275 5263 623 5336 ἀποκρίσεως
652 5263 820 5334 αὐτὴν
853 5263 995 5329 ἀξιοῖ
1018 5270 1041 5292 ⁸
1066 5264 1094 5316 ὁ
1118 5260 1495 5331 εὖσπλαγχνος
1524 5262 1620 5316 καὶ
1644 5263 1945 5336 φιλάνθρω-

275 5369 399 5416 πος,
428 5351 522 5405 καὶ
557 5350 645 5404 ἀεὶ
670 5349 769 5413 τὰς
798 5351 1041 5422 αἰτήσεις
1070 5349 1227 5421 ἡμῶν
1255 5350 1599 5421 προφθάνων.
1632 5352 1741 5406 Καὶ
1765 5354 1813 5406 οἰ
1849 5354 1946 5423 μὲν

279 5439 518 5512 μαθηταὶ
547 5438 646 5492 οὐκ
675 5436 873 5501 εἰδότες
900 5437 960 5490 τὸ
994 5436 1187 5507 μέλλον
1215 5436 1457 5500 ἔσεσθαι,
1488 5440 1581 5492 καὶ
1607 5440 1689 5494 ὅτι
1724 5440 1948 5512 κηδόμε-

274 5543 364 5590 νος
391 5525 493 5592 τῆς
519 5522 794 5593 γυναικὸς,
816 5522 911 5576 καὶ
932 5521 993 5575 οὐ
1025 5520 1346 5592 βουλόμενος
1365 5521 1535 5591 αὐτῆς
1559 5524 1648 5579 τὸν
1670 5523 1942 5596 θησαυρὸν

284 5640 537 5719 ’,ι-Βινὶι.
562 5645 614 5691 et
647 5652 738 5690 sex
778 5652 892 5690 mss.
926 5638 1074 5695 αὐτὴν
1109 5637 1326 5695 ἠξίωσεν,
1357 5638 1527 5691 Morel.
1573 5647 1624 5692 et
1668 5640 1753 5692 alii
1795 5644 1939 5703 αὐτὴν

275 5716 394 5756 αξιοι
401 5732 423 5748 ι

1087 286 1143 344 S.
1181 285 1299 340 JOA
1311 283 1465 338 RN13
1502 278 1939 337 C‘HRYSOSTOI

2076 279 2348 336 RCHIEP.
2387 278 2521 335 CON
2531 276 2932 334 STANTINOP.

3604 274 3713 329 534

2038 396 2367 469 κεκρύφθαι.
2395 394 2482 448 διὰ
2504 393 2661 448 τούτο
2685 394 2783 448 οὐκ
2804 392 3181 463 ἀποκρίνεται,
3205 391 3279 456 ὡς
3307 389 3465 464 δῆθεν
3499 407 3719 462 συμπα-

2037 482 2303 556 θέστεροι,
2321 482 2706 556 προσελθόντες
2727 483 3069 554 παρεκάλουν
3088 481 3250 537 αὐτὸν
3266 479 3539 550 λέγοντες,
3555 480 3719 536 Ἀπόο

2035 575 2234 627 λυσαν
2248 574 2358 626 αὐτ
2368 573 2467 641 ὴν,
2487 571 2574 625 ὅτι
2603 568 2796 641 κράζει
2817 569 3069 624 ὄπισθεν
3089 568 3277 639 ἡμῶν,
3298 569 3583 640 μονονουχὶ
3598 567 3714 621 δει-

2037 659 2280 723 κνύντες,
2297 661 2382 713 ὅτι
2396 660 2496 713 οὐκ
2526 659 2609 713 ἔτι
2624 660 2878 731 φέρουσιν
2902 658 3072 730 αὐτῆς
3086 657 3188 728 τὴν
3209 655 3525 727 ἐπάχθειαν.
3544 655 3719 711 Ἀπέ-

2035 753 2237 803 λυσον
2263 750 2370 819 γὰρ
2402 747 2618 815 αὐτὴν,
2647 748 2831 816 φασὶν,
2853 747 2956 801 οὐκ
2983 745 3170 819 ἐπειδὴ
3205 744 3512 809 κατώδυνός
3536 745 3712 809 ἐστιν,

2037 839 2156 892 οὐδὲ
2201 838 2389 911 ἐπειδὴ
2417 840 2451 910 ή
2494 839 2709 908 αἴτησις
2734 835 2905 908 αὐτῆς
2943 834 3182 904 εὔλογος,
3212 834 3328 889 ἀλλ’
3355 832 3483 890 Ὀτι
3516 832 3721 903 κράᾱι

2039 926 2290 982 ὄπισθεν
2310 925 2575 995 ήμῶν.Τί
2600 921 2692 980 οὖν
2715 927 2743 979 6
2764 924 3075 996 Δεοιτότηςς
3100 923 3428 994 Βουλόμενος
3452 923 3721 993 κάκείνης

2037 1015 2129 1069 τὸν
2145 1014 2415 1086 θησαυρὸν
2430 1013 2572 1068 κατὰ
2590 1013 2783 1085 μικρὸν
2798 1010 3121 1081 ἐκκαλύψαι,
3137 1011 3229 1064 καὶ
3244 1010 3466 1073 τούτους
3478 1009 3721 1075 διδάξαι,

2039 1103 2162 1157 ὅσον
2182 1102 2459 1155 λείπονται
2487 1100 2584 1172 τῆς
2605 1099 2770 1154 αὐτοῦ
2796 1098 3222 1171 φιλανθρωπίας,
3238 1097 3530 1168 ἀπόκρισιν
3550 1099 3718 1150 ποιεῖ-

2038 1207 2129 1242 ται
2152 1187 2339 1259 ἱκανὴν
2361 1183 2524 1265 οὖσαν
2546 1189 2805 1256 κάκείνης
2840 1186 3095 1258 πηρῶσαι
3127 1185 3219 1239 τὸν
3246 1184 3527 1256 λογισμὸν,
3552 1185 3599 1236 εἰ
3634 1185 3715 1254 μὴ

2043 1275 2444 1346 συντεταμένην
2483 1270 2595 1346 εἶχε
2625 1275 2723 1345 τήν
2758 1274 3015 1335 διάνοιαν,
3051 1273 3142 1327 καὶ
3177 1272 3368 1337 ζέοντα
3397 1273 3490 1326 τὸν
3524 1272 3717 1334 πόθον,

2040 1365 2136 1417 καὶ
2167 1363 2265 1432 τὴν
2303 1361 2613 1434 προθυμίαν
2656 1361 3038 1433 ἀκμάζουσαν,
3082 1359 3368 1423 κάκείνους
3407 1359 3718 1430 ἀποστῆσαι

2040 1449 2143 1520 τῆς
2170 1450 2311 1521 ὑπὲρ
2347 1449 2520 1519 αὐτῆς
2555 1448 2851 1521 ἱκετηρίας.
2895 1450 3017 1502 Οὐκ
3050 1445 3405 1514 ἀπεστάλην
3441 1444 3572 1516 γάρ,
3608 1462 3720 1513 φη-

2044 1537 2148 1607 σὶν,
2191 1539 2244 1591 εἰ
2286 1536 2373 1607 μὴ
2423 1538 2510 1601 είς
2562 1535 2635 1590 τὰ
2677 1536 2941 1605 πρόϐατα
2996 1533 3069 1588 τὰ
3124 1534 3481 1590 ἀπολωλότα
3539 1533 3719 1586 οἴκου

2054 1622 2322 1693 Ἰσραήλ.
2348 1623 2520 1677 Τοῦτο
2546 1623 2789 1687 ἐκείνους
2813 1623 2910 1694 μὲν
2937 1622 3213 1693 ἀπέστησε
3251 1619 3341 1674 τοῦ
3376 1619 3721 1690 παρακαλεῖν

2044 1712 2183 1783 ὑπὲρ
2224 1710 2326 1781 τῆς
2359 1712 2635 1779 γυναικὸς,
2670 1709 2886 1781 ἐκείνην
2908 1709 2965 1764 δὲ
2992 1709 3357 1781 ὀκνηροτέραν
3388 1709 3486 1762 οὐκ
3527 1707 3723 1778 εἰργά-

2046 1815 2196 1861 σατο,
2214 1797 2349 1851 ἀλλά
2368 1799 2462 1851 καὶ
2487 1796 2686 1868 μᾶλλον
2704 1796 3011 1851 ἐπικεῖσθαι
3042 1785 3439 1868 παρεσκεύασε.
3460 1794 3721 1848 Τοιοῦτον

2042 1885 2150 1957 7&9
2179 1887 2212 1955 ή
2239 1883 2548 1956 ὀδυνωμένη
2577 1883 2743 1956 ψυχὴ,
2768 1885 2862 1938 καὶ
2893 1884 3032 1954 μετά
3062 1882 3271 1956 θερμῆς
3299 1883 3402 1954 τῆς
3420 1882 3722 1947 διαθέσεως

2045 1971 2377 2043 προσιοῦσαι
2415 1971 2550 2043 πρὸς
2595 1972 2748 2027 οὐδὲν
2784 1971 3174 2043 ἐπιστρέφεται
3212 1971 3321 2025 τῶν
3370 1970 3719 2042 λεγομένων,

2044 2059 2158 2114 ἀλλ’
2194 2058 2252 2112 ἐν
2288 2059 2447 2129 μόνον
2480 2061 2690 2124 σκοπεῖ,
2717 2059 2867 2122 ὅπως
2895 2058 3127 2132 ἐπιτύχῃ
3164 2056 3273 2111 τῶν
3298 2055 3452 2129 [⁸5871
3482 2056 3720 2110 σπουδα-

2048 2148 2321 2220 ζομένων⁸
2370 2149 2506 2220 ὅπερ
2549 2149 2645 2202 καὶ
2696 2147 2832 2220 αὕτη
2882 2147 3202 2219 πεποίηκεν.
3252 2145 3560 2200 ’Δκούσασα
3608 2146 3723 2215 7&9

2046 2237 2240 2302 ταῦτα,
2270 2237 2432 2292 πάλιν
2465 2237 2649 2307 φησὶν,
2686 2236 3159 2304 Πωσεκύνησεν
3196 2234 3385 2289 αὑτὸν
3409 2234 3716 2303 λέγουσιν

2060 2324 2346 2394 Ἐλέησόν
2368 2341 2467 2394 με,
2503 2323 2703 2394 Κύριε.
2732 2324 2885 2396 ᾜδει
2911 2322 3008 2377 τοῦ
3032 2322 3297 2376 Δεσπότου
3318 2321 3417 2393 τήν
3440 2320 3720 2390 εὐσπλαγ-

2044 2411 2219 2482 χνίαν,
2243 2412 2339 2467 καὶ
2362 2411 2452 2465 διὰ
2471 2410 2630 2464 τοῦτο
2650 2409 2817 2481 πολλῇ
2840 2411 3105 2482 κέχρηται
3132 2412 3201 2481 τῇ
3231 2409 3542 2481 προσεδρίᾳ.
3575 2409 3723 2462 Ἀλλ’

2045 2499 2145 2569 ὅρα
2162 2497 2320 2552 πάλιν
2340 2497 2431 2551 τὸν
2461 2498 2623 2567 σοφὸν
2654 2496 2748 2550 καὶ
2764 2496 3070 2567 εὐμήχανον
3092 2514 3103 2526 -
3123 2495 3243 2549 οὐδὲ
3261 2495 3435 2559 οὕτως
3455 2494 3721 2560 ἐπινεύει,

2044 2583 2182 2639 ἀλλά
2211 2585 2307 2637 καὶ
2344 2583 2704 2654 σφοδροτέραν
2733 2584 2829 2637 καὶ
2855 2582 3192 2654 τραχυτέραν
3218 2584 3455 2636 ποιεῖται
3481 2582 3720 2653 ἀπόκρι-

2048 2670 2316 2742 σιν.⁹ῌδει
2335 2670 2443 2742 γάρ
2460 2669 2558 2741 τὴν
2584 2668 2834 2740 ἀνδρείαν
2850 2668 2949 2739 τῆς
2963 2669 3236 2737 γυναικὸς,
3252 2668 3347 2723 καὶ
3374 2668 3618 2722 ἐϐούλετο
3639 2668 3722 2739 μὴ

2046 2758 2412 2813 λανθάνουσαν
2445 2758 2615 2828 αὐτὴν
2655 2756 2909 2822 δέξασθαι
2941 2756 3042 2828 τὴν
3087 2757 3428 2827 εὐεργεσίαν,
3456 2756 3590 2810 άλλά
3621 2759 3723 2811 καὶ

2045 2846 2173 2909 τοὺς
2196 2844 2440 2917 μαθητάς
2473 2845 2538 2897 ἐκ
2563 2844 2662 2915 τῆς
2689 2843 2970 2909 ἐκϐάσεως
2994 2843 3185 2914 μαθεῖν
3209 2844 3309 2915 τῆς
3335 2844 3722 2915 μακροθυμίας

2047 2931 2213 2986 αὐτοῦ
2238 2931 2335 3003 τὴν
2359 2932 2560 2995 αἰτίαν,
2582 2935 2675 2984 καὶ
2703 2933 2829 2995 τοὺς
2856 2931 3049 2995 ἄλλους
3071 2930 3316 2996 ἅπαντας
3340 2931 3719 3002 παιδευθῆναι,

2046 3018 2146 3090 ὅση
2178 3019 2277 3090 τῆς
2301 3018 2626 3091 προσεδρίας
2658 3019 2691 3089 ή
2721 3020 2893 3088 ἰσχὺς,
2923 3018 3018 3072 καὶ
3044 3019 3140 3089 τῆς
3174 3019 3429 3089 γυναικὸς
3456 3021 3490 3090 ή
3520 3019 3720 3090 ἀρετή.

2046 3103 2185 3172 Φησὶ
2229 3102 2367 3174 γάρ·
2412 3105 2535 3156 Οὐκ
2583 3101 2716 3155 ἔστι
2763 3101 2956 3156 καλὸν
2986 3102 3192 3157 λαϐεῖν
3236 3103 3340 3157 τὸν
3383 3102 3565 3171 ἄρτον
3599 3100 3725 3157 τῶν

2047 3188 2308 3254 τέκνων,
2360 3188 2458 3243 καὶ
2505 3188 2727 3253 ,ϐαλεῖν
2764 3188 2891 3254 τοῖς
2939 3191 3262 3257 κυναρίοις.
3306 3189 3571 3245 Ἐνταῦοά
3625 3210 3723 3264 μοι

2050 3277 2239 3329 σκόπει
2268 3275 2366 3346 τῆς
2394 3274 2651 3343 γυναικὸς
2672 3273 2760 3328 τὸν
2786 3276 2956 3342 τόνον,
2988 3276 3105 3339 πῶς
3132 3276 3208 3348 τῷ
3241 3277 3426 3349 θερμῷ
3455 3280 3554 3350 τῆς
3586 3297 3724 3352 προ-

2049 3360 2249 3432 θυμίας
2291 3360 2698 3433 πεπυρωμένη,
2735 3361 2829 3414 καὶ
2874 3365 2939 3433 τῇ
2988 3362 3169 3416 πίστει
3199 3365 3264 3435 τῇ
3318 3366 3397 3428 εἰς
3445 3365 3538 3419 τὸν
3586 3366 3727 3420 Θεὸν

2048 3447 2425 3519 ἐπτερωμένη.
2468 3448 2563 3500 καὶ
2594 3448 2662 3501 τά
2694 3447 2976 3519 σπλάγχνα
3008 3449 3167 3515 αὐτὰ,
3195 3449 3269 3514 ὡς
3304 3452 3498 3517 εἰπεῖν,
3532 3453 3722 3506 διακο-

2050 3534 2314 3605 πτομένη,
2345 3535 2440 3587 καὶ
2461 3533 2660 3607 πολλὴν
2686 3535 2812 3605 περὶ
2837 3535 2935 3605 τὴν
2956 3536 3230 3608 θυγατέρα
3256 3537 3356 3609 τὴν
3377 3538 3726 3609 συμπάθειαν

2048 3621 2264 3692 ἔχουσα,
2286 3622 2405 3675 οὐδέ
2438 3622 2838 3695 ἀποστρέφεται
2859 3622 2953 3677 τοῦ
2984 3624 3225 3696 ῥήματος
3251 3625 3350 3699 τήν
3381 3625 3557 3698 ὓϐριν,
3582 3626 3723 3681 ἀλλὰ

2048 3709 2303 3779 κυνάριον
2325 3707 2603 3762 ἀκούσασα
2619 3709 2992 3781 καταδέχεται,
3015 3711 3266 3782 ὁμολογεῖ
3279 3712 3533 3784 κυνάριον
3554 3708 3718 3779 εἶναι,

2049 3795 2138 3850 ἵνα
2165 3794 2452 3866 ἀπαλλαγῇ
2481 3796 2579 3866 τῆς
2611 3796 2720 3850 τῶν
2754 3798 2933 3852 κυνῶν
2966 3797 3212 3867 ἀλογίας,
3244 3799 3339 3853 καὶ
3371 3800 3452 3864 εἰς
3476 3801 3575 3871 τὴν
3611 3802 3721 3855 τῶν

2048 3884 2180 3937 υἰῶν
2210 3883 2364 3951 τάξιν
2401 3884 2595 3955 ἀθρόον
2624 3884 2939 3958 ἐναρίθμιος
2966 3887 3211 3957 γένηται.
3234 3888 3498 3943 Ἄκουσον
3529 3888 3723 3942 λοιπὸν

2046 3970 2118 4024 τὰ
2154 3969 2307 4042 παρὰ
2350 3971 2450 4041 τῆς
2486 3972 2763 4040 γυναικὸς,
2803 3973 2889 4027 ῖνα
2931 3973 3109 4046 μάθῃς
3146 3974 3269 4028 ὅσον
3310 3974 3410 4047 τῆς
3446 3973 3540 4029 τοῦ
3579 3974 3728 4030 Θεοῦ.

2051 4058 2430 4131 μακροθυμίας
2461 4059 2522 4112 :6
2547 4059 2736 4131 κέρδος
2768 4061 3007 4130 γέγονεν.
3039 4063 3111 4116 υύ
3150 4062 3310 4133 μόνον
3336 4062 3446 4134 γὰρ
3478 4062 3579 4116 οὐκ
3611 4064 3723 4117 άπ-

2048 4145 2242 4218 έστησε
2279 4146 2341 4200 τὸ
2382 4145 2604 4216 γύναιον
2648 4150 2682 4219 ή
2723 4149 2831 4202 τῶν
2868 4149 3175 4221 εἰρημένων
3204 4150 3341 4221 πρὸς
3376 4150 3545 4221 αὐτὴν
3583 4167 3719 4220 σφορ

2054 4235 2281 4308 δρότης,
2323 4234 2456 4290 ἀλλὰ
2487 4237 2746 4309 καὶπρὸς
2793 4236 3014 4292 πλείονα
3055 4239 3363 4310 προθυμίαν
3407 4237 3729 4310 διήγειρενοΔ

2055 4322 2238 4392 ἐπειδὴ
2266 4322 2373 4394 γὰρ
2402 4324 2599 4395 ἤκουσε
2619 4324 2778 4378 ταυτὶ
2796 4325 2867 4379 τά
2888 4325 3129 4395 ῥήματα.
3158 4326 3289 4398 φησί
3310 4344 3326 4360 θ
3350 4328 3485 4393 Ναί,
3510 4329 3688 4398 Κύριε
3700 4346 3727 4362 οι

2047 4408 2147 4464 καί
2179 4410 2289 4480 γὰρ
2314 4410 2386 4465 τὰ
2421 4411 2675 4480 κυνάρια
2706 4411 2895 4467 ἐσθίει
2922 4412 3041 4466 ἀπὸ
3073 4411 3193 4468 τῶν
3226 4415 3449 4483 ψιχίων
3481 4415 3597 4470 τῶν
3624 4429 3727 4470 πι-

2047 4498 2316 4551 πτόντων
2334 4497 2453 4553 ἀπὸ
2484 4498 2596 4567 τῆς
2620 4498 2907 4568 τραπέζης
2934 4498 3055 4554 τῶν
3085 4503 3310 4571 κιτρίων
3328 4501 3548 4562 αὐτῶν.

2117 4580 2272 4648 Εἶδες
2295 4585 2439 4650 τίνος
2471 4586 2655 4640 ἕνεκεν
2696 4585 2858 4658 μέχρι
2889 4586 2984 4641 τοῦ
3013 4589 3278 4659 παρόντος
3306 4591 3409 4659 τὴν
3442 4594 3726 4666 μακροθυο

2052 4672 2179 4742 μίαν
2206 4672 2549 4739 ἐπεδείξατο;
2575 4674 2690 4727 Ἵνα
2729 4674 2820 4729 διὰ
2865 4675 2974 4729 τῶν
3014 4676 3277 4748 ῥημάτων
3317 4678 3419 4749 τῆς
3457 4682 3720 4748 γυναικὸς

2052 4758 2314 4830 μάθωμεν
2341 4761 2512 4832 αὐτῆς
2547 4761 2646 4832 τῆς
2675 4763 2912 4825 πίστεως
2939 4763 3041 4835 τὴν
3079 4764 3402 4837 ὑπερϐολήν.
3432 4767 3574 4839 Ὅρα
3606 4770 3720 4838 γὰρ

2049 4846 2167 4910 πῶς
2198 4846 2400 4911 εὐθέως
2428 4848 2598 4919 αὐτὴν
2625 4849 2957 4922 άνεκήρυξεν
2990 4852 3020 4904 6
3056 4852 3335 4923 Δεσπότης
3364 4856 3459 4908 καὶ
3486 4857 3720 4924 ἐστεφάο

2047 4950 2206 4999 νωσε,
2232 4933 2403 5002 λέγων
2424 4950 2437 4964 ’
2462 4931 2538 4991 Ὦ
2574 4938 2777 5005 γύναι,
2810 4938 3043 5009 μεγάλη
3077 4956 3195 4994 σου
3230 4939 3269 5008 ἠ
3306 4944 3530 5010 πίστις.
3560 4945 3720 5001 Μετά

2049 5020 2373 5092 θαυμασμοῦ
2409 5023 2501 5075 καὶ
2543 5024 2832 5093 ἐγκωμίων
2871 5026 3166 5099 ἀπέπεμψε
3197 5028 3296 5100 τὴν
3328 5032 3451 5085 οὐδὲ
3486 5033 3723 5104 ἀποκρί-

2049 5125 2186 5173 σεως
2206 5110 2335 5180 παρ’
2362 5110 2525 5164 αὐτοῦ
2547 5113 2603 5165 ἐν
2628 5114 2932 5185 προοιμίοις
2954 5114 3293 5179 ἀξιωθεῖσαν.
3314 5119 3555 5188 Μεγάλη
3575 5137 3721 5187 σου,

2049 5197 2233 5266 φησὶν,
2256 5197 2294 5264 ἠ
2330 5199 2552 5266 πίστις.
2583 5201 2694 5253 Καὶ
2718 5202 2827 5273 γὰρ
2847 5197 2914 5273 ἦν
2945 5204 3115 5270 ὅντως
3148 5206 3385 5280 μεγάλη,
3413 5208 3501 5267 διὰ
3534 5209 3598 5262 τὸ
3621 5211 3721 5264 καὶ

2048 5282 2195 5347 ἅπαξ
2217 5285 2308 5338 καὶ
2333 5286 2581 5358 δεύτερον
2601 5289 2692 5342 καὶ
2722 5289 2980 5354 πολλάκις
3001 5292 3212 5364 ὁρῶσαν
3231 5296 3556 5351 ἀνανεύοντα
3580 5295 3729 5369 πρὸς

2047 5370 2148 5456 τήν
2185 5372 2416 5456 αἴτησιν,
2457 5374 2531 5446 μὴ
2563 5375 2853 5447 ναρκῆσαι,
2892 5380 3027 5452 μηδὲ
3061 5383 3436 5454 ἀποπηδῆσαι.
3472 5383 3611 5439 ἀλλὰ
3637 5384 3722 5456 τῷ

2048 5453 2186 5523 τόνῳ
2202 5454 2300 5526 τῆς
2323 5457 2643 5529 προσεδρίας
2662 5460 3059 5518 ἐκκαλέσασθαι
3086 5465 3179 5518 καὶ
3200 5453 3616 5538 παρασκευάσαι
3635 5453 3719 5530 εἰς

2050 5551 2225 5621 περας
2256 5539 2481 5607 ἀγαγεῖν
2500 5540 2570 5594 τὰ
2597 5542 2906 5614 αἰτηθέντα.
2924 5546 3240 5615 Γενηθήτω
3254 5548 3364 5620 γάρ
3385 5564 3505 5615 σοι,
3529 5550 3717 5621 φησὶν,

2156 5621 2379 5716 θέλεις.
2424 5622 2596 5716 Είδες,
2697 5628 2958 5716 πρότερον
2994 5630 3129 5701 μηδὲ
3166 5618 3513 5702 ἀποκρίσεως
3542 5618 3728 5702 αὐτὴν

2054 5704 2240 5769 ἀξιῶν,
2286 5704 2402 5770 πῶς
2430 5706 2525 5763 νῦν
2560 5708 2921 5782 φιλοτιμεῖται
2966 5718 3086 5779 ταῖς
3114 5716 3373 5787 δωρεαῖςς
3421 5716 3559 5772 Οὐδέ
3606 5715 3716 5787 γὰρ
