4020 6136
501 161 604 191 ,ε-

509 181 530 191 νν.
552 181 604 191 ει-

501 181 606 216 Oili)

502 279 760 343 Attende,
815 278 1070 344 obsecro,
1117 275 1402 345 Scriptura:
1432 273 1801 344 diligentiam:
1839 281 1895 326 ut
1936 272 2076 326 enim

495 372 763 425 discamus
790 370 934 424 illum
952 382 1056 424 non
1089 384 1208 422 mox
1237 376 1358 437 post
1386 366 1499 420 haec
1526 365 1684 420 verba
1711 379 1828 434 quae
1856 363 1922 418 ad
1956 378 2077 417 eum

496 461 629 516 dixit
678 459 830 523 Sara,
856 460 908 514 in
953 474 1086 529 opus
1134 457 1466 528 prosiluisse,
1497 456 1617 512 ideo
1668 455 1798 510 dicit
1827 473 1841 509 :
1871 453 1938 509 Et
1964 454 2079 508 tulit

496 553 629 608 Sara
676 569 806 606 umor
833 551 982 606 Abraz
1007 551 1223 623 Agarem
1257 549 1559 620 Egyptiam
1603 547 1838 602 ancillam
1884 563 2027 602 suam
2059 562 2078 600 :

454 627 456 630 ’
491 643 642 710 queis
661 642 961 697 subindicat
987 642 1139 696 nobis
1168 641 1438 710 Scriptura
1479 640 1661 694 divina
1687 655 1807 694 eum
1841 654 2064 693 uxorem

488 748 642 788 suam
667 733 1082 796 consolaturum,
1105 741 1158 786 et
1183 733 1232 787 ci
1256 732 1475 802 obsequi
1497 732 1782 794 volentem,
1808 729 1944 785 hanc
1959 744 2073 785 rem

492 822 705 880 fecisse.
739 823 872 878 Nam
903 833 958 878 ut
983 823 1258 878 evidenter
1286 824 1422 877 scias
1453 820 1764 891 patriarcha:
1790 821 2072 876 continen-

490 918 614 967 tiam
638 922 692 970 ct
719 914 965 968 eximiam
997 913 1401 983 temperantiam
1428 955 1441 978 ,
1473 913 1600 966 dicit
1634 928 1648 966 :
1681 911 1955 981 Postquam
1981 911 2069 964 de-

487 1022 595 1059 cem
624 1007 770 1060 annis
805 1006 1073 1060 habitasset
1125 1020 1237 1058 cum
1288 1005 1508 1058 Abramo
1559 1005 1664 1056 viro
1702 1019 1795 1058 suo
1839 1004 1891 1057 in
1938 1012 2071 1056 terra

484 1094 748 1152 Chanaan.
777 1097 894 1151 Non
923 1097 1124 1166 absque
1152 1111 1310 1150 causa
1336 1105 1542 1164 tempus
1567 1096 1873 1164 assignavit,
1894 1093 1988 1149 sed
2012 1102 2070 1149 ut

486 1189 623 1243 scire
651 1189 915 1257 possimus
939 1196 1068 1257 quot
1093 1187 1246 1241 annis
1272 1187 1448 1256 justus
1475 1185 1684 1241 fortiter
1709 1185 2066 1240 infecundita-

485 1289 589 1333 tem
623 1281 818 1344 tulerit,
849 1289 903 1334 et
929 1279 1204 1333 affectibus
1235 1278 1482 1347 superior
1503 1291 1746 1348 magnam
1766 1276 2067 1332 exhibuerit

481 1372 859 1426 continentiam
893 1388 908 1425 :
943 1388 1111 1442 neque
1141 1371 1242 1427 hac
1261 1373 1458 1436 solum,
1481 1371 1574 1427 sed
1603 1380 1657 1426 ut
1678 1381 1730 1426 ct
1751 1369 1891 1425 aliud
1915 1369 2065 1440 quid-

478 1461 599 1515 dam
645 1461 768 1517 inde
816 1462 1101 1518 discamus.
1155 1462 1277 1518 Ideo
1324 1464 1468 1518 enim
1521 1461 1753 1531 adjecit:
1788 1459 2062 1530 Postquam

476 1555 644 1606 decem
665 1554 810 1607 annis
836 1553 1106 1608 habitasset
1128 1571 1243 1608 cum
1265 1553 1371 1608 viro
1399 1569 1491 1608 suo
1519 1552 1571 1606 in
1600 1561 1733 1606 terra
1773 1552 2015 1606 Chanaan
2044 1567 2062 1605 :

475 1659 581 1698 non
610 1643 751 1697 cnim
783 1658 942 1700 omne
963 1652 1171 1716 tempus
1196 1643 1602 1699 cohabitationis
1641 1641 1795 1697 nobis
1819 1641 2058 1696 declara-

474 1736 567 1800 vit,
591 1737 683 1792 sed
707 1736 836 1792 illud
857 1737 1028 1792 solum
1070 1736 1210 1808 quod
1251 1735 1304 1790 in
1350 1734 1646 1791 Chanantca
1687 1742 2057 1805 consumptum

472 1839 570 1884 est.
601 1829 775 1897 Quare
804 1830 904 1884 hoc
930 1870 945 1895 ,
977 1837 1030 1884 et
1058 1843 1217 1899 quam
1247 1828 1316 1882 ob
1341 1827 1605 1882 causam?
1634 1828 1764 1892 Quia
1796 1825 1973 1880 statim
2003 1834 2058 1879 ut

473 1921 614 1973 venit
634 1923 686 1974 in
704 1919 1080 1985 Chananteam,
1100 1919 1360 1989 benignus
1379 1918 1632 1972 Dominus
1650 1915 2054 1986 promissionem

469 2012 592 2066 fecit
622 2012 702 2066 his
731 2014 909 2068 verbis
938 2028 952 2065 :
988 2011 1185 2066 Semini
1211 2018 1297 2063 tuo
1321 2009 1450 2064 dabo
1476 2019 1661 2063 terram
1682 2009 1812 2061 hanc
1833 2023 1850 2061 :
1870 2015 1923 2061 et
1939 2014 2056 2076 post

469 2101 585 2157 hmc
614 2118 823 2172 quoque
851 2102 1018 2158 semel
1036 2111 1193 2171 atque
1214 2101 1404 2155 iterum
1429 2098 1806 2169 promissiones
1819 2097 2050 2168 repetiit,

469 2201 526 2246 nt
553 2192 723 2258 scias,
756 2193 987 2261 dilecte,
1015 2193 1257 2262 quamvis
1310 2198 1459 2246 tanto
1507 2199 1745 2258 tempore
1800 2188 2052 2244 Dominus

465 2284 747 2349 distulerit,
781 2294 835 2340 et
877 2285 1139 2354 promissa
1190 2300 1296 2339 non
1340 2283 1659 2352 impleverit,
1696 2282 2049 2352 patriarcham

465 2385 639 2430 tamen
684 2393 789 2431 non
822 2376 986 2432 fuisse
1033 2377 1219 2432 animo
1267 2376 1560 2441 turbatum,
1616 2375 1709 2430 sed
1754 2376 2050 2430 ratiociniis

463 2468 574 2521 suis
619 2468 794 2522 divina
825 2469 964 2524 dicta
1008 2469 1325 2539 praetulisse.
1385 2468 1672 2538 Propterea
1717 2467 1865 2534 dicit,
1905 2466 2050 2522 Post—

463 2574 612 2626 quam
640 2559 809 2612 decem
833 2576 995 2612 annos
1019 2559 1171 2612 simul
1200 2559 1508 2613 Itabitassent
1536 2559 1590 2612 in
1618 2567 1750 2611 terra
1779 2555 2044 2612 Chanaan.

465 2647 650 2702 \‘idisti
698 2649 900 2704 virilem
950 2649 1226 2704 animum?
1267 2649 1445 2703 vidisti
1498 2648 1850 2720 philoSOphia:
1893 2647 2049 2717 hujus

461 2740 935 2795 exercitationem?
975 2740 1244 2811 quomodo
1283 2740 1540 2795 Dominus
1597 2749 1655 2794 ut
1696 2754 1812 2793 eam
1865 2739 2050 2794 reddat

461 2831 822 2894 illustriorem,
849 2842 1023 2888 cesset
1051 2847 1114 2886 ac
1153 2831 1400 2887 differat?
1438 2831 1569 2886 Nam
1599 2831 1723 2901 quia
1761 2830 2045 2900 plurimum

458 2927 505 2979 ei
535 2941 677 2978 cura:
711 2937 829 2980 sunt
864 2925 1046 2980 famuli
1074 2925 1195 2990 sui,
1227 2940 1334 2979 non
1381 2925 1450 2978 ita
1501 2924 1814 2993 simpliciter
1863 2923 1915 2977 in
1953 2937 2047 2976 eos

457 3013 704 3070 conferre
729 3015 1004 3082 beneficia,
1034 3014 1129 3070 sed
1161 3014 1317 3070 simul
1339 3016 1498 3070 etiam
1516 3014 1830 3084 conSpicuos
1851 3012 2046 3069 redde-

459 3121 538 3168 re,
570 3105 836 3175 [itlemque
881 3105 1116 3176 ipsorum
1145 3106 1392 3161 omnibus
1417 3105 1692 3160 declarare
1741 3104 1948 3176 satagit.
1988 3103 2045 3159 Si

457 3197 598 3248 t‘lllln
617 3197 796 3250 statim
820 3205 875 3251 ut
897 3199 1138 3266 promisit
1159 3213 1216 3253 se
1241 3197 1490 3253 daturum
1513 3199 1832 3268 scminiejus
1844 3207 2041 3252 terram

459 3285 614 3350 hanc,
656 3287 949 3355 aperuisset
1001 3288 1146 3344 Sane
1197 3289 1430 3355 vulvam,
1473 3298 1528 3344 et
1576 3289 1774 3344 liberos
1809 3288 2045 3344 dedisset

455 3391 816 3445 successores,
847 3393 1018 3448 neque
1043 3389 1146 3433 tam
1168 3395 1416 3448 magnum
1455 3379 1786 3435 exhibuisset
1809 3379 2038 3433 miracu-

457 3470 585 3533 lum,
616 3486 789 3540 neque
818 3481 920 3526 tam
945 3472 1085 3528 clara
1112 3473 1252 3542 apud
1274 3487 1462 3528 omnes
1489 3473 1676 3528 fuisset
1700 3473 1826 3542 justi
1851 3473 2038 3526 virtus.

455 3558 634 3614 Virtus
663 3562 803 3616 enim
849 3562 940 3616 Dei
968 3571 1022 3616 et
1051 3571 1174 3616 tunc
1220 3562 1500 3618 manifesta
1554 3562 1767 3631 quidem
1820 3563 2039 3617 fuisset:

454 3665 577 3704 nam
609 3661 905 3706 emortuam
934 3661 1139 3707 natura:
1163 3653 1452 3717 officinam,
1482 3662 1535 3708 et
1565 3653 1801 3707 inutilem
1822 3654 1888 3707 ad
1914 3668 2039 3722 pro-

455 3742 713 3797 creandos
741 3743 880 3797 filios
911 3743 1122 3810 factam,
1158 3759 1254 3798 suo
1281 3753 1548 3812 prmcepto
1591 3743 1780 3797 iterum
1803 3753 2040 3814 vegetam

455 3834 669 3889 fecisset
699 3850 714 3889 :
745 3843 799 3888 at
821 3851 926 3889 non
953 3835 1023 3889 ita
1055 3849 1270 3888 suarum
1293 3834 1504 3888 laudum
1535 3849 1733 3889 corona
1759 3834 2040 3891 redimitus

456 3924 640 3979 fuisset
669 3925 990 3994 patriarcha,
1025 3933 1078 3978 ut
1108 3939 1250 3979 nunc
1273 3939 1396 3979 cum
1419 3932 1566 3979 tanto
1603 3935 1841 3994 tempore
1875 3925 2041 3994 ipsius

454 4018 675 4086 probata
699 4025 780 4073 est
809 4016 994 4080 virtus,
1025 4025 1079 4072 et
1105 4015 1342 4086 quotidie
1367 4015 1503 4071 facta
1531 4024 1613 4072 est
1640 4017 1859 4073 clarior.

522 4111 576 4166 5.
627 4110 693 4164 Et
720 4121 776 4164 ut
805 4110 942 4164 scias
988 4109 1151 4163 Deum
1183 4123 1288 4163 non
1319 4109 1493 4164 solum
1521 4109 1776 4164 beneficia
1803 4119 1858 4165 et
1901 4110 2039 4165 dona

452 4220 548 4258 sua
594 4203 839 4257 conferre
869 4203 1024 4266 velle,
1058 4201 1150 4257 sed
1180 4202 1390 4256 solitum
1441 4216 1560 4256 esse
1609 4200 1859 4256 beneficia
1889 4217 2039 4257 acce-

451 4307 639 4364 pturos
667 4295 891 4350 reddere
911 4295 1188 4362 clariores,
1219 4294 1339 4349 vide
1367 4294 1512 4348 illum
1545 4293 1647 4348 hoc
1674 4304 1722 4348 et
1757 4295 1806 4348 in
1835 4294 2040 4349 Chana-

454 4402 566 4443 ra~a
598 4387 684 4442 illa
718 4389 910 4454 facere,
943 4397 996 4441 et
1042 4387 1239 4441 idcirco
1265 4401 1476 4441 cessare
1503 4399 1563 4438 ac
1592 4383 1822 4450 diﬂerre,
1850 4394 1908 4440 ut
1934 4401 2038 4441 non

451 4477 622 4531 solum
655 4477 960 4548 petitionem
1003 4477 1142 4531 illius
1190 4476 1436 4531 exaudiat
1466 4475 1677 4546 (Matth.
1728 4472 1836 4546 15),
1869 4474 1960 4530 sed
1988 4484 2040 4530 et

453 4579 510 4624 ut
535 4570 678 4624 illam
710 4570 876 4640 ipsam
908 4569 960 4623 in
991 4577 1100 4623 toto
1120 4568 1247 4622 orbe
1268 4568 1530 4622 celebrem
1559 4566 1762 4621 reddat.
1792 4565 2042 4632 Quando-

449 4664 663 4732 quidem
703 4676 824 4716 cum
870 4660 1190 4730 supplicaret
1237 4674 1299 4714 ac
1339 4659 1536 4713 diceret
1568 4675 1583 4712 :
1616 4657 1857 4712 Miserere
1899 4658 2036 4724 mei,

453 4753 687 4819 Domine,
711 4755 827 4823 quia
857 4752 965 4821 ﬁlia
989 4768 1097 4804 mea
1120 4749 1251 4803 male
1268 4765 1298 4801 a
1319 4749 1567 4802 dtemonio
1591 4758 1845 4816 torquetur
1875 4747 2034 4810 (Ibid.

453 4860 498 4895 υ.
531 4841 626 4912 22)
669 4859 682 4893 :
717 4857 887 4910 neque
925 4855 1184 4910 reSponso
1220 4854 1339 4894 eam
1384 4838 1626 4908 dignatur
1653 4841 1957 4894 misericors
1983 4847 2040 4894 et

450 4931 900 4988 clementissimus
937 4932 1191 4986 Dominus
1230 4929 1342 5002 (a),
1371 4931 1563 5000 alioqui
1615 4946 1800 5000 preces
1830 4939 2038 4988 nostras

449 5037 666 5092 semper
695 5022 1045 5092 prmveniens.
1079 5023 1144 5076 Et
1193 5021 1433 5091 discipuli
1478 5021 1692 5092 quidem
1738 5021 2038 5076 nescientes

451 5113 580 5184 quid
624 5111 856 5167 futurum
887 5120 1049 5179 esset,
1097 5121 1150 5167 et
1167 5127 1296 5167 eum
1341 5128 1521 5168 curam
1567 5129 1724 5184 agere
1751 5114 2030 5178 mulieris,

455 5277 642 5349 legitur
661 5277 788 5347 μετὰ.
804 5279 919 5326 δέκα
940 5278 1020 5349 {tn
1039 5276 1126 5349 rei}
1167 5278 1603 5349 οἱκῆσαιρξᾉϐρᾳρ.
1629 5281 1676 5329 ἐν
1707 5287 1774 5349 ,γῇ
1817 5283 2024 5349 Χαναάγ.

455 5339 790 5400 tlhrysostomi
819 5353 934 5388 vero
955 5339 1222 5388 lectionem
1245 5353 1340 5388 non
1365 5339 1519 5389 fuisse
1556 5339 1861 5392 librariorum
1894 5343 2028 5394 ausi-

442 5401 548 5467 .hns
573 5408 880 5467 temeratam,
908 5401 1020 5449 hinc
1047 5401 1281 5467 liquidum
1309 5409 1405 5462 est,
1427 5403 1556 5465 quod
1587 5405 1759 5452 eadem
1792 5402 1893 5467 ipsa
1917 5403 2026 5456 sine

456 5462 740 5510 discrimine
767 5461 842 5522 bis
863 5460 1155 5522 repetantur
1180 5460 1320 5510 infra.

518 5522 590 5592 (tt)
620 5524 740 5592 Qum
764 5521 844 5572 hic
867 5521 937 5571 de,
955 5525 1223 5592 Chananzea
1243 5524 1492 5592 dicuntur,
1517 5524 1689 5592 eadem
1717 5522 1818 5587 ipsa
1852 5537 2026 5590 perse-

457 5587 628 5643 quitur
651 5584 1026 5647 Chrj'sostomu:
1046 5584 1227 5635 livtnil.
1259 5587 1317 5634 53
1343 5585 1391 5636 in
1422 5584 1719 5638 blatthtcam.

1424 157 1490 214 IN
1528 158 1680 215 CAP.
1722 153 1861 212 XVI.
1906 151 2152 210 GENES.
2196 154 2420 211 HOMIL.
2463 153 2748 212 XXXVII.

3673 171 3796 224 554..

2191 268 2441 339 nolleque
2467 270 2771 326 thesaurum
2817 271 2933 341 ejus
2962 273 3148 340 latere,
3177 283 3336 346 atque
3381 276 3500 333 ideo
3547 295 3651 335 non
3685 299 3772 338 re-

2186 359 2475 429 spondere,
2503 361 2652 430 quasi
2681 362 2884 431 majore
2911 365 3374 422 commiseratione
3403 367 3567 438 ducti,
3597 388 3791 429 πως-η

2183 459 2368 505 serunt
2410 460 2466 507 et
2505 453 2857 508 obsecrabant
2903 470 3026 510 eum
3068 455 3308 514 dicentes
3339 478 3352 514 :
3387 459 3591 519 Dimitte
3616 481 3725 519 eam
3754 509 3794 535 ,_

2181 545 2300 612 quia
2314 544 2621 615 clamatipost
2646 562 2737 600 nos
2754 545 2962 618 (Matth.
2987 549 3070 603 l5.
3091 548 3186 618 25)
3209 568 3221 602 :
3239 553 3387 619 quasi
3414 564 3792 614 monstrarent.

2182 649 2238 689 se
2257 633 2367 703 jam
2395 651 2502 691 non
2542 635 2682 693 ferre
2707 638 2847 693 illius
2876 640 3194 696 molestiam.
3224 641 3434 698 Dimitte
3455 647 3595 702 enim
3621 665 3731 704 eam
3755 694 3770 719 ,

2181 726 2446 796 inquiunt,
2477 744 2582 784 non
2623 730 2743 800 quia
2772 738 2877 784 tam
2905 747 3207 788 aerumnosa
3235 743 3337 802 est,
3368 751 3473 790 non
3503 737 3624 807 quia
3653 754 3755 809 pre.

2178 831 2270 873 ces
2296 818 2412 888 ejus
2442 821 2786 878 rationabiles
2813 831 2954 887 sunt,
2984 823 3078 880 sed
3109 825 3240 893 Quia
3280 827 3466 883 clamat
3515 841 3628 900 post
3656 850 3766 889 nos.

2179 908 2316 976 Quid
2362 910 2519 979 igitur
2549 911 2845 968 Dominus?
2876 913 3072 971 Volens
3100 925 3154 972 et
3183 917 3434 986 paulatim
3467 920 3610 974 illius
3657 923 3773 978 the-

2177 1015 2392 1058 Saurum
2444 1002 2724 1074 detegere,
2775 1013 2830 1060 et
2875 1006 3070 1062 decere
3116 1019 3369 1079 quantum
3416 1012 3674 1084 discipuli.
3702 1017 3769 1070 ab

2176 1091 2506 1150 humanitate
2552 1108 2645 1149 sua
2690 1097 2957 1164 abessent,
3007 1113 3319 1169 responsum
3367 1101 3478 1171 dat,
3527 1106 3671 1176 quod
3713 1117 3769 1164 et

2174 1186 2413 1241 mulieris
2443 1202 2713 1244 occaecare
2739 1198 2995 1255 mentem,
3021 1191 3122 1245 nisi
3144 1201 3288 1247 tanto
3310 1193 3492 1250 fuisset
3510 1211 3765 1254 succensa

2175 1279 2442 1335 desiderio
2493 1280 2870 1351 alacritateque
2928 1283 3214 1352 viguisset,
3262 1293 3318 1340 et
3363 1285 3652 1358 discipulos
3698 1291 3768 1346 ab

2174 1370 2601 1441 interpellatione
2649 1372 2923 1428 deterrere
2971 1375 3247 1444 potuisset.
3297 1375 3416 1432 Non
3459 1395 3573 1433 sum
3619 1380 3763 1436 enim
3853 1449 3861 1455 .

2169 1463 2368 1530 missus,
2404 1465 2608 1535 inquit,
2636 1465 2735 1519 nisi
2760 1466 2830 1520 ad
2859 1482 2974 1521 oves
3009 1467 3188 1524 domus
3215 1467 3401 1536 Israel,
3445 1486 3559 1540 qua:
3593 1473 3763 1542 perie-

2167 1564 2284 1610 runt
2311 1553 2472 1625 (Ibid.
2506 1572 2553 1611 υ.
2583 1554 2696 1628 24).
2727 1557 2792 1611 Et
2817 1557 2917 1613 hoc
2941 1558 3152 1628 quidem
3189 1559 3387 1615 dictum
3411 1561 3527 1616 illos
3553 1563 3764 1619 abster-

2166 1649 2294 1716 ruit,
2328 1663 2394 1703 ne
2424 1664 2522 1718 pro
2547 1648 2774 1705 muliere
2800 1649 3232 1716 intercederent;
3261 1650 3356 1706 sed
3387 1651 3526 1706 illam
3551 1656 3763 1723 segnio-

2165 1756 2278 1794 rem
2316 1756 2420 1794 non
2448 1737 2592 1805 fecit,
2625 1741 2733 1795 imo
2757 1740 2812 1795 in
2835 1755 2994 1796 causa
3019 1740 3114 1796 fuit
3145 1749 3202 1796 ut
3229 1743 3397 1813 magis
3421 1753 3657 1813 urgeret.
3684 1744 3758 1799 Ita

2162 1833 2302 1887 enim
2328 1847 2388 1889 se
2414 1832 2571 1889 habet
2599 1833 2776 1888 anima
2805 1833 3012 1899 dolens,
3042 1841 3098 1889 et
3122 1831 3350 1889 ferventi
3372 1834 3564 1891 affectu
3605 1851 3761 1892 acce-

2160 1922 2331 1977 dens:
2361 1923 2492 1978 nihil
2517 1924 2742 1979 attendit
2776 1938 2964 1980 eorum
3006 1939 3125 1995 quae
3150 1925 3436 1992 dicuntur;
3466 1924 3560 1981 sed
3580 1942 3754 1983 unum

2162 2014 2334 2070 διιιυιιι
2366 2022 2593 2082 Spectat,
2619 2014 2888 2084 quomodo
2919 2030 2980 2070 ea
3007 2030 3126 2086 quae
3168 2016 3268 2071 sibi
3294 2031 3437 2071 cura:
3466 2025 3592 2071 sunt
3613 2031 3760 2073 asse—

2159 2113 2351 2174 quatur
2381 2123 2395 2159 :
2429 2104 2478 2158 id
2505 2103 2645 2175 quod
2674 2113 2726 2160 et
2745 2106 2845 2160 ista
2873 2105 3014 2160 fecit.
3043 2105 3249 2160 Auditis
3264 2105 3409 2162 enim
3430 2105 3536 2172 his,
3566 2106 3764 2161 iterum

2162 2196 2349 2266 inquit,
2384 2196 2625 2250 Adoravit
2671 2212 2804 2262 eum,
2853 2197 3024 2250 dicens
3055 2212 3074 2250 :
3106 2196 3347 2251 Miserere
3394 2199 3510 2262 mei,
3544 2197 3761 2252 Domine

2159 2285 2320 2355 (Ibid.
2353 2301 2400 2340 υ.
2426 2285 2544 2357 25).
2581 2285 2792 2342 Sciebat
2816 2286 3028 2341 Domini
3073 2286 3512 2351 miscricordiam,
3545 2295 3600 2341 et
3630 2303 3756 2357 pro-

2157 2375 2282 2431 inde
2306 2391 2497 2447 magna
2529 2376 2844 2431 assiduitate
2873 2376 3137 2431 utebatur.
3165 2375 3270 2432 Sed
3314 2376 3434 2431 vide
3463 2377 3756 2447 sapientem

2157 2470 2306 2526 illum
2336 2481 2392 2526 et
2427 2469 2703 2536 solertem,
2751 2469 3021 2541 quomodo
3067 2483 3241 2538 neque
3279 2469 3356 2523 sic
3396 2477 3614 2534 annuat,
3658 2469 3755 2524 sed

2158 2562 2401 2633 asperius
2427 2569 2482 2617 et
2510 2561 2881 2618 vehementius
2911 2560 3053 2615 illam
3092 2559 3405 2615 concutiens
3435 2572 3753 2631 responsum

2153 2654 2261 2708 det.
2294 2651 2508 2708 Sciebat
2549 2653 2692 2707 enim
2744 2650 3108 2706 fortitudinem
3152 2649 3413 2714 mulieris,
3459 2658 3515 2704 et
3541 2649 3756 2705 volebat

2153 2759 2271 2798 eam
2303 2757 2408 2796 non
2437 2740 2647 2796 occulte
2674 2740 2919 2809 accipere
2947 2738 3301 2805 beneficium;
3331 2739 3400 2794 ita
3424 2749 3482 2794 ut
3506 2739 3753 2810 discipuli

2152 2834 2421 2889 discerent
2457 2849 2522 2888 ex
2565 2831 2705 2887 facto
2753 2831 3022 2886 dilationis
3063 2844 3300 2895 causam,
3331 2838 3386 2886 et
3431 2830 3519 2884 alii
3564 2845 3754 2885 omnes

2152 2925 2498 2989 docerentur,
2525 2929 2721 2992 quanta
2772 2920 2841 2976 sit
2889 2919 3218 2975 assiduitatis
3242 2927 3297 2974 et
3341 2919 3753 2989 perseverantiae

2159 3016 2410 3087 potentia,
2442 3024 2494 3070 et
2523 3014 2761 3070 mulieris
2791 3013 2979 3067 virtus.
3008 3011 3140 3067 Nam
3188 3011 3317 3067 dicit
3349 3029 3362 3065 :
3397 3011 3519 3066 Non
3559 3020 3629 3066 est
3666 3012 3754 3066 bo-

2153 3124 2273 3161 num
2305 3122 2501 3159 sumere
2538 3120 2718 3175 panem
2755 3104 2999 3173 ﬁliorum,
3031 3112 3078 3156 et
3106 3103 3320 3169 objicere
3347 3101 3556 3156 canibus
3584 3100 3745 3174 (Ibid.

2150 3216 2195 3254 υ.
2223 3198 2340 3269 26).
2387 3198 2504 3264 llic,
2538 3196 2782 3262 obsecro,
2816 3194 3179 3250 animadverte
3226 3193 3465 3248 mulieris
3494 3201 3749 3248 constan-

2149 3293 2298 3358 tiam,
2346 3297 2544 3360 quanta
2591 3288 2863 3342 alacritate
2912 3301 3172 3343 succensa
3225 3285 3401 3353 fuerit,
3454 3294 3650 3354 quanta
3694 3284 3749 3339 in

2150 3384 2207 3436 Dt
2227 3398 2314 3437 um
2342 3381 2444 3437 fide
2466 3380 2677 3435 incitata
2708 3379 2879 3439 fuerit,
2911 3392 3030 3433 cum
3054 3377 3264 3432 interim
3292 3375 3493 3430 viscera
3525 3375 3659 3444 ipsa,
3690 3384 3749 3430 ut

2149 3477 2216 3530 ita
2247 3475 2443 3539 (licam,
2492 3489 2599 3543 prae
2627 3472 2815 3527 dolore
2858 3471 3270 3532 dissecarentur,
3315 3476 3372 3524 et
3413 3469 3576 3522 multa
3621 3468 3749 3522 filia:

2146 3567 2613 3624 commiseratione
2643 3574 2914 3620 teneretur
2946 3580 2960 3616 :
2995 3578 3099 3617 non
3125 3571 3400 3617 aversatur
3419 3605 3434 3628 ,
3467 3577 3564 3616 nec
3603 3569 3747 3615 retro

2146 3659 2288 3716 cedit
2315 3659 2384 3714 ob
2404 3657 2549 3714 verbi
2571 3655 2947 3711 contumeliam
2972 3669 2987 3720 ;
3017 3653 3109 3708 sed
3133 3652 3313 3707 audito
3333 3653 3481 3706 canis
3506 3651 3744 3715 nomine,

2146 3752 2270 3808 boni
2320 3750 2567 3816 consulit,
2618 3759 2672 3804 et
2697 3747 2892 3803 fatetur
2919 3760 2979 3802 se
3008 3745 3282 3809 catellum,
3317 3753 3376 3799 ut
3402 3759 3432 3798 a
3463 3758 3653 3798 canum
3685 3743 3747 3797 li-

2147 3845 2362 3899 beretur
2410 3841 2644 3906 feritate,
2679 3848 2733 3894 et
2764 3840 2815 3892 in
2845 3838 3077 3893 filiorum
3115 3836 3292 3890 statim
3319 3835 3578 3905 allegatur
3602 3832 3748 3888 ordi-

2147 3952 2291 3992 nem.
2325 3934 2461 3990 Audi
2495 3932 2710 3987 tandem
2756 3929 2884 4001 quid
2930 3929 2997 3983 ad
3043 3927 3159 3983 haec
3205 3927 3400 3981 mulier
3443 3925 3660 3991 dixerit,
3689 3932 3747 3978 ut

2144 4027 2322 4082 discas
2349 4036 2605 4094 quantum
2634 4039 2698 4078 ex
2732 4021 3207 4091 procrastinatione
3254 4017 3346 4072 Dei
3377 4017 3581 4072 lucrum
3609 4031 3744 4071 con-

2143 4113 2382 4168 cedatur.
2415 4110 2530 4164 Non
2560 4108 2732 4163 solum
2759 4107 2902 4161 enim
2925 4121 3032 4159 non
3060 4103 3241 4173 abegit
3266 4101 3543 4156 mulierem
3571 4099 3744 4154 dicto-

2145 4220 2265 4259 rum
2291 4203 2573 4273 asperitas,
2602 4199 2697 4256 sed
2725 4200 2777 4254 in
2801 4198 3060 4268 majorem
3087 4194 3414 4250 alacritatem
3447 4191 3740 4246 excitavit:

2146 4310 2338 4364 nempe
2363 4301 2643 4364 postquam
2695 4289 2896 4345 audivit
2925 4287 3040 4342 haec
3069 4285 3251 4351 verba,
3281 4282 3449 4353 inquit
3484 4299 3496 4336 :
3531 4279 3740 4346 Etiam,

2150 4386 2398 4449 Domine;
2427 4399 2546 4437 nam
2588 4392 2634 4436 et
2674 4381 2843 4435 catelli
2870 4382 3022 4433 edunt
3073 4378 3135 4430 de
3163 4375 3306 4429 micis
3346 4389 3459 4444 qua:
3495 4372 3682 4426 cadunt
3711 4389 3744 4424 a

2146 4492 2318 4530 mensa
2346 4475 2670 4528 dominorum
2700 4487 2906 4526 suorum
2935 4469 3094 4540 (Ibid.
3119 4484 3166 4521 υ.
3199 4466 3312 4536 27).

2222 4567 2527 4623 Chanantm
2562 4565 2688 4634 ﬁdes
2714 4560 3238 4617 laudatum—Vidisti
3268 4573 3434 4629 quare
3463 4556 3738 4624 hucusque

2143 4657 2450 4715 distulerit?
2481 4656 2550 4712 Ut
2571 4671 2666 4727 per
2690 4654 2850 4709 verba
2872 4650 3112 4707 mulieris
3134 4649 3292 4705 fidem
3322 4648 3460 4702 illius
3488 4645 3737 4701 eximiam

2143 4753 2430 4807 discamus.
2486 4748 2613 4804 Vide
2654 4747 2798 4802 enim
2842 4743 3108 4816 quomodo
3152 4741 3328 4796 statim
3359 4755 3478 4794 eam
3509 4737 3741 4795 laudavit

2143 4856 2193 4901 et
2220 4843 2496 4900 coronavit
2539 4841 2796 4895 Dominus
2818 4879 2831 4900 .
2861 4838 3047 4892 dicens
3076 4851 3090 4890 :
3122 4832 3167 4888 0
3215 4833 3415 4899 mulier,
3446 4847 3630 4902 magna
3669 4839 3741 4885 est

2142 4941 2268 5008 ﬁdes
2297 4946 2383 4991 tua
2407 4934 2564 5008 (Ibid.
2592 4949 2641 4986 υ.
2659 4931 2775 5001 28).
2802 4929 2972 4996 Quam
3001 4924 3258 4998 principio
3279 4937 3452 4994 neque
3481 4935 3739 4991 responso

2141 5028 2479 5099 dignabatur,
2523 5039 2648 5080 cum
2703 5021 3053 5076 admiratione
3099 5025 3153 5073 ct
3207 5014 3452 5070 laudibus
3497 5013 3735 5068 ditniltit.

2143 5119 2358 5189 Magna,
2385 5115 2574 5185 inquit,
2605 5122 2678 5168 est
2699 5113 2825 5181 ﬁdes
2851 5121 2958 5164 tua.
2987 5109 3116 5164 Erat
3137 5107 3282 5163 enim
3309 5119 3495 5161 revera
3521 5117 3734 5174 magna,

2127 5209 2284 5280 quod
2301 5223 2434 5262 cum
2459 5207 2667 5261 videret
2690 5204 2858 5259 semel
2879 5213 3038 5272 atque
3067 5205 3260 5257 iterum
3290 5208 3344 5256 et
3367 5198 3562 5268 saepius
3586 5209 3737 5250 aver-

2126 5313 2345 5358 santem
2370 5313 2579 5370 preces,
2609 5312 2715 5350 non
2745 5297 2954 5364 segnior
2982 5292 3118 5347 facta
3151 5291 3328 5357 fuerit,
3359 5304 3532 5358 neque
3560 5294 3734 5341 retro-

2139 5393 2385 5458 cesserit,
2430 5389 2525 5445 sed
2570 5385 2983 5459 perseverantia:
3021 5383 3332 5438 assiduitate
3372 5373 3737 5451 provocaverit

2141 5483 2447 5546 Dominum,
2479 5481 2549 5534 ita
2591 5488 2646 5533 ut
2686 5477 2792 5532 voti
2822 5490 3042 5545 compos
3089 5473 3258 5529 ﬁeret.
3290 5469 3410 5525 Fiat
3437 5466 3579 5523 enim
3608 5461 3731 5524 tibi,

2138 5577 2466 5652 inquit,sicut
2497 5575 2585 5630 vis.
2615 5571 2799 5627 Vidisti
2830 5568 3095 5641 quomodo
3117 5567 3203 5633 qui
3228 5565 3371 5632 prius
3395 5560 3534 5616 illam
3557 5569 3731 5627 neque
