4020 6136
286 229 391 285 355

285 351 545 412 responso
572 336 817 409 dignatus
867 335 1054 400 fuerat,
1084 348 1223 388 nunc
1269 329 1634 401 largitionibus
1658 324 1869 383 certat?

288 432 403 489 Non
434 430 577 486 enim
603 427 918 497 simpliciter
944 425 1130 480 annuit
1158 424 1400 494 precibus
1426 420 1587 487 illius,
1619 418 1711 473 sed
1744 432 1877 487 pra:-

286 524 483 578 dicavit
509 531 564 579 et
607 520 896 579 celebravit
924 518 1085 572 illam.
1132 516 1261 570 Nam
1292 513 1541 578 dicendo,
1573 510 1617 565 0
1657 507 1875 575 mulier,

290 610 626 678 monstravit,
654 610 922 682 quomodo
945 608 1100 663 fidem
1122 608 1239 677 ejus
1262 605 1601 676 obstupescat
1618 618 1632 657 :
1651 598 1877 655 dicendo

293 713 487 768 autem,
520 700 714 773 Magna
755 710 826 755 est
855 700 982 770 ﬁdes
1024 710 1132 763 tua,
1160 696 1377 751 divitias
1404 709 1611 765 quoque
1641 690 1879 746 mulieris

291 793 538 850 ostendit.
570 791 770 848 Deinde
815 790 986 861 inquit
1017 806 1031 841 :
1066 786 1185 841 Fiat
1227 786 1313 840 tibi
1338 785 1466 839 sicut
1494 783 1584 837 vis.
1612 780 1877 848 Quantum

292 891 388 956 vis,
420 896 674 959 quantum
698 886 881 942 animo
903 884 1162 953 concipis,
1195 890 1399 935 tantum
1446 875 1682 947 prmbeo.
1711 872 1877 927 Tanta

287 981 430 1034 enim
468 989 553 1034 tua
582 976 982 1050 perseverantia
1023 974 1239 1043 dignam
1267 980 1319 1027 te
1346 967 1636 1024 declaravit
1676 974 1762 1018 tua
1792 977 1883 1033 pe-

292 1071 503 1126 titione.
530 1068 748 1123 Vidistis
774 1065 1013 1121 mulieris
1038 1058 1437 1118 constantiam?
1461 1055 1664 1111 vidistis
1689 1051 1882 1107 divina:

292 1161 563 1217 (ilationis
610 1172 858 1224 causam,
902 1154 1153 1211 videlicet
1196 1161 1255 1206 ut
1294 1149 1568 1204 mulierem
1600 1144 1880 1199 clariorem

298 1249 581 1305 redderet?
608 1247 910 1302 Redeamus
938 1253 1139 1309 autem,
1166 1242 1210 1296 si
1242 1239 1433 1311 placet,
1461 1235 1528 1291 ad
1558 1232 1881 1305 prepositam

293 1341 591 1407 historiam,
620 1348 671 1393 ct
698 1338 968 1392 discamus
1000 1340 1217 1405 propter
1256 1329 1384 1385 nihil
1407 1327 1548 1382 aliud
1578 1322 1885 1396 promissio-

295 1449 392 1489 nes
432 1428 753 1503 patriarcha:
783 1428 951 1483 factas
996 1433 1075 1481 tot
1121 1422 1275 1478 annis
1305 1420 1527 1492 implere
1569 1415 1840 1472 distulisse
1866 1454 1883 1481 ,

298 1539 457 1596 quam
488 1530 548 1577 ut
572 1522 734 1577 multa
765 1534 885 1576 eum
933 1517 1100 1600 gloria
1125 1529 1218 1571 eas
1248 1513 1323 1568 illi
1349 1509 1686 1575 concederet,
1714 1506 1889 1562 omni-

295 1617 500 1686 busque
530 1609 989 1680 monstraretjusti
1018 1607 1199 1663 ﬁdem.
1222 1605 1426 1661 Idcirco
1447 1602 1592 1667 dicit,
1614 1600 1887 1669 Postquam

295 1709 467 1763 decem
511 1721 671 1760 annos
718 1703 871 1758 simul
916 1701 1187 1756 habitasset
1226 1699 1281 1753 in
1329 1706 1461 1751 terra
1516 1694 1759 1750 Chanaan
1787 1709 1805 1747 :
1831 1699 1890 1746 ut

298 1799 475 1855 discas
498 1803 754 1867 quantum
788 1791 1131 1865 prteteriisset
1160 1788 1416 1860 temporis
1439 1801 1504 1842 ex
1532 1800 1637 1857 quo
1664 1782 1893 1855 promis-

296 1891 478 1946 siones
496 1889 809 1958 accepisset.
831 1884 1020 1941 Statim
1037 1882 1179 1938 enim
1203 1890 1262 1935 ut
1279 1879 1425 1935 venit
1442 1879 1493 1933 in
1510 1876 1886 1937 Chananaeam,

295 1981 500 2036 audivit
529 1998 543 2035 :
574 1979 769 2035 Sensini
789 1986 874 2032 tuo
903 1976 1033 2030 dabo
1061 1986 1246 2029 terram
1271 1975 1401 2027 hanc
1427 1987 1446 2026 :
1475 1979 1531 2026 et
1552 1978 1698 2024 tanto
1725 1968 1890 2022 inter-

303 2074 447 2129 vallo
474 2072 730 2143 temporis
759 2070 961 2139 absque
988 2067 1170 2122 liberis
1217 2070 1507 2130 manserat,
1536 2060 1892 2129 sterilitasque

299 2165 449 2219 Sara:
478 2163 691 2217 interim
729 2159 1040 2231 augebatur.
1070 2155 1135 2211 Et
1160 2155 1318 2225 dedit,
1360 2152 1549 2225 inquit,
1583 2151 1721 2223 Agar
1745 2149 1895 2204 Abrae

302 2254 408 2308 viro
436 2268 528 2307 suo
557 2253 608 2305 in
633 2266 863 2305 uxorem.

374 2346 431 2401 4.
464 2344 597 2399 Vide
622 2352 817 2414 quanta
841 2341 999 2397 etiam
1020 2338 1148 2396 olim
1169 2335 1499 2409 philosophia
1530 2332 1667 2405 apud
1686 2340 1893 2387 veteres

303 2436 688 2501 exercebatur;
728 2432 997 2504 quomodo
1047 2440 1102 2486 et
1142 2429 1245 2484 viri
1290 2434 1649 2497 temperantes
1699 2431 1892 2487 erant,

306 2542 659 2599 magnamque
702 2524 1046 2581 continentia:
1076 2521 1341 2577 habebant
1386 2521 1667 2583 rationem,
1695 2532 1757 2572 ac
1781 2531 1896 2571 mu-

307 2622 466 2676 lieres
494 2615 769 2689 zelotypiae
796 2616 1047 2673 carebant
1066 2613 1215 2668 vitio.
1247 2610 1427 2666 Dedita
1448 2610 1591 2666 enim
1614 2623 1776 2679 Opera
1797 2622 1894 2662 81‘-

307 2715 426 2785 pius
454 2710 585 2767 dicit
603 2712 871 2780 Scriptum
898 2727 913 2763 :
936 2706 1004 2762 Et
1026 2716 1079 2761 ut
1101 2706 1217 2760 tulit
1245 2705 1380 2759 Sara
1395 2703 1612 2775 Agarem
1631 2701 1895 2755 ancillam:

304 2812 359 2858 et
388 2804 577 2857 iterum
607 2818 620 2854 :
653 2798 808 2854 Dedit
836 2815 947 2853 eam
967 2800 1021 2852 in
1063 2812 1275 2852 uxorem
1306 2811 1323 2849 :
1352 2803 1409 2849 ut
1437 2794 1609 2849 discas
1632 2789 1898 2862 quomodo

304 2895 506 2962 absque
529 2891 690 2947 animi
714 2887 1030 2960 aegritudine
1056 2887 1329 2958 negotium
1350 2885 1539 2956 egerit,
1565 2893 1621 2939 et
1644 2892 1899 2953 quantum

306 2986 448 3058 apud
478 3000 572 3041 eos
602 2993 745 3039 esset
775 2982 982 3038 virtutis
1027 2980 1283 3036 studium.
1309 2979 1363 3034 4.
1394 2976 1461 3032 Et
1492 2979 1745 3048 ingressus
1789 2984 1896 3040 est,

306 3075 497 3148 inquit,
528 3075 596 3128 ad
637 3074 793 3147 Agar,
845 3083 894 3129 et
941 3073 1187 3141 concepit.
1243 3070 1377 3126 Vide
1427 3068 1696 3141 quomodo
1744 3067 1902 3123 discit

306 3172 462 3236 Sara,
492 3184 599 3223 non
624 3167 827 3239 justum
855 3167 908 3222 in
934 3180 1094 3221 causa
1124 3164 1308 3230 fuisse,
1335 3163 1475 3235 quod
1496 3169 1739 3217 carerent
1759 3160 1899 3226 llliis,

307 3260 403 3316 sed
453 3274 548 3314 sua
595 3258 776 3329 potius
823 3257 1076 3311 sterilitas
1108 3272 1123 3313 :
1150 3254 1329 3310 statim
1371 3254 1514 3308 enim
1557 3266 1903 3322 congressum

311 3366 437 3406 cum
464 3349 657 3404 ancilla
705 3346 1029 3416 subsequuta
1057 3355 1139 3401 est
1168 3345 1465 3414 conceptio.
1494 3344 1756 3399 Caeterum
1784 3341 1905 3397 vide

309 3453 367 3500 et
393 3441 600 3497 aucillze
632 3440 897 3512 ingratum
931 3438 1170 3493 animum
1192 3478 1205 3500 .
1234 3446 1289 3492 et
1316 3435 1588 3491 muliebris
1630 3450 1789 3491 sexus
1819 3435 1905 3489 in-

310 3535 619 3590 tirmitatem
651 3551 664 3589 :
690 3543 750 3589 nt
775 3532 955 3588 discas
991 3531 1157 3589 etiam
1184 3532 1285 3586 hoc
1314 3531 1430 3584 loco
1458 3528 1770 3599 patriarcha:
1801 3526 1905 3583 mi-

311 3643 429 3684 ram
453 3627 747 3683 lenitatem.
782 3624 848 3680 Et
888 3625 1032 3691 vidit,
1063 3624 1254 3693 inquit,
1286 3624 1420 3695 quod
1448 3632 1645 3677 uterum
1677 3630 1903 3694 gereret,

313 3728 361 3772 et
387 3726 670 3788 contempta
711 3726 785 3771 est
830 3714 1036 3770 domina
1081 3730 1253 3769 coram
1291 3731 1369 3768 ea.
1418 3713 1511 3769 ille
1557 3714 1699 3769 enim
1743 3712 1909 3768 ferme

313 3823 589 3865 servorum
620 3824 739 3864 mos
789 3816 893 3876 est,
945 3815 1004 3863 ut
1041 3822 1162 3863 cum
1208 3820 1395 3877 parum
1440 3805 1803 3875 prosperitatis
1831 3804 1909 3859 eis

315 3902 625 3968 accesserit,
657 3910 925 3973 nequeant
952 3901 1090 3955 intra
1134 3914 1260 3955 suos
1288 3898 1485 3954 limites
1529 3912 1783 3963 manere;
1815 3895 1908 3952 sed

317 3994 500 4049 statim
527 3993 609 4048 sui
637 3992 843 4049 ordinis
872 3992 1273 4058 obliviscantur,
1306 4000 1362 4047 et
1391 3991 1580 4060 ingrati
1606 3990 1759 4045 facile
1784 4004 1908 4044 eva-

317 4083 449 4139 dant
477 4101 492 4139 :
522 4082 575 4139 id
606 4083 747 4155 quod
780 4093 835 4139 et
880 4083 1006 4138 huic
1046 4084 1251 4139 ancillae
1293 4082 1504 4136 accidit.
1534 4080 1666 4136 Nam
1697 4089 1754 4135 ut
1782 4081 1913 4137 vidit

319 4178 456 4232 uteri
488 4177 772 4242 sarcinam,
807 4190 981 4245 neque
1010 4175 1243 4228 dominae
1273 4172 1641 4227 admirabilem
1670 4172 1911 4243 philoso-

322 4267 523 4338 phiam,
554 4280 731 4335 neque
759 4280 870 4320 sua:
894 4263 1216 4318 conditionis
1240 4263 1496 4317 vilitatem
1521 4263 1798 4335 cegitavit:
1818 4263 1912 4319 sed

322 4357 501 4412 inflata
532 4365 588 4413 et
615 4355 929 4426 superbiens
957 4354 1278 4425 contempsit
1309 4354 1598 4424 dominam,
1627 4371 1744 4427 quae
1772 4356 1913 4410 illam

323 4460 431 4505 tam
456 4448 881 4505 commendatam
912 4446 1168 4515 habebat,
1201 4456 1259 4503 ut
1301 4457 1355 4504 et
1402 4449 1453 4503 in
1480 4450 1577 4505 viri
1625 4449 1912 4505 thalamum

324 4539 649 4595 admitteret.
695 4538 832 4604 Quid
882 4540 1042 4611 igitur
1082 4540 1256 4596 Sara?
1292 4540 1344 4594 5.
1389 4538 1565 4607 Dixit,
1614 4541 1805 4610 inquit,
1848 4541 1916 4595 ad

325 4634 513 4687 Abram
538 4646 557 4687 :
589 4630 792 4699 Iniuria
821 4642 917 4685 ate
946 4633 1152 4702 alliciar.
1191 4632 1322 4685 Ecce
1349 4633 1463 4686 dedi
1490 4633 1729 4687 ancillam
1755 4649 1916 4687 meam

323 4728 376 4781 in
400 4726 568 4783 sinum
598 4734 739 4779 tuum
770 4740 789 4779 :
818 4740 929 4795 qua:
952 4723 1071 4793 quia
1100 4722 1221 4775 vidit
1244 4722 1379 4792 quod
1398 4732 1593 4776 uterum
1616 4724 1764 4795 gerit,
1792 4740 1916 4777 con-

324 4816 537 4887 temptui
554 4831 726 4870 coram
743 4831 801 4869 ea
818 4814 987 4868 habita
1006 4828 1136 4867 sunt.
1160 4810 1363 4865 Judicet
1383 4808 1514 4865 Deus
1533 4811 1662 4865 inter
1679 4829 1758 4867 me
1782 4823 1829 4867 et
1849 4822 1918 4868 te.

328 4905 443 4973 Hic,
474 4919 681 4976 quaeso,
706 4904 1072 4959 animadverte
1101 4902 1468 4959 incredibilem
1509 4901 1839 4958 tolerantiam
1867 4915 1920 4959 et
1962 4928 1999 4940 κ

329 4998 685 5053 reverentiam
710 4996 861 5067 justi,
893 5010 1050 5067 quam
1095 5009 1217 5065 erga
1249 4995 1435 5050 Saram
1476 4993 1785 5060 declaravit,
1826 5010 1918 5048 ve-

329 5090 473 5143 niam
516 5089 584 5143 ah
629 5103 692 5143 ea
735 5097 924 5159 petens
962 5096 1068 5149 tam
1114 5087 1380 5143 immerito
1425 5087 1616 5156 objecti
1658 5086 1917 5141 criminis.

324 5181 457 5246 Qua:
494 5178 637 5234 enim
667 5180 913 5233 manibus
942 5178 1189 5233 ancillam
1210 5179 1324 5232 viro
1354 5177 1662 5246 tradiderat,
1689 5186 1743 5233 et
1768 5177 1919 5232 dixe-

330 5281 413 5327 rat
447 5289 460 5325 :
490 5268 769 5340 Ingredere
795 5272 864 5325 ad
890 5271 1130 5325 ancillam
1173 5285 1376 5334 meam;
1422 5286 1542 5339 quae
1567 5286 1595 5324 a
1636 5270 1921 5339 semetipsa

330 5374 385 5417 et
412 5377 505 5417 sua
534 5370 723 5432 sponte
744 5362 809 5417 ad
839 5377 1182 5434 congressum
1207 5362 1414 5417 hortata
1443 5361 1630 5429 fuerat,
1656 5363 1751 5417 ista
1781 5378 1922 5418 nunc

330 5462 532 5508 mutato
562 5453 742 5508 animo
774 5454 963 5525 inquit,
998 5453 1201 5524 Injuria
1238 5470 1269 5507 a
1294 5463 1340 5508 te
1377 5454 1585 5524 alliciar.
1617 5453 1662 5509 Ο
1686 5452 1876 5508 mulier
1900 5491 1917 5519 ,

330 5544 583 5616 numquid
610 5544 723 5615 ipse
748 5545 813 5600 ad
836 5545 1041 5601 ancilla:
1062 5559 1408 5615 congressum
1431 5544 1741 5600 festinavit?
1768 5560 1922 5599 nunt-

330 5632 456 5706 quid
506 5637 909 5708 intemperantia
962 5634 1295 5707 impellente,
1347 5637 1413 5693 ad
1458 5652 1566 5694 rem
1619 5634 1917 5693 habendam

1018 220 1074 277 S.
1115 214 1392 277 JOANNIS
1429 208 1899 272 CllRYSOSTOMI

2004 206 2260 265 liClllEP.
2301 204 2829 264 CONSTANTINOI’.

3456 205 3566 263 356

1989 337 2110 378 cum
2140 322 2330 378 ancilla
2356 322 2713 378 acceleravit?
2740 323 2780 377 Α
2812 330 2862 378 te
2890 336 3176 393 persuasus
3204 332 3257 377 et
3288 332 3378 378 tuo
3407 339 3567 379 man-

1982 418 2107 471 dato
2152 416 2546 487 obtemperans,
2578 416 2685 470 hoc
2723 414 2934 469 tandem
2985 414 3125 471 fecit.
3165 415 3278 481 Qua
3312 427 3361 471 te
3406 416 3568 487 igitur

1983 509 2172 579 injuria
2216 509 2438 563 maritus
2478 507 2693 562 aliccit?
2735 505 2867 559 Ecce
2894 506 3011 560 dedi
3054 507 3291 560 ancillam
3322 524 3484 561 meum
3510 512 3573 561 in

1982 600 2148 653 sinum
2177 609 2337 653 tuum.
2365 597 2420 654 Si
2454 598 2614 669 igitur
2641 597 2821 653 fateris
2847 606 2898 653 te
2923 598 3156 665 dedisse,
3189 614 3286 653 nec
3314 600 3424 668 ipse
3446 614 3569 655 eant

1984 706 2077 745 sua
2104 700 2294 760 sponte
2329 691 2614 760 acceperit,
2654 706 2819 760 quare
2858 691 3163 761 injustitiam
3195 691 3567 763 improperas?

1985 782 2177 847 Etiam,
2211 782 2378 851 inquit
2402 799 2417 847 ;
2456 797 2576 835 nam
2604 783 2845 851 quamvis
2872 797 2969 851 ego
2990 782 3247 846 dederim,
3271 785 3362 837 sed
3381 785 3574 840 videns

1985 872 2102 941 ejus
2126 874 2495 939 temeritatem,
2527 872 2758 927 debebas
2796 873 3048 928 cohibere
3087 883 3317 928 mentem
3344 883 3449 929 tam
3479 892 3576 945 pc-

1988 964 2265 1018 tulantem.
2308 962 2446 1017 Nam
2492 973 2545 1016 ut
2584 963 2705 1016 vidit
2734 978 2786 1016 se
2822 974 3019 1016 uterum
3057 980 3245 1034 gerere,
3274 968 3572 1035 contempsit

1987 1070 2084 1106 me.
2111 1053 2314 1107 Judicet
2364 1052 2497 1107 Dens
2525 1053 2656 1105 inter
2706 1070 2785 1106 me
2829 1063 2875 1106 et
2903 1063 2967 1107 te.
3002 1053 3134 1109 Vere
3174 1054 3289 1110 lucc
3331 1056 3573 1110 mulieris

1986 1145 2148 1199 verba
2175 1154 2317 1209 sunt,
2356 1153 2407 1200 et
2452 1145 2643 1198 infirmi
2685 1144 2824 1198 illius
2849 1160 3005 1199 sexus
3032 1163 3047 1211 ;
3078 1146 3160 1199 his
3189 1148 3328 1201 enim
3369 1148 3481 1203 fere
3511 1150 3574 1204 il-

1989 1236 2098 1291 lum
2120 1236 2438 1306 alloquitur:
2464 1236 2576 1307 Ego
2608 1237 2818 1307 quidem
2846 1238 3086 1293 volebam
3115 1250 3259 1294 tuum
3286 1257 3574 1297 maerorem

1989 1327 2168 1393 solari,
2199 1342 2355 1397 quem
2383 1326 2548 1382 habes
2573 1343 2636 1383 ex
2666 1328 2827 1397 prolis
2866 1328 3079 1398 inopia;
3131 1341 3235 1385 tam
3277 1332 3573 1387 ofﬁciosam

1989 1432 2051 1473 ea
2080 1418 2131 1472 in
2162 1434 2221 1474 re
2249 1434 2334 1474 me
2363 1419 2589 1488 praebui.
2634 1428 2693 1474 ut
2717 1428 2772 1475 et
2808 1421 3053 1476 ancillam
3092 1438 3263 1477 meam
3290 1425 3421 1478 meis
3460 1440 3575 1478 ma-

1991 1510 2145 1564 nibus
2191 1510 2491 1575 traderem,
2540 1520 2593 1566 et
2639 1512 2705 1566 ad
2746 1527 3089 1583 congressum
3138 1515 3446 1571 cohortarer
3476 1538 3489 1572 :
3519 1528 3575 1573 tu

1990 1609 2167 1656 autem
2200 1601 2387 1657 videns
2428 1602 2565 1657 hanc
2608 1603 2732 1658 inde
2770 1603 2885 1659 fieri
2929 1606 3331 1675 petulantiorem
3360 1618 3580 1678 propter

1993 1691 2129 1746 uteri
2155 1694 2439 1759 sarcinam,
2470 1704 2525 1750 et
2547 1709 2738 1765 magno
2775 1696 2912 1749 fastu
2933 1695 3126 1761 intlari,
3152 1713 3271 1752 eum
3302 1699 3581 1755 debuisses

1993 1782 2285 1852 reprimere
2312 1792 2365 1838 et
2404 1784 2587 1840 ulcisci
2635 1785 2751 1855 ejus
2786 1786 2837 1841 in
2866 1802 2951 1842 me
2995 1788 3229 1857 injurias,
3258 1789 3309 1844 id
3351 1806 3454 1846 non
3504 1792 3580 1847 fe~

1994 1874 2115 1930 cisti
2140 1893 2153 1940 ;
2184 1875 2277 1931 sed
2300 1877 2447 1947 quasi
2479 1878 2712 1931 omnium
2739 1877 2973 1948 priorum
3000 1879 3214 1945 oblitus,
3238 1896 3324 1936 me
3348 1882 3582 1953 deSpicis

1995 1966 2154 2021 etiam
2196 1975 2273 2035 tu,
2318 1982 2403 2021 me
2430 1983 2547 2036 qua:
2592 1977 2764 2023 tecum
2811 1978 2887 2023 tot
2923 1970 3076 2025 annis
3119 1969 3367 2040 habitari,
3416 1984 3467 2028 et
3512 1975 3584 2028 ab

1995 2057 2244 2128 Egyptia
2295 2058 2486 2112 ancilla
2529 2074 2645 2113 mea
2677 2069 3005 2116 contemnor.
3038 2061 3241 2117 Judicet
3286 2062 3417 2119 Deus
3454 2066 3582 2119 inter

1998 2165 2076 2202 me
2100 2157 2147 2203 et
2171 2159 2238 2204 te.
2271 2148 2507 2204 Dolcntis
2534 2151 2723 2205 animae
2751 2152 2932 2206 verba.
2964 2152 3027 2207 Et
3057 2153 3155 2209 nisi
3187 2156 3347 2210 tantis
3376 2157 3579 2212 virtuti-

1998 2241 2097 2296 bus
2125 2240 2380 2312 prmditus
2403 2239 2589 2296 fuisset
2615 2242 2929 2312 patriarcha,
2959 2253 3013 2299 et
3038 2244 3089 2298 in
3116 2254 3256 2300 tanta
3285 2250 3581 2305 reverentia

1998 2330 2184 2386 Saram
2215 2330 2505 2397 habuisset,
2534 2346 2675 2402 aegre
2702 2331 2912 2387 tulisset
2952 2333 3065 2388 hare
3095 2336 3275 2401 verba,
3318 2348 3372 2392 et
3405 2355 3471 2392 ex
3497 2339 3583 2393 di-

1999 2431 2206 2479 ctorum
2237 2424 2522 2493 asperitate
2558 2424 2798 2480 dolorem
2828 2428 3175 2497 concepisset.
3224 2430 3417 2485 Verum
3468 2434 3583 2488 exi-

2000 2515 2137 2570 mius
2166 2514 2257 2571 ille
2296 2516 2363 2570 ad
2405 2530 2564 2572 sexus
2602 2516 2936 2588 fragilitatem
2981 2529 3249 2590 spectans,
3293 2539 3503 2580 omnem
3535 2526 3585 2581 ei

2000 2607 2209 2661 veniam
2257 2606 2423 2663 dedit.
2472 2607 2677 2663 Judicet
2723 2608 2863 2664 Deus
2906 2612 3036 2666 inter
3086 2630 3164 2668 me
3199 2624 3245 2667 et
3290 2626 3354 2670 te.
3403 2616 3585 2687 Cogita

2000 2710 2251 2770 quantam
2286 2716 2400 2756 rem
2428 2703 2648 2773 egerim,
2682 2711 2739 2757 ut
2767 2711 2816 2758 te
2841 2705 3168 2774 consolarer,
3200 2708 3383 2763 volens
3414 2718 3465 2764 te
3505 2711 3587 2765 vel

2002 2790 2056 2845 in
2087 2800 2361 2847 senectute
2385 2803 2588 2863 patrem
2618 2796 2815 2859 vocari,
2845 2796 3090 2852 ancillam
3130 2814 3303 2853 meam
3334 2800 3386 2854 in
3422 2801 3589 2871 digni-

2005 2891 2167 2938 tatem
2196 2898 2373 2939 meam
2400 2885 2544 2940 erexi
2575 2902 2588 2939 :
2619 2894 2670 2940 tu
2702 2896 2875 2941 autem
2901 2888 3084 2945 videns
3111 2890 3254 2944 illam
3285 2900 3390 2945 tam
3418 2893 3593 2963 ingrso

2008 2984 2136 3045 tam,
2172 2991 2277 3032 non
2306 2977 2448 3032 ultus
2478 2992 2558 3043 es,
2591 2993 2696 3033 non
2726 2979 3017 3049 rependisti
3044 2982 3172 3037 mihi
3203 2983 3347 3039 vices
3370 2985 3589 3040 bene“)

2005 3069 2183 3125 lentia:
2207 3084 2363 3141 quam
2394 3070 2443 3125 in
2475 3079 2525 3127 te
2560 3070 2842 3127 declaravi.
2871 3072 3077 3128 Judicet
3118 3075 3256 3130 Dens
3279 3078 3406 3131 inter
3441 3096 3519 3133 me
3544 3091 3594 3134 et

2008 3171 2073 3216 te.
2108 3160 2222 3228 Ille,
2254 3162 2444 3233 inquit,
2491 3164 2581 3233 qui
2625 3163 2933 3220 abscondita
2962 3168 3198 3222 omnium
3224 3170 3462 3226 cordium
3493 3188 3591 3226 no-

2008 3253 2106 3318 vit,
2134 3253 2247 3322 ipse
2276 3253 2377 3308 erit
2402 3253 2560 3324 iudex
2606 3254 2747 3310 inter
2776 3270 2874 3311 nos
2906 3275 2920 3311 :
2950 3266 3002 3313 et
3042 3260 3308 3329 quomodo
3335 3276 3434 3331 ego
3472 3263 3593 3331 qui-

2008 3344 2128 3399 dem
2158 3344 2312 3399 victis
2337 3346 2581 3401 omnibus
2621 3346 2985 3404 allectionibus
3012 3357 3153 3405 tuam
3175 3353 3595 3408 consolationem

2010 3449 2143 3488 mete
2181 3434 2415 3504 praetuli,
2453 3445 2504 3489 et
2532 3437 2582 3491 in
2621 3436 2814 3492 lectum
2843 3454 3019 3494 meum
3045 3441 3291 3496 ancillam
3317 3458 3488 3498 meam
3516 3445 3596 3498 in-

2009 3524 2138 3580 duxi
2172 3543 2186 3581 :
2218 3526 2331 3596 ipse
2352 3538 2528 3582 autem
2548 3527 2682 3583 nihil
2710 3543 2894 3584 eorum
2918 3546 3036 3601 qua:
3058 3546 3085 3584 a
3112 3547 3200 3588 me
3221 3531 3355 3588 facta
3375 3544 3516 3599 sunt,
3541 3536 3595 3589 in

2012 3627 2248 3673 mentem
2298 3621 2602 3691 accipiens,
2651 3623 2913 3691 permittis
2954 3623 3028 3678 illi
3088 3634 3146 3679 ut
3190 3639 3377 3682 contra
3423 3643 3595 3682 meam

2013 3712 2255 3782 insurgat
2298 3711 2608 3769 lenitatem:
2642 3729 2743 3769 nec
2786 3714 3058 3771 audaciam
3106 3718 3369 3787 reprimis,
3424 3735 3599 3789 neque

2014 3804 2273 3874 ingratam
2303 3805 2547 3876 castigas.
2580 3806 2716 3874 Quid
2741 3807 2901 3876 igitur
2941 3810 3159 3865 adamas
3189 3811 3295 3875 ille,
3328 3811 3480 3867 fortis
3510 3811 3599 3868 ille

2015 3898 2110 3954 Dei
2135 3898 2355 3965 athleta,
2385 3899 2475 3969 qui
2499 3900 2731 3970 undique
2754 3915 2980 3956 coronas
3006 3902 3107 3958 sibi
3139 3904 3436 3974 plectebat?
3461 3904 3601 3958 Mon-

2014 4001 2191 4048 strans
2217 3992 2378 4048 etiam
2410 3993 2462 4046 in
2507 3993 2608 4048 hoc
2650 4008 2800 4049 suam
2828 3994 3097 4062 virtutem,
3139 3995 3258 4051 vide
3298 3997 3421 4066 quid
3458 3996 3600 4051 dicat

2015 4084 2064 4139 ei
2099 4102 2111 4138 ε
2141 4084 2195 4139 6.
2230 4083 2362 4138 Ecce
2413 4085 2601 4138 ancilla
2644 4095 2731 4139 tua
2776 4086 2828 4139 in
2874 4088 3104 4142 manibus
3131 4089 3228 4141 tuis
3252 4104 3271 4141 :
3296 4099 3434 4143 utere
3460 4106 3517 4143 ea
3544 4100 3601 4142 ut

2017 4176 2105 4230 tibi
2129 4176 2321 4230 libitum
2348 4176 2517 4246 fuerit.
2552 4176 2742 4245 ingens
2774 4177 2918 4246 justo
2944 4179 3149 4235 virtutis
3186 4178 3439 4243 studium,
3466 4180 3599 4233 mira

2019 4267 2312 4323 tolerantia:
2329 4266 2783 4322 excellentia.Non
2801 4269 2967 4322 solum
2985 4273 3246 4329 enimnon
3258 4270 3597 4341 aegretulitea

2017 4374 2135 4429 quae
2162 4357 2289 4413 Sara
2312 4358 2540 4425 dixerat,
2569 4357 2661 4413 sed
2686 4368 2739 4413 et
2765 4358 3051 4413 admodum
3078 4370 3353 4415 mansuete
3380 4375 3601 4429 respon-

2018 4452 2097 4507 dit
2133 4459 2190 4507 et
2218 4452 2423 4521 inquit:
2452 4450 2750 4521 SuSpicaris
2776 4466 2860 4507 me
2881 4460 3151 4506 auctorem
3182 4466 3301 4507 esse
3324 4460 3602 4507 contume-

2020 4545 2207 4599 liarum
2267 4544 2457 4613 quibus
2484 4544 2670 4598 affecta
2698 4559 2779 4609 es,
2810 4552 2863 4597 et
2893 4552 3045 4613 putas
3067 4558 3153 4597 me
3178 4542 3431 4597 obiectari
3461 4542 3516 4596 in
3537 4541 3602 4597 iis

2020 4650 2139 4705 qua:
2180 4635 2367 4689 ancilla
2414 4634 2694 4689 adversum
2744 4641 2797 4687 te
2838 4649 2966 4687 ausa
3011 4632 3130 4700 fuit,
3162 4634 3408 4703 quoniam
3435 4632 3601 4687 semel

2021 4718 2433 4781 communicavit
2458 4724 2586 4779 mihi
2629 4726 2679 4778 in
2727 4724 2865 4778 lecto
2896 4723 3078 4778 :disce
3119 4739 3205 4778 me
3236 4733 3290 4778 et
3332 4719 3603 4794 primum,

2022 4817 2123 4872 nisi
2165 4815 2266 4871 hoc
2307 4817 2659 4886 suscepissem
2701 4823 2758 4869 ut
2800 4814 2891 4869 tibi
2932 4815 3276 4884 gratiﬁcarer,
3319 4829 3604 4883 numquam

2021 4908 2379 4961 admissurum
2408 4906 2569 4961 fuisse
2594 4906 2837 4960 ancillam
2868 4906 2917 4959 in
2947 4905 3139 4959 lectum
3171 4913 3315 4958 tuum
3350 4921 3363 4957 :
3396 4918 3609 4959 verum-

2023 5005 2199 5051 tamen
2248 5005 2387 5051 utre
2417 4996 2529 5066 ipsa
2569 4997 2766 5050 certior
2814 4996 2929 5062 llas,
2974 5009 3099 5049 ecce
3142 4996 3194 5049 in
3235 4994 3475 5049 manibus
3506 4994 3609 5048 tuis

2024 5096 2104 5139 est
2129 5102 2143 5149 ;
2172 5093 2319 5140 utere
2364 5100 2426 5141 ea
2458 5095 2513 5139 ut
2542 5086 2631 5140 tibi
2676 5085 2954 5155 placuerit.
2982 5084 3114 5139 Num
3145 5085 3265 5155 quis
3290 5094 3608 5155 potestatem

2026 5186 2167 5231 tuam
2215 5178 2443 5232 minuit?
2475 5194 2599 5232 num
2643 5177 2935 5233 dominium
2981 5177 3033 5231 in
3064 5192 3183 5232 eam
3209 5191 3239 5230 a
3285 5185 3337 5232 te
3374 5176 3609 5231 ablatum

2025 5269 2149 5325 est?
2177 5268 2308 5323 Nam
2348 5269 2473 5324 licet
2512 5285 2631 5324 cum
2678 5284 2740 5324 ea
2767 5283 3085 5339 congressus
3117 5267 3331 5333 luerim,
3360 5267 3505 5321 salva
3533 5277 3613 5320 ta-

2025 5376 2146 5415 men
2174 5359 2347 5413 adhue
2373 5369 2453 5414 est
2483 5360 2536 5414 in
2557 5375 2674 5413 eam
2705 5368 2937 5430 potestas
2965 5368 3072 5423 tua,
3102 5358 3214 5428 ipsa
3242 5358 3341 5413 sub
3365 5358 3612 5412 manibus

2026 5452 2131 5507 tuis
2175 5452 2470 5522 est;puni,
2516 5452 2735 5522 castiga,
2780 5451 3036 5521 increpa:
3071 5459 3129 5504 ut
3176 5449 3406 5503 volueris
3434 5457 3491 5503 et
3518 5448 3611 5502 tibi

2028 5545 2308 5615 placuerit,
2346 5546 2423 5599 sic
2452 5545 2609 5599 t'acito
2638 5559 2759 5599 cum
2782 5559 2843 5600 ea
2871 5561 2885 5609 ;
2928 5551 3131 5598 tantum
3158 5557 3225 5596 ne
3252 5544 3572 5595 succenseas
3594 5577 3611 5601 ,

2029 5644 2231 5692 tantum
2263 5651 2328 5693 ne
2359 5636 2484 5692 mihi
2514 5638 2755 5707 imputes,
2779 5652 2895 5707 qute
2926 5635 3009 5692 illa
3037 5636 3332 5707 petulanter
3360 5632 3484 5704 egit.
3507 5628 3612 5685 Ne-
