4020 6136
277 268 384 326 355

275 384 466 448 ἀπλῶς
491 385 626 457 αὐτῇ
669 386 908 466 παρέσχε
947 385 1045 458 τὴν
1079 385 1316 458 αἴτησιν,
1351 386 1487 440 ἀλλά
1517 383 1816 456 ἀνεκήρυξε
1855 383 1948 436 καὶ

279 474 622 543 ἐστεφάνωσε
643 491 654 502 '
684 475 778 528 καί
801 474 879 545 τῷ
915 475 1108 538 εἰπεῖν,
1130 470 1198 527 Ὦ
1229 475 1426 544 γύναι,
1449 472 1649 538 ἔδειξεν
1678 472 1824 534 ὅπως
1851 471 1949 522 αύ-

274 562 378 630 τῆς
405 562 504 632 τὴν
534 561 713 616 πίστιν
745 561 1017 634 ἐξεπλάγη
1041 581 1054 593 ·
1093 563 1187 616 καὶ
1216 561 1295 633 τῷ
1326 564 1520 622 εἰπεῖν,
1560 559 1802 630 Μεγάλη
1833 573 1949 612 σου

277 643 316 708 τ)
361 643 596 708 πίστις,
629 645 931 715 κατάδηλον
981 648 1115 717 ⁴ἡμῖν
1164 645 1386 715 ἐποίησε
1419 644 1518 714 τῆς
1565 640 1820 711 γυναικὸς
1857 639 1949 694 τὸν
1988 685 2002 694 .

276 727 524 782 πλοῦτον.
571 726 704 783 Εἶτά
749 749 902 802 φησι,
929 732 1248 800 Γενηθήτω
1280 747 1380 785 σοι
1413 731 1493 796 ὡς
1533 728 1748 794 θέλεις.
1784 728 1947 779 Ὀσον

277 814 482 884 βούλει,
509 817 632 870 ὅσον
661 817 856 883 θέλεις,
891 819 1144 873 τοσοῦτον
1174 819 1419 890 παρέχω.
1463 818 1528 870 Ἦ
1564 816 1672 888 γάρ
1707 813 1945 883 τοσαύτη

275 904 572 974 προσεδρία
593 905 749 972 ἀξίαν
778 923 838 960 σε
875 907 1161 976 ἀποφαίνει
1195 907 1295 977 τῆς
1320 907 1606 975 αἰτήσεως.
1638 903 1817 957 Είδετε
1849 901 1947 971 τῆς

274 991 528 1056 γυναικὸς
555 991 653 1062 τὴν
682 993 945 1057 εὐτονίαν,
969 995 1136 1048 εἴδετε
1164 996 1259 1064 τῆς
1284 993 1378 1046 τοῦ
1407 991 1542 1046 Θεοῦ
1566 989 1944 1063 μακροθυμίας

271 1077 369 1148 τὴν
402 1079 600 1143 αἰτίαν,
635 1080 730 1134 κα)⁸
771 1083 852 1135 ὅτι
894 1083 1361 1154 περιφανεστέραν
1394 1082 1564 1152 αὐτὴν
1610 1077 1942 1151 ἐργάσασθαι

275 1162 618 1236 βουλόμενος,
647 1167 734 1221 διά
765 1168 922 1223 τοῦτο
950 1170 1308 1235 ἀνεϐάλλετος
1349 1167 1764 1236 Ἐπανέλθωμεν
1783 1165 1861 1227 δέ,
1893 1165 1942 1217 εί

269 1251 437 1316 δοκεῖ,
469 1255 560 1307 ἐπὶ
591 1254 690 1327 τὴν
724 1257 1092 1328 προκειμένην
1138 1257 1399 1328 ἱστορίαν,
1434 1257 1519 1308 ἵνα
1560 1254 1818 1326 μάθωμεν
1858 1253 1940 1306 ὅτι

270 1339 338 1392 δι’
362 1341 513 1394 οὐδὲν
549 1342 734 1414 ἕτερον
762 1345 820 1396 ἐν
861 1343 1134 1407 τοσούτοις
1166 1344 1308 1396 ἔτεσι
1347 1343 1448 1406 τάς
1485 1340 1815 1410 ἐπαγγελίας
1841 1340 1940 1403 τας

272 1426 412 1479 κατὰ
447 1427 537 1480 τὸν
567 1427 914 1499 πατριάρχην
947 1430 1319 1500 γεγενημένας
1354 1432 1433 1493 είς
1466 1429 1624 1500 ἔργον
1654 1428 1754 1481 οὐκ
1784 1423 1937 1498 [588]

270 1512 496 1582 ἢγαγεν,
526 1513 640 1567 ἀλλ’
681 1515 769 1568 ἵνα
803 1516 940 1586 μετά
967 1516 1168 1586 πολλῆς
1207 1516 1306 1587 τῆς
1340 1514 1696 1585 περιφανείας
1736 1512 1938 1576 ταύτας

269 1599 417 1670 αὐτῷ
448 1600 724 1672 παράσχῃ.
768 1604 861 1656 καὶ
899 1605 1032 1657 πᾶσι
1058 1603 1153 1656 τοῦ
1190 1603 1400 1656 δικαίου
1430 1603 1530 1674 τὴν
1561 1601 1742 1654 πίστιν
1764 1600 1934 1653 κατά-

267 1686 423 1756 δηλον
449 1689 769 1759 ἐργάσηται.
805 1691 902 1744 Διά
943 1691 1100 1744 τοῦτό
1133 1707 1287 1762 φησι,
1332 1690 1492 1745 Μετὰ
1518 1689 1663 1742 δέκα
1691 1689 1793 1754 ἐτη
1829 1687 1939 1742 τοῦ

266 1771 631 1841 συνοικῆσαι
677 1775 900 1841 αὐτοὺς
945 1777 1014 1829 ἐν
1047 1774 1124 1844 τῇ
1154 1775 1426 1839 Χαναὰν,
1470 1775 1554 1827 ἵνα
1594 1774 1770 1844 μάθῃς
1812 1775 1937 1836 ὅσος

269 1857 511 1928 παρῆλθε
540 1859 728 1929 χρόνος
757 1861 817 1925 ἐξ
843 1855 903 1914 οὖ
933 1861 1002 1915 τά
1021 1863 1121 1932 τῆς
1151 1862 1478 1931 ἐπαγγελίας
1498 1860 1732 1925 ἐδέξατο.
1758 1858 1934 1922 Εὐθὺς

266 1943 376 2013 γὰρ
413 1946 642 2010 ἐπιστὰς
673 1950 739 2018 τῇ
785 1949 1086 2019 Χαναναία,
1119 1950 1374 2020 ἤκουσεν,
1406 1951 1487 2002 δτι
1531 1947 1614 2014 Τῷ
1640 1946 1937 2016 σπέρματί

264 2044 382 2082 σου
409 2029 578 2084 δώσω
607 2032 720 2100 τὴν
748 2031 864 2103 γῆν
883 2037 1128 2102 ταύτην,
1148 2037 1241 2089 καὶ
1271 2038 1328 2088 ἐν
1353 2035 1590 2106 τοσούτῳ
1617 2034 1780 2104 μήκει
1809 2032 1934 2105 χρόα

264 2132 356 2169 νου
389 2119 483 2171 καὶ
508 2119 668 2184 αὐτὸς
705 2119 873 2184 ἄπαις
903 2121 1160 2191 διέμεινε,
1193 2123 1407 2194 καὶτῆς
1438 2124 1617 2194 Σάρας
1650 2125 1683 2192 ή
1717 2121 1934 2192 στείρω-

265 2221 348 2268 σις
381 2206 705 2260 ἐπετείνετο.
753 2210 863 2262 Καὶ
891 2209 1074 2264 ἔδωκε
1108 2210 1222 2278 τὴν
1259 2211 1465 2281 Ἅγαρ,
1501 2211 1684 2281 φησὶν,
1707 2209 1932 2278 Ἀϐραμ

263 2288 343 2354 τῷ
369 2291 540 2359 ἀνδρί
581 2293 772 2362 αὐτῆς
801 2297 888 2360 είς
919 2296 1194 2365 γυναῖκα.

332 2377 395 2430 δ’.
418 2379 554 2450 Ὅρα
579 2383 719 2452 πόση
737 2383 797 2434 τὸ
825 2383 1052 2436 παλαιὸν
1082 2383 1421 2437 ἐπολιτεύετο
1446 2385 1572 2452 παρ’
1587 2383 1770 2445 αὐτοῖς
1791 2383 1822 2452 ή
1843 2399 1930 2451 φι-

261 2463 513 2534 λοσοφία·
545 2467 661 2533 πῶς
695 2470 801 2535 καὶ,
828 2471 876 2522 οί
910 2469 1102 2542 ἄνδρες
1147 2467 1287 2542 ἦσαν
1328 2473 1638 2544 ἐγκρατεῖς,
1692 2471 1785 2523 καὶ
1831 2470 1930 2540 τῆς

263 2553 616 2624 σωφροσύνης
657 2556 824 2609 πολὺν
871 2557 1185 2628 ποιούμενοι
1222 2558 1399 2625 λόγον,
1451 2561 1545 2612 xal
1576 2561 1632 2612 αί
1675 2559 1930 2627 γυναῖκες

261 2640 589 2711 ζηλοτυπίας
633 2645 790 2707 ἐκτὸς
835 2645 1148 2716 ἐτύγχανον.
1184 2647 1460 2717 Ἑπίτηδες
1509 2646 1617 2717 γὰρ
1658 2648 1692 2716 ή
1739 2645 1930 2716 Γραφὴ

261 2729 502 2799 συνεχῶς
538 2729 704 2798 λέγει,
731 2731 839 2785 Καὶ
877 2733 1153 2786 λαϐοῦσα
1184 2732 1345 2800 Σάρα
1361 2734 1546 2802 Ἀγαρ
1585 2732 1701 2800 τὴν
1737 2732 1930 2786 παιδί-

257 2829 454 2885 σκην·
506 2818 600 2870 καὶ
653 2819 834 2884 πάλιν,
877 2819 1134 2874 Ἔδωκεν
1168 2821 1364 2889 αὐτὴν
1398 2825 1486 2886 εἰς
1513 2821 1800 2891 γυναῖκα·
1842 2822 1928 2874 ῖνα

261 2904 440 2977 μάθῃς
464 2906 610 2971 ὅπως
642 2907 866 2972 ἀπαθῶς
895 2907 955 2960 τὺ
987 2910 1219 2980 πρᾶγμα
1265 2907 1624 2980 μετεχείριζε,
1657 2910 1753 2962 καὶ
1786 2910 1928 2980 πόση

259 2994 392 3067 παρ’
433 2995 616 3059 αὐτοῖς
648 2991 717 3067 ἦν
751 2997 784 3068 ή
821 2997 1127 3066 φιλοσοφία.
1154 2996 1266 3054 Καὶ
1303 2997 1569 3068 εἰσῆλθε,
1595 3001 1747 3070 φησὶ,
1777 3000 1929 3068 πρὸς

260 3081 458 3152 Ἅγαρ,
482 3083 580 3137 καὶ
612 3085 969 3139 συνέλαϐεν.
987 3085 1131 3156 Ὅρα
1155 3087 1275 3151 πῶς
1302 3087 1561 3157 μανθάνει
1586 3090 1620 3160 ή
1652 3088 1820 3158 Σάρα,
1846 3089 1927 3142 ὅτι

256 3169 318 3224 οὐ
353 3170 504 3241 παρά
549 3171 641 3224 τὸν
682 3172 887 3226 δίκαιον
921 3175 978 3228 ἐν
1009 3174 1232 3246 ἀπαιδίᾳ
1262 3174 1574 3245 ἐτύγχανεν,
1607 3175 1741 3229 ἀλλά
1775 3177 1928 3244 παρά

256 3256 354 3328 τήν
386 3258 670 3328 στείρωσιν
710 3259 808 3330 τὴν
843 3260 1040 3330 ἐαυτῆς
1063 3274 1076 3288 ⁶
1121 3261 1321 3326 εὐθέως
1345 3263 1453 3335 γὰρ
1479 3265 1512 3334 ή
1544 3264 1796 3318 συνουσία
1830 3265 1927 3336 τὴν

259 3344 521 3415 σύλληψιν
551 3347 865 3417 εἰργάσατο.
894 3349 1033 3401 Ἀλλ’
1065 3349 1166 3421 ὅρα
1197 3350 1356 3403 πάλιν
1383 3351 1482 3421 τῆς
1509 3352 1799 3423 παιδίσκης
1828 3355 1927 3425 τὴν

255 3432 669 3503 ἀγνωμοσύνην,
696 3434 790 3488 καὶ
817 3438 916 3507 τῆς
935 3438 1250 3504 γυναικείας
1273 3438 1486 3507 φύσεως
1505 3438 1602 3510 τήν
1619 3439 1922 3506 ἀσθένειαν,

255 3521 346 3573 ἴνα
395 3520 570 3592 μάθῃς
621 3523 715 3576 καὶ
759 3523 1008 3579 ἐντεῦθεν
1056 3523 1151 3578 τοῦ
1198 3525 1538 3598 πατριάρχου
1589 3527 1688 3598 τὴν
1726 3527 1926 3598 πολλὴν

255 3607 573 3663 ἐπιείκειαν.
613 3609 723 3663 Καὶ
760 3606 901 3674 εἶδε,
934 3613 1114 3681 φησὶν,
1157 3611 1245 3665 ὅτι
1285 3613 1355 3665 ἐν
1390 3614 1601 3682 γαστρί
1641 3613 1786 3682 ἔχει,
1826 3615 1928 3670 καί

254 3694 554 3763 ἠτιμάσθη
594 3698 631 3764 ἠ
658 3698 833 3764 κηρία
859 3697 1137 3752 ἐναντίον
1171 3698 1381 3766 αὐτῆς.
1411 3700 1663 3754 Τοιοῦτον
1690 3701 1798 3772 γάρ
1818 3701 1926 3757 τῶν

254 3782 482 3838 οἰκετῶν
516 3782 578 3835 τὸ
617 3779 778 3854 ἦθοςο
814 3783 880 3837 ἃν
935 3786 1138 3856 μικρᾶς
1193 3786 1499 3857 εὐπραγίας
1536 3787 1922 3855 ἐπιλάϐωνται,

254 3866 356 3922 οὐκ
378 3868 657 3939 ἀνέχονται
687 3869 866 3940 μένειν
887 3871 1017 3923 εῖσω
1035 3871 1143 3924 τῶν
1163 3871 1379 3925 οἰκείων
1397 3874 1559 3944 ὅρων,
1586 3873 1699 3928 ἀλλ’
1723 3874 1926 3935 εὐθέως

255 3955 700 4010 ἐπιλανθάνονται
729 3957 829 4028 τῆς
857 3957 1064 4022 οἰκείας
1105 3957 1332 4025 τάξεως,
1372 3960 1468 4012 καὶ
1507 3961 1640 4031 πρὸς
1672 3962 1925 4032 ἀγνωμο-

257 4039 425 4112 σύνην
457 4042 766 4112 ἐπείγονται
787 4060 803 4076 ο
845 4044 983 4114 ὅπερ
1009 4044 1102 4097 καὶ
1125 4045 1264 4115 αὐτὴ
1290 4046 1323 4116 ἡ
1353 4045 1611 4116 παιδίσκη
1633 4047 1922 4102 πέπονθεν.

266 4128 486 4199 Ἐπειδὴ
519 4129 627 4200 γὰρ
652 4125 758 4182 εἶδε
785 4130 885 4200 τῆς
925 4131 1162 4201 γαστρὸς
1205 4131 1297 4184 τὸν
1327 4132 1510 4200 ὄγκον,
1538 4133 1638 4186 οὐκ
1667 4133 1924 4187 ἐννοοῦσα

254 4215 317 4268 οὐ
341 4215 442 4284 τῆς
461 4215 748 4286 δεσποίνης
773 4214 872 4287 τὴν
899 4216 1102 4285 ἄφατον
1136 4217 1472 4287 φιλοσοφίαν,
1499 4221 1558 4271 οὐ
1587 4221 1684 4290 τῆς
1717 4221 1922 4286 οἰκείας

253 4301 409 4366 ἀξίας
432 4303 531 4373 τήν
551 4302 844 4368 εὐτέλειαν,
871 4303 984 4356 ἀλλ’
1009 4304 1306 4375 ἐπαρθεῖσα
1327 4306 1418 4360 καὶ
1443 4306 1584 4376 μέγα
1607 4307 1921 4378 φρονήσασα

253 4389 499 4460 ὑπερορᾷ
548 4389 647 4459 τῆς
685 4389 967 4460 δεσποίνης
1003 4390 1102 4462 τῆς
1134 4391 1402 4462 τοσαύτην
1430 4393 1560 4463 περὶ
1603 4393 1774 4466 αὐτὴν
1803 4396 1921 4449 ἐπι-

251 4475 573 4546 δειξαμένης
596 4476 694 4548 τὴν
719 4477 1063 4548 κηδεμονίαν,
1093 4478 1168 4542 ῶς
1199 4481 1292 4532 καὶ
1322 4481 1414 4532 ἐπὶ
1442 4480 1542 4551 τὴν
1568 4481 1728 4553 εὐνὴν
1753 4483 1920 4554 αὐτὴν

251 4562 478 4630 ἀγαγεῖν
511 4562 603 4616 τοῦ
638 4563 849 4635 ἀνδρός.
880 4563 944 4616 Τί
972 4559 1063 4617 οὖν
1093 4565 1126 4636 ή
1157 4566 1340 4636 Σάρα;
1376 4562 1544 4633 Ehe,
1581 4570 1736 4638 φησὶ,
1771 4570 1921 4639 πρὸς

254 4649 470 4718 ’Λϐραμ
487 4667 503 4682 ο
545 4648 873 4720 Ἀδικοῦμαι
909 4651 977 4704 ἐκ
1006 4649 1145 4707 σοῦ.
1176 4651 1321 4706 Ἰδοὺ
1349 4652 1578 4708 δέδωκα
1605 4665 1624 4686 ⁸
1643 4655 1757 4724 τὴν
1784 4671 1920 4711 παι-

251 4735 475 4803 δίσκην
504 4755 624 4806 μου
650 4740 737 4803 εἰς
772 4739 879 4792 τὸν
917 4739 1152 4792 κόλπον
1178 4755 1294 4794 σου
1315 4756 1327 4767 °
1372 4739 1587 4795 ἰδοῦσα
1622 4741 1691 4795 δὲ
1721 4742 1811 4797 ὅτι
1849 4744 1920 4798 ἐν

249 4823 464 4890 γαστρί
501 4823 648 4892 ἔχει,
695 4824 1035 4894 ήτιμὰσθην
1069 4826 1348 4880 ἐναντίον
1381 4827 1592 4897 αὐτῆς.
1638 4830 1846 4898 ιιζοίναι
1886 4835 1920 4886 ό

253 4909 398 4976 Θεὸς
430 4910 547 4964 ἀνὰ
571 4911 768 4979 μέσον
797 4912 943 4980 ἐμοῦ
975 4912 1075 4966 καί
1111 4912 1248 4967 σοῦ.
1286 4913 1548 4968 Ἐνταῦθά
1598 4933 1688 4986 μοι
1727 4918 1917 4973 σκόπει

248 4996 344 5050 τοῦ
372 4997 579 5050 δικαίου
608 4998 708 5067 τὴν
741 4997 943 5067 ἄφατον
995 5001 1394 5072 μακροθυμίαν,
1439 5003 1530 5056 καὶ
1560 5003 1658 5075 τὴν
1690 5003 1824 5059 αἰδῶ
1851 5006 1918 5078 ῆν

250 5084 383 5155 περί
405 5085 503 5154 τὴν
545 5085 725 5155 Σάραν
760 5085 1147 5152 ἐπιδείκνυται,
1180 5087 1511 5161 συγγνώμην
1553 5091 1722 5163 αὐτὴν
1751 5093 1918 5146 αἰτῶν

247 5171 347 5242 τῆς
373 5171 565 5240 ἀλόγου
594 5171 795 5241 ταύτης
821 5174 1018 5236 αἰτίας.
1047 5173 1111 5226 Ἦ
1138 5174 1246 5243 γὰρ
1268 5179 1386 5240 ταῖς
1415 5178 1570 5249 χερσὶ
1601 5179 1916 5249 παραδοῦσα

245 5259 347 5331 τὴν
373 5259 665 5329 παιδίσκην
689 5259 764 5330 τῷ
799 5258 974 5330 ἀνδρὶ,
1006 5261 1040 5330 ή
1074 5259 1322 5325 εἰποῦσα,
1350 5263 1607 5318 Εῑσελθε
1626 5267 1775 5334 πρὸς
1803 5267 1917 5335 τὴν

248 5345 579 5415 παιδίσκην
608 5363 759 5415 μου’
796 5347 830 5417 ή
877 5345 1088 5401 οἴκοθεν
1133 5347 1228 5401 καὶ
1273 5348 1365 5417 ἀφ’
1402 5350 1600 5422 ἑαυτῆς
1643 5353 1778 5424 πρὸς
1819 5355 1916 5426 τὴν

249 5435 532 5490 συνουσίαν
548 5435 708 5489 αὐτὸν
730 5434 1172 5507 προτρεψαμένη,
1197 5435 1338 5508 αὕτη
1359 5437 1452 5491 νῦν
1475 5439 1916 5514 μεταϐαλλομένη

247 5524 434 5593 φησὶν,
469 5521 798 5592 Ἀδικοῦμαι
839 5523 908 5576 ὲκ
948 5523 1086 5577 σοῦ.
1117 5523 1210 5595 Μὴ
1239 5524 1346 5597 γὰρ
1390 5525 1554 5591 αὐτὸς
1585 5527 1911 5601 ἐπέδραμεν,

245 5603 294 5668 ὦ
318 5611 500 5679 γύναι,
529 5612 594 5681 τῇ
624 5609 723 5680 τῆς
765 5610 1055 5682 παιδίσκης
1095 5612 1379 5684 συνουσίας
1417 5613 1492 5684 μὴ
1521 5614 1630 5686 γάρ
1656 5615 1714 5682 ἐξ
1755 5617 1914 5670 ἀσελ-

247 5699 400 5772 γείας
432 5697 690 5772 ὁρμηθεὶς
722 5699 799 5771 τῷ
825 5700 1112 5772 πράγματι
1155 5702 1492 5775 ἐπεπήδησε;
1529 5705 1618 5760 Σοὶ
1660 5708 1910 5780 πειθόμε-

311 5863 339 5895 ⁶
367 5867 419 5913 .‘n
461 5865 624 5917 Hblgis
665 5868 846 5932 legitur
873 5869 965 5932 ἐγὼ
994 5872 1196 5922 δέδωκα.

1369 269 1436 326 ΙΝ
1473 268 1626 327 CAP.
1668 266 1783 324 XVI
1823 264 2066 324 GENES.
2107 263 2338 322 ΙΙΟΜΙΙ..
2383 267 2662 327 XXXVIII.

3611 270 3720 326 556

2055 397 2142 443 vo;
2172 383 2266 436 καὶ
2293 381 2372 453 τῷ
2402 383 2478 455 σῷ
2508 385 2841 456 ἐπιτάγματι
2879 383 3035 439 τοῦτο
3067 384 3356 456 πεποίηκε.
3385 383 3450 436 Τί
3478 379 3569 438 οῦν
3599 387 3717 454 ἡδί-

2050 481 2214 534 κησαι
2254 467 2403 537 παρά
2433 467 2526 520 τοῦ
2561 469 2780 540 ἀνδρός;
2817 468 2962 524 Ἰδοὺ
2995 468 3222 533 δέδωκα
3245 471 3360 537 τὴν
3385 466 3718 536 παιδίσκην

2044 563 2164 614 μου
2189 549 2276 613 είς
2308 548 2416 601 τὸν
2443 551 2674 603 κόλπον
2701 565 2838 605 σου.
2875 553 2936 604 Εἰ
2968 551 3146 605 τοίνυν
3165 550 3444 620 ὁμολογεῖς
3465 551 3547 603 ὃτι
3574 551 3714 620 αὐτὴ

2047 629 2300 694 δέδωκας,
2335 631 2428 684 καὶ
2455 633 2554 686 οὐκ
2585 634 2677 701 ἀφ’
2709 634 2902 686 ἐαυτοῦ
2932 633 3082 706 [389]
3124 634 3326 705 ταύτην
3354 633 3535 698 ἐλαϐε,
3569 634 3714 695 τίνος

2047 711 2231 764 ἕνεκεν
2268 713 2480 767 ἀδικίαν
2523 715 2804 784 ἐγκαλεῖς;
2836 717 2978 780 Ναὶ,
3014 717 3206 786 φησίν·
3243 717 3291 769 εἰ
3322 715 3430 786 γάρ
3474 715 3568 769 καὶ
3605 715 3716 784 ἐγὼ

2047 787 2275 851 δέδωκα.
2304 792 2419 845 ἀλλ’
2451 793 2592 863 ὁρῶν
2631 795 2804 864 αὐτῆς
2831 797 2931 868 τὴν
2976 795 3300 867 προπέτειαν
3341 793 3567 864 ὤφειλες
3595 796 3715 846 ἐπί-

2048 875 2195 941 σχεῖν
2223 875 2393 945 αὐτῆς
2417 875 2514 946 τὴν
2540 877 2834 930 ἀκόλαστον
2857 877 3100 949 γνώμην.
3135 878 3367 932 Ἰδοῦσα
3389 876 3501 947 γὰρ
3529 876 3617 930 ὅτι
3644 878 3716 930 ἐν

2045 955 2256 1023 γαστρὶ
2311 957 2454 1025 ἔχει,
2507 958 2846 1028 ήτιμάσθην
2877 960 3154 1014 ἐναντίον
3186 959 3396 1026 αὐτῆς.
3438 961 3650 1028 Κρίναι
3679 962 3712 1013 ὁ

2045 1037 2189 1102 Θεὸς
2211 1039 2328 1092 ἀνὰ
2347 1041 2541 1109 μέσον
2565 1042 2710 1111 ἐμοῦ
2731 1043 2826 1096 καί
2852 1043 2990 1098 σοῦ.
3013 1042 3271 1105 Γυναικός
3295 1042 3508 1114 ἀληθῶς
3536 1041 3711 1095 ταῦτα

2041 1118 2110 1171 τά
2127 1119 2345 1189 ῥήματα
2367 1122 2458 1173 καὶ
2486 1122 2587 1192 τῆς
2615 1123 2892 1189 ἀσθενείας
2914 1125 3118 1196 ταύτης
3140 1125 3238 1196 τῆς
3257 1123 3470 1194 φύσεως
3487 1141 3500 1154 ·
3535 1141 3714 1194 μονον·

2040 1201 2158 1269 ουχί
2196 1200 2302 1273 γάρ
2343 1203 2515 1257 ταῦτά
2561 1222 2692 1275 φησι
2728 1206 2862 1277 πρὸς
2897 1207 3088 1260 αὐτόν’
3137 1207 3276 1274 Ἐγὼ
3305 1206 3404 1276 μὲν
3426 1205 3524 1276 τὴν
3549 1207 3712 1258 ἀπαι-

2039 1279 2158 1332 δίαν
2197 1281 2491 1356 βουλομένη
2521 1287 3018 1358 παραμυθήσασθαι
3052 1288 3150 1360 τὴν
3171 1288 3289 1360 σὴν,
3319 1287 3583 1358 τοσαύτην
3614 1290 3713 1339 ἐπ-

2040 1363 2331 1437 εδειξάμην
2361 1366 2458 1437 τήν
2503 1367 2849 1439 κηδεμονίαν,
2872 1370 2947 1433 ῶς
2982 1371 3076 1424 καὶ
3115 1370 3213 1441 τὴν
3255 1370 3394 1441 ἐμὴν
3421 1370 3710 1439 παιδίσκην

2040 1447 2133 1499 καὶ
2155 1452 2272 1513 ταῖς
2298 1451 2542 1522 ἐμαυτῆς
2581 1468 2662 1504 σοι
2706 1453 2863 1524 χερσί
2898 1452 3258 1524 παραδοῦναι,
3296 1453 3392 1506 καὶ
3439 1453 3575 1522 πρὸς
3612 1453 3710 1522 τὴν

2041 1533 2324 1586 συνουσίαν
2363 1533 2770 1606 προτρέψασθαι
2792 1549 2805 1563 '
2838 1535 2981 1606 ὁρῶν
3003 1535 3060 1588 δέ
3089 1535 3250 1598 αὐτὸς
3270 1533 3519 1590 ἐντεῦθεν
3538 1535 3706 1604 αὐτὴν

2037 1614 2335 1686 γενομένην
2355 1617 2795 1688 προπετεστέραν
2819 1616 2907 1670 διὰ
2927 1617 3018 1669 τὸν
3035 1617 3132 1687 τῆς
3147 1616 3380 1686 γαστρὸς
3399 1616 3582 1685 ὄγκον,
3612 1618 3706 1670 καὶ

2037 1697 2380 1767 φρονήματος
2422 1697 2907 1768 ἐμπεπλησμένην,
2936 1697 3054 1750 δέον
3082 1697 3390 1751 ἀναστεῖλαι
3426 1697 3523 1750 καὶ
3564 1697 3707 1749 ἐκδι-

2035 1778 2200 1848 κῆσαί
2232 1797 2290 1832 σε
2325 1781 2422 1844 τάς
2447 1781 2635 1852 ὕϐρεις
2663 1781 2762 1844 τάς
2792 1783 2874 1843 εἰς
2903 1781 3002 1850 ἐμὲ
3040 1779 3350 1850 γινομένας,
3382 1779 3483 1832 οὐκ
3519 1779 3709 1849 ἐποίη-

2037 1875 2134 1924 σας
2156 1877 2170 1890 ο
2208 1863 2322 1915 ἀλλ’
2351 1864 2551 1918 ὡσανεὶ
2591 1864 2807 1917 πάντων
2838 1863 2946 1916 τῶν
2988 1862 3270 1934 προτέρων
3297 1860 3703 1930 ἐπιλαθόμενος,

2035 1945 2392 2016 περιορᾶσθαι
2423 1947 2522 2016 ἐμὲ
2553 1945 2847 2018 καταδέχῃ,
2883 1946 2983 2016 τὴν
3008 1947 3066 1997 ἐν
3100 1943 3377 2006 τοσούτοις
3403 1943 3548 1996 ἔτεσι
3579 1958 3706 1995 06v-

2033 2028 2351 2098 οικήσασαν,
2384 2029 2489 2081 ὑπὸ
2533 2030 2630 2100 τῆς
2658 2027 2962 2097 Αίγυπτίας
2996 2029 3094 2098 τῆς
3117 2025 3405 2096 παιδίσκης
3433 2025 3532 2096 τῆς
3563 2024 3704 2095 ἐμῆς

2031 2109 2456 2182 ἀτιμαζομένην.
2505 2113 2710 2179 Κρίνιιι
2758 2114 2792 2166 ό
2831 2110 2976 2176 Θεὸς
3005 2109 3122 2164 ἀνὰ
3168 2107 3362 2179 μέσον
3405 2105 3554 2177 ἐμοῦ
3602 2107 3706 2161 καί

2032 2192 2166 2246 σοῦ.
2185 2193 2554 2264 Ὀδυνωμένης
2583 2194 2757 2265 ψυχῆς
2790 2193 2851 2246 τὸ
3094 2193 3203 2244 Καὶ
3233 2192 3282 2243 εί
3313 2191 3387 2260 μὴ
3413 2191 3700 2260 φιλόσοφός

2031 2293 2113 2339 τις
2141 2271 2210 2347 ἦν
2240 2277 2268 2328 6
2302 2277 2666 2348 πατριάρχης,
2694 2277 2789 2330 καὶ
2816 2274 3015 2346 πολλὴν
3044 2273 3141 2346 τὴν
3169 2273 3302 2328 αίδὼ
3323 2273 3451 2344 περί
3475 2273 3574 2342 τήν
3598 2272 3703 2327 Σά-

2031 2376 2130 2429 ραν
2153 2359 2514 2424 ἐπεδείκνυτο,
2552 2361 2646 2413 καί
2682 2359 3036 2430 ἐδυσχέρανεν
3070 2357 3136 2412 ἀν
3177 2358 3313 2427 πρὸς
3340 2357 3410 2411 τά
3453 2359 3700 2428 ῥήματα,

2029 2441 2124 2493 καὶ
2153 2441 2388 2512 ήλγησεν
2413 2442 2506 2494 ἐπὶ
2551 2445 2618 2512 τῇ
2663 2442 2926 2514 βαρύτητι
2963 2441 3072 2494 τῶν
3113 2440 3432 2510 λεχθέντων.
3489 2437 3628 2491 Ἀλλ’
3673 2441 3702 2490 6

2029 2521 2327 2593 θαυμάσιος
2353 2518 2506 2588 οὗτος
2535 2525 2671 2595 πρὸς
2697 2525 2759 2577 τὸ
2787 2523 2887 2594 τῆς
2927 2523 3144 2592 φύσεως
3191 2519 3419 2583 ἀσθενὲς
3461 2518 3700 2591 ἀφορῶν,

2030 2607 2210 2658 πᾶσαν
2242 2605 2440 2659 ἔδωκεν
2482 2607 2618 2676 αὐτῇ
2667 2605 3020 2676 συγγνώμην.
3062 2606 3270 2674 Κρίναι
3318 2608 3351 2659 ὁ
3399 2605 3544 2668 Θεὸς
3586 2601 3702 2656 ἀνὰ

2022 2685 2220 2754 μέσον
2249 2687 2395 2756 ἐμοῦ
2433 2689 2532 2742 καί
2566 2687 2703 2741 σοῦ.
2738 2687 3046 2756 Ἐννόησον,
3078 2686 3233 2756 φησὶ,
3275 2685 3440 2739 πόσον
3468 2685 3702 2755 πρᾶγμα

2029 2768 2400 2839 κατεδεξάμην
2441 2768 2529 2822 διά
2577 2770 2677 2839 τὴν
2721 2768 2819 2840 σὴν
2869 2769 3242 2839 παραμυθίαν,
3291 2766 3588 2838 βουλομένη
3639 2782 3699 2818 σε

2029 2849 2130 2904 κᾶν
2161 2851 2290 2919 γοῦν
2323 2851 2380 2904 ἐν
2406 2852 2554 2923 γήρᾳ
2580 2850 2790 2923 πατέρα
2823 2849 3107 2922 κληθῆναι,
3149 2851 3243 2904 καὶ
3272 2849 3372 2920 τὴν
3406 2846 3700 2916 παιδίσκην

2029 2933 2128 3006 τὴν
2151 2933 2290 3004 ἐμὴν
2320 2935 2399 2997 είς
2430 2935 2529 3005 τὴν
2555 2932 2710 2999 ἀξίαν
2739 2933 2766 2972 δ
2796 2933 2892 3003 τὴν
2923 2931 3166 3002 ἐμαυτῆς
3199 2931 3472 3000 ἀνήγαγον
3490 2945 3504 2960 ο
3539 2929 3603 2981 σὺ
3639 2926 3700 2982 δέ

2028 3015 2168 3087 δρῶν
2200 3017 2531 3088 ἀγνωμόνως
2558 3016 2730 3088 αὐτὴν
2764 3014 3012 3068 ἐντεῦθεν
3035 3013 3391 3077 διατεθεῖσαν,
3421 3012 3522 3065 οὐκ
3553 3011 3694 3080 ἤμυ-

2028 3115 2147 3163 νας,
2177 3099 2278 3150 οὐκ
2303 3098 2522 3168 ἡμείψω
2555 3116 2621 3170 με
2662 3099 2759 3169 τῆς
2802 3098 3047 3170 γνώμης,
3079 3098 3144 3168 ἢν
3174 3097 3304 3170 περ).
3327 3095 3386 3148 σέ
3423 3092 3698 3158 ἐπεδειξάο

2031 3198 2156 3251 μην.
2182 3182 2389 3249 Κρίναι
2420 3185 2454 3235 ό
2483 3183 2627 3248 Θεὸς
2665 3182 2782 3236 ἀνὰ
2812 3182 3009 3250 μέσον
3045 3178 3193 3250 ἐμοῦ
3224 3179 3326 3231 καί
3357 3177 3492 3231 σοῦ.
3527 3177 3698 3231 Ἐκεῖ-

2027 3281 2135 3329 νος,
2167 3265 2350 3333 φησὶν,
2375 3267 2404 3318 6
2421 3264 2488 3318 τά
2513 3265 2807 3336 ἀπόρρητα
2830 3265 3060 3319 ἐκάστου
3091 3263 3450 3333 ἐπιστάμενος
3471 3261 3569 3332 τῆς
3588 3259 3698 3312 δια·

2027 3347 2194 3411 νοίας,
2219 3349 2381 3412 αὐτὸς
2425 3349 2577 3403 ἔσται
2617 3348 2808 3420 κριτὴς
2846 3347 3048 3418 μεταξὺ
3081 3346 3258 3419 ήμῶν,
3293 3345 3389 3398 καὶ
3422 3343 3539 3406 πῶς
3585 3340 3697 3410 ἐγὼ

2029 3429 2128 3499 μὲν
2147 3432 2346 3495 παντὸς
2373 3431 2578 3495 πάθους
2598 3431 2847 3502 ἀνωτέρα
2866 3429 3132 3501 γενομένη
3157 3428 3501 3499 προετίμησα
3533 3427 3558 3477 ἐ
3566 3441 3698 3494 μαυο

2026 3512 2124 3583 τῆς
2153 3513 2252 3583 τὴν
2289 3513 2643 3583 παραμυθίαν
2676 3514 2775 3582 τὴν
2825 3514 2944 3583 σὴν,
2993 3513 3088 3566 καὶ
3127 3513 3206 3574 είς
3248 3509 3348 3580 τὴν
3394 3508 3555 3578 εὐνὴν
3593 3508 3696 3578 τὴν

2029 3596 2167 3664 ἐμὴν
2197 3595 2296 3666 τὴν
2321 3595 2610 3666 παιδίσκην
2630 3597 2926 3665 ἀνήγαγονο
2965 3593 3128 3656 αὐτὸς
3171 3593 3227 3644 δὲ
3255 3591 3406 3645 οὐδὲν
3425 3590 3535 3642 τῶν
3563 3591 3694 3660 παρ’

2028 3676 2162 3747 ἐμοῦ
2198 3677 2506 3748 γενομένων
2540 3679 2598 3731 ἐν
2632 3677 2844 3748 διανοίᾳ
2896 3675 3095 3741 λαϐὼν,
3139 3675 3438 3744 συγχωρεῖς
3480 3671 3694 3742 ἐκείνην

2027 3757 2514 3822 κατεξανίστασθαι
2543 3759 2642 3830 τῆς
2676 3757 2819 3830 ἐμῆς
2854 3758 3176 3821 ἐπιεικείας,
3211 3758 3312 3809 οὐκ
3348 3753 3694 3818 ἀναστέλλεις

2024 3841 2124 3910 τὴν
2156 3841 2381 3910 τόλμαν,
2429 3840 2552 3894 οὐδὲ
2599 3840 2950 3912 σωφρονίζεις
2989 3839 3086 3911 τὴν
3113 3839 3421 3908 ἀγνώμονα.
3455 3835 3520 3887 Τί
3545 3832 3636 3890 οὖν
3663 3840 3692 3889 6

2027 3923 2260 3994 ἀδάμας,
2309 3925 2338 3976 6
2381 3926 2628 3993 γενναῖος
2677 3923 2915 3994 ἀθλητὴς
2951 3922 3044 3974 τοῦ
3100 3919 3256 3988 Θεοῦ,
3289 3921 3317 3973 6
3354 3918 3693 3988 πανταχόθεν

2027 4003 2205 4076 ἐαυτῷ
2243 4003 2460 4057 πλέκων
2493 4004 2618 4067 τοὺς
2662 4005 2989 4072 στεφάνους;
3037 4002 3262 4064 Δεικνὺς
3293 4002 3387 4054 καὶ
3413 3999 3502 4053 διὰ
3536 3998 3693 4053 τοῦτο

2024 4085 2122 4156 τὴν
2152 4087 2357 4140 οἰκείαν
2384 4084 2604 4156 ἀρετὴν,
2635 4086 2737 4156 δρα
2771 4085 2823 4138 τί
2854 4101 2986 4157 φησι
3033 4085 3170 4156 πρὸς
3204 4084 3376 4154 αὐτήν
3399 4099 3413 4111 ο
3464 4079 3619 4137 Ἰδοὺ
3650 4083 3689 4149 ἡ

2025 4167 2314 4236 παιδίσκη
2343 4183 2460 4222 σου
2489 4168 2558 4220 ἐν
2593 4168 2722 4233 ταῖς
2750 4169 2924 4237 χερσί
2957 4184 3074 4221 σου
3096 4185 3110 4198 ·
3152 4165 3274 4236 χρῶ
3303 4163 3481 4233 αὐτῇ,
3505 4165 3584 4230 ὡς
3613 4163 3693 4216 ἄν

2023 4267 2122 4306 σοι
2151 4251 2408 4320 ἀρεστὸν
2509 4251 2734 4320 Μεγάλη
2757 4249 2853 4304 τοῦ
2885 4250 3097 4305 δικαίου
3127 4253 3160 4320 ή
3185 4247 3490 4319 φιλοσοφία,
3516 4247 3688 4317 πολλὴ

2021 4334 2122 4404 τῆς
2155 4333 2530 4405 μακροθυμίας
2563 4336 2595 4404 ή
2634 4333 2926 4405 ὑπερϐολή,
2950 4334 3025 4387 O6
3072 4333 3229 4404 μόνον
3269 4331 3379 4403 γάρ
3412 4332 3513 4385 οὐκ
3538 4330 3690 4383 ἐδυσ-

2022 4415 2216 4487 χέρανε
2273 4415 2411 4488 πρὸς
2443 4415 2513 4468 τὰ
2552 4416 2701 4486 παρά
2732 4416 2830 4486 τῆς
2870 4416 3051 4485 Σάρας
3101 4415 3382 4486 είρημένα,
3418 4411 3556 4466 ἀλλά
3592 4410 3688 4464 καὶ

2025 4499 2163 4570 μετά
2189 4497 2388 4570 πολλῆς
2445 4498 2547 4567 τῆς
2593 4497 2893 4562 ἐπιεικείας
2942 4499 3176 4551 ποιεῖται
3224 4496 3324 4568 τὴν
3369 4494 3682 4566 ἀπόκρισιν,

2020 4582 2114 4635 καί
2140 4595 2323 4652 φησιν’
2369 4579 2724 4644 ’Υποπτεύεις
2749 4596 2815 4650 με
2843 4578 3016 4633 αἴτιον
3036 4578 3360 4650 γεγενῆσθαι
3386 4577 3495 4630 τῶν
3520 4576 3599 4639 είς
3624 4575 3686 4629 at

2021 4663 2250 4734 ὕϐρεων,
2286 4663 2378 4715 καὶ
2410 4661 2651 4732 νομίζεις
2696 4679 2764 4733 με
2799 4661 3023 4732 ἥδεσθαι
3055 4663 3166 4726 τοῖς
3199 4660 3349 4731 παρά
3377 4661 3476 4729 τῆς
3509 4657 3685 4712 παιδί-

2021 4761 2156 4814 σκης
2188 4744 2513 4814 γινομένοις,
2536 4745 2726 4816 ἐπειδὴ
2748 4745 2892 4811 ἀπαξ
2919 4743 3242 4813 ἐκοινώνησέ
3268 4759 3358 4812 μοι
3377 4742 3477 4811 τῆς
3498 4739 3679 4808 εὐνῆς·

2022 4828 2258 4897 μάνθανε
2287 4828 2370 4881 ὃτι
2399 4827 2493 4880 καὶ
2525 4827 2807 4898 πρότερον,
2844 4829 2893 4879 εί
2929 4829 3004 4898 μή
3033 4843 3115 4879 σοι
3159 4822 3462 4878 ὑπακοῦσαι
3497 4821 3684 4892 βουλό-

2021 4928 2180 4980 μενος
2217 4910 2376 4964 τοῦτο
2416 4911 2808 4981 κατεδεξάμην,
2839 4911 2940 4962 οὐκ
2972 4909 3037 4962 ἀν
3069 4925 3199 4960 ποτε
3234 4906 3539 4976 ἠνεσχόμην
3582 4905 3684 4975 τὴν

2018 4994 2310 5064 παιδίσκην
2342 4995 2422 5056 εἰς
2452 4991 2550 5062 τὴν
2578 4992 2737 5060 εὐνὴν
2767 4992 2994 5058 ἀγαγεῖν
3027 4989 3124 5060 τὴν
3158 4990 3257 5058 σήν
3281 5003 3295 5018 ⁸
3341 4989 3436 5040 καὶ
3473 4986 3567 5039 νῦν
3596 4987 3685 5041 ἵνα

2016 5076 2105 5129 διά
2132 5075 2240 5129 τῶν
2267 5073 2608 5146 πραγμάτων
2633 5072 3075 5144 πληροφορηθῇς,
3117 5071 3228 5124 ίδοὺ
3271 5068 3422 5141 [390]
3451 5069 3555 5122 ὐπὸ
3581 5067 3683 5134 τὰς

2025 5158 2212 5230 χεῖράς
2237 5157 2331 5211 σού
2362 5159 2478 5210 ἐστι
2494 5172 2507 5186 ο
2527 5154 2656 5224 Χρῶ
2681 5157 2857 5224 αὐτῇ,
2883 5157 2964 5221 ὡς
2990 5156 3067 5208 ἄν
3094 5167 3193 5208 σοι
3217 5148 3549 5224 ἀρεστὸν
3587 5152 3682 5224 Μὴ

2017 5244 2127 5312 γὰρ
2157 5238 2456 5310 ύπετέμετό
2481 5237 2574 5292 σού
2603 5255 2686 5301 τις
2713 5237 2812 5309 τὴν
2841 5237 3120 5304 ἐξουσίανς
3155 5237 3228 5308 μὴ
3261 5236 3367 5309 γὰρ
3397 5237 3681 5309 ἀφῃρέθης

2016 5323 2184 5394 αὐτῆς
2209 5323 2308 5394 τὴν
2332 5319 2678 5386 δεσποτείαν;
2706 5321 2766 5374 EI
2802 5319 2910 5392 γάρ
2938 5320 3030 5374 καὶ
3058 5320 3157 5390 τὴν
3190 5321 3326 5392 πρὸς
3354 5321 3522 5392 αὐτὴν
3555 5338 3681 5375 συν-

2015 5407 2203 5460 ουσίαν
2242 5404 2636 5475 κατεδεξάμην,
2679 5403 2794 5456 ἀλλ’
2815 5403 2957 5474 ἔχεις
2978 5403 3148 5474 αὐτῆς
3167 5403 3265 5474 τὴν
3290 5403 3556 5468 ἐξουσίαν,
3585 5402 3680 5457 καὶ

2017 5489 2121 5542 ὑπὸ
2147 5486 2247 5549 τάς
2273 5486 2463 5557 χεῖράς
2501 5485 2592 5539 σού
2625 5487 2774 5539 ἐστι’
2814 5485 3029 5550 κόλαζε,
3059 5487 3379 5558 σωφρόνιζε,
3411 5485 3636 5554 ἐπιτίμα
3658 5502 3673 5517 ο

2013 5571 2042 5623 ὃ
2074 5570 2250 5641 βούλει
2284 5571 2378 5622 καὶ
2413 5568 2488 5633 ὡς
2533 5569 2754 5639 ἀρέσκει
2795 5585 2897 5636 σοι,
2928 5568 3070 5622 οὓτω
3109 5569 3436 5641 διαπράττου
3485 5569 3552 5621 τά
3593 5570 3673 5633 είς

2017 5651 2187 5722 αὐτήν
2209 5669 2222 5683 ·
2275 5652 2437 5718 μόνον
2473 5652 2549 5724 μὴ
2573 5653 2912 5724 δυσχέραινε,
2949 5655 3110 5726 μόνον
3137 5655 3211 5726 μὴ
3249 5656 3370 5722 ἐμοὶ
3403 5653 3678 5722 ἐπίγραφε

2019 5733 2086 5788 τά
2134 5735 2263 5806 παρ’
2310 5736 2482 5807 αὐτῆς
2530 5738 2816 5807 προπετῶς
2847 5745 3203 5810 γεγενημένα.
3257 5737 3389 5792 Οὐδὲ
3433 5737 3540 5810 γὰρ
3572 5736 3679 5793 ἀπὸ

2079 5887 2105 5928 b
2133 5878 2357 5940 Quinque
2384 5889 2496 5927 mss.
2534 5878 2595 5933 εἰς
2632 5879 2712 5935 τὴν
2733 5879 2873 5935 τάξιν.
