4020 6136
352 225 463 282 ‘55?

359 344 564 407 πάθους
604 341 805 396 οἰκείου
845 341 1157 414 κινούμενος
1190 345 1288 415 τῆς
1333 343 1467 414 πρὸς
1505 343 1674 416 αὐτὴν
1715 344 2023 415 ἠνεσχόμην

362 424 666 496 συνουσίας,
695 427 781 479 ἴνα
815 424 907 480 καὶ
930 426 1258 496 προσπαθῶς
1289 426 1537 479 ἐντεῦθεν
1567 425 1878 496 κινούμενος
1908 425 2027 480 ἀλο-

360 494 454 587 γέν
482 509 619 578 αὐτῇ
654 494 987 579 προστασίαν
1014 506 1109 560 δῶ.
1142 504 1273 562 Οἶδα
1316 506 1413 579 τήν
1441 494 1794 578 ὀφειλομένην
1828 523 1910 563 σοι
1952 527 2028 561 τι-

362 593 469 659 μήν
490 606 504 621 ⁸
562 591 661 643 οὐκ
689 589 869 659 ἀγνοῶ
896 589 1005 642 τῶν
1022 589 1247 644 οἰκετῶν
1273 590 1372 659 τὴν
1405 589 1816 660 ἀγνωμοσύνην.
1841 588 2026 651 Οὐδείς

363 691 451 741 μοι
483 670 685 742 ταύτης
725 670 902 739 λόγος,
935 671 1162 742 οὐδεμία
1194 671 1440 742 φροντίς
1483 671 1542 723 ἓν
1577 671 1692 723 ἐστί
1727 689 1815 741 μοι
1867 674 2025 742 μόνον

357 754 417 807 :6
453 752 904 824 σπουδαζόμενον,
935 753 996 806 :6
1031 754 1089 807 σὲ
1119 753 1346 818 ἄλυπον,
1369 754 1663 826 ἀτάραχον,
1692 756 1749 808 ἐν
1771 756 1904 825 τιμῇ
1929 752 2026 807 πά-

358 853 428 908 σῃ
462 836 787 890 καθεστάναι
828 836 1029 901 παντὸς
1056 836 1481 909 ἀπηλλαγμένην
1511 836 1775 908 λυπηροῦ.

427 927 486 973 ε’.
514 918 685 973 Τοῦτο
702 919 900 989 ἀληθές
919 921 1270 981 συνοικέσιον,
1286 919 1443 973 τοῦτο
1461 919 1619 991 ἀνὴρ,
1637 919 1764 973 ὅταν
1783 918 1857 990 μή
1874 919 2026 991 ἀκρι-

352 1002 646 1075 ϐολογῆται
674 1002 809 1074 πρὸς
841 1005 908 1056 τὰ
939 1004 1039 1073 τῆς
1063 1004 1318 1073 γυναικὸς
1342 1005 1585 1076 ῥήματα,
1613 1002 1746 1057 ἀλλά
1768 1006 1832 1074 τῇ
1864 1002 2026 1056 ἀσθε-

354 1088 473 1157 νείᾳ
520 1088 618 1155 τῆς
660 1087 873 1155 φύσεως
915 1087 1117 1159 πολλὴν
1153 1088 1331 1158 νέμων
1376 1089 1475 1159 τὴν
1526 1086 1858 1157 συγγνώμην
1895 1089 2023 1159 μίαν

358 1173 587 1224 ποιεῖται
619 1171 875 1239 σπουδὴν,
896 1169 1036 1223 ὥστε
1067 1172 1165 1242 τὴν
1188 1171 1363 1241 λύπην
1384 1169 1627 1224 ἐκποδὼν
1655 1172 1895 1242 ποιῆσαι,
1928 1173 2023 1226 καὶ

354 1255 422 1307 τὶι
449 1254 547 1324 τῆς
582 1255 800 1324 εἰρήνης
845 1255 941 1306 καὶ
985 1255 1083 1324 τῆς
1133 1255 1385 1324 ρμονοίας
1424 1254 1766 1322 συσφίγγειν.
1802 1255 2021 1309 Ἀκουέ-

354 1352 531 1389 τωσαν
559 1336 768 1406 ἄνδρες,
804 1337 898 1389 καί
944 1336 1319 1407 μιμείσθωσαν
1357 1336 1449 1389 τοῦ
1476 1338 1684 1391 δικαίου
1727 1338 1824 1408 τήν
1853 1339 2023 1392 ἐπιεί-

358 1435 530 1484 κειαν,
571 1421 665 1473 καὶ
689 1420 957 1490 τοσαύτην
990 1419 1121 1473 αἰδῶ
1148 1423 1242 1474 καὶ
1263 1420 1428 1492 τιμὴν
1453 1422 1572 1482 ταῖς
1600 1420 1846 1489 γυναιξὶν
1883 1423 2022 1476 ἀπο-

359 1503 687 1572 νεμέτωσαν,
728 1505 822 1556 καὶ
852 1503 927 1566 ὡς
959 1504 1329 1574 ἀσθενεστέρῳ
1355 1503 1537 1556 σκεύει
1565 1514 1591 1543 ἃ
1627 1504 2018 1574 φειδέσθωσαν,

353 1585 438 1639 ἵνα
468 1585 496 1636 6
533 1586 632 1656 τῆς
668 1585 917 1655 ὁμονοίας
945 1584 1236 1655 σύνδεσμος
1275 1585 1627 1656 ἐπιτείνηται.
1661 1586 1830 1639 Τοῦτο
1853 1587 1961 1659 γὰρ
1992 1590 2022 1642 6

350 1667 556 1739 ἀληθὴς
592 1667 842 1731 πλοῦτος,
870 1665 1009 1738 αῦτη
1039 1669 1071 1734 ή
1107 1666 1335 1737 μεγίστη
1372 1667 1678 1736 περιουσία,
1712 1669 1839 1722 ὅταν
1882 1667 2023 1739 ἀνὴρ

354 1752 491 1819 μετά
513 1751 771 1819 γυναικὸς
802 1748 876 1822 μή
902 1749 1137 1821 διχονοῇ.
1179 1748 1318 1802 ἀλλά
1351 1749 1602 1820 καθάπερ
1632 1750 1789 1820 σῶμα
1832 1749 1890 1802 ἓν
1930 1749 2020 1803 οὐ-

350 1851 457 1896 τως
477 1828 579 1887 ὦσι
611 1835 945 1907 συνημμένοι
967 1851 980 1865 ·
1017 1835 1302 1888 Ἔσονται
1327 1832 1456 1903 γὰρ,
1486 1834 1672 1903 φησὶν,
1702 1838 1755 1889 οἰ
1793 1833 1901 1887 δύο
1932 1837 2019 1899 εἰς

349 1916 548 1985 σάρκα
578 1919 745 1987 μίαν.
780 1916 845 1973 Ol
870 1915 1101 1970 τοιοῦτοι
1134 1915 1234 1970 κᾶν
1267 1918 1325 1972 ἐν
1354 1917 1515 1989 πενίᾳ
1547 1913 1669 1979 ὦσι,
1704 1917 1805 1971 κᾶν
1837 1919 1896 1971 ἐν
1925 1917 2018 1970 εὐ-

348 1999 550 2071 τελείᾳ,
585 2001 802 2056 πάντων
825 1999 892 2054 ἂν
933 1995 1040 2054 εἶεν
1085 2000 1568 2071 μακαριστότεροι,
1613 2000 1791 2071 ἀληθῆ
1821 1999 2018 2073 ἡδονὴν

350 2083 742 2154 καρπούμενοι,
776 2083 869 2137 καὶ
898 2085 955 2137 ἐν
990 2082 1229 2155 διηνεκεί
1257 2082 1472 2154 γαλήνῃ
1509 2083 1881 2146 καθεστῶτες·
1942 2084 2020 2148 ὼς

347 2165 400 2217 οἵ
425 2181 487 2232 γε
511 2164 715 2236 ταύτης
751 2164 826 2237 μὴ
867 2164 1253 2228 ἀπολαύοντες,
1289 2163 1428 2218 ἀλλά
1467 2163 1782 2235 ζηλοτύπως
1815 2164 2019 2218 διακεί-

352 2264 524 2316 μενοι,
582 2249 674 2300 καὶ
711 2248 773 2300 τὸ
814 2247 912 2319 τῆς
956 2249 1180 2318 εἰρήνης
1236 2245 1400 2301 καλὸν
1447 2245 1874 2318 διαφθείροντες,
1915 2247 2017 2301 κᾶν

349 2328 527 2400 πολλῷ
560 2331 955 2402 περιρρέωνται
989 2329 1220 2400 πλούτῳ,
1251 2329 1355 2383 κᾶν
1382 2329 1689 2393 πολυτελεῖς
1723 2329 1886 2398 ἔχωσι
1920 2329 2018 2394 τὰς

346 2412 642 2483 τραπέζας,
690 2413 795 2467 κάν
840 2414 898 2466 ἐν
929 2413 1256 2484 περιφανείᾳ
1300 2417 1539 2482 τύχωσιν
1582 2412 1753 2477 ὅντες,
1801 2412 2017 2466 πάντων

346 2495 706 2567 ἐλεεινότερον
731 2494 866 2559 ζῶσι
897 2495 1031 2564 βίον,
1067 2495 1290 2566 κύματα
1330 2497 1424 2547 καὶ
1451 2495 1694 2565 ταραχὰς
1737 2494 1858 2547 καθ’
1888 2494 2016 2547 ἐκά-

347 2594 481 2648 στην
518 2578 728 2649 ἡμέραν
782 2580 995 2642 ἑαυτοῖς
1041 2577 1406 2641 ἐπινοοῦντες,
1469 2576 1564 2630 καὶ
1604 2575 1866 2647 ἀλλήλους
1910 2577 2015 2630 ὑπ-

343 2661 688 2724 οπτεύοντες,
718 2659 814 2714 καὶ
826 2660 1082 2732 οὐδεμίαν
1105 2659 1298 2732 ἡδονὴν
1320 2659 1408 2729 έχε
1418 2677 1465 2713 ιν
1488 2658 1796 2729 δυνάμενοι,
1818 2658 1909 2712 τοῦ
1927 2658 2013 2714 ἐν·

342 2745 495 2799 δοθεν
529 2743 763 2816 πολέμου
789 2744 967 2799 πάντα
998 2744 1341 2813 συγχέοντος,
1378 2745 1473 2798 καί
1514 2745 1715 2817 πολλὴν
1744 2747 1802 2799 ἐν
1831 2747 2012 2809 αὐτοῖς

344 2828 443 2899 τὴν
475 2828 667 2898 ἀηδίαν
701 2827 1091 2899 ἐργαζομένου.
1131 2825 1271 2879 ’Δλλ’
1305 2826 1539 2882 ἐνταῦθα
1565 2828 1715 2882 οὐδὲν
1739 2829 1976 2882 τοιοῦτον
1995 2844 2009 2857 '

342 2911 478 2965 ἀ).λά
521 2910 609 2965 διά
636 2910 737 2981 τῆς
769 2908 973 2973 οἰκείας
1018 2910 1319 2971 ἐπιεικείας
1353 2910 1382 2961 6
1426 2910 1772 2982 πατριάρχης
1817 2911 1907 2963 τόν
1950 2927 2012 2963 τε

343 2993 513 3063 θυμὸν
554 2992 897 3062 ωτεμάλαξε
941 2992 1039 3060 τῆς
1088 2992 1398 3062 δεσποίνης,
1444 2991 1537 3045 καὶ
1578 2991 1703 3056 δοὺς
1745 2993 1883 3064 αὑτῇ
1913 2994 2013 3065 τὴν

342 3076 591 3140 ἐξουσίαν
617 3076 835 3130 ἃπασαν
865 3075 964 3145 τήν
988 3074 1129 3128 κατά
1151 3075 1251 3145 τῆς
1283 3074 1594 3145 παιδίσκης,
1627 3077 1852 3146 εἰρήνης
1886 3075 2013 3130 πολ-

341 3158 441 3227 λῆς
468 3157 763 3228 ἐνέπλησεν
797 3156 990 3211 ἑαυτοῦ
1021 3157 1120 3226 τὴν
1165 3158 1364 3210 οἰκίαν.
1411 3157 1521 3212 Καὶ
1557 3156 1868 3212 ἐκάκωσεν
1906 3162 2013 3214 αὐ-

339 3240 474 3306 τὴν,
504 3239 658 3309 φησί.
682 3240 864 3306 Σάρα,
889 3238 985 3292 καί
1011 3236 1237 3305 ἀπέδρα
1267 3237 1387 3293 ἀπὸ
1430 3239 1756 3307 προσώπου
1798 3239 2006 3310 αὐτῆς.

353 3321 570 3391 Ἐπειδὴ
601 3321 711 3390 γὰρ
748 3321 879 3383 ἴσως
919 3320 1176 3375 ἐκόλασεν
1205 3322 1375 3391 αὐτῆς
1404 3322 1503 3393 τὴν
1535 3325 1886 3393 προπέτειαν,
1930 3328 2012 3389 εἰς

340 3406 520 3475 φυγὴν
547 3403 762 3474 ἐτράπη
812 3405 845 3472 ή
889 3401 1168 3474 παιδίσκη.
1206 3402 1457 3457 Τοιοῦτον
1495 3404 1603 3473 7&9
1644 3404 1751 3458 τῶν
1784 3407 2010 3460 οἰκετῶν

338 3490 399 3544 :6
428 3489 575 3552 ἐθος⁸
609 3485 830 3539 ἐπειδὰν
864 3483 941 3556 μὴ
963 3483 1057 3556 ἐξῇ
1095 3484 1278 3550 αὐτοῖς
1302 3484 1381 3555 τῷ
1400 3486 1586 3557 οἰκείῳ
1610 3488 1796 3561 τρόπῳ
1818 3490 2010 3561 κεχρῆ.

341 3572 486 3635 σθαι,
541 3568 655 3623 ἀλλ’
702 3567 1038 3638 ἐγκόπτηται
1087 3567 1265 3622 αὐτῶν
1308 3567 1378 3621 τά
1436 3568 1538 3640 τῆς
1589 3571 2007 3644 ἐπιχειρήσεως,

336 3652 540 3714 εὐθέως
566 3648 841 3721 ἀφηνιῶσι
866 3648 976 3703 τῶν
999 3646 1296 3715 δεσποτῶν,
1333 3649 1427 3703 καὶ
1455 3650 1590 3721 πρὸς
1617 3652 1796 3726 φυγὴν
1820 3653 2009 3725 ὁρμῶ-

337 3754 442 3792 σιν.
473 3734 632 3789 Ἀλλά
645 3735 744 3807 δρα
769 3733 930 3788 πάλιν
954 3731 1187 3787 ἐνταῦθα
1208 3733 1379 3805 πόσης
1404 3733 1664 3789 ἀπολαύει
1684 3737 1784 3806 τῆς
1804 3736 2010 3793 ἀνωθεν

338 3822 555 3893 ροπῆςδ
587 3821 680 3873 καί
716 3820 750 3891 ή
796 3817 1081 3887 παιδίσκη,
1119 3815 1207 3870 διὰ
1243 3815 1341 3888 τήν
1366 3816 1447 3880 εἰς
1471 3817 1561 3872 τὸν
1588 3818 1794 3873 δίκαιον
1818 3823 2005 3892 τιμήν.

348 3901 567 3974 Ἐπειδὴ
595 3901 706 3971 7&9
735 3899 1027 3971 περιέφερε
1055 3898 1172 3969 μεθ’
1190 3899 1390 3970 ἐαυτῆς
1412 3899 1507 3954 τοῦ
1529 3900 1739 3955 δικαίου
1768 3902 1830 3956 τὸ
1857 3902 2006 3977 [591]

336 3987 581 4058 σπέρμα,
607 3982 694 4037 διά
725 3982 883 4036 τοῦτο
912 3981 1008 4035 καὶ
1040 3981 1140 4051 τῆς
1171 3980 1435 4046 ὀπτασίας
1470 3979 1715 4045 ἀξιοῦται
1735 3985 1831 4055 τῆς
1858 3987 2012 4056 παρά

320 4068 427 4121 ’τοῦ
450 4065 705 4135 ἀγγέλου.
727 4060 883 4131 Εὗρε
913 4061 1023 4132 γὰρ
1052 4062 1266 4129 αὐτὴν,
1292 4061 1478 4131 φησὶν,
1508 4061 1763 4131 ἅγγελος
1786 4067 2009 4136 Κυρίου

313 4151 433 4205 ,ἐπὶ
456 4147 564 4215 τῆς
592 4144 793 4215 πηγῆς
820 4144 928 4198 τοῦ
966 4144 1186 4209 ὕδατος
1209 4144 1280 4196 ἐν
1316 4142 1394 4211 τῇ
1423 4143 1641 4212 ἐρήμῳ,
1676 4146 1746 4201 ἐν
1780 4147 1855 4217 τῇ
1891 4149 2010 4216 ὀδῷ

337 4231 512 4296 Σούρ.
547 4227 747 4280 Σκόπει
781 4224 1191 4295 φιλανθρωπίαν
1223 4225 1516 4287 Δεσπότου,
1548 4227 1666 4291 πῶς
1689 4229 1876 4285 οὐδένα
1911 4250 2008 4286 πε-

318 4313 519 4383 ριορᾷ,
568 4307 706 4362 ἀλλά
747 4305 850 4360 κᾶν
886 4304 1106 4376 οἰκέτης
1141 4301 1198 4377 ᾗ,
1255 4306 1358 4361 κάν
1403 4308 1688 4380 παιδίσκη,
1739 4311 1902 4377 αὐτὸς
1948 4316 2007 4369 ἐν

316 4395 471 4446 -πᾶσι
496 4390 595 4463 τήν
610 4386 815 4443 οἰκείαν
831 4386 1200 4442 ἐπιδείκνυται
1232 4388 1508 4461 πρόνοιαν,
1539 4391 1599 4444 οὐ
1625 4392 1760 4465 1:96;
1775 4393 1873 4466 τὴν
1899 4397 2005 4452 τῶν

335 4473 661 4543 ἀξιωμάτων
691 4470 833 4541 ὁρῶν
874 4469 1163 4540 διαφορὰν,
1188 4468 1342 4527 ¹ἀλλά
1383 4472 1520 4544 πρὸς
1557 4473 1656 4545 τὴν
1687 4475 1786 4546 τῆς
1830 4477 2005 4549 ψυχῆς

312 4554 595 4609 διάθεσιν.
624 4550 892 4606 Ἐνταῦθα
925 4551 983 4604 δὲ
1016 4553 1076 4605 οὐ
1103 4552 1192 4606 διά
1218 4553 1317 4625 τὴν
1346 4558 1445 4627 τῆς
1475 4557 1768 4628 παιδίσκης
1796 4557 1952 4625 ἀξίαν
1976 4564 2005 4615 6

313 4638 563 4710 ,ἅγγελος
595 4636 902 4706 ἐφίσταται,
924 4634 1060 4689 ἀλλά
1077 4635 1166 4716 διὰ
1186 4639 1284 4707 τὴν
1315 4638 1452 4709 πρὸς
1471 4639 1563 4693 τὸν
1587 4639 1792 4696 δίκαιον
1818 4644 2001 4716 τιμήν.

332 4722 603 4793 ’Καθάπερ
638 4719 747 4790 7&9
781 4716 952 4789 ἔφθην
978 4714 1172 4784 εἰπὼν,
1197 4719 1364 4790 ἐχρῆν
1395 4721 1564 4792 αὐτὴν
1608 4723 1808 4795 πολλῆς
1833 4714 1999 4793 ἀξιω-

324 4808 494 4878 θῆναι
532 4803 808 4876 προνοίας,
842 4800 930 4854 διὰ
963 4799 1024 4854 :6
1066 4798 1225 4865 ἀξίαν
1258 4801 1510 4870 γενέσθαι
1547 4803 1903 4870 ὑποδέξασθαι
1943 4810 2005 4866 :6

332 4888 426 4941 τοῦ
458 4885 665 4941 δικαίου
704 4883 945 4953 σπέρμα.
978 4881 1089 4936 Καὶ
1120 4883 1312 4951 εὑρὼν
1340 4884 1555 4954 αὐτὴν.
1598 4889 1784 4957 φησὶν,
1823 4894 1857 4945 ό
1898 4893 2004 4963 ἅτ.

316 4974 512 5040 ,γεῖος
555 4966 726 5024 εἶπεν
771 4964 948 5034 αὐτῇ·
983 4964 1159 5036 ’Ἅγαρ
1207 4969 1496 5038 παιδίσκη
1555 4970 1770 5041 Σάρας,
1822 4977 2006 5034 πόθεν

312 5056 503 5124 ἔρχῃ,
539 5055 640 5109 καί
674 5053 794 5108 ποῦ
834 5058 1098 5127 πορεύω
1132 5052 1272 5125 Ὅρα
1314 5054 1432 5118 πῶς
1479 5056 1577 5111 καὶ
1613 5055 1685 5110 τά
1716 5060 1868 5129 παρὰ
1912 5061 2004 5116 τοῦ

312 5137 568 5215 ,ἀγγέλου
605 5139 686 5202 εἰς
730 5139 1037 5213 ὑπόμνησιν
1069 5138 1237 5210 αὐτὴν
1285 5134 1388 5209 ἦγε
1426 5139 1525 5210 τῆς
1568 5140 1773 5207 οἰκείας
1824 5142 2001 5211 ἀξίας.

314 5222 456 5273 ’Ἵνα
495 5220 604 5291 γὰρ
646 5224 1159 5296 προσεκτικωτέραν
1193 5220 1364 5293 αὐτὴν
1404 5225 1628 5295 ποιήσῖίι
1665 5225 1868 5291 εὐθέως
1904 5228 2002 5301 τὴν

322 5303 707 5374 προσηγορίαν
729 5306 908 5381 ἀὐτῆς
940 5309 1019 5370 εἰς
1054 5306 1218 5378 μέσον
1247 5306 1441 5376 ἤγαγε,
1466 5305 1560 5359 καί
1590 5324 1775 5378 φησιν,
1801 5309 1999 5381 Ἅγαρ.

318 5384 619 5456 ῦὶίὠθαμεν
655 5378 765 5458 γάρ
802 5405 919 5453 πως
961 5389 1192 5453 ἐκείνοις
1237 5388 1532 5460 προσέχειν
1566 5390 1767 5458 μᾶλλον
1795 5378 1907 5457 τοῖς
1940 5378 2003 5462 ἐξ

313 5470 595 5539 ιόνόματος
630 5472 777 5542 ἡμᾶς
807 5471 1082 5527 καλοῦσιν.
1104 5468 1241 5527 Εἶτά
1269 5489 1424 5543 φησι,
1454 5472 1749 5543 Παιδίσκη
1778 5475 1999 5545 Σάρας·

316 5554 742 5626 ὠπομιμνήσκει
769 5554 940 5624 αὐτὴν
959 5555 1058 5625 τῆς
1087 5555 1396 5626 δεσποίνης,
1437 5557 1521 5610 ἵνα
1543 5556 1741 5612 εἰδέναι
1773 5557 1891 5630 ἔχῃ.
1913 5563 1997 5616 ὅτι

318 5635 434 5690 ,κᾶν
468 5637 725 5706 μυριάκις
765 5638 862 5707 τῆς
903 5636 1230 5708 δεσποτικῆς
1270 5638 1431 5708 εὐνῆς
1471 5639 1849 5711 ἐκοινώνησεν,
1884 5642 2001 5695 ἀλλ’

393 5805 420 5876 ξ’
447 5808 531 5876 δίο
550 5808 699 5857 Savil.
722 5809 1006 5875 clquinqqe
1030 5820 1142 5876 [1358.
1161 5807 1403 5876 ΛιΜοιυοι.
1430 5811 1764 5876 ἀσθενεστέρου
1777 5814 1987 5873 σκεύους.

380 5864 420 5904 ιδ
445 5870 671 5932 Quinque
706 5864 820 5919 ιιιδεί
849 5864 1125 5927 τῆς-ἀνωθεν
1150 5870 1386 5933 προνοίας.

1129 230 1187 285 S.
1227 228 1511 285 JOANNIS
1548 224 2011 285 CIIR\SOSTOM

2183 224 2259 281 CH
2275 225 2401 281 lEP.
2445 225 2991 285 CONST'ANTINOP.

3693 232 3799 290 3’3

3750 260 3763 273 ἱ

3751 278 3761 285 ο

3750 260 3763 273 ἱ

3751 278 3761 285 ο

2130 342 2279 413 ὅμως
2325 343 2418 396 καί
2457 343 2708 396 δεσπότιν
2757 342 2959 411 ὀφείλει
3015 340 3416 413 ἐπιγράφεσθαι
3451 342 3552 415 τὴν
3598 344 3801 418 Σάραν.

2129 427 2275 496 Ὅρα
2315 424 2493 479 τοίνυν
2540 425 2632 479 τὸν
2672 425 2901 495 ἄγγελον
2938 424 3362 495 πυνθανόμενον,
3393 425 3479 480 ’ίνα
3526 429 3608 493 είς
3636 431 3807 500 ἀνάγυ

2127 527 2229 581 κην
2263 509 2434 579 αὐτὴν
2481 509 2663 581 ἀγάγῃ
2715 508 2815 579 τῆς
2863 506 3225 578 ἀποκρίσεως.
3277 505 3469 571 Πόθεν,
3511 512 3667 582 φησὶ,
3708 511 3804 565 νῦν

2125 592 2205 654 εἰς
2254 592 2353 662 τὴν
2408 590 2615 662 ἔρημον
2660 590 2862 659 ταύτην
2932 588 3335 659 παραγέγονας,
3396 592 3491 644 καὶ
3548 591 3655 645 ποῦ
3704 594 3803 665 τὴν

2124 672 2300 743 ὁρμὴν
2331 673 2509 742 ἕχεις;
2542 671 2640 724 Διά
2671 672 2829 725 τοῦτο
2866 672 2960 724 καὶ
2991 672 3071 734 εἰς
3104 671 3273 742 αὐτὴν
3296 670 3396 743 τὴν
3431 673 3637 745 ἔρημον
3663 679 3800 747 αὐτῇ

2125 755 2394 826 γενομένῃ
2451 755 2700 824 φαίνεται
2749 757 2776 808 6
2830 753 3078 823 ἄγγελος,
3114 754 3204 807 ἵνα
3257 753 3332 827 μή
3374 757 3571 828 νομίσῃ
3617 758 3804 822 ἁπλῶς

2124 855 2247 891 τινα
2298 838 2407 891 τῶν
2463 839 2765 909 παριόντων
2793 834 2930 892 εἶναι
2957 836 3048 890 τὸν
3086 837 3417 907 πυθόμενον*
3449 840 3660 910 ἐρημία
3694 840 3801 909 γὰρ

2123 916 2213 991 ἦν,
2253 931 2277 960 ο
2325 921 2420 974 καί
2470 922 2644 985 οὐδεὶς
2685 922 2868 993 ἐτερος
2901 921 3107 991 παρῆν’
3159 921 3248 976 ἵνα
3288 920 3382 976 οὖν
3424 922 3625 977 εἰδέναι
3675 924 3796 994 ἔχῃ,

2124 1004 2206 1058 ὅτι
2254 1004 2352 1075 οὐχ
2389 1004 2576 1068 ἁπλῶς
2619 1006 2767 1058 ἐστιν
2809 1006 2838 1057 ὁ
2885 1002 3065 1074 τυχὼν
3103 1004 3132 1055 6
3175 1004 3310 1075 πρὸς
3350 1005 3518 1076 αὐτὴν
3550 1005 3797 1074 διαλεγό-

2127 1104 2308 1158 μενος,
2342 1087 2430 1141 διά
2474 1087 2631 1141 τοῦτο
2670 1090 2727 1142 ἐν
2754 1090 2821 1158 τῇ
2865 1089 3057 1159 ἐρήμῳ
3091 1088 3278 1155 φανεὶς
3321 1085 3648 1141 πυνθάνεται
3702 1089 3798 1142 αὐ-

2122 1169 2256 1237 τῆς·
2296 1170 2411 1223 Καί
2450 1184 2640 1239 φησιν
2661 1169 2891 1237 ἐκείνηο
2941 1169 3074 1223 Ἀπὸ
3115 1168 3436 1236 προσώπου
3462 1168 3661 1238 Σάρας
3681 1169 3797 1237 τῆς

2124 1253 2338 1323 κυρίας
2355 1270 2475 1322 μου
2492 1252 2606 1323 ἐγὼ
2626 1251 3066 1320 ἀποδιδράσκω.
3085 1252 3247 1323 Ὁρᾷς
3277 1251 3392 1316 πῶς
3417 1252 3517 1305 οὐκ
3545 1255 3799 1325 ἀρνεῖται

2120 1338 2219 1409 τὴν
2257 1338 2594 1401 δεσποτείαν,
2626 1337 2740 1391 ἀλλ’
2762 1336 3013 1409 ὁμολογεῖ
3052 1337 3191 1406 μετὰ
3236 1335 3491 1407 ἀληθείας
3541 1336 3798 1400 ἃπαντας

2124 1422 2238 1474 Οὐκ
2268 1420 2403 1486 ἐστι,
2436 1422 2619 1492 φησὶν,
2647 1418 2931 1490 ἄνθρωπος
2968 1421 2997 1472 ό
3024 1419 3446 1490 πυνθανόμενος,
3472 1420 3558 1473 ἵνα
3583 1418 3805 1487 δυνηθῶ

2124 1504 2638 1576 παρακρούσασθαι.
2668 1502 2961 1573 ΠρολαᾶἶΝ
3006 1501 3099 1555 καὶ
3145 1501 3245 1571 τὴν
3277 1502 3647 1573 προσηγορίαν
3680 1497 3803 1554 εἴη

2121 1589 2219 1658 τὴν
2247 1587 2407 1659 ἐμὴν,
2435 1587 2530 1641 καὶ
2558 1586 2659 1657 τῆς
2694 1585 2979 1655 δεσποίνης
3005 1585 3249 1656 ἐμνήσθη
3267 1601 3280 1615 ·
3324 1586 3590 1655 προσήκει
3617 1586 3803 1638 τοίνυν

2122 1669 2264 1739 κά.μέ
2310 1667 2449 1739 μετὰ
2493 1666 2748 1737 ἀληθείας
2792 1667 3008 1720 ἅπαντα
3059 1667 3256 1718 εἰπεῖν.
3278 1665 3421 1719 Ἀπὸ
3448 1664 3800 1733 προσώπου,

2122 1752 2276 1820 φησί,
2318 1749 2514 1818 Σάρας
2538 1748 2648 1818 τῆς
2681 1750 2889 1817 κυρίας
2915 1765 3036 1817 μου
3064 1747 3178 1817 ἐγὼ
3203 1745 3804 1819 ἀποδιδράσκω.“ορα

2121 1834 2239 1899 πῶς
2281 1832 2599 1903 ἀνεπαχθῶς
2631 1832 2730 1903 τήν
2760 1832 2979 1902 μνήμην
3023 1831 3336 1902 ἐποιήσατο.
3372 1830 3446 1883 Οὐ
3484 1830 3592 1900 7&9
3623 1825 3800 1893 εἶπεν,

2118 1918 2200 1970 ὅτι
2228 1916 2388 1970 Δεινά
2421 1932 2487 1988 με
2522 1914 2769 1985 διέθηκεν
2789 1930 2803 1944 ⁸
2843 1913 2944 1967 οὐκ
2967 1909 3141 1978 εἶπεν,
3172 1913 3255 1966 ὅτι
3282 1911 3565 1966 Ἐκάκωσέ
3587 1929 3677 1983 με,
3707 1914 3802 1966 καὶ

2118 1999 2207 2053 διὰ
2231 1999 2290 2053 τὸ
2319 1999 2394 2070 μὴ
2420 1997 2606 2069 φέρειν
2635 1996 2734 2068 τὴν
2763 1995 2963 2067 πολλὴν
2996 1995 3290 2066 ἐπάχθειαν
3316 1996 3395 2059 εἰς
3430 1993 3607 2065 φυγήν
3642 1996 3803 2067 ἐτρά-

2119 2096 2257 2152 πην’
2290 2082 2440 2135 οὐδὲν
2467 2081 2726 2150 δυσχερὲς
2750 2078 3072 2148 ἐφθέγξατο,
3096 2078 3229 2132 ἀλλά
3257 2078 3416 2149 μόνον
3447 2078 3651 2149 ἐαυτῆς
3671 2095 3803 2132 κατ-

2118 2165 2388 2237 ηγόρησεν
2436 2164 2513 2227 ὡς
2563 2162 2967 2234 ἁποδρασάσης.
2999 2159 3153 2226 Εἶδες
3182 2163 3353 2232 αὑτῆς
3383 2161 3483 2233 τὴν
3510 2163 3799 2232 εὐγνωμοο

2120 2248 2320 2319 σύνηνς
2359 2249 2501 2319 Ὅρα
2528 2247 2688 2302 πάλιν
2718 2248 2786 2300 τά
2814 2246 2964 2317 παρά
2993 2245 3087 2300 τοῦ
3114 2246 3347 2315 ἀγγέλου
3368 2246 3635 2316 εἰρημένα
3664 2246 3800 2317 πρὸς

2116 2333 2305 2401 αὐτήν·
2342 2327 2488 2384 Εἷπε
2522 2329 2589 2383 δὲ
2615 2328 2773 2399 αὐτῇ
2806 2332 2840 2384 ὀ
2878 2329 3131 2400 ἅγγελος
3162 2328 3381 2395 Κυρίου
3401 2345 3416 2360 ο
3468 2326 3799 2396 Ἀποστράο

2117 2417 2257 2483 5:170:
2281 2414 2429 2483 πρὸς
2457 2413 2570 2480 τὴν
2598 2413 2813 2481 κυρίαν
2833 2428 2971 2475 σου,
3001 2413 3098 2465 καί
3127 2410 3519 2479 ταπεινώθητι
3541 2410 3662 2464 ὑπὸ
3690 2410 3800 2475 τὰς

2117 2497 2318 2566 χεῖρας
2345 2494 2552 2563 αὐτῆς.
2588 2494 2732 2567 Πρὸς
2757 2495 2855 2564 μὲν
2878 2495 2938 2548 τὸ
2959 2496 3153 2557 εἰπεῖν,
3172 2492 3305 2548 Ἀπὸ
3333 2493 3661 2562 προσώπου
3688 2490 3801 2559 τῆς

2116 2579 2328 2647 κυρίας
2368 2594 2487 2647 μου
2533 2577 2974 2646 ἀποδιδράσκω,
3008 2578 3193 2649 φησὶν,
3210 2575 3677 2646 Ἀποστρὰςοηθι,
3706 2578 3801 2629 ἐπ-

2117 2659 2327 2723 άνελθε,
2375 2659 2450 2731 μὴ
2498 2659 2830 2729 ἀγνωμόνως
2874 2658 3114 2714 διάκεισο
3159 2659 3290 2731 περὶ
3333 2660 3433 2731 τὴν
3456 2657 3697 2712 τοσαῦτά
3734 2673 3799 2712 σε

2116 2743 2580 2813 εὐεργετήσασαν.
2616 2737 2771 2805 Εἶτα,
2801 2742 2990 2815 ἐπειδὴ
3029 2742 3089 2808 ἐξ
3116 2741 3437 2806 ἀλαζονείας
3464 2744 3559 2797 καὶ
3596 2744 3801 2813 φρονή-

2117 2841 2286 2894 ματος
2319 2825 2520 2896 ὑψηλοῦ
2553 2825 2688 2897 πρὸς
2731 2825 2903 2897 ὀργήν
2945 2825 3187 2896 διήγειρε
3216 2825 3315 2897 τὴν
3350 2825 3552 2895 ἑαυτῆς
3573 2825 3800 2877 δέσποι-

2113 2924 2232 2970 ναν,
2263 2909 2432 2978 φησί·
2479 2908 2588 2962 Καὶ
2629 2907 3016 2976 ταπεινώθητι
3057 2906 3176 2963 ὑπὸ
3208 2908 3314 2973 τὰς
3347 2906 3549 2976 χεῖρας
3578 2904 3796 2973 αὐτῆς,

2114 2990 2412 3045 ὑποτάττου
2448 2992 2586 3061 αὐτῇ
2609 3010 2620 3023 ο
2666 2990 2825 3044 τοῦτο
2851 2991 2959 3061 γάρ
3001 3008 3082 3044 σοι
3127 2989 3798 3056 λυσιτελεί.Ἐπιγίνωσκε

2111 3073 2209 3145 τὴν
2258 3073 2521 3135 δουλείαν,
2558 3073 2633 3144 μή
2679 3073 2863 3141 ἀγνόει
2917 3073 3014 3145 τὴν
3054 3073 3395 3136 δεσποτείαν,
3430 3071 3596 3143 μηδὲν
3638 3069 3798 3143 [3921

2112 3156 2315 3226 ὑψηλὸν
2364 3156 2571 3227 φρόνει,
2610 3154 2684 3225 μὴ
2730 3155 2798 3208 τὰ
2828 3157 2969 3226 ὑπὲρ
3004 3156 3204 3224 σαυτήν
3247 3154 3557 3225 φαντάζου’
3594 3157 3799 3208 Tuae:-

2110 3239 2325 3307 νὼθητι
2371 3237 2489 3292 ὑπὸ
2539 3235 2645 3303 τὰς
2697 3237 2900 3306 χεῖρας
2923 3236 3134 3307 αὐτῆς,
3168 3237 3366 3307 πολλὴν
3396 3235 3667 3302 ἐπίδειξαι
3695 3236 3800 3306 τήν

2110 3327 2413 3397 ὑποταγὴν.
2431 3324 2649 3388 ἰκανῶς
2671 3325 2841 3394 αὐτῆς
2862 3325 2960 3397 τὴν
2980 3324 3159 3397 ψυχὴν
3185 3342 3317 3378 κατε
3325 3322 3531 3395 μάλαξε
3551 3322 3620 3376 τά
3640 3324 3797 3392 παρά

2108 3408 2203 3463 τοῦ
2244 3408 2476 3477 ἀγγέλου
2509 3407 2792 3479 εἰρημένα,
2824 3407 3168 3461 κατέστειλεν
3196 3408 3366 3478 αὐτῆς
3406 3407 3467 3459 :6
3508 3405 3795 3477 φρόνημα,

2109 3491 2437 3563 ἐχαλίνωσεν
2463 3489 2632 3561 αὐτῆς
2654 3489 2746 3544 τὸν
2780 3488 2970 3560 θυμὸν,
2998 3488 3199 3561 πολλὴν
3221 3490 3517 3561 εἰργάσατο
3543 3487 3791 3558 γαλήνην

2111 3575 2169 3628 ἐν
2195 3576 2306 3638 τοῖς
2343 3573 2642 3644 λογισμοῖς.

2182 3662 2258 3722 ς’.
2283 3651 2415 3709 Εἶτα
2429 3656 2516 3709 ἴνα
2541 3654 2615 3726 μὴ
2642 3655 2838 3727 νομίσῃ
2861 3654 3047 3720 ἀπλῶς
3064 3656 3157 3709 καλ⁸
3173 3655 3297 3726 εἰκῆ
3324 3655 3591 3726 τοσαύτης
3619 3651 3794 3722 ἠξιῶ-

2111 3738 2234 3792 σθαι
2268 3737 2537 3808 προνοίας,
2569 3736 2705 3789 ἀλλά
2730 3737 2875 3809 μάθῃ
2904 3737 2984 3790 ὅτι
3007 3737 3094 3790 διὰ
3119 3737 3181 3791 :6
3202 3735 3297 3790 τοῦ
3327 3736 3539 3790 δικαίου
3565 3736 3794 3807 σπέρμα

2107 3816 2375 3886 τοσαύτης
2400 3814 2660 3869 ἀπολαύει
2691 3816 2789 3886 τῆς
2814 3816 3161 3887 κηδεμονίας,
3191 3816 3294 3887 δρα
3328 3816 3444 3878 πῶς
3475 3814 3648 3884 αὐτὴν
3683 3830 3791 3866 πα-

2113 3896 2454 3967 ραμυθεῖται,
2484 3895 2578 3948 καὶ
2609 3893 2890 3965 ἀνίστησιν
2914 3897 3085 3966 αὐτῆς
3119 3893 3215 3966 τὴν
3239 3893 3435 3965 ψυχὴν,
3469 3894 3564 3946 καὶ
3586 3891 3792 3964 ἀρκοῦ-

2110 3991 2209 4028 σαν
2246 3973 2384 4044 αύτῇ
2428 3972 2711 4041 χαρίζεται
2743 3971 2843 4043 τὴν
2869 3972 3213 4043 παράκλησιν
3240 3971 3331 4025 διὰ
3361 3971 3471 4024 τῶν
3510 3971 3792 4040 ἐπαγομέ-

2108 4070 2234 4107 νων.
2266 4052 2374 4105 Καί
2412 4046 2583 4105 εἶπεν
2610 4049 2766 4119 αὐτῇ
2798 4053 2832 4104 ό
2863 4050 3119 4121 ἄγγελος
3164 4050 3416 4118 Κυρίουο
3452 4050 3792 4115 ιΙληθιεινιιην⁸

2106 4128 2397 4202 πληθυνῶ
2438 4129 2507 4182 τὸ
2546 4129 2784 4198 σπέρμα
2827 4144 2972 4195 σου,
3013 4130 3114 4185 καὶ
3159 4133 3271 4185 οὐκ
3319 4128 3790 4199 ἀριθμηθήσεται

2106 4209 2225 4266 ἀπὸ
2256 4207 2363 4262 τοῦ
2390 4206 2663 4274 πλήθους
2676 4206 2723 4261 ἀ.
2755 4208 2866 4261 Καὶ
2897 4208 3054 4262 τοῦτό
3083 4225 3186 4273 σοι,
3216 4209 3371 4281 φησί,
3402 4206 3656 4279 προλέγω
3702 4208 3789 4260 ὃτι

2106 4286 2359 4341 τοσοῦτον
2390 4286 2543 4339 ἕσται
2574 4287 2636 4339 :6
2675 4286 2894 4357 σπέρμα
2935 4305 3050 4355 σου,
3084 4288 3160 4352 ὡς
3209 4287 3345 4360 μηδὲ
3386 4285 3604 4359 ἀριθμῷ
3650 4288 3790 4339 ὑπο-

2107 4365 2418 4424 ϐάλλεσθαι.
2467 4364 2558 4436 Μὴ
2607 4365 2782 4419 τοίνυν
2827 4364 3047 4436 ἀθύμει,
3096 4366 3230 4438 μηδὲ
3271 4369 3597 4430 κατάπιπτε,
3646 4365 3789 4435 μηδέ

2105 4446 2373 4516 ταράττον
2396 4446 2508 4507 τοῖς
2529 4443 2831 4514 λογισμοῖς,
2863 4444 2998 4498 ἀλλά
3027 4449 3207 4498 πᾶσαν
3239 4445 3501 4510 ἐπίδειξαι
3526 4444 3624 4514 τὴν
3650 4443 3790 4495 ὑπο-

2105 4525 2295 4594 ταγὴν.
2316 4522 2471 4578 Ἰδοὺ
2503 4522 2615 4592 γὰρ
2640 4524 2710 4576 ἐν
2741 4523 2950 4593 γαστρί
2982 4524 3164 4593 ἔχεις,
3204 4524 3302 4578 καὶ
3325 4524 3468 4594 τέξῃ
3493 4524 3646 4588 υἱὸν,
3679 4522 3785 4574 καί

2106 4604 2386 4667 καλέσεις
2418 4602 2484 4655 τὸ
2508 4601 2696 4669 ὄνομα
2716 4603 2902 4659 αὐτοῦ
2936 4605 3209 4674 Ἰσραήλ.
3242 4603 3343 4657 Διά
3368 4603 3475 4676 7&9
3493 4602 3652 4657 τοῦτό
3671 4620 3783 4661 σοι.

2106 4683 2259 4755 φησί,
2300 4683 2393 4736 καὶ¹
2423 4682 2514 4736 τὸν
2548 4682 2705 4736 τόκον
2732 4682 3002 4753 προλέγω,
3049 4686 3141 4738 καὶ
3170 4684 3232 4737 :6
3271 4684 3439 4753 ὄνομα
3480 4683 3580 4754 ήδη
3605 4683 3790 4736 ἐπιτί-

2105 4765 2239 4833 θημι
2263 4762 2341 4833 τῷ
2368 4762 2520 4815 παιδί
2552 4760 2631 4831 τῷ
2657 4764 2979 4834 τικτομένῳ,
3019 4764 3105 4816 ἵνα
3134 4763 3352 4816 πλείονα
3378 4763 3478 4833 τὴν
3507 4763 3789 4832 πληροφο-

2106 4844 2228 4916 ρίαν
2256 4841 2549 4913 δεξαμένη,
2581 4840 2725 4894 οὖτω
2750 4842 2985 4914 ποιήσῃς
3018 4843 3116 4912 τὴν
3146 4842 3424 4906 ἐπάνοδον,
3464 4841 3559 4894 καί
3583 4841 3655 4894 τά
3676 4840 3787 4911 ήδη

2102 4921 2443 4992 ἐπταισμένα
2485 4919 2809 4992 διορθώσῃς·
2843 4921 2973 4975 Ὅτι
3011 4921 3343 4989 ἐπήκουσε,
3379 4921 3535 4991 φησί,
3563 4920 3787 4989 Κύριος

2102 5000 2178 5070 τῇ
2203 4999 2557 5056 ταπεινώσει
2583 5015 2722 5056 σου.

2185 5090 2464 5144 Ἐντεῦθεν
2492 5088 2851 5161 μανθάνωμεν
2894 5088 3020 5143 ὅσον
3058 5087 3166 5141 τῶν
3208 5086 3443 5156 θλίψεων
3469 5085 3532 5139 :6
3564 5084 3785 5155 κέρδος⁹

2102 5169 2200 5239 ὅση
2232 5166 2331 5238 τῆς
2379 5168 2665 5240 συμφορᾶς
2704 5168 2736 5236 ἡ
2774 5166 3265 5238 ὠφέλεια.Ἐπειδή
3302 5164 3411 5238 γάρ
3438 5163 3784 5235 ἀνεχώρησε,

2105 5248 2198 5302 καὶ
2224 5245 2294 5301 τὰ
2332 5247 2427 5316 τῆς
2460 5247 2652 5318 όδύνης
2676 5246 2908 5319 ηὐξήθη,
2941 5246 3033 5300 καὶ
3060 5246 3260 5318 πολλὴν
3290 5245 3497 5315 ὑπέστη
3523 5242 3635 5297 τῶν
3668 5243 3787 5296 θλί-

2104 5332 2248 5401 ψεων
2272 5330 2373 5401 τὴν
2398 5327 2741 5400 περίστασιν,
2770 5331 2830 5382 ἐν
2870 5326 3121 5399 μονώσει,
3153 5330 3211 5383 ἐν
3251 5327 3480 5400 ἐρημίᾳ,
3511 5328 3570 5380 ὲν
3599 5341 3788 5381 στενο-

2103 5408 2280 5483 χωρίᾳ
2303 5407 2585 5476 διάγουσα,
2617 5406 2756 5476 μετά
2799 5406 2896 5478 τὴν
2938 5406 3209 5478 τοσαύτην
3239 5407 3563 5478 εὐημερίαν,
3597 5405 3693 5457 καί
3722 5406 3792 5459 τὸ

2104 5482 2183 5554 εἰς
2226 5490 2284 5543 :6
2332 5488 2469 5559 αὐτῇ
2515 5489 2581 5559 τῇ
2631 5486 2889 5561 δεσποίνῃ
2920 5487 3128 5558 πρέπον
3157 5485 3374 5558 ἀξίωμα
3401 5482 3789 5554 ἀνενεχθῆναι,

2103 5565 2192 5621 ῖιὰ
2217 5566 2374 5621 τοῦτο
2405 5568 2625 5637 ταχείας
2651 5565 2933 5637 ἀπήλαυσε
2954 5565 3053 5637 τῆς
3081 5564 3439 5636 ἀντιλήψεως.
3455 5563 3644 5631 Ῑαῦτα
3671 5564 3792 5631 γάρ

2111 5665 2187 5700 τοι
2234 5647 2405 5712 ἔσται,
2451 5647 2635 5719 φησὶν,
2672 5648 2816 5718 ἅπερ
2850 5645 3185 5717 ὑπεσχόμην,
3218 5647 3313 5699 καὶ
3355 5644 3482 5715 τέξῃ
3519 5643 3656 5708 υίδν,
3688 5643 3795 5696 καὶ

2170 5817 2191 5879 (ξ
2215 5814 2520 5879 _Sic_sgplem
2544 5815 2739 5879 mss.jn
2764 5816 2875 5879 δον.
2906 5823 2959 5864 el
2983 5816 3155 5867 Morel.
3180 5816 3259 5865 καὶ
3284 5816 3432 5873 οὐδεὶς
3459 5820 3615 5879 παρῆεν

2050 5888 2055 5894 ·
2164 5873 2190 5912 ἀ
2214 5875 2263 5923 In
2299 5873 2468 5927 Biblﬁs
2492 5878 2581 5926 ὑπὸ
2611 5877 2695 5927 τοῦ
2734 5878 2951 5937 πλήθους.
