4020 6136
355 264 461 321 557

353 393 459 448 que
503 377 646 443 enim
695 376 828 432 meis
878 373 1247 430 affectionibus
1291 372 1539 428 incitatus
1579 387 1694 428 rem
1733 386 1854 427 cum
1880 385 1942 424 ea

357 469 536 532 habui,
569 479 623 522 ut
667 483 790 536 erga
821 483 936 522 eam
963 469 1040 521 sic
1062 463 1284 531 alliciar,
1330 476 1385 519 ut
1413 475 1599 520 contra
1641 464 1944 535 aequitatem

354 563 402 618 ei
446 561 766 632 patrociner.
801 561 926 616 Scio
951 577 1108 631 quem
1139 560 1228 614 tibi
1257 558 1481 614 debeam
1514 557 1810 624 honorem;
1842 571 1948 612 non

357 651 541 722 ignoro
569 651 885 706 famulorum
912 656 1174 722 ingratum
1204 651 1461 706 animum.
1484 649 1635 705 Nulla
1674 648 1804 704 mihi
1833 649 1948 719 ejus

357 743 432 797 rei
473 758 600 798 cura
632 743 714 798 vel
745 744 880 797 ratio
911 759 924 796 :
961 759 1124 797 unum
1159 751 1361 796 tantum
1388 749 1472 796 est
1507 741 1592 796 cui
1635 740 1845 806 studeo,
1893 747 1952 794 ut

357 841 409 886 tu
444 849 671 888 niterore
700 847 884 888 careas
927 841 982 888 et
1012 832 1335 898 turbatione,
1361 846 1425 888 ac
1469 832 1523 887 in
1554 831 1701 886 omni
1747 832 1822 887 sis
1855 830 1952 886 ho—

357 941 507 980 nere.

441 1017 495 1071 5.
537 1014 824 1087 Conjugum
868 1016 1048 1086 oﬁicia.
1080 1046 1153 1056 —
1177 1015 1289 1072 Hoc
1316 1023 1399 1071 est
1442 1029 1626 1070 verum
1657 1014 1946 1070 contuber-

357 1106 528 1174 nium,
562 1107 665 1162 hoc
709 1107 887 1162 mariti
916 1107 1174 1172 officium,
1199 1106 1413 1178 quando
1455 1123 1560 1161 non
1601 1122 1791 1177 magna
1831 1107 1954 1161 dili-

359 1199 538 1268 gentia
583 1198 651 1254 ad
699 1199 941 1255 mulieris
991 1209 1194 1269 spectat
1241 1200 1424 1264 verba,
1458 1197 1553 1254 sed
1600 1198 1951 1253 imbecillitati

359 1304 522 1348 sexus
551 1290 718 1344 venia:
761 1290 1002 1344 nonnihil
1046 1289 1308 1356 concedit,
1345 1290 1448 1345 hoc
1487 1305 1650 1344 unum
1681 1299 1949 1360 satagens,

360 1391 418 1435 nt
446 1396 477 1436 e
504 1381 680 1435 medio
725 1382 942 1436 tollatur
979 1383 1213 1448 tristitia,
1243 1390 1298 1437 et
1334 1396 1435 1453 pax
1465 1391 1626 1453 atque
1668 1383 1952 1438 concordia

360 1471 794 1540 constringantur
840 1472 1060 1527 arctius.
1120 1472 1350 1528 Audiant
1397 1473 1520 1541 viri,
1571 1481 1626 1528 et
1679 1474 1954 1530 imitentur

360 1562 485 1630 justi
513 1563 808 1631 lenitatem,
851 1571 905 1618 et
946 1573 1149 1619 tantum
1195 1565 1455 1620 honorem
1499 1581 1563 1622 ac
1596 1569 1951 1623 reverentiam

363 1655 673 1710 mulieribus
725 1656 978 1721 tribuant,
1023 1665 1077 1711 et
1117 1665 1389 1726 tamquam
1437 1656 1688 1714 imbecilli
1736 1660 1954 1715 vasculo

364 1754 604 1814 parcant,
648 1755 708 1801 ut
751 1746 1055 1803 concordia:
1103 1747 1374 1804 vinculum
1425 1749 1633 1806 firmius
1674 1750 1950 1805 consistat.

366 1837 471 1892 Illa:
501 1838 642 1893 enim
671 1854 810 1893 vera:
832 1848 957 1893 sunt
983 1838 1204 1903 divitiae,
1233 1839 1337 1894 illae
1361 1841 1610 1895 maximae
1645 1848 1770 1895 sunt
1790 1841 1954 1896 facul-

367 1938 524 1997 tates,
549 1929 594 1985 si
623 1930 705 1984 vir
725 1945 846 1985 cum
876 1929 1099 1985 muliere
1122 1945 1226 1984 non
1257 1929 1545 1995 discordet,
1570 1930 1662 1986 sed
1683 1930 1955 2001 conjuncti

363 2021 472 2076 sint
498 2029 556 2075 ut
586 2035 780 2090 corpus
811 2036 994 2076 unum.
1021 2019 1184 2075 Erunt
1211 2022 1378 2084 enim,
1409 2021 1720 2093 inquit,duo
1745 2022 1798 2077 in
1834 2039 1950 2076 car-

364 2129 478 2165 nem
507 2128 658 2165 unam
693 2111 844 2181 (Gen.
863 2110 917 2167 2.
941 2111 1058 2182 24).
1093 2111 1250 2167 Tales
1278 2111 1378 2168 etsi
1411 2113 1462 2167 in
1492 2123 1803 2184 paupertate
1823 2114 1951 2180 sint,

365 2204 466 2258 etsi
497 2203 549 2257 in
581 2203 801 2271 vilitate,
839 2205 1077 2259 omnium
1109 2214 1234 2260 sunt
1275 2205 1588 2275 beatissimi,
1616 2223 1798 2263 veram
1828 2224 1952 2279 per-

364 2295 567 2365 cipiunt
593 2297 940 2366 voluptatem,
964 2307 1018 2351 et
1053 2296 1105 2351 iu
1143 2298 1392 2352 continua
1423 2297 1623 2368 degunt
1658 2302 1955 2371 tranquilli-

368 2397 508 2443 tate:
537 2387 675 2445 sicut
693 2399 878 2443 contra
904 2389 994 2459 qui
1025 2389 1123 2444 hac
1151 2403 1256 2444 non
1289 2390 1556 2457 fruuntur,
1576 2391 1671 2446 sed
1694 2393 1954 2464 zelotypia

367 2481 628 2546 laborant,
659 2489 714 2535 et
761 2480 957 2536 bonum
1003 2481 1149 2552 pacis
1194 2482 1463 2548 amittunt,
1490 2483 1700 2540 etiamsi
1751 2487 1957 2556 magnis

367 2570 588 2626 afﬂuant
614 2571 830 2637 divitiis,
853 2573 1062 2628 etiamsi
1093 2583 1434 2643 sumptuosas
1461 2574 1689 2630 habeant
1718 2591 1953 2647 mensas,

367 2662 579 2718 etiamsi
625 2663 752 2717 clari
785 2661 982 2718 fuerint
1012 2679 1077 2720 ac
1125 2665 1352 2733 nobiles,
1383 2667 1671 2722 miserrimi
1715 2668 1955 2725 omnium

368 2761 493 2809 sunt
528 2771 540 2807 :
574 2755 754 2810 turbas
784 2766 836 2810 et
867 2754 1059 2810 ﬂuctus
1083 2755 1186 2812 sibi
1219 2756 1455 2828 quotidie
1482 2759 1806 2830 excogitant,
1834 2774 1957 2816 sese

369 2845 597 2900 invicem
651 2854 928 2915 suspectos
976 2844 1211 2912 habent,
1271 2846 1578 2917 nullamque
1629 2849 1954 2918 voluptatem

371 2937 573 2994 habere
617 2949 858 3009 possunt,
890 2941 1098 2998 interno
1155 2941 1297 2998 bello
1342 2943 1521 2997 omnia
1573 2944 1955 3015 confundente,

371 3029 698 3100 multamque
747 3030 826 3085 eis
864 3031 1272 3088 amaritudinem
1318 3033 1622 3090 invelicnte.
1649 3035 1843 3092 Verum
1870 3035 1959 3094 hic

370 3119 502 3174 nihil
537 3121 672 3187 tale;
703 3121 798 3176 sed
831 3123 1129 3192 patriarcha
1153 3123 1568 3204 indignationem
1591 3128 1961 3185 matris—fami-

372 3213 471 3268 lias
497 3229 592 3269 sua
623 3214 849 3284 placavit
876 3215 1124 3285 lenitate,
1165 3227 1219 3273 et
1255 3217 1374 3273 data
1404 3219 1453 3274 ei
1483 3229 1668 3274 contra
1706 3221 1955 3278 ancillam

374 3312 654 3372 potestate,
676 3305 891 3361 domum
917 3322 1044 3377 pace
1069 3308 1308 3378 replevit.
1327 3306 1397 3363 Et
1418 3310 1594 3381 afﬂixit
1615 3327 1745 3380 eam,
1767 3313 1955 3382 inquit,

371 3395 526 3462 Sara,
551 3397 816 3469 etaufugit
856 3416 888 3452 a
923 3400 1053 3470 facie
1079 3402 1208 3472 ejus.
1249 3402 1532 3473 Postquam
1563 3405 1779 3461 domina
1817 3406 1958 3464 illius

371 3489 575 3558 punivit
602 3489 960 3559 insolentiam,
993 3492 1166 3562 fugam
1198 3492 1316 3548 iniit
1343 3495 1556 3551 ancilla.
1589 3496 1732 3553 Talis
1755 3499 1956 3555 scilicet

370 3594 646 3635 servorum
676 3597 793 3638 mos
825 3592 907 3638 est
937 3601 949 3636 :
981 3585 1196 3654 quando
1217 3600 1322 3640 non
1353 3587 1678 3656 permittitur
1704 3589 1783 3644 eis
1810 3605 1958 3645 more

369 3687 466 3728 suo
499 3689 677 3744 agere,
721 3675 814 3731 sed
860 3676 1222 3746 impediuntur
1261 3693 1449 3732 eorum
1491 3689 1733 3745 conatus,
1778 3682 1955 3736 statim

371 3765 711 3821 dominorum
742 3767 914 3836 ruptis
935 3766 1120 3836 frenis,
1150 3767 1323 3838 fugam
1353 3778 1657 3838 capessunt.
1692 3769 1954 3826 Caeterum

372 3855 475 3909 hoc
502 3855 661 3910 etiam
692 3855 830 3920 vide,
855 3856 1123 3925 quomodo
1151 3858 1359 3912 ancillae
1385 3873 1674 3928 supernum
1701 3861 1954 3915 auxilium

370 3961 476 4001 non
502 3944 661 4008 desit.
681 3947 750 4002 ob
769 3947 897 4016 justi
930 3945 1182 4002 videlicet
1209 3947 1488 4002 honorem.
1521 3947 1652 4003 Nam
1682 3952 1804 4020 quia
1825 3950 1953 4020 justi

369 4051 552 4093 semen
584 4037 719 4092 intra
759 4052 818 4093 se
850 4036 1091 4108 gerebat,
1124 4037 1244 4093 ideo
1269 4047 1321 4092 et
1353 4039 1527 4110 angeli
1559 4052 1832 4110 aspectum
1873 4042 1952 4097 vi-

370 4127 497 4182 dere
523 4128 733 4182 meruit.
757 4128 809 4182 7.
837 4125 1035 4181 Invenit
1062 4128 1204 4183 enim
1234 4146 1365 4194 eam,
1399 4131 1586 4200 inquit,
1612 4133 1822 4202 angelus
1850 4132 1953 4187 Do-

370 4218 495 4272 mini
535 4235 692 4289 prope
725 4221 914 4291 fontem
957 4235 1104 4290 aqua:
1153 4220 1207 4274 in
1253 4220 1543 4286 solitudine,
1589 4222 1641 4276 in
1692 4223 1773 4276 via
1825 4224 1951 4279 Sur.

370 4309 662 4366 Considera
707 4311 1090 4381 benignitatem
1140 4311 1386 4376 Domini,
1431 4311 1699 4381 quomodo
1750 4313 1952 4368 nullum

370 4399 646 4470 deSpiciat,
665 4400 758 4455 sed
785 4401 994 4455 etiamsi
1016 4415 1202 4456 servus
1222 4401 1290 4456 sit
1315 4400 1394 4456 vel
1416 4401 1628 4476 ancilla,
1651 4417 1800 4457 suam
1827 4419 1951 4475 erga

369 4507 490 4546 curn
519 4491 754 4548 declaret
784 4491 1190 4562 providentiam,
1211 4507 1315 4546 non
1344 4491 1410 4546 ad
1437 4492 1752 4563 dignitatum
1783 4496 1952 4565 respi-

369 4585 516 4639 ciens
545 4584 924 4652 diﬂ'erentiam,
969 4583 1063 4641 sed
1105 4583 1172 4640 ad
1217 4585 1409 4640 anima:
1452 4584 1809 4642 affectionem.
1856 4587 1953 4643 llic

369 4687 546 4732 autem
576 4693 680 4732 non
711 4689 931 4748 propter
953 4677 1164 4732 ancilla:
1198 4677 1447 4732 meritum
1482 4678 1703 4749 angelus
1728 4679 1947 4746 assistit,

369 4766 464 4824 sed
491 4767 560 4822 ob
581 4768 838 4825 honorem
863 4768 1015 4839 justi.
1044 4767 1175 4823 Nam
1197 4769 1332 4822 sicut
1357 4768 1486 4834 dixi,
1515 4769 1670 4840 digna
1696 4779 1812 4825 erat
1830 4786 1949 4842 quae

367 4874 474 4914 non
523 4859 898 4929 negligeretur,
931 4874 996 4914 eo
1024 4859 1164 4929 quod
1196 4859 1352 4928 digna
1397 4857 1584 4914 fuisset
1615 4876 1735 4930 quae
1764 4876 1946 4917 semen

362 4949 492 5020 justi
521 4951 833 5019 susciperet.
864 4949 916 5004 8.
955 4949 1017 5003 Et
1045 4959 1096 5002 ut
1121 4966 1232 5004 eam
1251 4949 1436 5003 invenit
1460 4949 1690 5021 angelus,
1717 4952 1844 5006 dixit
1871 4953 1948 5007 ei:

371 5043 506 5112 Agar
525 5040 713 5096 ancilla
739 5039 904 5102 Sorte,
925 5039 1058 5094 unde
1079 5041 1230 5105 venis,
1255 5051 1301 5094 et
1329 5056 1426 5109 quo
1448 5041 1630 5095 vadis?
1663 5040 1791 5096 Vide
1817 5057 1951 5112 quo-

369 5135 527 5188 modo
556 5143 610 5188 et
650 5133 824 5204 angeli
853 5132 991 5187 dicta
1022 5147 1140 5186 eam
1171 5132 1223 5186 in
1263 5133 1576 5188 memoriam
1619 5147 1730 5188 sua:
1757 5133 1948 5188 condi-

369 5225 529 5280 tionis
576 5223 850 5280 inducant.
897 5223 1030 5278 Nam
1079 5234 1136 5278 ut
1181 5225 1520 5280 attentiorem
1569 5241 1687 5281 eam
1737 5225 1945 5288 reddat,

368 5316 545 5368 statim
574 5315 986 5386 appellationem
1016 5314 1248 5368 nominis
1275 5315 1390 5383 ejus
1421 5315 1475 5368 in
1509 5315 1742 5370 medium
1772 5316 1945 5383 aﬂ'ert,

367 5414 421 5458 et
449 5405 575 5458 dicit
601 5422 613 5458 :
655 5405 813 5476 Agar.
840 5405 1084 5460 Solemus
1108 5405 1250 5460 enim
1279 5404 1587 5476 diligentius
1620 5407 1944 5475 auscultare,

367 5495 579 5562 quando
626 5494 926 5550 nominibus
974 5495 1172 5551 nostris
1231 5511 1496 5552 vocamur.
1550 5496 1750 5553 Deinde
1795 5497 1944 5565 dicit,

369 5580 568 5638 Ancilla
588 5584 736 5642 Sara:
754 5603 773 5640 :
799 5602 906 5657 quo
941 5586 1207 5644 recordari
1237 5603 1353 5643 eam
1373 5587 1524 5659 jubet
1548 5590 1779 5646 domina:
1809 5606 1942 5658 sum,

367 5680 427 5726 ut
463 5674 599 5730 sciat
638 5692 715 5747 se,
746 5678 868 5736 licet
909 5679 1173 5751 particeps
1218 5679 1374 5737 fuerit
1414 5681 1594 5738 herilis
1639 5681 1779 5751 lecti,
1811 5691 1948 5738 atta-

1349 256 1412 310 I.\'
1451 256 1603 314 CAP.
1647 255 1782 314 XVI.
1828 249 2072 309 GENES.
2119 247 2342 304 IIOMIL.
2389 245 2671 303 XXXVIII.

3533 244 3640 302 358

2059 377 2180 417 men
2211 362 2481 418 dominam
2523 375 2815 433 agnoscere
2855 361 3051 418 debere
3088 361 3297 419 Suram.
3325 359 3457 416 Vide
3483 360 3643 434 igitur

2053 453 2303 524 angelum
2332 454 2773 524 interrogantem,
2807 462 2863 509 ut
2901 468 3019 509 eam
3047 453 3113 508 ad
3143 452 3500 525 respondendi
3546 470 3641 508 ne-

2054 545 2357 600 cessitatem
2386 554 2622 614 cogeret.
2656 543 2824 610 Unde,
2847 544 3036 616 inquit,
3058 559 3199 600 nunc
3223 543 3274 598 in
3300 543 3641 599 solitudinem

2058 637 2200 692 hanc
2247 637 2532 707 advenisti,
2565 650 2618 693 et
2648 654 2754 709 quo
2777 638 3098 693 contendis?
3148 639 3323 708 Atque
3349 638 3417 694 ob
3448 638 3550 694 hoc
3591 640 3643 694 in

2057 726 2156 782 hac
2181 728 2470 784 solitudine
2498 737 2778 800 comparet
2801 731 3041 800 angelus,
3062 738 3120 784 ut
3147 745 3211 784 ne
3239 739 3386 800 putet
3414 731 3644 800 aliquem

2057 834 2123 874 ex
2169 820 2474 890 vulgaribus
2521 820 2816 876 viatoribus
2859 836 2980 876 eum
3024 835 3144 877 esse
3185 821 3275 892 qui
3321 820 3647 893 interrogat:

2059 910 2290 965 solitudo
2315 912 2454 966 enim
2486 923 2620 979 erat,
2650 919 2706 966 et
2735 911 2912 968 nullus
2954 912 3090 967 alius
3134 912 3319 967 aderat
3348 930 3360 966 :
3396 922 3451 968 ut
3491 915 3649 985 igitur

2057 999 2196 1055 scire
2223 1003 2390 1071 possit
2416 1019 2522 1056 non
2553 1017 2672 1057 esse
2705 1002 2980 1074 vulgarem
3011 1003 3266 1074 aliquem,
3288 1005 3376 1074 qui
3408 1005 3506 1059 sibi
3535 1007 3649 1061 eol-

2059 1088 2311 1160 loqnitur,
2342 1103 2626 1162 eapr0pter
2670 1093 2721 1146 in
2747 1107 2930 1148 eremo
2960 1094 3224 1164 apparuit,
3255 1103 3309 1148 et
3350 1094 3649 1150 sciscitatus

2059 1179 2202 1233 illam
2235 1189 2317 1235 est
2349 1199 2362 1234 :
2410 1181 2473 1234 Et
2499 1183 2661 1250 inquit
2691 1182 2775 1236 illa
2811 1200 2822 1236 :
2859 1183 2898 1234 Α
2931 1183 3060 1254 facie
3087 1183 3236 1237 Sara:
3272 1183 3488 1238 domina:
3525 1200 3651 1240 mea!

2058 1285 2149 1341 ego
2175 1272 2339 1342 fugio.
2369 1271 2530 1327 Vides
2558 1272 2828 1343 quomodo
2867 1288 2970 1327 non
3000 1282 3156 1342 negat
3177 1273 3526 1342 dominatum,
3553 1277 3648 1330 scd

2056 1362 2342 1416 confitetur
2369 1376 2494 1417 vere
2517 1363 2734 1417 omnia?
2761 1362 2875 1417 Non
2902 1372 3004 1428 est,
3038 1363 3228 1432 inquit,
3255 1365 3416 1419 homo
3444 1366 3532 1434 qui
3565 1367 3647 1420 in-

2059 1459 2314 1522 terrogat,
2365 1463 2419 1507 ut
2460 1454 2662 1524 possim
2690 1453 2959 1524 decipere.
2996 1454 3232 1508 Primum
3278 1454 3411 1510 dixit
3455 1471 3649 1512 nomen

2059 1558 2259 1612 meum,
2287 1553 2341 1598 et
2369 1543 2599 1598 domina:
2622 1560 2755 1598 mea:
2785 1543 3029 1598 meminit
3057 1561 3070 1597 :
3103 1560 3198 1614 par
3218 1554 3300 1600 est
3326 1547 3486 1616 igitur
3508 1555 3564 1600 ut
3596 1558 3653 1602 et

2059 1647 2158 1702 ego
2187 1633 2364 1687 omnia
2395 1649 2520 1688 vere
2556 1633 2749 1688 dicam.
2774 1633 2815 1686 A
2844 1635 2995 1705 facie,
3023 1635 3213 1705 inquit,
3248 1633 3397 1690 Sara:
3435 1639 3652 1692 dominia

2059 1740 2183 1778 mea:
2209 1742 2299 1797 ego
2339 1727 2499 1798 fugio.
2544 1725 2676 1782 Vide
2704 1725 2972 1796 quomodo
3016 1727 3150 1781 citra
3180 1727 3361 1782 odium
3410 1730 3652 1784 meminit

2059 1813 2311 1874 dominio.
2338 1819 2454 1875 Non
2491 1821 2645 1888 dixit,
2676 1820 2758 1877 Me
2787 1820 2975 1876 afﬂixit
3007 1841 3019 1876 :
3054 1838 3161 1877 non
3203 1822 3358 1887 dixit,
3390 1824 3472 1881 Mc
3513 1827 3652 1881 male

2061 1913 2361 1980 tnulctavit,
2393 1929 2498 1968 non
2531 1929 2746 1984 possum
2771 1914 2910 1970 ferre
2952 1915 3251 1972 molestiam
3273 1919 3410 1987 ejus,
3443 1928 3498 1974 et
3532 1919 3652 1976 ideo

2059 2002 2238 2074 fugam
2267 2005 2359 2061 inii
2385 2025 2402 2062 ι
2435 2007 2564 2061 nihil
2593 2023 2841 2077 asperum
2872 2008 3088 2079 loqnuta
3113 2019 3216 2077 est,
3244 2011 3337 2066 sed
3369 2011 3542 2066 solum
3569 2027 3653 2068 se-

2060 2094 2230 2165 ipsam
2258 2105 2314 2152 ut
2337 2097 2608 2168 fugitivam
2639 2099 3132 2156 accusavit.Vidisti
3153 2102 3268 2171 ejus
3297 2103 3652 2172 probitatem?

2062 2185 2196 2243 Vide
2224 2189 2348 2258 quid
2382 2189 2575 2244 iterum
2614 2191 2834 2260 angelus
2860 2191 2910 2246 ei
2950 2191 3106 2246 dixit.
3148 2193 3200 2246 9.
3236 2192 3378 2247 Dixit
3412 2204 3579 2249 autem
3609 2198 3654 2249 ei

2060 2279 2271 2350 angelus
2317 2279 2562 2334 Domini:
2599 2280 2865 2337 Revertere
2892 2283 2960 2336 ad
3002 2283 3260 2340 dominam
3298 2295 3455 2352 tuam,
3487 2296 3532 2342 et
3561 2289 3654 2341 ltu~

2061 2371 2260 2425 miliare
2288 2372 2380 2426 sub
2407 2374 2640 2428 manibus
2668 2375 2796 2444 ejus.
2825 2374 2905 2429 Ad
2937 2375 3037 2430 hoc
3066 2376 3303 2446 quidem,
3324 2377 3463 2446 quod
3485 2378 3651 2433 dixit:

2061 2462 2106 2514 A
2133 2464 2266 2535 facie
2289 2463 2510 2518 dominae
2539 2481 2663 2520 mete
2687 2467 2849 2537 fugio,
2880 2467 3070 2537 inquit,
3099 2467 3382 2534 Revertere,
3406 2478 3460 2523 et
3490 2486 3556 2525 ne
3579 2472 3655 2526 sis

2063 2551 2269 2624 ingrata
2310 2569 2437 2624 erga
2483 2554 2755 2610 dominam
2807 2565 2971 2622 tuam,
2999 2572 3116 2628 qua:
3153 2558 3223 2614 de
3270 2567 3320 2614 te
3368 2573 3472 2615 tam
3521 2562 3656 2617 bene

2044 2646 2252 2701 'merita
2283 2657 2386 2702 est.
2419 2647 2641 2714 Deinde,
2669 2649 2792 2720 quia
2836 2666 2903 2705 ex
2931 2651 3066 2704 fastu
3097 2661 3150 2706 et
3177 2653 3424 2722 superbia
3463 2656 3656 2709 mentis

2062 2735 2333 2792 dominam
2362 2753 2512 2792 suam
2542 2740 2593 2792 in
2640 2740 2772 2792 iram
2797 2739 3144 2808 excitaverat,
3177 2743 3366 2812 inquit,
3395 2741 3462 2796 Et
3488 2745 3657 2799 Immi-

2062 2828 2190 2884 liare
2232 2831 2324 2884 sub
2362 2831 2592 2886 manibus
2633 2834 2764 2902 ejus,
2791 2833 3029 2903 subjecta
3073 2843 3189 2890 esto
3225 2835 3273 2891 ei
3307 2854 3320 2892 :
3371 2836 3473 2892 hoc
3511 2839 3652 2894 enim

2063 2921 2159 2977 tibi
2181 2921 2441 2993 proderit.
2470 2927 2716 2995 Agnosce
2759 2927 3097 2994 servitutem,
3128 2943 3194 2982 ne
3233 2929 3444 2999 ignores
3485 2931 3658 2988 domi-

2066 3012 2234 3081 nium,
2261 3013 2392 3068 nihil
2419 3015 2647 3070 sublime
2676 3017 2871 3086 sapite,
2897 3034 2964 3073 ne
2989 3019 3109 3088 plus
3137 3018 3204 3074 de
3233 3028 3286 3075 te
3307 3036 3464 3091 quam
3496 3038 3658 3093 opor-

2067 3117 2142 3162 tet
2195 3108 2444 3164 sentias:
2497 3108 2787 3164 Humiliare
2827 3111 2918 3164 sub
2964 3111 3193 3166 manibus
3233 3113 3363 3183 ejus,
3413 3129 3654 3185 magnam

2064 3217 2175 3272 pro:
2211 3211 2262 3258 te
2289 3203 2365 3258 fer
2395 3201 2776 3257 obedientiam.
2805 3202 2948 3258 Satis
2974 3204 3092 3272 ejus
3123 3204 3354 3258 animam
3383 3205 3656 3263 demulse—

2068 3300 2190 3346 rant
2218 3294 2390 3365 angeli
2414 3294 2574 3362 dicta,
2603 3302 2763 3364 atque
2784 3295 2901 3365 ejus
2930 3295 3174 3365 spiritum
3203 3307 3656 3367 compresserant,

2064 3385 2196 3438 satis
2233 3386 2573 3440 frenaverant
2599 3385 2713 3456 ejus
2751 3385 3102 3454 iracundiam,
3131 3387 3350 3444 multam
3379 3389 3433 3444 in
3459 3387 3659 3462 cogita-

2063 3477 2298 3533 tionibus
2326 3475 2669 3532 serenitatem
2696 3476 2948 3533 fecerant.

2136 3573 2189 3625 6.
2233 3570 2433 3626 Deinde
2459 3586 2527 3625 ne
2553 3580 2702 3640 putet
2730 3582 2932 3627 temere
2964 3581 3017 3628 et
3041 3573 3246 3644 absque
3272 3589 3431 3630 causa
3461 3591 3522 3632 se
3557 3577 3658 3632 hu-

2059 3661 2294 3731 jnsmodi
2344 3661 2678 3732 providentia
2725 3662 2994 3732 dignatam
3043 3678 3196 3730 esse,
3246 3665 3341 3720 sed
3384 3665 3554 3722 discat
3597 3681 3658 3723 se

2067 3763 2282 3824 propter
2307 3768 2493 3809 semen
2527 3755 2657 3823 justi
2702 3763 2903 3808 tantam
2933 3754 3360 3810 benevolentiam
3400 3771 3660 3826 assequu-

2067 3855 2172 3900 tam
2212 3860 2354 3912 esse,
2386 3845 2507 3901 vide
2531 3845 2799 3916 quomodo
2832 3861 2950 3901 eam
2983 3846 3311 3914 consolatur,
3339 3857 3396 3903 et
3420 3857 3660 3904 mentem

2065 3937 2182 4007 ejus
2207 3937 2386 4007 erigit,
2417 3947 2471 3991 et
2500 3937 2924 3992 consolationem
2953 3937 3065 4004 dat,
3091 3954 3211 4008 quae
3250 3939 3465 3996 abunde
3505 3941 3657 3996 suffi-

2064 4029 2190 4094 ciat,
2210 4043 2328 4083 cum
2352 4029 2425 4083 ita
2451 4029 2751 4099 subjungit:
2773 4029 2860 4084 I0.
2887 4029 2954 4082 Et
2972 4029 3100 4084 dixit
3120 4030 3166 4083 ei
3185 4031 3393 4101 angelus
3415 4029 3660 4089 Domini:

2069 4119 2423 4190 Multiplicans
2450 4119 2797 4190 multiplicabo
2825 4137 2994 4175 semen
3024 4130 3186 4185 tuum,
3220 4130 3268 4176 et
3291 4137 3398 4190 pra:
3429 4124 3659 4178 multitu-

2067 4215 2186 4268 dine
2208 4230 2308 4268 nan
2335 4213 2699 4268 numerabitur.
2729 4212 2791 4267 Et
2824 4213 2940 4281 tibi,
2969 4212 3161 4284 inquit,
3190 4213 3420 4283 praedico
3449 4222 3652 4270 tantum

2072 4303 2187 4360 fore
2232 4319 2415 4359 semen
2465 4313 2631 4369 tuum,
2665 4312 2721 4358 ut
2764 4319 2937 4374 neque
2968 4318 3194 4358 numero
3235 4304 3525 4374 subjaeeat.
3577 4306 3656 4362 Ne

2072 4394 2233 4466 igitur
2271 4403 2462 4450 mmsta
2507 4395 2601 4460 sis,
2635 4410 2808 4464 neque
2835 4395 3181 4462 succumbas,
3214 4409 3387 4464 neque
3424 4397 3655 4453 turheris

2071 4488 2273 4553 animo,
2306 4487 2399 4542 sed
2427 4503 2536 4556 pra:
2566 4495 2616 4540 te
2646 4485 2726 4540 fcr
2749 4501 2962 4541 omnem
3002 4485 3382 4541 obedientiam.
3406 4487 3492 4541 tl.
3523 4486 3658 4542 Ecce

2072 4582 2205 4634 enim
2235 4589 2432 4634 uterum
2473 4579 2623 4648 geris,
2653 4587 2697 4632 et
2724 4579 2890 4648 paries
2930 4577 3115 4647 ﬁlium,
3147 4588 3193 4632 et
3230 4577 3430 4633 vocabis
3471 4595 3654 4634 nomen

2058 4674 2171 4744 ejus
2215 4669 2426 4727 Ismael.
2458 4670 2602 4736 Ideo,
2631 4669 2821 4740 inquit,
2851 4678 2906 4724 et
2938 4678 3146 4739 partum
3181 4669 3276 4724 tibi
3307 4668 3565 4739 pra'dico,
3597 4679 3652 4722 et

2058 4780 2253 4822 nomen
2274 4764 2384 4834 jam
2423 4763 2642 4833 impono
2671 4776 2837 4831 puero
2861 4761 2951 4830 qui
2982 4769 3251 4823 nascetur,
3272 4770 3330 4813 ut
3363 4773 3423 4813 re
3447 4759 3649 4814 certius
3712 4815 3716 4820 ,

2056 4867 2353 4926 comperta,
2373 4853 2450 4907 sic
2473 4851 2814 4923 regrediaris,
2834 4859 2888 4904 et
2907 4849 3160 4904 emendes
3180 4847 3320 4917 quod
3343 4846 3612 4918 deliquisti
3630 4866 3648 4902 ε

2060 4947 2192 5016 Quia
2233 4944 2423 4998 audiuit
2456 4942 2700 4996 Dominus
2724 4940 3055 4993 humilitatem
3085 4948 3244 4992 tuam.

2132 5039 2390 5105 Quantum
2432 5049 2773 5089 wrumnarum
2817 5032 3034 5086 lucrum.
3061 5059 3132 5070 —
3175 5029 3311 5085 IIinc
3351 5028 3646 5088 discamuS.

2056 5141 2313 5203 quantum
2343 5129 2411 5182 sit
2443 5127 2494 5181 in
2526 5123 2908 5180 afﬂictionibus
2945 5122 3172 5186 lucrum,
3207 5130 3402 5192 quanta
3433 5121 3653 5179 calami-

2059 5227 2183 5281 tatis
2213 5222 2436 5278 utilitas.
2477 5219 2762 5288 Postquam
2792 5217 2935 5272 enim
2975 5216 3219 5280 secessit,
3257 5225 3312 5270 et
3349 5215 3504 5272 dolor
3544 5231 3639 5270 aur

2059 5325 2179 5372 ctus
2200 5324 2311 5381 est,
2327 5311 2610 5380 multisque
2635 5308 2962 5365 circumdata
2987 5317 3068 5363 est
3095 5307 3440 5362 afﬂictionum
3471 5307 3645 5363 mole-

2061 5409 2200 5475 stiis,
2233 5409 2284 5462 in
2327 5405 2633 5469 solitudine,
2665 5403 2718 5458 in
2746 5401 2961 5458 deserto
3005 5411 3056 5458 et
3100 5402 3358 5474 angustiis
3400 5415 3655 5468 versans,

2061 5507 2182 5570 post
2230 5503 2431 5551 tantam
2478 5493 2920 5565 prosperitatcm,
2949 5503 3003 5549 et
3049 5503 3326 5564 postquam
3372 5493 3424 5547 in
3463 5507 3652 5561 parem

2061 5603 2182 5644 cum
2231 5586 2445 5641 domina
2502 5599 2597 5640 sua
2651 5583 2965 5654 dignitatem
3015 5595 3199 5639 evecta
3254 5582 3478 5647 fuisset;
3525 5579 3657 5637 ideo

2063 5681 2417 5738 accclcratum
2471 5687 2620 5732 nacta
2675 5684 2757 5731 est
2815 5675 3127 5733 subsidium.
3190 5675 3313 5730 ΙΙωο
3364 5673 3508 5729 enim
3546 5671 3657 5729 tibi:
