4020 6136
348 242 454 297 359

349 365 530 423 t‘runl,
551 352 741 424 inquit,
759 366 877 424 qua:
900 348 1143 423 promisi,
1162 358 1214 403 et
1246 347 1420 417 paries
1448 344 1633 408 filium,
1664 352 1718 398 et
1746 356 1929 397 semen

355 461 502 504 tuum
530 445 914 504 iunumerabile
952 444 1076 509 erit,
1113 443 1244 511 Quia
1285 438 1537 494 exaudivit
1569 436 1811 489 Dominus
1837 433 1933 486 Itu-

350 543 612 597 militatem
639 550 796 593 tuam.
824 534 902 594 Nc
926 536 1084 607 igitur
1107 533 1366 605 gravatim
1406 529 1659 593 feramus,
1691 528 1735 580 si
1768 525 1933 580 mole-

348 636 463 687 stiis
498 631 859 702 prementibus
888 628 1248 684 humiliemur.
1276 624 1418 680 Nihil
1451 623 1593 677 enim
1643 622 1713 675 ita
1738 632 1936 674 nostra:

351 735 555 779 natura:
599 721 870 787 conducit,
902 729 960 775 ut
1002 734 1120 774 sese
1165 717 1508 780 sulnnittere,
1553 724 1608 769 et
1656 712 1937 766 humilium

350 815 640 886 superbum
684 812 952 883 spiritum,
981 819 1037 866 et
1078 809 1311 864 inﬂatam
1352 815 1585 861 mentem
1613 802 1934 873 deprimere.

348 909 498 963 'l‘u‘nc
538 908 681 962 enim
728 921 825 960 nos
857 904 1022 975 magis
1066 902 1216 956 audit
1248 901 1526 963 Dominus,
1572 895 1787 966 quando
1816 908 1935 949 cum

349 998 535 1053 dolore
583 997 776 1050 anima:
806 1003 861 1049 et.
902 991 1064 1048 corde
1103 991 1336 1047 contrito
1382 989 1556 1058 ipsum
1607 986 1934 1050 invocamus,

352 1089 609 1159 majorem
655 1088 705 1141 in
750 1085 999 1156 precibus
1023 1081 1389 1137 assiduitatem
1418 1078 1772 1132 adhibentes:
1807 1072 1940 1141 Quia

352 1178 540 1233 audivit
588 1176 838 1231 Dominus
883 1174 1219 1228 humilitatem
1258 1180 1415 1223 luant.
1468 1168 1656 1223 Postea
1702 1164 1942 1236 prtndicit

354 1270 503 1342 pueri
530 1270 618 1340 qui
652 1268 955 1322 nasciturus
971 1275 1086 1319 erat
1114 1262 1369 1317 studium.
1391 1261 1477 1314 12.
1501 1258 1600 1313 llic
1615 1259 1729 1324 erit,
1750 1256 1936 1326 inquit,

352 1361 562 1431 agrestis
606 1358 754 1413 homo
798 1372 818 1411 :
866 1371 1045 1408 manus
1086 1354 1195 1423 ejus
1238 1360 1415 1405 contra
1462 1365 1654 1412 omnes,
1684 1357 1727 1400 et
1762 1363 1942 1400 manus

356 1453 583 1507 omnium
609 1459 786 1504 contra
816 1464 929 1502 eum
948 1463 967 1501 :
997 1456 1041 1499 et
1070 1452 1244 1499 contra
1276 1442 1454 1514 faciem
1482 1441 1704 1494 omnium
1723 1440 1942 1511 fratrum

355 1560 562 1599 suorum
594 1540 855 1595 habitabit.
886 1537 1131 1591 l‘ru‘dicit
1156 1536 1226 1601 ei,
1248 1534 1394 1587 illum
1423 1531 1628 1585 virilem
1657 1538 1711 1585 et
1751 1528 1940 1584 fortem

357 1638 589 1691 futurum
619 1648 762 1699 esse,
804 1630 1142 1693 bellatorem,
1174 1642 1238 1681 ac
1270 1635 1425 1681 terra:
1452 1622 1692 1679 colendae
1731 1630 1944 1676 vacatu-

357 1726 704 1783 rum.Vidisti
726 1741 791 1780 ex
818 1724 881 1779 iis
914 1738 1031 1793 qua:
1054 1722 1105 1776 in
1137 1720 1384 1775 ancillam
1414 1730 1561 1789 gesta
1588 1723 1944 1785 sunt,quanto

358 1822 410 1872 in
444 1817 648 1872 honore
673 1824 818 1870 esset
861 1811 1203 1883 patriarcha?
1235 1807 1499 1878 Quidquid
1543 1806 1683 1862 enim
1728 1806 1799 1859 illi
1840 1805 1941 1858 im-

357 1922 581 1977 pensum
611 1914 715 1972 est,
748 1894 959 1959 Domini
993 1902 1049 1957 in
1080 1902 1283 1970 justum
1311 1897 1738 1955 benevolentiam
1763 1904 1947 1951 osten-

355 1999 452 2053 dit.
489 1997 614 2052 llazc
659 1996 744 2051 ubi
773 1994 994 2064 angelus
1020 1991 1286 2048 consuluit
1309 1999 1361 2044 et
1394 1989 1562 2045 felicia
1611 1986 1946 2042 annuntiavit

360 2089 540 2159 Agari,
571 2091 821 2142 recessit.
842 2086 1107 2141 Cancrum
1137 2083 1259 2138 vide
1299 2082 1489 2136 iterum
1520 2080 1726 2135 ancillae
1764 2078 1944 2149 probi-

358 2191 544 2236 tatem.
595 2179 682 2234 13.
717 2178 781 2232 Et
816 2176 1033 2242 vocavit,
1092 2174 1293 2245 inquit,
1348 2188 1527 2227 nomen
1577 2169 1807 2236 Domini,
1862 2169 1946 2240 qui

359 2270 652 2342 loquebatur
676 2269 771 2323 sibi
794 2286 811 2322 :
831 2266 910 2322 Tu
938 2284 990 2321 es
1011 2266 1169 2332 Deus,
1192 2265 1278 2335 qui
1304 2263 1469 2318 vidisti
1501 2279 1578 2316 me
1606 2278 1623 2316 :
1647 2262 1763 2331 quia
1784 2261 1946 2314 dixit:

358 2362 563 2417 Etenim
595 2378 765 2415 coram
794 2360 897 2414 vidi
920 2376 1034 2414 eum
1059 2359 1144 2428 qui
1173 2357 1409 2428 apparuit
1437 2356 1579 2409 milii.
1608 2355 1692 2409 14.
1727 2352 1947 2423 Propter

365 2458 453 2509 loc
485 2454 672 2507 vocavit
695 2461 920 2523 puteum,
946 2451 1161 2502 Puteum
1182 2450 1265 2501 ubi
1287 2464 1458 2501 coram
1486 2447 1606 2511 vidi,
1628 2447 1756 2499 inter
1781 2444 1946 2501 Cades

357 2558 405 2601 et
431 2548 559 2601 inter
579 2544 800 2599 Barach.
820 2542 957 2599 Vide
978 2541 1247 2613 quomodo
1273 2549 1327 2596 et
1354 2541 1467 2594 haec
1487 2540 1615 2594 velit
1638 2548 1947 2610 perpetuam

360 2638 672 2693 memoriam
721 2634 908 2691 indere
956 2635 1073 2689 loco
1130 2648 1222 2703 per
1247 2631 1491 2687 vocabuli
1530 2631 1943 2702 impositionem.

364 2730 590 2784 \‘ocavit
617 2720 763 2783 enim
804 2728 1002 2795 locum,
1038 2725 1259 2779 Puteum
1284 2723 1369 2778 ubi
1412 2740 1582 2778 coram
1608 2724 1729 2777 vidi.
1755 2722 1949 2778 Vidisti

360 2833 410 2877 et
444 2821 695 2877 ancillam
739 2820 992 2890 paulatim
1031 2833 1096 2873 ex
1127 2816 1509 2872 afﬂictionibus
1547 2816 1825 2886 aliquanto
1853 2829 1948 2869 ca-

369 2912 730 2982 stigatioribus
771 2909 1009 2965 moribus
1040 2908 1176 2975 fieri,
1199 2916 1253 2963 et
1276 2917 1483 2979 gratum
1514 2906 1750 2960 animum
1795 2920 1949 2960 suum

359 3003 630 3058 declarare
656 3016 781 3071 erga
822 2998 1081 3055 beneﬂcia
1124 2997 1323 3068 quibus
1365 2997 1632 3051 cmnulata
1681 2994 1871 3061 fuerat,
1896 3002 1953 3050 et

359 3096 584 3165 gratiam
619 3095 813 3163 quibus
842 3092 1034 3163 potuit,
1077 3088 1279 3144 referre
1312 3087 1662 3157 providentiae
1690 3101 1809 3157 qua“:
1836 3093 1955 3140 tan-

364 3197 472 3240 tam
520 3184 687 3254 ipsius
715 3190 956 3253 gesserat
998 3180 1220 3235 curam?
1270 3180 1356 3235 15.
1388 3178 1456 3231 Et
1503 3179 1715 3250 peperit,
1760 3177 1951 3246 inquit,

368 3279 506 3348 Agar
530 3276 679 3331 Abrae
706 3275 899 3344 ﬁlium,
932 3283 978 3327 et
1003 3272 1193 3326 vocavit
1225 3272 1411 3325 Abram
1436 3286 1614 3323 nomen
1646 3270 1776 3339 ejus,
1804 3285 1951 3338 quem

374 3368 565 3440 peperit
595 3366 689 3421 sibi
717 3366 874 3436 Agar,
906 3363 1114 3417 Ismael.

435 3464 492 3518 7.
556 3460 854 3517 Exhortatio
915 3457 984 3512 ad
1041 3456 1369 3528 patientiam.
1430 3451 1863 3507 mansuetudinem
1907 3461 1955 3505 et

363 3554 703 3611 concordiam.
740 3550 885 3607 Uxor
904 3550 1133 3621 adjutrix
1155 3548 1250 3603 uiri
1273 3547 1540 3615 quomodo.
1556 3545 1773 3599 —l|inc
1792 3543 1952 3597 disci-

366 3662 485 3700 mus
514 3653 770 3716 quantum
801 3642 998 3697 bonum
1036 3641 1102 3695 sit
1130 3638 1501 3702 mansuetudo,
1534 3646 1787 3707 quantum
1828 3635 1955 3689 lucri

369 3737 601 3802 habeat,
652 3744 705 3790 et
748 3734 930 3804 quanti
980 3731 1183 3786 fructus
1227 3745 1292 3785 ex
1341 3728 1716 3784 afﬂictionibus
1763 3741 1957 3797 prove-

359 3829 533 3885 niant.
566 3826 696 3881 Nam
723 3823 1131 3880 mansuetudine
1175 3821 1473 3892 patriarcha
1515 3819 1740 3890 placavit
1766 3818 1954 3874 Saram

363 3917 858 3989 indignabundam,
906 3926 961 3972 et
1017 3914 1224 3969 famula:
1288 3920 1605 3982 potestatem
1665 3910 1714 3965 ei
1778 3908 1955 3976 dedit,

375 4011 701 4080 domumque
744 4024 875 4079 pace
921 4007 1178 4077 replevit,
1210 4004 1510 4059 aﬂlictionis
1539 4011 1715 4057 autem
1759 4001 1958 4057 fructus

373 4105 430 4156 in
458 4103 647 4157 ancilla
677 4102 858 4155 videre
902 4101 1041 4154 licet.
1073 4099 1206 4164 Quia
1254 4107 1530 4165 postquam
1572 4095 1640 4150 ab
1671 4096 1796 4150 hera
1825 4096 1961 4149 affli-

370 4202 455 4246 t-ta
484 4192 643 4261 fugit,
669 4199 723 4244 et
764 4191 985 4243 multum
1022 4201 1320 4243 a-rumnosa
1371 4185 1499 4252 fuit,
1535 4200 1598 4240 ac
1641 4200 1761 4239 cum
1795 4185 1958 4239 animi

370 4281 556 4336 dolore
607 4279 886 4335 Dominum
936 4277 1234 4342 invocavit,
1302 4276 1478 4331 statim
1518 4290 1800 4346 supernam
1828 4276 1958 4331 visi-

373 4376 624 4431 tationem
656 4380 938 4443 assequnta
963 4378 1064 4426 est.
1093 4368 1158 4424 Ut
1185 4370 1326 4424 enim
1371 4368 1538 4422 discat
1562 4383 1621 4422 se
1659 4383 1753 4437 per
1779 4366 1956 4422 humi-

374 4469 576 4523 litatem
621 4475 675 4520 et
705 4465 1045 4520 afﬂictionem
1104 4471 1247 4518 tanta
1305 4460 1636 4531 providentia
1687 4460 1956 4531 dignatam

371 4572 493 4614 esse
512 4598 527 4623 ,
556 4556 684 4611 dicit
704 4556 924 4626 angelus
949 4557 997 4609 ei
1022 4573 1037 4609 :
1073 4553 1278 4609 Uterum
1300 4555 1433 4623 geris
1452 4594 1466 4615 .
1497 4563 1544 4607 et
1567 4552 1734 4623 paries
1760 4554 1954 4622 ﬁlium,

372 4659 417 4705 et
443 4649 640 4704 vocabis
667 4664 846 4702 nomen
873 4647 981 4717 ejus
1023 4644 1213 4699 Ismael
1232 4686 1247 4709 ,
1277 4646 1514 4712 quoniam
1552 4645 1744 4698 audivit
1780 4644 1958 4699 Domi-

310 4778 315 4785 .
376 4756 471 4794 nus
511 4738 843 4793 [inutilitatem
874 4747 1032 4789 tttattt.
1066 4734 1244 4803 Itaque
1269 4773 1283 4799 ,
1314 4732 1529 4797 dilecti,
1577 4750 1697 4789 cum
1728 4736 1959 4791 sciamus

378 4847 475 4886 nos
496 4874 512 4898 ,
547 4831 590 4885 si
640 4827 1032 4901 vigilaverimus
1053 4868 1068 4892 ,
1096 4841 1162 4879 ex
1191 4825 1445 4879 arumnis
1473 4826 1642 4895 magis
1667 4826 1734 4880 ad
1774 4827 1957 4881 Domi-

376 4938 502 4977 num
534 4935 844 4977 accessuros
865 4960 878 4985 ,
918 4925 975 4973 et
1012 4917 1125 4988 ejus
1149 4918 1371 4987 gratiam
1392 4917 1548 4972 nobis
1574 4926 1682 4971 tum
1713 4919 1960 4973 concilia-

375 5023 552 5077 toros,
597 5026 718 5066 cum
768 5010 983 5065 dolente
1032 5010 1208 5064 anima
1252 5017 1302 5065 et
1352 5009 1568 5065 fervidis
1611 5011 1859 5081 lacrymis
1893 5012 1960 5066 ad

376 5107 547 5175 ipsum
579 5102 961 5160 accesserimus
991 5120 1002 5155 :
1034 5117 1101 5157 ne
1139 5101 1419 5157 doleamus
1447 5103 1497 5157 in
1546 5103 1922 5160 afﬂictionibus
1942 5147 1957 5171 ,

378 5195 474 5250 sed
496 5195 702 5249 lucrum
724 5193 866 5265 quod
887 5208 951 5248 ex
973 5192 1348 5249 afﬂictionibus
1372 5195 1614 5263 provenit
1638 5195 1959 5264 cogitantes,

376 5287 551 5344 onmia
599 5301 718 5357 quae
752 5284 906 5341 nobis
949 5287 1199 5342 eveniunt
1230 5286 1433 5356 placido
1481 5284 1715 5342 feramus
1762 5288 1960 5354 animo,

383 5389 441 5432 et
475 5376 742 5432 discamus
782 5376 996 5432 humani
1025 5393 1145 5434 esse
1192 5387 1246 5433 et
1298 5380 1561 5434 mansueti
1612 5394 1736 5450 erga
1779 5394 1965 5437 omnes

378 5468 636 5537 quidem,
679 5469 909 5523 maxime
952 5476 1128 5523 autem
1171 5484 1295 5540 erga
1342 5483 1537 5524 uxores
1590 5484 1798 5526 nostras
1837 5486 1853 5523 :
1904 5485 1967 5526 ac

379 5573 719 5630 summopere
748 5574 996 5614 curemus
1018 5600 1033 5625 ,
1065 5567 1122 5612 nt
1143 5560 1258 5614 sive
1280 5560 1422 5629 juste
1446 5600 1461 5626 ,
1491 5561 1604 5615 sive
1646 5562 1839 5631 injuste
1867 5577 1967 5617 nos

378 5659 628 5722 arguant,
682 5666 750 5707 ne
780 5650 850 5707 ita
908 5658 1160 5706 accurate
1204 5654 1538 5711 excutiamus
1589 5666 1820 5708 causas:
1870 5653 1965 5710 sed

1121 233 1180 291 S.
1220 227 1494 289 mihile
1534 220 2002 284 tillRYSOSTOMl
2042 220 2356 278 ARClllEP.
2399 221 2924 281 CONSTANTINOP.

3530 215 3639 276 360

2041 340 2194 394 unius
2221 342 2297 394 rei
2332 339 2486 394 nobis
2529 352 2653 393 cura
2700 339 2787 405 sit,
2820 347 2876 392 ut
2906 336 3131 392 tristititc
3176 350 3333 391 musa
3375 352 3405 391 e
3453 336 3636 391 medio

2041 432 2289 497 tollatur,
2316 440 2629 501 crescatque
2671 445 2734 484 ac
2761 429 3039 483 robor-etur
3066 442 3163 497 pas
3210 427 3505 482 domestica
3534 446 3546 479 :
3580 437 3639 482 ut

2039 535 2092 578 et
2120 523 2207 578 illa
2237 522 2305 578 ad
2351 524 2521 577 virum
2564 536 2719 576 suum
2768 520 2961 574 habeat
2990 520 3395 574 conversionem
3420 561 3433 580 ,
3469 530 3524 573 et
3556 520 3637 573 vir

2040 615 2108 669 ab
2154 614 2390 669 externis
2438 630 2501 670 ac
2527 611 2828 668 forensibus
2871 610 3097 681 negotiis
3138 621 3193 665 et
3241 609 3639 664 turbationibus

2041 707 2107 762 ad
2153 723 2271 762 eam
2301 707 2452 777 quasi
2496 706 2562 760 ad
2592 714 2801 776 portum
2845 704 3162 774 confugere,
3193 712 3249 758 et
3293 704 3636 774 omnigenum

2045 802 2282 856 invenire
2330 802 2498 872 possit
2544 800 2985 856 consolationem.
3029 799 3084 853 In
3116 797 3437 868 adjutorium
3484 796 3634 852 enim

2044 891 2164 947 data
2214 902 2296 949 est
2328 909 2497 958 uxor,
2531 902 2589 947 ut
2636 902 2917 947 contentus
2956 892 3071 962 ejus
3117 891 3518 957 consitlatione,
3554 891 3639 944 vir

2044 984 2298 1039 adversus
2338 984 2628 1055 ingruentia
2674 984 2810 1038 mala
2864 998 2920 1038 re
2952 982 3113 1038 istere
3160 982 3353 1037 valeat.
3406 980 3540 1036 Nam
3591 981 3638 1035 si

2047 1074 2201 1128 fuerit
2227 1082 2413 1129 ornata
2461 1074 2744 1130 virtutibus
2775 1082 2828 1127 et
2855 1082 3132 1127 mansueta
3151 1115 3163 1136 ,
3195 1088 3297 1127 non
3324 1071 3495 1126 solum
3519 1072 3639 1125 viro

2046 1181 2143 1220 suo
2171 1165 2443 1221 societatis
2472 1165 2894 1220 consolationem
2916 1206 2931 1228 ,
2974 1162 3066 1219 sed
3084 1172 3138 1218 et
3164 1163 3216 1217 in
3243 1164 3364 1217 aliis
3387 1163 3639 1217 omnibus

2046 1257 2271 1311 multum
2303 1257 2407 1311 erit
2433 1256 2577 1311 utilis
2604 1274 2616 1308 :
2646 1254 2827 1326 omnia
2856 1254 2932 1309 illi
2959 1254 3095 1309 levia
3117 1263 3172 1311 et
3206 1254 3377 1309 facilia
3408 1252 3600 1309 reddet
3620 1295 3637 1318 ,

2046 1358 2101 1404 et
2124 1348 2396 1419 percipere
2418 1364 2522 1403 non
2551 1349 2690 1403 sinet
2712 1347 2861 1401 illum
2892 1356 2983 1401 aut
3025 1354 3273 1401 externas
3294 1356 3383 1400 aut
3402 1360 3493 1399 eas
3512 1361 3639 1415 quae

2046 1440 2283 1512 quotidie
2327 1439 2475 1496 domi
2531 1447 2822 1494 nascuntur
2870 1437 3256 1493 difﬁcultates:
3306 1435 3438 1503 sed,
3482 1437 3640 1507 quasi

2046 1534 2370 1604 gubernator
2410 1533 2643 1602 optimus
2666 1573 2681 1597 ,
2710 1545 2924 1585 omnem
2953 1530 3116 1584 animi
3163 1537 3529 1598 tempestatem
3585 1528 3641 1581 in

2049 1628 2393 1681 serenitatem
2453 1640 2547 1680 sua
2595 1616 2871 1695 sapientia'
2900 1631 3203 1687 convertet,
3250 1621 3642 1691 prudentiaque

2048 1735 2143 1775 sua
2175 1734 2417 1789 magnam
2465 1716 2708 1772 conferet
2743 1716 3186 1771 consolationem.
3218 1714 3507 1768 Enitnvcro
3544 1714 3641 1782 qui

2047 1814 2126 1867 sic
2188 1810 2458 1881 conjuncti
2521 1809 2755 1875 fuerint,
2802 1825 2831 1863 a
2898 1808 3043 1863 nulla
3099 1822 3278 1862 rerum
3325 1805 3643 1861 difficultate

2048 1902 2187 1958 male
2227 1901 2518 1956 habebunt.
2546 1900 2769 1969 Quando
2812 1900 2954 1956 enim
3001 1897 3308 1965 concordia,
3340 1906 3394 1953 ct
3420 1912 3555 1968 pax,
3587 1906 3645 1952 et

2052 1996 2324 2051 vinculum
2378 1993 2680 2050 dilectionis
2740 2007 2863 2048 cum
2907 1991 3130 2047 muliere
3170 1999 3225 2045 et
3262 1990 3376 2044 viro
3437 1989 3639 2053 fuerit,

2049 2091 2225 2145 omnia
2268 2089 2427 2144 simul
2454 2086 2674 2142 afﬂuent
2700 2086 2835 2141 bona
2860 2127 2874 2151 ,
2901 2095 2955 2139 et
2985 2084 3147 2138 nullis
3178 2084 3382 2138 insidiis
3406 2083 3645 2151 expositi

2049 2193 2205 2239 erunt
2223 2224 2237 2247 ,
2269 2197 2460 2253 magno
2485 2190 2539 2235 et
2562 2178 2958 2250 inexpugnabili
2983 2177 3213 2248 quodam
3241 2192 3393 2231 muro
3418 2176 3645 2230 circum-

2050 2277 2179 2339 dati,
2214 2276 2316 2330 hoc
2340 2285 2443 2339 est,
2476 2291 2542 2329 ex
2583 2288 2645 2328 ea
2694 2288 2811 2343 qua:
2858 2270 3151 2326 secundum
3198 2270 3363 2324 Deum
3402 2280 3480 2323 est
3506 2282 3644 2321 cono

2049 2366 2250 2422 cordia.
2288 2366 2397 2420 lloc
2425 2365 2707 2419 adamante
2735 2363 3030 2429 firmiores,
3077 2360 3179 2415 hoc
3222 2360 3363 2414 ferro
3394 2358 3645 2413 fortiores

2050 2474 2144 2513 eos
2172 2456 2395 2521 reddet,
2428 2456 2529 2511 hoc
2549 2455 2798 2510 omnibus
2821 2453 3017 2508 divitiis
3042 2464 3094 2508 et
3118 2452 3439 2509 abundantia
3471 2453 3646 2522 magis

2052 2545 2392 2616 locnpletahit
2414 2588 2427 2611 ,
2454 2546 2557 2601 hoc
2578 2545 2642 2600 ad
2676 2560 2958 2616 supernam
2983 2544 3205 2614 gloriam
3234 2544 3354 2599 illos
3378 2541 3605 2598 deducet
3624 2584 3642 2609 ,

2052 2639 2153 2693 hoc
2193 2647 2250 2693 et
2307 2638 2396 2693 Dei
2442 2637 2869 2692 benevolentiam
2919 2636 2997 2691 eis
3042 2635 3268 2690 ubertim
3315 2635 3641 2691 conciliabit.

2054 2729 2283 2785 Proinde
2308 2745 2403 2784 oro
2423 2771 2438 2794 ,
2471 2745 2538 2784 ne
2563 2728 2686 2798 quid
2710 2728 2785 2782 illi
2813 2728 3203 2798 praeferendum
3228 2729 3597 2783 existimemus
3625 2747 3640 2783 :

2053 2824 2147 2878 sed
2195 2824 2371 2877 omnia
2418 2822 2668 2875 faciamus
2711 2830 2766 2875 et
2809 2835 3067 2890 agamus,
3117 2829 3174 2874 ut
3218 2821 3567 2891 tranquillitas
3589 2831 3648 2876 et

2057 2930 2157 2985 pax
2203 2915 2273 2969 sit
2322 2913 2467 2967 inter
2512 2910 2902 2966 eohabitantes.
2947 2909 3096 2965 Tunc
3144 2910 3285 2964 enim
3336 2920 3389 2966 et
3435 2910 3529 2965 lilii
3552 2913 3646 2980 qui

2055 3014 2347 3063 nascuntur
2374 3013 2657 3077 parentum
2706 3003 2956 3057 virtutem
3002 3011 3294 3073 sequentur
3319 3021 3335 3071 ',
3365 3018 3499 3073 quos
3526 3004 3647 3058 imi-

2061 3099 2315 3153 tabuntur
2345 3105 2399 3151 et
2423 3095 2586 3161 serti,
2615 3104 2667 3149 et
2696 3094 2929 3163 undique
2957 3092 3147 3147 domus
3176 3094 3369 3149 virtute
3397 3093 3609 3149 ﬂorehit
3628 3136 3644 3159 ,

2056 3192 2265 3261 eritque
2313 3187 2587 3258 multiplex
2634 3202 2813 3241 rerum
2861 3186 3207 3256 prosperitas.
3252 3184 3474 3255 Quando
3500 3186 3645 3243 enim

2059 3283 2237 3337 divina
2263 3280 2473 3335 caneris
2502 3277 2833 3349 prmferimus
2852 3319 2865 3341 ,
2892 3276 3041 3333 facile
3070 3277 3169 3332 alia
3193 3277 3369 3332 omnia
3392 3293 3649 3347 prospere

2060 3374 2216 3429 nobis
2256 3371 2579 3436 succedent,
2635 3379 2687 3424 et
2726 3370 2921 3424 nullam
2978 3371 3267 3425 sentiemus
3310 3370 3645 3438 moleStiam,

2058 3465 2431 3536 suppeditante
2478 3464 2632 3519 nobis
2682 3464 2858 3517 omnia
2907 3463 3125 3535 largiter
3167 3464 3342 3518 divina
3386 3464 3643 3521 bonitate.

2059 3558 2132 3616 Ut
2158 3560 2314 3630 igitur
2339 3558 2496 3613 etiam
2527 3557 2625 3626 ipsi
2651 3556 2851 3625 absque
2880 3556 3089 3609 tristitia
3127 3566 3181 3612 et
3212 3557 3464 3626 temporis
3493 3557 3647 3613 istius

2060 3652 2221 3706 vitam
2254 3651 2604 3721 transigamus
2627 3692 2640 3714 ,
2674 3658 2726 3703 et
2756 3648 3013 3718 majorem
3064 3649 3271 3703 Domini
3319 3651 3645 3706 beneleen-

2063 3746 2188 3799 tiam
2235 3744 2401 3814 magis
2443 3757 2505 3797 ac
2552 3742 2719 3811 magis
2768 3741 2921 3796 nobis
2966 3741 3350 3807 conciliemus,
3396 3742 3644 3798 virtutem

2061 3848 2360 3901 sectemur,
2403 3834 2741 3890 concordiam
2782 3841 2835 3888 et
2863 3848 3044 3903 pacem
3084 3834 3136 3888 in
3160 3833 3375 3889 domum
3406 3845 3645 3891 nostram

2063 3927 2398 3982 introducere
2423 3940 2714 3990 conemur;
2746 3940 2888 3978 cura:
2920 3923 3071 3977 nobis
3105 3925 3210 3978 sint
3239 3923 3481 3979 educatio
3509 3926 3645 3981 libe-

2062 4032 2243 4072 rorum
2270 4030 2551 4084 moresque
2573 4014 2907 4079 fanmlorum,
2928 4022 2983 4066 ut
3000 4028 3095 4083 pro
3109 4015 3355 4069 omnibus
3383 4015 3542 4086 largis
3558 4031 3647 4071 ac-

2060 4109 2228 4177 ceptis
2244 4107 2780 4173 rcmttneralionibus,
2802 4120 3103 4161 mereamur
3119 4114 3173 4161 et
3199 4107 3456 4175 promissa
3485 4109 3645 4173 bona,

2060 4201 2227 4269 gratia
2256 4209 2310 4253 et
2344 4198 2670 4269 benignitate
2699 4198 2905 4251 Domini
2934 4199 3098 4253 nostri
3128 4196 3252 4252 Jesu
3298 4198 3529 4267 Christi,
3561 4203 3647 4256 cui

2061 4304 2181 4343 cmn
2211 4289 2365 4342 l’atre
2394 4297 2445 4342 et
2471 4294 2655 4341 sancto
2678 4286 2898 4357 Spiritu,
2927 4288 2996 4342 sit
3022 4287 3189 4357 gloria
3209 4330 3223 4351 ,
3257 4287 3537 4358 imperium
3556 4332 3572 4356 ,
3594 4299 3651 4346 et.

2062 4383 2251 4447 honor,
2273 4396 2411 4435 nunc
2428 4390 2480 4436 et
2497 4396 2730 4451 semper,
2753 4389 2806 4435 et
2834 4381 3087 4435 iusmcula
3109 4381 3644 4437 szcculorumAmen.

2565 4521 2845 4576 HOSllLIA
2888 4520 3133 4575 XXXIX.

2065 4675 2283 4744 Quando
2305 4686 2473 4730 autem
2496 4677 2659 4746 frictus
2687 4683 2759 4727 est
2780 4673 2963 4727 Abram
2990 4674 3265 4743 nonaginta
3299 4690 3472 4728 norem
3491 4690 3652 4727 anno—

2308 4784 2441 4833 rum,
2468 4766 2706 4837 apparuit
2725 4766 2768 4819 ci
2799 4765 2934 4819 Deus
2965 4766 2983 4835 (
3009 4765 3133 4819 Gen.
3171 4766 3254 4819 17.
3284 4766 3305 4819 1
3330 4766 3373 4836 ).

2135 4921 2186 4975 1.
2230 4919 2467 4985 Vidistis,
2491 4918 2842 4985 dilectissimi,
2862 4918 3126 4987 quomodo
3155 4916 3285 4973 nihil
3307 4919 3567 4974 sitotiose
3603 4920 3655 4973 in

2065 5013 2242 5067 divina
2285 5011 2557 5082 Scriptura
2580 5010 2857 5083 positum?
2886 5010 3091 5065 vidistis
3113 5020 3369 5080 quantum
3415 5011 3657 5066 utilitatis

2066 5104 2179 5159 lteri
2209 5104 2563 5174 percepimus,
2594 5118 2714 5157 cum
2760 5102 2825 5158 de
2848 5103 2987 5172 Agar
3018 5102 3211 5156 ancilla
3241 5102 3455 5171 fugitiva
3482 5102 3657 5157 disse-

2068 5194 2356 5251 reremus?
2388 5194 2677 5248 Didicimus
2700 5194 2843 5248 enim
2877 5193 3191 5263 patriarchae
3217 5193 3513 5257 leuitatem,
3545 5194 3658 5247 exi-

2069 5300 2228 5341 miam
2266 5285 2667 5351 continentiam,
2701 5286 3054 5339 reverentiam
3084 5299 3243 5355 quam
3291 5300 3418 5355 erga
3469 5284 3657 5340 Saram

2068 5378 2330 5444 exhibuit,
2357 5386 2410 5432 et
2426 5376 2694 5448 quomodo
2711 5376 3051 5432 concordiam
3076 5376 3231 5432 bonis
3256 5376 3503 5431 omnibus
3526 5391 3658 5446 pra:-

2071 5471 2344 5527 ferendam
2371 5470 2602 5526 duxerit.
2636 5469 2882 5526 Vidimus
2926 5470 3023 5525 Dei
3058 5467 3381 5524 ineﬂ‘abilcm
3420 5468 3658 5539 benigni-

2074 5571 2260 5629 tatem,
2291 5560 2563 5632 quomodo
2589 5570 2643 5616 et
2667 5562 2719 5615 in
2748 5561 3007 5616 honorem
3032 5561 3159 5630 justi
3181 5576 3286 5614 non
3316 5560 3487 5615 solum
3506 5559 3661 5614 redu-

2075 5654 2152 5709 xit
2183 5653 2321 5723 Agar
2343 5686 2360 5716 ,
2383 5667 2495 5723 quae
2532 5653 2582 5708 iu
2612 5652 2897 5709 solitudine
2928 5652 3169 5721 errabat,
3202 5660 3256 5708 ct
3294 5651 3361 5708 ob
3408 5652 3658 5707 timorem
