4020 6136
221 235 332 292 359

220 347 284 404 16
317 349 534 422 σπέρμα
571 367 663 404 σου
695 349 926 420 ἀριθμοῦ
957 350 1197 420 κρεῖττον
1227 349 1378 403 ἔσται
1400 390 1416 416 ,
1440 351 1562 405 Ὅτι
1593 351 1900 419 ἐπήκουσε

221 436 441 508 Κύριος
489 439 564 508 τῇ
618 438 967 507 ταπεινώσει
1008 455 1145 492 σου.
1178 440 1269 512 Μὴ
1319 441 1497 493 τοίνυν
1547 440 1682 512 μηδὲ
1738 441 1899 511 ἡμεῖς

216 525 594 598 ἀσχάλλωμεν,
626 528 846 582 ἐπειδὰν
891 528 998 581 ἀπό
1043 544 1187 590 τινος
1217 527 1590 598 περιστάσεως
1623 526 1730 581 τῶν
1759 544 1900 599 πρα-

217 614 444 684 γμάτων
477 614 924 686 ταπεινωθῶμεν.
948 614 1113 667 Οὐδὲν
1145 614 1254 685 γὰρ
1284 613 1439 685 ἡμῶν
1473 617 1539 686 τῇ
1572 614 1732 684 φύσει
1754 613 1896 668 οὕτω

217 701 614 772 συμϐάλλεται,
668 703 744 766 ὼς
809 702 870 754 16
938 700 1318 754 συστέλλεσθαι
1369 702 1462 756 καὶ
1513 700 1898 754 ταπεινοῦσθαι

214 789 248 856 ὴ
258 788 373 857 μῶν
397 788 458 841 16
495 789 773 860 φρόνημα,
811 789 901 842 καὶ
939 788 999 841 16
1024 788 1251 859 φύσημα
1275 788 1372 859 τῆς
1392 787 1571 858 ψυχῆς
1597 788 1895 842 καταστέλ-

215 872 422 928 λεσθαι.
463 875 596 927 Τότε
637 875 744 946 γάρ
784 873 940 944 ήμῶν
985 873 1185 944 μᾶλλον
1231 875 1258 926 6
1296 875 1572 944 Δεσπότης
1615 873 1895 938 ἐπακούει,

214 959 343 1014 ὅταν
403 962 542 1031 μετά
589 961 929 1032 ὀδυνωμένης
970 961 1148 1032 ψυχῆς
1180 961 1274 1014 καὶ
1302 962 1767 1033 συντετριμμένης
1795 962 1896 1031 τῆς

217 1047 445 1118 καρδίας
469 1049 630 1102 αὑτὸν
658 1048 931 1119 καλῶμεν,
956 1047 1156 1118 πολλὴν
1178 1047 1275 1118 τὴν
1297 1047 1624 1118 προσεδρίαν
1646 1050 1773 1124 περὶ
1793 1050 1895 1112 τὰς

215 1135 455 1198 ίκετείας
494 1134 829 1206 ποιούμενοι.
870 1135 1000 1188 Ὀτι
1029 1133 1356 1200 ἐπήκουσε,
1382 1135 1536 1205 φησὶ,
1567 1137 1786 1204 Κύριος
1819 1134 1896 1203 τῇ

211 1221 565 1276 ταπεινώσει
603 1237 741 1276 σου.
789 1216 922 1276 Εἶτα
954 1220 1206 1292 προλέγει
1248 1221 1340 1273 τοῦ
1383 1221 1668 1291 μέλλοντος
1714 1222 1894 1274 τίκτε-

214 1307 340 1361 σθαι
367 1309 555 1372 παιδὸς
585 1309 646 1361 τὸ
679 1309 1034 1381 ἐπιτήδευμα.
1065 1305 1252 1372 οὗτος
1276 1309 1468 1372 ἔσται,
1493 1309 1677 1378 φησὶν,
1701 1307 1894 1377 67:901-

211 1411 322 1459 κος
353 1394 662 1462 ἄνθρωπος
683 1415 694 1426 ι
731 1399 791 1449 αἱ
823 1395 1017 1464 χεῖρες
1041 1394 1228 1448 αὐτοῦ
1271 1393 1371 1446 ἐπὶ
1408 1395 1659 1462 πάντας,
1695 1396 1790 1449 καί
1832 1398 1891 1449 al

210 1481 404 1550 χεῖρες
428 1482 669 1535 πάντων
700 1483 792 1535 ἐπ’
824 1485 1012 1536 αὐτόν
1033 1498 1046 1511 ·
1081 1482 1178 1535 καὶ
1209 1481 1359 1534 κατὰ
1391 1483 1718 1549 πρόσωπον
1749 1483 1894 1536 πάν-

209 1585 331 1622 των
362 1569 482 1622 τῶν
509 1567 790 1638 ἀδελφῶν
808 1570 994 1624 αὑτοῦ
1017 1569 1384 1634 κατοικήσει.
1415 1569 1727 1640 Προμηνύει
1751 1572 1888 1642 αὐτῇ

206 1657 292 1709 ὅτι
334 1654 577 1728 ἀνδρεῖος
603 1655 776 1719 ἔσται,
816 1658 898 1710 ὅτι
931 1655 1208 1728 πολέμιος,
1253 1657 1333 1710 ὅτι
1368 1657 1502 1727 πρὸς
1529 1655 1627 1728 τὴν
1654 1658 1753 1728 τῆς
1787 1659 1890 1728 γῆς

209 1740 527 1813 ἐπιμέλειαν
558 1742 725 1796 πολὺν
755 1741 844 1798 τὸν
885 1743 1046 1796 πόνον
1079 1741 1426 1809 ἐπιδείξεται.
1458 1738 1611 1806 Εἶδες
1656 1743 1744 1798 διὰ
1782 1743 1889 1797 τῶν

205 1831 289 1893 είς
317 1829 415 1900 τὴν
448 1829 742 1901 παιδίσκην
770 1829 1150 1900 γεγενημένων
1176 1830 1275 1900 τὴν
1303 1831 1383 1893 είς
1420 1829 1510 1882 τὸν
1549 1831 1890 1903 πατριάρχην

207 1917 420 1986 τιμήν;
461 1917 526 1969 Ἠ
568 1915 678 1988 γὰρ
727 1917 855 1986 περὶ
887 1916 1092 1986 ταύτην
1131 1916 1359 1987 πρόνοια
1387 1917 1624 1971 δείκνυσι
1668 1916 1764 1990 τὴν
1808 1919 1891 1971 εῦ-

207 2021 358 2058 νοιαν
404 2002 498 2056 τοῦ
549 2003 840 2069 Δεσπότου,
873 2004 940 2074 ήν
973 2003 1109 2076 1196;
1141 2003 1231 2057 τὸν
1264 2004 1470 2058 δίκαιον
1500 2004 1884 2060 ἐπιδείκνυται.

205 2089 392 2144 Ταῦτα
419 2089 827 2161 συμϐουλεύσας
850 2090 878 2142 ό
905 2089 1154 2159 ἄγγελος,
1188 2091 1280 2143 καὶ
1309 2091 1798 2162 εὐαγγελισάμενος
1821 2095 1886 2163 τῇ

204 2178 414 2247 Ἅγαρ,
440 2175 805 2247 ἀνεχώρησεν.
828 2177 968 2229 Ἀλλ’
983 2178 1086 2248 ὅρα
1111 2177 1274 2232 πάλιν
1293 2179 1390 2248 τῆς
1417 2178 1707 2248 παιδίσκης
1738 2178 1886 2250 [595]

203 2264 302 2336 τὴν
335 2263 776 2334 εὐγνωμοσύνην.
809 2263 914 2316 Καὶ
956 2262 1233 2328 ἐκάλεσε,
1266 2265 1421 2333 φησὶ,
1452 2263 1517 2318 τὸ
1556 2265 1743 2334 ὄνομα
1766 2269 1887 2319 Κυ-

202 2351 336 2419 ρίου
369 2349 474 2404 τοῦ
498 2350 837 2415 λαλοῦντος
869 2350 1018 2420 πρὸς
1047 2349 1274 2417 αὐτήνο
1323 2350 1408 2404 Σὺ
1436 2354 1468 2406 d
1503 2351 1667 2417 Θεὸς,
1712 2355 1745 2405 ὁ
1792 2352 1888 2405 ἐπ’·

204 2437 349 2492 ιόών
371 2454 481 2508 με’
519 2436 609 2490 ὅτι
656 2434 788 2491 εἶπε
809 2455 822 2468 ·
854 2439 962 2491 Καὶ
1003 2437 1114 2506 γὰρ
1139 2438 1395 2492 ἐνώπιον
1425 2435 1588 2492 εἶδον
1631 2440 1888 2508 ὀφθέντα

201 2527 578 2592 μοι.Ἔνεκεν
607 2526 823 2580 τούτου
861 2524 1116 2580 ἐκάλεσε
1138 2524 1202 2578 τὸ
1233 2525 1440 2594 φρέαρ,
1471 2525 1662 2594 Φρέαρ
1693 2523 1765 2581 οὗ
1792 2527 1886 2580 έν-

201 2614 388 2667 ώπιον
433 2607 617 2674 εἶδον,
648 2610 766 2666 ἀνὰ
797 2611 991 2680 μέσον
1030 2611 1230 2678 Κάδης
1267 2613 1366 2665 καὶ
1397 2611 1514 2666 ἀνὰ
1547 2613 1745 2680 μέσον
1770 2615 1880 2666 Ba-

199 2695 335 2766 ράχ.
367 2698 565 2752 Σκόπει
585 2696 704 2762 πῶς
733 2698 827 2752 καὶ
853 2697 991 2767 αὑτὴ
1017 2697 1265 2768 βούλεται
1291 2698 1510 2770 διηνεκῆ
1533 2699 1632 2770 τὴν
1664 2701 1886 2770 μνήμην

199 2785 561 2840 ἐναποθέσθαι
605 2785 684 2856 τῷ
732 2783 880 2855 τόπῳ
924 2783 1012 2837 διὰ
1057 2785 1154 2855 τῆς
1206 2786 1593 2857 προσηγορίας.
1631 2787 1886 2840 Ἐκάλεσε

199 2873 333 2944 γὰρ,
360 2874 514 2945 φησὶ,
555 2873 647 2926 16v
679 2872 862 2937 τόπον,
905 2871 1095 2942 Φρέαρ
1130 2868 1202 2928 οὗ
1238 2873 1495 2928 ἐνώπιον
1523 2869 1703 2927 εἶδον.
1735 2871 1885 2938 Εἶδες

204 2961 305 3032 τὴν
338 2960 628 3031 παιδίσκην
656 2959 796 3014 κατὰ
843 2959 1041 3030 μικρὸν
1070 2960 1134 3012 ἐκ
1173 2960 1272 3030 τῆς
1318 2961 1680 3032 περιεχούσης
1717 2961 1886 3033 αὐτὴν

208 3047 442 3118 θλίψεως
472 3046 913 3118 φιλοσοφωτέραν
941 3046 1252 3117 γινομένην,
1277 3047 1369 3100 καὶ
1390 3047 1592 3119 πολλὴν
1610 3047 1887 3119 εὐγνωμο-

201 3133 370 3203 σύνην
402 3134 530 3204 περὶ
557 3131 656 3203 τὴν
683 3131 1056 3203 γεγενημένην
1097 3134 1176 3194 είς
1205 3133 1372 3204 αὐτὴν
1398 3133 1717 3204 εὐεργεσίαν
1768 3135 1886 3187 ἐπι-

204 3219 583 3290 δεικνυμένην,
610 3220 702 3272 καὶ
727 3214 809 3282 οἷς
834 3219 1083 3290 ἐνόμισεν
1101 3219 1469 3291 ἀμειϐομένην
1496 3221 1593 3292 τὴν
1620 3221 1886 3291 τοσαύτης

202 3307 374 3378 αὐτὴν
415 3305 724 3372 ἀξιώσασαν
754 3306 1114 3378 κηδεμονίας;
1147 3307 1256 3360 Καὶ
1289 3307 1477 3372 ἔτεκε,
1509 3310 1886 3380 φησὶν,⁶Ἀταρ

201 3394 284 3461 τῷ
314 3396 540 3464 Ἀϐραμ
582 3392 736 3460 υιὸν,
777 3394 875 3448 καί
927 3392 1186 3449 ἐκάλεσε
1234 3395 1298 3449 τὸ
1347 3393 1534 3465 ὄνομα
1569 3397 1776 3464 αὐτοῦ,
1812 3397 1886 3450 ὃν

205 3481 415 3536 ἔτεκεν
441 3480 602 3546 αὐτῷ
634 3482 842 3550 Ἀγαρ,
859 3479 1124 3550 Ἰσμαήλ.

275 3587 342 3652 ζ’.
378 3585 656 3639 Ἐντεῦθεν
681 3585 1020 3657 μανθάνομεν
1038 3586 1160 3640 ὅσον
1183 3587 1330 3640 ἐστὶν
1351 3587 1554 3656 ἀγαθὸν
1591 3588 1878 3652 ἐπιείκεια,

202 3675 329 3728 ὅσον
376 3673 492 3726 ἐστὶ
541 3673 731 3744 κέρδος
774 3674 869 3727 καὶ
913 3673 1020 3726 ἀπὸ
1050 3672 1155 3726 τῶν
1199 3672 1429 3742 θλίψεων
1461 3673 1878 3745 καρπώσασθαι.

204 3761 318 3816 Καὶ
339 3761 436 3833 τὴν
467 3761 565 3831 μέν
595 3761 917 3828 ἐπιείκειαν,
957 3761 1017 3825 ἐξ
1039 3753 1114 3814 ὧν
1137 3762 1166 3813 6
1199 3762 1542 3832 πατριάρχης
1574 3761 1884 3828 ἐπεδείξατο

203 3847 600 3919 καταπραΰνας
620 3848 716 3919 τῆς
746 3848 927 3918 Σάρας
953 3847 1050 3918 τὴν
1074 3847 1465 3918 ἀγανάκτησιν,
1490 3849 1586 3902 καὶ⁵
1617 3848 1713 3920 τὴν
1742 3849 1884 3916 ἐξου-

207 3936 330 3990 σίαν
363 3937 460 4006 τῆς
491 3933 784 4005 παιδίσκης
804 3935 942 4006 αὐτῇ
975 3934 1242 4000 δεδωκὼς,
1274 3936 1369 3989 καὶ
1396 3935 1484 3988 διὰ
1511 3935 1702 3990 τούτου
1735 3939 1854 4010 είρή

201 4039 305 4093 νης
337 4021 620 4093 ἐμπλήσας
657 4021 757 4093 τὴν
787 4022 984 4084 οἰκίαν,
1025 4021 1084 4074 τὸ
1111 4022 1166 4076 δὲ
1194 4022 1381 4094 κέρδος
1406 4021 1514 4075 τῶν
1544 4021 1772 4092 θλίψεων
1818 4025 1881 4078 ἐκ

201 4108 315 4162 τῶν
340 4109 482 4162 κατά
501 4107 600 4178 τὴν
635 4107 927 4179 παιδίσκην
959 4107 1102 4162 ἔστιν
1142 4109 1288 4162 ἰδεῖν.
1309 4107 1526 4180 Ἐπειδὴ
1555 4107 1664 4180 γάρ
1699 4127 1882 4164 κακω-

205 4195 362 4248 θεῖσα
389 4194 495 4248 ὐπὸ
536 4195 634 4266 τῆς
667 4194 953 4266 δεσποίνης
979 4195 1209 4267 ἀπέδρα,
1243 4194 1338 4249 καὶ
1379 4193 1578 4268 πολλήν
1621 4195 1878 4266 ὑπέμεινε

203 4281 304 4353 τὴν
329 4280 720 4352 ταλαιπωρίαν,
751 4282 844 4334 καὶ
889 4281 1026 4351 μετά
1049 4281 1390 4352 δδυνωμένης
1432 4281 1611 4354 ψυχῆς
1655 4283 1879 4336 ἐκάλεσε

203 4368 298 4420 τὸν
340 4367 638 4439 Δεσπότην,
680 4367 882 4430 εὐθέως
924 4367 1022 4437 τῆς
1061 4367 1265 4422 ἀνωθεν
1302 4368 1608 4439 ἐπισκοπῆς
1643 4369 1871 4442 ἠξιώθη.

208 4455 329 4509 Ἵνα
359 4455 468 4526 γάρ
500 4455 670 4527 μάθῃ,
690 4456 770 4508 ὅτι
797 4454 883 4507 διὰ
903 4455 962 4508 16
983 4455 1382 4526 ταπεινωθῆναι
1421 4457 1514 4511 καὶ
1552 4457 1882 4528 συσταλῆναι

207 4541 308 4612 τῆς
332 4541 600 4614 τοσαύτης
631 4541 874 4609 ἀξιοῦται
894 4543 1240 4614 κηδεμονίας,
1263 4545 1426 4614 φησὶν
1445 4546 1474 4598 6
1494 4545 1722 4614 ἄγγελος
1745 4546 1881 4618 πρὸς

207 4628 397 4698 αὐτήν·
417 4631 514 4684 Ἐν
537 4631 747 4700 γαστρὶ
777 4629 959 4699 ἔχεις,
988 4630 1086 4684 καί
1114 4630 1256 4698 τέξῃ
1285 4631 1439 4696 υἱὸν,
1471 4632 1568 4685 καὶ
1601 4632 1882 4699 καλέσεις

206 4715 278 4770 τὸ
321 4716 507 4786 ὄνομα
537 4717 725 4771 αὑτοῦ
765 4717 1029 4787 Ὶσμαὴλ,
1075 4716 1165 4770 ὅτι
1207 4716 1516 4786 ἐπήκουσε
1559 4719 1772 4786 Κύριος
1807 4719 1882 4788 τῇ

207 4802 560 4858 ταπεινώσει
595 4818 732 4858 σου.
769 4803 982 4868 Είδότες
1008 4804 1210 4868 τοίνυν,
1241 4805 1536 4874 ἀγαπητοὶ,
1563 4805 1644 4858 ὅτι
1671 4806 1766 4860 ἐὰν
1784 4808 1882 4878 νή-

208 4907 422 4962 φωμεν,
448 4891 504 4944 αἱ
532 4891 740 4961 θλίψεις
775 4891 975 4962 μᾶλλον
1014 4894 1162 4962 ἡμᾶς
1200 4891 1457 4945 οἰκειοῦσι
1493 4892 1572 4964 τῷ
1611 4895 1880 4966 Δεσπότη,

208 4981 308 5034 καὶ
347 4979 467 5032 τότε
507 4977 848 5048 δυνησόμεθα
886 4978 988 5049 τὴν
1026 4978 1339 5050 παράὐτοῦ
1379 4979 1553 5050 ῥοπήν
1578 4981 1884 5035 ἐπισπάσα-

213 5066 360 5130 σθαι,
383 5066 514 5119 ὃταν
543 5063 682 5135 μετὰ
704 5063 1046 5135 δδυνωμένης
1081 5064 1260 5135 ψυχῆς
1283 5066 1377 5120 καὶ
1395 5066 1611 5138 θερμῶν
1633 5067 1884 5138 δακρύων

207 5151 358 5224 αὐτῷ
381 5151 717 5223 προσίωμεν,
751 5149 826 5222 μὴ
853 5151 1106 5222 ἀλγῶμεν
1126 5154 1218 5206 ἐπὶ
1240 5156 1357 5216 ταῖς
1381 5152 1644 5222 θλίψεσιν,
1668 5155 1804 5209 ἀλλά
1823 5156 1885 5209 16

209 5241 274 5294 ἐκ
301 5238 410 5292 τῶν
441 5238 671 5308 θλίψεων
692 5236 882 5310 κέρδος
915 5236 1250 5308 λογιζόμενοι
1274 5240 1449 5294 πάντα
1479 5241 1669 5311 πράως
1707 5242 1886 5313 φέρω-

212 5345 313 5399 μεν
349 5326 419 5380 τὰ
450 5326 850 5396 συμπίπτοντα,
891 5327 987 5380 καὶ¹
1025 5326 1407 5398 παιδευώμεθα
1448 5331 1707 5393 ἐπιεικεῖς
1747 5327 1885 5385 εἶναι

210 5415 304 5468 καὶ
339 5414 536 5485 ἥμεροι
566 5412 704 5484 πρὸς
737 5413 942 5475 πάντας
965 5413 1083 5483 μὲν,
1117 5413 1349 5484 μάλιστα
1383 5414 1439 5468 δὲ
1477 5415 1605 5486 περὶ
1629 5416 1727 5480 16;
1756 5417 1883 5471 ἐαυ-

209 5501 320 5555 τῶν
342 5503 627 5570 γυναῖκας,
661 5499 754 5552 καὶ
781 5498 984 5570 πολλὴν
1013 5499 1282 5553 ποιεῖσθαι
1312 5501 1564 5573 σπουδὴν,
1592 5503 1753 5568 ὥστε,
1779 5504 1884 5558 κᾶν

209 5589 454 5655 δικαίως,
485 5588 591 5643 κᾶν
632 5587 831 5652 ἀδίκως
884 5587 1225 5659 μέμψωνται,
1275 5589 1347 5662 μὴ
1388 5591 1880 5663 ἀκριϐολογεῖσθαι,

213 5679 326 5733 ἀλλ’
357 5678 473 5742 ἐνὸς
506 5678 668 5748 μόνου
690 5675 954 5746 γίνεσθαι,
979 5675 1070 5730 τοῦ
1106 5679 1174 5732 16
1194 5679 1292 5750 τῆς
1327 5678 1503 5750 λύπης
1538 5680 1686 5734 αἴτια
1716 5682 1880 5737 5x110-

211 5764 320 5823 δὼν
345 5767 538 5831 ποιεῖν,
560 5763 653 5820 καὶ
676 5762 896 5835 βαθεῖαν
927 5764 1149 5836 εἰρήνην
1179 5765 1604 5831 κατασκευάζειν
1625 5770 1688 5839 τῇ
1710 5768 1875 5840 οίκίᾳ,

1282 233 1346 288 IN
1381 233 1532 290 CAP.
1582 234 1699 291 XVI
1759 234 2008 293 GENES.
2054 234 2288 296 HOMIL.
2333 237 2571 293 XXXIX.

3577 241 3684 290 1’19"]

2013 353 2099 405 ἵνα
2121 353 2214 406 καὶ
2247 354 2428 425 ἐκείνη
2451 353 2549 424 ἔχῃ
2571 351 2706 423 1196;
2742 350 2830 404 τὸν
2857 349 3022 422 ἄνδρα
3048 349 3144 421 τὴν
3166 347 3520 422 ἐπιστροφὴν,
3543 354 3636 405 καὶ
3657 351 3686 403 ὁ

2007 441 2146 512 ἀνὴρ
2175 441 2251 504 ώς
2292 443 2372 504 είς
2400 441 2594 510 λιμένα
2627 441 2706 502 εἰς
2743 438 2908 509 αὐτὴν
2939 438 3037 511 ἔχῃ
3073 437 3434 506 καταφεύγειν
3476 441 3539 492 ἐκ
3575 439 3685 493 τῶν

2007 527 2206 591 ἔξωθεν
2243 527 2494 598 ταραχῶν
2543 527 2636 580 καὶ
2677 526 2783 578 τῶν
2825 526 3088 596 θορύϐων,
3131 525 3224 578 καὶ
3275 527 3451 579 πᾶσαν
3475 524 3685 578 ἐκεῖθεν

2006 613 2282 686 εὑρίσκειν
2326 614 2425 685 τὴν
2461 614 2828 686 παραμυθίαν.
2871 614 3012 685 I196;
3053 613 3302 684 βοήθειαν
3345 611 3453 684 γάρ
3482 614 3516 684 ή
3545 614 3682 682 γυνὴ

2005 700 2183 772 ἐδόθη,
2205 702 2290 754 ἵνα
2323 701 2659 772 ἀρκούμενος
2685 703 2752 772 τῇ
2777 700 2982 771 ταύτης
3017 700 3357 772 παρακλήσει
3393 699 3636 769 ἀντέχειν
3655 702 3684 753 ὁ

2006 788 2144 859 ἀνὴρ
2171 789 2392 859 δύνηται
2423 788 2558 858 πρὸς
2586 788 2654 842 16
2696 786 2914 841 ἐπιόντα
2943 787 3108 858 αύτῷ.
3127 788 3250 840 Ἐὰν
3276 786 3384 857 γὰρ
3480 788 3684 856 κοσμία

2005 876 2098 931 καὶ
2133 875 2401 948 ἐπιεικὴς,
2422 877 2482 928 ού
2513 875 2674 946 μόνον
2705 875 2804 946 τὴν
2838 875 2945 928 ἀπὸ
2973 875 3070 945 τῆς
3104 876 3386 938 κοινωνίας
3427 893 3682 946 παραμυ-

2005 963 2125 1017 θίαν
2159 963 2383 1035 παρέξει
2415 962 2494 1034 τῷ
2526 962 2700 1033 ἀνδρὶ,
2748 962 2882 1016 ἀλλά
2913 961 3004 1015 καὶ
3047 962 3105 1015 ἐν
3138 964 3252 1026 τοῖς
3293 962 3469 1025 ἄλλοις
3508 962 3681 1016 ἅπασι

2003 1050 2204 1120 πολλὴν
2225 1050 2323 1120 τὴν
2343 1050 2538 1120 ἑαυτῆς
2558 1049 2747 1122 χρείαν
2769 1047 3116 1112 ἐπιδείξεται,
3140 1049 3316 1102 πάντα
3334 1048 3480 1117 αὑτῷ
3502 1047 3680 1116 κοῦφα

2003 1136 2098 1190 καὶ
2129 1137 2288 1207 ῥᾴδια
2326 1133 2827 1198 κατασκευάζουσα,
2865 1137 2958 1188 καὶ
2987 1137 3087 1188 οὐκ
3121 1137 3340 1204 ἀφιεῖσα
3367 1136 3558 1204 πεῖραν
3588 1134 3680 1187 λα-

2002 1221 2116 1276 ϐεῖν
2163 1221 2286 1276 οὔτε
2338 1222 2445 1275 τῶν
2495 1220 2710 1286 ἔξωθεν.
2750 1221 2872 1274 οῦτε
2913 1222 3017 1292 μὴν
3059 1222 3167 1275 τῶν
3209 1222 3348 1274 κατὰ
3377 1220 3474 1292 τὴν
3501 1221 3677 1275 οίκίαν

1999 1309 2332 1380 τικτομένων
2357 1308 2475 1362 καθ’
2497 1309 2732 1378 ἑκάστην
2754 1308 2966 1379 ἡμέραν
2979 1307 3254 1380 δυσχερῶν
3271 1321 3296 1349 ι
3315 1327 3326 1337 ·
3345 1309 3677 1369 ἀλλά,καοά-

2000 1413 2106 1466 περ
2151 1396 2490 1468 κυϐερνήτης
2530 1395 2773 1466 ἄριστος,
2819 1393 2990 1457 οὕτως
3011 1394 3158 1465 αὑτῷ
3189 1395 3280 1448 16v
3311 1395 3557 1466 χειμῶνα
3577 1398 3674 1465 τῆς

1998 1482 2178 1553 ψυχῆς
2203 1483 2292 1535 διὰ
2324 1483 2424 1552 τῆς
2461 1479 2669 1544 οἰκείας
2707 1480 2856 1552 [594]
2889 1482 3078 1550 σοφίας
3117 1482 3196 1544 είς
3227 1481 3466 1553 γαλήνην
3509 1499 3667 1536 κατα·

2003 1571 2215 1640 στήσει.
2246 1569 2340 1623 καὶ⁸
2389 1571 2454 1640 τῇ
2501 1570 2628 1637 παρ’
2665 1568 2861 1637 ἑαυτῆς
2896 1568 3106 1620 συνέσει
3140 1567 3336 1638 πολλὴν
3362 1567 3510 1638 αὐτῷ
3535 1585 3675 1639 1169-

1998 1655 2110 1721 έξει
2132 1656 2232 1726 τὴν
2255 1656 2624 1726 παραμυθίαν.
2659 1655 2796 1719 T06;
2819 1654 2926 1725 γὰρ
2959 1655 3101 1708 οῦτω
3140 1655 3550 1725 συνδεδεμένους
3585 1656 3675 1708 06-

1996 1742 2085 1795 δὲν
2114 1741 2297 1794 λοιπον
2336 1742 2444 1794 τῶν
2489 1743 2547 1794 ἐν
2594 1742 2673 1810 τῷ
2704 1741 2928 1810 παρόντι
2969 1740 3069 1811 βίῳ
3095 1741 3331 1808 λυπῆσαι
3366 1741 3674 1812 δυνήσεται,

1997 1829 2118 1884 ούδέ
2138 1829 2237 1900 τὴν
2267 1829 2460 1900 ήδονὴν
2496 1829 2674 1882 αὐτῶν
2693 1827 3229 1898 λυμήνασθαι.⁶⁸οταν
3258 1828 3364 1901 γὰρ
3397 1829 3613 1900 ὁμόνοια

1997 1918 2090 1970 καὶ
2113 1918 2303 1988 εἰρήνη
2327 1917 2419 1970 καὶ
2448 1916 2741 1985 σύνδεσμος
2768 1915 2989 1986 ἀγάπης
3015 1916 3153 1986 μετά
3173 1917 3430 1986 γυναικὸς
3452 1916 3545 1970 καὶ
3579 1918 3670 1970 ἀν-

1994 2004 2140 2075 δρὸς,
2167 2005 2284 2057 ἐκεῖ
2320 2004 2494 2057 πάντα
2531 2003 2721 2074 συρρεῖ
2742 2001 2809 2055 τὰ
2846 2001 3048 2070 ἀγαθὰ,
3072 2004 3166 2056 καὶ
3194 2003 3455 2056 ἀνάλωτοι
3493 2004 3675 2071 πάσης

1995 2091 2289 2162 ἐπιϐουλῆς
2311 2092 2652 2162 γενήσονται,
2691 2089 2912 2160 μεγάλῳ
2940 2090 3032 2142 καὶ
3065 2089 3345 2161 ἀχειρώτῳ
3371 2091 3538 2161 τείχει
3565 2091 3672 2144 τινὶ

1997 2179 2395 2250 πεφραγμένοι,
2427 2177 2568 2231 τοῦτ’
2592 2178 2728 2243 ἔστι,
2767 2179 2834 2250 τῇ
2879 2177 3020 2232 κατά
3061 2177 3192 2231 Θεὸν
3238 2178 3474 2248 ὁμονοίᾳ.
3502 2178 3672 2232 Τοῦτο

1993 2265 2297 2336 ἀδάμαντος
2332 2266 2529 2329 αὐτοὺς
2561 2264 2941 2336 ἰσχυροτέρους
2969 2265 3366 2336 ἀπεργάσεται,
3405 2264 3564 2318 τοῦτο
3589 2281 3674 2318 σι·

1993 2353 2158 2424 δήρου
2191 2352 2576 2426 στερῤοτέρους
2617 2352 2969 2422 καταστήσει,
3007 2352 3165 2404 τοῦτο
3203 2350 3400 2414 παντὸς
3439 2350 3669 2404 πλούτου

1994 2441 2084 2492 καὶ
2107 2440 2424 2511 περιουσίας
2456 2441 2638 2502 αὐτοῖς
2671 2438 3027 2508 συμϐαλεῖται
3049 2437 3232 2504 πλέον,
3263 2437 3421 2490 τοῦτο
3457 2440 3537 2502 εἰς
3571 2438 3672 2507 τὴν

1993 2525 2252 2579 ἀνωτάτω
2275 2525 2630 2596 περιφάνειαν
2649 2525 2845 2587 αὐτοὺς
2867 2523 3072 2590 ἀνάξει,
3096 2523 3254 2576 τοῦτο
3275 2523 3369 2576 καὶ
3393 2523 3491 2594 τὴν
3518 2524 3671 2594 11696

1993 2612 2084 2666 τοῦ
2139 2613 2274 2665 Θεοῦ
2329 2611 2542 2665 εὔνοιαν
2587 2613 2770 2674 αὐτοῖς
2803 2611 3125 2681 προξενήσει
3161 2610 3297 2681 μετά
3338 2609 3536 2681 πολλῆς
3568 2610 3670 2680 τῆς

1992 2694 2413 2770 δαψιλείαςΜὴ
2445 2699 2644 2764 τοίνυν,
2695 2697 3014 2769 παρακαλῶ,
3059 2697 3248 2749 τούτου
3281 2699 3670 2768 προτιμότερόν

1991 2803 2045 2838 τι
2074 2785 2356 2856 ἡγώμεθα,
2392 2784 2526 2838 ἀλλά
2549 2785 2723 2838 πάντα
2744 2784 2985 2853 ποιῶμεν
3008 2784 3102 2836 καὶ
3129 2783 3668 2854 πραγματευώμεθα,

1993 2872 2134 2926 ὥστε
2165 2873 2406 2944 γαλήνην
2441 2872 2533 2926 καὶ
2572 2873 2795 2942 εἰρήνην
2839 2867 2975 2923 εἶναι
3028 2870 3230 2938 μεταξὺ
3278 2871 3377 2939 τῆς
3423 2873 3669 2941 συνοική-

1994 2976 2151 3023 σεως.
2187 2959 2319 3012 Τότε
2341 2959 2450 3030 γὰρ
2482 2961 2530 3012 οἱ
2561 2959 2866 3028 τικτόμενοι
2901 2957 3088 3020 παῖδες
3120 2959 3186 3026 τῇ
3213 2957 3318 3009 τῶν
3348 2957 3670 3027 γεγεννηκό-

1991 3064 2100 3101 των
2150 3047 2319 3117 ἀρετῇ
2371 3045 2920 3116 κατακολουθήσουσι,
2973 3043 3067 3096 καὶ
3119 3045 3168 3096 οί
3210 3044 3414 3098 οἰκέται
3461 3043 3668 3106 τούτοις

1991 3133 2233 3204 ἕψονται,
2263 3134 2357 3187 καί¹
2385 3131 2720 3202 πανταχόθεν
2749 3131 2815 3184 16
2838 3131 2938 3200 τῆς
2961 3130 3138 3194 οίκίας
3167 3131 3302 3200 1196;
3324 3131 3524 3202 ἀρετήν
3549 3133 3668 3184 ἐπιε-

1991 3220 2174 3288 δώσει,
2210 3222 2304 3275 καὶ
2353 3219 2522 3290 πολλὴ
2571 3219 2678 3272 τῶν
2717 3219 3059 3291 πραγμάτων
3091 3218 3244 3272 ἔσται
3293 3221 3326 3290 ή
3376 3219 3663 3290 εὐημερία.

1993 3307 2163 3360 ὐταν
2210 3305 2318 3376 γὰρ
2355 3304 2426 3358 16
2468 3303 2562 3358 τοῦ
2596 3303 2730 3358 Θεοῦ
2781 3303 3156 3376 προτιμώμεν,
3192 3303 3261 3356 16
3307 3302 3440 3356 ἄλλα
3491 3303 3668 3356 πάντα

1993 3392 2133 3446 κατά
2180 3390 2306 3464 ροῦν
2338 3391 2456 3462 ἥξει
2489 3392 2638 3462 ἡμῖν,
2690 3391 2786 3444 καὶ
2834 3391 3045 3454 οὐδενὸς
3085 3389 3336 3461 αἴσθησιν
3388 3388 3669 3460 ληψόμεθα

1989 3479 2254 3552 λυπηροῦ,
2275 3480 2376 3549 τῆς
2414 3478 2511 3531 τοῦ
2543 3477 2678 3532 Θεοῦ
2711 3477 3048 3549 ἀγαθότητος
3079 3477 3214 3547 μετὰ
3241 3476 3516 3546 δαψιλείας
3537 3478 3670 3548 ἡμῖν

1990 3566 2207 3620 ἅπαντα
2237 3564 2724 3636 χορηγούσης.”1να
2748 3560 2840 3617 οὖν
2864 3564 2957 3616 καὶ
2985 3564 3138 3616 αύτοὶ
3169 3562 3388 3626 ἀλύπως
3416 3563 3554 3616 κατά
3578 3564 3669 3616 τὸν

1995 3654 2240 3723 παρόντα
2271 3652 2384 3722 βίον
2415 3652 2710 3722 διάγωμεν,
2749 3651 2844 3704 καὶ
2872 3651 2968 3722 τὴν
3000 3649 3151 3721 11696
3176 3648 3270 3702 τοῦ
3296 3649 3567 3703 Δεσπότου
3589 3649 3667 3702 εῦ-

1989 3759 2138 3796 νοιαν
2168 3741 2260 3794 ἐπὶ
2284 3740 2444 3794 πλέον
2467 3738 2919 3808 ἐπισπασώμεθα,
2941 3736 3296 3808 ἀντεχώμεθα
3318 3737 3418 3808 τῆς
3439 3737 3667 3808 ἀρετῆς,

1988 3829 2087 3901 τὴν
2133 3828 2382 3898 ὁμόνοιαν
2427 3827 2519 3880 καὶ
2566 3826 2665 3898 τὴν
2714 3826 2936 3897 είρήνην
2963 3825 3041 3889 είς
3066 3824 3164 3893 τὴν
3205 3825 3382 3878 οἰκίαν
3428 3826 3669 3892 εἰσάγειν

1991 3915 2380 3986 σπουδάξωμεν
2423 3913 2520 3984 τὴν
2567 3912 2794 3976 ἐαυτῶν,
2832 3912 2931 3982 τῆς
2974 3910 3084 3964 τῶν
3131 3911 3336 3965 τέκνων
3369 3911 3667 3980 εὐκοσμίας

1989 4002 2402 4074 ἐπιμελώμεθα,
2444 4000 2817 4073 φροντίζωμεν
2863 3999 2958 4053 τοῦ
3005 3999 3204 4070 τρόπου
3258 3999 3365 4052 τῶν
3414 3998 3666 4061 οἰκετῶν,

1989 4088 2074 4141 ἵνα
2118 4088 2261 4159 ὑπὲρ
2308 4087 2562 4140 ἀπάντων
2606 4086 2844 4155 δαψιλεῖς
2873 4085 2972 4149 τὰς
3008 4083 3244 4157 ἀμοιϐάς
3287 4084 3666 4156 κομισάμενοι,

1987 4175 2412 4246 καταξιωθῶμεν
2442 4176 2534 4229 καὶ
2574 4174 2683 4228 τῶν
2733 4172 3154 4244 ἐπηγγελμένων
3199 4173 3439 4241 ἀγαθῶν,
3482 4172 3664 4244 χάριτι

1988 4264 2081 4319 καὶ
2127 4263 2508 4334 φιλανθρωπίᾳ
2553 4260 2647 4314 τοῦ
2696 4261 2900 4333 Κυρίου
2953 4261 3110 4333 ήμῶν
3155 4260 3327 4332 Ἰησοῦ
3382 4261 3661 4332 Χριστοῦ,

1991 4350 2108 4421 μεθ’
2139 4343 2201 4402 οῦ
2245 4348 2325 4418 τῷ
2370 4349 2562 4418 Πατρὶ,
2594 4348 2709 4418 ἃμα
2733 4346 2811 4418 τῷ
2839 4347 2979 4418 ἁγίῳ
3011 4347 3308 4417 Πνεύματι,
3347 4346 3494 4411 δόξα,
3529 4347 3665 4416 κρά‹

1986 4454 2099 4503 τος,
2129 4435 2284 4507 τιμὴ,
2312 4435 2406 4489 νῦν
2439 4436 2533 4489 καὶ
2559 4435 2666 4502 ἀεὶ,
2687 4435 2781 4487 καὶ
2809 4434 2888 4498 είς
2916 4435 3042 4498 τοὺς
3069 4434 3272 4497 αίῶνας
3301 4433 3411 4488 τῶν
3431 4432 3661 4488 αἰώνων.

2000 4524 2193 4595 Ἀμήν.

2630 4607 2872 4665 OMIAIA
2904 4608 3028 4664 ΛΘ’.

2000 4699 2210 4756 Ἠνίιια
2267 4698 2337 4753 δὲ
2391 4697 2628 4767 ἐγένετο
2669 4701 2704 4752 ό
2755 4699 2983 4768 Ἀϐραμ
3036 4695 3443 4761 ἐννενήκοντα
3486 4693 3666 4748 ἐννέα

2404 4785 2576 4852 έτῶν,
2604 4785 2770 4855 ὤφθη
2799 4783 2956 4850 αὐτῷ
2973 4789 3003 4838 o'
3029 4786 3173 4848 Θεός
3192 4783 3242 4838 ι).

2057 4874 2128 4928 α’.
2148 4872 2351 4939 Εῖδετε,
2368 4873 2664 4943 ἀγαπητοὶ,
2677 4872 2796 4937 πῶς
2821 4871 2971 4923 οὐδὲν
2989 4871 3156 4940 ἀργὸν
3171 4869 3278 4923 τῶν
3293 4868 3443 4940 παρὰ
3458 4869 3524 4938 τῇ
3546 4866 3667 4938 θεία

2004 4963 2196 5034 Γραφῇ
2237 4962 2540 5034 κειμένων;
2578 4961 2748 5014 εἴδετε
2785 4959 2910 5030 χθὲς
2953 4959 3070 5023 πῶς
3097 4960 3157 5012 16
3188 4959 3328 5012 κατὰ
3355 4960 3451 5029 τήν
3483 4959 3664 5028 Ἅγαρ

1993 5052 2072 5116 είς
2101 5050 2264 5122 μέσον
2289 5049 2700 5121 παραγαγόντες
2723 5089 2738 5111 ,
2785 5049 2878 5101 καὶ
2909 5046 3006 5118 τὴν
3038 5046 3239 5118 ταύτης
3279 5045 3624 5118 ἀναχώρησιν
3645 5087 3666 5108 ,

1992 5136 2190 5208 πολλὴν
2247 5136 2514 5205 ὠφέλειαν
2563 5134 2774 5188 ἐκεῖθεν
2817 5132 3297 5206 ὲκαρπωσάμεθας
3359 5131 3669 5203 Ἐμάθομεν

1991 5222 2100 5294 γὰρ
2127 5221 2220 5275 τοῦ
2258 5221 2595 5292 πατριάρχου
2629 5219 2726 5290 τὴν
2753 5218 2950 5290 πολλὴν
2971 5219 3289 5285 ἐπιείκειαν,
3319 5217 3421 5288 τῆς
3450 5233 3666 5288 σωφροο

1993 5307 2159 5380 σύνης
2195 5307 2292 5379 τὴν
2318 5306 2622 5378 ὑπερϐολὴν
2645 5347 2659 5372 ,
2690 5305 2788 5374 τὴν
2813 5304 2944 5358 αίδὼ
2963 5346 2977 5369 ,
3005 5306 3070 5376 ἢν
3097 5303 3359 5376 ἀπένειμε
3383 5306 3448 5375 τῇ
3477 5304 3626 5373 Σάρα
3642 5343 3661 5367 ,

1989 5395 2089 5467 τὴν
2131 5395 2262 5466 πρὸς
2305 5394 2475 5464 αύτὴν
2505 5394 2756 5464 ὁμόνοιαν
2793 5394 3009 5446 πάντων
3049 5391 3352 5463 ἡγούμενος
3400 5405 3661 5460 προτιμο-

1991 5482 2175 5553 τέραν.
2228 5480 2456 5551 Είδομεν
2504 5480 2596 5534 τοῦ
2647 5479 2783 5534 Θεοῦ
2830 5479 2928 5551 τὴν
2965 5479 3168 5549 ἀφατον
3217 5475 3661 5549 φιλανθρωπίαν,

1990 5569 2138 5633 ὅπως
2168 5569 2255 5622 διὰ
2277 5567 2374 5638 τὴν
2414 5570 2493 5632 είς
2519 5567 2608 5621 16v
2646 5567 2849 5621 δίκαιον
2875 5567 3040 5639 τιμὴν
3068 5566 3128 5620 ού
3160 5565 3321 5634 μόνον
3346 5561 3658 5632 ἐπανήγαγε

2057 5657 2082 5685 ⁸
2108 5655 2261 5704 Savil.
2322 5660 2373 5703 et
2431 5655 2622 5712 aliquot
2698 5667 2815 5703 mss.
2858 5655 3096 5712 λυπηρῶν.
3156 5651 3330 5712 Morel“.
3385 5649 3657 5712 δυσχερῶν.

1991 5716 2022 5757 ιι
2045 5717 2159 5765 Haec
2197 5714 2264 5764 ita
2289 5710 2612 5764 enuntiamur
2645 5718 2694 5764 in
2728 5713 2932 5764 Bibliis:
2965 5710 3178 5775 Ἐγένετο
3227 5713 3279 5758 δὲ
3303 5710 3496 5772 Ἀδραμ
3537 5710 3661 5759 ἐτῶν

1989 5778 2293 5835 ἐννενήκοντα
2314 5777 2460 5828 ἐννέα·
2488 5778 2569 5826 καὶ
2612 5778 2743 5842 ὤφθη
2771 5775 2940 5841 Κύριος
2959 5773 3038 5840 τῷ
3069 5773 3272 5836 Ἀϐραμ.
