4020 6136
336 263 434 317 ῐϐι
1060 257 1118 312 S.
1152 252 1436 311 JOANNIS
1474 246 1956 309 CIIRYSOSTOMI
1990 242 2313 302 ARCHIEP.
2352 239 2896 302 CONSTANTINOP.

336 362 438 450 τήν
478 376 657 447 ’Ἅγαρ
699 372 840 428 κατὰ
871 371 971 443 τὴν
1012 370 1217 444 ἔρημον
1261 368 1649 439 πλανωμένην,
1678 365 1772 420 καὶ
1803 362 1892 418 διὰ
1916 361 2007 450 τὸν

336 449 437 539 τῆς
464 463 753 533 δεσποίνης
781 461 943 532 φόϐον
963 459 1369 529 ἀποδράσασαν,
1398 454 1534 509 ἀλλά
1553 453 1647 509 καὶ
1667 453 1759 507 τοῦ
1788 449 2010 539 ’ἰσμαὴλ

335 536 434 609 τόν
471 550 627 606 τόκον
671 548 995 619 ἐχαρίσατο,
1027 545 1229 614 πολλὴν
1269 541 1516 596 ἐντεῦθεν
1557 539 1635 610 τῷ
1675 538 1866 609 δικαίῳ
1912 536 2014 604 τὴν

344 637 698 712 παραμυθίαν
729 633 958 690 ἐπινοῶν
977 676 992 697 ,
1018 633 1112 686 καὶ
1143 631 1244 701 τῆς
1276 627 1545 699 τοσαύτης
1573 624 1849 697 ὑπομονῆς
1875 625 2012 676 ἀπ)-

350 708 523 790 διδοὺς
555 723 702 795 αὐτῷ
728 722 824 786 τὰς
852 720 1103 794 ἀμοιϐάς.
1136 718 1247 773 Kal
1278 714 1463 786 ἐπειδὴ
1494 712 1684 785 ἐτέχθη
1707 713 1735 765 6
1767 708 2009 782 Ἰσμαὴλ,

344 813 639 885 βουλομένη
656 810 862 875 διδάξαι
876 814 908 880 ή
919 810 1025 882 μᾶς
1038 806 1194 882 [595]
1208 807 1242 876 ἡ
1258 804 1376 858 Θεία
1392 802 1583 875 Γραφὴ
1599 802 1689 854 τὸν
1714 799 1903 871 χρόνον
1916 797 2010 850 τοῦ

343 901 703 972 πατριάρχου,
720 896 932 952 καὶτῶν
952 895 1088 949 ἐτῶν
1102 894 1192 946 τὸν
1208 891 1440 964 ἀριθμὸν
1467 891 1602 961 ήμίν
1627 887 2013 959 ἐπεσημήνατο

345 971 590 1051 εἰποῦσα,
621 988 702 1040 δτι
740 985 951 1040 Ἦνίκα
997 982 1208 1051 ἐτέχθη
1256 982 1289 1032 δ
1345 976 1632 1047 Ἰσμαὴλ,
1666 974 1816 1030 ἐτῶν
1842 971 2012 1043 ὁγδο-

343 1074 642 1144 ηκονταὲξ
669 1070 749 1143 ἦν
775 1075 806 1126 d
826 1073 1069 1139 Ἀὄραμ.
1092 1068 1318 1137 Ἰδωμεν
1345 1065 1401 1118 δὲ
1430 1064 1618 1119 λοιπὸν
1649 1062 1718 1117 τὰ
1741 1060 2011 1124 ἐντεῦθεν,

346 1164 435 1217 ἵνα
463 1161 558 1215 xal
585 1161 648 1213 ὲκ
674 1160 783 1212 τῶν
815 1158 940 1228 ἑξῆς
974 1155 1234 1227 μάθωμεν
1262 1153 1423 1206 πάλιν
1443 1150 1538 1205 καὶ
1561 1150 1655 1203 τοῦ
1680 1149 1887 1202 δικαίου
1918 1146 2014 1219 τὴν

347 1249 548 1320 πολλὴν
580 1245 854 1317 ὑπομονὴν
875 1285 889 1309 ,
934 1244 1026 1295 καὶ
1068 1241 1161 1294 τοῦ
1210 1238 1480 1292 Δεσπότου
1524 1236 1621 1308 τὴν
1665 1236 1870 1305 ἄφατον
1920 1234 2016 1288 καὶ

351 1333 792 1405 ὑπερϐάλλουσαν
816 1328 1239 1398 φιλανθρωπίαν.
1269 1324 1542 1395 Εἰσόμεθα
1581 1323 1637 1375 δὲ
1681 1321 1816 1391 μετά
1855 1322 2016 1392 ἀκρι-

355 1421 526 1485 ϐείας,
571 1420 668 1473 ἐὰν
708 1416 870 1470 πάλιν
904 1414 1029 1478 τοὺς
1077 1413 1302 1485 χρόνους
1347 1411 1447 1480 τῆς
1491 1409 1635 1479 ζωῆς
1681 1406 1774 1461 τοῦ
1805 1408 2015 1461 δικαίου

354 1504 692 1577 καταμαθεῖν
714 1501 1053 1572 δυνηθῶμεν,
1082 1500 1174 1552 καὶ
1200 1500 1348 1560 ὅπως
1368 1498 1396 1549 6
1415 1494 1614 1565 ἀγαθὸς
1647 1491 1779 1557 Θεὸς
1799 1493 1867 1546 τὰ
1895 1495 2015 1546 κατ’

355 1591 518 1645 αὐτὸν
547 1589 815 1660 ᾠκονόμει
839 1628 853 1653 ,
888 1586 1010 1639 καθ’
1035 1585 1264 1638 ἕκαστον
1297 1581 1487 1654 καιρὸν
1512 1579 1737 1651 δοκιμὴν
1764 1578 1858 1632 τοῦ
1887 1579 2015 1632 ἰδίου

348 1678 679 1749 θεράποντος
733 1673 1063 1745 λαμϐάνων,
1125 1671 1220 1724 καὶ
1280 1669 1343 1723 τὸ
1395 1668 1637 1735 θεοφιλὲς
1693 1665 1860 1721 αὐτοῦ
1919 1667 2016 1737 τῆς

349 1764 575 1836 γνώμης
604 1762 805 1817 ἐκκαλύ
816 1777 981 1815 πτων.
1008 1759 1181 1821 Αὐτὸς
1209 1757 1308 1828 μὲν
1332 1756 1440 1827 γάρ
1468 1754 1690 1827 προῄδει
1721 1752 1905 1822 σαφῶς
1925 1752 2017 1807 τοῦ

353 1852 485 1906 ἰδίου
518 1851 729 1904 οἰκέτου
761 1848 859 1920 τὴν
884 1843 1337 1917 εὐγνωμοσύνην,
1379 1842 1475 1896 καὶ
1507 1841 1607 1910 τῆς
1648 1840 1825 1910 ψυχῆς
1851 1836 2015 1893 αὐτοῦ

350 1939 413 1993 τὸ
444 1935 639 2000 κάλλος
670 1935 940 2006 ἠπίστατο
959 1972 975 1999 ,
1003 1932 1095 1985 καὶ
1125 1931 1218 1985 τὸν
1252 1927 1597 2001 μαργαρίτην
1632 1924 1872 1997 ἀκριϐῶς
1916 1923 2023 1992 ἐτί-

351 2042 560 2080 νωσκεν
583 2042 597 2056 ·
630 2023 744 2078 ἀλλ’
781 2020 969 2092 ἐπειδὴ
1014 2019 1262 2074 ἐϐούλετο
1301 2018 1397 2072 καί
1427 2018 1560 2070 πᾶσι
1592 2017 1704 2079 τοῖς
1732 2015 1852 2068 τότε
1880 2027 2020 2084 πιρ-

351 2112 470 2166 οὖσι
505 2110 804 2183 κατάδηλον
851 2108 1014 2163 αὑτὸν
1058 2110 1277 2179 ποιῆσαι
1302 2145 1320 2170 ,
1375 2103 1461 2158 ίνα
1504 2102 1598 2157 καὶ
1639 2104 1721 2165 είς
1752 2100 1851 2164 τὰς
1886 2100 2021 2171 μετά

355 2200 526 2254 ταῦτα
574 2198 770 2268 γενεὰς
823 2197 858 2268 ἡ
906 2195 1000 2250 τοῦ
1048 2193 1255 2248 δικαίου
1307 2191 1476 2261 ἀρετὴ
1535 2188 1670 2259 πρδς
1726 2187 1884 2259 ζῆλον
1929 2187 2022 2239 καὶ

367 2286 598 2358 μίμησιν
636 2285 929 2356 ἐφέλκηται
974 2283 1101 2346 τοὺς
1146 2279 1499 2351 βουλομένους
1526 2318 1540 2340 ,
1574 2276 1661 2330 διὰ
1692 2276 1848 2329 τοῦτο
1881 2275 2021 2328 κατά

358 2373 553 2445 μικρὸν
583 2370 913 2426 ἐκκαλύπτει
934 2370 1024 2423 τὸν
1045 2367 1273 2421 πλοῦτον
1302 2366 1399 2436 τῆς
1424 2364 1515 2418 τοῦ
1538 2363 1744 2417 δικαίου
1774 2361 2019 2432 γνώμης,

354 2461 444 2514 ἴνα
472 2457 857 2527 παιδευώμεθα
884 2458 978 2510 καὶ
995 2457 1155 2526 ἡμεῖς
1182 2454 1451 2524 μηδέποτε
1473 2451 1771 2503 διαπιστεῖν
1789 2451 1908 2512 ταῖς
1930 2447 2022 2500 τοῦ

354 2545 491 2600 Θεοῦ
524 2544 878 2615 ἐπαγγελίαις
906 2561 922 2575 ο
965 2543 1102 2614 μηδέ
1146 2540 1519 2611 δυσχεραίνειν
1562 2537 1696 2609 πρὸς
1739 2536 1837 2607 τὴν
1891 2536 2022 2589 ἀνα-

355 2634 538 2702 ϐολήν,
587 2632 721 2687 ἀλλά
771 2630 971 2702 μᾶλλον
1013 2629 1121 2681 τῶν
1167 2627 1456 2700 ὁρωμένων
1491 2626 1586 2678 καὶ
1627 2624 1735 2677 τῶν
1780 2625 1838 2676 ἐν
1869 2623 2024 2694 χερσί

354 2726 468 2788 τοῖς
491 2722 565 2793 μὴ
596 2720 946 2792 βλεπομένοις
977 2717 1198 2789 θαρρεῖν
1219 2756 1234 2780 ,
1267 2714 1485 2768 ἐπειδάν
1515 2716 1543 2767 6
1580 2713 1796 2766 πάντων
1823 2711 2025 2763 Δεσπό-

352 2829 455 2884 της
489 2810 794 2881 ὑπόσχηται
822 2825 837 2839 ·
860 2808 954 2862 καὶ
978 2807 1175 2860 εἰδέναι
1214 2804 1289 2868 ὡς
1336 2804 1435 2875 οὐχ
1481 2796 1591 2855 οἶόν
1637 2800 1696 2855 τέ
1742 2817 1870 2854 ποτε
1907 2799 2023 2852 δια-

357 2901 542 2953 πεσεῖν
602 2898 670 2951 τά
724 2894 877 2966 παρά
922 2893 1016 2947 τοῦ
1065 2891 1199 2947 Θεοῦ
1253 2888 1657 2958 ἐπαγγελθέντα
1683 2904 1696 2917 ·
1741 2886 1875 2940 ἀλλά
1921 2887 2024 2939 κᾶν

361 2987 556 3058 χρόνου
608 2982 803 3037 πολλοῦ
851 2979 1302 3053 παραδραμόντος
1345 2975 1563 3030 ἐναντία
1607 2975 1724 3038 ταῖς
1758 2972 1851 3027 τοῦ
1889 2972 2024 3026 Θεοῦ

359 3073 686 3144 ὑποσχέσεσι
738 3070 982 3141 γένηται,
1040 3067 1175 3139 μηδέ
1229 3065 1371 3120 οὕτω
1424 3062 1743 3118 σαλεύεσθαι
1788 3060 1882 3115 τὸν
1934 3061 2024 3114 λο-

358 3161 578 3232 γισμδν,
624 3159 739 3213 ἀλλ’
770 3157 969 3211 εἰδέναι
998 3156 1091 3209 τοῦ
1122 3151 1592 3222 ἐπαγγειλαμένου
1637 3149 1697 3203 τδ
1722 3150 2027 3221 εὐμήχανον

360 3250 455 3303 καὶ
490 3249 588 3318 τὴν
634 3247 845 3318 ἄμαχον
884 3244 1113 3313 δύναμιν
1137 3281 1153 3307 ,
1201 3241 1297 3296 καὶ
1326 3241 1408 3294 ὅτι
1435 3238 1653 3293 ἐπειδάν
1676 3237 1908 3308 βουληθῇ
1948 3239 2028 3300 εἰς

360 3335 522 3406 ἔργον
554 3334 782 3401 ἀγαγεῖν
831 3330 899 3384 τά
947 3327 1268 3399 δεδογμένα,
1306 3327 1484 3380 πάντα
1530 3326 1667 3379 εἴκει
1708 3326 1802 3378 καὶ
1848 3341 2028 3396 παρα-

360 3423 546 3494 χωρεῖ.
593 3418 811 3489 Ἐπειδὴ
843 3416 952 3488 γὰρ
986 3414 1188 3485 Κύριός
1217 3416 1334 3468 ἐστι
1393 3413 1493 3484 τῆς
1536 3412 1752 3482 φύσεως
1786 3413 1880 3465 καὶ
1929 3414 2027 3483 δη-

362 3507 621 3580 μιουργὸς
640 3548 654 3570 ,
696 3505 921 3560 δυνατὸν
947 3502 1094 3573 αὐτῷ
1125 3503 1219 3556 καὶ
1255 3500 1326 3555 τὰ
1366 3501 1505 3573 ὑπὲρ
1533 3499 1631 3572 τὴν
1660 3498 1821 3570 φύσιν
1853 3498 2029 3571 δωρή·

360 3596 580 3652 σασθαι.
608 3594 700 3666 Μὴ
728 3592 909 3648 τοίνυν
939 3593 1075 3667 πρὸς
1106 3590 1204 3664 τήν
1232 3588 1440 3646 οἰκείαν
1468 3589 1752 3644 ἀσθένειαν
1779 3587 2027 3661 ἀφορῶν-

358 3701 452 3750 τες
499 3682 1043 3756 πολυπραγμονῶμεν
1089 3679 1160 3733 τὰ
1211 3677 1361 3750 παρὰ
1400 3677 1496 3732 τοῦ
1540 3676 1676 3732 Θεοῦ
1724 3677 1987 3747 γινόμενα
2009 3717 2025 3741 ,

363 3770 499 3842 μηδὲ
530 3768 666 3841 πρὸς
698 3767 796 3840 τὴν
829 3766 1063 3836 φυσικὴν
1107 3764 1427 3819 ἀκολουθίαν
1465 3762 1862 3826 ἀποϐλέποντες
1910 3762 2027 3832 σχί-

362 3853 550 3928 ζωμεν
574 3855 666 3909 τὸν
693 3853 983 3925 λογισμὸν,
999 3851 1136 3907 ἀλλὰ
1162 3851 1414 3923 καθάπερ
1435 3849 1774 3923 εὐγνώμονες
1798 3849 2026 3917 οἰκέται,

361 3944 565 4007 εἰδότες
632 3941 728 3996 τοῦ
787 3941 1058 4013 ἡμετέρου
1117 3938 1388 3993 Δεσπότου
1442 3939 1541 4010 τὴν
1590 3937 2028 4009 ὑπερϐάλλουσαν

358 4030 628 4102 δύναμιν,
676 4027 1019 4098 πιστεύωμεν
1070 4026 1236 4080 αὐτοῦ
1294 4028 1415 4089 ταῖς
1475 4024 1868 4094 ὑποσχέσεσιν,
1933 4025 2029 4077 καὶ

358 4117 620 4188 ἀνώτεροι
646 4115 923 4187 γινώμεθα
948 4115 1046 4185 τῆς
1076 4113 1312 4183 φυσικῆς
1335 4110 1636 4175 ἀσθενείας,
1678 4110 1762 4165 ἵνα
1787 4112 1881 4165 καὶ
1920 4111 2029 4164 τῶν

360 4203 803 4273 ἐπαγγελθέντων
855 4199 1299 4270 ἐπιτευξώμεθά,
1376 4200 1469 4253 καὶ
1527 4199 1627 4270 τῆς
1677 4198 1807 4268 παρ’
1865 4198 2028 4252 αὐτοῦ

361 4290 760 4362 ἀπολαύσωμεν
812 4288 1023 4353 εὐνοίας
1049 4330 1065 4355 ,
1124 4288 1218 4342 καὶ
1275 4287 1418 4342 κατά
1465 4285 1696 4358 δύναμιν
1751 4286 2030 4359 ἡμετέραν

358 4379 682 4451 τιμήσωμεν
724 4377 816 4431 τὸν
868 4375 1022 4430 Θεόν.
1073 4374 1321 4447 Μεγίστη
1369 4374 1478 4447 γὰρ
1526 4373 1663 4447 αὐτη
1715 4374 1849 4446 τιμὴ
1898 4373 2028 4445 παρ’

359 4466 519 4540 ήμῶν
554 4468 636 4529 εἰς
676 4464 874 4529 αὑτὸν,
912 4463 974 4518 τὺ
1015 4462 1236 4536 θαρρεῖν
1288 4462 1454 4516 αὐτοῦ
1498 4465 1562 4535 τῇ
1616 4463 1877 4534 δυνάμει,
1924 4462 2029 4516 κᾶν

363 4551 581 4608 ἐναντία
668 4551 736 4605 τά
767 4554 880 4614 τοῖς
909 4551 1206 4622 ὀφθαλμοῖς
1236 4550 1336 4622 τῆς
1377 4550 1577 4623 σαρκὸς
1611 4549 1882 4621 ὁρώμενα.
1920 4550 2030 4604 Kal

359 4641 415 4696 τί
459 4638 792 4711 θαυμάζεις,
839 4640 888 4691 εἰ
932 4639 1024 4691 ἐπὶ
1068 4637 1202 4691 Θεοῦ
1255 4638 1487 4708 μεγίστη
1533 4640 1650 4692 ἐστὶ
1689 4638 1821 4710 τιμὴ
1857 4638 1917 4692 τὸ
1952 4638 2029 4709 μὴ

359 4726 759 4798 ἀμφιϐάλλειν;
814 4725 925 4778 Καὶ
973 4723 1066 4776 ἐπὶ
1113 4721 1221 4775 τῶν
1268 4723 1574 4791 ὁμογενῶν,
1629 4725 1845 4778 ἐπειδὰν
1897 4726 2028 4795 ήμῖν

361 4814 706 4887 ύπόσχωνταί
751 4831 806 4867 τι
863 4810 974 4866 τῶν
1034 4809 1313 4880 ἐπικήρων
1371 4809 1576 4863 τούτων
1631 4812 1724 4863 καὶ
1777 4810 2029 4883 φθαρτῶν

360 4903 704 4975 πραγμάτων
729 4941 745 4966 ,
786 4899 852 4955 ἂν
879 4897 954 4970 μὴ
985 4896 1447 4968 ἀμφιϐάλλωμεν,
1489 4895 1624 4950 ἀλλά
1667 4897 2030 4970 θαρρήσωμεν

361 4990 442 5061 τῷ
463 4988 841 5060 ύποσχομένῳ,
872 4987 980 5048 πᾶς
997 5002 1080 5048 τις
1100 4983 1280 5038 αὐτῶν
1308 4984 1572 5055 μεγίστην
1600 4985 1803 5056 ταύτην
1821 4988 2030 5057 ἡγεῖται

361 5078 684 5149 τετιμῆσθαι
712 5076 898 5148 τιμήν,
926 5075 986 5128 τὸ
1017 5073 1092 5145 μὴ
1122 5073 1388 5128 ἐνδοιάσαι
1418 5073 1658 5143 δηλονότι
1689 5077 1856 5146 ἡμᾶς,
1895 5079 2031 5133 ἀλλὰ

363 5165 636 5237 θαρρῆσαι
677 5163 842 5218 αὐτοῦ
888 5165 1010 5226 ταῖς
1052 5162 1428 5232 ὑποσχέσεσιν.
1480 5162 1542 5215 Εἰ
1584 5162 1762 5217 τοίνυν
1809 5165 1902 5219 καὶ
1943 5168 2029 5221 ἐπ’

360 5251 665 5325 ἀνθρώπων
686 5250 843 5304 τοῦτό
860 5252 975 5305 ἐστι
996 5248 1104 5304 τῶν
1126 5249 1219 5303 καὶ
1247 5248 2028 5322 μεταϐαλλομένων-πολλάκις,

360 5342 397 5414 ἢ
442 5340 512 5395 δι’
562 5339 845 5394 ἀσθένειαν
900 5339 975 5411 μὴ
1015 5336 1329 5408 δυναμένων
1372 5338 1452 5401 εἰς
1492 5337 1651 5410 ἔργον
1683 5341 1912 5410 ἀγαγεῖν
1960 5342 2030 5396 τά

361 5425 619 5493 δόξαντα,
668 5424 846 5495 πο)λῷ
882 5423 1083 5494 μᾶλλον
1116 5421 1210 5475 ἐπὶ
1243 5421 1336 5475 τοῦ
1374 5422 1509 5475 Θεοῦ
1539 5425 1826 5497 ὀφείλομεν
1862 5428 2028 5483 αὑτοῦ

361 5514 587 5586 θαρρεῖν
613 5516 680 5586 τῇ
712 5513 1016 5585 ἐπαγγελίᾳ
1040 5553 1055 5578 ,
1084 5513 1186 5567 κᾶν
1217 5515 1275 5566 ἐν
1307 5512 1384 5584 τῷ
1416 5515 1565 5586 μέσῳ
1604 5516 1768 5580 πολὺς
1807 5516 2029 5588 γένηται

361 5601 569 5672 χρόνος.
604 5599 791 5654 Ταῦτα
828 5599 887 5654 δέ
942 5614 1032 5670 μοι
1082 5598 1177 5652 νῦν
1213 5600 1310 5669 οὐχ
1348 5599 1533 5665 ἁπλῶς
1592 5600 1741 5674 [596]
1792 5604 2028 5674 εἴρηται,

364 5688 478 5743 ἀλλ’
505 5687 594 5742 ἵνα
628 5688 828 5742 εἰδέναι
865 5685 1078 5757 ἔχωμεν
1097 5723 1113 5749 ,
1156 5685 1284 5739 ὅταν
1331 5685 1572 5758 ἔλθωμεν
1602 5688 1694 5742 ἐπὶ
1724 5689 1823 5760 τὴν
1853 5691 2028 5762 ἀρχὴν

360 5772 468 5826 τῶν
506 5776 744 5846 σήμερον
785 5776 919 5847 ἡμῖν
950 5772 1353 5843 προτεθέντων,
1397 5775 1544 5838 ὃπως
1582 5776 1610 5828 ό
1652 5776 2030 5848 φιλάνθρωπος

362 5858 495 5923 Θεδς
519 5858 836 5932 βουλόμενος
856 5862 1059 5917 ἅπασιν
1088 5858 1358 5930 ἐπίσημον
1384 5861 1605 5932 ποιῆσαι
1639 5862 1729 5917 τὸν
1764 5866 2032 5938 πατριάρ-

3673 226 3787 284 33‘!

2118 378 2240 433 χην,
2265 361 2357 414 ἐπὶ
2389 358 2658 413 τοσούτων
2684 356 2819 411 ἐτῶν
2838 352 3073 426 ’ἀριθμὸν
3099 349 3195 421 τὴν
3235 346 3442 402 οἰκείαν
3474 343 3783 398 ἐπιδείκνυ-

2115 430 2203 501 ται
2259 446 2663 519 μακροθυμίαν,
2707 445 2800 498 καὶ
2841 446 2870 496 6
2917 442 3125 503 δίκαιος
3169 439 3230 491 ού
3288 434 3670 506 δυσχεραίνει,
3723 430 3784 485 οὐ

2118 536 2295 607 ναρκᾷ
2346 534 2482 606 πρὸς
2527 533 2588 586 τὸ
2647 531 2843 603 μῆκος,
2898 529 2998 582 οὑκ
3049 523 3378 595 ἀπαγορεύει
3405 562 3422 589 ,
3484 519 3624 574 ἀλλά
3665 521 3785 581 ταῖς

2118 627 2377 696 χρησταῖς
2411 622 2591 676 ἐλπίσι
2623 621 2952 691 τρεφόμενος
2978 616 3078 686 τὴν
3108 612 3351 683 φιλόθεον
3368 609 3534 664 αὐτοῦ
3558 607 3785 680 γνώμην

2117 711 2205 765 διὰ
2240 711 2458 764 πάντων
2485 709 2871 763 ἐπιδείκνυται.
2924 701 3193 774 Εἰσόμεθα
3216 700 3273 754 δέ
3293 697 3536 771 ἀκριϐῶς
3564 697 3785 752 ἃπασαν

2116 796 2211 851 τοῦ
2237 797 2575 868 πατριάρχου
2605 795 2706 866 τὴν
2733 793 2952 865 ἀρετὴν,
2981 790 3074 844 ἐάν
3105 789 3361 861 μάθωμεν
3392 786 3557 849 πόσος
3579 784 3783 856 μεταξὺ

2116 884 2395 955 διαγέγονε
2423 885 2633 954 χρόνος.
2665 883 2849 937 Πάντα
2870 879 2979 950 γὰρ
2997 879 3144 949 ἡμᾶς
3173 875 3349 929 ταῦτα
3383 873 3567 943 σαφῶς
3583 871 3784 935 διδάξει

2114 973 2147 1025 6
2207 973 2473 1044 μακάριος
2531 969 2772 1040 Μωῦσῆς
2817 966 2922 1022 ὑπὸ
2981 966 3075 1019 τοῦ
3127 962 3441 1034 Πνεύματος
3490 960 3584 1014 τοῦ
3626 960 3785 1044 ἀγίοιυ

2119 1042 2496 1131 ἐνηήχούμενος.
2535 1057 2601 1110 Τί
2630 1052 2722 1110 οὖν
2752 1049 2907 1118 οὐτός
2937 1068 3127 1124 φησιν;
3170 1049 3363 1104 Ἠνίκα
3385 1049 3659 1119 ὑπήκουσε
3707 1042 3786 1114 τῷ

2121 1147 2504 1218 προστάγματι
2532 1143 2627 1198 τοῦ
2661 1142 2795 1198 Θεοῦ
2817 1182 2831 1208 ,
2873 1142 2967 1195 καὶ
3005 1138 3246 1201 ἀναστάς
3272 1137 3380 1189 ἀπὸ
3418 1136 3517 1206 τῆς
3556 1132 3787 1204 Χαρρὰν

2122 1235 2215 1287 ἐπὶ
2231 1233 2329 1304 τὴν
2345 1231 2659 1287 Χαναναίαν
2683 1229 2941 1300 ὥρμησεν
2953 1268 2968 1291 ,
2994 1225 3130 1279 ἐτῶν
3145 1221 3214 1296 ἦν
3228 1220 3785 1293 ἑϐδομηκονταπέντε.

2122 1320 2231 1374 Kal
2262 1318 2423 1383 εὐθὺς
2456 1316 2812 1371 καταλαϐόντι
2851 1314 2950 1385 τὴν
2996 1310 3303 1365 Χαναναίαν
3338 1308 3605 1378 ὑπέσχετο
3636 1304 3789 1375 αὐτῷ

2120 1412 2215 1465 καὶ
2245 1410 2321 1480 τῷ
2350 1409 2628 1480 σπέρματι
2661 1402 2824 1460 αὐτοῦ
2855 1402 3047 1457 δώσειν
3082 1402 3260 1454 πᾶσαν
3290 1399 3388 1470 τὴν
3423 1396 3548 1466 γῆν,
3586 1395 3684 1448 καὶ
3708 1396 3790 1457 εἰς

2121 1499 2371 1554 τοσοῦτον
2410 1496 2617 1566 πλῆθος
2668 1493 2892 1564 ποιῆσαι
2932 1488 3249 1552 ἐπιδώσειν,
3290 1487 3365 1550 ὡς
3413 1483 3791 1557 ἀναρίθμητον

2122 1584 2282 1649 εἶναι,
2313 1584 2568 1654 καθάπερ
2594 1581 2690 1653 τὴν
2713 1581 2897 1651 ἄμμον
2925 1578 3018 1631 καὶ
3044 1577 3166 1639 τοὺς
3194 1574 3448 1645 ἀστέρας.
3501 1572 3613 1625 Kal
3650 1570 3793 1640 μετά

2122 1675 2220 1744 τὴν
2248 1670 2579 1740 ἐπαγγελίαν
2606 1668 2809 1737 ταύτην
2848 1665 3017 1719 πολλά
3054 1665 3113 1717 ἐν
3152 1662 3232 1733 τῷ
3270 1661 3420 1732 μέσῳ
3465 1658 3665 1728 συνέϐη
3710 1657 3791 1727 τῷ

2121 1764 2338 1834 δικαίῳ,
2391 1763 2425 1833 ή
2487 1758 2709 1822 κάθοδος
2759 1759 2792 1829 ή
2858 1757 2917 1810 ἐν
2963 1753 3222 1823 Αἰγύπτῳ
3268 1750 3357 1803 διὰ
3407 1748 3497 1802 τὸν
3530 1746 3715 1818 λιμὸν,
3753 1749 3787 1815 ή

2125 1833 2349 1924 ἁρπαγὴ
2371 1849 2469 1919 τῆς
2491 1848 2691 1917 Σάρας,
2712 1844 2807 1898 καὶ
2831 1842 2991 1906 εὐθὺς
3015 1843 3048 1912 ή
3078 1838 3227 1910 παρά
3255 1834 3350 1891 τοῦ
3373 1833 3508 1889 Θεοῦ
3537 1834 3785 1904 πρόνοια.

2123 1921 2235 1991 Kal
2267 1935 2429 1990 πάλιν
2468 1932 2607 2004 μετά
2636 1931 2734 2003 τὴν
2772 1929 2980 1983 ἐκεῖθεν
3013 1926 3270 1982 ἐπάνοδον
3306 1926 3340 1995 ή
3372 1921 3523 1993 παρά
3555 1921 3651 1975 τοῦ
3690 1921 3791 1990 βα·-

2128 2020 2320 2084 σιλέως
2344 2018 2452 2072 τῶν
2477 2017 2735 2091 Γεράρων
2762 2016 2891 2085 περὶ
2920 2012 3021 2081 τὴν
3056 2011 3235 2081 Σάραν
3266 2008 3526 2078 ἐπήρεια,
3558 2005 3655 2058 καὶ
3692 2021 3792 2057 πα-

2124 2108 2300 2181 ραχρῆ
2309 2124 2384 2177 μα
2410 2107 2444 2175 ή
2476 2103 2626 2176 παρά
2651 2102 2743 2156 τοῦ
2769 2098 2902 2154 Θεοῦ
2928 2096 3226 2169 ἀντίληψις.
3250 2094 3362 2181 Kal
3381 2091 3554 2146 ταῦτα
3571 2091 3792 2145 ᾶπαντα

2124 2177 2266 2265 δρῶν
2294 2177 2336 2246 6
2374 2192 2580 2255 δίκαιος
2613 2188 2750 2261 μετὰ
2780 2187 2878 2258 τὴν
2918 2185 3209 2254 ὑπόσχεσιν
3238 2180 3452 2250 ἐκείνην
3470 2177 3623 2248 αὐτῷ
3653 2194 3793 2245 συμ-

2126 2264 2376 2334 ϐαίνοντα
2396 2319 2411 2343 ,
2439 2279 2538 2331 οὐκ
2563 2276 2849 2330 ἐσαλεύετο
2876 2273 2967 2326 τὸν
2999 2269 3283 2341 λογισμὸν,
3317 2268 3437 2320 οὑδέ
3467 2264 3792 2337 περιειργά-

2127 2366 2269 2431 ζετο,
2314 2367 2459 2429 τίνος
2499 2366 2684 2418 ἐνεκεν
2731 2363 2761 2415 ό
2811 2361 3066 2430 τοιαύτην
3111 2355 3442 2425 ἐπαγγελίαν
3497 2353 3795 2422 δεξάμενος

2125 2453 2399 2517 τοσούτοις
2470 2451 2565 2506 καὶ
2635 2449 2897 2513 τοιούτοις
2977 2445 3303 2516 πειρασμοῖς
3369 2440 3489 2495 καθ’
3552 2441 3796 2508 ἑκάστην

2128 2541 2468 2614 περιπίπτει,
2499 2540 2595 2593 xal
2620 2541 2678 2592 ἐν
2705 2536 2941 2608 τοσούτῳ
2972 2535 3147 2608 χρόνῳ
3176 2535 3233 2585 ἐν
3261 2529 3484 2599 ἀπαιδίᾳ
3505 2527 3756 2597 διαμένει
3778 2545 3794 2559 ·

2127 2631 2261 2685 ἀλλά
2296 2628 2539 2699 φιλόθεος
2566 2627 2641 2681 ὣν
2681 2626 2774 2680 καὶ
2802 2627 2903 2679 οὐκ
2932 2623 3255 2694 ἀνεχόμενος
3292 2620 3360 2690 τῇ
3392 2616 3644 2686 ἀσθενείᾳ
3684 2615 3799 2667 τῶν

2130 2718 2346 2771 οἰκείων
2366 2713 2645 2786 λογισμῶν
2660 2712 2951 2766 ὑποϐαλεῖν
2972 2711 3037 2764 τά
3060 2707 3211 2779 παρά
3236 2705 3331 2760 τοῦ
3353 2704 3491 2758 Θεοῦ
3512 2703 3798 2772 γινόμενα,

2128 2805 2223 2859 καὶ
2275 2804 2499 2875 ἔστεργε
2523 2841 2538 2865 ,
2592 2800 2688 2855 καὶ
2740 2799 2857 2872 μεθ’
2915 2797 3109 2869 ἡδονῆς
3158 2795 3373 2866 ἐδέχετο
3423 2791 3489 2845 τὰ
3547 2791 3625 2862 τῷ
3677 2790 3801 2861 Θεῷ

2127 2888 2406 2944 δοκοῦντα.

2201 2975 2266 3046 β’.
2290 2976 2399 3029 Kal
2429 2975 2564 3046 μετά
2588 2973 2811 3028 δέκατον
2837 2968 3081 3026 ἐνιαυτὸν
3110 2967 3376 3039 λαμϐάνει
3406 2964 3496 3019 τὸν
3535 2961 3802 3033 Ἰσμαὴλ,

2128 3045 2222 3113 τὸν
2249 3060 2357 3113 ἀπὸ
2384 3045 2482 3130 τῆς
2514 3057 2805 3128 παιδίσκης
2830 3095 2844 3117 ,
2894 3056 2991 3108 καὶ
3026 3053 3109 3118 είς
3146 3051 3334 3106 τοῦτον
3367 3047 3617 3119 ἐνόμιζεν
3648 3045 3804 3115 αὐτῷ

2130 3142 2312 3197 λοιπὸν
2355 3129 2569 3213 τάίτῆς
2615 3139 2947 3209 ἐπαγγελίας
2994 3134 3409 3206 πεπληρῶσθαι.
3447 3130 3558 3186 Ἦν
3610 3129 3805 3213 γὰρῌό

2132 3226 2495 3297 πατριάρχης,
2524 3210 2754 3294 φησὶν,
2797 3222 2960 3294 ἡνίκα
3014 3219 3206 3290 ἐτέχθη
3257 3218 3286 3269 ό
3347 3213 3605 3286 Ἰσμαὴλ,
3660 3210 3804 3266 ἐτῶν

2131 3309 2460 3380 ὀγδοήκοντα
2499 3306 2578 3371 ἐξ.
2642 3304 2802 3359 Ἀλλά
2848 3303 3008 3358 πάλιν
3059 3302 3260 3371 ἐτέρων
3307 3297 3608 3380 δεκατριῶν
3660 3297 3804 3351 ἐτῶν

2131 3379 2365 3464 ἀριθμόν
2391 3389 2676 3461 γυμνάσας
2699 3390 2729 3442 6
2753 3386 3129 3458 φιλάνθρωπος
3160 3382 3293 3446 Θεὸς
3331 3380 3426 3435 τοῦ
3455 3379 3677 3464 δικαίου
3697 3380 3804 3450 τήν

2133 3463 2428 3547 ὑπομονὴν,
2468 3473 2589 3527 τότε
2628 3472 2726 3544 τὴν
2772 3470 2978 3525 οἰκείαν
3020 3468 3316 3538 ὑπόσχεσιν
3351 3467 3431 3528 εἰς
3459 3463 3800 3547 ἐργονῗάγειᾲ.

2145 3544 2496 3630 Ἐπειδὴτγάρ
2524 3553 2632 3610 εἶδε
2669 3552 2851 3618 καλῶς
2880 3565 2907 3594 ι
2939 3551 3190 3622 καθάπερ
3232 3552 3291 3603 ἐν
3332 3546 3683 3630 χωνευτηρίῳ
3712 3544 3802 3630 διά

2132 3640 2226 3694 τοῦ
2264 3627 2473 3712 μήκους
2523 3636 2618 3692 τοῦ
2665 3637 2859 3709 χρόνου
2911 3633 2974 3688 τδ
3021 3633 3243 3704 χρυσίον
3294 3627 3654 3712 ἐκκαθαρθέν,
3702 3628 3804 3712 καὶ

2131 3710 2519 3795 λαμπροτέραν
2556 3720 2652 3774 καὶ
2689 3717 3045 3789 φαιδροτέραν
3081 3715 3174 3769 τοῦ
3205 3713 3416 3795 δικαίου
3452 3710 3551 3795 τὴν

2133 3790 2498 3875 ἀναφανεῖσαν
2522 3842 2538 3868 ,
2592 3802 2825 3864 Ἡνίκα,
2864 3800 3060 3871 φησὶν,
3118 3797 3354 3867 ἐγένετο
3386 3794 3602 3861 Ἀϐραμ
3647 3790 3804 3875 ἐτῶο·

2131 3873 2731 3956 ἐννενηκονταεννέα,
2781 3884 2945 3954 ὤφθη
2989 3880 3150 3947 αὐτῷ
3183 3878 3368 3934 πάλιν
3403 3880 3437 3932 ό
3470 3876 3634 3940 Bede.
3689 3873 3803 3926 Kal

2132 3975 2274 4040 τίνος
2302 3975 2486 4029 ἐνεκεν
2525 3972 2777 4027 τοσοῦτον
2805 3970 2995 4042 χρόνον
3037 3965 3495 4040 ἐμακροθύμησεν
3521 3980 3536 4026 ς
3565 3960 3684 4031 Οὐχ
3713 3961 3802 4013 ἵνα

2132 4059 2226 4113 τοῦ
2250 4057 2458 4113 δικαίου
2489 4057 2648 4129 μόνον
2673 4056 2770 4126 τήν
2798 4054 3098 4125 ὑπομονὴν,
3126 4052 3220 4106 καὶ
3254 4051 3353 4121 τὴν
3378 4046 3575 4116 πολλὴν
3597 4043 3805 4116 ἀρετὴν

2134 4142 2561 4215 καταμάθωμεν,
2613 4139 2726 4194 ἀλλ’
2767 4141 2855 4193 ἵνα
2908 4137 3002 4192 καὶ
3045 4137 3142 4206 τῆς
3179 4131 3345 4187 αὑτοῦ
3374 4129 3664 4215 δυνάμεως
3699 4130 3806 4200 τὴν

2134 4212 2436 4299 ὑπερϐολὴν
2473 4225 2689 4294 ἴδωμεν.
2733 4223 2926 4275 Ἢνίκα
2962 4219 3071 4291 γάρ
3104 4216 3481 4299 ἀπηγόρευσε]
3522 4213 3557 4283 ή
3596 4212 3761 4280 φύσις
3786 4252 3801 4274 ,

2134 4293 2406 4380 καὶπρὸς
2431 4309 2530 4378 τὴν
2569 4293 2910 4359 παιδοποιίαν
2936 4302 3123 4356 λοιπὸν
3146 4301 3418 4372 ἄχρηστος
3438 4293 3806 4380 ῆν,ᾲκαταμαῗ

2136 4378 2438 4466 ρανθέντων
2484 4387 2645 4443 αὐτοῦ
2693 4386 2800 4440 τῶν
2841 4386 3017 4458 μελῶν
3043 4425 3058 4448 ,
3100 4385 3194 4437 καὶ
3227 4378 3657 4449 κατεψυγμένων
3694 4378 3808 4430 ὑπδ

2132 4458 2227 4529 τοῦ
2258 4474 2464 4545 γήρως,
2489 4471 2608 4525 τότε
2626 4470 2719 4524 καὶ
2739 4469 2832 4522 τοῦ
2851 4467 3059 4521 δικαίου
3079 4466 3177 4535 τὴν
3195 4463 3397 4535 ἀρετὴν
3417 4458 3804 4545 ἐκκαλύπτων,

2134 4560 2229 4613 καὶ
2253 4540 2351 4628 τὴν
2374 4556 2579 4609 οἰκείαν
2609 4554 2823 4616 δεικνὺς
2849 4550 3097 4621 δύναμιν,
3132 4547 3200 4602 τὰ
3230 4546 3329 4616 τῆς
3358 4540 3807 4628 ἐπαγγελίας

2134 4641 2294 4712 ἔργον
2309 4619 2465 4707 ’ἄγει
2493 4635 2631 4689 Ἀλλ’
2650 4635 2944 4703 ἀναγκαῖον
2963 4619 3191 4686 ἀκοῦσαι
3213 4628 3308 4682 καὶ
3329 4625 3505 4712 αὐτῶν
3524 4623 3634 4675 τῶν
3648 4619 3807 4712 [δέρη

2134 4705 2287 4795 παρά
2309 4705 2402 4775 τού
2432 4721 2566 4774 Θεοῦ
2591 4719 2728 4791 πρὸς
2753 4717 2914 4772 αὐτὸν
2939 4714 3231 4787 ῥηθέντων.
3257 4707 3594 4795 Γενοιιέιέῳ,
3613 4705 3807 4795 φησιν,

2133 4788 2294 4873 αὐτῷ
2333 4805 2484 4860 ἐτῶν
2525 4788 3125 4870 ὲννὲνηκονταεννέα,
3170 4795 3336 4864 ὤφθη
3378 4788 3595 4855 αὑτῷό
3631 4788 3803 4873 Θεός,

2135 4892 2230 4946 καὶ
2265 4871 2450 4943 εἶπεν
2501 4886 2681 4952 αὐτῷ.
2736 4886 2905 4938 Ὅταν
2947 4882 3005 4935 δὲ
3054 4878 3291 4948 ἀκούσῃς
3314 4916 3330 4941 ,
3364 4876 3582 4943 Ὠερθη,
3632 4871 3805 4941 μηδὲν

2134 4971 2389 5027 ταπεινὸν
2441 4971 2736 5034 ὑπόπτευε,
2789 4967 2924 5039 μηδὲ
2968 4964 3197 5036 νομίσῃς
3243 4958 3543 5039 ὀφθαλμοῖς
3599 4954 3806 5039 σαρκδς

2135 5055 2363 5126 ὁρᾶσθαι
2393 5053 2492 5124 τὴν
2528 5051 2677 5105 θείαν
2708 5035 2924 5118 ἐκείνην
2960 5035 3054 5100 καί
3082 5043 3360 5126 ἄφθαρτον
3388 5038 3650 5126 δύναμιν,

2135 5120 2372 5201 εὐσεϐῶς
2415 5120 2630 5193 ἅπαντα
2675 5134 2805 5187 νόει.
2842 5134 3031 5200 Ὠφθη
3063 5124 3179 5182 οὖν
3207 5122 3368 5189 αὐτῷ
3394 5126 3428 5177 ό
3457 5123 3600 5186 Θε.“ς
3626 5159 3644 5181 .
3680 5120 3807 5173 ἀντὶ

2134 5222 2252 5286 τοῦ,
2279 5223 2375 5292 τῆς
2402 5220 2528 5291 παρ’
2563 5217 2724 5272 αὐτοῦ
2762 5215 3004 5287 δηλονότι
3029 5210 3366 5281 ἐπισκέψεως
3388 5208 3550 5262 αὐτὸν
3575 5203 3804 5275 ἠξίωσε,

2136 5307 2229 5362 καὶ
2260 5291 2406 5372 ἄξιον
2432 5304 2592 5358 αὐτὸν
2615 5302 2961 5372 ἡγησάμενος
2996 5300 3096 5368 τῆς
3124 5296 3253 5368 παρ’
3288 5293 3479 5348 ἑαυτοῦ
3520 5291 3806 5372 προνοίας,

2137 5371 2317 5458 πολλῇ
2335 5371 2670 5458 κεχρημένος
2694 5371 2759 5455 τῇ
2789 5371 3211 5451 συγκαταϐάσει,
3236 5376 3330 5431 καὶ
3352 5375 3678 5458 διαλέγεται,
3706 5371 3809 5458 καί

2136 5455 2332 5543 φησιν·
2368 5455 2523 5540 ’ἐγώ
2552 5470 2668 5538 εἰμι
2711 5469 2743 5521 ὀ
2788 5467 2931 5530 Θεός
2969 5480 3086 5518 σου
3125 5478 3141 5492 ⁸
3177 5460 3487 5543 εὑαρέσζει

2129 5537 2269 5626 λιάυ,
2296 5554 2395 5608 καί
2429 5537 2945 5623 γίνουίᾶμεμπτος,
2975 5548 3073 5601 καί
3100 5544 3359 5613 θήσομαι
3378 5541 3492 5610 τὴν
3509 5537 3810 5626 διαθήκην

2128 5621 2261 5708 μου
2279 5637 2395 5694 ἀνὰ
2418 5621 2614 5708 μέσον
2641 5635 2787 5704 ἐμοῦ
2816 5633 2915 5686 καὶ
2945 5633 3060 5686 dri:
3087 5629 3283 5700 μέσον
3313 5641 3467 5708 σου,
3505 5621 3607 5676 καὶ
3645 5625 3807 5686 πλη-

2135 5707 2295 5776 θυνῶ
2320 5734 2395 5773 σε
2416 5707 2665 5788 σφόδρα.
2702 5714 2809 5771 Καὶ
2838 5714 3059 5767 ἔπεσεν
3093 5712 3317 5779 ’Λϐραμ
3351 5707 3451 5762 ἐπὶ
3478 5708 3809 5774 πρόσωπον

2201 5874 2224 5903 ⁸
2249 5872 2422 5927 Καλῶς
2451 5871 2595 5921 dccsl
2618 5870 2666 5920 in
2694 5869 2887 5921 Μοτει..
2911 5867 2999 5917 sed
3040 5864 3251 5916 habetur
3273 5860 3320 5911 in
3342 5860 3471 5911 Savil
3518 5862 3571 5908 cl
3596 5859 3646 5907 in
3688 5867 3786 5904 mss
