4020 6136
329 257 424 312 3M

328 374 561 429 domina:
581 374 880 447 aufugerat,
909 375 1002 431 sed
1028 384 1085 432 et
1105 377 1152 431 ei
1177 375 1452 433 lsmaelem
1507 380 1710 449 prolem
1754 381 1918 448 dedit,

330 466 456 522 inde
483 466 629 537 justo
678 483 929 539 magnum
982 469 1228 525 solatium
1277 472 1606 543 excogitans,
1657 483 1922 547 tantaque

328 561 594 629 patientia:
621 560 896 616 mercedes
920 562 968 617 ei
996 562 1317 618 retribuens.
1345 564 1408 618 Et
1436 574 1714 636 postquam
1767 578 1922 624 natus

326 661 407 705 est
445 650 654 716 lsinael,
682 652 869 708 volens
898 667 998 709 nos
1022 652 1218 711 docere
1258 653 1532 737 Scriptura
1579 666 1788 728 tempus
1838 674 1923 729 pa.

326 742 593 810 triarchm,
616 743 775 798 etiam
826 760 1106 799 numerum
1134 761 1394 800 annorum
1440 748 1594 803 nobis
1624 749 1922 820 designavit

327 833 514 889 dicens
540 853 555 890 :
586 835 671 890 16.
704 834 920 903 Quando
944 846 1092 890 natus
1111 848 1184 890 est
1228 836 1439 902 Ismael,
1489 856 1737 894 annorum
1784 851 1922 895 octo-

321 927 460 995 ginta
486 943 573 981 sca:
596 937 701 979 erat
735 928 922 981 Abram
950 926 1117 1001 (Cap.
1148 930 1208 983 l6
1240 930 1278 999 ).
1312 929 1600 985 Videamus
1644 940 1821 987 autem
1865 939 1922 987 et

322 1019 424 1075 hoc
444 1020 578 1084 loeo,
603 1021 653 1073 id
675 1021 814 1090 quod
836 1031 883 1076 et
904 1037 968 1077 ex
990 1022 1332 1091 sequentibus
1354 1022 1642 1089 discemus,
1659 1024 1916 1095 insignem

322 1111 631 1181 patientiam
650 1111 799 1181 justi,
827 1123 877 1167 et
896 1113 1216 1169 ineﬁ'ahibm
1230 1125 1385 1184 atque
1402 1113 1650 1170 eximiam
1675 1116 1918 1186 benigni-

323 1210 484 1257 tatem
528 1202 757 1257 Domini.
800 1203 1043 1259 Sciemus
1065 1215 1242 1259 autem
1277 1214 1501 1275 utraque
1527 1205 1825 1273 evidenter,
1868 1209 1915 1263 si

322 1293 516 1349 iterum
558 1302 793 1364 tempora
838 1296 958 1351 vitae
1006 1296 1137 1366 justi
1173 1296 1457 1352 addiscere
1498 1298 1830 1366 poterimus:
1864 1311 1914 1356 et

319 1385 593 1453 quomodo
622 1385 797 1439 bonus
832 1386 972 1441 Deus
998 1403 1116 1455 quae
1141 1387 1208 1441 ad
1236 1403 1295 1443 se
1329 1388 1555 1444 attinent
1593 1391 1741 1445 omni
1784 1400 1913 1445 tem.

316 1492 448 1542 pore
476 1477 770 1548 dispenset,
809 1478 1042 1549 probans
1068 1496 1220 1535 suum
1247 1479 1526 1544 famulum,
1555 1492 1605 1537 et
1632 1482 1773 1553 piam
1797 1483 1915 1550 ejus

316 1576 550 1624 mentem
575 1570 850 1640 detegens.
880 1569 998 1640 lpse
1017 1571 1161 1625 enim
1188 1572 1335 1627 clare
1366 1572 1683 1643 prtesciebat
1723 1573 1909 1627 {aiiuili

315 1659 399 1713 sui
444 1668 651 1731 gralmn
714 1662 973 1729 animum,
1015 1662 1212 1717 anima:
1252 1663 1368 1732 ejus
1436 1662 1910 1732 pulchritudinem,

317 1752 768 1824 margaritamqne
793 1753 933 1809 hanc
951 1754 1224 1810 evidenter
1270 1755 1595 1825 agnoscebat
1623 1772 1638 1810 :
1667 1755 1760 1810 sed
1789 1755 1914 1826 quia

314 1844 485 1900 voluit
506 1844 757 1900 omnibus
788 1854 914 1899 tunc
942 1846 1301 1915 prmsentibus
1326 1861 1450 1902 eum
1477 1856 1662 1901 notum
1713 1846 1910 1914 facere,

314 1944 370 1989 ut
393 1943 448 1990 et
474 1935 859 2005 posterioribus
885 1937 1096 1991 sarculis
1127 1937 1236 2007 ipsa
1264 1937 1393 2007 justi
1424 1938 1589 1992 virtus
1617 1937 1685 1991 ad
1735 1939 1909 1992 imita-

314 2026 513 2081 tionem
539 2041 601 2081 ac
627 2026 798 2081 zelum
820 2041 914 2082 eos
931 2027 1019 2096 qui
1047 2028 1286 2082 inmolari
1318 2028 1517 2084 vellent
1546 2038 1864 2098 provocaret
1893 2046 1906 2083 :

313 2115 513 2171 idcirco
548 2118 800 2187 paulatim
830 2127 1058 2173 mentem
1101 2119 1229 2188 justi
1274 2128 1379 2174 tam
1417 2122 1725 2190 Opuleutam
1756 2123 1909 2177 nobis

311 2207 544 2279 detegit:
567 2216 624 2262 ut
641 2208 906 2264 discamus
923 2217 977 2265 et
1003 2226 1099 2263 nos
1119 2210 1312 2265 divinis
1332 2213 1777 2283 promiSsionibus
1801 2229 1905 2269 non

311 2298 576 2365 difﬁdere,
610 2315 783 2369 neque
804 2300 1112 2355 dilationem
1144 2304 1402 2371 gravatim
1431 2303 1592 2372 ferre,
1620 2305 1713 2359 sed
1741 2305 1909 2375 majo-

311 2404 425 2446 rem
455 2406 603 2461 spem
632 2392 683 2445 in
721 2392 1075 2448 invisibilibus
1104 2410 1261 2465 quam
1284 2395 1336 2449 in
1360 2396 1653 2450 visibilibus
1685 2413 1904 2466 ponere,

317 2497 439 2551 quae
468 2482 725 2537 Dominus
750 2484 987 2539 omnium
1014 2488 1320 2554 promiserit
1375 2503 1389 2540 :
1423 2495 1475 2540 et
1517 2487 1748 2541 sciamus
1797 2503 1903 2541 rion

310 2588 430 2628 esse
455 2574 710 2644 possibile
732 2583 788 2629 ut
808 2592 1060 2646 umquam
1082 2577 1329 2632 excidant
1356 2579 1619 2648 promissa
1646 2580 1737 2633 Dei
1765 2596 1779 2644 ;
1809 2582 1903 2635 sed

309 2675 364 2721 et
391 2669 434 2720 si
459 2667 617 2735 longo
645 2677 766 2736 post
798 2679 1036 2738 tempore
1076 2670 1324 2724 eveniant
1344 2671 1514 2740 aliqua
1544 2670 1738 2726 divinis
1782 2688 1905 2742 pro-

310 2756 489 2812 missis
509 2756 739 2825 diversa,
774 2774 842 2813 ne
871 2768 1149 2830 propterea
1174 2776 1327 2816 mens
1356 2762 1617 2828 turbetur,
1669 2764 1762 2818 sed
1812 2780 1902 2820 co-

308 2863 631 2918 gnoscamus
656 2848 770 2921 ejus
797 2851 888 2920 qui
928 2852 1169 2920 promisit
1206 2852 1519 2923 sapientiam
1547 2861 1602 2909 et
1654 2854 1902 2910 invictam

307 2941 557 2996 virtutem
604 2951 707 2998 :et
758 2957 880 2997 eum
936 2943 1382 3016 quandocumque
1429 2946 1679 3011 voluerit,
1740 2962 1903 3017 opere

307 3050 427 3105 quae
448 3036 545 3091 sibi
578 3036 766 3104 placita
798 3046 922 3090 sunt
983 3038 1253 3107 complere
1295 3054 1474 3108 posse,
1527 3041 1812 3109 omniaque
1851 3040 1899 3095 ei

307 3141 528 3181 cessura
556 3134 611 3181 et
650 3128 1089 3197 obtemperatum
1115 3143 1252 3183 esse.
1286 3128 1418 3182 Nam
1468 3131 1592 3200 quia
1646 3131 1901 3185 Dominus

306 3229 387 3273 est
406 3228 607 3273 natura:
637 3226 686 3273 et
726 3217 939 3287 Opii‘ex,
969 3228 1139 3288 potest
1161 3220 1318 3274 etiam
1345 3220 1474 3277 dare
1498 3237 1560 3277 ea
1582 3238 1702 3294 quae
1738 3238 1898 3292 supra

306 3318 553 3363 naturam
583 3316 725 3363 sunt.
757 3308 834 3363 Ne
865 3309 1023 3381 igitur
1050 3311 1115 3364 ad
1171 3313 1438 3382 pr0priam
1480 3313 1896 3369 imbecillitatem

308 3401 676 3470 respicientes,
705 3402 970 3457 curiosius
1008 3417 1127 3472 quae
1153 3420 1182 3458 a
1226 3404 1338 3460 Deo
1371 3405 1505 3459 ﬁunt
1543 3406 1895 3477 inquiramus,

308 3509 481 3563 neque
527 3494 594 3549 ad
649 3505 853 3549 natura:
921 3494 1165 3551 ordinem
1225 3496 1586 3566 intendentes,
1662 3510 1895 3556 mentem

307 3585 605 3641 dividamus
636 3586 767 3642 :sed
811 3587 950 3641 sicut
992 3590 1127 3658 grati
1186 3585 1390 3655 lamuli,
1441 3591 1757 3646 immensam
1796 3594 1898 3648 Do-

308 3679 436 3733 mini
474 3680 641 3734 nostri
697 3680 993 3749 potentiam
1036 3697 1187 3736 «non
1229 3682 1553 3752 ignorantes,
1618 3686 1898 3741 credamus

306 3770 423 3839 ejus
488 3769 952 3839 promissionibus,
1003 3780 1060 3826 ut
1122 3772 1371 3828 humanis
1418 3775 1619 3831 viribus
1656 3778 1900 3849 superio-

307 3875 405 3939 res
423 3861 565 3924 facti,
594 3861 855 3931 promissa
881 3877 1230 3933 assequamur
1258 3866 1501 3933 omnino,
1529 3875 1584 3923 et
1611 3869 1728 3939 ejus
1751 3868 1898 3925 frua-

309 3970 429 4008 mur
476 3955 869 4024 benevolentia,
898 3970 961 4011 ae
986 3971 1083 4028 pro
1104 3966 1289 4012 nostro
1330 3959 1472 4014 virili
1493 3961 1658 4015 Deum
1683 3978 1897 4033 quoque

311 4048 612 4104 timeamus.
671 4048 933 4105 Maximus
973 4050 1113 4105 enim
1170 4050 1257 4106 hic
1306 4060 1388 4107 est
1455 4062 1637 4108 noster
1702 4054 1895 4122 honos,

308 4156 464 4210 quem
509 4141 703 4197 oﬁerre
744 4157 1047 4212 possumus,
1105 4152 1164 4199 ut
1205 4145 1385 4201 virtuti
1437 4145 1601 4217 ipsius
1648 4148 1894 4216 ﬁdamus,

308 4234 514 4289 etiamsi
541 4235 750 4290 carneis
777 4236 943 4290 oculis
969 4250 1087 4306 qum
1112 4244 1235 4290 sunt
1277 4239 1545 4293 contraria
1599 4240 1893 4296 videamus.

311 4326 383 4381 Et
418 4327 542 4397 quid
589 4328 891 4392 admiraris,
924 4329 968 4383 si
1008 4328 1148 4398 apud
1201 4328 1366 4385 Deum
1414 4330 1584 4387 honor
1612 4333 1682 4388 sit
1727 4334 1898 4388 maxi-

310 4432 428 4471 nms
486 4434 593 4473 non
657 4418 942 4473 dubitare?
992 4418 1165 4474 Etiam
1241 4421 1383 4490 apud
1444 4421 1712 4492 homines,
1770 4440 1893 4480 cum

310 4508 436 4576 quid
462 4524 527 4563 ex
553 4508 636 4562 his
660 4508 815 4564 ﬂuxis
844 4519 894 4564 et
920 4511 1245 4580 corruptioni
1294 4512 1540 4568 obnoxiis
1590 4514 1750 4569 rebus
1802 4530 1898 4570 no-

310 4599 393 4653 bis
438 4601 792 4670 promittitur,
835 4602 879 4656 si
908 4617 1005 4656 nos
1027 4603 1094 4657 de
1114 4604 1393 4673 promissis
1434 4619 1539 4658 non
1569 4605 1893 4675 dubitemus,

313 4694 406 4748 sed
438 4694 766 4763 promittenti
796 4694 954 4749 ﬁdem
1006 4694 1319 4759 habeamus,
1363 4695 1414 4751 id
1441 4697 1671 4751 maximo
1708 4698 1896 4754 honori

312 4786 545 4855 ducitur,
594 4787 734 4857 quod
761 4802 956 4858 nempe
983 4802 1091 4842 non
1121 4787 1448 4855 dubitemus,
1475 4789 1568 4843 sed
1618 4792 1896 4858 promissis

313 4877 559 4932 ﬁdamus.
590 4877 742 4946 Quod
769 4878 812 4933 si
841 4877 942 4932 hoc
988 4878 1040 4932 in
1071 4877 1399 4945 hominibus,
1423 4879 1515 4950 qui
1549 4888 1653 4934 tam
1706 4881 1899 4937 crebro

248 4970 251 4971 ⁷
311 4969 393 5023 vel
420 4978 709 5034 mutantur,
739 4970 822 5023 vel
867 4969 937 5024 ob
966 4970 1328 5025 inﬁrmitatem
1360 4981 1611 5039 praestare
1638 4972 1768 5026 nihil
1815 4989 1901 5028 va-

312 5061 420 5116 leut
437 5077 453 5114 τ
472 5068 671 5130 quanto
687 5060 856 5131 magis
870 5061 1251 5130 omnipotentis
1273 5062 1364 5115 Dei
1383 5062 1659 5131 promissis
1678 5063 1899 5117 credere

312 5152 587 5217 debemus,
612 5153 820 5208 etiamsi
842 5152 1055 5207 interim
1071 5153 1292 5207 multmu
1318 5154 1572 5223 temporis
1592 5153 1899 5209 interﬂuat?

314 5242 439 5298 Haec
456 5253 630 5298 autem
659 5258 687 5297 a
718 5258 804 5299 me
829 5259 971 5298 nunc
998 5258 1101 5299 non
1131 5243 1333 5314 absque
1359 5258 1518 5298 causa
1564 5243 1707 5300 dicta
1751 5254 1894 5312 sunt,

316 5336 410 5390 sed
436 5343 492 5389 ut
516 5337 655 5391 scire
683 5336 967 5407 possimus,
1001 5350 1121 5390 cum
1153 5336 1455 5391 venerimus
1474 5336 1540 5391 ad
1583 5337 1897 5408 principium

315 5444 501 5483 eorum
531 5444 649 5499 qua:
678 5427 837 5482 hodie
865 5426 1016 5482 nobis
1045 5434 1169 5481 sunt
1192 5425 1478 5495 proposita,
1510 5427 1779 5494 quomodo
1804 5429 1898 5482 be-

315 5521 507 5593 nignus
557 5521 695 5576 Deus
734 5518 924 5575 volens
968 5516 1109 5589 apud
1157 5531 1345 5572 omnes
1398 5516 1632 5572 nobilem
1676 5517 1903 5573 reddere

317 5612 694 5683 patriarcham,
726 5620 803 5667 tot
828 5612 984 5666 annis
1015 5609 1445 5681 procrasﬁnavit,
1471 5617 1525 5665 et
1550 5610 1764 5665 interim
1808 5612 1899 5681 ju-

311 5717 424 5764 stus
447 5722 551 5764 non
573 5721 715 5778 :egre
736 5704 956 5773 ferebat,
982 5703 1174 5761 nonob
1201 5702 1602 5761 diuturnitatem
1619 5710 1897 5775 torpesce-

1427 260 1490 315 l.\'
1528 262 1676 317 CAP.
1717 263 1872 319 XVlI.
1916 264 2158 323 GENES.
2198 270 2422 329 HOMIL.
2459 274 2695 333 XXXlX.

3520 297 3635 352 562'

2042 388 2154 452 hat,
2179 401 2278 443 nec
2298 388 2633 463 desperabat,
2665 396 2757 449 sed
2785 395 2923 451 bona
2956 413 3052 470 spe
3084 413 3378 475 vegetatus,
3405 413 3618 484 religio-

2026 490 2143 530 sum
2175 480 2412 535 animum
2444 484 2495 537 in
2527 486 2776 542 omnibus
2801 504 2914 562 pra:
2935 507 2994 547 se
3018 492 3240 552 ferebat.
3266 480 3617 562 Seiemus'au-

2026 575 2132 623 tem
2162 570 2359 641 liquido
2386 588 2598 631 omnem
2644 582 2959 648 patriarcha:
2982 586 3248 659 virtutem,
3268 593 3314 647 si
3366 594 3618 654 didiceri-

2026 675 2144 715 mus
2172 674 2425 732 quantum
2455 667 2655 723 interea
2688 680 2895 741 tempus
2925 676 3166 747 elapsum
3194 682 3373 741 fuerit.
3425 688 3613 747 Omnia

2025 751 2164 804 enim
2197 754 2386 810 beatus
2404 757 2579 832 Mpses
2606 759 2805 830 Spiritu
2830 776 3016 822 saneto
3044 770 3256 827 amatus
3278 775 3424 833 clare
3453 779 3614 835 doce-

2028 840 2119 895 hit.
2150 844 2285 912 Quid
2316 846 2475 917 igitur
2514 850 2601 905 ille
2628 854 2803 909 dicit?
2832 856 3054 924 Quando
3075 863 3309 920 obedivit
3358 874 3613 927 mandato

2029 931 2141 998 Dei,
2174 943 2226 988 et
2278 938 2512 1007 migrans
2540 956 2570 995 a
2600 943 2858 1014 Charran,
2894 948 2944 1003 in
2987 949 3347 1011 Chananzeam
3388 970 3613 1016 coniten-

2024 1024 2121 1090 dit,
2152 1042 2414 1083 annorutn
2440 1043 2555 1087 erat
2583 1039 2917 1107 septuaginta
2945 1042 3199 1112 quinque.
3231 1047 3295 1101 lit
3329 1052 3509 1106 statim
3556 1066 3617 1108 ut-

2024 1117 2166 1171 veuit
2190 1119 2240 1172 in
2268 1120 2647 1190 Chananmam,
2675 1128 2932 1186 Dominus
2984 1136 3225 1204 promisit
3257 1141 3304 1193 ei
3338 1151 3390 1196 et
3416 1146 3609 1200 semini

2022 1209 2136 1275 ejus
2157 1210 2401 1267 daturum
2424 1230 2483 1271 se
2507 1232 2720 1274 omnem
2745 1230 2961 1290 terram,
2985 1235 3043 1280 et
3060 1238 3206 1284 tanto
3230 1248 3452 1289 numero
3474 1240 3609 1292 mul-

2023 1299 2397 1371 tiplicaturum,
2436 1315 2485 1360 ut
2522 1308 2907 1368 innumerabile
2937 1316 3026 1369 ﬁat
3054 1319 3195 1374 sicut
3213 1337 3383 1378 arena
3403 1336 3459 1381 et
3481 1331 3608 1384 stel-

2019 1389 2105 1443 Ιεε.
2140 1392 2205 1446 Ει
2234 1406 2354 1464 post
2401 1401 2804 1467 promissionem
2838 1405 2975 1461 hanc
3002 1411 3166 1465 multa
3196 1414 3407 1471 interim
3462 1425 3605 1477 acci-

2020 1480 2213 1580 derunt
2230 1485 2398 1555 jusm,
2426 1505 2618 1561 nempe
2639 1493 2930 1552 descensus
2956 1498 3007 1552 in
3039 1499 3326 1574 Egyptian
3383 1520 3605 1580 promer

2020 1571 2239 1666 t‘amem,
2281 1589 2467 1649 raptus
2498 1582 2667 1654 Sam,
2714 1597 2768 1642 et
2804 1590 2985 1645 statim
3010 1571 3194 1648 divina
3241 1571 3602 1666 providentia.

2020 1665 2216 1723 lterum
2269 1681 2391 1741 {est
2453 1673 2683 1730 reditum
2737 1679 2805 1734 ab
2863 1679 3116 1753 Egypto,
3169 1665 3270 1741 alia
3323 1695 3607 1750 occasione

2018 1754 2164 1812 Sara:
2198 1762 2505 1819 mulestima
2552 1782 2677 1837 rege
2716 1767 3062 1839 Gerarorum,
3109 1786 3165 1832 et
3200 1781 3378 1836 statim
3418 1799 3447 1836 a
3492 1785 3604 1841 Deo

2017 1847 2335 1907 subsidium.
2354 1854 2526 1925 Atque
2545 1857 2661 1915 hanc
2688 1861 2789 1915 sibi
2807 1864 3102 1921 accidentia
3117 1871 3294 1925 omnia
3312 1874 3500 1930 videns
3519 1877 3606 1947 ju-

2015 1948 2130 1994 stus
2158 1953 2279 2011 post
2304 1948 2711 2015 promissionem
2741 1953 2906 2021 illam,
2936 1971 3043 2012 non
3072 1961 3382 2020 turbabatur
3401 1969 3600 2035 animo,

2016 2046 2191 2101 neque
2235 2035 2498 2094 curiosius
2544 2039 2872 2111 disquirebat
2922 2062 3087 2116 quare
3125 2065 3339 2123 accepta
3371 2060 3603 2125 promis-

2013 2125 2163 2180 sione
2190 2127 2302 2194 tali,
2327 2128 2380 2183 in
2414 2139 2586 2187 tantas
2611 2134 2846 2206 talesque
2870 2140 3185 2197 tentationes
3213 2146 3449 2215 quotidie
3474 2150 3603 2204 int-i-

2013 2216 2185 2287 deret,
2208 2231 2262 2276 et
2286 2231 2429 2277 tanto
2461 2233 2702 2296 tempore
2729 2241 2972 2286 maneret
2996 2233 3199 2304 absque
3222 2239 3387 2305 prole.
3418 2241 3601 2297 Noluit

2013 2309 2153 2363 enim
2184 2321 2365 2382 utpote
2392 2315 2529 2383 pius,
2553 2316 2801 2373 humanis
2840 2322 3133 2379 rationibus
3169 2342 3231 2381 ea
3273 2345 3390 2399 qua:
3417 2348 3447 2386 a
3492 2334 3602 2388 Deo

2012 2399 2214 2457 ﬁebant
2243 2405 2527 2474 subjicere,
2556 2416 2612 2463 et
2635 2409 2759 2464 boni
2787 2413 3119 2482 consulebat,
3152 2427 3403 2489 grateque
3427 2428 3599 2479 susci-

2012 2494 2187 2560 piebat
2213 2511 2561 2567 quaecumque
2586 2499 2693 2555 Deo
2716 2500 2929 2556 fuerant
2960 2504 3089 2561 visa.

2078 2583 2131 2637 2.
2160 2583 2263 2640 Cur
2289 2585 2426 2641 Deus
2470 2589 2542 2641 sic
2586 2592 2871 2646 cunctando
2913 2594 3193 2664 probaverit
3232 2601 3445 2670 Abram;
3470 2623 3599 2677 quo.-

2009 2676 2159 2728 modo
2201 2677 2307 2731 Itazc
2346 2695 2445 2734 vox
2476 2698 2494 2732 ι
2524 2685 2759 2753 apparuit
2786 2704 2804 2736 ›
2831 2687 3126 2756 accipienda
3163 2692 3246 2744 sit.
3280 2723 3351 2733 —
3375 2696 3441 2750 Et
3478 2676 3598 2768 post

2008 2766 2271 2823 decimum
2310 2787 2507 2826 annum
2538 2776 2770 2846 suscepit
2796 2778 3075 2836 lsmaelem
3102 2797 3169 2837 ex
3201 2787 3414 2854 ancilla,
3449 2766 3597 2860 post-

2008 2875 2177 2930 eaque
2228 2860 2280 2915 in
2338 2863 2428 2917 illo
2472 2867 2676 2935 putavit
2719 2868 3130 2939 promissionem
3178 2874 3590 2946 adimplendam.

2008 2949 2139 3005 Erat
2179 2953 2320 3006 enim
2362 2956 2681 3024 patriarcha,
2731 2962 2943 3029 quando
2985 2972 3141 3020 natus
3185 2977 3268 3021 est
3296 2971 3345 3023 ei
3376 2970 3591 3037 lsmael,

2006 3058 2267 3099 annorum
2294 3049 2562 3118 octoginta
2591 3064 2704 3105 sex.
2762 3051 2868 3108 Sed
2913 3055 3104 3112 iterum
3149 3059 3402 3116 tredecim
3437 3067 3594 3120 annis

2005 3146 2285 3191 exercetur
2308 3152 2337 3192 a
2365 3139 2592 3211 benigno
2620 3143 2731 3198 Deo
2766 3144 2883 3215 ejus
2929 3149 3198 3217 patientia,
3228 3152 3399 3210 donec
3426 3156 3593 3225 ipsius

2007 3227 2288 3295 promissio
2309 3229 2609 3301 impleatur.
2641 3233 2773 3290 Nam
2800 3237 2921 3306 quia
2948 3239 3111 3307 probe
3137 3253 3375 3312 neverat,
3398 3261 3590 3317 quem-

2002 3319 2287 3375 admodum
2331 3337 2517 3378 aurum
2570 3326 2625 3379 in
2681 3326 2893 3384 fornace
2925 3333 3178 3402 temporis
3219 3334 3587 3405 diuturnitate,

2004 3408 2074 3464 ita
2097 3410 2296 3479 justum
2322 3417 2556 3485 purgari,
2587 3417 2806 3489 ejusque
2828 3420 3073 3477 virtutem
3100 3425 3379 3483 clariorem
3396 3439 3449 3485 et
3469 3431 3591 3486 “IlI-

2002 3503 2247 3559 striorem
2267 3504 2381 3561 ﬁeri
2404 3524 2418 3560 :
2447 3509 2467 3562 l
2488 3505 2766 3582 ((1011.17).
2789 3513 3003 3577 Quando
3023 3519 3189 3586 factus
3205 3529 3274 3572 est
3291 3521 3479 3575 Abram
3498 3541 3576 3577 an-

2004 3610 2181 3648 norum
2201 3600 2477 3669 nonaginta
2496 3617 2691 3667 novem,
2712 3603 2899 3673 inquit,
2921 3609 3157 3677 apparuit
3174 3609 3368 3665 eiDeus
3385 3615 3583 3669 iterum.

2004 3685 2073 3740 Et
2107 3702 2398 3758 quarenam
2450 3699 2599 3748 tanto
2649 3702 2887 3765 tempore
2937 3698 3178 3754 distulit?
3222 3701 3290 3758 Ut
3338 3719 3442 3759 non
3493 3723 3583 3761 so-

2004 3776 2112 3831 lum
2154 3778 2283 3848 justi
2326 3783 2639 3851 patientiam
2686 3795 2741 3840 et
2780 3788 3028 3844 virtutem
3075 3792 3366 3861 diseamus,
3410 3798 3503 3853 sed
3532 3811 3586 3853 et

2002 3866 2314 3924 immensam
2370 3872 2543 3942 ipsius
2586 3879 2874 3945 potentiam
2922 3880 3215 3938 videamus.
3262 3884 3396 3941 Cum
3444 3890 3597 3944 enim-

2002 3957 2132 4012 nibil
2177 3961 2293 4029 spei
2337 3970 2389 4017 et
2429 3967 2841 4033 exspectationis
2881 3979 3024 4024 esset
3051 3971 3103 4025 in
3137 3983 3324 4031 natura
3373 3993 3492 4047 qua:
3519 3982 3595 4035 ad

2003 4052 2387 4119 procreandam
2410 4056 2612 4125 prolem
2644 4059 2841 4115 inutilis
2871 4070 2986 4117 erat
3011 4071 3065 4120 et
3091 4067 3327 4123 membra
3360 4085 3468 4140 prae
3496 4090 3585 4128 se-

2002 4150 2216 4198 nectute
2242 4145 2486 4216 languida
2512 4159 2566 4204 et
2592 4148 2776 4220 frigida
2805 4163 3005 4217 essent,
3040 4164 3165 4211 tune
3208 4160 3417 4215 tandem
3456 4162 3596 4233 Ῑιιςιὶ

2002 4232 2249 4290 virtutem
2280 4235 2503 4307 detexit,
2535 4248 2589 4294 et
2631 4255 2779 4296 suam
2827 4246 3115 4313 potentiam
3166 4248 3434 4319 indicavit,
3462 4232 3590 4324 pro-

2002 4326 2309 4382 missionem
2332 4330 2622 4401 implendo.
2651 4333 2758 4390 Sed
2787 4351 2964 4407 operze
3007 4341 3232 4409 pretium
3275 4354 3377 4410 est,
3407 4356 3465 4402 ut
3491 4350 3589 4404 ite-

2002 4430 2118 4470 rum
2141 4416 2493 4476 audiamusea
2515 4422 2629 4492 ipsa
2652 4439 2770 4495 qure
2793 4440 2915 4481 cum
2945 4428 3037 4482 illo
3066 4430 3206 4487 Deus
3231 4432 3478 4504 loquutus
3507 4450 3591 4494 est

2004 4509 2187 4564 verba.
2212 4511 2340 4566 Cum
2369 4517 2537 4583 factus
2561 4516 2694 4570 enim
2723 4529 2865 4585 esset,
2894 4520 3081 4591 inquit,
3110 4527 3386 4597 nonaginta
3412 4544 3596 4585 novem

2003 4616 2269 4669 annorum,
2316 4608 2552 4676 apparuit
2594 4615 2642 4661 et
2681 4608 2843 4678 Deus,
2893 4622 2940 4666 et
2977 4613 3105 4669 dixit
3133 4617 3199 4670 ei.
3240 4619 3371 4674 Cum
3412 4632 3598 4677 autem

2004 4694 2273 4759 audieris,
2322 4697 2592 4768 Apparuit,
2643 4700 2773 4755 nihil
2820 4701 3020 4759 humile
3061 4708 3366 4777 suspiceris,
3419 4726 3599 4781 neque

2006 4794 2159 4856 putes
2183 4787 2353 4842 oculis
2379 4790 2681 4846 carnalibus
2712 4793 2878 4848 videri
2908 4794 3139 4849 divinam
3162 4797 3306 4852 illam
3332 4810 3385 4854 et
3412 4800 3590 4857 incor-

2006 4877 2309 4947 ruptibilem
2338 4882 2652 4949 potentiam,
2675 4882 2769 4937 sed
2800 4885 2885 4952 pie
2913 4886 3091 4940 omnia
3115 4886 3368 4960 intelligo.
3410 4891 3594 4962 Appa—

2004 4969 2106 5021 ruit
2133 4968 2309 5038 igitur,
2336 4970 2383 5023 ei
2411 4970 2545 5025 Deus
2569 4986 2589 5025 :
2616 4971 2718 5027 hoc
2750 4983 2861 5042 est,
2879 4974 3181 5031 visitatione
3218 4992 3313 5033 sua
3341 4979 3484 5035 illum
3513 4983 3597 5037 di-

2005 5070 2195 5131 gnatus
2215 5072 2316 5129 est,
2345 5071 2403 5117 et
2428 5062 2642 5133 dignum
2686 5064 2837 5119 duxit
2864 5081 2984 5121 eum
3007 5069 3157 5139 cujus
3175 5084 3356 5124 curam
3387 5085 3595 5143 ageret,

2011 5169 2139 5208 usus
2160 5169 2347 5225 magna
2388 5156 2652 5210 sermonis
2674 5159 3129 5227 attemperatione.
3163 5158 3307 5216 Dixit
3331 5164 3485 5235 enim,
3518 5167 3596 5220 in—

2010 5245 2239 5315 quit,.ad
2265 5261 2400 5300 eum.
2454 5244 2564 5315 Ego
2608 5262 2719 5299 sum
2752 5246 2887 5301 Deus
2934 5257 3083 5314 tuus;
3109 5251 3253 5320 place
3293 5269 3466 5308 coram
3496 5273 3597 5323 me,

2008 5348 2056 5391 et
2079 5347 2183 5392 esto
2207 5338 2677 5406 irrepreltensibilis,
2694 5339 2749 5393 2.
2769 5350 2814 5393 et
2842 5356 3028 5408 ponam
3055 5352 3402 5400 testamentum
3435 5364 3605 5401 meum

2003 5424 2134 5483 inter
2155 5445 2233 5482 me
2258 5440 2303 5482 et
2328 5430 2459 5483 inter
2486 5438 2551 5496 te,
2585 5439 2633 5484 et
2662 5431 3007 5501 multiplicabo
3029 5443 3077 5486 te
3104 5435 3264 5489 mide.
3296 5438 3349 5493 5.
3379 5436 3447 5491 Et
3468 5454 3593 5507 μνον

2007 5520 2127 5574 cidit
2148 5520 2336 5574 Abram
2365 5537 2517 5590 super
2543 5522 2720 5593 facient
2736 5538 2903 5578 suam.
2935 5524 3121 5595 Magna
3155 5527 3285 5596 justi
3334 5528 3605 5597 probitas,

2008 5612 2286 5667 excellens
2317 5613 2443 5667 item
2474 5614 2870 5669 clementissimi
2906 5616 2997 5670 Dei
3026 5617 3077 5671 in
3100 5618 3248 5672 illum
3277 5619 3611 5688 benignitas.

2012 5698 2123 5774 Ego
2152 5719 2285 5772 sum,
2315 5704 2505 5776 inquit,
2531 5701 2671 5761 Deus
2700 5716 2815 5762 tuus
2845 5724 2862 5763 :
2890 5708 3039 5779 quasi
3074 5708 3293 5778 diceret,
3322 5708 3433 5783 Ego
3480 5727 3613 5769 smw
