4020 6136
395 288 503 348 363

397 405 488 474 qui
517 417 683 474 usque
703 402 761 456 in
788 411 1023 471 praesens
1044 414 1133 455 res
1161 410 1277 455 tuas
1304 400 1465 454 variis
1504 397 1674 452 modis
1693 395 1975 464 dispenso;

398 510 499 566 ego
518 511 657 558 sum,
684 493 771 563 qui
800 500 853 547 te
880 505 911 546 e
940 491 1100 546 domo
1126 500 1211 546 tua
1231 491 1470 556 evocavi,
1496 498 1551 544 et
1578 488 1680 543 huc
1704 487 1829 541 duxi
1853 502 1867 550 ;
1896 486 1980 553 qui

401 585 545 642 (ιιηηί
592 594 832 653 tempore
873 591 1232 653 propugnator
1273 590 1394 635 tuus
1436 593 1576 644 sum,
1621 589 1676 634 et
1715 577 1803 648 qui
1839 585 1889 630 te
1916 576 1984 630 de

399 674 627 729 inimicis
654 673 909 729 victorem
940 672 1118 740 eil'eci,
1147 688 1246 743 ego
1280 687 1431 738 sum;
1458 680 1514 726 et
1538 685 1641 724 non
1688 669 1821 724 dixit
1859 667 1983 721 sint.

404 765 631 835 pliciter,
662 762 776 835 Ego
805 777 925 819 sum
976 764 1158 818 Deus:
1191 762 1308 827 sed,
1354 760 1468 833 Ego
1509 777 1620 816 sum
1667 758 1806 813 Deus
1847 767 1981 811 tuus.

407 853 538 909 Vide
564 854 752 908 miram
782 852 1091 919 bonitatem,
1127 851 1392 922 quomodo
1435 850 1536 906 hoc
1576 850 1736 905 etiam
1780 847 1984 902 addita-

402 955 584 1002 mento
625 960 860 1000 amorem
905 959 1060 999 suum
1108 958 1230 1014 erga
1273 943 1474 1013 justmn
1514 942 1827 997 declaravit.
1854 939 1986 993 Nam

401 1038 493 1108 qui
521 1040 680 1092 totius
704 1036 886 1090 mundi
904 1047 988 1090 est
1020 1037 1177 1101 Deus,
1200 1044 1253 1089 et
1276 1034 1507 1089 universi
1532 1031 1744 1103 Opifex,
1766 1032 1987 1085 Creator

400 1130 516 1185 οωιί
544 1138 600 1185 et
627 1138 801 1194 terrae,
829 1128 956 1182 dicit
986 1146 998 1183 :
1028 1125 1142 1197 Ego
1180 1142 1289 1179 sum
1314 1124 1453 1180 Deus
1478 1134 1612 1178 tuus.
1648 1123 1834 1194 Ingens
1866 1136 1986 1191 pro-

403 1222 542 1276 fecto
588 1219 781 1286 honor,
808 1218 896 1289 qui
939 1218 1084 1287 justo
1112 1217 1379 1272 tribuitur.
1407 1215 1496 1271 Sic
1521 1224 1576 1269 et
1604 1213 1874 1285 prophetis
1905 1213 1983 1265 lo-

401 1312 493 1383 qui
515 1325 632 1366 mos
657 1320 759 1366 est.
780 1308 911 1365 Nam
942 1310 1079 1365 sicut
1120 1310 1234 1379 ipse
1268 1322 1426 1375 nunc,
1452 1321 1575 1362 cum
1621 1306 1690 1362 sit
1735 1306 1987 1360 Dominus

403 1402 702 1455 communis
749 1400 1008 1465 omnium,
1037 1413 1068 1452 a
1096 1412 1251 1453 servo
1287 1406 1341 1452 ut
1379 1396 1659 1469 peculiaris
1685 1395 1863 1449 vocari
1890 1409 1985 1448 vo-

401 1494 520 1558 luit,
547 1492 876 1548 inveniemus
902 1491 1060 1546 etiam
1087 1506 1208 1545 eum
1239 1498 1361 1561 post
1403 1488 1519 1543 lucc
1559 1486 1845 1549 dicentem,
1878 1484 1987 1556 Ego

403 1604 512 1641 sum
543 1585 677 1639 Deus
708 1583 981 1649 Abraham,
1022 1581 1155 1636 Deus
1185 1581 1354 1647 Isaac,
1373 1591 1418 1635 et
1440 1580 1574 1634 Deus
1598 1578 1761 1633 Iacob
1792 1578 1983 1649 (Exod.

403 1678 457 1732 5.
503 1676 559 1745 6)
590 1692 604 1728 :
630 1676 699 1729 ita
729 1684 784 1730 et
826 1673 1097 1745 prophetae
1140 1673 1323 1728 dicere
1372 1678 1797 1735 consueverunt,
1850 1668 2003 1739 Dem,

406 1767 541 1821 Deus
581 1782 718 1820 meus
744 1780 764 1819 :
794 1779 897 1819 non
944 1764 1327 1819 concludentes
1371 1763 1487 1833 ejus
1530 1762 1822 1815 dominium
1848 1799 1863 1823 ,
1894 1759 1987 1813 sed

400 1872 638 1914 amorem
670 1858 989 1912 immensum
1037 1854 1389 1910 declarantes.
1432 1853 1549 1908 Non
1592 1852 1749 1923 igitur
1794 1851 1985 1905 mirutn

403 1953 447 2005 si
481 1950 720 2005 homines
749 1948 851 2003 hoc
874 1947 1096 2013 faciant;
1130 1946 1225 2002 scd
1262 1946 1403 2017 quod
1435 1946 1548 2016 ipse
1577 1959 1701 2015 erga
1746 1942 1989 1998 homines

403 2043 455 2097 id
485 2044 659 2109 faciat,
684 2042 734 2097 id
762 2057 889 2097 vero
934 2056 1127 2096 novum
1155 2048 1307 2095 estet
1335 2038 1595 2094 mirabile.
1626 2036 1887 2093 Cancrum
1920 2050 1986 2090 ne

406 2132 680 2195 miremur,
704 2132 905 2197 dilecti,
923 2131 1017 2187 sed
1043 2130 1318 2185 audiamus
1340 2128 1648 2199 prophetam
1680 2127 1947 2181 dicentem
1968 2141 1986 2178 :

405 2224 590 2280 Melior
616 2235 688 2280 est
728 2242 859 2279 unus
904 2226 1097 2296 faciens
1138 2224 1444 2278 uoluntatem
1477 2220 1704 2284 Domini,
1732 2235 1884 2289 quam
1911 2218 1989 2271 in-

404 2315 597 2369 numeri
642 2324 926 2385 peccatores
946 2314 1129 2386 (Eccli.
1161 2313 1245 2368 i6.
1274 2313 1329 2383 5)
1354 2329 1368 2378 ;
1392 2321 1446 2367 et
1475 2311 1665 2365 iterum
1710 2310 1989 2363 audiamus

407 2410 623 2465 Paulum
664 2409 927 2464 dicentem
954 2424 969 2462 ξ
1002 2407 1454 2462 Obambulauerunt
1485 2406 1538 2458 in
1558 2403 1770 2466 metatis,
1793 2403 1845 2456 in
1875 2400 1988 2472 pel-

408 2500 539 2554 libus
567 2500 811 2570 caprinis,
832 2508 1049 2569 egentes,
1083 2498 1370 2567 angustiati,
1391 2496 1586 2567 afﬂicti,
1609 2495 1788 2565 quibus
1806 2494 1989 2564 dignus

404 2606 503 2643 non
527 2600 636 2643 erat
666 2588 883 2643 mundus
904 2586 1086 2659 (Hebr.
1114 2588 1201 2642 Η.
1226 2587 1314 2642 57.
1336 2585 1447 2657 38).
1481 2585 1567 2640 Sir
1595 2584 1848 2654 propheta
1870 2584 1990 2654 qui-

403 2682 524 2736 dem
554 2683 883 2754 pronuntiat,
914 2695 1074 2735 unum
1103 2679 1189 2750 qui
1222 2678 1347 2732 facit
1397 2676 1722 2731 voluntatem
1753 2674 1983 2741 Domini,

408 2775 584 2844 impiis
615 2773 908 2828 innumeris
948 2772 1244 2828 meliorem.
1269 2770 1461 2825 Beatus
1490 2783 1618 2824 vero
1647 2768 1858 2833 Paulus,
1886 2766 1987 2821 do-

403 2873 520 2920 ctor
565 2863 731 2930 orbis,
779 2878 1080 2919 memorans
1122 2863 1290 2918 bonos
1320 2875 1505 2916 omnes
1532 2859 1588 2913 in
1615 2857 1988 2914 afﬂictionibus

404 2954 489 3009 hic
515 2961 754 3025 agentes,
784 2953 951 3025 inquit
981 2974 995 3008 :
1027 2954 1215 3021 Quibus
1237 2952 1419 3023 dignus
1457 2966 1557 3005 non
1605 2960 1711 3004 erat
1748 2951 1985 3003 mundus.

403 3045 479 3102 Ita
527 3062 648 3101 cum
695 3045 924 3102 dixisset
967 3054 1136 3100 totum
1182 3044 1467 3112 mundum,
1510 3043 1707 3098 mundo
1745 3043 1989 3113 opposuit

403 3152 498 3193 eos
533 3138 621 3209 qui
652 3136 738 3193 hic
767 3145 1027 3192 vexantur
1050 3148 1105 3192 et
1132 3135 1457 3207 afﬂiguntur,
1489 3145 1545 3190 ut
1572 3134 1748 3190 discas
1792 3144 1987 3206 quanta

404 3229 472 3282 sit
512 3228 721 3283 virtutis
765 3226 1088 3297 magnitudo.
1134 3227 1307 3296 Atque
1325 3242 1387 3282 ea
1417 3228 1485 3281 de
1532 3241 1690 3280 causa
1732 3227 1989 3282 Dominus

406 3320 551 3374 Deus
596 3319 766 3389 inquit
811 3317 875 3373 ad
926 3318 1275 3388 patriarcbam
1309 3336 1322 3372 :
1356 3318 1464 3389 Ego
1504 3335 1614 3372 sum
1651 3317 1790 3372 Deus
1831 3326 1945 3371 tuus
1970 3356 1988 3385 ,

407 3411 549 3479 place
586 3425 757 3463 coram
780 3425 878 3474 me,
907 3418 955 3463 et
980 3417 1082 3463 esto
1127 3407 1594 3479 irrepreltensibilis.
1621 3407 1805 3477 Neque
1846 3408 1988 3462 enim

404 3510 744 3558 contemnam
772 3510 875 3557 tua:
921 3502 1130 3556 virtutis
1177 3500 1418 3566 sudores,
1447 3500 1543 3555 sed
1586 3498 1789 3554 Ponam
1836 3509 1988 3554 testa-

404 3604 626 3647 mentum
666 3609 829 3646 meum
872 3594 999 3647 inter
1037 3608 1115 3647 me
1154 3600 1199 3646 et
1239 3593 1369 3646 inter
1414 3601 1480 3659 te,
1504 3601 1549 3645 et
1581 3591 1924 3662 multiplicabo
1945 3601 1992 3645 te

403 3683 570 3738 ualde.
599 3682 714 3738 Non
745 3691 945 3738 tantum
969 3682 1154 3737 faciam
1176 3690 1229 3736 te
1250 3682 1301 3735 in
1326 3681 1716 3736 multitudinem
1746 3696 1989 3752 magnam

404 3788 666 3839 crescere,
696 3772 790 3828 sed
842 3772 1022 3839 Valde,
1067 3772 1344 3827 declarans
1384 3772 1769 3827 incrementum
1823 3773 1989 3842 pluri-

408 3878 573 3917 mum.
622 3862 773 3928 Quod
817 3877 975 3932 supra
1016 3861 1365 3929 memorabat,
1412 3877 1533 3917 cum
1575 3862 1797 3928 diceret,
1843 3862 1992 3918 Sicut

406 3968 622 4009 arenam
641 3963 695 4008 et
715 3952 894 4009 stellas
924 3970 937 4008 :
963 3952 1013 4006 id
1037 3952 1122 4007 hic
1149 3968 1243 4023 per
1264 3952 1595 4018 adverbium,
1622 3951 1802 4020 Valde,
1825 3953 1990 4023 signi-

410 4046 603 4103 tieavit.
633 4046 701 4099 At
742 4054 924 4115 gratus
947 4052 1002 4099 et
1032 4044 1309 4114 religiosus
1357 4045 1604 4111 famulus,
1650 4044 1837 4101 videns
1875 4054 1993 4100 tan-

408 4147 514 4192 tam
549 4138 639 4191 Dei
671 4137 1050 4207 indulgentiam
1076 4144 1130 4190 et
1155 4150 1280 4205 erga
1322 4132 1577 4189 famulum
1605 4149 1757 4190 suum
1783 4151 1988 4205 curam,

406 4230 809 4297 obstupescens,
851 4229 1133 4295 animoque
1179 4241 1398 4281 versans
1433 4236 1487 4283 ct
1532 4236 1775 4283 naturam
1818 4244 1988 4296 suam,

406 4332 464 4374 et
505 4319 795 4373 bonitatem
844 4317 1264 4388 immensamque
1307 4318 1554 4374 virtutem
1603 4319 1717 4386 Dei,
1767 4317 1987 4384 Cecidit,

412 4410 602 4480 inquit,
628 4411 681 4462 in
713 4409 893 4479 faciem
935 4424 1078 4462 suam
1109 4416 1356 4479 :gratum
1400 4410 1634 4464 animum
1686 4412 1787 4465 hoc
1831 4411 1993 4465 modo

409 4501 708 4554 declarans.
741 4500 854 4554 Non
886 4500 1058 4554 solum
1084 4500 1225 4556 enim
1271 4516 1376 4555 non
1426 4509 1550 4556 tunc
1596 4501 1694 4557 fuit
1736 4518 1989 4574 arrogan-

415 4593 536 4656 tior,
580 4604 751 4660 neque
796 4590 1134 4659 superbiebat
1174 4601 1388 4661 pr0pter
1431 4591 1668 4648 favorem
1701 4593 1795 4648 Dei
1834 4610 1990 4664 quem

408 4680 799 4752 experiebatur,
847 4679 941 4735 sed
967 4688 1020 4733 et
1055 4680 1219 4734 multo
1263 4683 1430 4751 magis
1472 4681 1847 4738 humiliabatur
1877 4701 1891 4737 :
1926 4684 1993 4738 Et

404 4774 603 4840 cecidit,
645 4773 832 4844 inquit,
887 4771 941 4825 in
985 4770 1185 4842 faciem.
1232 4769 1305 4824 Ita
1348 4771 1491 4825 enim
1538 4784 1718 4842 gratus
1760 4776 1990 4839 animus,

402 4875 607 4939 quanto
628 4867 813 4937 majori
837 4865 1026 4921 fruitur
1044 4863 1252 4931 fiducia,
1274 4870 1421 4918 tanto
1438 4864 1691 4934 majorem
1715 4867 1821 4922 Deo
1838 4884 1993 4924 reve-

406 4959 633 5016 rentiam
655 4957 872 5013 exhibet
901 4973 914 5011 :
946 4954 1134 5010 Cecidit
1157 4956 1317 5021 enim,
1342 4955 1532 5025 inquit,
1556 4957 1606 5009 in
1623 4958 1801 5029 faciem
1827 4976 1992 5014 suam.

412 5053 478 5106 Et
504 5052 625 5122 quia
663 5059 783 5121 post
812 5058 1010 5104 tantam
1041 5047 1282 5102 ﬁduciam
1304 5048 1480 5119 justus
1510 5051 1743 5119 seipsum
1769 5059 1823 5105 et
1844 5061 1997 5107 natu-

410 5159 483 5197 ra:
505 5158 615 5197 sua:
636 5140 1051 5197 imbecillitatem
1070 5139 1435 5206 considerans,
1451 5154 1622 5211 neque
1640 5140 1821 5196 oculos
1841 5142 1998 5196 attol-

411 5237 522 5289 lere
549 5232 795 5300 audebat,
815 5232 910 5288 sed
931 5232 983 5286 in
1006 5231 1194 5287 faciem
1225 5247 1420 5301 pronus
1448 5234 1666 5288 multam
1694 5234 1998 5289 declarabat

409 5327 761 5383 reverentiam
795 5345 808 5381 :
838 5326 962 5381 vide
989 5327 1181 5381 iterum
1208 5325 1331 5381 boni
1365 5326 1456 5381 Dei
1484 5326 1806 5383 ineﬂ'abilem
1845 5329 1995 5384 beni-

407 5421 685 5494 gnitatem.
734 5419 996 5490 Loquutus
1037 5429 1110 5473 est
1155 5420 1306 5486 enim,
1331 5420 1519 5490 inquit,
1545 5421 1591 5473 ei
1610 5419 1749 5475 Dens
1788 5422 1998 5476 dicens:

411 5514 465 5569 4,
504 5512 632 5568 Ecce
673 5528 763 5584 ego
786 5522 832 5566 et
858 5521 1204 5566 testamentum
1234 5528 1397 5565 meum
1436 5522 1618 5581 tecum,
1642 5524 1688 5567 et
1713 5515 1813 5569 eris
1856 5525 2000 5585 pater

398 5606 746 5662 multitudinis
774 5607 1022 5676 gentium,
1052 5603 1105 5658 5.
1128 5612 1174 5657 et
1203 5620 1303 5657 non
1346 5605 1605 5658 vocabitur
1640 5606 1773 5659 ultra
1819 5623 1999 5661 nomen

401 5711 548 5753 tuum
580 5699 788 5767 Abram,
811 5697 900 5754 sed
924 5697 1014 5753 erit
1040 5713 1218 5751 nomen
1264 5708 1404 5752 tuum
1452 5698 1703 5753 Abraham
1732 5700 1885 5771 :quia
1906 5716 1997 5770 pa-

1177 288 1239 344 S.
1280 278 1557 341 JOANNIS
1595 274 2067 338 CIIRYSOSTOMI
2108 277 2422 332 ARCllll-LP.
2463 278 2992 336 CONSTANTINOP.

3574 284 3678 342 36.!

2095 398 2217 442 trem
2256 392 2524 446 multarum
2566 396 2785 463 gentium
2825 396 3062 449 constitui
3094 406 3159 463 te,
3203 396 3254 453 ὖ.
3301 398 3587 469 faciantque
3634 414 3681 455 te

2090 499 2307 536 crescere
2348 486 2493 539 valde
2519 502 2537 538 .'
2562 496 2607 539 et
2650 504 2835 555 ponam
2882 498 2928 542 te
2964 490 3016 542 in
3059 499 3275 560 gentem,
3303 498 3349 545 et
3374 509 3514 563 reges
3543 510 3611 547 ex
3636 506 3683 548 te

2092 575 2426 643 egretlientur.

2162 666 2215 721 5.
2233 666 2569 741 Etymologia:
2607 672 2864 726 nominum
2903 673 3090 727 Abram
3148 684 3197 730 et
3244 675 3378 731 Noe.
3432 675 3681 748 [nﬁdeles

2091 761 2238 814 etiam
2291 763 2611 832 prapltetant.
2641 795 2713 805 —
2748 766 3039 821 Considera
3064 810 3080 835 ,
3132 769 3322 825 dilecte
3344 811 3358 836 ,
3405 774 3680 842 quomodo

2091 855 2267 908 omnia
2286 855 2429 924 justo
2450 856 2729 913 manifeste
2758 857 3041 927 prmdicat,
3071 870 3125 915 et
3155 870 3210 914 ut
3234 862 3524 931 majoribus
3551 880 3680 920 cum

2091 946 2419 1014 argumentis
2464 956 2668 1001 certum
2712 948 2932 1020 reddat,
2959 952 3120 1005 etiam
3152 951 3357 1007 literam
3396 955 3543 1010 addit
3572 971 3676 1010 no-

2093 1037 2218 1090 mini
2244 1038 2361 1105 ejus
2380 1078 2395 1102 ,
2423 1046 2477 1092 et
2501 1037 2670 1107 inquit
2706 1057 2720 1092 :
2752 1037 2873 1093 Eris
2900 1050 3042 1110 pater
3069 1043 3406 1098 multitudinis
3428 1047 3672 1115 gentium.

2095 1125 2215 1179 Non
2241 1128 2496 1181 vocabitur
2522 1130 2653 1181 enim
2684 1146 2864 1184 nomen
2895 1140 3034 1185 tuum
3052 1131 3256 1196 Abram,
3282 1134 3369 1186 sed
3394 1134 3674 1203 Abraham,

2090 1218 2208 1286 quia
2234 1229 2426 1286 patrem
2455 1218 2729 1273 multarum
2763 1221 2986 1290 gentium
3014 1224 3250 1276 constitui
3286 1234 3350 1277 te.
3378 1225 3511 1279 Nam
3539 1227 3679 1281 sicut

2093 1310 2239 1377 prius
2282 1324 2475 1366 nomen
2505 1310 2621 1381 ejus
2646 1312 2923 1366 transitum
2966 1312 3230 1367 indicabat
3256 1315 3486 1386 (Abram
3530 1319 3675 1372 enim

2094 1402 2434 1457 transitorem
2452 1411 2627 1469 sonat,
2646 1403 2937 1458 secundum
2959 1404 3303 1460 llebrmorum
3324 1407 3552 1478 linguam
3572 1412 3677 1481 (a);

2093 1501 2147 1546 et
2199 1492 2298 1546 hoc
2344 1493 2519 1548 sciunt
2547 1495 2635 1564 qui
2669 1495 2861 1566 lingua:
2906 1495 3047 1551 illius
3077 1504 3201 1551 sunt
3244 1498 3455 1572 periti),
3501 1503 3681 1573 itaque

2095 1593 2343 1657 parentes
2362 1584 2478 1652 ejus
2504 1600 2696 1640 nomen
2726 1586 2827 1640 hoc
2852 1586 3174 1654 indiderant,
3195 1604 3259 1643 eo
3287 1592 3425 1660 quod
3453 1607 3481 1645 a
3506 1595 3679 1661 patria

2094 1691 2188 1729 sua
2236 1677 2288 1729 in
2337 1676 2695 1732 Chananmam
2744 1681 3066 1734 transiturus
3107 1692 3243 1739 erat.
3288 1682 3403 1738 Jam
3452 1684 3683 1741 fortasse

2093 1768 2286 1822 dixerit
2312 1769 2572 1838 quispiam
2604 1770 2773 1824 :Cutn
2816 1781 3063 1840 parentes
3103 1773 3219 1841 ejus
3272 1774 3511 1830 infideles
3562 1777 3683 1831 fue-

2093 1860 2220 1927 rint,
2252 1861 2393 1915 unde
2417 1861 2517 1915 illis
2549 1863 2881 1930 przescientia
2904 1863 3019 1917 lucc
3043 1906 3056 1930 ,
3091 1872 3147 1919 ut
3174 1866 3315 1935 quod
3346 1867 3514 1921 multo
3543 1878 3683 1923 tem-

2096 1966 2224 2021 pore
2252 1961 2433 2020 postea
2463 1954 2693 2006 futurum
2740 1965 2886 2018 erat,
2922 1957 3135 2011 nomine
3170 1958 3683 2027 complecterentur?

2095 2041 2200 2098 Sed
2232 2053 2316 2099 est
2335 2044 2494 2099 etiam
2537 2044 2639 2100 hoc
2677 2047 3056 2116 omnipotentis
3088 2050 3359 2118 sapientiae
3399 2051 3487 2106 Dei
3520 2066 3682 2122 argn-

2096 2146 2355 2201 mentum,
2386 2151 2503 2203 qua:
2532 2150 2901 2206 saepenumero
2925 2153 3019 2208 per
3049 2139 3285 2194 inlideles
3307 2140 3566 2210 ejusmodi
3596 2158 3685 2197 res

2095 2226 2367 2297 dispensat
2405 2246 2418 2282 :
2451 2236 2505 2282 ct
2534 2231 2695 2283 multa
2723 2228 2915 2285 similia
2964 2231 3256 2286 invenimus
3292 2235 3450 2287 etiam
3483 2234 3535 2288 in
3564 2235 3684 2290 aliis

2098 2320 2251 2374 facta.
2275 2319 2464 2375 Statim
2491 2322 2632 2376 enim
2662 2323 2895 2377 occurrit
2926 2323 3077 2378 nobis
3100 2333 3152 2378 et
3183 2324 3293 2379 Noe
3323 2324 3639 2380 vocabulum
3666 2345 3679 2380 :

2098 2427 2271 2481 neque
2300 2414 2440 2467 enim
2467 2413 2667 2484 absque
2693 2429 2851 2469 causa
2880 2423 2933 2470 et
2952 2416 3005 2470 in
3036 2428 3227 2470 vanum
3258 2418 3418 2470 etiam
3442 2416 3563 2473 huic
3585 2435 3685 2471 no-

2097 2519 2219 2559 men
2264 2503 2567 2559 indiderunt
2609 2515 2892 2575 parentes,
2933 2506 3026 2561 sed
3069 2508 3455 2578 prmsignarunt
3496 2509 3684 2564 subsc-

2095 2605 2381 2666 quuturum
2427 2597 2705 2653 diluvium.
2740 2598 3033 2653 Enimvero
3057 2608 3109 2653 et
3156 2607 3359 2668 patrem
3393 2600 3547 2668 hujus
3573 2615 3682 2655 non

2098 2691 2218 2747 ideo
2241 2706 2436 2745 nomen
2469 2705 2635 2760 puero
2676 2690 2961 2756 indidisse,
2991 2690 3131 2761 quod
3160 2692 3273 2761 ipse
3296 2691 3471 2762 jusms
3501 2703 3681 2759 esset,

2095 2782 2218 2838 audi
2244 2783 2571 2853 Scriptorum
2597 2781 2883 2849 dicentem,
2919 2782 3029 2838 Noe
3051 2782 3221 2837 solum
3252 2786 3524 2839 inventum
3560 2803 3686 2842 esse

2091 2874 2329 2945 justum,
2372 2874 2665 2945 perfectum
2720 2874 2773 2928 in
2811 2875 3157 2945 generatione
3196 2891 3289 2930 sua
3334 2876 3485 2947 (Gen.
3516 2878 3565 2933 6.
3599 2879 3682 2950 9).

2095 2967 2211 3022 Non
2261 2975 2436 3021 autem
2488 2966 2801 3022 obticuisset
2845 2966 3155 3037 Scriptura,
3204 2984 3376 3038 neque
3422 2970 3681 3037 dixisset,

2096 3060 2208 3117 Noe
2238 3062 2382 3116 solus
2405 3060 2581 3131 justus
2602 3070 2749 3125 erat,
2780 3061 2824 3114 si
2853 3068 2905 3115 et
2939 3060 3165 3116 Lamech
3190 3072 3339 3132 pater
3375 3062 3490 3131 ejus
3514 3064 3684 3118 virtu-

2099 3162 2203 3208 tem
2238 3151 2366 3223 justi
2411 3152 2600 3207 fuisset
2626 3152 2881 3207 imitatus.
2931 3152 3275 3221 hnpositurus
3316 3154 3489 3223 itaque
3520 3170 3685 3223 Iuro

2098 3259 2314 3311 nomen,
2340 3242 2506 3313 inquit
2538 3261 2550 3297 :
2579 3241 2647 3295 Et
2675 3242 2933 3296 vocabitur
2953 3259 3131 3296 nomen
3158 3245 3269 3313 ejus
3303 3243 3415 3298 Noe
3438 3259 3458 3308 ;
3488 3246 3570 3297 hic
3601 3250 3685 3316 fu-

2097 3338 2190 3389 ciet
2235 3350 2327 3389 nos
2369 3335 2623 3405 quiescere
2667 3334 2729 3386 ab
2759 3334 2991 3404 aperibus
3025 3334 3245 3401 nostris,
3288 3344 3333 3388 et
3373 3352 3403 3387 a
3444 3335 3686 3390 molestiis

2098 3446 2335 3482 manuum
2359 3437 2643 3481 nostrarum
2662 3469 2675 3493 ,
2703 3438 2748 3480 et
2774 3443 2805 3480 a
2846 3436 2979 3483 terra
3001 3469 3015 3493 ,
3038 3444 3186 3498 quam
3217 3430 3477 3483 maledixit
3508 3430 3685 3484 Domi-

2099 3537 2194 3575 nus
2225 3519 2359 3574 Deus
2390 3518 2541 3590 (Gen.
2575 3520 2628 3575 5.
2658 3518 2774 3589 29).
2800 3517 2949 3573 Unde
2978 3517 3087 3584 illi,
3119 3534 3330 3588 qmeso,
3372 3528 3513 3575 esset
3543 3537 3684 3589 pne-

2097 3614 2319 3669 scientia
2363 3628 2547 3668 eorum
2576 3628 2695 3682 quae
2722 3619 2841 3681 post
2881 3619 2959 3665 tot
2985 3611 3179 3666 smcula
3213 3622 3364 3665 erant
3391 3614 3685 3667 evectum?

2099 3705 2235 3760 Dicit
2280 3704 2468 3760 enim:
2509 3702 2811 3767 Vocabitur,
2859 3700 3063 3772 inquit,
3115 3700 3263 3768 Noe;
3292 3702 3373 3756 hic
3414 3704 3544 3756 enim
3591 3720 3685 3757 nos

2096 3800 2346 3868 quiescere
2363 3798 2530 3867 faciet.
2562 3796 2764 3851 Nomen
2796 3804 2972 3851 autem
2997 3795 3109 3850 Noe
3138 3795 3314 3865 lingua
3340 3795 3682 3850 Hebraeorum

2096 3893 2249 3962 quies
2277 3891 2491 3945 dicitur.
2528 3888 2707 3958 Itaque
2733 3889 2854 3958 quia
2876 3928 2890 3951 ,
2920 3887 3196 3956 ingruente
3224 3887 3423 3941 diluvio
3441 3929 3456 3954 ,
3488 3886 3574 3941 hic
3595 3902 3683 3942 δο-

2101 3984 2183 4037 lus
2231 3981 2486 4037 mundum
2521 3990 2857 4045 servaturus,
2885 3987 2939 4034 et
2976 3978 3286 4048 posterioris
3322 3978 3685 4049 generationis

2098 4075 2305 4130 futurus
2330 4084 2513 4128 auctor
2542 4083 2686 4140 erat,
2717 4072 2915 4127 idcirco
2940 4071 3113 4143 inquit
3136 4112 3151 4137 ,
3181 4069 3281 4124 Hic
3307 4072 3457 4139 faciet
3485 4088 3575 4127 nos
3602 4088 3686 4126 re-

2097 4168 2347 4239 quiescere
2372 4182 2391 4220 :
2412 4164 2648 4236 requiem
2669 4163 2923 4220 diluvium
2951 4179 3166 4218 vocans.
3194 4161 3325 4218 Nam
3350 4178 3563 4218 omnem
3584 4171 3687 4218 ter-

2100 4273 2213 4313 ram
2244 4258 2395 4327 quasi
2426 4255 2697 4327 fatigatam
2740 4265 2797 4311 et
2842 4255 3248 4311 inhabitantium
3295 4255 3495 4309 malitia
3527 4254 3686 4309 vaidc

2099 4350 2418 4407 deteriorem
2486 4351 2676 4405 factam
2736 4349 3121 4420 superveniens
3169 4348 3352 4403 diluvii
3423 4363 3683 4418 aquarum

2101 4444 2428 4511 inundantia,
2457 4459 2575 4513 quae
2598 4444 2755 4498 tinem
2801 4443 3017 4497 malitice
3044 4441 3303 4496 malorum
3335 4444 3555 4496 istorum
3581 4440 3685 4495 ho-

2100 4537 2301 4591 minum
2334 4535 2586 4599 faciebat,
2615 4544 2670 4590 et
2696 4543 2893 4589 terram
2930 4534 3268 4603 repurgavit,
3292 4548 3449 4603 quam
3478 4532 3688 4587 inhabi-

2102 4631 2322 4684 tantium
2349 4628 2548 4683 malitia
2571 4626 2897 4682 immundam
2926 4627 3159 4693 fecerat,
3190 4635 3247 4682 et
3266 4626 3387 4681 illos
3417 4626 3690 4695 puniendo

2102 4720 2155 4774 in
2184 4720 2415 4789 quietem
2455 4718 2681 4774 induxit.
2712 4717 2855 4772 Mors
2875 4718 3016 4773 enim
3036 4758 3051 4783 ,
3081 4726 3138 4771 ut
3158 4717 3327 4787 inquit
3355 4715 3465 4782 ille,
3491 4718 3690 4785 requies

2100 4813 2207 4865 viro
2232 4808 2351 4881 (Job
2382 4811 2435 4865 5.
2462 4810 2551 4865 23.
2582 4807 2721 4880 apud
2740 4806 2887 4880 ιιι).
2908 4807 3094 4862 Vidisti
3112 4807 3379 4877 quomodo
3399 4807 3560 4862 etiam
3591 4822 3692 4877 per

2102 4904 2403 4961 incredulos
2434 4904 2600 4958 multa
2623 4917 2765 4973 saepe
2809 4901 3205 4973 praesignificari
3251 4901 3444 4956 curat?
3483 4900 3690 4957 Eodem

2164 5060 2237 5123 (α)
2268 5060 2519 5123 Hebraice,
2542 5060 2712 5123 doctus
2744 5072 2841 5108 non
2881 5063 2988 5123 erat
3023 5057 3383 5121 Chrysostomus
3416 5056 3500 5119 qui
3540 5053 3693 5105 talem

2103 5121 2439 5185 etymologiam
2463 5121 2670 5171 ediderit
2703 5135 2715 5170 :
2742 5134 2838 5170 non
2862 5122 2994 5170 enim
3019 5133 3047 5168 a
3069 5134 3208 5176 voce,
3231 5124 3355 5178 ny,
3401 5124 3557 5175 trans,
3602 5131 3694 5165 no-

2104 5207 2237 5249 men,
2261 5198 2437 5252 Dux,
2460 5192 2568 5241 duci
2610 5197 2795 5254 potest;
2821 5190 3185 5254 cognominatus
3208 5199 3371 5239 tamen
3394 5189 3481 5239 fuit
3521 5188 3694 5237 Abram

2102 5272 2245 5335 νων,
2268 5287 2411 5337 quam
2434 5286 2603 5323 vocem
2626 5272 2706 5337 alii
2744 5272 3017 5337 Hebraeum,
3042 5270 3122 5337 alii
3144 5269 3448 5337 transitorem
3471 5278 3691 5337 vertunt,

2103 5331 2481 5399 ϐτωόθξπιράτην.
2507 5342 2621 5399 nem
2649 5334 2879 5399 plurimis
2902 5336 3210 5383 tractavimus
3238 5333 3288 5399 in
3312 5331 3560 5399 Hexaplis.
3581 5343 3690 5392 cap.

2108 5401 2166 5449 14
2187 5396 2404 5457 Genesis,
2426 5413 2471 5447 ν.
2500 5398 2576 5457 15,
2613 5396 2696 5445 ubi
2721 5396 3032 5458 plurimorum
3054 5396 3324 5445 sententias
3346 5396 3613 5449 attulimus,
3641 5399 3694 5440 et

2107 5461 2454 5532 explicavimus
2476 5460 2523 5508 in
2549 5460 2689 5509 notis.
2709 5457 2857 5532 Quod
2873 5457 2989 5506 dicit
3011 5458 3148 5532 infra
3167 5457 3690 5532 _chrysosuimtis_uoe,

2106 5516 2343 5591 quietem,_
2372 5533 2762 5591 sonare,iveru_m
2788 5527 2865 5591 est
2890 5533 2901 5568 :
2931 5531 3026 5568 non
3071 5516 3294 5591 perinde
3322 5516 3575 5585 probabile
3614 5521 3691 5591 est

2107 5578 2234 5647 quod
2254 5578 2430 5647 adjicit,
2456 5582 2659 5647 quietem
2682 5581 2810 5630 illam
2835 5589 2930 5647 Noe
2956 5578 3150 5629 nomine
3177 5578 3479 5647 cytprés‘sam,
3510 5578 3692 5647 signili‘

2106 5641 2220 5697 c'are
2243 5641 2490 5703 domum,
2510 5645 2559 5692 in
2582 5657 2680 5706 quo
2702 5644 2876 5706 mortui
2900 5651 3013 5691 sunt
3034 5654 3202 5706 omnes
3221 5641 3457 5703 homines,
3481 5641 3594 5703 quia
3620 5642 3692 5689 vt-

2109 5708 2288 5758 delicct
2310 5718 2440 5757 mors
2464 5712 2539 5758 est
2556 5703 2697 5770 quies
2714 5705 2932 5755 hominis.
2952 5706 3022 5755 Sic
3045 5703 3148 5754 ille.

3678 5836 3687 5847 ρ
3690 5824 3740 5844 ’κ
