4020 6136
318 241 422 298 355

315 350 524 411 αὑτοῦ.
573 353 748 425 Πολλὴ
795 351 888 406 τοῦ
934 350 1144 404 δικαίου
1193 351 1226 419 ή
1269 347 1677 419 εὐγνωμοσύνη,
1708 347 1979 418 ὑπερϐάλ-

315 443 484 498 λουσα
535 443 626 496 τοῦ
674 438 882 510 ἀγαθοῦ
929 437 1066 491 Θεοῦ
1109 439 1142 508 ή
1199 436 1328 508 περὶ
1382 436 1543 488 αὐτὸν
1584 435 1983 506 φιλανθρωπία.

327 529 478 600 Ἐγὼ
519 531 628 602 γάρ
651 533 788 597 ειμι,
825 527 1012 597 φησὶν,
1042 529 1081 579 ό
1111 528 1254 591 Θεός
1297 541 1414 577 σου
1436 541 1447 553 ο
1478 523 1756 593 μονονουχὶ
1786 521 1980 590 λέγων’

327 617 388 670 '0
422 617 580 689 μέχρι
627 617 719 670 τοῦ
759 615 1028 687 παρόντος
1074 613 1144 667 τά
1193 613 1338 669 κατά
1379 613 1438 665 σὲ
1473 611 1743 681 διαφόρως
1780 611 1983 663 οἰκονο-

319 705 496 776 μήσας
523 703 633 772 ἐγώ
665 705 811 774 είμι,
861 706 889 756 6
923 703 1231 772 ἀναστήσας
1273 717 1332 753 σε
1367 699 1578 752 οἴκοθεν
1615 701 1708 752 καὶ
1747 697 1981 752 ἐνταῦθα

316 789 539 859 ἀγαγὼν
560 789 670 861 ἐγώ
697 793 830 860 εἰμι,
867 791 895 842 6
921 788 1041 841 καθ’
1066 788 1293 840 ἕκαστον
1325 786 1516 857 καιρὸν
1541 785 1858 856 ύπέρμαχός
1897 802 1978 836 σοι

313 880 616 948 γινόμενος,
644 879 736 931 καὶ⁵
757 877 867 930 τῶν
889 875 1342 929 ἐπιϐουλευόντων
1365 891 1422 926 σε
1457 873 1728 945 ἀνώτερον
1755 889 1978 941 πεποιη-

311 963 422 1028 κὼς
451 965 560 1032 ἐγώ
595 967 731 1035 είμι·
778 965 872 1018 καὶ
920 964 1018 1016 οὐκ
1057 958 1227 1024 εἶπεν,
1281 959 1420 1030 Ἐγώ
1463 962 1577 1030 είμι
1603 962 1631 1012 6
1657 959 1808 1020 Θεὸς,
1838 958 1973 1023 ἀλλ’,

311 1050 455 1118 Ἐγώ
479 1054 594 1118 ειμι
625 1053 656 1104 ό
690 1052 834 1116 Θεός
858 1067 995 1104 σου.
1047 1050 1188 1120 Ὅρα
1235 1049 1333 1118 τὴν
1381 1047 1578 1118 πολλὴν
1628 1046 1970 1115 ἀγαθότητα,

310 1137 429 1200 πῶς
459 1139 553 1190 καὶ
578 1138 664 1190 διὰ
691 1141 791 1208 τῆς
819 1137 1136 1209 προσθήκης
1171 1137 1372 1206 ταύτης
1407 1136 1466 1188 τὸ
1499 1135 1720 1205 φίλτρον
1753 1133 1814 1187 τὸ
1846 1134 1974 1201 περὶ

309 1225 400 1278 τὸν
471 1225 676 1278 δίκαιον
747 1226 1130 1278 ἐπιδείκνυται.
1187 1225 1246 1277 '0
1302 1224 1410 1294 γὰρ
1473 1223 1574 1290 τῆς
1649 1222 1974 1292 οἰκουμένης

309 1311 528 1382 ἀπάσης
561 1312 729 1376 Θεὸς,
763 1315 791 1366 6
833 1313 942 1365 τῶν
977 1313 1113 1366 ὅλων
1153 1311 1480 1384 δημιουργὸς
1502 1352 1516 1376 ,
1543 1314 1576 1364 6
1607 1309 1839 1381 οὐρανοῦ
1881 1313 1972 1364 καὶ

305 1401 410 1469 γῆς
440 1403 672 1473 ποιητής
704 1420 887 1474 φησιν,
940 1403 1085 1472 Ἐγώ
1109 1405 1230 1472 εἰμι
1276 1406 1309 1456 ὁ
1348 1403 1488 1468 Θεός
1524 1417 1661 1456 σου.
1718 1404 1906 1470 Μέγας
1943 1407 1972 1455 ό

305 1487 468 1556 ὄγκος
499 1488 600 1558 τῆς
627 1490 791 1560 τιμῆς
839 1491 939 1559 τῆς
987 1493 1066 1553 είς
1103 1489 1194 1543 τὸν
1242 1490 1465 1544 δίκαιον.
1516 1489 1674 1543 Οὕτω
1718 1490 1816 1542 καὶ
1860 1493 1971 1554 τοῖς

306 1577 612 1645 προφήταις
668 1576 786 1641 ἐθος
841 1578 1040 1631 λαλεῖν.
1075 1579 1286 1649 Ὥσπερ
1326 1579 1434 1649 γάρ
1475 1577 1638 1642 αὐτὸς
1670 1579 1764 1632 νῦν
1795 1573 1969 1657 κοινὸς

296 1663 379 1717 ὢν
404 1667 658 1720 ἁπάντων
681 1669 982 1739 Δεσπότης,
1014 1670 1123 1723 ἀπὸ
1153 1671 1246 1723 τοῦ
1271 1669 1457 1722 δούλου
1490 1669 1771 1723 καλεῖσθαι
1799 1687 1968 1722 κατα-

295 1751 534 1822 δέχεται,
585 1756 680 1808 καὶ
728 1757 1033 1826 εὑρήσομεν
1080 1758 1242 1809 αὐτὸν
1295 1757 1431 1826 μετὰ
1478 1755 1652 1809 ταῦτα
1699 1756 1964 1823 λέγοντα,

313 1837 453 1906 Ἐγώ
489 1842 603 1908 εἰμι
641 1843 674 1893 ὀ
717 1841 865 1907 Θεὸς
907 1843 1152 1911 Ἀϐραὰμ
1197 1844 1295 1896 καὶ
1343 1844 1546 1898 Ἰσαὰκ
1571 1842 1667 1896 καὶ
1708 1842 1918 1896 Ἰακὼϐ
1947 1859 1962 1873 ⁸

295 1923 440 1978 οὕτω
467 1929 559 1980 καὶ
589 1929 636 1980 οί
673 1930 947 2000 προφῆται
984 1930 1206 1983 εἰώθασι
1238 1930 1416 2000 λέγειν
1444 1969 1459 1994 ,
1497 1931 1558 1982 '0
1592 1931 1732 1995 Θεὸς
1762 1935 1794 1984 o'
1822 1932 1964 1995 Θεός

290 2029 434 2080 μου,
462 2014 522 2064 οὐ
551 2016 949 2083 περικλείοντες
977 2017 1140 2070 αὐτοῦ
1169 2020 1247 2081 είς
1273 2020 1495 2081 ἑαυτοὺς
1509 2017 1606 2089 τὴν
1627 2018 1962 2082 δεσποτείαν,

296 2098 431 2150 ἀλλά
457 2101 549 2152 καὶ
568 2101 718 2154 αὐτοὶ
735 2103 824 2156 τὸν
856 2105 1018 2157 πόθον
1041 2105 1340 2158 ἀκάθεκτον
1361 2105 1775 2176 ἐνδεικνύμενοι.
1805 2105 1962 2159 Ἀλλά

293 2189 356 2237 τὸ
387 2186 484 2255 μὲν
509 2188 830 2258 ἀνθρώπους
860 2190 1016 2243 τοῦτο
1046 2195 1218 2244 ποιεῖν
1259 2193 1411 2244 οὐδὲν
1447 2191 1759 2263 θαυμαστόν
1786 2209 1798 2224 ·
1831 2194 1960 2246 ὅταν

289 2272 351 2326 δὲ
381 2274 544 2337 αὐτὸς
575 2277 661 2328 ἐπ’
694 2277 994 2348 ἀνθρώπων
1015 2279 1171 2332 τοῦτο
1195 2283 1342 2351 ποιῇ.
1374 2281 1530 2332 τοῦτό
1558 2282 1675 2333 ἐστι
1702 2281 1959 2334 τὸκαινὸν

292 2361 387 2412 καὶ
411 2363 731 2431 παράδοξον.
771 2365 927 2419 Ἀλλά
960 2367 1034 2438 μὴ
1071 2366 1468 2438 θαυμάζωμεν,
1503 2369 1808 2440 ἀγαπητοὶ,
1845 2370 1958 2423 ἀλλ’

290 2448 580 2518 ἀκούωμεν
604 2451 698 2503 τοῦ
733 2458 1008 2524 προφήτου
1032 2455 1298 2523 λέγοντος,
1331 2456 1628 2524 Κρεῖσσον
1657 2454 1744 2523 εἷς
1773 2459 1958 2511 ποιῶν

290 2533 360 2585 τὸ
389 2534 617 2605 θέλημα
647 2541 886 2606 Κυρίου,
917 2540 955 2608 ἢ
976 2543 1176 2610 μυρίοι
1203 2544 1535 2613 παράνομοι
1589 2561 1604 2576 ·
1653 2548 1744 2599 καὶ
1797 2547 1956 2599 πάλιν

289 2620 384 2672 τοῦ
399 2623 670 2692 μακαρίου
688 2626 898 2678 Παύλου
922 2627 1192 2696 λέγοντος,
1209 2630 1538 2700 Περιῆλθον
1553 2632 1621 2684 ἐν
1629 2633 1952 2700 μηλωταῖς,

283 2707 358 2760 ἐν
379 2711 618 2778 αἰγείοις
640 2711 950 2782 δέρμασιν,
974 2718 1419 2786 ὑστερούμενοι,
1452 2721 1783 2788 θλιϐόμενοι
1803 2761 1817 2783 ,
1853 2738 1955 2774 xw

285 2797 704 2865 κουχούμενοι,
751 2795 838 2853 ὧν
875 2805 986 2854 οὐκ
1022 2799 1102 2872 ἦν
1135 2803 1305 2868 ἄξιος
1346 2809 1378 2857 ὀ
1418 2807 1663 2874 κόσμος.
1711 2806 1897 2871 Οὕτως
1926 2812 1954 2862 ὁ

289 2878 388 2946 μὲν
419 2883 704 2952 προφήτης
730 2885 937 2956 μυρίων
971 2889 1300 2957 παρανόμων
1323 2888 1412 2940 τὸν
1439 2889 1533 2940 ἕνα
1570 2889 1660 2943 τὸν
1698 2889 1952 2944 ποιοῦντα

281 2963 348 3016 τὸ
371 2964 584 3037 θέλημα
617 2968 816 3040 Κυρίου
859 2973 1139 3042 κρείττονα
1176 2976 1452 3046 ἀπέφηνεν
1480 2993 1493 3006 °
1530 2981 1567 3040 16
1596 2977 1653 3030 δέ
1681 2977 1950 3050 μακάριος

285 3051 521 3116 Παῦλος,
550 3057 579 3108 ό
604 3057 701 3127 τῆς
730 3061 1051 3132 οἰκουμένης
1071 3062 1408 3128 διδάσκαλος,
1446 3066 1822 3134 μνημονεύσας
1841 3069 1948 3119 τῶν

281 3137 506 3192 δικαίων
545 3144 801 3198 ἁπάντων
845 3147 952 3200 τῶν
997 3149 1057 3201 ἐν
1104 3149 1336 3218 θλίψεσι,
1367 3151 1475 3203 τῶν
1516 3154 1573 3204 ἐν
1620 3153 1950 3225 στενοχωρίᾳ

283 3223 600 3294 διαγόντων,
639 3233 822 3302 φησὶν,
854 3229 964 3287 Ὧν
991 3239 1103 3290 οὐκ
1126 3233 1204 3306 ἦν
1233 3237 1405 3302 ἄξιος
1428 3242 1460 3290 o'
1481 3240 1726 3307 κόσμος.
1764 3223 1946 3294 Πάντα

280 3314 373 3366 τὸν
424 3315 626 3386 κόσμον
667 3318 857 3383 εἰπὼν,
913 3321 1135 3386 τούτους
1172 3325 1296 3388 τοὺς
1345 3326 1731 3396 ἐλαυνομένους
1759 3368 1772 3391 ,
1822 3330 1946 3392 τοὺς

281 3400 629 3472 θλιϐομένους
672 3408 1038 3478 ἀντέστησεν,
1100 3411 1187 3464 ἵνα
1236 3413 1440 3484 μάθῃς,
1495 3415 1619 3467 ὅσον
1665 3415 1766 3486 τῆς
1817 3419 1943 3487 ἀρε-

278 3487 379 3558 τῆς
425 3489 482 3542 τὸ
533 3493 777 3561 μέγεθος.
837 3496 935 3550 Διά
983 3497 1138 3552 τοῦτο
1193 3500 1286 3553 καὶ
1332 3504 1361 3554 6
1401 3503 1509 3555 τῶν
1552 3504 1806 3557 ἁπάντων
1858 3507 1945 3576 δη-

277 3578 540 3647 μιουργός
587 3598 718 3651 φησι
770 3584 904 3653 πρὸς
953 3584 1044 3638 τὸν
1078 3589 1422 3660 πατριάρχην
1454 3607 1469 3621 ·
1523 3592 1670 3662 Ἐγώ
1729 3595 1845 3661 εἰμι
1911 3597 1943 3646 ό

278 3668 426 3733 Θεός
442 3683 580 3732 σου,
603 3673 909 3740 εὐαρέστει
945 3675 1221 3729 ἐναντίον
1244 3679 1410 3746 ἐμοῦ,
1449 3681 1545 3732 καὶ
1573 3681 1742 3749 γίνου
1770 3682 1944 3750 ἄμεμ-

273 3767 444 3819 πτος.
500 3758 633 3812 Οὐδὲ
675 3761 782 3829 γάρ
811 3762 1140 3831 περιόψομαι
1183 3764 1284 3835 τῆς
1320 3767 1587 3837 τοσαύτης
1617 3785 1709 3820 σου
1742 3769 1941 3839 ἀρετῆς

273 3842 400 3902 τοὺς
432 3841 680 3911 ἱδρῶτας,
731 3845 868 3899 ἀλλά
898 3846 1165 3915 Θιξσομαι
1205 3851 1320 3914 τὴν
1348 3849 1644 3921 διαθήκην
1667 3872 1786 3922 μου
1822 3855 1941 3908 ἀνὰ

268 3926 466 3995 μέσον
497 3930 642 3997 ἐμοῦ
669 3933 766 3984 καὶ
806 3933 941 3997 σοῦ,
978 3934 1074 3987 καὶ
1103 3936 1394 4002 πληθυνῶ
1425 3953 1499 3990 σε
1534 3939 1782 4006 σφόδρα.
1828 3943 1939 4013 Οὐχ

271 4013 460 4077 ἁπλῶς
506 4018 585 4078 είς
631 4017 832 4088 πλῆθος
879 4020 1168 4073 ἐπιδιδόναι
1201 4026 1626 4092 παρασκευάσω,
1671 4026 1806 4080 ἀλλὰ
1846 4031 1937 4082 καὶ

275 4091 426 4171 [598]
441 4099 486 4148 Σ
487 4097 697 4165 φόδρα,
715 4101 815 4171 τὴν
831 4101 1029 4174 πολλὴν
1049 4091 1296 4160 ἐπίτασιν
1314 4105 1488 4176 δηλῶν
1504 4123 1517 4136 ·
1540 4109 1633 4161 καὶ
1653 4109 1788 4181 ὅπερ
1808 4113 1939 4165 ἀνω-

271 4181 416 4253 τέρω
448 4184 632 4252 ἔλεγεν
657 4186 845 4252 εἰπὼν,
901 4188 991 4254 Ὧς
1036 4191 1133 4263 τὴν
1175 4193 1358 4263 ἄμμον
1402 4196 1647 4259 καὶτοὺς
1675 4199 1932 4269 ἀστέρας,

270 4270 430 4324 τοῦτο
463 4274 696 4329 ἐνταῦθα
723 4276 808 4329 διά
839 4277 932 4331 τοῦ
981 4281 1218 4350 Σφόδρα
1261 4283 1547 4354 ἐδήλωσεν.
1595 4285 1732 4338 Ἀλλ’
1767 4289 1794 4339 6
1843 4289 1934 4339 εύ-

271 4359 504 4429 γνώμων
539 4365 632 4416 καὶ
683 4365 924 4433 φιλόθεος
949 4368 1168 4440 οἰκέτης
1211 4370 1352 4442 ὁρῶν
1383 4371 1476 4424 τοῦ
1521 4372 1657 4425 Θεοῦ
1692 4374 1788 4444 τὴν
1817 4391 1936 4428 τοσ-

271 4446 446 4517 αύτην
491 4450 897 4518 συγκατάϐασιν
946 4455 1040 4507 καὶ
1092 4458 1192 4526 τὴν
1241 4459 1371 4528 περὶ
1413 4458 1502 4510 τὸν
1566 4461 1732 4514 αὐτοῦ
1768 4461 1931 4532 θερά-

270 4549 442 4588 ποντα
493 4538 818 4608 κηδεμονίαν
843 4581 860 4605 ,
936 4543 1307 4613 καταπλαγεὶς
1336 4584 1351 4608 ,
1427 4547 1520 4599 καὶ
1590 4549 1669 4611 είς
1725 4549 1931 4605 ἔννοιαν

269 4621 442 4676 ἐλθὼν
482 4625 583 4694 τῆς
621 4641 681 4679 τε
738 4627 942 4690 οίκείας
980 4629 1212 4698 φύσεως,
1246 4633 1346 4703 τῆς
1388 4651 1446 4686 τε
1495 4634 1590 4688 τοῦ
1633 4636 1767 4690 Θεοῦ
1801 4640 1930 4707 ἀγα-

269 4708 492 4782 θότητος
519 4751 534 4774 ,
564 4713 658 4766 καὶ
685 4717 782 4785 τῆς
815 4715 1042 4788 ἀπείρου
1080 4717 1378 4788 δυνάμεως,
1422 4723 1647 4776 Ἔπεσε
1666 4765 1677 4779 .
1722 4727 1885 4795 φησὶν
1911 4767 1925 4791 ,

268 4797 370 4852 ἐπὶ
401 4800 722 4867 πρόσωπον
756 4803 979 4868 αὐτοῦ,
1017 4803 1228 4869 δεικνὺς
1272 4807 1358 4860 διά
1396 4808 1490 4860 τοῦ
1525 4812 1801 4880 σχήματος
1829 4814 1927 4885 τὴν

265 4888 474 4942 οἰκείαν
505 4887 939 4960 εὐγνωμοσύνην.
987 4892 1061 4944 Οὐ
1111 4893 1270 4963 μόνον
1295 4894 1404 4967 γὰρ
1440 4897 1539 4950 οὐκ
1574 4901 1846 4972 ἀπενοήθη
1875 4915 1924 4968 α,

264 4975 386 5029 οὐδὲ
417 4975 559 5045 μέγα
583 4976 881 5047 ἐφρόνησεν
907 4979 997 5030 ἐπὶ
1019 4981 1084 5048 τῇ
1117 4980 1298 5046 εὐνοίᾳ
1314 4985 1378 5054 τῇ
1412 4984 1491 5048 εἰς
1516 4986 1678 5039 αὐτὸν
1704 5005 1927 5062 γεγενη-

264 5063 422 5133 μένῃ,
455 5063 590 5116 ἀλλά
626 5064 720 5115 καὶ
758 5063 934 5135 πολλῷ
965 5067 1164 5135 μᾶλλον
1199 5071 1514 5141 συνεστάλη.
1570 5073 1680 5128 Καὶ
1719 5077 1920 5143 ἔπεσε,

260 5156 446 5223 φησὶν,
472 5154 570 5206 ἐπὶ
599 5154 940 5221 πρόσωπον.
965 5157 1219 5213 Τοιοῦτον
1239 5161 1346 5232 γὰρ
1369 5164 1400 5233 ή
1427 5165 1724 5235 εὐγνώμων
1751 5169 1920 5240 ψυχή’

258 5242 478 5295 ἐπειδάν
513 5242 750 5307 πλείονος
787 5244 1066 5317 ἀπολαύσῃ
1091 5248 1190 5318 τῆς
1216 5252 1545 5321 παρρησίας,
1575 5255 1691 5306 τότε
1722 5257 1921 5326 μᾶλλον

259 5329 462 5400 πολλὴν
514 5330 878 5384 ἐπιδείκνυται
938 5334 1036 5405 τὴν
1092 5337 1220 5407 περὶ
1275 5339 1366 5390 τόν
1417 5340 1547 5392 Θεὸν
1612 5343 1915 5398 εὐλάϐειαν·

265 5561 737 5647 εἰμίῖῗῖἲέῗξεῖεῗῇίηι
760 5568 1304 5647 ηενξησιςιθσνέιτίμίι-
1321 5573 1562 5647 Ἀπονοεῖν
1582 5585 1659 5626 ρει
1683 5579 1910 5647 mire.

258 5627 545 5705 immensitate):
583 5636 696 5705 εσσε
725 5639 737 5671 τ
784 5627 882 5705 υιίο
904 5627 1012 5689 usu',
1036 5627 1632 5705 supgfbire._a_v_'_roganlem
1659 5627 1912 5705 αεὲὶίόιῖὄ

255 5696 402 5732 sensu
424 5685 623 5734 ἀπόνοια
645 5690 926 5738 sexcenties
957 5685 1168 5743 oécur'rit
1191 5685 1317 5758 aput}
1344 5685 1755 5758 (ιιπὶὼεῐόάιόῐῆῖ

659 5777 926 5838 ΡΑτιιοι..
976 5785 1088 5842 Gn.
1139 5786 1233 5843 LII
1255 5829 1287 5844 ..

1431 233 1493 288 IN
1534 235 1684 290 CAP.
1725 231 1845 288 XVI
1884 230 2125 287 GENES.
2163 229 2392 286 ΙΙΟΜΙΙ..
2435 229 2674 284 XXXIX.

3655 229 3758 285 ’564

2094 347 2314 401 "Exacta
2339 345 2468 418 γάρ,
2491 344 2675 416 φησὶν,
2705 342 2803 396 ἐπὶ
2839 344 3162 409 πρόσωπον
3193 342 3399 396 αὑτοῦ.
3431 343 3537 396 Καὶ
3571 346 3756 416 ἐπειδὴ

2090 435 2229 505 μετὰ
2267 434 2363 504 τὴν
2400 432 2667 502 τοσαύτην
2690 431 3001 502 παρρησίαν
3024 431 3101 491 εἰς
3126 430 3316 483 ἐαυτὸν
3343 431 3484 503 όρῶν
3506 433 3533 486 6
3552 432 3756 498 δίκαιος

2085 521 2181 574 καὶ
2208 522 2306 592 τῆς
2337 520 2681 590 ἀνθρωπίνης
2706 517 2917 586 φύσεως
2946 516 3042 587 τὴν
3066 517 3369 583 ἀσθένειαν,
3392 519 3510 572 οὐδέ
3530 520 3754 574 ἀνανεῦο

2088 625 2175 660 σαι
2207 609 2427 678 ἐτόλμα,
2465 606 2599 660 ἀλλὰ
2629 605 2777 660 κάτω
2812 603 3031 658 κύπτων
3062 603 3260 675 πολλὴν
3287 606 3631 661 ἐπεδείκνυτο
3654 608 3754 680 τὴν

2082 693 2386 748 εὐλάϐειαν·
2441 694 2544 764 ὅρα
2597 693 2756 746 πάλιν
2805 691 2896 743 τοῦ
2949 690 3153 758 ἀγαθοῦ
3196 691 3331 744 Θεοῦ
3391 693 3490 764 τὴν
3549 695 3753 763 ἄφατον

2082 780 2415 851 φιλοτιμίαν.
2466 780 2761 846 Ἐλάλησε
2800 779 2909 847 γὰρ
2949 777 3122 842 αὐτῷ,
3172 779 3357 849 φησὶν,
3396 783 3430 832 ό
3479 781 3624 848 Θεὸς
3654 783 3749 836 λέ-

2081 884 2219 935 γων’
2255 867 2398 922 Ἰδοὺ
2421 867 2536 937 ἐγὼ
2563 866 2657 920 καὶ
2683 867 2719 934 ἡ
2749 865 2998 931 διαθήκη
3023 883 3142 932 μου
3167 865 3317 935 μετὰ
3341 867 3478 930 σοῦ,
3511 869 3609 921 καί
3632 869 3747 940 ἔσῃ

2079 955 2275 1023 πατὴρ
2314 956 2585 1022 πλήθους
2617 954 2826 1017 ἐθνῶν,
2877 953 2977 1008 καὶ
3019 957 3091 1008 οὺ
3145 954 3511 1022 κληθήσεται
3551 958 3637 1011 ἐτι
3679 958 3748 1012 τό

2079 1041 2268 1111 ὄνομά
2324 1060 2440 1096 σου
2515 1045 2749 1112 Ἀϐραμ,
2810 1041 2946 1095 ἀλλ’
2999 1041 3171 1095 ἔσται
3245 1043 3310 1095 τὸ
3378 1042 3561 1112 ὄνομά
3628 1061 3747 1100 σου

2090 1127 2356 1196 Ἀϐραάμ·
2393 1130 2486 1182 ὅτι
2513 1127 2739 1196 πατέρα
2768 1128 3017 1182 πολλῶν
3033 1127 3226 1181 ἐθνῶν
3254 1129 3489 1183 τέθεικά
3518 1147 3612 1197 σε,
3647 1133 3745 1188 καὶ

2069 1215 2319 1279 αὐξανῶ
2344 1233 2439 1270 σε·
2465 1219 2562 1270 καὶ
2602 1217 2769 1282 θήσω
2802 1232 2876 1270 σε
2896 1220 2984 1282 είς
3007 1216 3201 1283 ἔθνος,
3236 1218 3331 1270 καὶ
3365 1220 3648 1287 ,ϐασιλεῖς
3674 1221 3743 1275 ἐκ

2075 1303 2192 1356 σοῦ
2218 1304 2657 1367 ἐξελεύσονται.

2141 1431 2208 1494 γ’.
2230 1426 2526 1496 Σκόπησον,
2540 1427 2808 1496 ἀγαπητὲ,
2827 1427 2942 1490 πῶς
2959 1427 3301 1498 προλέγειτῷ
3323 1431 3515 1500 δικαίῳ
3537 1433 3627 1484 καὶ
3646 1433 3741 1485 νῦν

2071 1512 2286 1568 ἅπαντα
2317 1515 2522 1582 σαφῶς,
2554 1515 2646 1567 καὶ
2677 1516 2763 1567 ἵνα
2794 1514 3010 1568 πλείονα
3042 1516 3190 1586 αὐτῷ
3231 1517 3330 1587 τὴν
3371 1517 3741 1589 πληροφορίαν

2071 1602 2293 1672 ποιήσῃ,
2318 1603 2414 1653 καὶ
2439 1600 2533 1652 τοῦ
2560 1602 2822 1669 στοιχείου
2851 1601 2950 1672 τὴν
2977 1602 3292 1673 προσθήκην
3311 1607 3375 1674 τῇ
3401 1607 3740 1677 προσηγορία

2069 1688 2236 1740 αὐτοῦ
2267 1687 2659 1750 ἐναποτίθεται,
2694 1688 2785 1740 καί
2835 1704 3019 1759 φησιν’
3050 1691 3198 1756 "Ean
3228 1692 3424 1758 πατὴρ
3465 1692 3739 1760 πλήθους

2068 1775 2276 1831 ἐθνῶν.
2315 1777 2398 1827 Οὐ
2447 1775 2814 1841 κληθήσεται
2851 1777 2960 1845 γὰρ
3002 1777 3065 1830 τὸ
3117 1777 3304 1846 ὄνομά
3348 1795 3464 1833 σου
3497 1782 3734 1850 ’Λϐραμ.

2068 1862 2227 1916 ἀλλὰ
2269 1861 2531 1930 Ἀϐραὰμ,
2553 1861 2762 1929 ἐπειδὴ
2802 1862 3027 1930 πατέρα
3049 1863 3298 1917 πολλῶν
3327 1865 3519 1918 ἐθνῶν
3554 1866 3737 1922 τέθει·

2068 1950 2146 2001 κά
2178 1965 2269 2002 σε.
2309 1950 2516 2019 Ὥσπερ
2545 1948 2652 2020 γὰρ
2677 1949 2736 2002 τὸ
2761 1951 3027 2021 πρότερον
3049 1950 3219 2020 ὄνομα
3245 1951 3344 2022 τὴν
3373 1953 3480 2006 ἀπὸ
3506 1953 3600 2007 τοῦ
3631 1956 3736 2008 πέ-

2068 2051 2170 2105 ραν
2199 2035 2432 2088 ἐνταῦθα
2464 2036 2720 2089 ἐπάνοδον
2748 2037 3042 2106 ἐσήμαινεν
3069 2039 3317 2109 (Ἂϐραμ
3339 2039 3446 2107 γὰρ
3474 2041 3736 2109 περάτης

2067 2121 2426 2192 ἑρμηνεύεται
2489 2123 2630 2176 κατά
2677 2124 2774 2193 τὴν
2820 2124 3086 2194 Ἐϐραίων
3127 2125 3371 2193 γλῶτταν
3395 2145 3408 2158 ·
3447 2130 3540 2181 καὶ
3573 2128 3735 2183 τοῦτο

2067 2211 2262 2271 ίσασιν,
2291 2211 2405 2262 ὅσοι
2442 2210 2539 2280 τῆς
2580 2209 2824 2282 γλώττης
2853 2210 3068 2281 ἐκείνης
3104 2214 3240 2265 εἰσὶν
3277 2214 3578 2286 ἔμπειροι),
3609 2217 3734 2271 ἐπεὶ

2062 2293 2156 2350 οὖν
2181 2296 2402 2367 ἔμελλεν
2429 2297 2538 2350 ἀπὸ
2566 2297 2660 2352 τοῦ
2686 2299 2859 2368 πέραν
2885 2301 2964 2362 εἰς
2990 2300 3088 2369 τὴν
3121 2301 3432 2355 Χαναναίαν
3455 2303 3729 2376 ἔρχεσθαι,

2061 2384 2148 2436 διὰ
2186 2385 2344 2437 τοῦτο
2395 2386 2444 2437 οἰ
2483 2388 2659 2452 γονεῖς
2705 2385 2852 2455 αὐτῴ
2891 2386 2952 2439 τὸ
2974 2387 3145 2457 ὄνομα
3183 2390 3536 2446 ἐπιτιθέασιν.
3591 2392 3730 2445 Ἀλλ’

2063 2474 2194 2536 ἴσως
2226 2474 2368 2526 εἴποι
2393 2489 2476 2534 τις
2501 2474 2584 2526 ειν⁴
2611 2474 2718 2526 Καὶ
2739 2477 2785 2526 εἰ
2810 2475 3025 2527 ἄπιστοι
3051 2475 3346 2546 ἐτύγχανον
3365 2480 3412 2530 οί
3439 2478 3628 2532 τοῦτον
3647 2497 3732 2549 γε-

2059 2560 2402 2628 γεννηκότες,
2429 2560 2593 2614 πόθεν
2635 2562 2816 2624 αὐτοῖς
2859 2564 2892 2630 ἡ
2935 2563 3242 2633 πρόγνωσις
3274 2564 3435 2634 αὕτη,
3469 2565 3609 2622 ὥστε
3658 2571 3725 2639 τῇ

2058 2648 2400 2718 προσηγορίᾳ
2429 2647 2788 2701 ἐναποθέσθαι
2817 2649 2877 2700 τὸ
2902 2650 3093 2718 μέλλον
3125 2649 3266 2719 μετά
3304 2652 3468 2706 πολὺν
3507 2654 3726 2708 ἔσεσθαι

2057 2736 2280 2806 χρόνον;
2320 2737 2428 2788 Καὶ
2454 2735 2611 2788 τοῦτο
2645 2736 2742 2805 τῆς
2769 2735 2862 2787 τοῦ
2889 2736 3025 2788 Θεοῦ
3063 2738 3372 2808 εὐμηχάνου
3413 2743 3622 2811 σοφίας,
3664 2743 3726 2797 τὸ

2058 2822 2148 2874 καὶ
2187 2820 2276 2874 διά
2315 2821 2424 2872 τῶν
2453 2821 2696 2874 ἀπίστων
2727 2822 2984 2885 πολλάκις
3013 2823 3240 2878 τοιαῦτα
3273 2828 3595 2897 οἰκονομεῖνο
3629 2829 3724 2883 καὶ

2055 2907 2224 2962 πολλὰ
2260 2908 2481 2963 τοιαῦτα
2518 2910 2821 2980 εὑρήσομεν
2867 2911 2959 2964 καὶ
3006 2913 3090 2982 ἐφ’
3118 2913 3318 2983 ἐτέρων
3359 2917 3720 2988 γεγενημένα.

2055 2996 2270 3059 Εὐθέως
2304 2999 2412 3068 γὰρ
2437 2998 2814 3069 ἐπεισέρχεται
2844 3001 2973 3070 ἡμῖν
3007 3002 3099 3053 καὶ
3121 3003 3153 3071 ή
3176 3003 3271 3054 τοῦ
3297 3003 3419 3055 Νῶε
3446 3021 3722 3075 προσηγο-

2054 3084 2165 3152 ρία.
2195 3085 2329 3137 Οὐδέ
2373 3085 2482 3155 γὰρ
2513 3086 2718 3149 ἁπλῶς,
2759 3087 2879 3139 οὐδέ
2934 3087 3008 3150 ὡς
3059 3088 3214 3158 ἔτυχε
3267 3090 3360 3142 καὶ
3409 3090 3584 3160 τούτῳ
3620 3093 3722 3163 τὴν

2053 3172 2421 3242 προσηγορίαν
2449 3172 2725 3240 ἐπέθηκαν
2749 3175 2795 3225 οξ
2821 3177 3015 3241 γονεῖς,
3041 3175 3176 3228 ἀλλά
3201 3177 3605 3248 προμηνύοντες
3629 3179 3722 3233 τὸν

2054 3258 2191 3327 μετά
2230 3261 2560 3312 πεντακόσια
2617 3261 2709 3330 ἐτη
2773 3261 3030 3330 μέλλοντα
3074 3265 3394 3335 γενήσεσθαι
3443 3267 3718 3320 κατακλυ-

2051 3345 2204 3414 σμόν.
2245 3347 2363 3398 Ὅτι
2397 3347 2505 3416 γάρ
2543 3348 2634 3400 καὶ
2664 3350 2692 3400 ό
2725 3349 2917 3401 τούτου
2956 3351 3137 3420 πατὴρ
3168 3353 3228 3402 οὐ
3261 3351 3348 3404 διὰ
3378 3353 3439 3404 τὸ
3464 3354 3717 3424 ἐνάρετος

2047 3427 2187 3486 εἶναι
2213 3433 2414 3502 ταύτην
2452 3435 2553 3504 τὴν
2585 3436 2952 3507 προσηγορίαν
2986 3437 3219 3506 ἐπέθηκε
3246 3438 3323 3507 τῷ
3349 3438 3500 3510 [599]
3539 3441 3712 3504 παιδὶ,

2045 3518 2207 3572 ἄκουε
2238 3521 2336 3590 τῆς
2369 3522 2588 3591 Γραφῆς
2622 3523 2806 3590 σαφῶς
2836 3524 3121 3593 λεγούσης,
3153 3525 3234 3578 ὃτι
3274 3527 3394 3578 Νῶε
3426 3528 3584 3596 μόνος
3626 3529 3717 3580 εύ-

2047 3608 2174 3677 ρέθη
2202 3607 2427 3670 δίκαιος,
2462 3608 2667 3671 τέλειος
2710 3611 2768 3661 ἐν
2805 3613 2870 3678 τῇ
2913 3613 3076 3681 γενεᾷ
3101 3611 3284 3664 αὐτοῦ.
3325 3613 3534 3667 Οὐκάν
3569 3632 3713 3685 παρ⁴

2045 3693 2348 3762 εσιῶπησεν
2374 3696 2406 3765 ή
2436 3695 2644 3765 Γραφὴ,
2675 3696 2794 3748 οὐδὲ
2839 3691 2982 3756 εἷπε,
3028 3697 3152 3750 Νῶε
3194 3699 3399 3762 δίκαιος
3433 3701 3592 3770 μόνος
3619 3697 3707 3772 ἦν,

2045 3781 2092 3830 εἰ
2123 3780 2215 3832 καὶ
2247 3779 2438 3850 Λάμεχ
2475 3785 2504 3834 6
2547 3781 2738 3834 τούτου
2781 3783 2961 3854 πατὴρ
2998 3785 3242 3855 ζηλωτὴς
3277 3782 3345 3856 ἦν
3377 3788 3476 3857 τῆς
3500 3787 3594 3840 τοῦ
3623 3787 3708 3840 διο

2043 3867 2200 3920 καίου
2226 3869 2440 3937 ἀρετῆς.
2481 3869 2706 3922 Μέλλων
2731 3871 2910 3924 τοίνυν
2939 3872 3039 3941 τὴν
3072 3874 3440 3943 προσηγορίαν
3469 3875 3707 3928 ἐπιτιθέ-

2042 3971 2129 4006 ναι
2155 3953 2233 4023 τῷ
2263 3954 2434 4020 παιδὶ,
2472 3956 2626 4026 φησί·
2655 3955 2764 4010 Καὶ
2797 3957 3164 4024 κληθήσεται
3199 3960 3265 4011 τὸ
3305 3961 3492 4029 ὄνομα
3520 3963 3708 4017 αὐτοῦ

2041 4041 2168 4094 Νῶε
2182 4058 2193 4071 ’
2223 4038 2399 4108 οὗτος
2425 4030 2821 4099 διανπαύᾶει
2845 4045 3002 4114 ἡμᾶς
3021 4046 3142 4100 ἀπὸ
3163 4046 3280 4100 τῶν
3303 4048 3492 4117 ἔργων
3517 4049 3704 4119 ἡμῶν,

2042 4129 2138 4182 καὶ
2189 4128 2310 4182 τῶν
2349 4129 2640 4198 λυπηρῶν
2680 4131 2799 4184 τῶν
2843 4133 3058 4202 χειρῶν
3093 4135 3282 4204 ἡμῶν,
3323 4137 3564 4190 καὶάπό
3594 4138 3706 4204 τῆς

2040 4214 2173 4283 γῆς,
2199 4211 2275 4285 ἧς
2301 4217 2684 4284 κατηράσατο
2715 4220 2930 4288 Κύριος
2952 4225 2987 4276 ό
3022 4224 3184 4288 Θεός.
3216 4223 3404 4289 Πόθεν,
3439 4224 3559 4277 εἰπέ
3590 4241 3700 4294 μοι,

2039 4303 2232 4372 ἐκείνῳ
2260 4304 2292 4372 ἡ
2317 4303 2520 4371 γνῶσις
2543 4303 2654 4357 τῶν
2677 4306 2974 4376 μελλόντων
3004 4309 3247 4376 γίνεσθαι
3279 4312 3414 4380 μετά
3435 4311 3703 4376 τοσαύτας

2039 4390 2262 4457 γενεὰς;
2286 4391 2667 4458 Κληθήσεται
2710 4394 2837 4465 γάρ,
2875 4397 3024 4465 φησὶ,
3067 4397 3214 4450 Νῶεο
3249 4395 3427 4464 οὗτος
3472 4399 3580 4469 γὰρ
3615 4399 3703 4453 δι·-

2034 4477 2373 4529 αναπαύσει
2406 4476 2584 4546 ἡμᾶς.
2621 4479 2712 4539 Τὸ,
2736 4479 2882 4542 Νῶε,
2903 4483 2964 4551 τῇ
3001 4482 3260 4554 Ἐϐραίων
3275 4482 3537 4556 διαλέκτῳ
3558 4485 3702 4540 ἀνά-

2034 4576 2262 4629 παυσις
2287 4563 2522 4632 λέγεται.
2569 4566 2720 4619 Ἐπεὶ
2758 4563 2850 4622 οὖν
2877 4561 3033 4634 οὗτος
3062 4569 3275 4640 ἔμελλε,
3315 4571 3409 4624 τοῦ
3438 4572 3697 4640 ναυαγίου
3791 4580 3800 4589 '

2034 4649 2243 4702 ἐκείνου
2271 4651 2780 4721 καταλαμϐάνοντος
2812 4655 2910 4726 τὴν
2945 4658 3288 4729 οἰκουμένην,
3318 4659 3477 4728 μόνος
3497 4659 3697 4712 διασὼκ

2034 4735 2245 4802 ζεσθαι,
2274 4740 2367 4792 καὶ
2396 4743 2462 4811 τῇ
2495 4741 2632 4811 μετά
2668 4743 2838 4796 ταῦτα
2863 4746 3025 4814 γενεᾷ
3056 4747 3230 4815 ἀρχήν
3255 4762 3376 4798 τινα
3400 4747 3696 4814 παρασχεῖν

2030 4825 2128 4893 τῆς
2164 4827 2493 4891 συστάσεως,
2546 4828 2634 4881 διά
2672 4829 2831 4882 τοῦτό
2860 4848 3043 4900 φησιν,
3077 4829 3263 4896 Οὗτος
3300 4832 3695 4887 διαναπαύσει

2030 4912 2207 4980 ἡμᾶς,
2248 4914 2553 4969 ἀνάπαυσιν
2611 4917 2702 4969 τὸν
2747 4919 3128 4990 κατακλυσμὸν
3184 4921 3380 4977 καλῶν.
3426 4921 3694 4992 Καθάπερ

2029 5000 2138 5071 γὰρ
2179 5005 2516 5074 κεκμηκυῐαν
2548 5003 2645 5074 τὴν
2686 5005 2789 5073 γῆν
2829 5007 3006 5058 πᾶσαν
3049 5009 3112 5061 ἐκ
3149 5009 3249 5078 τῆς
3277 5009 3385 5062 τῶν
3422 5012 3691 5065 ἐνοικούν-

2029 5103 2134 5139 των
2173 5090 2452 5157 πονηρίας,
2482 5090 2573 5141 καὶ
2599 5089 2796 5161 πολλὴν
2821 5092 2918 5163 τὴν
2941 5092 3115 5164 λύμην
3137 5095 3432 5166 δεχομένην
3470 5097 3637 5152 ἐλθὼν
3661 5101 3690 5152 ὁ

2027 5173 2412 5244 κατακλυσμὸς
2457 5174 2544 5228 διὰ
2585 5177 2683 5245 τῆς
2730 5177 2837 5229 τῶν
2885 5180 3091 5233 ὑδάτων
3131 5185 3320 5254 φορᾶς,
3365 5185 3458 5237 καὶ
3487 5186 3690 5257 στήσας

2023 5261 2133 5314 τῶν
2169 5261 2455 5333 μοχθηρῶν
2480 5264 2686 5336 ἀνδρῶν
2705 5266 2925 5320 ἐκείνων
2948 5267 3044 5340 τὴν
3073 5272 3356 5341 πονηρίαν,
3389 5275 3485 5342 τήν
3506 5291 3564 5327 τε
3586 5275 3690 5344 γῆν

2023 5349 2355 5418 ἐξεκάθηρεν
2391 5352 2697 5422 ἀκάθαρτον
2744 5357 3118 5428 γεγενημένην
3158 5359 3246 5412 διὰ
3299 5362 3399 5429 τὴν
3438 5362 3546 5413 τῶν
3589 5365 3687 5428 ἐν·

2020 5437 2311 5490 οικούντων
2359 5439 2676 5511 μοχθηρίαν,
2709 5444 2990 5508 κάκείνους
3023 5445 3110 5499 διὰ
3151 5447 3248 5517 τῆς
3280 5448 3546 5518 τιμωρίας
3587 5449 3684 5500 ἀν-

2020 5523 2246 5577 έπαυσε.
2279 5526 2543 5593 Θάνατος
2568 5529 2697 5600 γὰρ,
2738 5533 2891 5602 φησὶ,
2927 5533 3097 5601 ἀνδρὶ
3126 5535 3490 5598 ἀνάπαυσις.
3534 5532 3684 5598 Εἶδες

2017 5610 2167 5674 ὅπως
2191 5610 2286 5664 καὶ
2309 5611 2398 5665 διὰ
2425 5614 2667 5670 ἀπίστων
2697 5617 2956 5684 πολλάκις
2986 5621 3056 5675 τά
3083 5621 3344 5691 μέλλοντα
3375 5624 3684 5691 προμηνύε-

2023 5698 2145 5752 σθτιι
2176 5701 2575 5766 παρασκευάζει
2602 5723 2615 5765 ;
2642 5705 2743 5762 Τὸν
2773 5708 2931 5761 αὐτὸν
2955 5709 3016 5772 δὴ
3048 5709 3244 5771 τρόπον
3266 5707 3358 5760 καὶ
3386 5708 3459 5779 τῷ
3489 5723 3678 5779 πατριι

3185 5805 3262 5861 23
