  <div class='ocr_page' id='page_1' title='image "/cluster/home/n/w/nwhite01/storage/ocr_20150623/53/mdp.39015028539479/365.png"; bbox 0 0 4020 6136; ppageno 0'>
   <div class='ocr_carea' id='block_1_1' title="bbox 323 236 433 293">
    <p class='ocr_par' dir='ltr' id='par_1_1' title="bbox 323 236 433 293">
     <span class='ocr_line' id='line_1_1' title="bbox 323 236 433 293; baseline -0.009 -1"><span class='ocrx_word' id='word_1_1' title='bbox 323 236 433 293; x_wconf 70' lang='grc' dir='ltr'>3ὂῦ</span> 
     </span>
    </p>
   </div>
   <div class='ocr_carea' id='block_1_2' title="bbox 321 350 2046 426">
    <p class='ocr_par' dir='ltr' id='par_1_2' title="bbox 321 350 2046 426">
     <span class='ocr_line' id='line_1_2' title="bbox 321 350 2046 426; baseline 0.002 -20"><span class='ocrx_word' id='word_1_2' title='bbox 321 354 466 426; x_wconf 79' lang='grc' dir='ltr'>ἀρχῃ</span> <span class='ocrx_word' id='word_1_3' title='bbox 491 352 551 404; x_wconf 72' lang='grc' dir='ltr'>τὸ</span> <span class='ocrx_word' id='word_1_4' title='bbox 588 350 758 421; x_wconf 74' lang='grc' dir='ltr'>ὄνομα</span> <span class='ocrx_word' id='word_1_5' title='bbox 789 351 835 402; x_wconf 87' lang='grc' dir='ltr'>οί</span> <span class='ocrx_word' id='word_1_6' title='bbox 865 351 1040 418; x_wconf 79' lang='grc' dir='ltr'>γονεῖς</span> <span class='ocrx_word' id='word_1_7' title='bbox 1068 351 1334 417; x_wconf 81' lang='grc' dir='ltr'>ἐτίθεσαν,</span> <span class='ocrx_word' id='word_1_8' title='bbox 1366 354 1424 420; x_wconf 77' lang='grc' dir='ltr'>ἐξ</span> <span class='ocrx_word' id='word_1_9' title='bbox 1453 355 1627 425; x_wconf 77' lang='grc' dir='ltr'>ἀρχῆς</span> <span class='ocrx_word' id='word_1_10' title='bbox 1648 355 1744 408; x_wconf 73' lang='grc' dir='ltr'>καὶ</span> <span class='ocrx_word' id='word_1_11' title='bbox 1770 357 1835 409; x_wconf 86' lang='grc' dir='ltr'>ἐκ</span> <span class='ocrx_word' id='word_1_12' title='bbox 1861 373 1994 426; x_wconf 85' lang='grc' dir='ltr'>προ·</span> <span class='ocrx_word' id='word_1_13' title='bbox 2042 417 2046 420; x_wconf 92' lang='lat'><strong>_</strong></span> 
     </span>
    </p>
   </div>
   <div class='ocr_carea' id='block_1_3' title="bbox 319 437 1990 514">
    <p class='ocr_par' dir='ltr' id='par_1_3' title="bbox 319 437 1990 514">
     <span class='ocr_line' id='line_1_3' title="bbox 319 437 1990 514; baseline 0.002 -23"><span class='ocrx_word' id='word_1_14' title='bbox 319 443 516 509; x_wconf 81' lang='grc' dir='ltr'>οιμίων</span> <span class='ocrx_word' id='word_1_15' title='bbox 537 437 846 508; x_wconf 76' lang='grc' dir='ltr'>δηλοῦντες,</span> <span class='ocrx_word' id='word_1_16' title='bbox 880 438 962 490; x_wconf 82' lang='grc' dir='ltr'>ὅτι</span> <span class='ocrx_word' id='word_1_17' title='bbox 1002 440 1344 508; x_wconf 79' lang='grc' dir='ltr'>μετανάστης</span> <span class='ocrx_word' id='word_1_18' title='bbox 1366 441 1541 505; x_wconf 85' lang='grc' dir='ltr'>ἐσται,</span> <span class='ocrx_word' id='word_1_19' title='bbox 1569 443 1661 495; x_wconf 82' lang='grc' dir='ltr'>καὶ</span> <span class='ocrx_word' id='word_1_20' title='bbox 1694 443 1936 514; x_wconf 77' lang='grc' dir='ltr'>περάσας</span> <span class='ocrx_word' id='word_1_21' title='bbox 1963 456 1990 484; x_wconf 70' lang='grc' dir='ltr'>ι</span> 
     </span>
    </p>
   </div>
   <div class='ocr_carea' id='block_1_4' title="bbox 321 525 1991 603">
    <p class='ocr_par' dir='ltr' id='par_1_4' title="bbox 321 525 1991 603">
     <span class='ocr_line' id='line_1_4' title="bbox 321 525 1991 603; baseline 0.004 -25"><span class='ocrx_word' id='word_1_22' title='bbox 321 526 412 578; x_wconf 80' lang='grc' dir='ltr'>τὸν</span> <span class='ocrx_word' id='word_1_23' title='bbox 439 527 682 596; x_wconf 75' lang='grc' dir='ltr'>ποταμὸν</span> <span class='ocrx_word' id='word_1_24' title='bbox 704 526 797 578; x_wconf 74' lang='grc' dir='ltr'>ἐπὶ</span> <span class='ocrx_word' id='word_1_25' title='bbox 819 525 917 596; x_wconf 83' lang='grc' dir='ltr'>τὴν</span> <span class='ocrx_word' id='word_1_26' title='bbox 939 526 1225 598; x_wconf 79' lang='grc' dir='ltr'>ἀλλοτρίαν</span> <span class='ocrx_word' id='word_1_27' title='bbox 1246 528 1387 597; x_wconf 76' lang='grc' dir='ltr'>ἥξει.</span> <span class='ocrx_word' id='word_1_28' title='bbox 1427 528 1578 582; x_wconf 72' lang='grc' dir='ltr'>Ἐπεὶ</span> <span class='ocrx_word' id='word_1_29' title='bbox 1611 530 1812 596; x_wconf 81' lang='grc' dir='ltr'>τοίνυν,</span> <span class='ocrx_word' id='word_1_30' title='bbox 1837 533 1991 603; x_wconf 66' lang='grc' dir='ltr'>φησὶ,</span> 
     </span>
    </p>
   </div>
   <div class='ocr_carea' id='block_1_5' title="bbox 321 613 1995 686">
    <p class='ocr_par' dir='ltr' id='par_1_5' title="bbox 321 613 1995 686">
     <span class='ocr_line' id='line_1_5' title="bbox 321 613 1995 686; baseline 0.004 -22"><span class='ocrx_word' id='word_1_31' title='bbox 321 613 382 666; x_wconf 88' lang='grc' dir='ltr'>τὸ</span> <span class='ocrx_word' id='word_1_32' title='bbox 435 613 533 684; x_wconf 78' lang='grc' dir='ltr'>μὲν</span> <span class='ocrx_word' id='word_1_33' title='bbox 589 613 740 684; x_wconf 84' lang='grc' dir='ltr'>παρά</span> <span class='ocrx_word' id='word_1_34' title='bbox 792 613 903 666; x_wconf 90' lang='grc' dir='ltr'>τῶν</span> <span class='ocrx_word' id='word_1_35' title='bbox 945 614 1149 682; x_wconf 80' lang='grc' dir='ltr'>γονέων</span> <span class='ocrx_word' id='word_1_36' title='bbox 1191 615 1440 668; x_wconf 84' lang='grc' dir='ltr'>ἐπιτεθὲν</span> <span class='ocrx_word' id='word_1_37' title='bbox 1480 615 1654 686; x_wconf 81' lang='grc' dir='ltr'>ὄνομα</span> <span class='ocrx_word' id='word_1_38' title='bbox 1694 619 1872 671; x_wconf 81' lang='grc' dir='ltr'>ἐκεῖνό</span> <span class='ocrx_word' id='word_1_39' title='bbox 1913 637 1995 672; x_wconf 92' lang='grc' dir='ltr'>σοι</span> 
     </span>
    </p>
   </div>
   <div class='ocr_carea' id='block_1_6' title="bbox 323 700 1992 775">
    <p class='ocr_par' dir='ltr' id='par_1_6' title="bbox 323 700 1992 775">
     <span class='ocr_line' id='line_1_6' title="bbox 323 700 1992 775; baseline 0.004 -24"><span class='ocrx_word' id='word_1_40' title='bbox 323 701 638 772; x_wconf 83' lang='grc' dir='ltr'>προεμήνυε</span> <span class='ocrx_word' id='word_1_41' title='bbox 675 701 738 754; x_wconf 81' lang='grc' dir='ltr'>τὸ</span> <span class='ocrx_word' id='word_1_42' title='bbox 769 702 835 755; x_wconf 86' lang='grc' dir='ltr'>ἐκ</span> <span class='ocrx_word' id='word_1_43' title='bbox 864 700 973 754; x_wconf 91' lang='grc' dir='ltr'>τῶν</span> <span class='ocrx_word' id='word_1_44' title='bbox 1001 701 1180 754; x_wconf 83' lang='grc' dir='ltr'>ἐκεῖσε</span> <span class='ocrx_word' id='word_1_45' title='bbox 1208 701 1442 755; x_wconf 89' lang='grc' dir='ltr'>ἐνταῦθα</span> <span class='ocrx_word' id='word_1_46' title='bbox 1464 702 1816 775; x_wconf 89' lang='grc' dir='ltr'>διαπεράσαι,</span> <span class='ocrx_word' id='word_1_47' title='bbox 1839 704 1992 775; x_wconf 88' lang='grc' dir='ltr'>δέχου</span> 
     </span>
    </p>
   </div>
   <div class='ocr_carea' id='block_1_7' title="bbox 324 787 1995 863">
    <p class='ocr_par' dir='ltr' id='par_1_7' title="bbox 324 787 1995 863">
     <span class='ocr_line' id='line_1_7' title="bbox 324 787 1995 863; baseline 0.004 -24"><span class='ocrx_word' id='word_1_48' title='bbox 324 788 416 840; x_wconf 70' lang='grc' dir='ltr'>καὶ</span> <span class='ocrx_word' id='word_1_49' title='bbox 456 789 555 859; x_wconf 86' lang='grc' dir='ltr'>τὴν</span> <span class='ocrx_word' id='word_1_50' title='bbox 590 787 684 841; x_wconf 88' lang='grc' dir='ltr'>τοῦ</span> <span class='ocrx_word' id='word_1_51' title='bbox 719 788 981 858; x_wconf 82' lang='grc' dir='ltr'>στοιχείου</span> <span class='ocrx_word' id='word_1_52' title='bbox 1009 787 1349 860; x_wconf 72' lang='grc' dir='ltr'>προσθήκην,</span> <span class='ocrx_word' id='word_1_53' title='bbox 1392 790 1481 843; x_wconf 83' lang='grc' dir='ltr'>ἵνα</span> <span class='ocrx_word' id='word_1_54' title='bbox 1521 790 1699 863; x_wconf 84' lang='grc' dir='ltr'>μάθῃς</span> <span class='ocrx_word' id='word_1_55' title='bbox 1731 793 1813 845; x_wconf 87' lang='grc' dir='ltr'>ὃτι</span> <span class='ocrx_word' id='word_1_56' title='bbox 1838 792 1995 846; x_wconf 81' lang='grc' dir='ltr'>τοῦτό</span> 
     </span>
    </p>
   </div>
   <div class='ocr_carea' id='block_1_8' title="bbox 323 874 1996 950">
    <p class='ocr_par' dir='ltr' id='par_1_8' title="bbox 323 874 1996 950">
     <span class='ocr_line' id='line_1_8' title="bbox 323 874 1996 950; baseline 0.004 -25"><span class='ocrx_word' id='word_1_57' title='bbox 323 890 402 926; x_wconf 91' lang='grc' dir='ltr'>σοι</span> <span class='ocrx_word' id='word_1_58' title='bbox 443 874 658 944; x_wconf 80' lang='grc' dir='ltr'>μηνύει,</span> <span class='ocrx_word' id='word_1_59' title='bbox 687 875 769 927; x_wconf 83' lang='grc' dir='ltr'>ὅτι</span> <span class='ocrx_word' id='word_1_60' title='bbox 802 874 1011 928; x_wconf 83' lang='grc' dir='ltr'>πολλῶν</span> <span class='ocrx_word' id='word_1_61' title='bbox 1055 875 1222 928; x_wconf 86' lang='grc' dir='ltr'>ἐθνῶν</span> <span class='ocrx_word' id='word_1_62' title='bbox 1257 874 1354 946; x_wconf 77' lang='grc' dir='ltr'>ἔσῃ</span> <span class='ocrx_word' id='word_1_63' title='bbox 1383 878 1586 949; x_wconf 87' lang='grc' dir='ltr'>πατήρ.</span> <span class='ocrx_word' id='word_1_64' title='bbox 1619 879 1730 932; x_wconf 70' lang='grc' dir='ltr'>Καὶ</span> <span class='ocrx_word' id='word_1_65' title='bbox 1757 879 1860 950; x_wconf 85' lang='grc' dir='ltr'>ὅρα</span> <span class='ocrx_word' id='word_1_66' title='bbox 1896 880 1996 950; x_wconf 87' lang='grc' dir='ltr'>τὴν</span> 
     </span>
    </p>
   </div>
   <div class='ocr_carea' id='block_1_9' title="bbox 321 957 1993 1034">
    <p class='ocr_par' dir='ltr' id='par_1_9' title="bbox 321 957 1993 1034">
     <span class='ocr_line' id='line_1_9' title="bbox 321 957 1993 1034; baseline 0.004 -21"><span class='ocrx_word' id='word_1_67' title='bbox 321 962 606 1034; x_wconf 76' lang='grc' dir='ltr'>ἀκρίϐειαν</span> <span class='ocrx_word' id='word_1_68' title='bbox 633 961 740 1013; x_wconf 92' lang='grc' dir='ltr'>τῶν</span> <span class='ocrx_word' id='word_1_69' title='bbox 770 961 1050 1032; x_wconf 79' lang='grc' dir='ltr'>ῥημάτων.</span> <span class='ocrx_word' id='word_1_70' title='bbox 1084 963 1199 1014; x_wconf 84' lang='grc' dir='ltr'>Οὐκ</span> <span class='ocrx_word' id='word_1_71' title='bbox 1233 957 1372 1028; x_wconf 76' lang='grc' dir='ltr'>εἶπε,</span> <span class='ocrx_word' id='word_1_72' title='bbox 1405 965 1628 1019; x_wconf 82' lang='grc' dir='ltr'>Πάντων</span> <span class='ocrx_word' id='word_1_73' title='bbox 1656 965 1764 1020; x_wconf 89' lang='grc' dir='ltr'>τῶν</span> <span class='ocrx_word' id='word_1_74' title='bbox 1799 965 1993 1032; x_wconf 78' lang='grc' dir='ltr'>ἐθνῶν,</span> 
     </span>
    </p>
   </div>
   <div class='ocr_carea' id='block_1_10' title="bbox 320 1046 1990 1124">
    <p class='ocr_par' dir='ltr' id='par_1_10' title="bbox 320 1046 1990 1124">
     <span class='ocr_line' id='line_1_10' title="bbox 320 1046 1990 1124; baseline 0.004 -24"><span class='ocrx_word' id='word_1_75' title='bbox 320 1047 478 1113; x_wconf 80' lang='grc' dir='ltr'>ἀλλά,</span> <span class='ocrx_word' id='word_1_76' title='bbox 512 1049 764 1102; x_wconf 82' lang='grc' dir='ltr'>Πολλῶν</span> <span class='ocrx_word' id='word_1_77' title='bbox 786 1047 995 1102; x_wconf 81' lang='grc' dir='ltr'>ἐθνῶν.</span> <span class='ocrx_word' id='word_1_78' title='bbox 1039 1049 1255 1120; x_wconf 77' lang='grc' dir='ltr'>Ἐπειδὴ</span> <span class='ocrx_word' id='word_1_79' title='bbox 1282 1051 1391 1122; x_wconf 88' lang='grc' dir='ltr'>γάρ</span> <span class='ocrx_word' id='word_1_80' title='bbox 1419 1046 1488 1122; x_wconf 80' lang='grc' dir='ltr'>ἦν</span> <span class='ocrx_word' id='word_1_81' title='bbox 1518 1052 1644 1123; x_wconf 78' lang='grc' dir='ltr'>ἔθνη</span> <span class='ocrx_word' id='word_1_82' title='bbox 1680 1052 1774 1105; x_wconf 61' lang='grc' dir='ltr'>καλ⁵</span> <span class='ocrx_word' id='word_1_83' title='bbox 1807 1053 1990 1124; x_wconf 72' lang='grc' dir='ltr'>ἕτερα,</span> 
     </span>
    </p>
   </div>
   <div class='ocr_carea' id='block_1_11' title="bbox 321 1137 1992 1214">
    <p class='ocr_par' dir='ltr' id='par_1_11' title="bbox 321 1137 1992 1214">
     <span class='ocr_line' id='line_1_11' title="bbox 321 1137 1992 1214; baseline 0.004 -26"><span class='ocrx_word' id='word_1_84' title='bbox 321 1138 464 1207; x_wconf 82' lang='grc' dir='ltr'>ἇπερ</span> <span class='ocrx_word' id='word_1_85' title='bbox 498 1137 722 1207; x_wconf 74' lang='grc' dir='ltr'>ἔμελλεν</span> <span class='ocrx_word' id='word_1_86' title='bbox 753 1137 961 1190; x_wconf 83' lang='grc' dir='ltr'>ἐκεῖθεν</span> <span class='ocrx_word' id='word_1_87' title='bbox 984 1137 1264 1204; x_wconf 83' lang='grc' dir='ltr'>ἐξεῶσθαι,</span> <span class='ocrx_word' id='word_1_88' title='bbox 1291 1140 1376 1192; x_wconf 82' lang='grc' dir='ltr'>ἵνα</span> <span class='ocrx_word' id='word_1_89' title='bbox 1395 1140 1488 1193; x_wconf 88' lang='grc' dir='ltr'>τοῦ</span> <span class='ocrx_word' id='word_1_90' title='bbox 1513 1141 1719 1194; x_wconf 81' lang='grc' dir='ltr'>δικαίου</span> <span class='ocrx_word' id='word_1_91' title='bbox 1739 1142 1800 1194; x_wconf 87' lang='grc' dir='ltr'>τὸ</span> <span class='ocrx_word' id='word_1_92' title='bbox 1822 1142 1992 1214; x_wconf 85' lang='grc' dir='ltr'>σπέρ-</span> 
     </span>
    </p>
   </div>
   <div class='ocr_carea' id='block_1_12' title="bbox 322 1224 1995 1299">
    <p class='ocr_par' dir='ltr' id='par_1_12' title="bbox 322 1224 1995 1299">
     <span class='ocr_line' id='line_1_12' title="bbox 322 1224 1995 1299; baseline 0.003 -23"><span class='ocrx_word' id='word_1_93' title='bbox 322 1241 397 1294; x_wconf 90' lang='grc' dir='ltr'>μα</span> <span class='ocrx_word' id='word_1_94' title='bbox 437 1224 654 1294; x_wconf 83' lang='grc' dir='ltr'>δέξηται</span> <span class='ocrx_word' id='word_1_95' title='bbox 698 1225 794 1296; x_wconf 84' lang='grc' dir='ltr'>τὴν</span> <span class='ocrx_word' id='word_1_96' title='bbox 840 1224 1222 1296; x_wconf 80' lang='grc' dir='ltr'>κληρονομίαν,</span> <span class='ocrx_word' id='word_1_97' title='bbox 1255 1226 1343 1279; x_wconf 85' lang='grc' dir='ltr'>διὰ</span> <span class='ocrx_word' id='word_1_98' title='bbox 1383 1227 1542 1280; x_wconf 84' lang='grc' dir='ltr'>τοῦτό</span> <span class='ocrx_word' id='word_1_99' title='bbox 1578 1243 1732 1299; x_wconf 84' lang='grc' dir='ltr'>φησι·</span> <span class='ocrx_word' id='word_1_100' title='bbox 1763 1227 1995 1296; x_wconf 72' lang='grc' dir='ltr'>Πατέρα</span> 
     </span>
    </p>
   </div>
   <div class='ocr_carea' id='block_1_13' title="bbox 321 1309 1995 1387">
    <p class='ocr_par' dir='ltr' id='par_1_13' title="bbox 321 1309 1995 1387">
     <span class='ocr_line' id='line_1_13' title="bbox 321 1309 1995 1387; baseline 0.005 -25"><span class='ocrx_word' id='word_1_101' title='bbox 321 1315 449 1364; x_wconf 83' lang='grc' dir='ltr'>,πολ</span> <span class='ocrx_word' id='word_1_102' title='bbox 461 1311 568 1364; x_wconf 78' lang='grc' dir='ltr'>ίῶν</span> <span class='ocrx_word' id='word_1_103' title='bbox 602 1309 794 1366; x_wconf 81' lang='grc' dir='ltr'>ἐθνῶν</span> <span class='ocrx_word' id='word_1_104' title='bbox 833 1312 1070 1366; x_wconf 83' lang='grc' dir='ltr'>τέθεικά</span> <span class='ocrx_word' id='word_1_105' title='bbox 1109 1328 1204 1368; x_wconf 85' lang='grc' dir='ltr'>σε.</span> <span class='ocrx_word' id='word_1_106' title='bbox 1238 1313 1409 1378; x_wconf 86' lang='grc' dir='ltr'>Είδὼς</span> <span class='ocrx_word' id='word_1_107' title='bbox 1442 1331 1535 1367; x_wconf 90' lang='grc' dir='ltr'>σου</span> <span class='ocrx_word' id='word_1_108' title='bbox 1574 1315 1672 1386; x_wconf 84' lang='grc' dir='ltr'>τῆς</span> <span class='ocrx_word' id='word_1_109' title='bbox 1708 1316 1909 1387; x_wconf 80' lang='grc' dir='ltr'>ἀρετῆς</span> <span class='ocrx_word' id='word_1_110' title='bbox 1934 1316 1995 1370; x_wconf 82' lang='grc' dir='ltr'>τὸ</span> 
     </span>
    </p>
   </div>
   <div class='ocr_carea' id='block_1_14' title="bbox 317 1397 1993 1472">
    <p class='ocr_par' dir='ltr' id='par_1_14' title="bbox 317 1397 1993 1472">
     <span class='ocr_line' id='line_1_14' title="bbox 317 1397 1993 1472; baseline 0.005 -23"><span class='ocrx_word' id='word_1_111' title='bbox 317 1397 573 1467; x_wconf 82' lang='grc' dir='ltr'>μέγεθος,</span> <span class='ocrx_word' id='word_1_112' title='bbox 603 1397 814 1451; x_wconf 86' lang='grc' dir='ltr'>πολλῶν</span> <span class='ocrx_word' id='word_1_113' title='bbox 837 1398 1006 1452; x_wconf 88' lang='grc' dir='ltr'>ἐθνῶν</span> <span class='ocrx_word' id='word_1_114' title='bbox 1028 1398 1349 1454; x_wconf 89' lang='grc' dir='ltr'>διδάσκαλόν</span> <span class='ocrx_word' id='word_1_115' title='bbox 1379 1418 1439 1454; x_wconf 89' lang='grc' dir='ltr'>σε</span> <span class='ocrx_word' id='word_1_116' title='bbox 1460 1403 1866 1472; x_wconf 83' lang='grc' dir='ltr'>ἀπεργάσομαι,</span> <span class='ocrx_word' id='word_1_117' title='bbox 1894 1403 1993 1457; x_wconf 76' lang='grc' dir='ltr'>καὶ</span> 
     </span>
    </p>
   </div>
   <div class='ocr_carea' id='block_1_15' title="bbox 318 1484 1993 1558">
    <p class='ocr_par' dir='ltr' id='par_1_15' title="bbox 318 1484 1993 1558">
     <span class='ocr_line' id='line_1_15' title="bbox 318 1484 1993 1558; baseline 0.005 -23"><span class='ocrx_word' id='word_1_118' title='bbox 318 1484 565 1548; x_wconf 78' lang='grc' dir='ltr'>ιιύξανῶ</span> <span class='ocrx_word' id='word_1_119' title='bbox 594 1499 669 1538; x_wconf 89' lang='grc' dir='ltr'>σε</span> <span class='ocrx_word' id='word_1_120' title='bbox 709 1485 808 1539; x_wconf 80' lang='grc' dir='ltr'>καί</span> <span class='ocrx_word' id='word_1_121' title='bbox 861 1485 1150 1554; x_wconf 79' lang='grc' dir='ltr'>πληθυνῶ</span> <span class='ocrx_word' id='word_1_122' title='bbox 1197 1502 1272 1540; x_wconf 85' lang='grc' dir='ltr'>σε</span> <span class='ocrx_word' id='word_1_123' title='bbox 1313 1488 1569 1557; x_wconf 71' lang='grc' dir='ltr'>σφόδρα,</span> <span class='ocrx_word' id='word_1_124' title='bbox 1605 1489 1861 1558; x_wconf 68' lang='grc' dir='ltr'>σφόδρα·</span> <span class='ocrx_word' id='word_1_125' title='bbox 1892 1490 1993 1544; x_wconf 75' lang='grc' dir='ltr'>καί</span> 
     </span>
    </p>
   </div>
   <div class='ocr_carea' id='block_1_16' title="bbox 319 1571 1995 1641">
    <p class='ocr_par' dir='ltr' id='par_1_16' title="bbox 319 1571 1995 1641">
     <span class='ocr_line' id='line_1_16' title="bbox 319 1571 1995 1641; baseline 0.004 -17"><span class='ocrx_word' id='word_1_126' title='bbox 319 1571 488 1639; x_wconf 79' lang='grc' dir='ltr'>θήσω</span> <span class='ocrx_word' id='word_1_127' title='bbox 520 1587 596 1625; x_wconf 81' lang='grc' dir='ltr'>σε</span> <span class='ocrx_word' id='word_1_128' title='bbox 622 1575 708 1637; x_wconf 80' lang='grc' dir='ltr'>εις</span> <span class='ocrx_word' id='word_1_129' title='bbox 733 1574 897 1640; x_wconf 79' lang='grc' dir='ltr'>ἔθνη,</span> <span class='ocrx_word' id='word_1_130' title='bbox 939 1573 1037 1626; x_wconf 80' lang='grc' dir='ltr'>καὶ</span> <span class='ocrx_word' id='word_1_131' title='bbox 1065 1574 1344 1641; x_wconf 75' lang='grc' dir='ltr'>βασιλεῖς</span> <span class='ocrx_word' id='word_1_132' title='bbox 1386 1577 1454 1629; x_wconf 81' lang='grc' dir='ltr'>ἐκ</span> <span class='ocrx_word' id='word_1_133' title='bbox 1482 1577 1601 1631; x_wconf 85' lang='grc' dir='ltr'>σοῦ</span> <span class='ocrx_word' id='word_1_134' title='bbox 1636 1577 1995 1641; x_wconf 79' lang='grc' dir='ltr'>ἐξελεύσον-</span> 
     </span>
    </p>
   </div>
   <div class='ocr_carea' id='block_1_17' title="bbox 313 1658 1989 1735">
    <p class='ocr_par' dir='ltr' id='par_1_17' title="bbox 313 1658 1989 1735">
     <span class='ocr_line' id='line_1_17' title="bbox 313 1658 1989 1735; baseline 0.005 -24"><span class='ocrx_word' id='word_1_135' title='bbox 313 1675 432 1712; x_wconf 73' lang='grc' dir='ltr'>ται.</span> <span class='ocrx_word' id='word_1_136' title='bbox 465 1658 550 1731; x_wconf 82' lang='grc' dir='ltr'>Μὴ</span> <span class='ocrx_word' id='word_1_137' title='bbox 575 1659 762 1723; x_wconf 79' lang='grc' dir='ltr'>ἁπλῶς</span> <span class='ocrx_word' id='word_1_138' title='bbox 789 1660 1258 1732; x_wconf 87' lang='grc' dir='ltr'>παραδράμωμεν,</span> <span class='ocrx_word' id='word_1_139' title='bbox 1289 1664 1581 1732; x_wconf 74' lang='grc' dir='ltr'>ἀγαπητοὶ,</span> <span class='ocrx_word' id='word_1_140' title='bbox 1611 1665 1679 1716; x_wconf 70' lang='grc' dir='ltr'>τὰ</span> <span class='ocrx_word' id='word_1_141' title='bbox 1701 1663 1989 1735; x_wconf 74' lang='grc' dir='ltr'>εἰρημένα.</span> 
     </span>
    </p>
   </div>
   <div class='ocr_carea' id='block_1_18' title="bbox 322 1746 1994 1824">
    <p class='ocr_par' dir='ltr' id='par_1_18' title="bbox 322 1746 1994 1824">
     <span class='ocr_line' id='line_1_18' title="bbox 322 1746 1994 1824; baseline 0.005 -25"><span class='ocrx_word' id='word_1_142' title='bbox 322 1746 419 1800; x_wconf 78' lang='grc' dir='ltr'>Ἂν</span> <span class='ocrx_word' id='word_1_143' title='bbox 447 1748 555 1818; x_wconf 90' lang='grc' dir='ltr'>γάρ</span> <span class='ocrx_word' id='word_1_144' title='bbox 597 1749 938 1820; x_wconf 78' lang='grc' dir='ltr'>ἐννοήσωμεν</span> <span class='ocrx_word' id='word_1_145' title='bbox 971 1747 1065 1802; x_wconf 91' lang='grc' dir='ltr'>τοῦ</span> <span class='ocrx_word' id='word_1_146' title='bbox 1106 1751 1444 1822; x_wconf 73' lang='grc' dir='ltr'>πατριάρχου</span> <span class='ocrx_word' id='word_1_147' title='bbox 1488 1753 1587 1822; x_wconf 82' lang='grc' dir='ltr'>τὴν</span> <span class='ocrx_word' id='word_1_148' title='bbox 1629 1753 1865 1824; x_wconf 69' lang='grc' dir='ltr'>ἠλικίαν,</span> <span class='ocrx_word' id='word_1_149' title='bbox 1897 1754 1994 1808; x_wconf 79' lang='grc' dir='ltr'>καὶ</span> 
     </span>
    </p>
   </div>
   <div class='ocr_carea' id='block_1_19' title="bbox 314 1835 1992 1912">
    <p class='ocr_par' dir='ltr' id='par_1_19' title="bbox 314 1835 1992 1912">
     <span class='ocr_line' id='line_1_19' title="bbox 314 1835 1992 1912; baseline 0.004 -24"><span class='ocrx_word' id='word_1_150' title='bbox 314 1835 399 1888; x_wconf 80' lang='grc' dir='ltr'>ὅτι</span> <span class='ocrx_word' id='word_1_151' title='bbox 426 1837 484 1888; x_wconf 66' lang='grc' dir='ltr'>ἐν</span> <span class='ocrx_word' id='word_1_152' title='bbox 505 1836 718 1906; x_wconf 81' lang='grc' dir='ltr'>ἐσχάτῳ</span> <span class='ocrx_word' id='word_1_153' title='bbox 743 1839 888 1908; x_wconf 72' lang='grc' dir='ltr'>γήρᾳ</span> <span class='ocrx_word' id='word_1_154' title='bbox 917 1836 1091 1891; x_wconf 89' lang='grc' dir='ltr'>ταῦτα</span> <span class='ocrx_word' id='word_1_155' title='bbox 1125 1839 1379 1908; x_wconf 71' lang='grc' dir='ltr'>ἤκουσεν,</span> <span class='ocrx_word' id='word_1_156' title='bbox 1408 1840 1864 1911; x_wconf 81' lang='grc' dir='ltr'>ἐκπλαγησόμεθα</span> <span class='ocrx_word' id='word_1_157' title='bbox 1892 1842 1992 1912; x_wconf 76' lang='grc' dir='ltr'>τήν</span> 
     </span>
    </p>
   </div>
   <div class='ocr_carea' id='block_1_20' title="bbox 317 1925 1994 2001">
    <p class='ocr_par' dir='ltr' id='par_1_20' title="bbox 317 1925 1994 2001">
     <span class='ocr_line' id='line_1_20' title="bbox 317 1925 1994 2001; baseline 0.005 -27"><span class='ocrx_word' id='word_1_158' title='bbox 317 1941 376 1976; x_wconf 79' lang='grc' dir='ltr'>τε</span> <span class='ocrx_word' id='word_1_159' title='bbox 401 1925 496 1978; x_wconf 86' lang='grc' dir='ltr'>τοῦ</span> <span class='ocrx_word' id='word_1_160' title='bbox 524 1926 735 1979; x_wconf 78' lang='grc' dir='ltr'>δικαίου</span> <span class='ocrx_word' id='word_1_161' title='bbox 771 1927 976 1992; x_wconf 89' lang='grc' dir='ltr'>πίστιν,</span> <span class='ocrx_word' id='word_1_162' title='bbox 1015 1928 1108 1981; x_wconf 75' lang='grc' dir='ltr'>καὶ</span> <span class='ocrx_word' id='word_1_163' title='bbox 1139 1928 1520 1999; x_wconf 77' lang='grc' dir='ltr'>φιλανθρώπου</span> <span class='ocrx_word' id='word_1_164' title='bbox 1549 1929 1684 1983; x_wconf 88' lang='grc' dir='ltr'>Θεοῦ</span> <span class='ocrx_word' id='word_1_165' title='bbox 1704 1930 1804 2001; x_wconf 81' lang='grc' dir='ltr'>τὴν</span> <span class='ocrx_word' id='word_1_166' title='bbox 1826 1931 1994 2001; x_wconf 75' lang='grc' dir='ltr'>ίιπερ⁴⁵</span> 
     </span>
    </p>
   </div>
   <div class='ocr_carea' id='block_1_21' title="bbox 319 2011 1990 2088">
    <p class='ocr_par' dir='ltr' id='par_1_21' title="bbox 319 2011 1990 2088">
     <span class='ocr_line' id='line_1_21' title="bbox 319 2011 1990 2088; baseline 0.005 -27"><span class='ocrx_word' id='word_1_167' title='bbox 319 2011 620 2064; x_wconf 74' lang='grc' dir='ltr'>ϐάλλουσαν</span> <span class='ocrx_word' id='word_1_168' title='bbox 656 2013 906 2083; x_wconf 89' lang='grc' dir='ltr'>δύναμιν,</span> <span class='ocrx_word' id='word_1_169' title='bbox 943 2014 1024 2067; x_wconf 78' lang='grc' dir='ltr'>ὅτι</span> <span class='ocrx_word' id='word_1_170' title='bbox 1057 2015 1118 2078; x_wconf 78' lang='grc' dir='ltr'>ἐξ</span> <span class='ocrx_word' id='word_1_171' title='bbox 1153 2015 1442 2086; x_wconf 87' lang='grc' dir='ltr'>ἀνθρώπου</span> <span class='ocrx_word' id='word_1_172' title='bbox 1476 2016 1661 2070; x_wconf 81' lang='grc' dir='ltr'>λοιπὸν</span> <span class='ocrx_word' id='word_1_173' title='bbox 1688 2016 1990 2088; x_wconf 87' lang='grc' dir='ltr'>νεκρωθέν-</span> 
     </span>
    </p>
   </div>
   <div class='ocr_carea' id='block_1_22' title="bbox 315 2098 1990 2174">
    <p class='ocr_par' dir='ltr' id='par_1_22' title="bbox 315 2098 1990 2174">
     <span class='ocr_line' id='line_1_22' title="bbox 315 2098 1990 2174; baseline 0.005 -27"><span class='ocrx_word' id='word_1_174' title='bbox 315 2113 429 2161; x_wconf 86' lang='grc' dir='ltr'>τος,</span> <span class='ocrx_word' id='word_1_175' title='bbox 478 2098 556 2161; x_wconf 85' lang='grc' dir='ltr'>ὡς</span> <span class='ocrx_word' id='word_1_176' title='bbox 586 2101 792 2161; x_wconf 79' lang='grc' dir='ltr'>είπείν,</span> <span class='ocrx_word' id='word_1_177' title='bbox 831 2101 924 2153; x_wconf 75' lang='grc' dir='ltr'>καὶ</span> <span class='ocrx_word' id='word_1_178' title='bbox 967 2102 1036 2154; x_wconf 79' lang='grc' dir='ltr'>τά</span> <span class='ocrx_word' id='word_1_179' title='bbox 1087 2102 1225 2172; x_wconf 84' lang='grc' dir='ltr'>μέλη</span> <span class='ocrx_word' id='word_1_180' title='bbox 1265 2101 1679 2174; x_wconf 79' lang='grc' dir='ltr'>διαλελυμένον,</span> <span class='ocrx_word' id='word_1_181' title='bbox 1729 2106 1823 2158; x_wconf 84' lang='grc' dir='ltr'>καὶ</span> <span class='ocrx_word' id='word_1_182' title='bbox 1869 2103 1990 2158; x_wconf 80' lang='grc' dir='ltr'>καθ’</span> 
     </span>
    </p>
   </div>
   <div class='ocr_carea' id='block_1_23' title="bbox 317 2185 1990 2261">
    <p class='ocr_par' dir='ltr' id='par_1_23' title="bbox 317 2185 1990 2261">
     <span class='ocr_line' id='line_1_23' title="bbox 317 2185 1990 2261; baseline 0.005 -25"><span class='ocrx_word' id='word_1_183' title='bbox 317 2185 599 2257; x_wconf 79' lang='grc' dir='ltr'>ἑκάστηνῄ</span> <span class='ocrx_word' id='word_1_184' title='bbox 608 2187 781 2257; x_wconf 90' lang='grc' dir='ltr'>μέραν</span> <span class='ocrx_word' id='word_1_185' title='bbox 799 2189 900 2259; x_wconf 76' lang='grc' dir='ltr'>τὴν</span> <span class='ocrx_word' id='word_1_186' title='bbox 916 2189 1169 2259; x_wconf 83' lang='grc' dir='ltr'>τελευτὴν</span> <span class='ocrx_word' id='word_1_187' title='bbox 1184 2189 1610 2261; x_wconf 75' lang='grc' dir='ltr'>φανταζομένου,</span> <span class='ocrx_word' id='word_1_188' title='bbox 1634 2192 1727 2245; x_wconf 75' lang='grc' dir='ltr'>ἐπὶ</span> <span class='ocrx_word' id='word_1_189' title='bbox 1739 2191 1990 2245; x_wconf 87' lang='grc' dir='ltr'>τοσοῦτον</span> 
     </span>
    </p>
   </div>
   <div class='ocr_carea' id='block_1_24' title="bbox 315 2272 1991 2350">
    <p class='ocr_par' dir='ltr' id='par_1_24' title="bbox 315 2272 1991 2350">
     <span class='ocr_line' id='line_1_24' title="bbox 315 2272 1991 2350; baseline 0.004 -26"><span class='ocrx_word' id='word_1_190' title='bbox 315 2272 644 2338; x_wconf 82' lang='grc' dir='ltr'>αὐξάνεσθαι</span> <span class='ocrx_word' id='word_1_191' title='bbox 667 2275 729 2327; x_wconf 81' lang='grc' dir='ltr'>τὸ</span> <span class='ocrx_word' id='word_1_192' title='bbox 768 2276 988 2346; x_wconf 84' lang='grc' dir='ltr'>σπέρμα</span> <span class='ocrx_word' id='word_1_193' title='bbox 1015 2278 1306 2346; x_wconf 84' lang='grc' dir='ltr'>ἐσήμανεν,</span> <span class='ocrx_word' id='word_1_194' title='bbox 1328 2278 1406 2342; x_wconf 85' lang='grc' dir='ltr'>ὡς</span> <span class='ocrx_word' id='word_1_195' title='bbox 1438 2280 1532 2333; x_wconf 77' lang='grc' dir='ltr'>καὶ</span> <span class='ocrx_word' id='word_1_196' title='bbox 1569 2281 1650 2344; x_wconf 90' lang='grc' dir='ltr'>είς</span> <span class='ocrx_word' id='word_1_197' title='bbox 1675 2280 1802 2350; x_wconf 71' lang='grc' dir='ltr'>ἔθνη</span> <span class='ocrx_word' id='word_1_198' title='bbox 1823 2278 1991 2332; x_wconf 89' lang='grc' dir='ltr'>πολλά</span> 
     </span>
    </p>
   </div>
   <div class='ocr_carea' id='block_1_25' title="bbox 321 2359 1988 2433">
    <p class='ocr_par' dir='ltr' id='par_1_25' title="bbox 321 2359 1988 2433">
     <span class='ocr_line' id='line_1_25' title="bbox 321 2359 1988 2433; baseline 0.004 -23"><span class='ocrx_word' id='word_1_199' title='bbox 321 2359 665 2430; x_wconf 81' lang='grc' dir='ltr'>γενήσεσθαι·</span> <span class='ocrx_word' id='word_1_200' title='bbox 709 2361 804 2414; x_wconf 78' lang='grc' dir='ltr'>καὶ</span> <span class='ocrx_word' id='word_1_201' title='bbox 831 2361 899 2414; x_wconf 80' lang='grc' dir='ltr'>ού</span> <span class='ocrx_word' id='word_1_202' title='bbox 946 2361 1105 2415; x_wconf 90' lang='grc' dir='ltr'>τοῦτο</span> <span class='ocrx_word' id='word_1_203' title='bbox 1139 2363 1320 2433; x_wconf 84' lang='grc' dir='ltr'>μόνον,</span> <span class='ocrx_word' id='word_1_204' title='bbox 1358 2364 1494 2418; x_wconf 80' lang='grc' dir='ltr'>ἀλλὰ</span> <span class='ocrx_word' id='word_1_205' title='bbox 1535 2367 1640 2419; x_wconf 83' lang='grc' dir='ltr'>Καὶ</span> <span class='ocrx_word' id='word_1_206' title='bbox 1671 2365 1988 2430; x_wconf 74' lang='grc' dir='ltr'>βασιλεῖς,</span> 
     </span>
    </p>
   </div>
   <div class='ocr_carea' id='block_1_26' title="bbox 316 2446 1992 2527">
    <p class='ocr_par' dir='ltr' id='par_1_26' title="bbox 316 2446 1992 2527">
     <span class='ocr_line' id='line_1_26' title="bbox 316 2446 1992 2527; baseline 0.009 -31"><span class='ocrx_word' id='word_1_207' title='bbox 316 2447 504 2516; x_wconf 76' lang='grc' dir='ltr'>φησὶν,</span> <span class='ocrx_word' id='word_1_208' title='bbox 551 2447 620 2499; x_wconf 84' lang='grc' dir='ltr'>ἐκ</span> <span class='ocrx_word' id='word_1_209' title='bbox 654 2446 773 2500; x_wconf 86' lang='grc' dir='ltr'>σοῦ</span> <span class='ocrx_word' id='word_1_210' title='bbox 816 2449 1261 2511; x_wconf 75' lang='grc' dir='ltr'>ἐξελεύσονται.</span> <span class='ocrx_word' id='word_1_211' title='bbox 1299 2447 1450 2514; x_wconf 82' lang='grc' dir='ltr'>Εἶδες</span> <span class='ocrx_word' id='word_1_212' title='bbox 1481 2453 1728 2506; x_wconf 75' lang='grc' dir='ltr'>ἐπίτασιν</span> <span class='ocrx_word' id='word_1_213' title='bbox 1761 2457 1992 2527; x_wconf 81' lang='grc' dir='ltr'>ἐπαγγε-</span> 
     </span>
    </p>
   </div>
   <div class='ocr_carea' id='block_1_27' title="bbox 315 2533 1989 2610">
    <p class='ocr_par' dir='ltr' id='par_1_27' title="bbox 315 2533 1989 2610">
     <span class='ocr_line' id='line_1_27' title="bbox 315 2533 1989 2610; baseline 0.008 -26"><span class='ocrx_word' id='word_1_214' title='bbox 315 2533 434 2594; x_wconf 91' lang='grc' dir='ltr'>λίας</span> <span class='ocrx_word' id='word_1_215' title='bbox 450 2549 464 2597; x_wconf 92' lang='lat'><strong>;</strong></span> <span class='ocrx_word' id='word_1_216' title='bbox 478 2533 732 2598; x_wconf 79' lang='grc' dir='ltr'>Αῠξανῶ</span> <span class='ocrx_word' id='word_1_217' title='bbox 742 2551 836 2597; x_wconf 89' lang='grc' dir='ltr'>σε,</span> <span class='ocrx_word' id='word_1_218' title='bbox 854 2537 1007 2605; x_wconf 76' lang='grc' dir='ltr'>φησι,</span> <span class='ocrx_word' id='word_1_219' title='bbox 1025 2536 1281 2604; x_wconf 68' lang='grc' dir='ltr'>σφόδρα,</span> <span class='ocrx_word' id='word_1_220' title='bbox 1293 2539 1549 2606; x_wconf 71' lang='grc' dir='ltr'>σφόδρα.</span> <span class='ocrx_word' id='word_1_221' title='bbox 1571 2541 1681 2610; x_wconf 79' lang='grc' dir='ltr'>Οὐχ</span> <span class='ocrx_word' id='word_1_222' title='bbox 1697 2542 1882 2606; x_wconf 84' lang='grc' dir='ltr'>ἁπλῶς</span> <span class='ocrx_word' id='word_1_223' title='bbox 1898 2545 1989 2598; x_wconf 77' lang='grc' dir='ltr'>τὸν</span> 
     </span>
    </p>
   </div>
   <div class='ocr_carea' id='block_1_28' title="bbox 314 2619 1990 2702">
    <p class='ocr_par' dir='ltr' id='par_1_28' title="bbox 314 2619 1990 2702">
     <span class='ocr_line' id='line_1_28' title="bbox 314 2619 1990 2702; baseline 0.006 -30"><span class='ocrx_word' id='word_1_224' title='bbox 314 2619 713 2692; x_wconf 83' lang='grc' dir='ltr'>διπλασιασμὸν</span> <span class='ocrx_word' id='word_1_225' title='bbox 739 2621 1188 2694; x_wconf 72' lang='grc' dir='ltr'>ἐπέθηκεν.[4001</span> <span class='ocrx_word' id='word_1_226' title='bbox 1207 2623 1320 2678; x_wconf 87' lang='grc' dir='ltr'>ἀλλ’</span> <span class='ocrx_word' id='word_1_227' title='bbox 1341 2626 1426 2678; x_wconf 83' lang='grc' dir='ltr'>ἵνα</span> <span class='ocrx_word' id='word_1_228' title='bbox 1457 2626 1679 2699; x_wconf 81' lang='grc' dir='ltr'>σημάνῃ</span> <span class='ocrx_word' id='word_1_229' title='bbox 1704 2629 1782 2700; x_wconf 77' lang='grc' dir='ltr'>τῷ</span> <span class='ocrx_word' id='word_1_230' title='bbox 1797 2629 1990 2702; x_wconf 83' lang='grc' dir='ltr'>δικαίῳ</span> 
     </span>
    </p>
   </div>
   <div class='ocr_carea' id='block_1_29' title="bbox 313 2707 1988 2788">
    <p class='ocr_par' dir='ltr' id='par_1_29' title="bbox 313 2707 1988 2788">
     <span class='ocr_line' id='line_1_29' title="bbox 313 2707 1988 2788; baseline 0.008 -29"><span class='ocrx_word' id='word_1_231' title='bbox 313 2707 409 2760; x_wconf 83' lang='grc' dir='ltr'>τοῦ</span> <span class='ocrx_word' id='word_1_232' title='bbox 447 2707 687 2778; x_wconf 77' lang='grc' dir='ltr'>πλήθους</span> <span class='ocrx_word' id='word_1_233' title='bbox 724 2707 822 2781; x_wconf 75' lang='grc' dir='ltr'>τὴν</span> <span class='ocrx_word' id='word_1_234' title='bbox 871 2709 1196 2782; x_wconf 78' lang='grc' dir='ltr'>ὑπερϐολήν.</span> <span class='ocrx_word' id='word_1_235' title='bbox 1237 2713 1456 2784; x_wconf 83' lang='grc' dir='ltr'>Ἐπειδὴ</span> <span class='ocrx_word' id='word_1_236' title='bbox 1489 2713 1597 2785; x_wconf 76' lang='grc' dir='ltr'>γὰρ</span> <span class='ocrx_word' id='word_1_237' title='bbox 1641 2715 1728 2768; x_wconf 71' lang='grc' dir='ltr'>διὰ</span> <span class='ocrx_word' id='word_1_238' title='bbox 1765 2716 1863 2788; x_wconf 81' lang='grc' dir='ltr'>τῆς</span> <span class='ocrx_word' id='word_1_239' title='bbox 1895 2719 1988 2772; x_wconf 88' lang='grc' dir='ltr'>τοῦ</span> 
     </span>
    </p>
   </div>
   <div class='ocr_carea' id='block_1_30' title="bbox 317 2796 1988 2875">
    <p class='ocr_par' dir='ltr' id='par_1_30' title="bbox 317 2796 1988 2875">
     <span class='ocr_line' id='line_1_30' title="bbox 317 2796 1988 2875; baseline 0.008 -28"><span class='ocrx_word' id='word_1_240' title='bbox 317 2796 584 2866; x_wconf 87' lang='grc' dir='ltr'>στοιχείου</span> <span class='ocrx_word' id='word_1_241' title='bbox 612 2797 950 2869; x_wconf 83' lang='grc' dir='ltr'>προσθήκης,</span> <span class='ocrx_word' id='word_1_242' title='bbox 984 2797 1234 2871; x_wconf 87' lang='grc' dir='ltr'>καθάπερ</span> <span class='ocrx_word' id='word_1_243' title='bbox 1259 2802 1317 2853; x_wconf 90' lang='grc' dir='ltr'>ἐν</span> <span class='ocrx_word' id='word_1_244' title='bbox 1345 2801 1516 2875; x_wconf 77' lang='grc' dir='ltr'>στήλῃ</span> <span class='ocrx_word' id='word_1_245' title='bbox 1544 2804 1648 2855; x_wconf 75' lang='grc' dir='ltr'>τινὶ</span> <span class='ocrx_word' id='word_1_246' title='bbox 1665 2842 1680 2866; x_wconf 93' lang='grc'>,</span> <span class='ocrx_word' id='word_1_247' title='bbox 1712 2804 1988 2872; x_wconf 79' lang='grc' dir='ltr'>ἀνεξάλει-</span> 
     </span>
    </p>
   </div>
   <div class='ocr_carea' id='block_1_31' title="bbox 315 2883 1985 2963">
    <p class='ocr_par' dir='ltr' id='par_1_31' title="bbox 315 2883 1985 2963">
     <span class='ocr_line' id='line_1_31' title="bbox 315 2883 1985 2963; baseline 0.007 -29"><span class='ocrx_word' id='word_1_248' title='bbox 315 2899 450 2936; x_wconf 90' lang='grc' dir='ltr'>πτον</span> <span class='ocrx_word' id='word_1_249' title='bbox 479 2883 627 2954; x_wconf 87' lang='grc' dir='ltr'>αύτῷ</span> <span class='ocrx_word' id='word_1_250' title='bbox 665 2884 763 2955; x_wconf 82' lang='grc' dir='ltr'>τῆς</span> <span class='ocrx_word' id='word_1_251' title='bbox 801 2885 1144 2955; x_wconf 85' lang='grc' dir='ltr'>ὑποσχέσεως</span> <span class='ocrx_word' id='word_1_252' title='bbox 1175 2887 1276 2958; x_wconf 78' lang='grc' dir='ltr'>τὴν</span> <span class='ocrx_word' id='word_1_253' title='bbox 1315 2888 1647 2957; x_wconf 76' lang='grc' dir='ltr'>ἐπαγγελίαν</span> <span class='ocrx_word' id='word_1_254' title='bbox 1686 2891 1985 2963; x_wconf 72' lang='grc' dir='ltr'>ἐπέγραψε,</span> 
     </span>
    </p>
   </div>
   <div class='ocr_carea' id='block_1_32' title="bbox 315 2971 1989 3048">
    <p class='ocr_par' dir='ltr' id='par_1_32' title="bbox 315 2971 1989 3048">
     <span class='ocr_line' id='line_1_32' title="bbox 315 2971 1989 3048; baseline 0.007 -26"><span class='ocrx_word' id='word_1_255' title='bbox 315 2971 480 3024; x_wconf 88' lang='grc' dir='ltr'>πάλιν</span> <span class='ocrx_word' id='word_1_256' title='bbox 512 2972 666 3042; x_wconf 86' lang='grc' dir='ltr'>φησί·</span> <span class='ocrx_word' id='word_1_257' title='bbox 703 2971 813 3025; x_wconf 83' lang='lat' dir='ltr'><strong><em>Kal</em></strong></span> <span class='ocrx_word' id='word_1_258' title='bbox 838 2972 1048 3040; x_wconf 80' lang='grc' dir='ltr'>στήσω</span> <span class='ocrx_word' id='word_1_259' title='bbox 1068 2973 1185 3041; x_wconf 84' lang='grc' dir='ltr'>τὴν</span> <span class='ocrx_word' id='word_1_260' title='bbox 1210 2973 1505 3044; x_wconf 74' lang='grc' dir='ltr'>διαθήκην</span> <span class='ocrx_word' id='word_1_261' title='bbox 1517 2995 1636 3046; x_wconf 80' lang='grc' dir='ltr'>μου</span> <span class='ocrx_word' id='word_1_262' title='bbox 1655 2977 1775 3033; x_wconf 81' lang='grc' dir='ltr'>ἀνὰ</span> <span class='ocrx_word' id='word_1_263' title='bbox 1793 2980 1989 3048; x_wconf 83' lang='grc' dir='ltr'>μέσον</span> 
     </span>
    </p>
   </div>
   <div class='ocr_carea' id='block_1_33' title="bbox 313 3057 1989 3136">
    <p class='ocr_par' dir='ltr' id='par_1_33' title="bbox 313 3057 1989 3136">
     <span class='ocr_line' id='line_1_33' title="bbox 313 3057 1989 3136; baseline 0.009 -28"><span class='ocrx_word' id='word_1_264' title='bbox 313 3057 451 3124; x_wconf 85' lang='grc' dir='ltr'>σοῦ,</span> <span class='ocrx_word' id='word_1_265' title='bbox 482 3058 583 3112; x_wconf 80' lang='grc' dir='ltr'>καί</span> <span class='ocrx_word' id='word_1_266' title='bbox 616 3059 731 3113; x_wconf 80' lang='grc' dir='ltr'>ἀνὰ</span> <span class='ocrx_word' id='word_1_267' title='bbox 752 3059 948 3129; x_wconf 75' lang='grc' dir='ltr'>μέσον</span> <span class='ocrx_word' id='word_1_268' title='bbox 968 3059 1075 3114; x_wconf 86' lang='grc' dir='ltr'>τοῦ</span> <span class='ocrx_word' id='word_1_269' title='bbox 1105 3061 1447 3131; x_wconf 83' lang='grc' dir='ltr'>σπέρματός</span> <span class='ocrx_word' id='word_1_270' title='bbox 1470 3079 1587 3119; x_wconf 88' lang='grc' dir='ltr'>σου</span> <span class='ocrx_word' id='word_1_271' title='bbox 1607 3066 1760 3134; x_wconf 75' lang='grc' dir='ltr'>μετὰ</span> <span class='ocrx_word' id='word_1_272' title='bbox 1792 3069 1873 3120; x_wconf 85' lang='grc' dir='ltr'>σὲ</span> <span class='ocrx_word' id='word_1_273' title='bbox 1901 3071 1989 3136; x_wconf 85' lang='grc' dir='ltr'>είς</span> 
     </span>
    </p>
   </div>
   <div class='ocr_carea' id='block_1_34' title="bbox 312 3146 1987 3217">
    <p class='ocr_par' dir='ltr' id='par_1_34' title="bbox 312 3146 1987 3217">
     <span class='ocr_line' id='line_1_34' title="bbox 312 3146 1987 3217; baseline 0.008 -18"><span class='ocrx_word' id='word_1_274' title='bbox 312 3146 414 3210; x_wconf 81' lang='grc' dir='ltr'>τὰς</span> <span class='ocrx_word' id='word_1_275' title='bbox 449 3147 657 3217; x_wconf 79' lang='grc' dir='ltr'>γενεὰς</span> <span class='ocrx_word' id='word_1_276' title='bbox 691 3147 912 3212; x_wconf 81' lang='grc' dir='ltr'>αὐτῶν,</span> <span class='ocrx_word' id='word_1_277' title='bbox 947 3151 1034 3214; x_wconf 77' lang='grc' dir='ltr'>εἰς</span> <span class='ocrx_word' id='word_1_278' title='bbox 1061 3147 1355 3217; x_wconf 74' lang='grc' dir='ltr'>διαθήκην</span> <span class='ocrx_word' id='word_1_279' title='bbox 1384 3151 1646 3214; x_wconf 80' lang='grc' dir='ltr'>αἰώνιον.</span> <span class='ocrx_word' id='word_1_280' title='bbox 1679 3149 1836 3210; x_wconf 84' lang='grc' dir='ltr'>εἷναί</span> <span class='ocrx_word' id='word_1_281' title='bbox 1866 3174 1987 3212; x_wconf 89' lang='grc' dir='ltr'>σου</span> 
     </span>
    </p>
   </div>
   <div class='ocr_carea' id='block_1_35' title="bbox 315 3234 1986 3316">
    <p class='ocr_par' dir='ltr' id='par_1_35' title="bbox 315 3234 1986 3316">
     <span class='ocr_line' id='line_1_35' title="bbox 315 3234 1986 3316; baseline 0.008 -31"><span class='ocrx_word' id='word_1_282' title='bbox 315 3234 481 3297; x_wconf 81' lang='grc' dir='ltr'>Θεός.</span> <span class='ocrx_word' id='word_1_283' title='bbox 517 3235 594 3287; x_wconf 83' lang='grc' dir='ltr'><strong>Οὐ</strong></span> <span class='ocrx_word' id='word_1_284' title='bbox 629 3234 788 3304; x_wconf 88' lang='grc' dir='ltr'>μόνον</span> <span class='ocrx_word' id='word_1_285' title='bbox 819 3237 948 3306; x_wconf 82' lang='grc' dir='ltr'>περὶ</span> <span class='ocrx_word' id='word_1_286' title='bbox 979 3235 1059 3298; x_wconf 87' lang='grc' dir='ltr'>σὲ,</span> <span class='ocrx_word' id='word_1_287' title='bbox 1093 3237 1248 3306; x_wconf 73' lang='grc' dir='ltr'>φησὶ,</span> <span class='ocrx_word' id='word_1_288' title='bbox 1281 3237 1481 3308; x_wconf 82' lang='grc' dir='ltr'>πολλὴν</span> <span class='ocrx_word' id='word_1_289' title='bbox 1516 3240 1852 3312; x_wconf 79' lang='grc' dir='ltr'>ἐπιδείξομαι</span> <span class='ocrx_word' id='word_1_290' title='bbox 1890 3243 1986 3316; x_wconf 75' lang='grc' dir='ltr'>τὴν</span> 
     </span>
    </p>
   </div>
   <div class='ocr_carea' id='block_1_36' title="bbox 313 3321 1988 3402">
    <p class='ocr_par' dir='ltr' id='par_1_36' title="bbox 313 3321 1988 3402">
     <span class='ocr_line' id='line_1_36' title="bbox 313 3321 1988 3402; baseline 0.007 -29"><span class='ocrx_word' id='word_1_291' title='bbox 313 3321 662 3392; x_wconf 82' lang='grc' dir='ltr'>κηδεμονίαν,</span> <span class='ocrx_word' id='word_1_292' title='bbox 701 3323 838 3376; x_wconf 86' lang='grc' dir='ltr'>ἀλλά</span> <span class='ocrx_word' id='word_1_293' title='bbox 875 3324 969 3377; x_wconf 77' lang='grc' dir='ltr'>καὶ</span> <span class='ocrx_word' id='word_1_294' title='bbox 1008 3326 1088 3387; x_wconf 85' lang='grc' dir='ltr'>είς</span> <span class='ocrx_word' id='word_1_295' title='bbox 1128 3325 1190 3377; x_wconf 85' lang='grc' dir='ltr'>τὸ</span> <span class='ocrx_word' id='word_1_296' title='bbox 1224 3325 1442 3397; x_wconf 89' lang='grc' dir='ltr'>σπέρμα</span> <span class='ocrx_word' id='word_1_297' title='bbox 1474 3328 1536 3379; x_wconf 87' lang='grc' dir='ltr'>τὸ</span> <span class='ocrx_word' id='word_1_298' title='bbox 1569 3327 1680 3393; x_wconf 71' lang='grc' dir='ltr'>σὺν,</span> <span class='ocrx_word' id='word_1_299' title='bbox 1726 3332 1819 3383; x_wconf 78' lang='grc' dir='ltr'>καὶ</span> <span class='ocrx_word' id='word_1_300' title='bbox 1842 3334 1988 3402; x_wconf 85' lang='grc' dir='ltr'>μετά</span> 
     </span>
    </p>
   </div>
   <div class='ocr_carea' id='block_1_37' title="bbox 313 3409 1987 3489">
    <p class='ocr_par' dir='ltr' id='par_1_37' title="bbox 313 3409 1987 3489">
     <span class='ocr_line' id='line_1_37' title="bbox 313 3409 1987 3489; baseline 0.008 -30"><span class='ocrx_word' id='word_1_301' title='bbox 313 3409 412 3480; x_wconf 81' lang='grc' dir='ltr'>τὴν</span> <span class='ocrx_word' id='word_1_302' title='bbox 457 3409 555 3480; x_wconf 79' lang='grc' dir='ltr'>σὴν</span> <span class='ocrx_word' id='word_1_303' title='bbox 587 3409 781 3473; x_wconf 79' lang='grc' dir='ltr'>ἔξοδον.</span> <span class='ocrx_word' id='word_1_304' title='bbox 814 3411 954 3481; x_wconf 81' lang='grc' dir='ltr'>Ὅρα</span> <span class='ocrx_word' id='word_1_305' title='bbox 1004 3410 1122 3474; x_wconf 88' lang='grc' dir='ltr'>πῶς</span> <span class='ocrx_word' id='word_1_306' title='bbox 1174 3413 1475 3468; x_wconf 82' lang='grc' dir='ltr'>ἀνακτᾶται</span> <span class='ocrx_word' id='word_1_307' title='bbox 1513 3415 1608 3468; x_wconf 87' lang='grc' dir='ltr'>τοῦ</span> <span class='ocrx_word' id='word_1_308' title='bbox 1647 3416 1856 3472; x_wconf 85' lang='grc' dir='ltr'>δικαίου</span> <span class='ocrx_word' id='word_1_309' title='bbox 1889 3420 1987 3489; x_wconf 73' lang='grc' dir='ltr'>τὴν</span> 
     </span>
    </p>
   </div>
   <div class='ocr_carea' id='block_1_38' title="bbox 308 3495 1986 3576">
    <p class='ocr_par' dir='ltr' id='par_1_38' title="bbox 308 3495 1986 3576">
     <span class='ocr_line' id='line_1_38' title="bbox 308 3495 1986 3576; baseline 0.008 -30"><span class='ocrx_word' id='word_1_310' title='bbox 308 3495 490 3566; x_wconf 75' lang='grc' dir='ltr'>ψυχὴν</span> <span class='ocrx_word' id='word_1_311' title='bbox 517 3495 939 3567; x_wconf 83' lang='grc' dir='ltr'>ὑπισχνούμενος</span> <span class='ocrx_word' id='word_1_312' title='bbox 977 3497 1146 3569; x_wconf 82' lang='grc' dir='ltr'>αύτῷ.</span> <span class='ocrx_word' id='word_1_313' title='bbox 1178 3499 1260 3552; x_wconf 83' lang='grc' dir='ltr'>ὅτι</span> <span class='ocrx_word' id='word_1_314' title='bbox 1297 3501 1390 3553; x_wconf 75' lang='grc' dir='ltr'>καὶ</span> <span class='ocrx_word' id='word_1_315' title='bbox 1412 3499 1489 3571; x_wconf 82' lang='grc' dir='ltr'>τῷ</span> <span class='ocrx_word' id='word_1_316' title='bbox 1523 3503 1796 3576; x_wconf 83' lang='grc' dir='ltr'>σπέρματι</span> <span class='ocrx_word' id='word_1_317' title='bbox 1821 3505 1986 3559; x_wconf 84' lang='grc' dir='ltr'>αὑτοῦ</span> 
     </span>
    </p>
   </div>
   <div class='ocr_carea' id='block_1_39' title="bbox 312 3581 1986 3662">
    <p class='ocr_par' dir='ltr' id='par_1_39' title="bbox 312 3581 1986 3662">
     <span class='ocr_line' id='line_1_39' title="bbox 312 3581 1986 3662; baseline 0.006 -28"><span class='ocrx_word' id='word_1_318' title='bbox 312 3581 514 3652; x_wconf 79' lang='grc' dir='ltr'>πολλὴν</span> <span class='ocrx_word' id='word_1_319' title='bbox 555 3583 783 3653; x_wconf 77' lang='grc' dir='ltr'>παρέξει</span> <span class='ocrx_word' id='word_1_320' title='bbox 819 3582 919 3654; x_wconf 79' lang='grc' dir='ltr'>τὴν</span> <span class='ocrx_word' id='word_1_321' title='bbox 955 3583 1230 3653; x_wconf 86' lang='grc' dir='ltr'>πρόνοιαν.</span> <span class='ocrx_word' id='word_1_322' title='bbox 1268 3587 1379 3640; x_wconf 76' lang='grc' dir='ltr'>Καὶ</span> <span class='ocrx_word' id='word_1_323' title='bbox 1418 3587 1500 3652; x_wconf 89' lang='grc' dir='ltr'>τίς</span> <span class='ocrx_word' id='word_1_324' title='bbox 1549 3591 1582 3660; x_wconf 78' lang='grc' dir='ltr'><strong>ὴ</strong></span> <span class='ocrx_word' id='word_1_325' title='bbox 1616 3588 1847 3661; x_wconf 88' lang='grc' dir='ltr'>δύναμις</span> <span class='ocrx_word' id='word_1_326' title='bbox 1885 3592 1986 3662; x_wconf 77' lang='grc' dir='ltr'>τῆς</span> 
     </span>
    </p>
   </div>
   <div class='ocr_carea' id='block_1_40' title="bbox 309 3669 1984 3748">
    <p class='ocr_par' dir='ltr' id='par_1_40' title="bbox 309 3669 1984 3748">
     <span class='ocr_line' id='line_1_40' title="bbox 309 3669 1984 3748; baseline 0.007 -25"><span class='ocrx_word' id='word_1_327' title='bbox 309 3671 605 3742; x_wconf 79' lang='grc' dir='ltr'>διαθήκηςς</span> <span class='ocrx_word' id='word_1_328' title='bbox 660 3672 843 3726; x_wconf 80' lang='grc' dir='ltr'>Ὥστε</span> <span class='ocrx_word' id='word_1_329' title='bbox 897 3669 1054 3727; x_wconf 75' lang='grc' dir='ltr'>εἶναι</span> <span class='ocrx_word' id='word_1_330' title='bbox 1105 3690 1223 3729; x_wconf 87' lang='grc' dir='ltr'>σου</span> <span class='ocrx_word' id='word_1_331' title='bbox 1287 3677 1451 3743; x_wconf 82' lang='grc' dir='ltr'>Θεὸς,</span> <span class='ocrx_word' id='word_1_332' title='bbox 1509 3679 1661 3748; x_wconf 74' lang='grc' dir='ltr'>φησὶ,</span> <span class='ocrx_word' id='word_1_333' title='bbox 1722 3681 1822 3733; x_wconf 69' lang='grc' dir='ltr'>καί</span> <span class='ocrx_word' id='word_1_334' title='bbox 1877 3683 1984 3736; x_wconf 85' lang='grc' dir='ltr'>τοῦ</span> 
     </span>
    </p>
   </div>
   <div class='ocr_carea' id='block_1_41' title="bbox 310 3759 1986 3836">
    <p class='ocr_par' dir='ltr' id='par_1_41' title="bbox 310 3759 1986 3836">
     <span class='ocr_line' id='line_1_41' title="bbox 310 3759 1986 3836; baseline 0.007 -25"><span class='ocrx_word' id='word_1_335' title='bbox 310 3759 654 3827; x_wconf 73' lang='grc' dir='ltr'>σπέρματός</span> <span class='ocrx_word' id='word_1_336' title='bbox 683 3776 803 3814; x_wconf 89' lang='grc' dir='ltr'>σου</span> <span class='ocrx_word' id='word_1_337' title='bbox 839 3760 990 3829; x_wconf 79' lang='grc' dir='ltr'>μετὰ</span> <span class='ocrx_word' id='word_1_338' title='bbox 1020 3763 1116 3816; x_wconf 84' lang='grc' dir='ltr'>σέ.</span> <span class='ocrx_word' id='word_1_339' title='bbox 1148 3763 1318 3818; x_wconf 86' lang='grc' dir='ltr'>Τοῦτο</span> <span class='ocrx_word' id='word_1_340' title='bbox 1351 3767 1462 3836; x_wconf 86' lang='grc' dir='ltr'>γάρ</span> <span class='ocrx_word' id='word_1_341' title='bbox 1499 3783 1580 3819; x_wconf 92' lang='grc' dir='ltr'>σοι</span> <span class='ocrx_word' id='word_1_342' title='bbox 1613 3767 1764 3820; x_wconf 80' lang='grc' dir='ltr'>ἔσται</span> <span class='ocrx_word' id='word_1_343' title='bbox 1807 3769 1870 3822; x_wconf 84' lang='grc' dir='ltr'>τὸ</span> <span class='ocrx_word' id='word_1_344' title='bbox 1895 3787 1986 3822; x_wconf 82' lang='grc' dir='ltr'>κε-</span> 
     </span>
    </p>
   </div>
   <div class='ocr_carea' id='block_1_42' title="bbox 310 3845 1982 3926">
    <p class='ocr_par' dir='ltr' id='par_1_42' title="bbox 310 3845 1982 3926">
     <span class='ocr_line' id='line_1_42' title="bbox 310 3845 1982 3926; baseline 0.007 -27"><span class='ocrx_word' id='word_1_345' title='bbox 310 3845 542 3914; x_wconf 84' lang='grc' dir='ltr'>φάλαιον</span> <span class='ocrx_word' id='word_1_346' title='bbox 565 3847 673 3901; x_wconf 90' lang='grc' dir='ltr'>τῶν</span> <span class='ocrx_word' id='word_1_347' title='bbox 693 3848 933 3916; x_wconf 83' lang='grc' dir='ltr'>ἀγαθῶν,</span> <span class='ocrx_word' id='word_1_348' title='bbox 968 3850 1051 3902; x_wconf 90' lang='grc' dir='ltr'>σοί</span> <span class='ocrx_word' id='word_1_349' title='bbox 1083 3869 1142 3904; x_wconf 92' lang='grc' dir='ltr'>τε</span> <span class='ocrx_word' id='word_1_350' title='bbox 1175 3852 1269 3906; x_wconf 75' lang='grc' dir='ltr'>καὶ</span> <span class='ocrx_word' id='word_1_351' title='bbox 1300 3853 1379 3924; x_wconf 83' lang='grc' dir='ltr'>τῷ</span> <span class='ocrx_word' id='word_1_352' title='bbox 1409 3855 1687 3926; x_wconf 85' lang='grc' dir='ltr'>σπέρματί</span> <span class='ocrx_word' id='word_1_353' title='bbox 1717 3872 1832 3910; x_wconf 91' lang='grc' dir='ltr'>σου.</span> <span class='ocrx_word' id='word_1_354' title='bbox 1876 3858 1982 3912; x_wconf 76' lang='grc' dir='ltr'>Καὶ</span> 
     </span>
    </p>
   </div>
   <div class='ocr_carea' id='block_1_43' title="bbox 310 3933 1982 4014">
    <p class='ocr_par' dir='ltr' id='par_1_43' title="bbox 310 3933 1982 4014">
     <span class='ocr_line' id='line_1_43' title="bbox 310 3933 1982 4014; baseline 0.006 -27"><span class='ocrx_word' id='word_1_355' title='bbox 310 3933 485 3987; x_wconf 82' lang='grc' dir='ltr'>δώσω</span> <span class='ocrx_word' id='word_1_356' title='bbox 521 3935 621 3989; x_wconf 84' lang='grc' dir='ltr'>σοί</span> <span class='ocrx_word' id='word_1_357' title='bbox 655 3937 753 3990; x_wconf 80' lang='grc' dir='ltr'>καί</span> <span class='ocrx_word' id='word_1_358' title='bbox 793 3935 878 4001; x_wconf 84' lang='grc' dir='ltr'>τῷ</span> <span class='ocrx_word' id='word_1_359' title='bbox 921 3938 1219 4008; x_wconf 79' lang='grc' dir='ltr'>σπέρματι</span> <span class='ocrx_word' id='word_1_360' title='bbox 1263 3954 1382 3994; x_wconf 88' lang='grc' dir='ltr'>σου</span> <span class='ocrx_word' id='word_1_361' title='bbox 1413 3941 1562 4010; x_wconf 83' lang='grc' dir='ltr'>μετὰ</span> <span class='ocrx_word' id='word_1_362' title='bbox 1595 3943 1672 3994; x_wconf 80' lang='grc' dir='ltr'>σὲ</span> <span class='ocrx_word' id='word_1_363' title='bbox 1704 3943 1816 4010; x_wconf 81' lang='grc' dir='ltr'>τὴν</span> <span class='ocrx_word' id='word_1_364' title='bbox 1845 3943 1982 4014; x_wconf 66' lang='grc' dir='ltr'>γῆν,</span> 
     </span>
    </p>
   </div>
   <div class='ocr_carea' id='block_1_44' title="bbox 311 4020 1985 4101">
    <p class='ocr_par' dir='ltr' id='par_1_44' title="bbox 311 4020 1985 4101">
     <span class='ocr_line' id='line_1_44' title="bbox 311 4020 1985 4101; baseline 0.005 -25"><span class='ocrx_word' id='word_1_365' title='bbox 311 4020 392 4090; x_wconf 71' lang='grc' dir='ltr'>’ἢν</span> <span class='ocrx_word' id='word_1_366' title='bbox 413 4022 736 4091; x_wconf 76' lang='grc' dir='ltr'>παροικεῖς,</span> <span class='ocrx_word' id='word_1_367' title='bbox 771 4023 980 4079; x_wconf 85' lang='grc' dir='ltr'>πᾶσαν</span> <span class='ocrx_word' id='word_1_368' title='bbox 1003 4025 1119 4093; x_wconf 82' lang='grc' dir='ltr'>τὴν</span> <span class='ocrx_word' id='word_1_369' title='bbox 1150 4026 1267 4097; x_wconf 72' lang='grc' dir='ltr'>γῆν</span> <span class='ocrx_word' id='word_1_370' title='bbox 1291 4027 1556 4095; x_wconf 75' lang='grc' dir='ltr'>Χαναὰν,</span> <span class='ocrx_word' id='word_1_371' title='bbox 1583 4032 1670 4094; x_wconf 83' lang='grc' dir='ltr'>εὶς</span> <span class='ocrx_word' id='word_1_372' title='bbox 1696 4030 1985 4101; x_wconf 77' lang='grc' dir='ltr'>κατάσχε-</span> 
     </span>
    </p>
   </div>
   <div class='ocr_carea' id='block_1_45' title="bbox 309 4111 1983 4191">
    <p class='ocr_par' dir='ltr' id='par_1_45' title="bbox 309 4111 1983 4191">
     <span class='ocr_line' id='line_1_45' title="bbox 309 4111 1983 4191; baseline 0.007 -29"><span class='ocrx_word' id='word_1_373' title='bbox 309 4126 416 4164; x_wconf 90' lang='grc' dir='ltr'>σιν</span> <span class='ocrx_word' id='word_1_374' title='bbox 461 4111 720 4164; x_wconf 72' lang='grc' dir='ltr'>αἰώνιον·</span> <span class='ocrx_word' id='word_1_375' title='bbox 768 4113 867 4164; x_wconf 80' lang='grc' dir='ltr'>καί</span> <span class='ocrx_word' id='word_1_376' title='bbox 911 4112 1056 4178; x_wconf 84' lang='grc' dir='ltr'>Θεὸς</span> <span class='ocrx_word' id='word_1_377' title='bbox 1105 4113 1319 4182; x_wconf 75' lang='grc' dir='ltr'>ἔσομαι</span> <span class='ocrx_word' id='word_1_378' title='bbox 1356 4115 1573 4171; x_wconf 84' lang='grc' dir='ltr'>αὐτῶν.</span> <span class='ocrx_word' id='word_1_379' title='bbox 1615 4117 1714 4170; x_wconf 79' lang='grc' dir='ltr'>Διά</span> <span class='ocrx_word' id='word_1_380' title='bbox 1747 4119 1846 4190; x_wconf 83' lang='grc' dir='ltr'>τὴν</span> <span class='ocrx_word' id='word_1_381' title='bbox 1885 4121 1983 4191; x_wconf 83' lang='grc' dir='ltr'>σὴν</span> 
     </span>
    </p>
   </div>
   <div class='ocr_carea' id='block_1_46' title="bbox 311 4197 1983 4279">
    <p class='ocr_par' dir='ltr' id='par_1_46' title="bbox 311 4197 1983 4279">
     <span class='ocr_line' id='line_1_46' title="bbox 311 4197 1983 4279; baseline 0.008 -31"><span class='ocrx_word' id='word_1_382' title='bbox 311 4198 512 4268; x_wconf 76' lang='grc' dir='ltr'>ἀρετὴν</span> <span class='ocrx_word' id='word_1_383' title='bbox 545 4199 638 4250; x_wconf 78' lang='grc' dir='ltr'>καὶ</span> <span class='ocrx_word' id='word_1_384' title='bbox 673 4198 723 4249; x_wconf 89' lang='grc' dir='ltr'>οί</span> <span class='ocrx_word' id='word_1_385' title='bbox 747 4197 954 4264; x_wconf 76' lang='grc' dir='ltr'>ἔκγονοι</span> <span class='ocrx_word' id='word_1_386' title='bbox 975 4200 1027 4252; x_wconf 82' lang='grc' dir='ltr'>οἱ</span> <span class='ocrx_word' id='word_1_387' title='bbox 1049 4200 1132 4252; x_wconf 76' lang='grc' dir='ltr'>σοὶ</span> <span class='ocrx_word' id='word_1_388' title='bbox 1160 4199 1525 4255; x_wconf 87' lang='grc' dir='ltr'>ἀπολαύσουσι</span> <span class='ocrx_word' id='word_1_389' title='bbox 1550 4203 1650 4273; x_wconf 85' lang='grc' dir='ltr'>τῆς</span> <span class='ocrx_word' id='word_1_390' title='bbox 1681 4205 1819 4276; x_wconf 85' lang='grc' dir='ltr'>ἐμῆς</span> <span class='ocrx_word' id='word_1_391' title='bbox 1847 4224 1983 4279; x_wconf 88' lang='grc' dir='ltr'>προ-</span> 
     </span>
    </p>
   </div>
   <div class='ocr_carea' id='block_1_47' title="bbox 312 4282 1981 4364">
    <p class='ocr_par' dir='ltr' id='par_1_47' title="bbox 312 4282 1981 4364">
     <span class='ocr_line' id='line_1_47' title="bbox 312 4282 1981 4364; baseline 0.007 -29"><span class='ocrx_word' id='word_1_392' title='bbox 312 4283 481 4348; x_wconf 86' lang='grc' dir='ltr'>νοίας,</span> <span class='ocrx_word' id='word_1_393' title='bbox 510 4283 606 4336; x_wconf 81' lang='grc' dir='ltr'>καὶ</span> <span class='ocrx_word' id='word_1_394' title='bbox 640 4282 796 4336; x_wconf 85' lang='grc' dir='ltr'>δώσω</span> <span class='ocrx_word' id='word_1_395' title='bbox 823 4285 1007 4348; x_wconf 84' lang='grc' dir='ltr'>αὐτοῖς</span> <span class='ocrx_word' id='word_1_396' title='bbox 1033 4287 1114 4347; x_wconf 91' lang='grc' dir='ltr'>είς</span> <span class='ocrx_word' id='word_1_397' title='bbox 1140 4287 1464 4358; x_wconf 86' lang='grc' dir='ltr'>κατάσχεσιν</span> <span class='ocrx_word' id='word_1_398' title='bbox 1503 4288 1720 4344; x_wconf 83' lang='grc' dir='ltr'>αἰώνιον</span> <span class='ocrx_word' id='word_1_399' title='bbox 1748 4291 1847 4364; x_wconf 85' lang='grc' dir='ltr'>τὴν</span> <span class='ocrx_word' id='word_1_400' title='bbox 1879 4295 1981 4364; x_wconf 82' lang='grc' dir='ltr'>γῆν</span> 
     </span>
    </p>
   </div>
   <div class='ocr_carea' id='block_1_48' title="bbox 311 4372 1981 4444">
    <p class='ocr_par' dir='ltr' id='par_1_48' title="bbox 311 4372 1981 4444">
     <span class='ocr_line' id='line_1_48' title="bbox 311 4372 1981 4444; baseline 0.007 -20"><span class='ocrx_word' id='word_1_401' title='bbox 311 4373 554 4436; x_wconf 77' lang='grc' dir='ltr'>Χαναὰν,</span> <span class='ocrx_word' id='word_1_402' title='bbox 581 4373 689 4426; x_wconf 83' lang='lat' dir='ltr'>Kal</span> <span class='ocrx_word' id='word_1_403' title='bbox 725 4373 937 4444; x_wconf 81' lang='grc' dir='ltr'>ἔσομαι</span> <span class='ocrx_word' id='word_1_404' title='bbox 964 4372 1164 4428; x_wconf 81' lang='grc' dir='ltr'>αὐτῶν</span> <span class='ocrx_word' id='word_1_405' title='bbox 1191 4378 1339 4442; x_wconf 86' lang='grc' dir='ltr'>Θεός</span> <span class='ocrx_word' id='word_1_406' title='bbox 1361 4377 1410 4431; x_wconf 69' lang='grc' dir='ltr'>δ.</span> <span class='ocrx_word' id='word_1_407' title='bbox 1442 4376 1507 4431; x_wconf 90' lang='grc' dir='ltr'>Τί</span> <span class='ocrx_word' id='word_1_408' title='bbox 1539 4381 1675 4442; x_wconf 85' lang='grc' dir='ltr'>ἐστι,</span> <span class='ocrx_word' id='word_1_409' title='bbox 1708 4381 1814 4434; x_wconf 86' lang='lat' dir='ltr'>Kal</span> <span class='ocrx_word' id='word_1_410' title='bbox 1843 4381 1981 4436; x_wconf 80' lang='grc' dir='ltr'>ἐσο-</span> 
     </span>
    </p>
   </div>
   <div class='ocr_carea' id='block_1_49' title="bbox 305 4458 1979 4538">
    <p class='ocr_par' dir='ltr' id='par_1_49' title="bbox 305 4458 1979 4538">
     <span class='ocr_line' id='line_1_49' title="bbox 305 4458 1979 4538; baseline 0.007 -29"><span class='ocrx_word' id='word_1_411' title='bbox 305 4473 414 4529; x_wconf 83' lang='grc' dir='ltr'>μαι</span> <span class='ocrx_word' id='word_1_412' title='bbox 461 4458 661 4511; x_wconf 84' lang='grc' dir='ltr'>αὐτῶν</span> <span class='ocrx_word' id='word_1_413' title='bbox 691 4461 866 4525; x_wconf 83' lang='grc' dir='ltr'>Θεός;</span> <span class='ocrx_word' id='word_1_414' title='bbox 906 4462 1050 4515; x_wconf 75' lang='grc' dir='ltr'>’Λντὶ</span> <span class='ocrx_word' id='word_1_415' title='bbox 1098 4462 1216 4530; x_wconf 89' lang='grc' dir='ltr'>τοῦ,</span> <span class='ocrx_word' id='word_1_416' title='bbox 1249 4464 1459 4537; x_wconf 80' lang='grc' dir='ltr'>Πολλὴν</span> <span class='ocrx_word' id='word_1_417' title='bbox 1501 4466 1840 4536; x_wconf 81' lang='grc' dir='ltr'>ἐπιδείξομαι</span> <span class='ocrx_word' id='word_1_418' title='bbox 1883 4469 1979 4538; x_wconf 83' lang='grc' dir='ltr'>τὴν</span> 
     </span>
    </p>
   </div>
   <div class='ocr_carea' id='block_1_50' title="bbox 311 4545 1979 4626">
    <p class='ocr_par' dir='ltr' id='par_1_50' title="bbox 311 4545 1979 4626">
     <span class='ocr_line' id='line_1_50' title="bbox 311 4545 1979 4626; baseline 0.005 -26"><span class='ocrx_word' id='word_1_419' title='bbox 311 4545 657 4618; x_wconf 85' lang='grc' dir='ltr'>κηδεμονίαν,</span> <span class='ocrx_word' id='word_1_420' title='bbox 683 4547 882 4618; x_wconf 82' lang='grc' dir='ltr'>πολλὴν</span> <span class='ocrx_word' id='word_1_421' title='bbox 911 4550 1011 4620; x_wconf 85' lang='grc' dir='ltr'>τὴν</span> <span class='ocrx_word' id='word_1_422' title='bbox 1045 4552 1323 4620; x_wconf 86' lang='grc' dir='ltr'>πρόνοιαν,</span> <span class='ocrx_word' id='word_1_423' title='bbox 1351 4554 1409 4605; x_wconf 89' lang='grc' dir='ltr'>ἐν</span> <span class='ocrx_word' id='word_1_424' title='bbox 1437 4554 1639 4607; x_wconf 84' lang='grc' dir='ltr'>ἀπασιν</span> <span class='ocrx_word' id='word_1_425' title='bbox 1667 4555 1852 4618; x_wconf 84' lang='grc' dir='ltr'>αὐτοῖς</span> <span class='ocrx_word' id='word_1_426' title='bbox 1881 4557 1979 4626; x_wconf 82' lang='grc' dir='ltr'>τὴν</span> 
     </span>
    </p>
   </div>
   <div class='ocr_carea' id='block_1_51' title="bbox 309 4633 1979 4711">
    <p class='ocr_par' dir='ltr' id='par_1_51' title="bbox 309 4633 1979 4711">
     <span class='ocr_line' id='line_1_51' title="bbox 309 4633 1979 4711; baseline 0.006 -24"><span class='ocrx_word' id='word_1_427' title='bbox 309 4634 442 4704; x_wconf 78' lang='grc' dir='ltr'>παρ’</span> <span class='ocrx_word' id='word_1_428' title='bbox 471 4633 606 4704; x_wconf 86' lang='grc' dir='ltr'>ἐμοῦ</span> <span class='ocrx_word' id='word_1_429' title='bbox 631 4635 948 4705; x_wconf 87' lang='grc' dir='ltr'>συμμαχίαν</span> <span class='ocrx_word' id='word_1_430' title='bbox 969 4636 1293 4707; x_wconf 81' lang='grc' dir='ltr'>παρέξομαι·</span> <span class='ocrx_word' id='word_1_431' title='bbox 1331 4639 1491 4709; x_wconf 89' lang='grc' dir='ltr'>μόνον</span> <span class='ocrx_word' id='word_1_432' title='bbox 1522 4641 1606 4694; x_wconf 89' lang='grc' dir='ltr'>Σὺ</span> <span class='ocrx_word' id='word_1_433' title='bbox 1629 4641 1744 4710; x_wconf 76' lang='grc' dir='ltr'>τὴν</span> <span class='ocrx_word' id='word_1_434' title='bbox 1774 4642 1979 4711; x_wconf 84' lang='grc' dir='ltr'>διαθή-</span> 
     </span>
    </p>
   </div>
   <div class='ocr_carea' id='block_1_52' title="bbox 307 4721 1978 4798">
    <p class='ocr_par' dir='ltr' id='par_1_52' title="bbox 307 4721 1978 4798">
     <span class='ocr_line' id='line_1_52' title="bbox 307 4721 1978 4798; baseline 0.006 -23"><span class='ocrx_word' id='word_1_435' title='bbox 307 4739 425 4776; x_wconf 75' lang='grc' dir='ltr'>κην</span> <span class='ocrx_word' id='word_1_436' title='bbox 457 4740 578 4791; x_wconf 86' lang='grc' dir='ltr'>μου</span> <span class='ocrx_word' id='word_1_437' title='bbox 613 4721 1003 4792; x_wconf 78' lang='grc' dir='ltr'>διατήρησον,</span> <span class='ocrx_word' id='word_1_438' title='bbox 1041 4724 1122 4776; x_wconf 89' lang='grc' dir='ltr'>σὺ</span> <span class='ocrx_word' id='word_1_439' title='bbox 1156 4725 1255 4777; x_wconf 78' lang='grc' dir='ltr'>καὶ</span> <span class='ocrx_word' id='word_1_440' title='bbox 1296 4724 1362 4778; x_wconf 87' lang='grc' dir='ltr'>τὸ</span> <span class='ocrx_word' id='word_1_441' title='bbox 1400 4727 1637 4797; x_wconf 81' lang='grc' dir='ltr'>σπέρμα</span> <span class='ocrx_word' id='word_1_442' title='bbox 1677 4744 1797 4784; x_wconf 87' lang='grc' dir='ltr'>σου</span> <span class='ocrx_word' id='word_1_443' title='bbox 1828 4731 1978 4798; x_wconf 81' lang='grc' dir='ltr'>μετὰ</span> 
     </span>
    </p>
   </div>
   <div class='ocr_carea' id='block_1_53' title="bbox 307 4809 1978 4890">
    <p class='ocr_par' dir='ltr' id='par_1_53' title="bbox 307 4809 1978 4890">
     <span class='ocr_line' id='line_1_53' title="bbox 307 4809 1978 4890; baseline 0.006 -28"><span class='ocrx_word' id='word_1_444' title='bbox 307 4809 384 4862; x_wconf 77' lang='grc' dir='ltr'>σὲ</span> <span class='ocrx_word' id='word_1_445' title='bbox 412 4813 500 4876; x_wconf 83' lang='grc' dir='ltr'>είς</span> <span class='ocrx_word' id='word_1_446' title='bbox 533 4811 641 4878; x_wconf 85' lang='grc' dir='ltr'>τὰς</span> <span class='ocrx_word' id='word_1_447' title='bbox 682 4812 894 4880; x_wconf 80' lang='grc' dir='ltr'>γενεὰς</span> <span class='ocrx_word' id='word_1_448' title='bbox 935 4811 1152 4867; x_wconf 78' lang='grc' dir='ltr'>αὐτῶν.</span> <span class='ocrx_word' id='word_1_449' title='bbox 1201 4813 1367 4867; x_wconf 83' lang='grc' dir='ltr'>Οὐδὲν</span> <span class='ocrx_word' id='word_1_450' title='bbox 1419 4813 1604 4886; x_wconf 79' lang='grc' dir='ltr'>ἓτερον</span> <span class='ocrx_word' id='word_1_451' title='bbox 1662 4819 1790 4890; x_wconf 91' lang='grc' dir='ltr'>παρ’</span> <span class='ocrx_word' id='word_1_452' title='bbox 1823 4819 1978 4890; x_wconf 87' lang='grc' dir='ltr'>ὑμῶν</span> 
     </span>
    </p>
   </div>
   <div class='ocr_carea' id='block_1_54' title="bbox 306 4899 1977 4975">
    <p class='ocr_par' dir='ltr' id='par_1_54' title="bbox 306 4899 1977 4975">
     <span class='ocr_line' id='line_1_54' title="bbox 306 4899 1977 4975; baseline 0.005 -25"><span class='ocrx_word' id='word_1_453' title='bbox 306 4899 570 4970; x_wconf 79' lang='grc' dir='ltr'>ἐπιζητῶ,</span> <span class='ocrx_word' id='word_1_454' title='bbox 610 4899 644 4969; x_wconf 84' lang='grc' dir='ltr'>ἢ</span> <span class='ocrx_word' id='word_1_455' title='bbox 680 4900 780 4970; x_wconf 84' lang='grc' dir='ltr'>τὴν</span> <span class='ocrx_word' id='word_1_456' title='bbox 808 4899 1055 4970; x_wconf 79' lang='grc' dir='ltr'>ὑπακοὴν</span> <span class='ocrx_word' id='word_1_457' title='bbox 1099 4900 1194 4953; x_wconf 76' lang='grc' dir='ltr'>καὶ</span> <span class='ocrx_word' id='word_1_458' title='bbox 1227 4901 1325 4972; x_wconf 78' lang='grc' dir='ltr'>τὴν</span> <span class='ocrx_word' id='word_1_459' title='bbox 1352 4901 1788 4974; x_wconf 82' lang='grc' dir='ltr'>εὐγνωμοσύνην,</span> <span class='ocrx_word' id='word_1_460' title='bbox 1822 4906 1977 4975; x_wconf 88' lang='grc' dir='ltr'>κάγὼ</span> 
     </span>
    </p>
   </div>
   <div class='ocr_carea' id='block_1_55' title="bbox 305 4985 1480 5058">
    <p class='ocr_par' dir='ltr' id='par_1_55' title="bbox 305 4985 1480 5058">
     <span class='ocr_line' id='line_1_55' title="bbox 305 4985 1480 5058; baseline 0.005 -20"><span class='ocrx_word' id='word_1_461' title='bbox 305 4986 486 5040; x_wconf 84' lang='grc' dir='ltr'>πάντα</span> <span class='ocrx_word' id='word_1_462' title='bbox 511 4987 654 5057; x_wconf 83' lang='grc' dir='ltr'>ἀπερ</span> <span class='ocrx_word' id='word_1_463' title='bbox 692 4985 1009 5057; x_wconf 80' lang='grc' dir='ltr'>ὑπεσχόμην</span> <span class='ocrx_word' id='word_1_464' title='bbox 1042 4988 1122 5050; x_wconf 89' lang='grc' dir='ltr'>είς</span> <span class='ocrx_word' id='word_1_465' title='bbox 1153 4987 1314 5058; x_wconf 81' lang='grc' dir='ltr'>ἔργον</span> <span class='ocrx_word' id='word_1_466' title='bbox 1346 4989 1480 5054; x_wconf 76' lang='grc' dir='ltr'>ἄξω.</span> 
     </span>
    </p>
   </div>
   <div class='ocr_carea' id='block_1_56' title="bbox 372 5069 1974 5148">
    <p class='ocr_par' dir='ltr' id='par_1_56' title="bbox 372 5069 1974 5148">
     <span class='ocr_line' id='line_1_56' title="bbox 372 5069 1974 5148; baseline 0.007 -21"><span class='ocrx_word' id='word_1_467' title='bbox 372 5074 438 5128; x_wconf 85' lang='grc' dir='ltr'>δ’.</span> <span class='ocrx_word' id='word_1_468' title='bbox 458 5069 589 5126; x_wconf 79' lang='grc' dir='ltr'>Εῐτα</span> <span class='ocrx_word' id='word_1_469' title='bbox 613 5073 796 5128; x_wconf 75' lang='grc' dir='ltr'>λοιπὸν</span> <span class='ocrx_word' id='word_1_470' title='bbox 813 5072 1134 5143; x_wconf 84' lang='grc' dir='ltr'>βουλόμενος</span> <span class='ocrx_word' id='word_1_471' title='bbox 1157 5074 1378 5148; x_wconf 87' lang='grc' dir='ltr'>ίδιοποιή</span> <span class='ocrx_word' id='word_1_472' title='bbox 1387 5078 1714 5143; x_wconf 74' lang='grc' dir='ltr'>σασθαιτοὺς</span> <span class='ocrx_word' id='word_1_473' title='bbox 1734 5079 1793 5145; x_wconf 78' lang='grc' dir='ltr'>ἐξ</span> <span class='ocrx_word' id='word_1_474' title='bbox 1810 5081 1974 5138; x_wconf 86' lang='grc' dir='ltr'>αὑτοῦ</span> 
     </span>
    </p>
   </div>
   <div class='ocr_carea' id='block_1_57' title="bbox 304 5161 1971 5239">
    <p class='ocr_par' dir='ltr' id='par_1_57' title="bbox 304 5161 1971 5239">
     <span class='ocr_line' id='line_1_57' title="bbox 304 5161 1971 5239; baseline 0.006 -25"><span class='ocrx_word' id='word_1_475' title='bbox 304 5161 674 5230; x_wconf 83' lang='grc' dir='ltr'>τικτομένους,</span> <span class='ocrx_word' id='word_1_476' title='bbox 708 5161 802 5214; x_wconf 77' lang='grc' dir='ltr'>καὶ</span> <span class='ocrx_word' id='word_1_477' title='bbox 834 5161 1030 5213; x_wconf 85' lang='grc' dir='ltr'>οἰκεῖον</span> <span class='ocrx_word' id='word_1_478' title='bbox 1057 5161 1248 5216; x_wconf 90' lang='grc' dir='ltr'>ἐαυτοῦ</span> <span class='ocrx_word' id='word_1_479' title='bbox 1277 5164 1368 5217; x_wconf 75' lang='grc' dir='ltr'>τὸν</span> <span class='ocrx_word' id='word_1_480' title='bbox 1391 5163 1516 5218; x_wconf 79' lang='grc' dir='ltr'>λαὸν</span> <span class='ocrx_word' id='word_1_481' title='bbox 1536 5167 1971 5239; x_wconf 87' lang='grc' dir='ltr'>ἀπεργάσασθαι,</span> 
     </span>
    </p>
   </div>
   <div class='ocr_carea' id='block_1_58' title="bbox 302 5246 1975 5328">
    <p class='ocr_par' dir='ltr' id='par_1_58' title="bbox 302 5246 1975 5328">
     <span class='ocr_line' id='line_1_58' title="bbox 302 5246 1975 5328; baseline 0.006 -26"><span class='ocrx_word' id='word_1_482' title='bbox 302 5250 398 5302; x_wconf 79' lang='grc' dir='ltr'>καὶ</span> <span class='ocrx_word' id='word_1_483' title='bbox 453 5249 541 5300; x_wconf 79' lang='grc' dir='ltr'>ἵνα</span> <span class='ocrx_word' id='word_1_484' title='bbox 594 5246 780 5301; x_wconf 83' lang='grc' dir='ltr'>λοιπὸν</span> <span class='ocrx_word' id='word_1_485' title='bbox 826 5248 888 5302; x_wconf 82' lang='grc' dir='ltr'>τὸ</span> <span class='ocrx_word' id='word_1_486' title='bbox 931 5249 1134 5320; x_wconf 83' lang='grc' dir='ltr'>πλῆθος</span> <span class='ocrx_word' id='word_1_487' title='bbox 1184 5252 1555 5324; x_wconf 85' lang='grc' dir='ltr'>ἐκτεινόμενον</span> <span class='ocrx_word' id='word_1_488' title='bbox 1605 5255 1680 5328; x_wconf 82' lang='grc' dir='ltr'>μὴ</span> <span class='ocrx_word' id='word_1_489' title='bbox 1745 5275 1975 5313; x_wconf 90' lang='grc' dir='ltr'>συνανα-</span> 
     </span>
    </p>
   </div>
   <div class='ocr_carea' id='block_1_59' title="bbox 307 5333 1972 5416">
    <p class='ocr_par' dir='ltr' id='par_1_59' title="bbox 307 5333 1972 5416">
     <span class='ocr_line' id='line_1_59' title="bbox 307 5333 1972 5416; baseline 0.008 -28"><span class='ocrx_word' id='word_1_490' title='bbox 307 5334 602 5405; x_wconf 89' lang='grc' dir='ltr'>μιγνύηται</span> <span class='ocrx_word' id='word_1_491' title='bbox 644 5337 758 5400; x_wconf 82' lang='grc' dir='ltr'>τοῖς</span> <span class='ocrx_word' id='word_1_492' title='bbox 814 5335 1022 5392; x_wconf 75' lang='grc' dir='ltr'>ἔθνεσιν</span> <span class='ocrx_word' id='word_1_493' title='bbox 1081 5338 1332 5403; x_wconf 87' lang='grc' dir='ltr'>ἐκείνοις,</span> <span class='ocrx_word' id='word_1_494' title='bbox 1378 5333 1453 5395; x_wconf 83' lang='grc' dir='ltr'>ῶν</span> <span class='ocrx_word' id='word_1_495' title='bbox 1481 5342 1581 5413; x_wconf 81' lang='grc' dir='ltr'>τὴν</span> <span class='ocrx_word' id='word_1_496' title='bbox 1617 5345 1719 5414; x_wconf 86' lang='grc' dir='ltr'>γῆν</span> <span class='ocrx_word' id='word_1_497' title='bbox 1751 5344 1972 5416; x_wconf 75' lang='grc' dir='ltr'>ἔμελλον</span> 
     </span>
    </p>
   </div>
   <div class='ocr_carea' id='block_1_60' title="bbox 301 5423 1972 5504">
    <p class='ocr_par' dir='ltr' id='par_1_60' title="bbox 301 5423 1972 5504">
     <span class='ocr_line' id='line_1_60' title="bbox 301 5423 1972 5504; baseline 0.005 -26"><span class='ocrx_word' id='word_1_498' title='bbox 301 5423 682 5496; x_wconf 82' lang='grc' dir='ltr'>κληρονομεῖν,</span> <span class='ocrx_word' id='word_1_499' title='bbox 724 5424 898 5489; x_wconf 84' lang='grc' dir='ltr'>άλλως</span> <span class='ocrx_word' id='word_1_500' title='bbox 937 5424 993 5478; x_wconf 79' lang='grc' dir='ltr'>δὲ</span> <span class='ocrx_word' id='word_1_501' title='bbox 1039 5426 1132 5479; x_wconf 78' lang='grc' dir='ltr'>καὶ</span> <span class='ocrx_word' id='word_1_502' title='bbox 1163 5427 1347 5497; x_wconf 76' lang='grc' dir='ltr'>ἐπειδὴ</span> <span class='ocrx_word' id='word_1_503' title='bbox 1377 5429 1514 5498; x_wconf 86' lang='grc' dir='ltr'>μετά</span> <span class='ocrx_word' id='word_1_504' title='bbox 1543 5429 1718 5485; x_wconf 88' lang='grc' dir='ltr'>ταῦτα</span> <span class='ocrx_word' id='word_1_505' title='bbox 1751 5432 1972 5504; x_wconf 76' lang='grc' dir='ltr'>ἔμελλον</span> 
     </span>
    </p>
   </div>
   <div class='ocr_carea' id='block_1_61' title="bbox 302 5510 1972 5594">
    <p class='ocr_par' dir='ltr' id='par_1_61' title="bbox 302 5510 1972 5594">
     <span class='ocr_line' id='line_1_61' title="bbox 302 5510 1972 5594; baseline 0.008 -34"><span class='ocrx_word' id='word_1_506' title='bbox 302 5513 442 5565; x_wconf 81' lang='grc' dir='ltr'>κατά</span> <span class='ocrx_word' id='word_1_507' title='bbox 467 5511 567 5582; x_wconf 80' lang='grc' dir='ltr'>τὴν</span> <span class='ocrx_word' id='word_1_508' title='bbox 595 5510 763 5564; x_wconf 78' lang='grc' dir='ltr'>αὑτοῦ</span> <span class='ocrx_word' id='word_1_509' title='bbox 807 5513 1112 5583; x_wconf 77' lang='grc' dir='ltr'>πρόρρησιν</span> <span class='ocrx_word' id='word_1_510' title='bbox 1156 5515 1445 5585; x_wconf 77' lang='grc' dir='ltr'>ὑπομένειν</span> <span class='ocrx_word' id='word_1_511' title='bbox 1475 5517 1574 5583; x_wconf 80' lang='grc' dir='ltr'>τὴν</span> <span class='ocrx_word' id='word_1_512' title='bbox 1615 5521 1672 5572; x_wconf 90' lang='grc' dir='ltr'>ἐν</span> <span class='ocrx_word' id='word_1_513' title='bbox 1714 5521 1972 5594; x_wconf 77' lang='grc' dir='ltr'>Αἰγύπτῳ</span> 
     </span>
    </p>
   </div>
   <div class='ocr_carea' id='block_1_62' title="bbox 303 5598 1969 5680">
    <p class='ocr_par' dir='ltr' id='par_1_62' title="bbox 303 5598 1969 5680">
     <span class='ocr_line' id='line_1_62' title="bbox 303 5598 1969 5680; baseline 0.008 -30"><span class='ocrx_word' id='word_1_514' title='bbox 303 5599 570 5663; x_wconf 85' lang='grc' dir='ltr'>δουλείαν,</span> <span class='ocrx_word' id='word_1_515' title='bbox 585 5599 672 5653; x_wconf 80' lang='grc' dir='ltr'>ἵνα</span> <span class='ocrx_word' id='word_1_516' title='bbox 700 5598 772 5670; x_wconf 80' lang='grc' dir='ltr'>μὴ</span> <span class='ocrx_word' id='word_1_517' title='bbox 789 5601 883 5652; x_wconf 82' lang='grc' dir='ltr'>καὶ</span> <span class='ocrx_word' id='word_1_518' title='bbox 909 5601 966 5652; x_wconf 87' lang='grc' dir='ltr'>ἐν</span> <span class='ocrx_word' id='word_1_519' title='bbox 982 5601 1119 5670; x_wconf 84' lang='grc' dir='ltr'>αὑτῇ</span> <span class='ocrx_word' id='word_1_520' title='bbox 1136 5603 1414 5673; x_wconf 88' lang='grc' dir='ltr'>γενόμενοι</span> <span class='ocrx_word' id='word_1_521' title='bbox 1433 5622 1705 5677; x_wconf 86' lang='grc' dir='ltr'>συναναφυ</span> <span class='ocrx_word' id='word_1_522' title='bbox 1714 5608 1847 5680; x_wconf 91' lang='grc' dir='ltr'>ρῶσι</span> <span class='ocrx_word' id='word_1_523' title='bbox 1861 5611 1969 5674; x_wconf 80' lang='grc' dir='ltr'>τοῖς</span> 
     </span>
    </p>
   </div>
   <div class='ocr_carea' id='block_1_63' title="bbox 366 5713 1962 5787">
    <p class='ocr_par' dir='ltr' id='par_1_63' title="bbox 366 5713 1962 5787">
     <span class='ocr_line' id='line_1_63' title="bbox 366 5713 1962 5787; baseline 0.009 -26"><span class='ocrx_word' id='word_1_524' title='bbox 366 5713 875 5787; x_wconf 19' lang='grc' dir='ltr'>τεαὶνίιᾲει-ιιιιξιίιιοι·</span> <span class='ocrx_word' id='word_1_525' title='bbox 916 5728 1030 5787; x_wconf 60' lang='lat' dir='ltr'>m3}.</span> <span class='ocrx_word' id='word_1_526' title='bbox 1059 5717 1130 5763; x_wconf 84' lang='grc' dir='ltr'>ὅτι</span> <span class='ocrx_word' id='word_1_527' title='bbox 1172 5721 1575 5787; x_wconf 28' lang='grc' dir='ltr'>μετανέαστῇσεται</span> <span class='ocrx_word' id='word_1_528' title='bbox 1625 5724 1705 5771; x_wconf 86' lang='grc' dir='ltr'>καὶ</span> <span class='ocrx_word' id='word_1_529' title='bbox 1741 5724 1962 5787; x_wconf 71' lang='grc' dir='ltr'>περάσας.</span> 
     </span>
    </p>
   </div>
   <div class='ocr_carea' id='block_1_64' title="bbox 309 5776 1610 5839">
    <p class='ocr_par' dir='ltr' id='par_1_64' title="bbox 309 5776 1610 5839">
     <span class='ocr_line' id='line_1_64' title="bbox 309 5776 1610 5839; baseline 0.011 -21"><span class='ocrx_word' id='word_1_530' title='bbox 309 5778 338 5818; x_wconf 79' lang='lat' dir='ltr'><strong>h</strong></span> <span class='ocrx_word' id='word_1_531' title='bbox 374 5778 424 5824; x_wconf 85' lang='lat' dir='ltr'><strong><em>lu</em></strong></span> <span class='ocrx_word' id='word_1_532' title='bbox 454 5776 628 5824; x_wconf 75' lang='lat' dir='ltr'>Bibliis</span> <span class='ocrx_word' id='word_1_533' title='bbox 650 5776 834 5839; x_wconf 71' lang='lat' dir='ltr'>légitur</span> <span class='ocrx_word' id='word_1_534' title='bbox 875 5779 954 5824; x_wconf 75' lang='grc' dir='ltr'>καί</span> <span class='ocrx_word' id='word_1_535' title='bbox 979 5779 1149 5839; x_wconf 77' lang='grc' dir='ltr'>ἔσομαι</span> <span class='ocrx_word' id='word_1_536' title='bbox 1175 5776 1348 5837; x_wconf 65' lang='grc' dir='ltr'>ἀὐτοῖς</span> <span class='ocrx_word' id='word_1_537' title='bbox 1387 5776 1450 5839; x_wconf 72' lang='grc' dir='ltr'>εἷς</span> <span class='ocrx_word' id='word_1_538' title='bbox 1474 5783 1610 5832; x_wconf 81' lang='grc' dir='ltr'>θεὸν.</span> 
     </span>
    </p>
   </div>
   <div class='ocr_carea' id='block_1_65' title="bbox 1111 234 2964 295">
    <p class='ocr_par' dir='ltr' id='par_1_65' title="bbox 1111 234 2964 295">
     <span class='ocr_line' id='line_1_65' title="bbox 1111 234 2964 295; baseline 0 -5"><span class='ocrx_word' id='word_1_539' title='bbox 1111 236 1169 293; x_wconf 89' lang='lat' dir='ltr'>S.</span> <span class='ocrx_word' id='word_1_540' title='bbox 1211 234 1498 293; x_wconf 80' lang='lat' dir='ltr'><strong>JOANNIS</strong></span> <span class='ocrx_word' id='word_1_541' title='bbox 1527 235 2015 295; x_wconf 77' lang='lat' dir='ltr'>CHRYSOSTOMI</span> <span class='ocrx_word' id='word_1_542' title='bbox 2057 236 2375 293; x_wconf 74' lang='lat' dir='ltr'>ARCIIIEP.</span> <span class='ocrx_word' id='word_1_543' title='bbox 2417 234 2964 294; x_wconf 75' lang='lat' dir='ltr'>CONSTANTINOP.</span> 
     </span>
    </p>
   </div>
   <div class='ocr_carea' id='block_1_66' title="bbox 2100 348 3780 422">
    <p class='ocr_par' dir='ltr' id='par_1_66' title="bbox 2100 348 3780 422">
     <span class='ocr_line' id='line_1_66' title="bbox 2100 348 3780 422; baseline -0.001 -16"><span class='ocrx_word' id='word_1_544' title='bbox 2100 353 2280 406; x_wconf 75' lang='grc' dir='ltr'>ἔθνεσι</span> <span class='ocrx_word' id='word_1_545' title='bbox 2321 357 2434 416; x_wconf 87' lang='grc' dir='ltr'>τοῖς</span> <span class='ocrx_word' id='word_1_546' title='bbox 2466 354 2524 405; x_wconf 87' lang='grc' dir='ltr'>ἐν</span> <span class='ocrx_word' id='word_1_547' title='bbox 2559 351 2842 422; x_wconf 75' lang='grc' dir='ltr'>Αἰγύπτῳ,</span> <span class='ocrx_word' id='word_1_548' title='bbox 2883 348 3116 422; x_wconf 80' lang='grc' dir='ltr'>σημείου</span> <span class='ocrx_word' id='word_1_549' title='bbox 3148 348 3306 421; x_wconf 86' lang='grc' dir='ltr'>χάριν</span> <span class='ocrx_word' id='word_1_550' title='bbox 3341 348 3441 420; x_wconf 73' lang='grc' dir='ltr'>τὴν</span> <span class='ocrx_word' id='word_1_551' title='bbox 3477 351 3780 422; x_wconf 73' lang='grc' dir='ltr'>περιτομὴν</span> 
     </span>
    </p>
   </div>
   <div class='ocr_carea' id='block_1_67' title="bbox 2100 437 3778 512">
    <p class='ocr_par' dir='ltr' id='par_1_67' title="bbox 2100 437 3778 512">
     <span class='ocr_line' id='line_1_67' title="bbox 2100 437 3778 512; baseline -0.001 -19"><span class='ocrx_word' id='word_1_552' title='bbox 2100 441 2180 512; x_wconf 83' lang='grc' dir='ltr'>τῷ</span> <span class='ocrx_word' id='word_1_553' title='bbox 2207 441 2400 512; x_wconf 83' lang='grc' dir='ltr'>δικαίῳ</span> <span class='ocrx_word' id='word_1_554' title='bbox 2457 441 2823 502; x_wconf 82' lang='grc' dir='ltr'>διατάττεται,</span> <span class='ocrx_word' id='word_1_555' title='bbox 2880 440 2975 492; x_wconf 84' lang='grc' dir='ltr'>καί</span> <span class='ocrx_word' id='word_1_556' title='bbox 3013 453 3198 508; x_wconf 71' lang='grc' dir='ltr'>φησιν·</span> <span class='ocrx_word' id='word_1_557' title='bbox 3233 439 3396 506; x_wconf 66' lang='grc' dir='ltr'>Αὕτη</span> <span class='ocrx_word' id='word_1_558' title='bbox 3426 440 3466 508; x_wconf 77' lang='grc' dir='ltr'><strong><em>ἡ</em></strong></span> <span class='ocrx_word' id='word_1_559' title='bbox 3499 437 3778 508; x_wconf 79' lang='grc' dir='ltr'>διαθήκη,</span> 
     </span>
    </p>
   </div>
   <div class='ocr_carea' id='block_1_68' title="bbox 2101 525 3780 598">
    <p class='ocr_par' dir='ltr' id='par_1_68' title="bbox 2101 525 3780 598">
     <span class='ocr_line' id='line_1_68' title="bbox 2101 525 3780 598; baseline 0 -17"><span class='ocrx_word' id='word_1_560' title='bbox 2101 527 2183 594; x_wconf 76' lang='grc' dir='ltr'>ἢν</span> <span class='ocrx_word' id='word_1_561' title='bbox 2205 528 2589 596; x_wconf 58' lang='lat' dir='ltr'>mmmam</span> <span class='ocrx_word' id='word_1_562' title='bbox 2616 530 2734 582; x_wconf 83' lang='grc' dir='ltr'>ἀνὰ</span> <span class='ocrx_word' id='word_1_563' title='bbox 2754 527 2949 598; x_wconf 76' lang='grc' dir='ltr'>μέσον</span> <span class='ocrx_word' id='word_1_564' title='bbox 2980 526 3128 596; x_wconf 79' lang='grc' dir='ltr'>ἐμοῦ</span> <span class='ocrx_word' id='word_1_565' title='bbox 3175 525 3274 579; x_wconf 79' lang='grc' dir='ltr'>καί</span> <span class='ocrx_word' id='word_1_566' title='bbox 3318 525 3507 596; x_wconf 81' lang='grc' dir='ltr'>ὑμῶν,</span> <span class='ocrx_word' id='word_1_567' title='bbox 3540 526 3641 579; x_wconf 77' lang='grc' dir='ltr'>καί</span> <span class='ocrx_word' id='word_1_568' title='bbox 3665 527 3780 581; x_wconf 68' lang='grc' dir='ltr'>ἀνὰ</span> 
     </span>
    </p>
   </div>
   <div class='ocr_carea' id='block_1_69' title="bbox 2094 612 3779 684">
    <p class='ocr_par' dir='ltr' id='par_1_69' title="bbox 2094 612 3779 684">
     <span class='ocr_line' id='line_1_69' title="bbox 2094 612 3779 684; baseline 0.001 -17"><span class='ocrx_word' id='word_1_569' title='bbox 2094 615 2291 684; x_wconf 78' lang='grc' dir='ltr'>μέσον</span> <span class='ocrx_word' id='word_1_570' title='bbox 2327 616 2434 669; x_wconf 88' lang='grc' dir='ltr'>τοῦ</span> <span class='ocrx_word' id='word_1_571' title='bbox 2473 616 2818 684; x_wconf 82' lang='grc' dir='ltr'>σπέρματός</span> <span class='ocrx_word' id='word_1_572' title='bbox 2844 629 2967 668; x_wconf 83' lang='grc' dir='ltr'>σου</span> <span class='ocrx_word' id='word_1_573' title='bbox 3005 612 3157 679; x_wconf 82' lang='grc' dir='ltr'>μετὰ</span> <span class='ocrx_word' id='word_1_574' title='bbox 3190 613 3270 666; x_wconf 82' lang='grc' dir='ltr'>σὲ</span> <span class='ocrx_word' id='word_1_575' title='bbox 3299 616 3393 679; x_wconf 82' lang='grc' dir='ltr'>είς</span> <span class='ocrx_word' id='word_1_576' title='bbox 3419 614 3529 680; x_wconf 81' lang='grc' dir='ltr'>τὰς</span> <span class='ocrx_word' id='word_1_577' title='bbox 3571 615 3779 684; x_wconf 72' lang='grc' dir='ltr'>γενεὰς</span> 
     </span>
    </p>
   </div>
   <div class='ocr_carea' id='block_1_70' title="bbox 2098 699 3777 773">
    <p class='ocr_par' dir='ltr' id='par_1_70' title="bbox 2098 699 3777 773">
     <span class='ocr_line' id='line_1_70' title="bbox 2098 699 3777 773; baseline 0 -17"><span class='ocrx_word' id='word_1_578' title='bbox 2098 701 2318 757; x_wconf 77' lang='grc' dir='ltr'>αὐτῶν.</span> <span class='ocrx_word' id='word_1_579' title='bbox 2351 703 2861 772; x_wconf 78' lang='grc' dir='ltr'>Περιτμηθήσεται</span> <span class='ocrx_word' id='word_1_580' title='bbox 2888 699 3057 771; x_wconf 78' lang='grc' dir='ltr'>ὑμῶν</span> <span class='ocrx_word' id='word_1_581' title='bbox 3087 700 3211 754; x_wconf 77' lang='grc' dir='ltr'>πᾶν</span> <span class='ocrx_word' id='word_1_582' title='bbox 3233 701 3579 768; x_wconf 70' lang='grc' dir='ltr'>ἀρσενικόν.</span> <span class='ocrx_word' id='word_1_583' title='bbox 3609 706 3777 773; x_wconf 75' lang='grc' dir='ltr'>Περι-</span> 
     </span>
    </p>
   </div>
   <div class='ocr_carea' id='block_1_71' title="bbox 2100 786 3776 858">
    <p class='ocr_par' dir='ltr' id='par_1_71' title="bbox 2100 786 3776 858">
     <span class='ocr_line' id='line_1_71' title="bbox 2100 786 3776 858; baseline 0.001 -16"><span class='ocrx_word' id='word_1_584' title='bbox 2100 789 2483 858; x_wconf 80' lang='grc' dir='ltr'>τμηθήσεσθε</span> <span class='ocrx_word' id='word_1_585' title='bbox 2509 789 2623 858; x_wconf 79' lang='grc' dir='ltr'>τὴν</span> <span class='ocrx_word' id='word_1_586' title='bbox 2644 789 2840 858; x_wconf 78' lang='grc' dir='ltr'>σάρκα</span> <span class='ocrx_word' id='word_1_587' title='bbox 2865 788 2974 858; x_wconf 80' lang='grc' dir='ltr'>τῆς</span> <span class='ocrx_word' id='word_1_588' title='bbox 3005 789 3408 855; x_wconf 77' lang='grc' dir='ltr'>ἀκροϐυστίας</span> <span class='ocrx_word' id='word_1_589' title='bbox 3435 788 3624 858; x_wconf 80' lang='grc' dir='ltr'>ὑμῶν.</span> <span class='ocrx_word' id='word_1_590' title='bbox 3645 786 3776 844; x_wconf 75' lang='grc' dir='ltr'>Εἶτα</span> 
     </span>
    </p>
   </div>
   <div class='ocr_carea' id='block_1_72' title="bbox 2102 875 3779 947">
    <p class='ocr_par' dir='ltr' id='par_1_72' title="bbox 2102 875 3779 947">
     <span class='ocr_line' id='line_1_72' title="bbox 2102 875 3779 947; baseline 0.002 -19"><span class='ocrx_word' id='word_1_591' title='bbox 2102 876 2190 930; x_wconf 78' lang='grc' dir='ltr'>ἵνα</span> <span class='ocrx_word' id='word_1_592' title='bbox 2228 877 2413 947; x_wconf 78' lang='grc' dir='ltr'>διδάξῃ</span> <span class='ocrx_word' id='word_1_593' title='bbox 2466 876 2753 940; x_wconf 90' lang='grc' dir='ltr'>κάκείνους</span> <span class='ocrx_word' id='word_1_594' title='bbox 2805 877 2901 928; x_wconf 76' lang='grc' dir='ltr'>καὶ</span> <span class='ocrx_word' id='word_1_595' title='bbox 2946 876 3153 938; x_wconf 83' lang='grc' dir='ltr'>πάντας</span> <span class='ocrx_word' id='word_1_596' title='bbox 3198 876 3365 944; x_wconf 76' lang='grc' dir='ltr'>ἡμᾶς,</span> <span class='ocrx_word' id='word_1_597' title='bbox 3404 875 3548 940; x_wconf 88' lang='grc' dir='ltr'>τίνος</span> <span class='ocrx_word' id='word_1_598' title='bbox 3589 877 3779 932; x_wconf 72' lang='grc' dir='ltr'>ἕνεκεν</span> 
     </span>
    </p>
   </div>
   <div class='ocr_carea' id='block_1_73' title="bbox 2100 961 3776 1034">
    <p class='ocr_par' dir='ltr' id='par_1_73' title="bbox 2100 961 3776 1034">
     <span class='ocr_line' id='line_1_73' title="bbox 2100 961 3776 1034; baseline 0.002 -19"><span class='ocrx_word' id='word_1_599' title='bbox 2100 963 2258 1016; x_wconf 90' lang='grc' dir='ltr'>τοῦτο</span> <span class='ocrx_word' id='word_1_600' title='bbox 2294 964 2542 1028; x_wconf 80' lang='grc' dir='ltr'>ἐπέταξε,</span> <span class='ocrx_word' id='word_1_601' title='bbox 2573 963 2668 1017; x_wconf 77' lang='grc' dir='ltr'>καὶ</span> <span class='ocrx_word' id='word_1_602' title='bbox 2698 965 2779 1016; x_wconf 79' lang='grc' dir='ltr'>ὅτι</span> <span class='ocrx_word' id='word_1_603' title='bbox 2809 963 3020 1027; x_wconf 76' lang='grc' dir='ltr'>οὐδενὸς</span> <span class='ocrx_word' id='word_1_604' title='bbox 3053 963 3239 1033; x_wconf 88' lang='grc' dir='ltr'>ἐτέρου</span> <span class='ocrx_word' id='word_1_605' title='bbox 3269 963 3429 1034; x_wconf 90' lang='grc' dir='ltr'>χάριν</span> <span class='ocrx_word' id='word_1_606' title='bbox 3456 961 3618 1017; x_wconf 89' lang='grc' dir='ltr'>τοῦτο</span> <span class='ocrx_word' id='word_1_607' title='bbox 3652 963 3776 1034; x_wconf 80' lang='grc' dir='ltr'>βού-</span> 
     </span>
    </p>
   </div>
   <div class='ocr_carea' id='block_1_74' title="bbox 2099 1045 3775 1121">
    <p class='ocr_par' dir='ltr' id='par_1_74' title="bbox 2099 1045 3775 1121">
     <span class='ocr_line' id='line_1_74' title="bbox 2099 1045 3775 1121; baseline 0.002 -19"><span class='ocrx_word' id='word_1_608' title='bbox 2099 1050 2248 1103; x_wconf 86' lang='grc' dir='ltr'>λεται</span> <span class='ocrx_word' id='word_1_609' title='bbox 2273 1051 2542 1119; x_wconf 86' lang='grc' dir='ltr'>γίνεσθαι,</span> <span class='ocrx_word' id='word_1_610' title='bbox 2564 1051 2678 1104; x_wconf 87' lang='grc' dir='ltr'>ἀλλ’</span> <span class='ocrx_word' id='word_1_611' title='bbox 2707 1051 2740 1121; x_wconf 82' lang='grc' dir='ltr'><strong>ἥ</strong></span> <span class='ocrx_word' id='word_1_612' title='bbox 2775 1050 2915 1102; x_wconf 84' lang='grc' dir='ltr'>ὥστε</span> <span class='ocrx_word' id='word_1_613' title='bbox 2943 1049 3211 1120; x_wconf 73' lang='grc' dir='ltr'>ἐπίσημον</span> <span class='ocrx_word' id='word_1_614' title='bbox 3237 1045 3374 1103; x_wconf 78' lang='grc' dir='ltr'>εἶναι</span> <span class='ocrx_word' id='word_1_615' title='bbox 3399 1050 3492 1104; x_wconf 81' lang='grc' dir='ltr'>τὸν</span> <span class='ocrx_word' id='word_1_616' title='bbox 3521 1050 3654 1104; x_wconf 80' lang='grc' dir='ltr'>λαὸν</span> <span class='ocrx_word' id='word_1_617' title='bbox 3681 1051 3775 1105; x_wconf 72' lang='grc' dir='ltr'>τὸν</span> 
     </span>
    </p>
   </div>
   <div class='ocr_carea' id='block_1_75' title="bbox 2100 1136 3772 1208">
    <p class='ocr_par' dir='ltr' id='par_1_75' title="bbox 2100 1136 3772 1208">
     <span class='ocr_line' id='line_1_75' title="bbox 2100 1136 3772 1208; baseline 0 -18"><span class='ocrx_word' id='word_1_618' title='bbox 2100 1138 2250 1208; x_wconf 79' lang='grc' dir='ltr'>αὐτῷ</span> <span class='ocrx_word' id='word_1_619' title='bbox 2281 1139 2656 1208; x_wconf 87' lang='grc' dir='ltr'>ἀνακείμενον,</span> <span class='ocrx_word' id='word_1_620' title='bbox 2689 1137 2839 1208; x_wconf 77' lang='grc' dir='ltr'>φησὶ,</span> <span class='ocrx_word' id='word_1_621' title='bbox 2874 1137 2982 1190; x_wconf 85' lang='lat' dir='ltr'><strong><em>Kal</em></strong></span> <span class='ocrx_word' id='word_1_622' title='bbox 3009 1136 3179 1189; x_wconf 77' lang='grc' dir='ltr'>ἔσται</span> <span class='ocrx_word' id='word_1_623' title='bbox 3204 1137 3275 1190; x_wconf 81' lang='grc' dir='ltr'>ὲν</span> <span class='ocrx_word' id='word_1_624' title='bbox 3301 1137 3532 1206; x_wconf 77' lang='grc' dir='ltr'>σημείῳ</span> <span class='ocrx_word' id='word_1_625' title='bbox 3565 1137 3772 1206; x_wconf 74' lang='grc' dir='ltr'>διαθή-</span> 
     </span>
    </p>
   </div>
   <div class='ocr_carea' id='block_1_76' title="bbox 2100 1222 3775 1294">
    <p class='ocr_par' dir='ltr' id='par_1_76' title="bbox 2100 1222 3775 1294">
     <span class='ocr_line' id='line_1_76' title="bbox 2100 1222 3775 1294; baseline 0.001 -16"><span class='ocrx_word' id='word_1_626' title='bbox 2100 1243 2212 1293; x_wconf 78' lang='grc' dir='ltr'>κης</span> <span class='ocrx_word' id='word_1_627' title='bbox 2251 1225 2368 1280; x_wconf 80' lang='grc' dir='ltr'>ἀνὰ</span> <span class='ocrx_word' id='word_1_628' title='bbox 2415 1225 2610 1294; x_wconf 82' lang='grc' dir='ltr'>μέσον</span> <span class='ocrx_word' id='word_1_629' title='bbox 2649 1224 2796 1293; x_wconf 81' lang='grc' dir='ltr'>ἐμοῦ</span> <span class='ocrx_word' id='word_1_630' title='bbox 2836 1224 2934 1277; x_wconf 80' lang='grc' dir='ltr'>καί</span> <span class='ocrx_word' id='word_1_631' title='bbox 2975 1222 3160 1291; x_wconf 82' lang='grc' dir='ltr'>ὑμῶν.</span> <span class='ocrx_word' id='word_1_632' title='bbox 3194 1223 3302 1275; x_wconf 78' lang='grc' dir='ltr'>Καὶ</span> <span class='ocrx_word' id='word_1_633' title='bbox 3343 1222 3529 1277; x_wconf 76' lang='grc' dir='ltr'>λοιπὸν</span> <span class='ocrx_word' id='word_1_634' title='bbox 3559 1227 3655 1278; x_wconf 73' lang='grc' dir='ltr'>καὶ</span> <span class='ocrx_word' id='word_1_635' title='bbox 3681 1226 3775 1279; x_wconf 73' lang='grc' dir='ltr'>τὸν</span> 
     </span>
    </p>
   </div>
   <div class='ocr_carea' id='block_1_77' title="bbox 2101 1310 3770 1382">
    <p class='ocr_par' dir='ltr' id='par_1_77' title="bbox 2101 1310 3770 1382">
     <span class='ocr_line' id='line_1_77' title="bbox 2101 1310 3770 1382; baseline 0.002 -18"><span class='ocrx_word' id='word_1_636' title='bbox 2101 1311 2292 1382; x_wconf 79' lang='grc' dir='ltr'>καιρὸν</span> <span class='ocrx_word' id='word_1_637' title='bbox 2323 1311 2685 1375; x_wconf 83' lang='grc' dir='ltr'>διατάττεται,</span> <span class='ocrx_word' id='word_1_638' title='bbox 2713 1322 2734 1349; x_wconf 73' lang='grc' dir='ltr'>ε</span> <span class='ocrx_word' id='word_1_639' title='bbox 2768 1310 2892 1364; x_wconf 84' lang='grc' dir='ltr'>καθ’</span> <span class='ocrx_word' id='word_1_640' title='bbox 2921 1310 2980 1363; x_wconf 82' lang='grc' dir='ltr'>ὃν</span> <span class='ocrx_word' id='word_1_641' title='bbox 3007 1312 3276 1381; x_wconf 86' lang='grc' dir='ltr'>προσήκει</span> <span class='ocrx_word' id='word_1_642' title='bbox 3315 1310 3475 1365; x_wconf 90' lang='grc' dir='ltr'>τοῦτο</span> <span class='ocrx_word' id='word_1_643' title='bbox 3501 1312 3770 1380; x_wconf 86' lang='grc' dir='ltr'>γίνεσθαι.</span> 
     </span>
    </p>
   </div>
   <div class='ocr_carea' id='block_1_78' title="bbox 2100 1395 3775 1469">
    <p class='ocr_par' dir='ltr' id='par_1_78' title="bbox 2100 1395 3775 1469">
     <span class='ocr_line' id='line_1_78' title="bbox 2100 1395 3775 1469; baseline 0.001 -17"><span class='ocrx_word' id='word_1_644' title='bbox 2100 1398 2350 1452; x_wconf 79' lang='grc' dir='ltr'>Παιδίον</span> <span class='ocrx_word' id='word_1_645' title='bbox 2393 1397 2526 1468; x_wconf 73' lang='grc' dir='ltr'>γὰρ,</span> <span class='ocrx_word' id='word_1_646' title='bbox 2571 1398 2757 1469; x_wconf 75' lang='grc' dir='ltr'>φησὶν,</span> <span class='ocrx_word' id='word_1_647' title='bbox 2803 1397 2956 1452; x_wconf 78' lang='grc' dir='ltr'>ὀκτὼ</span> <span class='ocrx_word' id='word_1_648' title='bbox 2997 1395 3234 1466; x_wconf 72' lang='grc' dir='ltr'>ἡμερῶν</span> <span class='ocrx_word' id='word_1_649' title='bbox 3272 1398 3775 1467; x_wconf 79' lang='grc' dir='ltr'>περιτμηθήσεται</span> 
     </span>
    </p>
   </div>
   <div class='ocr_carea' id='block_1_79' title="bbox 2099 1485 3774 1555">
    <p class='ocr_par' dir='ltr' id='par_1_79' title="bbox 2099 1485 3774 1555">
     <span class='ocr_line' id='line_1_79' title="bbox 2099 1485 3774 1555; baseline 0.001 -16"><span class='ocrx_word' id='word_1_650' title='bbox 2099 1485 2262 1555; x_wconf 80' lang='grc' dir='ltr'>ὑμῖν,</span> <span class='ocrx_word' id='word_1_651' title='bbox 2280 1487 2379 1540; x_wconf 78' lang='grc' dir='ltr'>καὶ</span> <span class='ocrx_word' id='word_1_652' title='bbox 2397 1489 2430 1540; x_wconf 81' lang='grc' dir='ltr'><em>ὁ</em></span> <span class='ocrx_word' id='word_1_653' title='bbox 2455 1486 2788 1555; x_wconf 74' lang='grc' dir='ltr'>οίκογενὴς,</span> <span class='ocrx_word' id='word_1_654' title='bbox 2816 1486 2914 1539; x_wconf 79' lang='grc' dir='ltr'>καὶ</span> <span class='ocrx_word' id='word_1_655' title='bbox 2935 1489 2968 1540; x_wconf 84' lang='grc' dir='ltr'>ό</span> <span class='ocrx_word' id='word_1_656' title='bbox 2982 1485 3416 1554; x_wconf 76' lang='grc' dir='ltr'>ἀργυρώνητος,</span> <span class='ocrx_word' id='word_1_657' title='bbox 3434 1485 3532 1540; x_wconf 76' lang='grc' dir='ltr'>καί</span> <span class='ocrx_word' id='word_1_658' title='bbox 3547 1486 3774 1554; x_wconf 77' lang='grc' dir='ltr'>πάντες</span> 
     </span>
    </p>
   </div>
   <div class='ocr_carea' id='block_1_80' title="bbox 2101 1573 3776 1644">
    <p class='ocr_par' dir='ltr' id='par_1_80' title="bbox 2101 1573 3776 1644">
     <span class='ocr_line' id='line_1_80' title="bbox 2101 1573 3776 1644; baseline 0.001 -16"><span class='ocrx_word' id='word_1_659' title='bbox 2101 1573 2496 1640; x_wconf 77' lang='grc' dir='ltr'>ἁπαξαπλῶς,</span> <span class='ocrx_word' id='word_1_660' title='bbox 2521 1575 2601 1640; x_wconf 83' lang='grc' dir='ltr'>ὡς</span> <span class='ocrx_word' id='word_1_661' title='bbox 2621 1574 2830 1638; x_wconf 74' lang='grc' dir='ltr'>εἰπεῖν,</span> <span class='ocrx_word' id='word_1_662' title='bbox 2859 1577 2913 1628; x_wconf 83' lang='grc' dir='ltr'>οι</span> <span class='ocrx_word' id='word_1_663' title='bbox 2937 1575 3227 1640; x_wconf 78' lang='grc' dir='ltr'>συνόντες</span> <span class='ocrx_word' id='word_1_664' title='bbox 3257 1573 3399 1643; x_wconf 81' lang='grc' dir='ltr'>ὑμῖν</span> <span class='ocrx_word' id='word_1_665' title='bbox 3419 1575 3485 1627; x_wconf 82' lang='grc' dir='ltr'>τὸ</span> <span class='ocrx_word' id='word_1_666' title='bbox 3519 1575 3776 1644; x_wconf 81' lang='grc' dir='ltr'>σημεῖον</span> 
     </span>
    </p>
   </div>
   <div class='ocr_carea' id='block_1_81' title="bbox 2103 1661 3776 1733">
    <p class='ocr_par' dir='ltr' id='par_1_81' title="bbox 2103 1661 3776 1733">
     <span class='ocr_line' id='line_1_81' title="bbox 2103 1661 3776 1733; baseline 0.001 -17"><span class='ocrx_word' id='word_1_667' title='bbox 2103 1661 2282 1718; x_wconf 80' lang='grc' dir='ltr'>τοῦτο</span> <span class='ocrx_word' id='word_1_668' title='bbox 2310 1662 2604 1728; x_wconf 79' lang='grc' dir='ltr'>δέξονται.</span> <span class='ocrx_word' id='word_1_669' title='bbox 2622 1665 2728 1720; x_wconf 82' lang='grc' dir='ltr'>Καί</span> <span class='ocrx_word' id='word_1_670' title='bbox 2747 1666 2917 1732; x_wconf 86' lang='grc' dir='ltr'>ὅστις</span> <span class='ocrx_word' id='word_1_671' title='bbox 2931 1666 3004 1719; x_wconf 84' lang='grc' dir='ltr'>οὐ</span> <span class='ocrx_word' id='word_1_672' title='bbox 3020 1663 3526 1733; x_wconf 79' lang='grc' dir='ltr'>περιτμηθήσεται</span> <span class='ocrx_word' id='word_1_673' title='bbox 3540 1661 3617 1731; x_wconf 74' lang='grc' dir='ltr'>τῇ</span> <span class='ocrx_word' id='word_1_674' title='bbox 3630 1663 3776 1733; x_wconf 76' lang='grc' dir='ltr'>ἠμέ-</span> 
     </span>
    </p>
   </div>
   <div class='ocr_carea' id='block_1_82' title="bbox 2097 1745 3776 1819">
    <p class='ocr_par' dir='ltr' id='par_1_82' title="bbox 2097 1745 3776 1819">
     <span class='ocr_line' id='line_1_82' title="bbox 2097 1745 3776 1819; baseline 0.002 -22"><span class='ocrx_word' id='word_1_675' title='bbox 2097 1761 2178 1812; x_wconf 81' lang='grc' dir='ltr'>ρᾳ</span> <span class='ocrx_word' id='word_1_676' title='bbox 2188 1745 2260 1813; x_wconf 80' lang='grc' dir='ltr'>τῇ</span> <span class='ocrx_word' id='word_1_677' title='bbox 2270 1746 2718 1819; x_wconf 65' lang='grc' dir='ltr'>διατεταηιένη.</span> <span class='ocrx_word' id='word_1_678' title='bbox 2732 1750 3332 1817; x_wconf 80' lang='grc' dir='ltr'>ἐξολοθρευθησεται,</span> <span class='ocrx_word' id='word_1_679' title='bbox 3345 1747 3431 1801; x_wconf 83' lang='grc' dir='ltr'>ὅτι</span> <span class='ocrx_word' id='word_1_680' title='bbox 3445 1746 3776 1814; x_wconf 75' lang='grc' dir='ltr'>τὴνδιαθή-</span> 
     </span>
    </p>
   </div>
   <div class='ocr_carea' id='block_1_83' title="bbox 2101 1832 3772 1906">
    <p class='ocr_par' dir='ltr' id='par_1_83' title="bbox 2101 1832 3772 1906">
     <span class='ocr_line' id='line_1_83' title="bbox 2101 1832 3772 1906; baseline 0.003 -25"><span class='ocrx_word' id='word_1_681' title='bbox 2101 1842 2220 1894; x_wconf 75' lang='grc' dir='ltr'>κην</span> <span class='ocrx_word' id='word_1_682' title='bbox 2225 1848 2344 1899; x_wconf 83' lang='grc' dir='ltr'>μου</span> <span class='ocrx_word' id='word_1_683' title='bbox 2367 1833 2776 1889; x_wconf 81' lang='grc' dir='ltr'>διεσκέδασεν·</span> <span class='ocrx_word' id='word_1_684' title='bbox 2799 1836 2882 1889; x_wconf 83' lang='grc' dir='ltr'>ὅτι</span> <span class='ocrx_word' id='word_1_685' title='bbox 2901 1834 3143 1906; x_wconf 77' lang='grc' dir='ltr'>παρέϐη,</span> <span class='ocrx_word' id='word_1_686' title='bbox 3161 1833 3316 1904; x_wconf 81' lang='grc' dir='ltr'>φησὶ,</span> <span class='ocrx_word' id='word_1_687' title='bbox 3329 1835 3390 1888; x_wconf 84' lang='grc' dir='ltr'>τὸ</span> <span class='ocrx_word' id='word_1_688' title='bbox 3410 1832 3772 1906; x_wconf 84' lang='grc' dir='ltr'>προσταχθέν.</span> 
     </span>
    </p>
   </div>
   <div class='ocr_carea' id='block_1_84' title="bbox 2170 1921 3773 1993">
    <p class='ocr_par' dir='ltr' id='par_1_84' title="bbox 2170 1921 3773 1993">
     <span class='ocr_line' id='line_1_84' title="bbox 2170 1921 3773 1993; baseline 0 -19"><span class='ocrx_word' id='word_1_689' title='bbox 2170 1923 2316 1993; x_wconf 83' lang='grc' dir='ltr'>Ὅρα</span> <span class='ocrx_word' id='word_1_690' title='bbox 2358 1924 2550 1990; x_wconf 79' lang='grc' dir='ltr'>σοφίαν</span> <span class='ocrx_word' id='word_1_691' title='bbox 2595 1924 2865 1976; x_wconf 81' lang='grc' dir='ltr'>Δεσπότου</span> <span class='ocrx_word' id='word_1_692' title='bbox 2885 1963 2902 1985; x_wconf 95' lang='grc'>,</span> <span class='ocrx_word' id='word_1_693' title='bbox 2952 1923 3069 1986; x_wconf 87' lang='grc' dir='ltr'>πῶς</span> <span class='ocrx_word' id='word_1_694' title='bbox 3115 1921 3269 1983; x_wconf 76' lang='grc' dir='ltr'>εἰδὼς</span> <span class='ocrx_word' id='word_1_695' title='bbox 3310 1921 3420 1974; x_wconf 88' lang='grc' dir='ltr'>τῶν</span> <span class='ocrx_word' id='word_1_696' title='bbox 3471 1921 3773 1992; x_wconf 83' lang='grc' dir='ltr'>μελλόντων</span> 
     </span>
    </p>
   </div>
   <div class='ocr_carea' id='block_1_85' title="bbox 2097 2007 3774 2081">
    <p class='ocr_par' dir='ltr' id='par_1_85' title="bbox 2097 2007 3774 2081">
     <span class='ocr_line' id='line_1_85' title="bbox 2097 2007 3774 2081; baseline 0.002 -21"><span class='ocrx_word' id='word_1_697' title='bbox 2097 2007 2317 2062; x_wconf 74' lang='grc' dir='ltr'>ἔσεσθαι</span> <span class='ocrx_word' id='word_1_698' title='bbox 2349 2009 2411 2062; x_wconf 76' lang='grc' dir='ltr'>τὸ</span> <span class='ocrx_word' id='word_1_699' title='bbox 2447 2009 2633 2072; x_wconf 83' lang='grc' dir='ltr'>ἀτελὲς</span> <span class='ocrx_word' id='word_1_700' title='bbox 2673 2009 2774 2078; x_wconf 82' lang='grc' dir='ltr'>τῆς</span> <span class='ocrx_word' id='word_1_701' title='bbox 2813 2008 3073 2081; x_wconf 82' lang='grc' dir='ltr'>γνώμης,</span> <span class='ocrx_word' id='word_1_702' title='bbox 3115 2009 3366 2078; x_wconf 87' lang='grc' dir='ltr'>καθάπερ</span> <span class='ocrx_word' id='word_1_703' title='bbox 3405 2009 3620 2078; x_wconf 87' lang='grc' dir='ltr'>χαλινόν</span> <span class='ocrx_word' id='word_1_704' title='bbox 3654 2027 3774 2065; x_wconf 85' lang='grc' dir='ltr'>τινα</span> 
     </span>
    </p>
   </div>
   <div class='ocr_carea' id='block_1_86' title="bbox 2097 2095 3778 2168">
    <p class='ocr_par' dir='ltr' id='par_1_86' title="bbox 2097 2095 3778 2168">
     <span class='ocr_line' id='line_1_86' title="bbox 2097 2095 3778 2168; baseline 0.002 -20"><span class='ocrx_word' id='word_1_705' title='bbox 2097 2095 2392 2160; x_wconf 80' lang='grc' dir='ltr'>ἐπιτιθεὶς,</span> <span class='ocrx_word' id='word_1_706' title='bbox 2435 2095 2578 2149; x_wconf 78' lang='grc' dir='ltr'>οὕτω</span> <span class='ocrx_word' id='word_1_707' title='bbox 2626 2095 2776 2167; x_wconf 73' lang='grc'><strong>[4011</strong></span> <span class='ocrx_word' id='word_1_708' title='bbox 2821 2097 2880 2151; x_wconf 85' lang='grc' dir='ltr'>τὸ</span> <span class='ocrx_word' id='word_1_709' title='bbox 2917 2099 3142 2167; x_wconf 85' lang='grc' dir='ltr'>σημεῖον</span> <span class='ocrx_word' id='word_1_710' title='bbox 3195 2095 3353 2148; x_wconf 90' lang='grc' dir='ltr'>τοῦτο</span> <span class='ocrx_word' id='word_1_711' title='bbox 3407 2095 3507 2166; x_wconf 81' lang='grc' dir='ltr'>τῆς</span> <span class='ocrx_word' id='word_1_712' title='bbox 3559 2113 3778 2168; x_wconf 83' lang='grc' dir='ltr'>περιτο-</span> 
     </span>
    </p>
   </div>
   <div class='ocr_carea' id='block_1_87' title="bbox 2101 2181 3773 2256">
    <p class='ocr_par' dir='ltr' id='par_1_87' title="bbox 2101 2181 3773 2256">
     <span class='ocr_line' id='line_1_87' title="bbox 2101 2181 3773 2256; baseline 0.001 -20"><span class='ocrx_word' id='word_1_713' title='bbox 2101 2181 2212 2254; x_wconf 82' lang='grc' dir='ltr'>μῆς</span> <span class='ocrx_word' id='word_1_714' title='bbox 2240 2183 2430 2249; x_wconf 72' lang='grc' dir='ltr'>ἔδωκε,</span> <span class='ocrx_word' id='word_1_715' title='bbox 2459 2185 2560 2255; x_wconf 87' lang='grc' dir='ltr'>τὴν</span> <span class='ocrx_word' id='word_1_716' title='bbox 2589 2185 2766 2256; x_wconf 84' lang='grc' dir='ltr'>ὁρμὴν</span> <span class='ocrx_word' id='word_1_717' title='bbox 2800 2185 2980 2239; x_wconf 85' lang='grc' dir='ltr'>αὐτῶν</span> <span class='ocrx_word' id='word_1_718' title='bbox 3011 2185 3110 2256; x_wconf 82' lang='grc' dir='ltr'>τὴν</span> <span class='ocrx_word' id='word_1_719' title='bbox 3138 2183 3440 2238; x_wconf 88' lang='grc' dir='ltr'>ἀκάθεκτον</span> <span class='ocrx_word' id='word_1_720' title='bbox 3465 2184 3773 2251; x_wconf 74' lang='grc' dir='ltr'>ἐκκόπτων,</span> 
     </span>
    </p>
   </div>
   <div class='ocr_carea' id='block_1_88' title="bbox 2099 2267 3772 2341">
    <p class='ocr_par' dir='ltr' id='par_1_88' title="bbox 2099 2267 3772 2341">
     <span class='ocr_line' id='line_1_88' title="bbox 2099 2267 3772 2341; baseline 0.002 -21"><span class='ocrx_word' id='word_1_721' title='bbox 2099 2267 2240 2322; x_wconf 86' lang='grc' dir='ltr'>ῶστε</span> <span class='ocrx_word' id='word_1_722' title='bbox 2277 2271 2353 2341; x_wconf 77' lang='grc' dir='ltr'>μὴ</span> <span class='ocrx_word' id='word_1_723' title='bbox 2373 2273 2485 2334; x_wconf 85' lang='grc' dir='ltr'>τοῖς</span> <span class='ocrx_word' id='word_1_724' title='bbox 2505 2271 2681 2326; x_wconf 79' lang='grc' dir='ltr'>ἔθνεσι</span> <span class='ocrx_word' id='word_1_725' title='bbox 2720 2270 3243 2341; x_wconf 87' lang='grc' dir='ltr'>συναναμίγνυσθαι.</span> <span class='ocrx_word' id='word_1_726' title='bbox 3281 2269 3499 2341; x_wconf 80' lang='grc' dir='ltr'>Ἐπειδὴ</span> <span class='ocrx_word' id='word_1_727' title='bbox 3518 2269 3630 2341; x_wconf 86' lang='grc' dir='ltr'>γὰρ</span> <span class='ocrx_word' id='word_1_728' title='bbox 3657 2270 3772 2340; x_wconf 70' lang='grc' dir='ltr'>ᾔδει</span> 
     </span>
    </p>
   </div>
   <div class='ocr_carea' id='block_1_89' title="bbox 2097 2350 3773 2428">
    <p class='ocr_par' dir='ltr' id='par_1_89' title="bbox 2097 2350 3773 2428">
     <span class='ocr_line' id='line_1_89' title="bbox 2097 2350 3773 2428; baseline 0.002 -20"><span class='ocrx_word' id='word_1_729' title='bbox 2097 2355 2276 2409; x_wconf 83' lang='grc' dir='ltr'>αὐτῶν</span> <span class='ocrx_word' id='word_1_730' title='bbox 2299 2357 2359 2410; x_wconf 85' lang='grc' dir='ltr'>τὸ</span> <span class='ocrx_word' id='word_1_731' title='bbox 2393 2358 2606 2426; x_wconf 85' lang='grc' dir='ltr'>λάγνον,</span> <span class='ocrx_word' id='word_1_732' title='bbox 2635 2359 2729 2410; x_wconf 77' lang='grc' dir='ltr'>καὶ</span> <span class='ocrx_word' id='word_1_733' title='bbox 2755 2360 2837 2410; x_wconf 81' lang='grc' dir='ltr'>ὅτι</span> <span class='ocrx_word' id='word_1_734' title='bbox 2860 2359 2958 2411; x_wconf 90' lang='grc' dir='ltr'>ούκ</span> <span class='ocrx_word' id='word_1_735' title='bbox 2981 2356 3280 2422; x_wconf 78' lang='grc' dir='ltr'>ἀνέξονται,</span> <span class='ocrx_word' id='word_1_736' title='bbox 3306 2357 3410 2410; x_wconf 80' lang='grc' dir='ltr'>κᾶν</span> <span class='ocrx_word' id='word_1_737' title='bbox 3435 2350 3536 2409; x_wconf 84' lang='grc' dir='ltr'>ῶσι</span> <span class='ocrx_word' id='word_1_738' title='bbox 3570 2357 3773 2428; x_wconf 78' lang='grc' dir='ltr'>μυριάο</span> 
     </span>
    </p>
   </div>
   <div class='ocr_carea' id='block_1_90' title="bbox 2097 2444 3778 2516">
    <p class='ocr_par' dir='ltr' id='par_1_90' title="bbox 2097 2444 3778 2516">
     <span class='ocr_line' id='line_1_90' title="bbox 2097 2444 3778 2516; baseline 0.002 -21"><span class='ocrx_word' id='word_1_739' title='bbox 2097 2459 2183 2505; x_wconf 89' lang='grc' dir='ltr'>κις</span> <span class='ocrx_word' id='word_1_740' title='bbox 2209 2444 2402 2513; x_wconf 86' lang='grc' dir='ltr'>ἐνηχού</span> <span class='ocrx_word' id='word_1_741' title='bbox 2411 2461 2580 2514; x_wconf 89' lang='grc' dir='ltr'>μενοι,</span> <span class='ocrx_word' id='word_1_742' title='bbox 2602 2446 2936 2515; x_wconf 75' lang='grc' dir='ltr'>ἀποσχέσθαι</span> <span class='ocrx_word' id='word_1_743' title='bbox 2959 2447 3056 2515; x_wconf 82' lang='grc' dir='ltr'>τῆς</span> <span class='ocrx_word' id='word_1_744' title='bbox 3072 2445 3267 2513; x_wconf 85' lang='grc' dir='ltr'>ἀλόγου</span> <span class='ocrx_word' id='word_1_745' title='bbox 3289 2445 3484 2516; x_wconf 84' lang='grc' dir='ltr'>ὁρμῆς,</span> <span class='ocrx_word' id='word_1_746' title='bbox 3507 2445 3595 2498; x_wconf 75' lang='grc' dir='ltr'>διὰ</span> <span class='ocrx_word' id='word_1_747' title='bbox 3613 2445 3778 2499; x_wconf 84' lang='grc' dir='ltr'>τοῦτο</span> 
     </span>
    </p>
   </div>
   <div class='ocr_carea' id='block_1_91' title="bbox 2095 2526 3774 2602">
    <p class='ocr_par' dir='ltr' id='par_1_91' title="bbox 2095 2526 3774 2602">
     <span class='ocr_line' id='line_1_91' title="bbox 2095 2526 3774 2602; baseline 0.004 -23"><span class='ocrx_word' id='word_1_748' title='bbox 2095 2526 2315 2598; x_wconf 83' lang='grc' dir='ltr'>διηνεκῆ</span> <span class='ocrx_word' id='word_1_749' title='bbox 2357 2530 2662 2601; x_wconf 83' lang='grc' dir='ltr'>ὑπόμνησιν</span> <span class='ocrx_word' id='word_1_750' title='bbox 2701 2533 2884 2596; x_wconf 83' lang='grc' dir='ltr'>αὐτοῖς</span> <span class='ocrx_word' id='word_1_751' title='bbox 2926 2533 3123 2595; x_wconf 82' lang='grc' dir='ltr'>διδοὺς,</span> <span class='ocrx_word' id='word_1_752' title='bbox 3155 2532 3405 2602; x_wconf 86' lang='grc' dir='ltr'>καθάπερ</span> <span class='ocrx_word' id='word_1_753' title='bbox 3436 2531 3621 2602; x_wconf 82' lang='grc' dir='ltr'>δεσμῷ</span> <span class='ocrx_word' id='word_1_754' title='bbox 3663 2549 3774 2586; x_wconf 89' lang='grc' dir='ltr'>τινι</span> 
     </span>
    </p>
   </div>
   <div class='ocr_carea' id='block_1_92' title="bbox 2097 2615 3781 2690">
    <p class='ocr_par' dir='ltr' id='par_1_92' title="bbox 2097 2615 3781 2690">
     <span class='ocr_line' id='line_1_92' title="bbox 2097 2615 3781 2690; baseline 0.004 -24"><span class='ocrx_word' id='word_1_755' title='bbox 2097 2615 2385 2686; x_wconf 81' lang='grc' dir='ltr'>περιέϐαλε</span> <span class='ocrx_word' id='word_1_756' title='bbox 2414 2617 2492 2688; x_wconf 85' lang='grc' dir='ltr'>τῷ</span> <span class='ocrx_word' id='word_1_757' title='bbox 2532 2619 2741 2690; x_wconf 85' lang='grc' dir='ltr'>σημείῳ</span> <span class='ocrx_word' id='word_1_758' title='bbox 2769 2619 2870 2690; x_wconf 80' lang='grc' dir='ltr'>τῆς</span> <span class='ocrx_word' id='word_1_759' title='bbox 2909 2619 3233 2690; x_wconf 78' lang='grc' dir='ltr'>περιτομῆς,</span> <span class='ocrx_word' id='word_1_760' title='bbox 3273 2619 3431 2689; x_wconf 83' lang='grc' dir='ltr'>ὅρους</span> <span class='ocrx_word' id='word_1_761' title='bbox 3460 2619 3644 2681; x_wconf 73' lang='grc' dir='ltr'>αὐτοῖς</span> <span class='ocrx_word' id='word_1_762' title='bbox 3676 2620 3781 2672; x_wconf 74' lang='grc' dir='ltr'>καὶ</span> 
     </span>
    </p>
   </div>
   <div class='ocr_carea' id='block_1_93' title="bbox 2096 2701 3772 2777">
    <p class='ocr_par' dir='ltr' id='par_1_93' title="bbox 2096 2701 3772 2777">
     <span class='ocr_line' id='line_1_93' title="bbox 2096 2701 3772 2777; baseline 0.004 -24"><span class='ocrx_word' id='word_1_763' title='bbox 2096 2701 2324 2767; x_wconf 73' lang='grc' dir='ltr'>κανόνας</span> <span class='ocrx_word' id='word_1_764' title='bbox 2346 2703 2520 2768; x_wconf 83' lang='grc' dir='ltr'>διδοὺς</span> <span class='ocrx_word' id='word_1_765' title='bbox 2551 2705 2624 2776; x_wconf 76' lang='grc' dir='ltr'>μὴ</span> <span class='ocrx_word' id='word_1_766' title='bbox 2646 2707 2952 2776; x_wconf 90' lang='grc' dir='ltr'>περαιτέρω</span> <span class='ocrx_word' id='word_1_767' title='bbox 2975 2705 3309 2776; x_wconf 78' lang='grc' dir='ltr'>προϐαίνειν,</span> <span class='ocrx_word' id='word_1_768' title='bbox 3331 2704 3465 2758; x_wconf 79' lang='grc' dir='ltr'>ἀλλὰ</span> <span class='ocrx_word' id='word_1_769' title='bbox 3489 2705 3650 2777; x_wconf 81' lang='grc' dir='ltr'>μέχρι</span> <span class='ocrx_word' id='word_1_770' title='bbox 3671 2706 3772 2760; x_wconf 81' lang='grc' dir='ltr'>τοῦ</span> 
     </span>
    </p>
   </div>
   <div class='ocr_carea' id='block_1_94' title="bbox 2095 2788 3774 2864">
    <p class='ocr_par' dir='ltr' id='par_1_94' title="bbox 2095 2788 3774 2864">
     <span class='ocr_line' id='line_1_94' title="bbox 2095 2788 3774 2864; baseline 0.005 -25"><span class='ocrx_word' id='word_1_771' title='bbox 2095 2788 2293 2841; x_wconf 78' lang='grc' dir='ltr'>οἰκείου</span> <span class='ocrx_word' id='word_1_772' title='bbox 2326 2789 2512 2854; x_wconf 84' lang='grc' dir='ltr'>ἐθνους</span> <span class='ocrx_word' id='word_1_773' title='bbox 2540 2791 2814 2854; x_wconf 87' lang='grc' dir='ltr'>ἵστασθαι,</span> <span class='ocrx_word' id='word_1_774' title='bbox 2845 2793 2940 2845; x_wconf 80' lang='grc' dir='ltr'>καὶ</span> <span class='ocrx_word' id='word_1_775' title='bbox 2974 2792 3253 2864; x_wconf 87' lang='grc' dir='ltr'>μηδεμίαν</span> <span class='ocrx_word' id='word_1_776' title='bbox 3284 2792 3564 2863; x_wconf 81' lang='grc' dir='ltr'>ἐπιμιξίαν</span> <span class='ocrx_word' id='word_1_777' title='bbox 3595 2795 3774 2847; x_wconf 82' lang='grc' dir='ltr'>ποιεῖ-</span> 
     </span>
    </p>
   </div>
   <div class='ocr_carea' id='block_1_95' title="bbox 2097 2872 3774 2950">
    <p class='ocr_par' dir='ltr' id='par_1_95' title="bbox 2097 2872 3774 2950">
     <span class='ocr_line' id='line_1_95' title="bbox 2097 2872 3774 2950; baseline 0.004 -24"><span class='ocrx_word' id='word_1_778' title='bbox 2097 2872 2220 2928; x_wconf 88' lang='grc' dir='ltr'>σθαι</span> <span class='ocrx_word' id='word_1_779' title='bbox 2255 2877 2391 2947; x_wconf 84' lang='grc' dir='ltr'>πρὸς</span> <span class='ocrx_word' id='word_1_780' title='bbox 2433 2877 2677 2942; x_wconf 88' lang='grc' dir='ltr'>τούτους,</span> <span class='ocrx_word' id='word_1_781' title='bbox 2729 2879 2864 2932; x_wconf 86' lang='grc' dir='ltr'>ἀλλά</span> <span class='ocrx_word' id='word_1_782' title='bbox 2913 2879 3009 2932; x_wconf 84' lang='grc' dir='ltr'>τοῦ</span> <span class='ocrx_word' id='word_1_783' title='bbox 3055 2879 3396 2950; x_wconf 87' lang='grc' dir='ltr'>πατριάρχου</span> <span class='ocrx_word' id='word_1_784' title='bbox 3440 2880 3503 2933; x_wconf 81' lang='grc' dir='ltr'>τὸ</span> <span class='ocrx_word' id='word_1_785' title='bbox 3545 2880 3774 2950; x_wconf 86' lang='grc' dir='ltr'>σπέρμα</span> 
     </span>
    </p>
   </div>
   <div class='ocr_carea' id='block_1_96' title="bbox 2093 2959 3774 3036">
    <p class='ocr_par' dir='ltr' id='par_1_96' title="bbox 2093 2959 3774 3036">
     <span class='ocr_line' id='line_1_96' title="bbox 2093 2959 3774 3036; baseline 0.003 -23"><span class='ocrx_word' id='word_1_786' title='bbox 2093 2959 2377 3027; x_wconf 80' lang='grc' dir='ltr'>διασώζειν</span> <span class='ocrx_word' id='word_1_787' title='bbox 2411 2965 2629 3034; x_wconf 87' lang='grc' dir='ltr'>ἀμιγὲς,</span> <span class='ocrx_word' id='word_1_788' title='bbox 2662 2965 2727 3019; x_wconf 79' lang='grc' dir='ltr'>ἶν’</span> <span class='ocrx_word' id='word_1_789' title='bbox 2765 2965 2909 3018; x_wconf 75' lang='grc' dir='ltr'>οὕτω</span> <span class='ocrx_word' id='word_1_790' title='bbox 2950 2966 3043 3019; x_wconf 87' lang='grc' dir='ltr'>καὶ</span> <span class='ocrx_word' id='word_1_791' title='bbox 3077 2967 3145 3019; x_wconf 86' lang='grc' dir='ltr'>τά</span> <span class='ocrx_word' id='word_1_792' title='bbox 3175 2966 3275 3036; x_wconf 85' lang='grc' dir='ltr'>τῆς</span> <span class='ocrx_word' id='word_1_793' title='bbox 3317 2965 3649 3034; x_wconf 84' lang='grc' dir='ltr'>ἐπαγγελίας</span> <span class='ocrx_word' id='word_1_794' title='bbox 3687 2968 3774 3031; x_wconf 82' lang='grc' dir='ltr'>εἰς</span> 
     </span>
    </p>
   </div>
   <div class='ocr_carea' id='block_1_97' title="bbox 2094 3049 3772 3124">
    <p class='ocr_par' dir='ltr' id='par_1_97' title="bbox 2094 3049 3772 3124">
     <span class='ocr_line' id='line_1_97' title="bbox 2094 3049 3772 3124; baseline 0.004 -24"><span class='ocrx_word' id='word_1_795' title='bbox 2094 3049 2289 3113; x_wconf 73' lang='grc' dir='ltr'>αὐτοὺς</span> <span class='ocrx_word' id='word_1_796' title='bbox 2321 3049 2547 3121; x_wconf 79' lang='grc' dir='ltr'>ἐκϐῆναι</span> <span class='ocrx_word' id='word_1_797' title='bbox 2567 3051 2788 3122; x_wconf 78' lang='grc' dir='ltr'>δυνηθῇ.</span> <span class='ocrx_word' id='word_1_798' title='bbox 2828 3053 2939 3105; x_wconf 73' lang='grc' dir='ltr'>Καὶ</span> <span class='ocrx_word' id='word_1_799' title='bbox 2975 3052 3227 3123; x_wconf 89' lang='grc' dir='ltr'>καθάπερ</span> <span class='ocrx_word' id='word_1_800' title='bbox 3258 3069 3340 3116; x_wconf 89' lang='grc' dir='ltr'>τις</span> <span class='ocrx_word' id='word_1_801' title='bbox 3365 3053 3505 3123; x_wconf 75' lang='grc' dir='ltr'>ἀνὴρ</span> <span class='ocrx_word' id='word_1_802' title='bbox 3534 3052 3772 3124; x_wconf 79' lang='grc' dir='ltr'>σώφρων</span> 
     </span>
    </p>
   </div>
   <div class='ocr_carea' id='block_1_98' title="bbox 2093 3135 3772 3210">
    <p class='ocr_par' dir='ltr' id='par_1_98' title="bbox 2093 3135 3772 3210">
     <span class='ocr_line' id='line_1_98' title="bbox 2093 3135 3772 3210; baseline 0.004 -25"><span class='ocrx_word' id='word_1_803' title='bbox 2093 3135 2189 3187; x_wconf 80' lang='grc' dir='ltr'>καὶ</span> <span class='ocrx_word' id='word_1_804' title='bbox 2226 3135 2475 3206; x_wconf 82' lang='grc' dir='ltr'>ἐπιεικὴς</span> <span class='ocrx_word' id='word_1_805' title='bbox 2505 3136 2793 3208; x_wconf 86' lang='grc' dir='ltr'>παιδίσκην</span> <span class='ocrx_word' id='word_1_806' title='bbox 2814 3137 2952 3208; x_wconf 75' lang='grc' dir='ltr'>ἔχων</span> <span class='ocrx_word' id='word_1_807' title='bbox 2984 3138 3301 3203; x_wconf 82' lang='grc' dir='ltr'>ἀκόλαστον,</span> <span class='ocrx_word' id='word_1_808' title='bbox 3327 3139 3488 3209; x_wconf 83' lang='grc' dir='ltr'>ὅρους</span> <span class='ocrx_word' id='word_1_809' title='bbox 3508 3140 3647 3210; x_wconf 80' lang='grc' dir='ltr'>αὐτῇ</span> <span class='ocrx_word' id='word_1_810' title='bbox 3671 3141 3772 3194; x_wconf 77' lang='grc' dir='ltr'>καὶ</span> 
     </span>
    </p>
   </div>
   <div class='ocr_carea' id='block_1_99' title="bbox 2095 3219 3771 3297">
    <p class='ocr_par' dir='ltr' id='par_1_99' title="bbox 2095 3219 3771 3297">
     <span class='ocr_line' id='line_1_99' title="bbox 2095 3219 3771 3297; baseline 0.004 -26"><span class='ocrx_word' id='word_1_811' title='bbox 2095 3219 2324 3284; x_wconf 81' lang='grc' dir='ltr'>κανόνας</span> <span class='ocrx_word' id='word_1_812' title='bbox 2352 3222 2550 3291; x_wconf 88' lang='grc' dir='ltr'>τίθησι,</span> <span class='ocrx_word' id='word_1_813' title='bbox 2582 3224 2849 3292; x_wconf 83' lang='grc' dir='ltr'>μηδέποτε</span> <span class='ocrx_word' id='word_1_814' title='bbox 2881 3223 2989 3289; x_wconf 76' lang='grc' dir='ltr'>ἔξω</span> <span class='ocrx_word' id='word_1_815' title='bbox 3018 3225 3302 3294; x_wconf 79' lang='grc' dir='ltr'>φαίνεσθαι</span> <span class='ocrx_word' id='word_1_816' title='bbox 3332 3227 3442 3279; x_wconf 88' lang='grc' dir='ltr'>τῶν</span> <span class='ocrx_word' id='word_1_817' title='bbox 3476 3225 3771 3297; x_wconf 85' lang='grc' dir='ltr'>προθύρων</span> 
     </span>
    </p>
   </div>
   <div class='ocr_carea' id='block_1_100' title="bbox 2094 3306 3770 3382">
    <p class='ocr_par' dir='ltr' id='par_1_100' title="bbox 2094 3306 3770 3382">
     <span class='ocr_line' id='line_1_100' title="bbox 2094 3306 3770 3382; baseline 0.005 -24"><span class='ocrx_word' id='word_1_818' title='bbox 2094 3306 2191 3377; x_wconf 79' lang='grc' dir='ltr'>τῆς</span> <span class='ocrx_word' id='word_1_819' title='bbox 2212 3307 2407 3374; x_wconf 86' lang='grc' dir='ltr'>οἰκίας,</span> <span class='ocrx_word' id='word_1_820' title='bbox 2435 3309 2568 3379; x_wconf 87' lang='grc' dir='ltr'>μηδὲ</span> <span class='ocrx_word' id='word_1_821' title='bbox 2591 3313 2702 3374; x_wconf 82' lang='grc' dir='ltr'>τοῖς</span> <span class='ocrx_word' id='word_1_822' title='bbox 2728 3311 2985 3382; x_wconf 89' lang='grc' dir='ltr'>παριοῦσι</span> <span class='ocrx_word' id='word_1_823' title='bbox 3015 3311 3320 3381; x_wconf 80' lang='grc' dir='ltr'>φαίνεσθαι,</span> <span class='ocrx_word' id='word_1_824' title='bbox 3346 3311 3480 3365; x_wconf 82' lang='grc' dir='ltr'>ἀλλά</span> <span class='ocrx_word' id='word_1_825' title='bbox 3504 3313 3770 3376; x_wconf 81' lang='grc' dir='ltr'>πολλάκις</span> 
     </span>
    </p>
   </div>
   <div class='ocr_carea' id='block_1_101' title="bbox 2094 3394 3769 3471">
    <p class='ocr_par' dir='ltr' id='par_1_101' title="bbox 2094 3394 3769 3471">
     <span class='ocr_line' id='line_1_101' title="bbox 2094 3394 3769 3471; baseline 0.006 -26"><span class='ocrx_word' id='word_1_826' title='bbox 2094 3394 2187 3447; x_wconf 78' lang='grc' dir='ltr'>καὶ</span> <span class='ocrx_word' id='word_1_827' title='bbox 2219 3396 2331 3458; x_wconf 86' lang='grc' dir='ltr'>τοῖς</span> <span class='ocrx_word' id='word_1_828' title='bbox 2363 3396 2488 3448; x_wconf 83' lang='grc' dir='ltr'>ποσὶ</span> <span class='ocrx_word' id='word_1_829' title='bbox 2513 3396 2687 3466; x_wconf 78' lang='grc' dir='ltr'>δεσμὰ</span> <span class='ocrx_word' id='word_1_830' title='bbox 2719 3399 3081 3471; x_wconf 82' lang='grc' dir='ltr'>περιτίθησιν,</span> <span class='ocrx_word' id='word_1_831' title='bbox 3112 3399 3179 3454; x_wconf 75' lang='grc' dir='ltr'>ἵν’</span> <span class='ocrx_word' id='word_1_832' title='bbox 3203 3399 3347 3453; x_wconf 79' lang='grc' dir='ltr'>οὕτω</span> <span class='ocrx_word' id='word_1_833' title='bbox 3375 3401 3769 3470; x_wconf 81' lang='grc' dir='ltr'>περιγενέσθαι</span> 
     </span>
    </p>
   </div>
   <div class='ocr_carea' id='block_1_102' title="bbox 2092 3478 3770 3558">
    <p class='ocr_par' dir='ltr' id='par_1_102' title="bbox 2092 3478 3770 3558">
     <span class='ocr_line' id='line_1_102' title="bbox 2092 3478 3770 3558; baseline 0.007 -27"><span class='ocrx_word' id='word_1_834' title='bbox 2092 3478 2294 3552; x_wconf 82' lang='grc' dir='ltr'>δυνηθῇ</span> <span class='ocrx_word' id='word_1_835' title='bbox 2325 3482 2425 3551; x_wconf 80' lang='grc' dir='ltr'>τῆς</span> <span class='ocrx_word' id='word_1_836' title='bbox 2453 3482 2654 3553; x_wconf 85' lang='grc' dir='ltr'>πολλῆς</span> <span class='ocrx_word' id='word_1_837' title='bbox 2686 3485 3000 3548; x_wconf 85' lang='grc' dir='ltr'>ἀκολασίας·</span> <span class='ocrx_word' id='word_1_838' title='bbox 3030 3486 3122 3539; x_wconf 82' lang='grc' dir='ltr'>τὸν</span> <span class='ocrx_word' id='word_1_839' title='bbox 3157 3486 3318 3540; x_wconf 76' lang='grc' dir='ltr'>αὐτὸν</span> <span class='ocrx_word' id='word_1_840' title='bbox 3350 3486 3413 3558; x_wconf 81' lang='grc' dir='ltr'>δὴ</span> <span class='ocrx_word' id='word_1_841' title='bbox 3436 3489 3638 3558; x_wconf 83' lang='grc' dir='ltr'>τρόπον</span> <span class='ocrx_word' id='word_1_842' title='bbox 3666 3491 3770 3542; x_wconf 72' lang='grc' dir='ltr'>καὶ</span> 
     </span>
    </p>
   </div>
   <div class='ocr_carea' id='block_1_103' title="bbox 2091 3567 3769 3646">
    <p class='ocr_par' dir='ltr' id='par_1_103' title="bbox 2091 3567 3769 3646">
     <span class='ocr_line' id='line_1_103' title="bbox 2091 3567 3769 3646; baseline 0.007 -28"><span class='ocrx_word' id='word_1_843' title='bbox 2091 3568 2119 3618; x_wconf 82' lang='grc' dir='ltr'><strong>ὁ</strong></span> <span class='ocrx_word' id='word_1_844' title='bbox 2159 3567 2538 3640; x_wconf 80' lang='grc' dir='ltr'>φιλάνθρωπος</span> <span class='ocrx_word' id='word_1_845' title='bbox 2577 3573 2873 3645; x_wconf 86' lang='grc' dir='ltr'>Δεσπότης,</span> <span class='ocrx_word' id='word_1_846' title='bbox 2907 3574 3159 3646; x_wconf 87' lang='grc' dir='ltr'>καθάπερ</span> <span class='ocrx_word' id='word_1_847' title='bbox 3187 3575 3363 3645; x_wconf 85' lang='grc' dir='ltr'>δεσμά</span> <span class='ocrx_word' id='word_1_848' title='bbox 3399 3577 3578 3638; x_wconf 83' lang='grc' dir='ltr'>ποσὶν,</span> <span class='ocrx_word' id='word_1_849' title='bbox 3618 3575 3769 3629; x_wconf 83' lang='grc' dir='ltr'>οὕτω</span> 
     </span>
    </p>
   </div>
   <div class='ocr_carea' id='block_1_104' title="bbox 2091 3653 3768 3733">
    <p class='ocr_par' dir='ltr' id='par_1_104' title="bbox 2091 3653 3768 3733">
     <span class='ocr_line' id='line_1_104' title="bbox 2091 3653 3768 3733; baseline 0.008 -28"><span class='ocrx_word' id='word_1_850' title='bbox 2091 3653 2151 3706; x_wconf 84' lang='grc' dir='ltr'>τὸ</span> <span class='ocrx_word' id='word_1_851' title='bbox 2185 3657 2409 3726; x_wconf 87' lang='grc' dir='ltr'>σημεῖον</span> <span class='ocrx_word' id='word_1_852' title='bbox 2439 3657 2540 3727; x_wconf 83' lang='grc' dir='ltr'>τῆς</span> <span class='ocrx_word' id='word_1_853' title='bbox 2573 3662 2876 3732; x_wconf 83' lang='grc' dir='ltr'>περιτομῆς</span> <span class='ocrx_word' id='word_1_854' title='bbox 2912 3664 2979 3733; x_wconf 86' lang='grc' dir='ltr'>τῇ</span> <span class='ocrx_word' id='word_1_855' title='bbox 3020 3663 3182 3733; x_wconf 79' lang='grc' dir='ltr'>σαρκὶ</span> <span class='ocrx_word' id='word_1_856' title='bbox 3213 3663 3526 3726; x_wconf 81' lang='grc' dir='ltr'>ἐναπέθετο,</span> <span class='ocrx_word' id='word_1_857' title='bbox 3554 3664 3642 3717; x_wconf 76' lang='grc' dir='ltr'>ἶνα</span> <span class='ocrx_word' id='word_1_858' title='bbox 3680 3666 3768 3718; x_wconf 72' lang='lat' dir='ltr'>ol-</span> 
     </span>
    </p>
   </div>
   <div class='ocr_carea' id='block_1_105' title="bbox 2092 3740 3770 3823">
    <p class='ocr_par' dir='ltr' id='par_1_105' title="bbox 2092 3740 3770 3823">
     <span class='ocr_line' id='line_1_105' title="bbox 2092 3740 3770 3823; baseline 0.008 -31"><span class='ocrx_word' id='word_1_859' title='bbox 2092 3740 2250 3794; x_wconf 86' lang='grc' dir='ltr'>κοθεν</span> <span class='ocrx_word' id='word_1_860' title='bbox 2277 3741 2491 3812; x_wconf 74' lang='grc' dir='ltr'>ἔχοντες</span> <span class='ocrx_word' id='word_1_861' title='bbox 2527 3745 2852 3818; x_wconf 78' lang='grc' dir='ltr'>ὑπόμνησιν,</span> <span class='ocrx_word' id='word_1_862' title='bbox 2890 3750 3084 3819; x_wconf 86' lang='grc' dir='ltr'>μηκέτι</span> <span class='ocrx_word' id='word_1_863' title='bbox 3117 3751 3252 3821; x_wconf 86' lang='grc' dir='ltr'>μηδέ</span> <span class='ocrx_word' id='word_1_864' title='bbox 3269 3751 3366 3822; x_wconf 81' lang='grc' dir='ltr'>τῆς</span> <span class='ocrx_word' id='word_1_865' title='bbox 3393 3752 3524 3823; x_wconf 90' lang='grc' dir='ltr'>παρ’</span> <span class='ocrx_word' id='word_1_866' title='bbox 3558 3752 3770 3823; x_wconf 84' lang='grc' dir='ltr'>ἐτέρων</span> 
     </span>
    </p>
   </div>
   <div class='ocr_carea' id='block_1_106' title="bbox 2091 3825 3770 3908">
    <p class='ocr_par' dir='ltr' id='par_1_106' title="bbox 2091 3825 3770 3908">
     <span class='ocr_line' id='line_1_106' title="bbox 2091 3825 3770 3908; baseline 0.008 -29"><span class='ocrx_word' id='word_1_867' title='bbox 2091 3825 2316 3882; x_wconf 83' lang='grc' dir='ltr'>δέωνται</span> <span class='ocrx_word' id='word_1_868' title='bbox 2337 3829 2705 3896; x_wconf 80' lang='grc' dir='ltr'>διδασκαλίας.</span> <span class='ocrx_word' id='word_1_869' title='bbox 2744 3834 2884 3886; x_wconf 78' lang='grc' dir='ltr'>Ἀλλ’</span> <span class='ocrx_word' id='word_1_870' title='bbox 2907 3836 2955 3886; x_wconf 88' lang='grc' dir='ltr'>οί</span> <span class='ocrx_word' id='word_1_871' title='bbox 2976 3836 3290 3906; x_wconf 85' lang='grc' dir='ltr'>ἀγνώμονες</span> <span class='ocrx_word' id='word_1_872' title='bbox 3325 3839 3419 3891; x_wconf 78' lang='grc' dir='ltr'>καὶ</span> <span class='ocrx_word' id='word_1_873' title='bbox 3442 3838 3770 3908; x_wconf 84' lang='grc' dir='ltr'>ἀναίσθητοι</span> 
     </span>
    </p>
   </div>
   <div class='ocr_carea' id='block_1_107' title="bbox 2104 3915 3769 3998">
    <p class='ocr_par' dir='ltr' id='par_1_107' title="bbox 2104 3915 3769 3998">
     <span class='ocr_line' id='line_1_107' title="bbox 2104 3915 3769 3998; baseline 0.008 -31"><span class='ocrx_word' id='word_1_874' title='bbox 2104 3915 2344 3970; x_wconf 87' lang='grc' dir='ltr'>Ἰουδαῖοι</span> <span class='ocrx_word' id='word_1_875' title='bbox 2381 3919 2477 3972; x_wconf 82' lang='grc' dir='ltr'>καὶ</span> <span class='ocrx_word' id='word_1_876' title='bbox 2506 3920 2656 3991; x_wconf 86' lang='grc' dir='ltr'>παρά</span> <span class='ocrx_word' id='word_1_877' title='bbox 2683 3922 2873 3992; x_wconf 77' lang='grc' dir='ltr'>καιρὸν</span> <span class='ocrx_word' id='word_1_878' title='bbox 2895 3924 2989 3977; x_wconf 86' lang='grc' dir='ltr'>νῦν</span> <span class='ocrx_word' id='word_1_879' title='bbox 3018 3926 3115 3996; x_wconf 79' lang='grc' dir='ltr'>τὴν</span> <span class='ocrx_word' id='word_1_880' title='bbox 3138 3926 3438 3998; x_wconf 77' lang='grc' dir='ltr'>περιτομὴν</span> <span class='ocrx_word' id='word_1_881' title='bbox 3465 3928 3769 3997; x_wconf 74' lang='grc' dir='ltr'>φυλάσσειν</span> 
     </span>
    </p>
   </div>
   <div class='ocr_carea' id='block_1_108' title="bbox 2092 3999 3771 4084">
    <p class='ocr_par' dir='ltr' id='par_1_108' title="bbox 2092 3999 3771 4084">
     <span class='ocr_line' id='line_1_108' title="bbox 2092 3999 3771 4084; baseline 0.008 -32"><span class='ocrx_word' id='word_1_882' title='bbox 2092 3999 2390 4071; x_wconf 85' lang='grc' dir='ltr'>βούλονται,</span> <span class='ocrx_word' id='word_1_883' title='bbox 2438 4007 2530 4058; x_wconf 76' lang='grc' dir='ltr'>καὶ</span> <span class='ocrx_word' id='word_1_884' title='bbox 2570 4007 2824 4080; x_wconf 78' lang='grc' dir='ltr'>παιδικὴν</span> <span class='ocrx_word' id='word_1_885' title='bbox 2868 4009 3262 4064; x_wconf 87' lang='grc' dir='ltr'>ἐπιδείκνυνται</span> <span class='ocrx_word' id='word_1_886' title='bbox 3309 4011 3551 4084; x_wconf 82' lang='grc' dir='ltr'>γνώμην.</span> <span class='ocrx_word' id='word_1_887' title='bbox 3604 4013 3771 4078; x_wconf 82' lang='grc' dir='ltr'>Τίνος</span> 
     </span>
    </p>
   </div>
   <div class='ocr_carea' id='block_1_109' title="bbox 2091 4088 3768 4170">
    <p class='ocr_par' dir='ltr' id='par_1_109' title="bbox 2091 4088 3768 4170">
     <span class='ocr_line' id='line_1_109' title="bbox 2091 4088 3768 4170; baseline 0.009 -30"><span class='ocrx_word' id='word_1_888' title='bbox 2091 4088 2200 4160; x_wconf 88' lang='grc' dir='ltr'>γὰρ</span> <span class='ocrx_word' id='word_1_889' title='bbox 2243 4089 2450 4155; x_wconf 77' lang='grc' dir='ltr'>⁹ιένεκεν,</span> <span class='ocrx_word' id='word_1_890' title='bbox 2491 4093 2614 4145; x_wconf 88' lang='grc' dir='ltr'>είπέ</span> <span class='ocrx_word' id='word_1_891' title='bbox 2665 4112 2778 4165; x_wconf 87' lang='grc' dir='ltr'>μοι,</span> <span class='ocrx_word' id='word_1_892' title='bbox 2827 4095 2922 4149; x_wconf 86' lang='grc' dir='ltr'>νῦν</span> <span class='ocrx_word' id='word_1_893' title='bbox 2970 4098 3392 4168; x_wconf 86' lang='grc' dir='ltr'>περιτέμνεσθαι</span> <span class='ocrx_word' id='word_1_894' title='bbox 3444 4099 3768 4170; x_wconf 81' lang='grc' dir='ltr'>βούλονται;</span> 
     </span>
    </p>
   </div>
   <div class='ocr_carea' id='block_1_110' title="bbox 2091 4176 3770 4255">
    <p class='ocr_par' dir='ltr' id='par_1_110' title="bbox 2091 4176 3770 4255">
     <span class='ocr_line' id='line_1_110' title="bbox 2091 4176 3770 4255; baseline 0.009 -28"><span class='ocrx_word' id='word_1_895' title='bbox 2091 4176 2224 4229; x_wconf 75' lang='grc' dir='ltr'>Τότε</span> <span class='ocrx_word' id='word_1_896' title='bbox 2255 4178 2354 4247; x_wconf 85' lang='grc' dir='ltr'>μὲν</span> <span class='ocrx_word' id='word_1_897' title='bbox 2393 4179 2520 4250; x_wconf 79' lang='grc' dir='ltr'>γὰρ,</span> <span class='ocrx_word' id='word_1_898' title='bbox 2567 4180 2654 4233; x_wconf 80' lang='grc' dir='ltr'>ἵνα</span> <span class='ocrx_word' id='word_1_899' title='bbox 2703 4182 2778 4252; x_wconf 81' lang='grc' dir='ltr'>μὴ</span> <span class='ocrx_word' id='word_1_900' title='bbox 2814 4185 2926 4245; x_wconf 81' lang='grc' dir='ltr'>τοῖς</span> <span class='ocrx_word' id='word_1_901' title='bbox 2957 4185 3295 4255; x_wconf 89' lang='grc' dir='ltr'>παρανόμοις</span> <span class='ocrx_word' id='word_1_902' title='bbox 3328 4187 3556 4250; x_wconf 82' lang='grc' dir='ltr'>ἐκείνοις</span> <span class='ocrx_word' id='word_1_903' title='bbox 3580 4188 3770 4243; x_wconf 79' lang='grc' dir='ltr'>έθνεσι</span> 
     </span>
    </p>
   </div>
   <div class='ocr_carea' id='block_1_111' title="bbox 2095 4269 3770 4348">
    <p class='ocr_par' dir='ltr' id='par_1_111' title="bbox 2095 4269 3770 4348">
     <span class='ocr_line' id='line_1_111' title="bbox 2095 4269 3770 4348; baseline 0.008 -28"><span class='ocrx_word' id='word_1_904' title='bbox 2095 4269 2535 4339; x_wconf 81' lang='grc' dir='ltr'>συναναφυρῶσι,</span> <span class='ocrx_word' id='word_1_905' title='bbox 2574 4270 2733 4324; x_wconf 87' lang='grc' dir='ltr'>τοῦτο</span> <span class='ocrx_word' id='word_1_906' title='bbox 2781 4273 3150 4344; x_wconf 80' lang='grc' dir='ltr'>ἐπετάγησαν·</span> <span class='ocrx_word' id='word_1_907' title='bbox 3187 4276 3304 4329; x_wconf 76' lang='grc' dir='ltr'>νυνὶ</span> <span class='ocrx_word' id='word_1_908' title='bbox 3327 4275 3383 4328; x_wconf 86' lang='grc' dir='ltr'>δὲ</span> <span class='ocrx_word' id='word_1_909' title='bbox 3420 4276 3507 4330; x_wconf 81' lang='grc' dir='ltr'>διὰ</span> <span class='ocrx_word' id='word_1_910' title='bbox 3536 4276 3635 4348; x_wconf 80' lang='grc' dir='ltr'>τὴν</span> <span class='ocrx_word' id='word_1_911' title='bbox 3661 4278 3770 4333; x_wconf 76' lang='grc' dir='ltr'>τοῦ</span> 
     </span>
    </p>
   </div>
   <div class='ocr_carea' id='block_1_112' title="bbox 2088 4353 3770 4433">
    <p class='ocr_par' dir='ltr' id='par_1_112' title="bbox 2088 4353 3770 4433">
     <span class='ocr_line' id='line_1_112' title="bbox 2088 4353 3770 4433; baseline 0.007 -27"><span class='ocrx_word' id='word_1_912' title='bbox 2088 4353 2224 4406; x_wconf 72' lang='grc' dir='ltr'>θεοῦ</span> <span class='ocrx_word' id='word_1_913' title='bbox 2278 4357 2435 4426; x_wconf 89' lang='grc' dir='ltr'>χάριν</span> <span class='ocrx_word' id='word_1_914' title='bbox 2493 4356 2713 4410; x_wconf 87' lang='grc' dir='ltr'>πάντων</span> <span class='ocrx_word' id='word_1_915' title='bbox 2773 4357 2910 4428; x_wconf 85' lang='grc' dir='ltr'>πρὸς</span> <span class='ocrx_word' id='word_1_916' title='bbox 2965 4359 3063 4430; x_wconf 80' lang='grc' dir='ltr'>τὴν</span> <span class='ocrx_word' id='word_1_917' title='bbox 3125 4359 3380 4432; x_wconf 83' lang='grc' dir='ltr'>ἀλήθειαν</span> <span class='ocrx_word' id='word_1_918' title='bbox 3435 4361 3532 4416; x_wconf 88' lang='grc' dir='ltr'>τοῦ</span> <span class='ocrx_word' id='word_1_919' title='bbox 3579 4365 3770 4433; x_wconf 68' lang='grc' dir='ltr'>φωτὸς</span> 
     </span>
    </p>
   </div>
   <div class='ocr_carea' id='block_1_113' title="bbox 2087 4443 3770 4524">
    <p class='ocr_par' dir='ltr' id='par_1_113' title="bbox 2087 4443 3770 4524">
     <span class='ocr_line' id='line_1_113' title="bbox 2087 4443 3770 4524; baseline 0.007 -31"><span class='ocrx_word' id='word_1_920' title='bbox 2087 4443 2630 4512; x_wconf 80' lang='grc' dir='ltr'>χειραγωγηθέντων,</span> <span class='ocrx_word' id='word_1_921' title='bbox 2678 4447 2827 4497; x_wconf 82' lang='grc' dir='ltr'>ποῖον</span> <span class='ocrx_word' id='word_1_922' title='bbox 2877 4445 2976 4514; x_wconf 80' lang='grc' dir='ltr'>τῆς</span> <span class='ocrx_word' id='word_1_923' title='bbox 3035 4448 3334 4518; x_wconf 82' lang='grc' dir='ltr'>περιτομῆς</span> <span class='ocrx_word' id='word_1_924' title='bbox 3381 4449 3613 4518; x_wconf 69' lang='grc' dir='ltr'>δερελοςς</span> <span class='ocrx_word' id='word_1_925' title='bbox 3661 4453 3770 4524; x_wconf 72' lang='grc' dir='ltr'>Μὴ</span> 
     </span>
    </p>
   </div>
   <div class='ocr_carea' id='block_1_114' title="bbox 2085 4527 3766 4610">
    <p class='ocr_par' dir='ltr' id='par_1_114' title="bbox 2085 4527 3766 4610">
     <span class='ocr_line' id='line_1_114' title="bbox 2085 4527 3766 4610; baseline 0.007 -30"><span class='ocrx_word' id='word_1_926' title='bbox 2085 4527 2195 4598; x_wconf 82' lang='grc' dir='ltr'>γὰρ</span> <span class='ocrx_word' id='word_1_927' title='bbox 2227 4529 2362 4599; x_wconf 83' lang='grc' dir='ltr'>πρὸς</span> <span class='ocrx_word' id='word_1_928' title='bbox 2392 4529 2489 4600; x_wconf 77' lang='grc' dir='ltr'>τὴν</span> <span class='ocrx_word' id='word_1_929' title='bbox 2525 4531 2627 4600; x_wconf 82' lang='grc' dir='ltr'>τῆς</span> <span class='ocrx_word' id='word_1_930' title='bbox 2667 4530 2842 4602; x_wconf 77' lang='grc' dir='ltr'>ψυχῆς</span> <span class='ocrx_word' id='word_1_931' title='bbox 2885 4531 3194 4603; x_wconf 82' lang='grc' dir='ltr'>ἐλευθερίαν</span> <span class='ocrx_word' id='word_1_932' title='bbox 3229 4552 3283 4587; x_wconf 84' lang='grc' dir='ltr'>τι</span> <span class='ocrx_word' id='word_1_933' title='bbox 3318 4536 3690 4606; x_wconf 75' lang='grc' dir='ltr'>συμϐάλλεται</span> <span class='ocrx_word' id='word_1_934' title='bbox 3727 4541 3766 4610; x_wconf 77' lang='grc' dir='ltr'><strong>ή</strong></span> 
     </span>
    </p>
   </div>
   <div class='ocr_carea' id='block_1_115' title="bbox 2083 4617 3766 4691">
    <p class='ocr_par' dir='ltr' id='par_1_115' title="bbox 2083 4617 3766 4691">
     <span class='ocr_line' id='line_1_115' title="bbox 2083 4617 3766 4691; baseline 0.007 -25"><span class='ocrx_word' id='word_1_935' title='bbox 2083 4618 2184 4686; x_wconf 79' lang='grc' dir='ltr'>τῆς</span> <span class='ocrx_word' id='word_1_936' title='bbox 2226 4617 2427 4686; x_wconf 76' lang='grc' dir='ltr'>σαρκὸς</span> <span class='ocrx_word' id='word_1_937' title='bbox 2474 4618 2762 4684; x_wconf 81' lang='grc' dir='ltr'>ἀπόθεσις;</span> <span class='ocrx_word' id='word_1_938' title='bbox 2808 4619 2921 4671; x_wconf 78' lang='grc' dir='ltr'>Οὐκ</span> <span class='ocrx_word' id='word_1_939' title='bbox 2959 4621 3197 4690; x_wconf 71' lang='grc' dir='ltr'>ἡκουσαν</span> <span class='ocrx_word' id='word_1_940' title='bbox 3245 4622 3431 4691; x_wconf 83' lang='grc' dir='ltr'>σαφῶς</span> <span class='ocrx_word' id='word_1_941' title='bbox 3476 4623 3571 4676; x_wconf 88' lang='grc' dir='ltr'>τοῦ</span> <span class='ocrx_word' id='word_1_942' title='bbox 3616 4624 3766 4678; x_wconf 83' lang='grc' dir='ltr'>Θεοῦ</span> 
     </span>
    </p>
   </div>
   <div class='ocr_carea' id='block_1_116' title="bbox 2085 4700 3771 4785">
    <p class='ocr_par' dir='ltr' id='par_1_116' title="bbox 2085 4700 3771 4785">
     <span class='ocr_line' id='line_1_116' title="bbox 2085 4700 3771 4785; baseline 0.007 -31"><span class='ocrx_word' id='word_1_943' title='bbox 2085 4700 2352 4770; x_wconf 86' lang='grc' dir='ltr'>λέγοντος,</span> <span class='ocrx_word' id='word_1_944' title='bbox 2389 4705 2503 4758; x_wconf 89' lang='lat' dir='ltr'><strong><em>Kal</em></strong></span> <span class='ocrx_word' id='word_1_945' title='bbox 2543 4705 2712 4758; x_wconf 77' lang='grc' dir='ltr'>ἔσται</span> <span class='ocrx_word' id='word_1_946' title='bbox 2748 4707 2818 4758; x_wconf 85' lang='grc' dir='ltr'>ἐν</span> <span class='ocrx_word' id='word_1_947' title='bbox 2856 4708 3084 4774; x_wconf 79' lang='grc' dir='ltr'>σημείῳ</span> <span class='ocrx_word' id='word_1_948' title='bbox 3119 4708 3428 4778; x_wconf 76' lang='grc' dir='ltr'>διαθήκης,</span> <span class='ocrx_word' id='word_1_949' title='bbox 3472 4715 3771 4785; x_wconf 84' lang='grc' dir='ltr'>μονονουχὶ</span> 
     </span>
    </p>
   </div>
   <div class='ocr_carea' id='block_1_117' title="bbox 2083 4786 3768 4868">
    <p class='ocr_par' dir='ltr' id='par_1_117' title="bbox 2083 4786 3768 4868">
     <span class='ocr_line' id='line_1_117' title="bbox 2083 4786 3768 4868; baseline 0.008 -28"><span class='ocrx_word' id='word_1_950' title='bbox 2083 4786 2411 4856; x_wconf 87' lang='grc' dir='ltr'>δεικνύντος,</span> <span class='ocrx_word' id='word_1_951' title='bbox 2475 4792 2556 4845; x_wconf 84' lang='grc' dir='ltr'>ὅτι</span> <span class='ocrx_word' id='word_1_952' title='bbox 2625 4791 2712 4845; x_wconf 85' lang='grc' dir='ltr'>διὰ</span> <span class='ocrx_word' id='word_1_953' title='bbox 2766 4791 2862 4863; x_wconf 80' lang='grc' dir='ltr'>τὴν</span> <span class='ocrx_word' id='word_1_954' title='bbox 2921 4793 3122 4864; x_wconf 78' lang='grc' dir='ltr'>πολλὴν</span> <span class='ocrx_word' id='word_1_955' title='bbox 3187 4795 3366 4850; x_wconf 88' lang='grc' dir='ltr'>αὐτῶν</span> <span class='ocrx_word' id='word_1_956' title='bbox 3431 4798 3768 4868; x_wconf 84' lang='grc' dir='ltr'>ἀγνωμοσύ-</span> 
     </span>
    </p>
   </div>
   <div class='ocr_carea' id='block_1_118' title="bbox 2083 4875 3770 4954">
    <p class='ocr_par' dir='ltr' id='par_1_118' title="bbox 2083 4875 3770 4954">
     <span class='ocr_line' id='line_1_118' title="bbox 2083 4875 3770 4954; baseline 0.008 -26"><span class='ocrx_word' id='word_1_957' title='bbox 2083 4891 2182 4938; x_wconf 72' lang='grc' dir='ltr'>νην</span> <span class='ocrx_word' id='word_1_958' title='bbox 2236 4875 2332 4930; x_wconf 89' lang='grc' dir='ltr'>τοῦ</span> <span class='ocrx_word' id='word_1_959' title='bbox 2378 4879 2608 4950; x_wconf 88' lang='grc' dir='ltr'>σημείου</span> <span class='ocrx_word' id='word_1_960' title='bbox 2649 4879 2983 4951; x_wconf 81' lang='grc' dir='ltr'>ἐδεήθησαν;</span> <span class='ocrx_word' id='word_1_961' title='bbox 3019 4881 3176 4936; x_wconf 78' lang='grc' dir='ltr'>Οὕτω</span> <span class='ocrx_word' id='word_1_962' title='bbox 3227 4882 3337 4954; x_wconf 81' lang='grc' dir='ltr'>γὰρ</span> <span class='ocrx_word' id='word_1_963' title='bbox 3383 4884 3479 4938; x_wconf 77' lang='grc' dir='ltr'>καὶ</span> <span class='ocrx_word' id='word_1_964' title='bbox 3514 4886 3607 4939; x_wconf 78' lang='grc' dir='ltr'>ἐπὶ</span> <span class='ocrx_word' id='word_1_965' title='bbox 3647 4887 3770 4941; x_wconf 86' lang='grc' dir='ltr'>τῶν</span> 
     </span>
    </p>
   </div>
   <div class='ocr_carea' id='block_1_119' title="bbox 2083 4962 3769 5040">
    <p class='ocr_par' dir='ltr' id='par_1_119' title="bbox 2083 4962 3769 5040">
     <span class='ocr_line' id='line_1_119' title="bbox 2083 4962 3769 5040; baseline 0.007 -24"><span class='ocrx_word' id='word_1_966' title='bbox 2083 4962 2440 5034; x_wconf 73' lang='grc' dir='ltr'>ἀνθρωπίνων</span> <span class='ocrx_word' id='word_1_967' title='bbox 2496 4967 2754 5031; x_wconf 88' lang='grc' dir='ltr'>πολλάκις</span> <span class='ocrx_word' id='word_1_968' title='bbox 2801 4968 3010 5036; x_wconf 89' lang='grc' dir='ltr'>γίνεται</span> <span class='ocrx_word' id='word_1_969' title='bbox 3081 4971 3444 5040; x_wconf 80' lang='grc' dir='ltr'>πραγμάτιον.</span> <span class='ocrx_word' id='word_1_970' title='bbox 3505 4973 3769 5028; x_wconf 77' lang='grc' dir='ltr'>Ἐπειδὰν</span> 
     </span>
    </p>
   </div>
   <div class='ocr_carea' id='block_1_120' title="bbox 2085 5051 3766 5131">
    <p class='ocr_par' dir='ltr' id='par_1_120' title="bbox 2085 5051 3766 5131">
     <span class='ocr_line' id='line_1_120' title="bbox 2085 5051 3766 5131; baseline 0.007 -28"><span class='ocrx_word' id='word_1_971' title='bbox 2085 5052 2160 5122; x_wconf 75' lang='grc' dir='ltr'>μὴ</span> <span class='ocrx_word' id='word_1_972' title='bbox 2195 5051 2484 5123; x_wconf 74' lang='grc' dir='ltr'>θαρρῶμέν</span> <span class='ocrx_word' id='word_1_973' title='bbox 2527 5071 2655 5116; x_wconf 88' lang='grc' dir='ltr'>τισι,</span> <span class='ocrx_word' id='word_1_974' title='bbox 2693 5058 2916 5126; x_wconf 89' lang='grc' dir='ltr'>σημεῖον</span> <span class='ocrx_word' id='word_1_975' title='bbox 2957 5059 3217 5128; x_wconf 84' lang='grc' dir='ltr'>ἐνεχύρου</span> <span class='ocrx_word' id='word_1_976' title='bbox 3259 5060 3419 5130; x_wconf 87' lang='grc' dir='ltr'>χάριν</span> <span class='ocrx_word' id='word_1_977' title='bbox 3457 5059 3766 5131; x_wconf 80' lang='grc' dir='ltr'>λαμϐάνειν</span> 
     </span>
    </p>
   </div>
   <div class='ocr_carea' id='block_1_121' title="bbox 2083 5141 3766 5217">
    <p class='ocr_par' dir='ltr' id='par_1_121' title="bbox 2083 5141 3766 5217">
     <span class='ocr_line' id='line_1_121' title="bbox 2083 5141 3766 5217; baseline 0.008 -25"><span class='ocrx_word' id='word_1_978' title='bbox 2083 5141 2210 5210; x_wconf 83' lang='grc' dir='ltr'>παρ’</span> <span class='ocrx_word' id='word_1_979' title='bbox 2252 5142 2431 5194; x_wconf 82' lang='grc' dir='ltr'>αὐτῶν</span> <span class='ocrx_word' id='word_1_980' title='bbox 2472 5143 2878 5216; x_wconf 75' lang='grc' dir='ltr'>σπουδάζομεν·</span> <span class='ocrx_word' id='word_1_981' title='bbox 2912 5145 3056 5199; x_wconf 79' lang='grc' dir='ltr'>οὓτω</span> <span class='ocrx_word' id='word_1_982' title='bbox 3089 5148 3185 5200; x_wconf 76' lang='grc' dir='ltr'>καὶ</span> <span class='ocrx_word' id='word_1_983' title='bbox 3217 5148 3247 5198; x_wconf 84' lang='grc' dir='ltr'>ὁ</span> <span class='ocrx_word' id='word_1_984' title='bbox 3286 5147 3397 5202; x_wconf 91' lang='grc' dir='ltr'>τῶν</span> <span class='ocrx_word' id='word_1_985' title='bbox 3443 5149 3582 5203; x_wconf 83' lang='grc' dir='ltr'>ὅλων</span> <span class='ocrx_word' id='word_1_986' title='bbox 3620 5151 3766 5217; x_wconf 80' lang='grc' dir='ltr'>Θεὸς</span> 
     </span>
    </p>
   </div>
   <div class='ocr_carea' id='block_1_122' title="bbox 2081 5226 3769 5307">
    <p class='ocr_par' dir='ltr' id='par_1_122' title="bbox 2081 5226 3769 5307">
     <span class='ocr_line' id='line_1_122' title="bbox 2081 5226 3769 5307; baseline 0.008 -29"><span class='ocrx_word' id='word_1_987' title='bbox 2081 5226 2236 5290; x_wconf 84' lang='grc' dir='ltr'>εἰδὼς</span> <span class='ocrx_word' id='word_1_988' title='bbox 2258 5227 2435 5281; x_wconf 80' lang='grc' dir='ltr'>αὐτῶν</span> <span class='ocrx_word' id='word_1_989' title='bbox 2460 5231 2557 5300; x_wconf 83' lang='grc' dir='ltr'>τῆς</span> <span class='ocrx_word' id='word_1_990' title='bbox 2581 5230 2808 5303; x_wconf 87' lang='grc' dir='ltr'>γνώμης</span> <span class='ocrx_word' id='word_1_991' title='bbox 2835 5232 2933 5303; x_wconf 78' lang='grc' dir='ltr'>τὴν</span> <span class='ocrx_word' id='word_1_992' title='bbox 2959 5233 3232 5296; x_wconf 84' lang='grc' dir='ltr'>εὐκολίαν,</span> <span class='ocrx_word' id='word_1_993' title='bbox 3256 5235 3316 5287; x_wconf 81' lang='grc' dir='ltr'>τὸ</span> <span class='ocrx_word' id='word_1_994' title='bbox 3348 5239 3573 5307; x_wconf 84' lang='grc' dir='ltr'>σημεῖον</span> <span class='ocrx_word' id='word_1_995' title='bbox 3591 5238 3769 5292; x_wconf 83' lang='grc' dir='ltr'>τοῦτο</span> 
     </span>
    </p>
   </div>
   <div class='ocr_carea' id='block_1_123' title="bbox 2081 5313 3769 5393">
    <p class='ocr_par' dir='ltr' id='par_1_123' title="bbox 2081 5313 3769 5393">
     <span class='ocr_line' id='line_1_123' title="bbox 2081 5313 3769 5393; baseline 0.008 -29"><span class='ocrx_word' id='word_1_996' title='bbox 2081 5313 2210 5382; x_wconf 81' lang='grc' dir='ltr'>παρ’</span> <span class='ocrx_word' id='word_1_997' title='bbox 2263 5314 2442 5368; x_wconf 82' lang='grc' dir='ltr'>αὐτῶν</span> <span class='ocrx_word' id='word_1_998' title='bbox 2484 5317 2784 5388; x_wconf 85' lang='grc' dir='ltr'>ἀπαιτῆσαι</span> <span class='ocrx_word' id='word_1_999' title='bbox 2823 5319 3166 5383; x_wconf 76' lang='grc' dir='ltr'>κατεδέξατο,</span> <span class='ocrx_word' id='word_1_1000' title='bbox 3213 5321 3312 5390; x_wconf 90' lang='grc' dir='ltr'>ούχ</span> <span class='ocrx_word' id='word_1_1001' title='bbox 3353 5321 3442 5375; x_wconf 80' lang='grc' dir='ltr'>ἵνα</span> <span class='ocrx_word' id='word_1_1002' title='bbox 3486 5323 3769 5393; x_wconf 79' lang='grc' dir='ltr'>διηνεκῶς</span> 
     </span>
    </p>
   </div>
   <div class='ocr_carea' id='block_1_124' title="bbox 2083 5400 3768 5480">
    <p class='ocr_par' dir='ltr' id='par_1_124' title="bbox 2083 5400 3768 5480">
     <span class='ocr_line' id='line_1_124' title="bbox 2083 5400 3768 5480; baseline 0.007 -28"><span class='ocrx_word' id='word_1_1003' title='bbox 2083 5400 2218 5472; x_wconf 78' lang='grc' dir='ltr'>μένῃ</span> <span class='ocrx_word' id='word_1_1004' title='bbox 2262 5401 2325 5454; x_wconf 82' lang='grc' dir='ltr'>τὸ</span> <span class='ocrx_word' id='word_1_1005' title='bbox 2354 5406 2581 5472; x_wconf 82' lang='grc' dir='ltr'>σημεῖον</span> <span class='ocrx_word' id='word_1_1006' title='bbox 2608 5405 2788 5470; x_wconf 87' lang='grc' dir='ltr'>τοῦτο,</span> <span class='ocrx_word' id='word_1_1007' title='bbox 2829 5405 2944 5458; x_wconf 86' lang='grc' dir='ltr'>ἀλλ’</span> <span class='ocrx_word' id='word_1_1008' title='bbox 2973 5406 3060 5458; x_wconf 81' lang='grc' dir='ltr'>ἵνα</span> <span class='ocrx_word' id='word_1_1009' title='bbox 3081 5405 3190 5460; x_wconf 91' lang='grc' dir='ltr'>τῶν</span> <span class='ocrx_word' id='word_1_1010' title='bbox 3219 5408 3339 5460; x_wconf 86' lang='grc' dir='ltr'>τότε</span> <span class='ocrx_word' id='word_1_1011' title='bbox 3367 5406 3518 5472; x_wconf 86' lang='grc' dir='ltr'>τέλος</span> <span class='ocrx_word' id='word_1_1012' title='bbox 3546 5409 3768 5480; x_wconf 77' lang='grc' dir='ltr'>λαμϐα-</span> 
     </span>
    </p>
   </div>
   <div class='ocr_carea' id='block_1_125' title="bbox 2078 5492 3767 5575">
    <p class='ocr_par' dir='ltr' id='par_1_125' title="bbox 2078 5492 3767 5575">
     <span class='ocr_line' id='line_1_125' title="bbox 2078 5492 3767 5575; baseline 0.007 -32"><span class='ocrx_word' id='word_1_1013' title='bbox 2078 5492 2277 5545; x_wconf 87' lang='grc' dir='ltr'>νόντων</span> <span class='ocrx_word' id='word_1_1014' title='bbox 2297 5494 2391 5546; x_wconf 80' lang='grc' dir='ltr'>καὶ</span> <span class='ocrx_word' id='word_1_1015' title='bbox 2413 5497 2447 5565; x_wconf 80' lang='grc' dir='ltr'>ὴ</span> <span class='ocrx_word' id='word_1_1016' title='bbox 2472 5493 2566 5547; x_wconf 88' lang='grc' dir='ltr'>τοῦ</span> <span class='ocrx_word' id='word_1_1017' title='bbox 2591 5496 2818 5566; x_wconf 88' lang='grc' dir='ltr'>σημείου</span> <span class='ocrx_word' id='word_1_1018' title='bbox 2849 5497 3006 5569; x_wconf 87' lang='grc' dir='ltr'>χρεία</span> <span class='ocrx_word' id='word_1_1019' title='bbox 3032 5497 3377 5569; x_wconf 81' lang='grc' dir='ltr'>περιαιρεθῇ.</span> <span class='ocrx_word' id='word_1_1020' title='bbox 3402 5499 3614 5570; x_wconf 83' lang='grc' dir='ltr'>Ὥσπερ</span> <span class='ocrx_word' id='word_1_1021' title='bbox 3641 5501 3767 5575; x_wconf 82' lang='grc' dir='ltr'>γὰρ</span> 
     </span>
    </p>
   </div>
   <div class='ocr_carea' id='block_1_126' title="bbox 2077 5577 3765 5657">
    <p class='ocr_par' dir='ltr' id='par_1_126' title="bbox 2077 5577 3765 5657">
     <span class='ocr_line' id='line_1_126' title="bbox 2077 5577 3765 5657; baseline 0.008 -27"><span class='ocrx_word' id='word_1_1022' title='bbox 2077 5577 2203 5632; x_wconf 79' lang='grc' dir='ltr'>ὅταν</span> <span class='ocrx_word' id='word_1_1023' title='bbox 2233 5582 2457 5650; x_wconf 85' lang='grc' dir='ltr'>σημεῖόν</span> <span class='ocrx_word' id='word_1_1024' title='bbox 2500 5600 2644 5647; x_wconf 89' lang='grc' dir='ltr'>τινες</span> <span class='ocrx_word' id='word_1_1025' title='bbox 2673 5584 2971 5651; x_wconf 90' lang='grc' dir='ltr'>ἀπαιτῶσι,</span> <span class='ocrx_word' id='word_1_1026' title='bbox 3022 5585 3119 5639; x_wconf 78' lang='grc' dir='ltr'>καὶ</span> <span class='ocrx_word' id='word_1_1027' title='bbox 3160 5585 3415 5656; x_wconf 87' lang='grc' dir='ltr'>ἐνέχυρον</span> <span class='ocrx_word' id='word_1_1028' title='bbox 3452 5586 3765 5657; x_wconf 81' lang='grc' dir='ltr'>βούλωνται</span> 
     </span>
    </p>
   </div>
   <div class='ocr_carea' id='block_1_127' title="bbox 2082 5728 3757 5854">
    <p class='ocr_par' dir='ltr' id='par_1_127' title="bbox 2082 5728 3757 5854">
     <span class='ocr_line' id='line_1_127' title="bbox 2082 5728 3757 5854; baseline 0.007 -79"><span class='ocrx_word' id='word_1_1029' title='bbox 2082 5728 2303 5854; x_wconf 51' lang='grc' dir='ltr'>Μυῖῐξέῗεξ</span> <span class='ocrx_word' id='word_1_1030' title='bbox 2315 5732 2564 5842; x_wconf 50' lang='grc' dir='ltr'>ρῧιιιιιιιιηι</span> <span class='ocrx_word' id='word_1_1031' title='bbox 2582 5735 2768 5785; x_wconf 81' lang='lat' dir='ltr'>variant</span> <span class='ocrx_word' id='word_1_1032' title='bbox 2785 5739 2832 5786; x_wconf 84' lang='lat' dir='ltr'><strong>in</strong></span> <span class='ocrx_word' id='word_1_1033' title='bbox 2855 5734 3150 5786; x_wconf 72' lang='lat' dir='ltr'>editionibus</span> <span class='ocrx_word' id='word_1_1034' title='bbox 3171 5733 3266 5783; x_wconf 84' lang='grc' dir='ltr'>τῶν</span> <span class='ocrx_word' id='word_1_1035' title='bbox 3279 5739 3320 5786; x_wconf 91' lang='lat'>0</span> <span class='ocrx_word' id='word_1_1036' title='bbox 3336 5736 3360 5785; x_wconf 87' lang='lat'>&#39;.</span> <span class='ocrx_word' id='word_1_1037' title='bbox 3383 5735 3585 5797; x_wconf 51' lang='grc' dir='ltr'>[βε-δεῖ.</span> <span class='ocrx_word' id='word_1_1038' title='bbox 3608 5737 3757 5787; x_wconf 78' lang='lat' dir='ltr'>Tomi</span> 
     </span>
    </p>
   </div>
  </div>
