4020 6136
380 176 482 232 563

379 291 539 346 modo
563 298 617 346 et
645 287 957 361 patriarcha:
990 301 1184 343 nomen
1212 294 1460 357 parentes
1488 284 1825 345 indiderant,
1851 282 1961 334 sta-

380 384 473 437 tim
498 383 566 437 ab
591 382 738 437 initio
778 380 1107 436 declarantes
1131 379 1303 449 ipsum
1344 377 1680 447 peregrinum
1721 372 1871 437 fore,
1908 378 1965 426 et

382 475 726 528 transiturum
758 472 955 526 ﬂumen
980 512 996 538 ,
1038 480 1095 525 ut
1147 470 1200 524 in
1241 476 1438 524 terram
1463 467 1691 521 alienam
1731 464 1960 518 veniret.

381 564 640 632 Quoniam
671 563 860 633 igitur,
891 562 1098 631 inquit,
1132 574 1326 615 nomen
1351 573 1382 613 a
1425 556 1730 627 parentibus
1759 553 1850 608 tibi
1884 552 1965 605 in-

382 658 550 711 ditum
580 654 703 709 illud
735 652 1192 725 prmsignilicavit,
1223 660 1277 706 te
1322 649 1446 705 inde
1473 648 1576 702 huc
1619 645 1961 701 transiturum

381 761 503 802 esse
530 764 545 801 :
574 746 757 815 accipe
779 756 834 800 et
863 744 1019 799 unius
1046 742 1296 798 elementi
1339 736 1662 795 additionem
1682 778 1699 804 ,
1731 746 1788 790 ιιι
1824 735 1965 791 scias

385 839 486 892 hoc
509 837 599 890 tibi
627 835 910 902 declarari,
942 844 993 889 te
1019 834 1303 889 multarum
1324 832 1561 902 gentium
1592 828 1705 884 fore
1735 838 1963 909 patrem.

386 930 453 984 Et
479 928 604 984 vide
645 943 802 997 quam
850 935 1097 983 accurate
1141 926 1210 980 sit
1244 926 1512 995 loquutus.
1540 922 1656 977 Non
1685 922 1819 975 dixit
1845 935 1966 975 om-

385 1023 530 1076 nium
576 1022 847 1090 gentium,
901 1018 996 1075 sed
1048 1018 1330 1072 Multarum
1377 1017 1644 1087 gentium:
1674 1028 1794 1069 nam
1844 1012 1965 1082 quia

386 1122 542 1166 erant
565 1122 618 1167 et
656 1112 775 1166 alia:
808 1119 994 1181 gentes
1020 1109 1143 1165 inde
1168 1107 1521 1178 expellendm,
1547 1116 1604 1159 ιιι
1633 1119 1814 1159 semen
1838 1102 1965 1171 justi

389 1206 736 1261 hereditatem
780 1205 1077 1274 acciperet.
1102 1202 1221 1257 ideo
1249 1200 1412 1265 dicit,
1440 1198 1647 1252 Patrem
1693 1196 1967 1249 multarum

391 1299 609 1371 gentium
637 1297 871 1350 constitui
898 1306 965 1351 te.
992 1295 1209 1365 Sciens,
1244 1292 1446 1362 inquit,
1486 1300 1589 1345 tute
1620 1288 1826 1344 virtutis
1851 1302 1967 1341 ma-

387 1391 713 1461 gnitudinem
738 1430 753 1454 ,
782 1389 1065 1442 multarum
1095 1386 1329 1457 gentium
1360 1384 1633 1438 doctorem
1667 1392 1717 1436 te
1737 1379 1925 1434 faciam
1951 1417 1965 1442 ,

390 1483 457 1536 Et
486 1497 705 1535 crescere
734 1490 782 1535 te
809 1480 997 1549 faciam
1026 1495 1086 1532 ac
1128 1475 1455 1546 multiplicari
1497 1474 1642 1529 valde
1660 1513 1675 1539 ,
1706 1472 1853 1525 valde
1879 1485 1898 1524 :
1924 1479 1969 1524 et

390 1589 575 1642 ponam
599 1581 643 1626 te
660 1572 712 1624 in
742 1580 909 1640 gentes
931 1611 946 1636 ,
968 1580 1015 1623 et
1039 1584 1179 1639 reges
1205 1584 1269 1621 ea:
1296 1576 1343 1621 te
1374 1564 1710 1636 egredientur.
1739 1561 1816 1616 Nc
1848 1576 1970 1629 pcr-

391 1665 651 1719 funclorie
681 1675 1012 1718 transeamus
1030 1677 1147 1731 qum
1170 1660 1439 1723 dicuntur,
1456 1654 1809 1712 dilectissimi.
1837 1653 1970 1708 Nam

390 1757 434 1811 si
460 1755 871 1826 cogitaverimus
912 1751 1230 1823 patriarchae
1257 1758 1467 1804 aetatem
1495 1789 1509 1815 ,
1537 1757 1591 1802 et
1613 1761 1734 1801 eum
1774 1744 1890 1800 haec
1918 1745 1972 1798 in

392 1858 632 1905 extrema
662 1856 874 1903 senecta
901 1845 1114 1900 audisse
1138 1885 1153 1908 ,
1196 1843 1632 1911 obstupescemus
1647 1837 1778 1908 justi
1807 1837 1973 1891 virtu-

394 1949 523 2006 tem,
553 1948 607 1994 et
636 1937 846 2008 benigni
883 1937 975 1991 Dei
1001 1935 1249 1991 eximiam
1281 1931 1569 2003 potentiam
1600 1946 1613 1983 :
1646 1928 1767 1999 quia
1788 1942 1857 1983 ex
1886 1926 1976 1982 ho-

394 2032 538 2086 mine
588 2028 972 2098 propemodum
1024 2035 1261 2091 mortuo,
1319 2034 1375 2079 et
1420 2020 1675 2077 membris
1702 2018 1971 2085 invalido,

392 2121 482 2193 qui
524 2128 579 2176 et.
615 2119 850 2190 quotidie
896 2127 1118 2173 mortem
1146 2132 1253 2186 prae
1294 2114 1464 2169 oculis
1492 2111 1895 2182 imaginabatur,
1922 2109 1973 2163 in

394 2220 599 2265 tantum
626 2220 837 2265 auctum
863 2208 925 2263 iri
949 2207 1261 2279 signiﬁcavit
1284 2219 1465 2260 semen
1487 2244 1502 2266 ,
1533 2210 1592 2255 ut
1618 2210 1672 2255 et
1701 2200 1753 2253 in
1784 2200 1976 2253 multas

397 2312 584 2374 gentes
607 2302 799 2367 exiret;
824 2315 996 2369 neque
1020 2299 1071 2352 id
1099 2298 1294 2363 solum,
1323 2294 1416 2351 sed
1445 2294 1606 2349 etiam
1633 2304 1789 2361 reges
1816 2305 1880 2344 ex
1910 2302 1976 2344 eo

397 2392 797 2462 egrederentur.
860 2389 1047 2443 Vidisti
1115 2386 1485 2458 promissionis
1544 2379 1978 2437 incrementum?

399 2484 610 2539 Faciant
652 2493 698 2538 te
726 2499 943 2536 crescere
966 2523 978 2544 ,
1015 2479 1220 2550 inquit,
1252 2477 1398 2532 valde
1418 2518 1434 2541 ,
1465 2475 1628 2529 valde.
1660 2469 1977 2542 anlicatio-

399 2592 521 2631 nem
545 2574 700 2644 hujus
728 2573 963 2628 adverbii
991 2587 1095 2625 non
1125 2570 1314 2624 frustra
1345 2567 1540 2636 adjecit
1565 2608 1580 2633 ,
1608 2565 1702 2619 sed
1731 2576 1786 2618 ιιι
1811 2562 1976 2633 signi-

401 2666 523 2721 licet
548 2681 613 2721 ex
638 2666 784 2733 justo
828 2665 1015 2718 miram
1061 2659 1449 2715 multitudinem
1477 2656 1795 2713 exeundum.
1838 2654 1981 2723 Quo-

401 2758 541 2813 niam
573 2759 729 2828 igitur
748 2772 842 2825 per
860 2753 1107 2810 elementi
1127 2750 1474 2816 additionem,
1492 2749 1641 2819 quasi
1668 2749 1718 2803 in
1735 2747 1981 2801 columna

401 2848 628 2918 quadam
652 2889 668 2913 ,
699 2845 1038 2901 indelebilem
1058 2843 1462 2914 promissionem
1492 2841 1540 2896 ei
1562 2840 1846 2909 inscripsit,
1880 2839 1979 2892 ite-

403 2956 518 2995 rum
544 2940 669 2994 dicit
705 2957 718 2992 :
750 2940 804 2992 7.
835 2937 901 2991 Et
928 2946 1145 2991 statuam
1171 2943 1517 2988 testamentum
1558 2947 1722 2984 meum
1746 2933 1874 2983 inter
1899 2938 1979 2993 te,

402 3042 448 3087 et
489 3032 619 3085 inter
640 3047 807 3085 semen
833 3041 972 3083 tuum
1017 3038 1126 3099 post
1155 3037 1202 3082 te
1241 3028 1295 3080 in
1333 3025 1674 3097 generationes
1703 3038 1903 3086 eorum,
1931 3023 1984 3073 in

405 3133 753 3179 testamentum
795 3122 1186 3191 sempiternum,
1216 3128 1270 3172 ut
1311 3118 1407 3172 sim
1434 3116 1569 3169 Deus
1597 3124 1727 3168 tuus.
1756 3113 1867 3167 Non
1894 3126 1984 3166 so-

408 3216 516 3270 lum
543 3230 667 3285 erga
699 3223 751 3269 te
789 3228 1033 3283 magnam
1071 3208 1357 3266 declarabo
1384 3206 1768 3279 providentiam
1811 3212 1866 3259 et
1887 3218 1984 3257 cu-

407 3323 541 3373 ram,
565 3306 658 3361 sed
684 3317 738 3361 et
762 3321 884 3375 erga
911 3318 1096 3360 semen
1124 3314 1268 3356 tuum
1292 3343 1306 3367 ,
1345 3310 1398 3356 et
1424 3309 1541 3370 post
1567 3308 1709 3353 tuam
1734 3305 1984 3350 mortem.

411 3398 540 3453 Vide
568 3397 837 3468 quomodo
855 3404 1060 3452 recreet
1083 3394 1313 3448 animam
1330 3392 1476 3462 justi,
1511 3390 1824 3460 promittens
1847 3387 1896 3441 ci
1928 3401 1987 3440 se

409 3490 628 3545 seminis
662 3503 872 3559 quoque
918 3487 1036 3556 ejus
1070 3486 1286 3541 multam
1340 3498 1520 3539 curam
1564 3480 1887 3536 habiturum.
1921 3477 1989 3531 Et

407 3599 527 3653 qua:
553 3584 718 3638 virtus
760 3581 1099 3637 testamenti?
1131 3581 1199 3636 Ut
1223 3581 1319 3635 sim
1345 3578 1483 3632 Deus
1513 3586 1628 3630 tuus
1651 3615 1667 3641 ,
1709 3572 1915 3642 inquit,
1942 3579 1989 3623 et

409 3676 616 3731 seminis
663 3674 735 3726 tui
779 3683 892 3744 post
916 3682 981 3727 te.
1006 3672 1117 3727 Hoc
1151 3673 1294 3727 enim
1320 3670 1424 3725 erit
1450 3668 1541 3723 tibi
1570 3675 1625 3721 et
1664 3662 1852 3719 semini
1898 3670 1991 3716 tuo

411 3777 568 3836 caput
613 3767 894 3821 honorum.
940 3766 994 3820 8.
1024 3764 1088 3818 Et
1119 3765 1250 3818 dabo
1278 3762 1365 3816 tibi
1390 3770 1438 3815 et
1488 3759 1665 3814 semini
1689 3768 1775 3812 tuo
1803 3763 1915 3824 post
1944 3763 1991 3806 te

413 3870 596 3912 terram
622 3858 674 3911 in
700 3874 800 3927 qua
828 3856 1119 3927 peregrinus
1146 3871 1199 3909 es
1221 3895 1237 3920 ,
1267 3869 1465 3908 omnem
1495 3862 1681 3905 terram
1706 3848 1952 3904 Chanaan
1971 3884 1988 3909 ,

412 3953 463 4005 in
492 3950 853 4023 possessionem
878 3949 1257 4018 sempiternam;
1282 3955 1328 4000 et
1357 3960 1443 3999 ero
1470 3960 1643 3998 eorum
1668 3941 1826 3995 Deus.
1863 3938 1992 3992 Pro-

414 4053 533 4113 pter
559 4052 699 4099 tuam
723 4084 738 4109 ,
771 4041 975 4112 inquit,
1002 4040 1249 4094 virtutem
1283 4037 1478 4107 posteri
1503 4050 1715 4105 quoque
1752 4033 1826 4087 tui
1876 4044 1993 4085 mea

416 4135 656 4190 fruentur
698 4131 1032 4202 providentia
1058 4172 1073 4193 ,
1100 4138 1155 4186 et
1192 4129 1332 4183 dabo
1379 4128 1459 4184 eis
1508 4128 1559 4181 in
1601 4124 1992 4196 possessionem

414 4235 671 4280 teternam
700 4231 898 4278 terram
923 4219 1197 4283 Chanaan,
1221 4218 1288 4273 Et
1313 4234 1400 4272 ero
1428 4233 1600 4271 eorum
1620 4214 1758 4268 Deus
1787 4215 1826 4265 ¹.
1855 4210 1995 4279 Quid

417 4324 529 4378 est,
558 4314 623 4368 Et
648 4329 732 4368 ero
762 4329 932 4367 eorum
965 4310 1099 4365 Deus
1116 4310 1142 4363 Ρ
1169 4309 1285 4364 Hoc
1311 4317 1425 4370 est,
1449 4306 1665 4360 Multam
1696 4319 1783 4359 me
1807 4316 1992 4358 eorum

417 4419 599 4459 curam
648 4412 704 4458 et
731 4402 1115 4473 providentiam
1154 4399 1352 4454 habere
1379 4397 1656 4452 ostendam
1676 4436 1692 4459 ,
1720 4403 1774 4449 et
1820 4409 1996 4448 meum

421 4497 471 4549 in
494 4495 739 4549 omnibus
780 4492 1074 4548 subsidium
1104 4492 1207 4547 illis
1236 4491 1519 4561 praestabo.
1550 4489 1777 4543 Tantum
1831 4487 1885 4542 9.
1922 4484 1999 4539 Tu

418 4596 770 4641 testamentum
814 4602 978 4639 meum
1014 4586 1219 4639 observa
1243 4626 1257 4650 ,
1286 4593 1334 4636 et
1365 4598 1531 4637 semen
1558 4590 1696 4635 tuum
1726 4589 1838 4649 post
1869 4589 1916 4633 te
1947 4579 2001 4633 in

422 4677 823 4748 generationibus
865 4693 1060 4730 eorum.
1105 4674 1250 4729 Nihil
1292 4674 1435 4728 aliud
1482 4688 1512 4727 a
1544 4673 1693 4728 vobis
1742 4672 1997 4740 requiro,

422 4786 579 4840 quam
606 4769 959 4825 obedientiam
1000 4778 1275 4841 gratumve
1301 4768 1535 4822 animum
1562 4808 1576 4829 ,
1610 4775 1665 4820 ct
1685 4780 1783 4836 ego
1822 4764 2000 4820 omnia

423 4878 771 4932 quascumque
790 4863 1054 4932 pollicitus
1077 4877 1195 4915 sum
1221 4876 1382 4930 cpere
1415 4858 1715 4928 complebo.

494 4956 549 5009 4.
574 4954 791 5025 Insuper
818 4956 999 5009 volens
1025 4969 1118 5009 eos
1157 4954 1242 5023 qui
1274 4969 1338 5008 ex
1371 4954 1488 5022 ipso
1532 4952 1780 5007 nascitnri
1818 4961 2000 5011 crant.

426 5047 748 5116 peculiarem
786 5061 939 5101 suum
990 5046 1165 5100 facere
1206 5044 1456 5116 populum
1486 5061 1499 5097 :
1529 5054 1585 5096 ιιι
1633 5053 1813 5113 postea
1841 5085 1854 5106 ,
1881 5058 2003 5097 eum

425 5137 709 5196 multitudo
761 5144 1161 5207 propagaretur.
1201 5152 1305 5189 non
1338 5151 1396 5190 sc
1431 5135 1673 5205 gentibus
1708 5134 1810 5188 illis
1835 5174 1847 5195 .
1874 5148 2006 5201 qua-

425 5247 544 5289 rum
576 5229 925 5284 hereditatem
952 5235 1271 5295 occupatura
1292 5236 1405 5279 erat
1430 5266 1443 5287 ,
1476 5225 1849 5278 commiscet-ct
1880 5238 1896 5280 ;
1921 5223 2003 5275 iu-

426 5335 730 5393 superqne,
777 5320 899 5388 quia
950 5316 1245 5371 Secundum
1299 5316 1695 5385 praedictionem
1750 5329 1900 5368 suam
1951 5313 2004 5366 in

435 5413 664 5485 Egypto
688 5412 931 5467 servituri
958 5419 1129 5474 erant;
1159 5418 1211 5462 ut
1242 5424 1307 5463 ne
1331 5408 1573 5478 gentibus
1592 5406 2005 5461 commisceren-

493 5565 507 5600 ί
535 5565 589 5617 ιιι
612 5563 994 5631 Bibliislegitur,
1017 5573 1059 5617 et
1075 5577 1158 5617 ero
1173 5564 1242 5617 eis
1264 5564 1312 5615 in
1344 5572 1506 5614 Deum.

1405 169 1471 225 IN
1508 168 1660 225 CAP.
1700 164 1862 223 XVII.
1890 162 2136 220 GENES.
2181 162 2408 218 IIOMIL.
2454 164 2694 219 XXXIX.

3548 172 3655 229 368

2071 288 2153 333 tnr
2193 280 2243 334 in
2274 280 2540 353 rEgypto,
2571 285 3031 345 circumcisionem
3059 329 3074 356 ,
3101 290 3237 363 signi
3279 294 3480 363 gratia,
3507 296 3653 368 justo

2071 372 2309 441 praecipit
2353 382 2408 428 et
2445 374 2615 445 inquit
2644 394 2657 430 :
2690 376 2777 433 ιο.
2808 376 2926 433 Hoc
2966 391 3044 436 est
3085 391 3439 441 testamentum
3469 389 3487 420 ¹
3517 388 3655 458 quod

2068 464 2288 519 seruabis
2311 466 2441 521 inter
2458 484 2538 522 me
2569 479 2617 523 et
2642 486 2750 538 vos,
2769 480 2816 526 et
2844 473 2979 527 inter
3005 491 3171 530 semen
3201 486 3340 532 tuum
3369 490 3560 548 posth
3594 488 3654 540 in

2069 558 2476 626 generationibus
2518 562 2740 618 illorum.
2791 563 3193 623 Circumcidetur
3234 571 3286 625 in
3326 572 3462 629 vobis
3502 590 3658 631 omne

2069 647 2425 704 masculinum.
2460 652 2547 707 ll.
2577 653 2955 713 Circumcidetis
2981 675 3184 714 carnem
3213 666 3446 733 prceputii
3476 668 3648 722 uestri.

2073 736 2273 794 Deinde
2312 749 2367 794 ut
2408 740 2595 798 doceat
2633 754 2689 800 et
2714 745 2835 802 illos
2880 757 2937 803 et
2977 764 3163 806 omnes
3204 769 3329 820 nos,
3359 770 3521 825 quare
3548 758 3653 813 hoc

2070 832 2402 901 praeceperit,
2430 842 2484 890 et
2508 849 2567 890 se
2597 852 2704 892 non
2735 838 2955 896 alterius
2978 844 3273 914 cujuspiam
3303 848 3470 917 gratia
3499 849 3551 905 id
3578 848 3653 906 fa-

2071 935 2193 976 cere
2213 964 2227 987 ,
2251 938 2409 993 quam
2438 933 2498 979 ut
2535 938 2678 982 esset
2704 930 3002 1001 assignatus
3028 942 3081 987 et
3106 934 3205 991 sibi
3230 948 3538 1009 segregatus
3557 955 3654 1011 po-

2072 1015 2248 1083 pulus,
2277 1016 2484 1088 inquit,
2518 1018 2586 1073 Et
2613 1022 2705 1074 erit
2725 1022 2777 1075 in
2801 1023 3000 1095 signant
3030 1029 3311 1083 testamenti
3334 1029 3466 1086 inter
3499 1048 3580 1085 me
3606 1042 3656 1087 et

2072 1121 2178 1160 vos.
2221 1107 2287 1161 Et
2316 1119 2497 1177 postea
2542 1113 2701 1167 etiam
2727 1114 2794 1169 de
2823 1124 3064 1186 tempore
3088 1118 3346 1188 imperat,
3376 1136 3485 1193 quo
3524 1137 3655 1179 con-

2073 1200 2252 1253 veniat
2278 1200 2379 1257 huc
2402 1201 2535 1257 ﬁeri.
2567 1204 2654 1259 19..
2681 1204 2892 1261 Puellus
2912 1208 3067 1274 enim,
3093 1209 3295 1280 inquit,
3322 1223 3433 1266 octo
3458 1214 3654 1268 dierum

2072 1291 2456 1347 circumcidetur
2468 1294 2623 1361 vobis,
2646 1306 2693 1350 et
2719 1299 3013 1354 vernaculus
3034 1339 3050 1366 ,
3075 1311 3122 1354 et
3144 1303 3401 1372 emptitius
3426 1318 3448 1359 :
3474 1315 3522 1359 et
3545 1321 3654 1361 om-

2075 1401 2162 1439 nes
2186 1386 2239 1439 in
2263 1403 2482 1452 summa,
2513 1401 2569 1443 ut
2595 1391 2664 1443 ita
2690 1392 2856 1445 dicam
2880 1434 2894 1453 .
2916 1396 3002 1464 qui
3012 1396 3169 1464 apud
3194 1413 3279 1451 vos
3302 1408 3439 1463 sunt,
3466 1400 3561 1454 hoc
3584 1403 3656 1455 si-

2073 1492 2229 1546 gnum
2271 1478 2563 1548 suscipient.
2589 1481 2675 1535 H.
2705 1480 2771 1534 Et
2802 1483 3028 1553 quisquis
3052 1502 3153 1540 non
3195 1487 3579 1545 circumsidetur
3601 1490 3656 1543 in

2075 1567 2157 1621 die
2209 1568 2473 1624 constituto
2495 1612 2511 1636 ,
2559 1571 2795 1640 perdetur
2838 1589 2859 1627 :
2906 1575 3029 1644 quia
3085 1585 3435 1632 testamentum
3486 1597 3655 1635 meum

2076 1658 2378 1730 dissipavit;
2427 1664 2550 1733 quia
2601 1674 2961 1738 transgressus
3007 1678 3130 1735 est,
3184 1672 3353 1741 inquit
3382 1713 3395 1735 ,
3449 1688 3653 1744 praece-

2076 1759 2247 1819 ptum.

2108 1844 2211 1899 Cur
2221 1848 2847 1910 circumcisionemludwis
2864 1850 3155 1920 imposuerit
3167 1848 3657 1910 Deus.Circumcisio

2078 1933 2207 1988 nihil
2230 1935 2415 1991 animae
2439 1941 2633 2008 confert
2656 1939 2793 1992 boni.
2814 1969 2886 1980 —
2915 1941 3049 1997 Vide
3078 1944 3394 2011 sapientiam
3422 1946 3655 2013 Domini,

2077 2025 2345 2090 quomodo
2360 2041 2482 2082 cum
2498 2030 2659 2085 sciret
2674 2032 3008 2101 imperfectas
3023 2044 3073 2088 et
3096 2049 3287 2104 pravas
3306 2050 3492 2091 eorum
3508 2052 3662 2094 men-

2081 2125 2161 2171 tes
2183 2116 2404 2183 futuras,
2423 2121 2630 2191 signum
2649 2124 3069 2181 circumcisionis
3088 2128 3235 2197 quasi
3259 2127 3469 2185 frenum
3490 2131 3662 2200 quod-

2079 2207 2201 2263 dam
2232 2210 2513 2281 imposuit,
2544 2214 2610 2268 ad
2643 2215 2927 2271 indomitos
2948 2233 3134 2274 eorum
3158 2221 3386 2291 impetus
3403 2222 3661 2279 cohiben-

2080 2300 2198 2363 dos.
2226 2311 2282 2357 ιιι
2308 2318 2374 2359 ne
2391 2306 2636 2374 gentibus
2656 2308 3144 2365 commiscerentur.
3170 2311 3299 2365 Nam
3320 2313 3441 2382 quia
3461 2313 3663 2368 sciebat

2080 2406 2265 2447 eorum
2282 2394 2573 2458 lasciviam,
2606 2406 2660 2451 et
2679 2412 2792 2460 eos,
2820 2398 2944 2454 licet
2963 2400 3213 2457 intinities
3239 2404 3491 2471 monitos,
3515 2413 3574 2459 ut
3592 2404 3663 2457 ab

2082 2481 2267 2539 illicito
2288 2485 2485 2554 impetu
2504 2486 2826 2543 abstinerent
2846 2529 2861 2553 ,
2891 2489 3199 2545 obedituros
3230 2507 3332 2545 non
3350 2508 3469 2548 esse
3497 2510 3511 2547 :
3544 2494 3664 2550 ideo

2081 2573 2206 2629 dato
2230 2575 2309 2630 eis
2326 2587 2580 2646 perpetuo
2600 2580 2917 2643 memoriali,
2946 2580 3125 2649 injecit
3145 2581 3223 2636 eis
3242 2584 3663 2641 circumcisionis

2084 2666 2312 2735 signum,
2344 2668 2493 2735 quasi
2522 2668 2792 2722 vinculum
2819 2670 3105 2739 quoddam,
3136 2673 3388 2743 deditque
3410 2675 3491 2730 eis
3517 2674 3665 2746 leges

2084 2766 2138 2811 et
2163 2758 2392 2827 regulas,
2425 2758 2560 2813 ultra
2587 2774 2721 2830 quas
2749 2762 2974 2817 transire
3001 2765 3079 2818 eis
3110 2778 3215 2819 non
3247 2765 3448 2829 liceret,
3481 2777 3533 2821 ut
3567 2782 3661 2821 sua

2084 2858 2241 2919 gente
2264 2852 2499 2906 contenti
2525 2861 2724 2917 essent,
2753 2861 2808 2907 et
2831 2855 2980 2909 nullo
3002 2854 3163 2910 modo
3188 2870 3307 2911 cum
3336 2859 3581 2929 gentibus
3606 2874 3666 2917 se

2086 2940 2529 3007 commiscerent;
2565 2942 2657 2997 sed
2686 2944 2999 3013 patriarcha:
3036 2960 3219 3001 semen
3269 2948 3664 3018 impermixtum

2090 3040 2329 3086 maneret
2355 3041 2411 3086 ut
2438 3033 2515 3087 sic
2543 3042 2599 3088 et
2639 3036 2897 3103 promissa
2940 3036 2990 3090 in
3018 3037 3096 3092 eis
3120 3038 3376 3109 compleri
3425 3053 3665 3111 possent.

2093 3123 2157 3177 Et
2182 3126 2630 3192 quemadmodum
2655 3127 2735 3180 vir
2759 3128 2949 3198 aliquis
2978 3139 3277 3200 temperans
3303 3141 3357 3187 et
3388 3133 3545 3202 lenis,
3571 3148 3670 3193 an-

2088 3214 2263 3268 cillam
2308 3215 2511 3272 habens
2561 3218 2887 3287 petulantem
2913 3262 2927 3281 ,
2962 3221 3218 3276 terminos
3259 3233 3313 3278 et
3356 3225 3567 3296 regulas
3596 3225 3671 3281 illi

2091 3303 2214 3371 dat,
2241 3322 2307 3360 nc
2347 3322 2595 3376 umquam
2627 3317 2775 3362 extra
2799 3309 3056 3365 vestibula
3088 3312 3329 3381 prodeat,
3354 3330 3524 3385 neque
3547 3331 3669 3371 cum

2092 3401 2532 3468 praetereuntibus
2557 3404 2855 3469 conveniat,
2886 3406 2992 3460 imo
3020 3422 3418 3477 nonnumquam
3449 3407 3672 3475 pedibus

2091 3491 2377 3561 compedes
2412 3493 2592 3559 addit,
2625 3503 2681 3548 ut
2712 3496 2789 3550 sic
2832 3496 2972 3551 illius
3015 3498 3474 3567 intemperantiam
3510 3514 3667 3554 coer—

2093 3597 2216 3638 cere
2240 3585 2414 3640 valeat
2443 3602 2459 3638 :
2486 3585 2556 3640 ita
2585 3596 2639 3640 ct
2666 3588 2925 3657 benignus
2956 3588 3209 3649 Dominus
3252 3590 3676 3646 circumcisionis

2094 3674 2301 3743 signum
2340 3674 2487 3729 carni
2510 3691 2694 3730 eorum
2739 3676 2965 3740 indidit,
2988 3679 3138 3748 quasi
3162 3679 3384 3747 pedibus
3404 3680 3671 3735 vinculum

2094 3764 2382 3835 quoddam,
2412 3777 2470 3821 ut
2488 3766 2837 3822 domesticum
2861 3766 3117 3823 habentes
3144 3768 3378 3839 signum,
3406 3785 3513 3825 non
3538 3770 3677 3826 ultra

2097 3856 2336 3912 doctrina
2377 3858 2602 3912 aliorum
2632 3872 2768 3929 Opus
2798 3859 3072 3914 haberent.
3104 3861 3259 3928 Atqui
3288 3861 3476 3930 ingrati
3500 3861 3679 3916 insen-

2098 3949 2307 4017 satique
2351 3947 2523 4003 Juda:i
2576 3950 2741 4003 etiam
2793 3965 2971 4015 nunc,
2997 3965 3117 4003 cum
3166 3959 3378 4019 tempus
3414 3965 3519 4005 non
3560 3959 3676 4015 est,

2098 4041 2558 4096 circumcisionem
2598 4055 2814 4096 servam
2864 4041 3076 4103 volunt,
3107 4042 3472 4111 puerilemque
3503 4041 3683 4097 decla-
3770 4108 3773 4109 γ

2100 4144 2220 4188 rant
2249 4144 2502 4188 mentem.
2534 4133 2698 4202 Cujus
2726 4133 2868 4187 enim
2893 4131 2970 4186 rei
2990 4134 3158 4201 gratia
3181 4174 3195 4197 ,
3223 4129 3309 4185 die
3347 4131 3477 4187 mihi
3498 4172 3514 4195 ,
3541 4146 3682 4187 nunc

2100 4225 2405 4280 circumcidi
2434 4225 2660 4279 volunt?
2683 4224 2814 4279 Nam
2867 4233 2992 4279 tunc
3018 4223 3233 4294 quidem
3258 4268 3273 4288 ,
3296 4232 3357 4278 ut
3400 4239 3468 4279 ne
3508 4224 3684 4294 impiis

2101 4318 2206 4372 illis
2230 4318 2476 4387 gentibus
2494 4332 2554 4373 se
2572 4318 3004 4383 commiscerent,
3034 4317 3135 4371 hoc
3160 4318 3211 4371 in
3240 4316 3504 4371 mandatis
3526 4331 3683 4372 accc-

2102 4420 2292 4479 perant
2326 4428 2337 4461 :
2365 4425 2506 4464 nunc
2529 4419 2705 4464 autem
2746 4426 2841 4479 per
2867 4410 2957 4463 Dei
2987 4409 3211 4478 gratiam
3238 4409 3485 4463 omnibus
3510 4409 3579 4463 ad
3605 4409 3689 4462 lu-

2102 4517 2219 4556 cem
2246 4502 2485 4556 veritatis
2509 4501 2751 4557 adductis
2768 4541 2784 4566 ,
2810 4516 2930 4570 quae
2975 4500 3395 4555 circumcisionis
3436 4500 3635 4555 utilitas
3660 4500 3685 4553 τ

2106 4593 2370 4664 Numquid
2410 4593 2475 4647 ad
2507 4594 2701 4647 animm
2725 4593 3020 4648 libertatein
3059 4591 3255 4661 aliquid
3279 4593 3486 4649 conifert
3509 4593 3687 4647 carnis

2105 4685 2409 4755 depositio?
2434 4684 2549 4739 Non
2571 4684 2856 4739 audierunt
2879 4684 3157 4739 manifeste
3191 4685 3353 4738 Deum
3376 4683 3640 4738 dicentem
3667 4700 3682 4735 :

2109 4776 2174 4831 Et
2203 4779 2294 4831 erit
2348 4778 2401 4830 in
2448 4777 2648 4847 signum
2678 4776 2956 4830 testamenti
2981 4790 3001 4828 :
3035 4775 3183 4843 quasi
3231 4774 3687 4828 demoustrantem

2109 4868 2253 4936 ipsos
2277 4869 2347 4923 ob
2374 4869 2592 4921 nndtam
2623 4867 2921 4921 socordiam
2958 4864 3047 4919 tali
3086 4865 3238 4933 signo
3264 4862 3584 4933 indiguisse?
3613 4863 3686 4918 Ita

2108 4960 2249 5013 enim
2280 4969 2335 5014 et
2375 4960 2430 5012 in
2474 4958 2717 5011 humanis
2746 4957 2907 5010 rebus
2951 4969 3348 5023 nonnumquam
3385 4954 3497 5007 iieri
3527 4954 3686 5009 solet.

2109 5051 2332 5119 Quando
2367 5065 2470 5108 non
2502 5050 2757 5103 habemus
2778 5048 3041 5117 aliquibus
3063 5047 3243 5111 Iidem,
3266 5062 3513 5101 curamus
3540 5057 3598 5100 ιιι
3622 5049 3692 5101 ab

2112 5143 2241 5213 ipsis
2279 5142 2484 5208 signum
2535 5140 2768 5209 pignoris
2807 5138 2924 5192 loco
2980 5139 3337 5207 recipiamus:
3366 5138 3611 5195 similiter
3638 5149 3696 5194 et

2112 5234 2347 5286 ninnium
2402 5232 2653 5283 Doniinns
2701 5231 2876 5283 sciens
2917 5229 3150 5298 ipsorum
3196 5230 3357 5282 animi
3390 5229 3694 5284 inconstan~

2116 5327 2271 5390 Ii.un,
2307 5325 2407 5378 hoc
2434 5324 2501 5377 ab
2525 5324 2602 5376 eis
2640 5323 2847 5393 signum
2896 5330 3077 5389 petere
3106 5323 3308 5377 voluit:
3337 5338 3440 5376 non
3472 5334 3528 5377 ιιι
3548 5337 3689 5376 sem-

2177 5494 2192 5524 ί
2230 5500 2347 5543 \‘nv.
2384 5493 2735 5552 testamentum,
2772 5484 2847 5532 hic
2886 5482 3088 5552 intelligi
3123 5482 3503 5552 «introeundum
3522 5475 3695 5540 ratius,

2118 5557 2252 5617 (auius
2273 5555 2462 5615 signum
2488 5558 2539 5599 et
2554 5548 2819 5614 symbolum
2845 5554 2950 5595 erat
2970 5546 3292 5594 circumcisio.
