4020 6136
351 171 453 227 387

351 300 444 353 per
473 292 684 340 maneat
706 284 915 355 signum
938 282 1039 337 hoc
1062 322 1078 349 ,
1096 282 1191 337 sed
1219 294 1276 336 ut
1297 292 1575 352 postquam
1602 281 1815 351 antiqua
1842 278 1931 331 illa

356 378 514 432 tinem
559 375 882 446 acceperint,
908 383 962 429 et
991 374 1126 444 signi
1157 387 1286 428 usus
1310 372 1601 427 auferatur.
1633 370 1765 426 Nam
1798 370 1936 425 sicut

348 469 438 539 qui
467 470 674 538 signum
697 477 985 539 expetunt,
1013 476 1067 523 et
1087 468 1275 537 pignus
1301 466 1546 535 accipere
1580 465 1785 527 volunt,
1813 477 1934 517 cum

350 560 619 629 negotium
654 560 954 629 perfectum
995 557 1189 621 fuerit,
1220 568 1345 613 tunc
1377 568 1433 611 et
1457 556 1666 627 signum
1698 554 1886 609 tollunt
1919 571 1934 607 :

349 655 419 706 ita
440 654 600 707 etiam
628 652 717 707 hic
739 667 859 707 cum
884 695 897 712 ,
938 660 996 706 ιιι
1040 651 1264 721 pepulus
1285 648 1376 705 ille
1404 656 1554 704 ortus
1574 664 1602 702 a
1634 646 1934 718 patriarcha

345 746 664 815 conspicuus
714 744 905 808 fieret,
949 746 1157 814 signum
1202 742 1306 798 hoc
1352 741 1491 813 apud
1529 742 1665 796 vos‘
1697 739 1939 795 introdu-

344 845 488 891 rtum
512 836 602 900 sit,
633 836 914 905 oportebat
931 844 1208 905 postquam
1226 841 1414 904 gentes
1434 832 1538 887 illa:
1566 839 1785 902 propter
1804 846 1936 901 quas

345 927 553 996 signum
602 928 884 998 accepistis
907 969 923 995 ,
958 928 1150 997 partim
1181 926 1373 983 deletae
1404 935 1527 979 sunt
1553 966 1566 991 ,
1597 924 1786 994 partim
1817 933 1935 993 poet

345 1019 466 1073 illos
489 1019 555 1074 ad
587 1021 822 1074 veritatis
843 1020 1013 1074 lucem
1032 1028 1370 1075 accesserunt
1391 1060 1409 1084 ,
1440 1033 1546 1072 non
1565 1020 1676 1088 jam
1702 1017 1933 1087 amplius

345 1112 572 1180 propria:
602 1111 955 1181 improbitatis
999 1110 1249 1167 indicium
1274 1109 1617 1165 circumferre
1636 1151 1651 1173 ,
1683 1109 1776 1165 sed
1802 1110 1936 1163 libe-

346 1216 433 1255 ros
460 1216 612 1268 esse,
636 1212 691 1257 et
732 1203 798 1257 ad
830 1203 1107 1271 pristinam
1139 1203 1467 1257 nobilitatem
1498 1201 1694 1257 redire.
1749 1199 1932 1271 Cogita

344 1294 487 1347 enim
539 1295 792 1349 eximium
826 1294 973 1348 illum
1004 1293 1360 1365 patriarcham
1385 1336 1400 1360 ,
1433 1294 1741 1365 priusquam
1792 1292 1934 1346 acci-

346 1394 496 1452 peret
523 1384 946 1441 circumcisiouis
987 1385 1295 1440 mandatum
1340 1385 1652 1455 (nonaginta
1700 1385 1842 1439 enim
1878 1393 1933 1438 et

343 1492 533 1532 novem
558 1492 821 1533 annorum
848 1486 964 1532 erat
989 1477 1202 1547 quando
1246 1479 1349 1533 hoc
1376 1478 1425 1533 ei
1453 1485 1775 1547 praeceptum
1803 1476 1927 1545 est),

340 1577 614 1637 acceptum
635 1566 801 1624 fuisse
822 1568 953 1633 Deo,
982 1578 1038 1623 et
1059 1568 1360 1625 sexcenties
1383 1584 1412 1622 a
1445 1567 1668 1623 Domino
1694 1567 1932 1623 celebra-

342 1672 471 1714 tum.
502 1659 567 1715 Et
582 1662 702 1729 quia
728 1661 1034 1730 propediem
1055 1662 1433 1731 promissiones
1449 1671 1601 1717 erant
1623 1661 1925 1731 implendaa,

342 1751 746 1821 uascilurusque
776 1750 919 1805 Isaac
940 1794 957 1819 ,
983 1761 1036 1806 et
1061 1752 1361 1822 augendum
1390 1768 1591 1823 genus,
1623 1762 1675 1807 et
1705 1753 1926 1822 patriar.

336 1840 453 1895 alia:
493 1841 860 1911 emigrandum
907 1853 1023 1897 erat
1051 1859 1117 1896 ex
1146 1843 1245 1898 hac
1274 1844 1419 1907 vita,
1450 1854 1575 1897 tunc
1600 1845 1810 1898 demum
1838 1859 1930 1897 ac-

338 1933 463 2002 cipit
493 1934 798 1988 mandatum
846 1935 1275 1990 circumcisiouis
1295 1977 1309 2001 ,
1341 1944 1396 1989 et
1420 1936 1470 1988 in
1501 1936 1587 1988 tali
1615 1944 1775 1991 relate
1817 1938 1927 1990 cir-

338 2023 676 2089 cumciditur,
697 2033 755 2078 ut
780 2025 1008 2094 posteris
1028 2027 1274 2079 omnibus
1302 2026 1385 2080 lex
1408 2026 1651 2095 quoniam
1669 2036 1722 2081 et
1746 2027 1925 2098 regula

341 2114 528 2169 fierent
554 2131 617 2169 ea
647 2130 766 2184 qua:
798 2115 1094 2184 patriarcha
1125 2117 1269 2184 prior
1294 2116 1510 2171 fecerat.

406 2206 461 2261 5.
498 2205 565 2260 Et
610 2216 667 2261 ut
712 2205 988 2262 evidenter
1020 2207 1238 2262 discatis
1263 2249 1279 2275 ,
1310 2207 1490 2263 dilecti
1511 2250 1529 2276 ,
1558 2208 1659 2263 hoc
1704 2209 1831 2263 nihil
1862 2210 1926 2262 ad

335 2294 527 2351 animat
550 2297 793 2352 virtutem
812 2297 1135 2361 conducere,
1159 2312 1223 2352 ex
1242 2298 1307 2352 iis
1321 2314 1440 2368 quae
1464 2298 1603 2353 facta
1620 2310 1742 2353 sunt
1762 2300 1927 2354 Vldt'l‘l

336 2396 529 2455 potest.
557 2389 664 2442 Cur
683 2389 822 2443 enim
844 2389 935 2452 ait,
965 2389 1089 2443 Octo
1113 2392 1305 2445 dierum
1326 2392 1496 2464 infans
1524 2393 1930 2448 circumcidetur?

336 2477 569 2549 Tempus
586 2478 863 2534 definitum
885 2496 1003 2536 csse
1023 2497 1053 2534 a
1072 2482 1303 2551 benigno
1322 2484 1429 2537 Deo
1448 2485 1653 2538 duabus
1673 2485 1740 2539 de
1755 2486 1929 2539 causis

340 2571 531 2639 opinor
560 2589 574 2626 :
604 2587 709 2626 una
732 2613 747 2637 ,
778 2581 835 2627 ut
864 2573 916 2627 in
948 2583 1107 2629 aetate
1136 2574 1413 2629 immatura
1457 2576 1663 2631 facilius
1691 2592 1923 2634 Circum-

335 2662 553 2717 cisionis
587 2662 638 2717 in
668 2678 830 2719 carne
857 2664 1156 2719 molestiam
1198 2665 1341 2722 ferre
1369 2676 1579 2736 posset;
1610 2669 1713 2723 alia
1754 2679 1810 2723 ut
1836 2686 1923 2725 re-

336 2752 437 2807 bus
466 2752 594 2823 ipsis
629 2753 957 2811 disceremus
986 2755 1036 2810 id
1064 2757 1258 2811 auiuue
1288 2758 1419 2813 nihil
1459 2760 1784 2827 conducere,
1830 2764 1923 2817 sed

334 2842 436 2899 hoc
466 2843 578 2899 ﬁeri
605 2845 741 2915 signi
770 2847 956 2916 gratia.
988 2847 1128 2902 l’uer
1152 2848 1293 2903 enim
1324 2850 1639 2906 immaturus
1659 2894 1673 2918 ,
1706 2868 1827 2908 cum
1858 2870 1921 2910 ea

335 2952 455 3006 qua:
482 2937 616 2992 fiunt
646 2940 877 3009 ignorat,
902 2955 1075 3008 neque
1100 2956 1315 2996 sensum
1343 2958 1529 2998 eorum
1552 2944 1732 3009 habet,
1764 2962 1923 3016 quam

336 3026 460 3083 inde
503 3029 553 3081 in
595 3030 771 3083 anima
816 3045 907 3082 sua
948 3032 1227 3087 utilitatem
1269 3034 1510 3103 accipere
1551 3036 1790 3105 poterit?
1829 3037 1920 3092 Illa

332 3119 474 3172 enim
511 3128 637 3175 sunt
667 3135 789 3175 vere
818 3121 953 3175 bona
980 3137 1142 3191 cpt-ra
1173 3123 1364 3177 aninue
1382 3166 1397 3189 ,
1429 3140 1548 3194 qua:
1575 3142 1640 3180 ex
1665 3126 1924 3183 electione

334 3212 488 3265 fiunt.
518 3210 724 3265 Anima:
752 3212 895 3265 enim
919 3214 1112 3266 bonum
1140 3229 1274 3282 opus
1304 3224 1386 3269 est
1417 3217 1661 3270 virtutem
1689 3219 1886 3288 eligere
1905 3261 1921 3283 ,

333 3308 389 3354 et
410 3301 663 3353 malitiam
687 3300 899 3371 fugere;
922 3303 1114 3356 anima:
1136 3303 1332 3358 bonum
1353 3321 1486 3374 opus
1506 3317 1607 3372 est,
1634 3325 1736 3361 uoti
1765 3308 1925 3363 tnodo

336 3406 442 3443 non
476 3390 624 3460 plura
646 3407 806 3460 quam
836 3402 1047 3461 oportet
1073 3396 1455 3464 concupiscere
1478 3438 1493 3462 ,
1527 3398 1619 3451 sed
1655 3399 1814 3452 etiam
1841 3400 1922 3453 fa-

333 3480 559 3536 cultates
600 3481 833 3537 tribuere
878 3482 1276 3551 indigentibus;
1328 3487 1520 3539 anima:
1558 3488 1752 3542 bonum
1791 3505 1923 3559 opus

333 3580 413 3625 «si
437 3611 455 3636 ,
486 3587 593 3626 non
617 3571 885 3628 addictum
925 3588 1045 3630 esse
1090 3574 1248 3631 rebus
1292 3577 1676 3647 praesentibus,
1709 3580 1804 3635 sed
1832 3596 1924 3636 eas

336 3664 550 3731 quidem
580 3664 855 3734 despicere
876 3706 890 3731 ,
925 3665 1130 3722 futuras
1168 3678 1346 3723 autem
1375 3671 1630 3725 continuo
1663 3671 1713 3725 in
1743 3672 1923 3726 animo

333 3755 551 3811 habere.
579 3756 633 3810 lu
662 3772 822 3812 carne
846 3772 974 3813 vero
1002 3759 1211 3829 signum
1240 3761 1505 3832 accipere,
1534 3764 1692 3833 quale
1720 3765 1918 3819 bonum

331 3862 465 3915 opus
507 3845 707 3901 fuerit?
739 3847 932 3903 Verum
977 3850 1168 3917 ingrati
1211 3850 1284 3906 illi
1328 3860 1382 3905 et
1429 3853 1684 3909 inseusati
1709 3855 1876 3910 Juda-i
1907 3897 1921 3919 ,

331 3939 573 4007 quamvis
594 3939 703 4007 jam
726 3939 957 3994 illuxerit
981 3941 1199 4008 veritas,
1227 3941 1402 3997 adhuc
1428 3944 1480 3997 in
1502 3948 1688 4000 umbra
1714 3946 1922 4015 sedent,

331 4040 383 4083 ct
414 4032 662 4099 quamvis
693 4032 771 4085 sol
790 4031 1009 4101 justitize
1031 4031 1309 4099 affulserit,
1338 4035 1426 4102 qui
1450 4034 1585 4089 lucis
1609 4052 1720 4090 sua:
1744 4036 1924 4094 radios

332 4121 565 4192 undique
588 4123 784 4187 emisit,
807 4124 981 4177 adhuc
1008 4124 1319 4179 lucernaria:
1344 4125 1447 4179 luci
1473 4136 1601 4180 sunt
1622 4129 1814 4184 addicti
1836 4148 1851 4196 ;
1872 4141 1927 4186 et

330 4214 571 4282 quamvis
621 4216 690 4267 sit
734 4225 943 4281 tempus
988 4225 1045 4267 ut
1085 4215 1257 4269 solido
1294 4225 1579 4285 pascantur
1622 4219 1777 4285 cibo,
1826 4223 1922 4292 ipsi

332 4306 507 4357 adhuc
529 4306 661 4359 lacte
691 4307 1037 4370 nutriuntur;
1067 4321 1239 4376 neque
1260 4308 1468 4363 beatum
1494 4310 1712 4365 Paulum
1741 4316 1924 4371 audire

332 4396 515 4451 volunt
535 4395 848 4453 clamantem
867 4414 912 4453 θ’
936 4398 1197 4454 dicentem
1218 4398 1285 4455 de
1303 4402 1597 4469 patriarcha
1616 4421 1632 4458 :
1648 4403 1711 4457 Et
1727 4408 1924 4476 signant

332 4489 521 4556 accepit
546 4487 967 4553 circtuncisionis,
994 4490 1309 4559 signaculum
1324 4492 1544 4562 justititc
1565 4496 1685 4562 ﬁdei
1709 4514 1822 4566 (μίαν
1850 4510 1923 4553 est

331 4579 383 4630 in
408 4577 656 4645 prteputio
686 4579 703 4646 (
724 4577 869 4631 Rom.
901 4580 954 4633 4.
982 4582 1038 4633 ll
1068 4584 1106 4647 ).
1141 4580 1273 4636 Vide
1290 4584 1557 4652 quontodo
1583 4596 1804 4656 utraque
1826 4606 1922 4645 nos

331 4670 533 4735 docuit,
566 4678 621 4724 et
648 4671 819 4739 ipsum
849 4672 1119 4739 accepisse
1145 4674 1279 4742 signi
1304 4676 1421 4729 loco
1439 4678 1919 4746 circumcisionem,

332 4774 536 4819 etcum
585 4767 928 4834 prmputiatus
974 4771 1091 4818 erat
1115 4806 1131 4831 ,
1155 4764 1413 4832 justitiam
1452 4784 1570 4836 qua:
1608 4782 1689 4825 est
1727 4788 1789 4827 es
1821 4774 1923 4829 fide

330 4855 647 4911 ostendisse.
678 4856 805 4909 Nam
837 4869 902 4908 ne
934 4853 1267 4922 impudenter
1286 4854 1500 4910 Jttdteus
1522 4856 1666 4931 dicat
1697 4879 1709 4915 :
1736 4861 1922 4919 Nonne

330 4948 668 5003 circumcisio
712 4948 761 5001 ei
801 4947 1060 5016 justitiam
1105 4948 1448 5003 conciliavit?
1493 4950 1691 5006 idcirco
1738 4954 1922 5011 beatus

337 5041 425 5095 ille
450 5040 516 5094 ad
544 5040 707 5109 pedes
736 5038 1043 5095 Gamalielis
1076 5039 1315 5096 eruditus
1343 5041 1494 5112 (Act.
1531 5044 1619 5097 22.
1649 5046 1755 5116 5),
1788 5056 1838 5100 et
1871 5050 1921 5102 in

332 5133 449 5202 lege
488 5130 727 5200 apprime
775 5130 1045 5185 institutus
1067 5172 1080 5194 ,
1115 5130 1282 5200 inquit
1316 5153 1329 5188 :
1358 5132 1435 5189 Ne
1470 5137 1663 5202 putetis
1686 5177 1701 5201 ,
1748 5138 1916 5208 impu.

330 5222 519 5277 dentes
542 5220 734 5287 Judaei,
763 5221 1219 5276 circmucisionem
1243 5222 1339 5291 ipsi
1362 5224 1558 5294 aliquid
1579 5226 1644 5279 ad
1662 5226 1921 5295 justitiam

329 5312 620 5368 contulisse
648 5328 662 5366 :
688 5326 810 5366 nam
839 5327 957 5366 cum
979 5312 1070 5365 illo
1097 5320 1334 5383 tempore
1361 5316 1600 5384 praeputii
1632 5317 1787 5372 lidctu
1813 5334 1921 5388 pra:

396 5473 411 5503 ³
446 5472 628 5543 savii.._
652 5468 722 5521 ita
757 5471 901 5521 etiam
948 5470 1045 5543 hic.
1086 5484 1213 5539 cum.
1253 5477 1301 5519 at
1338 5471 1713 5543 distingueretur
1759 5490 1918 5528 sense»

326 5540 358 5583 ,4
370 5534 552 5587 limine,
587 5539 629 5582 ct
655 5545 744 5583 non
769 5546 877 5583 cum
899 5533 1113 5594 gentibus
1138 5534 1436 5592 misceretur,
1464 5533 1652 5597 signum
1677 5536 1763 5587 hoc
1787 5554 1913 5603 aput:

328 5609 432 5647 l‘U-i.

1075 170 1131 225 S.
1172 167 1449 225 JOANMS
1489 164 1959 224 CllRYSOSTOMI
2000 164 2319 222 ARCIIIEP.
2362 168 2891 226 CONSTANTINOP.

3535 177 3646 234 363

2041 293 2100 331 se
2124 277 2326 345 ferret,
2372 282 2573 336 audivit
2604 300 2617 337 :
2649 283 2873 338 Credidit
2903 295 3070 340 autem
3106 286 3360 341 Abraham
3401 286 3513 344 Deo
3536 332 3552 356 ,
3594 302 3645 345 es

2040 380 2328 439 reputatae:
2361 384 2432 427 est
2459 376 2503 427 ei
2529 376 2581 428 in
2596 376 2851 446 justitiam
2882 377 3072 449 (Rom.
3105 380 3159 432 4.
3188 379 3224 434 3
3244 381 3283 448 ).
3315 381 3446 436 Cum
3479 383 3646 453 igitur

2042 469 2186 516 esset
2221 462 2332 532 jam
2365 463 2541 533 justus
2584 467 2653 521 ob
2691 481 2843 522 suam
2892 469 2945 522 itt
2978 469 3145 525 Deum
3196 471 3359 526 fidem
3384 514 3401 537 ,
3430 483 3556 529 tunc
3586 477 3643 531 iu

2042 553 2250 623 signum
2280 554 2743 612 circumcisionem
2779 561 2985 630 accepit
3016 577 3031 613 :
3059 571 3114 615 et
3157 562 3385 632 primum
3422 567 3641 635 quidem

2044 645 2245 699 nomini
2275 646 2390 716 ejus
2420 648 2572 703 litera
2599 649 2835 717 additur,
2862 652 3059 708 deinde
3086 664 3265 709 autem
3297 656 3643 714 circumcisio

2044 735 2368 806 imperatur:
2401 754 2507 809 quo
2526 742 2759 796 ostendit
2788 742 2929 798 Deus
2954 759 3014 799 se
3034 745 3101 799 ob
3133 747 3350 801 multam
3383 749 3641 806 virtutem

2035 829 2236 898 justum
2262 832 2603 900 peculiariter
2627 833 2911 904 adoptasse
2934 875 2948 900 ,
2978 844 3031 891 et
3058 847 3277 907 propter
3304 839 3447 893 illum
3475 844 3640 896 etiam

2041 936 2135 975 eos
2161 923 2249 990 qui
2279 937 2342 977 ex
2370 938 2436 978 eo
2461 924 2711 979 nascituri
2742 936 2913 981 erant.
2943 928 3009 982 Et
3036 931 3479 998 quemadmodum
3512 950 3638 989 cum

2041 1014 2160 1082 quis
2190 1030 2409 1069 servum
2454 1019 2874 1086 comparaverit,
2919 1035 3113 1074 nomen
3144 1022 3259 1090 ejus
3300 1033 3352 1077 et
3393 1023 3631 1079 habitum

2040 1118 2183 1174 smpe
2215 1106 2480 1172 immutat,
2506 1110 2791 1179 omniaque
2822 1109 2968 1176 facit,
3000 1121 3056 1165 ut
3077 1114 3276 1167 sciatur
3307 1116 3470 1182 ipsius
3490 1133 3634 1179 esse,

2041 1211 2103 1251 ac
2129 1199 2227 1251 sub
2268 1199 2423 1268 cujus
2449 1201 2517 1253 sit
2547 1200 2816 1255 dominatu
2848 1218 2957 1272 prze
2979 1218 3041 1258 se
3070 1204 3202 1259 ferat
3235 1222 3247 1252 τ
3283 1206 3351 1259 ita
3384 1207 3634 1260 nintirtuu

2038 1300 2093 1344 et
2122 1292 2359 1345 omnium
2391 1294 2676 1362 Dominus,
2703 1296 2853 1365 quasi
2880 1296 3101 1365 posthac
3129 1311 3375 1365 separare
3405 1313 3499 1353 eos
3538 1316 3635 1353 vo-

2040 1384 2156 1438 lens
2195 1384 2263 1438 ab
2294 1385 2412 1439 aliis
2438 1385 2739 1441 hominibus
2760 1428 2773 1449 ,
2802 1388 3007 1457 adjecta
3035 1388 3246 1458 quidem
3281 1389 3428 1444 litera
3455 1392 3636 1445 decla-

2037 1474 2172 1528 ravit
2194 1476 2337 1529 illum
2362 1476 2644 1531 multorum
2669 1478 2979 1548 populorum
3007 1481 3122 1535 fore
3145 1493 3382 1549 patrem;
3406 1482 3636 1537 circnm-

2036 1566 2237 1620 eisione
2265 1574 2440 1622 autem
2462 1568 2576 1636 ejus
2598 1570 2849 1638 populum
2877 1570 3184 1625 distinctum
3209 1572 3340 1637 fore,
3370 1582 3424 1627 et
3448 1589 3634 1629 semen

2036 1672 2100 1711 ex
2128 1672 2192 1712 eo
2214 1658 2537 1712 nasciturum
2558 1660 2625 1715 ab
2642 1661 2760 1714 aliis
2780 1661 3026 1730 gentibus
3046 1672 3456 1731 sequestratum.
3478 1663 3635 1729 Quod

2036 1752 2079 1804 si
2124 1759 2177 1805 et
2224 1751 2299 1805 illi
2328 1752 2400 1805 ob
2441 1753 2733 1808 caecitatem
2782 1769 2931 1807 suam
2971 1754 3143 1808 adhuc
3180 1769 3397 1810 servare
3448 1758 3636 1809 volunt

2035 1842 2212 1895 carnis
2239 1842 2721 1911 circumcisionem,
2758 1860 2861 1899 non
2880 1844 3158 1901 audientes
3189 1847 3379 1901 iterum
3402 1846 3627 1902 Paulum

2035 1932 2297 1987 dicentem
2320 1951 2332 1987 :
2353 1934 2413 1988 Si
2424 1934 2858 1997 circnmcialimini,
2877 1935 3104 1991 Christus
3117 1937 3243 1990 nihil
3264 1936 3397 1990 vobis
3410 1939 3636 2007 proderit

2037 2022 2249 2093 (Halat.
2283 2026 2334 2081 5.
2367 2025 2439 2095 2)
2474 2026 2637 2098 (nam
2677 2037 2895 2097 propter
2932 2027 3048 2083 haec
3088 2027 3301 2082 advenit
3332 2028 3586 2083 Dominus
3615 2070 3631 2092 ,

2037 2125 2093 2167 ut
2122 2115 2300 2169 omnia
2330 2115 2417 2168 illa
2447 2115 2677 2180 tolleret,
2710 2126 2869 2187 atque
2898 2117 3015 2172 ideo
3042 2126 3209 2172 totam
3241 2118 3409 2187 legem
3442 2119 3633 2185 implu-

2036 2207 2130 2271 vit,
2167 2215 2222 2259 ut
2244 2206 2375 2275 legis
2401 2206 2705 2262 observatio
2738 2210 2893 2262 tinem
2915 2207 3133 2263 haberet
3164 2226 3178 2265 :
3203 2208 3400 2263 idcirco
3421 2208 3635 2265 dicebat

2036 2296 2220 2351 beatus
2244 2296 2435 2351 Paulus
2462 2314 2477 2349 :
2504 2296 2815 2367 Quicumque
2834 2298 2886 2351 in
2905 2298 3393 2369 legcjusti/icamini,
3418 2315 3449 2350 a
3468 2301 3634 2369 gratia

2027 2390 2291 2444 excidistis
2320 2388 2482 2463 [lbid.
2515 2407 2563 2445 υ.
2596 2387 2731 2463 4]);
2780 2406 2964 2446 verum
3007 2404 3106 2444 nos
3146 2406 3429 2461 pareamus
3477 2393 3633 2445 beato

2036 2480 2178 2544 huic,
2203 2490 2376 2535 etnon
2396 2480 2749 2536 manufactam
2766 2481 3228 2536 circumcisionem
3250 2483 3625 2551 suscipiamus.

2039 2574 2174 2629 Dicit
2197 2574 2342 2629 enim
2363 2617 2376 2639 ,
2408 2574 2475 2627 In
2500 2592 2596 2644 quo
2631 2575 2913 2628 circumcisi
2954 2575 3070 2628 estis
3103 2574 3483 2628 circumcisione
3524 2592 3622 2628 nos

2035 2668 2347 2737 manufacta,
2392 2668 2445 2720 in
2470 2667 2837 2736 despoliationc
2866 2677 3188 2737 peccatorum
3219 2668 3386 2720 carnis
3406 2708 3421 2731 ,
3452 2668 3506 2721 in
3531 2669 3608 2720 cir

2033 2758 2333 2814 conicisione
2358 2759 2544 2815 Christi
2569 2762 2586 2829 (
2609 2761 2801 2815 Coloss.
2832 2760 2887 2813 2.
2918 2761 2977 2814 Η
3003 2760 3041 2827 ).
3077 2760 3278 2815 Deinde
3300 2760 3503 2815 docens
3533 2777 3627 2814 no.-

2035 2851 2343 2920 diligentius
2389 2851 2513 2920 quid
2547 2853 2614 2903 sit
2658 2850 2921 2918 ejusmodi
2989 2850 3360 2913 circumcisio,
3408 2852 3579 2905 subdit
3618 2874 3631 2907 :

2033 2944 2325 3016 Consepnlti
2376 2946 2421 2998 ei
2447 2947 2501 2998 in
2539 2944 2786 3015 baptismo
2818 2943 2992 3017 (Ibid.
3045 2960 3093 2999 tt.
3143 2944 3263 3014 l2).
3306 2944 3452 3001 Sicut
3486 2947 3634 3000 enim

2034 3036 2150 3092 illos
2174 3035 2590 3090 circtuncisionis
2621 3037 2830 3105 signum
2854 3036 2921 3088 ab
2965 3035 3083 3089 aliis
3109 3036 3353 3105 gentibus
3383 3051 3633 3106 segrega-

2030 3127 2118 3183 bat
2138 3168 2152 3191 ,
2178 3136 2233 3181 et
2256 3126 2659 3182 demonstrabat
2682 3140 2777 3181 eos
2824 3127 3165 3196 peculiariter
3202 3126 3266 3180 ad
3295 3127 3461 3182 Deum
3504 3144 3634 3197 per-

2034 3220 2201 3273 tinere
2245 3236 2258 3272 :
2291 3217 2452 3271 simili
2485 3217 2642 3271 modo
2667 3219 2829 3272 etiam
2871 3218 3009 3287 apud
3039 3234 3136 3273 nos
3175 3220 3509 3274 circumcisio
3539 3236 3635 3289 per

2032 3310 2351 3380 baptismum
2377 3309 2759 3364 evidentiorem
2778 3308 2900 3363 facit
2925 3310 3317 3378 separationem
3347 3321 3401 3364 et
3423 3309 3634 3363 disere-

2030 3400 2230 3455 tionem
2258 3398 2491 3454 fidelium
2519 3410 2570 3455 et
2600 3400 2911 3455 infidelium.
2945 3401 3081 3455 Dicit
3108 3402 3250 3456 enim
3282 3420 3295 3454 :
3334 3400 3400 3454 In
3414 3419 3513 3470 quo
3532 3404 3635 3455 cir-

2031 3492 2240 3545 cumcisi
2251 3493 2365 3546 estis
2382 3492 2757 3546 circumcisione
2767 3509 2865 3546 non
2879 3493 3186 3561 manufesta,
3208 3492 3259 3546 in
3271 3493 3635 3561 despoliationc

2032 3595 2351 3654 peccatorum
2369 3586 2557 3639 carnis.
2594 3584 2724 3639 Nam
2754 3585 2805 3640 id
2832 3585 2973 3655 qut‘d
3005 3586 3109 3640 illic
3125 3596 3377 3654 operatur
3397 3587 3631 3640 circum-

2031 3679 2163 3732 cisio
2186 3678 2236 3731 in
2255 3677 2641 3748 depositionem
2663 3678 2968 3745 carnis,hoe
2996 3678 3085 3733 hic
3119 3680 3227 3747 agit
3257 3678 3550 3749 baptismus
3578 3681 3632 3734 iu

2032 3768 2420 3838 depositionem
2464 3779 2824 3839 peccatorum.
2890 3770 3051 3839 Igitur
3091 3771 3180 3840 qui
3243 3770 3409 3825 semel
3452 3773 3633 3826 Carnis

2035 3873 2248 3931 peccata
2295 3861 2571 3926 exuimus,
2615 3872 2668 3917 et
2708 3878 2894 3932 puram
2944 3862 3110 3916 induti
3151 3877 3335 3916 sumus
3382 3874 3587 3916 vestem
3614 3906 3630 3925 ,

2032 3966 2362 4018 maneamus,
2394 3951 2597 4017 dilecti,
2628 3954 2679 4006 in
2707 3954 2952 4022 puritate.
2979 3964 3031 4007 et
3055 3953 3425 4007 affectionibus
3447 3955 3631 4008 carnis

2031 4044 2337 4112 superiores
2354 4044 2471 4098 facti
2488 4045 2732 4098 virtutem
2755 4044 3138 4114 amplexetnur.
3162 4043 3220 4097 Et
3240 4044 3332 4113 qui
3349 4043 3447 4098 sub
3460 4045 3631 4111 gratia

2032 4150 2246 4201 sumus,
2275 4149 2398 4191 eum
2417 4136 2505 4205 qui
2530 4137 2581 4189 in
2604 4137 2746 4205 lege,
2784 4137 2890 4190 imo
2915 4146 3037 4191 ante
3064 4135 3234 4205 legem
3264 4136 3380 4201 fuit,
3410 4136 3635 4190 temule-

2031 4243 2152 4282 mur
2180 4246 2192 4279 :
2227 4236 2284 4283 ut
2311 4242 2433 4282 eum
2460 4228 2678 4298 vestigia
2699 4228 2815 4297 ejus
2855 4228 3126 4297 sequendo
3169 4228 3334 4281 vitam
3382 4236 3628 4282 nostram

2034 4319 2330 4374 rexerimus
2354 4361 2368 4384 ,
2420 4335 2722 4374 mereamur
2761 4320 2813 4374 in
2862 4320 3005 4374 illius
3041 4321 3188 4374 sinus
3226 4335 3529 4383 occurrere,
3575 4332 3632 4375 et

2033 4410 2372 4479 sempiternis
2416 4410 2514 4463 frui
2544 4409 2729 4476 bonis,
2768 4412 2932 4483 gratia
2972 4421 3026 4465 et
3066 4411 3388 4480 benignitate
3418 4411 3632 4467 Domini

2032 4501 2197 4553 nostri
2227 4499 2354 4554 Jesu
2379 4498 2611 4566 Christi,
2640 4516 2761 4555 cum
2794 4516 2900 4571 quo
2930 4501 3094 4563 Patri,
3119 4510 3176 4555 et
3198 4499 3417 4571 Spiritui
3442 4513 3633 4556 sancto

2032 4592 2100 4645 sit
2127 4590 2317 4659 gloria,
2344 4591 2622 4659 imperium
2645 4600 2701 4645 et
2736 4592 2904 4646 honor
2925 4630 2940 4657 ,
2980 4606 3121 4647 nunc
3146 4599 3201 4647 et
3227 4606 3458 4662 semper,
3488 4601 3543 4646 et
3575 4594 3631 4646 iu

2030 4683 2220 4739 sa'cula
2247 4683 2583 4741 smculorum.
2613 4687 2802 4739 Amen.

2608 4819 2887 4876 llOMlLlA
2928 4819 3039 4879 XL.

2033 4930 2099 4984 Et
2144 4930 2271 4983 dixit
2315 4930 2456 4984 Deus
2502 4932 2718 4987 Abraha:
2744 4950 2762 4986 :
2804 4933 2938 4987 Sara
2969 4949 3100 4986 ται-ον
3125 4942 3213 4986 tua
3242 4951 3341 4987 non
3369 4933 3631 4986 vocabitur

2127 5021 2279 5085 Sara,
2311 5025 2397 5077 sed
2428 5025 2589 5078 Sarra
2618 5026 2710 5077 erit
2742 5042 2922 5079 nomen
2954 5027 3065 5097 ejus
3089 5025 3248 5097 (Gen.
3277 5026 3360 5081 l7.
3395 5027 3462 5082 15

2108 5116 2158 5168 l.
2193 5117 2304 5184 Age
2338 5115 2593 5184 reliquias
2630 5116 2893 5171 hesterna:
2935 5133 3133 5172 mensae
3159 5118 3310 5172 vobis
3356 5133 3630 5189 propona-

2032 5222 2172 5272 mus,
2205 5217 2258 5259 et
2285 5206 2443 5261 finem
2479 5208 2637 5263 hodie
2667 5209 3003 5277 imponamus
3028 5212 3287 5272 sermoni,
3322 5212 3430 5264 imo
3457 5212 3631 5266 bene~

2030 5297 2251 5352 dictioni
2293 5309 2346 5351 et
2379 5300 2715 5368 promissioni
2754 5317 2912 5370 quant
2962 5300 3085 5355 fecit
3113 5304 3481 5359 universorum
3526 5303 3631 5357 Do-

2033 5391 2209 5445 minus
2239 5390 2574 5458 patriarcluc.
2623 5392 2819 5448 Verum
2859 5394 3081 5448 audiens
3107 5395 3359 5464 reliquias
3385 5411 3628 5461 mensae,

2032 5498 2098 5537 ne
2128 5482 2252 5551 quid
2281 5483 2533 5537 sensibile
2557 5485 2845 5554 suspiceris
2870 5502 2883 5538 :
2914 5500 3086 5555 neque
3110 5487 3251 5541 enim
3279 5488 3467 5557 quales
3503 5499 3629 5545 sunt

2032 5573 2331 5628 eduiiortun
2377 5576 2741 5644 srusibilium,
2791 5578 2922 5633 tales
2969 5579 3320 5650 spiritualium
3362 5583 3624 5652 reli‘uic.
