4020 6136
344 427 490 483 τικά.
525 429 738 485 Ἐκεῖνα
771 431 868 502 μέν
894 431 1002 504 γὰρ
1024 432 1165 487 ἓωλα
1187 435 1447 506 γινόμενα
1475 438 1537 491 οὑ
1557 438 1654 511 τὴν
1681 441 1850 512 αὑτὴν
1871 460 2014 514 παρ-

343 516 461 587 ἔχει
501 517 694 589 ἡδονήν
729 521 843 582 τοῖς
875 519 1256 591 ἑστιωμένοιςο
1288 524 1337 576 εί
1381 523 1438 576 δέ
1474 525 1566 579 καὶ
1607 527 1736 598 μίαν
1768 530 1864 582 καὶ
1895 529 2014 583 δευ-

343 604 512 675 τέραν
539 605 754 676 ἡμέραν
785 606 1192 680 καταλειφθείη,
1231 609 1482 682 ἀχρηστα
1502 613 1688 668 λοιπὸν
1721 617 1896 688 πάντη
1927 618 2017 686 γί-

343 706 496 744 νεται
516 707 530 720 ο
558 689 732 743 ταῦτα
761 691 818 744 δέ
846 690 915 744 τά
937 693 1166 762 λείψανα
1196 695 1258 748 ού
1299 697 1430 768 μίαν
1460 700 1555 755 καί⁵
1584 700 1841 774 δευτέραν
1880 703 2017 774 ἡμέ-

347 794 468 848 ραν.
499 777 636 832 ἀλλά
659 776 761 831 κᾶν
782 777 1020 848 διηνεκεῖ
1042 779 1118 851 τῷ
1146 782 1302 836 αἰῶνι
1326 785 1740 857 καταλείπηται,
1768 789 1868 860 τὴν
1895 789 2016 860 ῐσην

342 864 609 934 ὠφέλειαν
634 865 952 937 παρέχεται,
984 868 1079 920 καὶ
1106 868 1204 940 τὴν
1231 870 1426 943 ἡδονὴν
1446 874 1546 926 οὑκ
1571 875 1866 929 ἀπόλλυσι·
1897 877 2016 933 θεῖα

341 951 452 1023 γάρ
483 953 601 1006 ἐστι
629 953 722 1006 xa':
751 955 1116 1024 πνευματικὰ,
1153 958 1246 1010 καὶ
1269 958 1527 1029 οὐδεμίαν
1559 960 1664 1014 ὑπὸ
1689 962 1784 1017 τοῦ
1820 964 2012 1035 χρόνου

343 1038 550 1110 βλάϐην
588 1039 900 1109 ὑφίσταται,
935 1041 1070 1095 ἀλλά
1108 1043 1230 1096 καθ’
1270 1043 1506 1117 ἐκάστην
1553 1048 1764 1119 ἡμέραν
1812 1050 2013 1121 νεαρὰν

339 1126 578 1181 δείκνυσι
602 1128 704 1199 τὴν
728 1128 912 1200 χάριν,
941 1129 1036 1182 καὶ
1063 1130 1266 1201 πολλῆς
1292 1132 1598 1205 ἐμπίπλησι
1622 1135 1722 1206 τῆς
1746 1137 2014 1209 εὐφροσύ-

339 1230 440 1284 νης
491 1216 620 1278 τοὺς
659 1213 956 1268 ἀπολαύειν
1005 1215 1212 1271 τούτων
1281 1217 1655 1288 βουλομένους.
1715 1219 1869 1274 Ἐπεὶ
1921 1219 2013 1278 οὖν

339 1300 564 1371 τοιαύτη
601 1299 808 1355 τούτων
835 1301 944 1355 τῶν
975 1301 1244 1372 λειψάνων
1290 1305 1324 1376 ἡ
1371 1304 1625 1376 δύναμις,
1669 1307 1823 1380 φέρε.
1875 1311 2016 1380 μετά

340 1389 650 1461 προθυμίας
679 1390 772 1443 καὶ
791 1389 951 1460 ὑμεῖς
982 1390 1085 1460 τῆς
1108 1392 1218 1446 ἀπὺ
1241 1393 1448 1446 τούτων
1469 1393 1824 1460 ἀπολαύσεως
1846 1399 2016 1467 ἐμφο-

344 1475 567 1548 ρήθητε,
604 1476 700 1528 καὶ
721 1478 883 1546 ἡμεῖς
911 1475 1242 1548 θαρροῦντες
1270 1478 1452 1533 αὑτῶν
1471 1483 1539 1552 τῇ
1569 1481 1796 1552 δυνάμει
1830 1502 2012 1556 παρα-

341 1563 526 1635 θῶμεν
553 1561 694 1616 αὐτὰ
716 1566 782 1634 τῇ
805 1564 1050 1636 ὑμετέρᾳ
1069 1564 1282 1637 ἀγάπῃ.
1322 1566 1462 1620 Ἀλλ’
1487 1568 1575 1622 ῖνα
1598 1569 1725 1641 δόξῃ
1749 1572 2014 1640 σαφέστε-

343 1668 437 1724 ρος
473 1651 604 1721 ὑμῖν
643 1650 890 1719 γίνεσθαι
931 1653 960 1706 6
992 1652 1170 1722 λόγος,
1209 1653 1508 1721 ἀναγκαῖον
1541 1655 1636 1708 τοῦ
1683 1657 1870 1723 τέλους
1903 1661 2013 1714 τῶν

338 1737 468 1811 χθές
489 1737 796 1808 εἰρημένων
823 1737 1260 1810 ὑπομνησθῆναι,
1291 1740 1361 1794 ἶν’
1396 1741 1540 1796 οὕτω
1565 1746 1663 1814 τῆς
1689 1745 2011 1813 ἀκολουθίας

339 1824 748 1896 ἐπιλαϐόμενοι,
777 1825 874 1896 τῆς
908 1825 1253 1891 διδασκαλίας
1285 1828 1572 1900 ἁψώμεθα.
1606 1831 1716 1902 Τὴν
1750 1835 1879 1905 περὶ
1913 1835 2013 1906 τῆς

340 1912 647 1983 περιτομῆς
673 1912 890 1982 ἐντολὴν
923 1915 1004 1976 εἰς
1035 1914 1200 1984 μέσον
1241 1917 1680 1987 παραγαγόντες,
1716 1921 1811 1974 καὶ
1836 1921 1919 1975 ὅτι
1943 1917 2012 1975 εί-

341 2017 441 2056 πεν
472 2002 501 2053 ό
522 1999 654 2063 Θεὸς
677 1998 756 2070 τῷ
789 2000 1124 2074 πατριάρχῃ.
1154 2004 1666 2073 Περιτμηθήσεται
1695 2006 1862 2076 ὑμῶν
1888 2007 2013 2065 πᾶν

335 2083 681 2154 ἀρσενικὸν,
703 2085 801 2138 καὶ
832 2083 1004 2139 ἕσται
1029 2087 1099 2138 ἐν
1119 2088 1346 2157 σημείῳ
1365 2087 1656 2159 διαθήκης
1680 2092 1798 2146 ἀνὰ
1815 2092 2012 2162 μέσον

336 2172 485 2242 ἐμοῦ
510 2173 610 2226 καί
632 2172 826 2242 ὑμῶν’
870 2173 968 2226 καί
1013 2173 1254 2227 παιδίον
1291 2175 1444 2228 ὀκτὼ
1474 2177 1706 2246 ἡμερῶν
1731 2196 2012 2250 περιτμη-

338 2260 585 2327 θήσεται
606 2278 620 2292 ο
649 2261 747 2314 καί
772 2259 840 2325 ὃς
863 2263 934 2314 οὐ
957 2261 1478 2330 περιτμηθήσεται,
1507 2263 2010 2334 ἐξολοθρευθήσε-

336 2362 434 2400 ται
457 2348 496 2414 νή
520 2345 691 2416 ψυχὴ
725 2346 949 2414 ἐκείνη,
982 2347 1072 2400 ὅτι
1102 2347 1216 2416 τὴν
1239 2348 1534 2418 διαθήκην
1557 2369 1678 2419 μου
1704 2352 2009 2408 διεσκέδαο

336 2446 481 2485 σενο
503 2433 735 2485 ἐνταῦθα
759 2435 838 2496 είς
871 2434 962 2487 τὸν
987 2434 1084 2503 τῆς
1113 2437 1418 2506 περιτομῆς
1449 2436 1606 2505 λόγον
1633 2439 1730 2509 τὴν
1757 2440 2011 2494 διδασκα-

339 2517 460 2572 λίαν
501 2518 882 2588 κατελύσαμεν
902 2536 915 2550 ο
954 2521 1048 2572 καὶ
1081 2519 1169 2573 ἵνα
1206 2521 1280 2591 μὴ
1318 2521 1396 2591 τῷ
1420 2522 1615 2593 πλήθει
1643 2523 1751 2577 τῶν
1777 2525 2008 2598 λεγομέ-

336 2621 446 2656 νων
466 2603 872 2674 καταχώσωμεν
889 2605 1043 2675 ὑμῶν
1067 2605 1164 2676 τὴν
1183 2605 1442 2672 διάνοιαν,
1472 2610 1785 2681 περαιτέρω
1814 2614 2008 2684 προελ-

338 2691 452 2744 θεῖν
483 2692 586 2744 οὑκ
628 2692 994 2762 ἠνεσχόμεθα.
1025 2693 1160 2772 Οὑδέ
1193 2693 1302 2764 γὰρ
1329 2693 1486 2748 τοῦτο
1515 2699 1674 2766 μόνον
1701 2699 1848 2752 ἐστὶν
1874 2702 2008 2772 ἡμῖν

335 2777 398 2831 τὸ
426 2777 878 2848 σπουδαζόμενον,
893 2779 955 2831 τὸ
970 2766 1142 2832 πολλά
1169 2781 1342 2836 εἰπεῖν
1360 2781 1458 2835 καὶ
1480 2783 1854 2855 ἀναχωρῆσαι,
1871 2766 2008 2842 ἀλλὰ

336 2867 676 2938 συμμετρεῖν
703 2865 1006 2936 βουλόμεθα
1030 2869 1096 2938 τῇ
1119 2868 1346 2940 δυνάμει
1369 2872 1436 2940 τῇ
1465 2871 1710 2944 ὑμετέρᾳ
1730 2873 1824 2927 τοῦ
1846 2875 2004 2944 λόγου

333 2953 436 3023 τὴν
462 2953 833 3020 διδασκαλίαν,
863 2953 957 3008 ῖνα
985 2955 1412 3026 καρπωσάμενοί
1439 2973 1492 3009 τι
1514 2960 1578 3010 ἐκ
1600 2959 1702 3028 τῆς
1720 2961 1829 3013 τῶν
1855 2962 2008 3032 λεγο-

337 3039 519 3112 μένων
562 3039 851 3111 ὠφελείας.
883 3041 1060 3105 οὕτως
1099 3042 1282 3096 οἴκαδε
1331 3042 1533 3107 πάντες
1590 3045 2003 3118 ἀναχωρήσητε.

332 3127 471 3198 Φέρε
508 3122 600 3182 οῦν
628 3128 696 3182 τὰ
717 3128 1013 3200 λειπόμενα
1040 3129 1369 3200 προσθῶμεν
1392 3134 1507 3195 τοῖς
1544 3133 1878 3203 εἰρημένοις,
1912 3135 2009 3188 καί⁸

334 3214 540 3284 ἴδωμεν
572 3215 710 3285 μετά
741 3214 840 3284 τὴν
873 3216 973 3286 τῆς
1000 3217 1304 3286 περιτομῆς
1334 3217 1574 3288 ἐντολὴν,
1611 3218 1664 3271 τί
1693 3221 1950 3290 προσθεὶς
1978 3223 2007 3275 6

336 3299 724 3370 φιλάνθρωπος
751 3301 886 3364 Θεὸς
905 3301 1214 3368 διαλέγεται
1233 3301 1312 3371 τῷ
1343 3304 1677 3376 πατριάρχῃ.
1715 3305 1826 3358 Καὶ
1853 3302 2004 3370 εἷπε,

332 3387 524 3456 φησιν,
553 3389 586 3440 ό
613 3388 757 3452 Θεὸς
781 3384 860 3450 τῷ
891 3385 1138 3455 Ἁϐραάμ
1159 3401 1172 3416 °
1199 3387 1364 3454 Σάρα
1383 3390 1422 3456 ἡ
1453 3389 1604 3458 γυνή
1623 3405 1740 3444 σου
1763 3393 1835 3446 οὐ
1861 3395 2007 3461 κλη-

332 3473 580 3538 θήσεται
614 3473 680 3526 τὸ
709 3474 898 3543 ὄνομα
932 3471 1124 3541 αὐτῆς
1179 3472 1359 3542 Σάρα,
1389 3475 1553 3530 ἀλλὰ
1601 3475 1802 3544 Σὰρῤα
1835 3480 2006 3533 ἐσται

333 3561 402 3615 τὸ
432 3560 620 3629 ὄνομα
644 3559 856 3628 αὐτῆς.
902 3561 1112 3632 Ὠσπερ
1137 3560 1240 3626 σοὶ,
1269 3560 1424 3632 φησὶ,
1451 3561 1515 3615 τὸ
1545 3566 1804 3634 στοιχεῖον
1837 3583 2006 3637 προσ-

332 3647 446 3706 θεὶς
475 3648 744 3718 ἐμήνυσα,
773 3647 856 3701 ὅτι
887 3649 1068 3718 πατὴρ
1102 3647 1197 3722 ἐσῃ
1239 3646 1448 3700 πολλῶν
1488 3646 1679 3712 ἐθνῶν,
1723 3649 1866 3704 οὕτω
1908 3652 2005 3705 καὶ

331 3737 399 3806 τῇ
435 3735 587 3808 Σάρᾳ
616 3735 818 3804 ὁμοίως
849 3735 1183 3805 προστίθημι
1213 3734 1274 3787 τὸ
1303 3737 1584 3807 στοιχεῖον,
1609 3737 1695 3789 ἵνα
1720 3737 1898 3811 μάθῃς
1921 3741 2002 3794 ὅτι

333 3823 429 3878 νῦν
459 3826 489 3878 6
518 3821 710 3896 καιρὸς
747 3823 873 3894 ἡκει
902 3821 996 3876 τοῦ
1044 3825 1123 3886 εἰς
1157 3822 1318 3893 ἔργον
1347 3824 1523 3878 ἐλθεῖν
1565 3823 1633 3879 τὰ
1673 3826 1836 3880 πάλαι
1873 3830 2002 3900 παρ’

331 3909 466 3981 ἐμοῦ
487 3908 912 3980 ἐπαγγελθέντα.
946 3909 1151 3962 Ἔσται
1176 3908 1308 3980 γὰρ,
1337 3910 1493 3980 φησί,
1520 3911 1586 3964 τὸ
1611 3911 1798 3982 ὄνομα
1811 3913 2004 3982 αὐτῆς

332 3997 549 4066 Σάρῤα.
579 3995 913 4066 Εὐλογήσω
939 3995 1006 4048 δὲ
1028 3993 1244 4063 αὐτὴν,
1269 3997 1368 4050 καὶ
1395 3995 1566 4050 δώσω
1587 4011 1685 4050 σοι
1714 3999 1783 4064 ἐξ
1811 4000 2004 4069 αὐτῆς

333 4086 572 4151 τέκνον,
612 4084 713 4137 καί
753 4081 1068 4152 εὐλογήσω
1095 4080 1305 4147 αὐτόν,
1341 4081 1438 4134 καὶ
1478 4083 1648 4136 ἐσται
1678 4085 1766 4149 είς
1802 4085 1999 4153 ἔθνος,

332 4170 726 4236 καὶβασιλεῖς
738 4169 928 4223 ἐθνῶν
946 4169 1014 4232 ἐξ
1038 4168 1225 4221 αὑτοῦ
1245 4167 1687 4230 ἐξελεύσονται.
1725 4169 1826 4224 Διά
1844 4173 2003 4227 τοῦτο

333 4255 622 4328 προλαϐὼν
640 4254 735 4308 τοῦ
760 4253 1025 4323 στοιχείου
1055 4253 1153 4324 τὴν
1177 4252 1494 4323 προσθήκην
1523 4254 1886 4327 ἐποιησάμην,
1915 4257 2002 4311 ίνα

335 4345 516 4417 μάθῃς
540 4343 622 4396 ὃτι
666 4342 882 4406 πάντως
914 4339 1066 4394 ἐσται
1097 4339 1163 4394 τά
1193 4340 1324 4410 παρ’
1356 4341 1488 4411 ἐμοῦ
1517 4341 1804 4413 λεγόμενα.
1849 4345 2002 4415 Μηδέ

337 4433 475 4504 πρὸς
522 4433 622 4502 τὴν
663 4430 946 4484 ἀσθένειαν
980 4430 1081 4499 τῆς
1125 4428 1339 4498 φύσεως
1375 4429 1596 4501 ἀφορῶν
1643 4430 1997 4503 καταπέσῃςο

333 4520 466 4577 ἀλλά
511 4520 648 4590 πρὸς
682 4518 744 4571 τὸ
779 4518 1006 4589 μέγεθος
1037 4517 1136 4587 τῆς
1162 4515 1440 4586 δυνάμεως
1469 4517 1566 4587 τῆς
1589 4518 1725 4588 ἐμῆς
1762 4518 1998 4572 ἀποϐλέ-

332 4627 472 4672 πων,
511 4607 788 4678 θάρσησον
814 4608 925 4668 τοῖς
957 4605 1088 4674 παρ’
1132 4603 1264 4673 ἐμοῦ
1298 4604 1630 4673 λεγομένοις.
1669 4605 2000 4675 Ευλογήσω

334 4695 438 4766 γάρ
468 4693 686 4762 αὐτὴν,
711 4691 809 4745 καὶ
837 4690 1009 4744 δώσω
1036 4707 1134 4743 σοι
1153 4690 1221 4752 ἐξ
1252 4689 1443 4756 αὐτῆς
1465 4691 1697 4755 τέκνον,
1731 4689 1880 4763 [ιοδι
1902 4692 1999 4745 καὶ

331 4783 648 4852 εὐλογήσω
685 4781 895 4845 αὑτὸν,
927 4776 1027 4831 καί
1055 4777 1226 4829 ἕσται
1261 4778 1348 4840 είς
1395 4776 1562 4842 ἕθνη,
1588 4779 1683 4830 καί
1717 4779 1999 4847 ,βασιλεῖς

331 4870 521 4926 ἐθνῶν
552 4870 620 4932 ἐξ
648 4867 835 4922 αὑτοῦ
857 4864 1304 4930 ἐξελεύσονται.
1345 4861 1514 4934 Ὑπὲρ
1543 4864 1700 4931 φύσιν
1722 4867 1997 4937 ἀνθρωπί.

334 4974 428 5029 νην
457 4958 528 5010 τά
569 4954 997 5024 ἐπαγγελθέντα,
1031 4951 1126 5005 καὶ
1149 4951 1331 5020 ὅμοιον
1360 4944 1428 5020 ἦν
1453 4949 1528 5013 ὡς
1557 4951 1623 5004 ἂν
1648 4953 1696 5003 εἰ
1731 4953 1998 5024 ὑπέσχετο

332 5046 438 5099 ἀπὸ
465 5045 631 5099 λίθων
659 5041 982 5112 ἀνθρώπους
1008 5041 1250 5110 ποιῆσαι.
1280 5039 1446 5093 υὺδέν
1499 5039 1608 5110 γὰρ
1662 5040 1823 5094 λίθων
1853 5039 1994 5113 ἦσαν

333 5133 732 5203 διενηνοχότες,
767 5131 892 5184 ὅσον
927 5128 1063 5200 πρὸς
1107 5127 1168 5180 τὸ
1214 5129 1410 5192 τεκεῖν,
1451 5128 1544 5181 καὶ
1582 5130 1610 5181 6
1657 5131 1998 5202 πατριάρχης

333 5221 438 5276 ὑπὸ
467 5219 560 5273 τοῦ
588 5222 775 5290 γήρως
802 5217 986 5271 λοιπὸν
1015 5215 1376 5287 ἀνενέργητος
1410 5215 1507 5279 ὢν,
1535 5217 1630 5269 καί
1655 5217 1792 5289 πρὸς
1813 5220 1998 5272 παιδο-

333 5309 516 5362 ποιίαν
542 5308 833 5378 ἄχρηστος,
873 5308 968 5360 καὶ
999 5308 1032 5376 ἡ
1087 5307 1273 5376 Σάρρα
1319 5305 1455 5374 μετά
1509 5305 1611 5374 τῆς
1659 5309 1997 5376 στειρώσεως

333 5395 536 5466 ἔχουσα
570 5395 665 5447 καὶ
684 5393 782 5463 τὴν
810 5393 918 5447 ἀπὸ
947 5393 1047 5462 τῆς
1073 5392 1288 5481 ἡλικίας
1306 5391 1400 5444 καὶ
1430 5390 1524 5481 τοῦ
1555 5393 1736 5481 γήρως
1767 5395 2000 5481 τέροσοή-

333 5495 458 5546 κην.
511 5477 648 5530 Ἀλλ’
665 5479 694 5529 ὁ
721 5476 928 5539 δίκαιος
957 5476 1128 5529 ταῦτα
1159 5474 1372 5528 ἀκούων
1398 5475 1493 5528 καὶ
1514 5475 1748 5545 νομίζων
1774 5474 1870 5546 τὴν
1892 5480 1998 5531 πά-

341 5564 430 5617 λαι
466 5564 842 5634 γεγενημένην
866 5562 1017 5633 παρὰ
1043 5561 1136 5614 τοῦ
1166 5561 1302 5613 Θεοῦ
1336 5562 1669 5630 ἐπαγγελίαν
1705 5564 1999 5635 ἐκϐεϐηκέ-

336 5670 422 5703 ναι
451 5654 531 5715 είς
559 5653 650 5704 τὸν
687 5650 929 5722 Ἰσμαήλ·
955 5648 1141 5719 ἐπειδὴ
1166 5649 1276 5719 γὰρ
1297 5647 1438 5713 εἷπε,
1466 5649 1568 5704 Ecl
1597 5650 1694 5702 καί
1720 5649 1798 5715 τῷ
1817 5656 1998 5719 omSp-

336 5739 474 5806 ματί
497 5755 611 5794 σου
633 5738 804 5792 δώσω
830 5737 945 5806 τὴν
963 5734 1082 5808 γῆν
1104 5736 1350 5804 ταύτην,
1367 5737 1428 5790 οὑ
1443 5737 1676 5808 διέκρινε
1691 5737 1748 5791 δέ
1767 5740 1846 5791 ὅτι
1868 5741 1991 5809 περὶ

1194 320 1251 374 S.
1293 319 1578 378 JOANNIS
1615 326 2104 383 CIIRYSOSTOMI
2144 329 2466 386 ARCIIIEP.
2509 331 3058 394 CONSTANTINOP.

3692 340 3805 400 570

2139 444 2222 498 τοῦ
2243 447 2358 501 ἀπὸ
2387 447 2484 515 τῆς
2529 447 2743 519 Σάρρας
2787 456 3104 522 τικτομένου
3145 453 3300 522 φησὶ,
3346 452 3622 522 ἐλογίζετο
3674 455 3799 507 καθ’

2124 530 2316 584 ἐαυτὸν
2333 535 2414 586 ὅτι
2435 535 2506 585 τά
2527 535 2622 604 τῆς
2657 535 3001 606 ὑποσχέσεως
3022 539 3288 610 ἐκϐέϐηκε
3305 554 3319 569 ⁶
3345 541 3460 593 νυνὶ
3489 540 3546 593 δὲ
3577 541 3799 593 ἀκούων

2125 617 2332 689 Κυρίου
2366 619 2462 672 τοῦ
2481 619 2619 674 Θεοῦ
2638 620 2911 689 λέγοντος,
2939 623 3018 676 ὅτι
3045 623 3379 696 Εὐλογήσω
3398 624 3512 692 τὴν
3533 625 3796 694 Σάρῤαν,

2125 705 2224 759 καί
2241 705 2413 760 δώσω
2434 724 2534 762 σοι
2554 708 2624 772 ἐξ
2640 708 2830 778 αὐτῆς
2850 710 3086 777 τέκνον,
3114 713 3214 765 καὶ
3242 711 3560 782 εὐλογήσω
3579 712 3796 779 αὑτὸν,

2123 793 2222 848 καὶ
2256 794 2428 848 ἐσται
2449 797 2537 862 είς
2553 795 2698 865 ἔθνη
2718 814 2732 828 ο
2757 798 2854 850 καὶ
2891 798 3074 862 πάλιν,
3119 800 3216 863 Ἐξ
3249 801 3481 854 ἐκείνου
3505 800 3798 867 ,ϐασιλεῖς

2121 881 2314 936 ἐθνῶν
2353 883 2805 947 ἐξελεύσονταιο
2850 886 2950 939 οὑκ
2987 886 3124 956 ἔχων
3156 887 3185 939 ὃ
3211 903 3264 939 τι
3303 885 3431 958 εἴπῃ
3482 885 3630 957 (οὔτε
3683 888 3798 958 γὰρ

2123 970 2374 1023 ἀπιστεῖν
2405 970 2636 1040 ἠδύνατο
2658 974 2771 1036 τοῖς
2798 972 2949 1044 παρὰ
2974 972 3068 1026 τοῦ
3096 973 3230 1027 Θεοῦ
3268 973 3604 1045 λεγομένοις,
3641 975 3796 1044 φιλό-

2126 1055 2246 1119 θεος
2279 1056 2397 1128 ὢν),
2433 1060 2528 1112 καὶ
2561 1060 2700 1130 πρὸς
2743 1061 2844 1130 τὴν
2885 1061 3104 1132 ἡλικίαν
3135 1062 3278 1131 ὁρῶν
3306 1063 3407 1134 τὴν
3435 1064 3654 1129 ἐαυτοῦ,
3698 1065 3799 1117 καὶ

2123 1145 2259 1214 πρὸς
2285 1147 2384 1216 τὴν
2406 1146 2506 1216 τῆς
2529 1147 2745 1218 Σάρρας
2770 1148 3055 1220 στείρωσιν
3082 1148 3180 1220 τὴν
3212 1151 3407 1221 μέχρις
3431 1151 3651 1223 ἐκείνης
3678 1154 3798 1224 ἡλι-

2123 1231 2246 1294 κίας
2281 1232 2678 1303 γεγενημένην,
2716 1234 2774 1286 ἐν
2805 1235 3088 1306 ἀμηχανίᾳ
3107 1237 3364 1304 γεγονὼς,
3393 1239 3485 1290 καὶ
3514 1240 3799 1294 καταπλα-

2122 1320 2238 1388 γεὶς
2265 1319 2358 1372 τοῦ
2391 1319 2525 1372 Θεοῦ
2548 1319 2646 1391 τὴν
2674 1321 2986 1391 ὑπόσχεσιν,
3011 1323 3257 1388 Ἐπεσε,
3289 1325 3469 1394 φησὶν,
3490 1326 3585 1379 ἐπὶ
3613 1328 3798 1395 πρόσ-

2121 1423 2306 1471 ωπον,
2331 1406 2430 1460 καί
2459 1406 2774 1476 ἐγέλασεν.

2193 1545 2259 1616 β’.
2287 1542 2407 1600 Εἷδε
2428 1547 2526 1618 τὴν
2555 1546 2861 1618 ὑπερϐολὴν
2880 1549 2980 1619 τῆς
2999 1549 3366 1622 ὑποσχέσεως,
3383 1553 3478 1607 καὶ
3498 1554 3596 1625 τῆς
3624 1555 3795 1609 δυνά-

2124 1651 2270 1704 μεως
2290 1634 2382 1687 τοῦ
2404 1635 2870 1706 ἐπαγγειλαμένου
2894 1637 2953 1690 τὸ
2974 1637 3201 1708 μέγεθος
3225 1641 3502 1710 ἐννοήσας,
3525 1644 3797 1698 Ἔπεσεν

2120 1721 2220 1774 ἐπὶ
2259 1722 2605 1790 πρόσωπον,
2649 1723 2747 1776 καί
2787 1722 3104 1793 ἐγέλασεν,
3151 1726 3272 1778 ἀντὶ
3317 1725 3425 1792 τοῦ,
3483 1730 3794 1800 περιχαρὴς

2121 1805 2336 1873 ἐγένετο
2355 1819 2368 1833 ·
2396 1805 2491 1858 καὶ
2516 1805 2656 1859 κατὰ
2685 1806 2810 1870 τοὺς
2842 1809 2942 1877 τῆς
2973 1806 3206 1872 διανοίας
3245 1808 3536 1880 λογισμοὺς
3566 1812 3790 1877 ἐνενόει,

2121 1890 2238 1954 πῶς
2267 1890 2332 1946 ἂν
2361 1891 2500 1946 κατά
2521 1892 2869 1965 ἀνθρωπίνην
2891 1894 3210 1949 ἀκολουθίαν
3233 1896 3390 1950 τοῦτο
3407 1897 3620 1965 γένοιτό
3637 1917 3789 1966 ποτε,

2122 1979 2373 2050 καὶείτῷ
2392 1981 2766 2035 ἐκατονταέτει
2790 1983 3002 2036 παιδίον
3015 1985 3325 2053 γενήσεται,
3344 1986 3440 2038 καὶ
3457 1986 3506 2038 εἰ
3527 1988 3559 2057 ἡ
3579 1991 3789 2058 στεῖρα,

2121 2067 2216 2120 καί
2244 2067 2436 2138 μέχρις
2467 2069 2819 2140 ἐννενήκοντα
2867 2071 3003 2124 ἐτῶν
3034 2071 3224 2138 ἄγονος
3261 2073 3604 2142 διαμείνασα.
3647 2075 3793 2139 ἐξαί-

2121 2171 2259 2225 φνης
2281 2155 2567 2225 δυνήσεται
2587 2157 2722 2228 πρὸς
2736 2159 3080 2227 τεκνογονίαν
3099 2153 3458 2231 διεγερθῆναι.
3485 2163 3595 2216 Καὶ
3615 2162 3792 2217 ταῦτα

2120 2246 2264 2301 κατὰ
2294 2249 2392 2318 τὴν
2418 2247 2656 2301 διάνοιαν
2681 2247 3057 2318 λογισάμενος,
3089 2250 3189 2303 οὐκ
3222 2251 3488 2321 ἐτόλμησέ
3526 2270 3579 2305 τι
3613 2253 3791 2306 τοιοῦ-

2119 2351 2211 2389 τον
2241 2336 2332 2390 διὰ
2357 2336 2455 2407 τῆς
2492 2334 2738 2406 γλώττης
2776 2341 3149 2407 προενεγκεῖν,
3181 2339 3316 2392 ἀλλὰ
3349 2340 3562 2403 δεικνὺς
3589 2341 3789 2394 ἑαυτοῦ

2117 2425 2216 2495 τὴν
2270 2425 2722 2496 εὐγνωμοσύνην,
2779 2426 3126 2498 παράκλησιν
3175 2431 3441 2500 προσάγει
3503 2432 3634 2502 περὶ
3689 2432 3790 2485 τοῦ

2131 2512 2370 2583 Ἰσμαὴλ,
2395 2515 2674 2585 μονονουχὶ
2701 2513 2902 2582 λέγων·
2923 2515 3185 2578 Δέσποτα,
3215 2517 3526 2585 ἀρκούντως
3553 2535 3621 2585 με
3646 2536 3792 2590 παρ-

2119 2597 2400 2670 εμυθήσω,
2436 2601 2532 2653 καὶ
2579 2599 2680 2671 τὴν
2719 2601 2783 2654 ἐκ
2828 2600 2926 2670 τῆς
2964 2602 3222 2666 ἀπαιδίας
3265 2603 3504 2673 ἀθυμίαν
3538 2607 3606 2676 τῇ
3641 2605 3793 2659 δόσει

2116 2686 2209 2740 τοῦ
2243 2686 2464 2758 Ἰσμαὴλ
2486 2689 2565 2750 είς
2589 2687 2928 2759 εὐφροσύνην
2947 2689 3258 2759 μετέϐαλες.
3287 2691 3421 2744 Οὐδὲ
3435 2691 3562 2764 γὰρ,
3592 2693 3792 2747 τούτου

2117 2773 2420 2845 τεχθέντος,
2448 2773 2633 2828 λοιπὸν
2657 2775 2760 2828 κᾶν
2776 2778 2835 2829 ἐν
2857 2776 3065 2846 διανοίᾳ
3079 2776 3271 2830 ἔλαϐον
3294 2778 3328 2849 ἢ
3351 2779 3610 2848 ἐνενόησά
3632 2797 3789 2841 ποτε,

2116 2861 2197 2914 ὅτι
2225 2861 2290 2913 ἐκ
2312 2860 2414 2930 τῆς
2439 2860 2657 2932 Σάρρας
2681 2861 2834 2915 ἐσται
2865 2879 2956 2933 μοι
2989 2865 3140 2928 παῖς,
3165 2863 3280 2917 ἀλλ’
3304 2865 3424 2917 οὑδὲ
3461 2865 3600 2935 αὑτὴ
3627 2865 3793 2920 τοῦτο

2116 2949 2484 3019 προσεδόκησε
2507 2966 2520 2978 ·
2551 2949 2632 3002 διὸ
2661 2949 2754 3003 καὶ
2794 2950 2894 3021 τὴν
2920 2951 3094 3023 Ἀγαρ
3136 2969 3225 3022 μοι
3269 2952 3608 3023 παρέδωκεν,
3675 2955 3788 3006 ἀπ-

2116 3034 2467 3108 αγορεύσασα
2507 3035 2576 3089 τά
2608 3036 2729 3090 καθ’
2759 3037 2976 3108 ἐαυτὴν.
3033 3037 3244 3110 Ἰκανὴν
3274 3039 3450 3092 τοίνυν
3483 3040 3792 3110 ἀμφότεροι

2113 3125 2214 3196 τὴν
2240 3123 2593 3195 παραμυθίαν
2621 3124 2934 3194 ἐσχήκαμεν
2962 3123 3244 3195 τεχθέντος
3278 3125 3374 3178 τοῦ
3413 3125 3661 3196 Ἰσμαήλ.
3689 3121 3792 3180 Οῦ-

2113 3229 2205 3274 τος
2234 3206 2328 3264 οῦν
2356 3212 2385 3264 6
2417 3210 2567 3281 παρά
2597 3210 2688 3263 σοῦ
2718 3211 2894 3274 δοθεὶς
2919 3212 3050 3281 ἡμῖν
3091 3209 3238 3283 ζήτω
3267 3212 3503 3266 ἐναντίον
3539 3230 3661 3277 σου,
3690 3213 3792 3268 καὶ

2122 3297 2402 3369 ἀρκοῦσαν
2431 3297 2626 3368 ἐξομεν
2649 3297 2747 3368 τὴν
2770 3296 3142 3368 παράκλησιν.
3165 3300 3259 3351 καὶ
3288 3299 3348 3351 τὸ
3368 3299 3542 3370 γῆρας
3563 3301 3628 3353 τὸ
3647 3302 3791 3371 ἡμέ-

2113 3400 2273 3456 τερον
2297 3385 2332 3454 ἡ
2359 3383 2549 3436 τούτου
2571 3383 2686 3455 ζωὴ
2707 3384 3185 3456 παραμυθήσεται.
3215 3385 3278 3436 Τί
3311 3381 3405 3438 οὖν
3425 3387 3452 3438 6
3482 3386 3791 3458 φιλάνθρω-

2113 3488 2214 3535 πος
2238 3471 2545 3540 Δεσπότης;
2589 3471 2804 3542 Ἐπειδὴ
2824 3472 3024 3536 ἱκανῶς
3047 3471 3142 3524 καὶ
3171 3471 3264 3524 τοῦ
3289 3472 3496 3525 δικαίου
3511 3472 3616 3544 τῆς
3643 3473 3790 3544 γνώ-

2117 3575 2224 3629 μης
2245 3556 2305 3611 τὺ
2337 3556 2580 3626 φιλόθεον
2608 3557 2696 3611 διὰ
2722 3558 2819 3628 τῆς
2848 3559 2941 3611 τοῦ
2975 3559 3169 3630 χρόνον
3203 3560 3562 3630 παρατάσεως
3584 3561 3790 3616 ἐϐασά-

2111 3661 2252 3705 νισε,
2282 3646 2376 3698 καὶ
2405 3645 2505 3716 τῆς
2528 3646 2741 3716 Σάρρας
2769 3647 2868 3716 τὴν
2897 3647 3100 3711 πίστιν,
3133 3647 3227 3699 καὶ
3258 3643 3395 3700 εἶδεν
3437 3648 3787 3720 ἀμφοτέρους

2111 3731 2622 3803 ἀπαγορεύσαντας,
2648 3733 2744 3784 καὶ
2769 3733 2858 3786 τὸν
2886 3733 2984 3804 μὲν
3007 3733 3094 3787 διὰ
3122 3734 3182 3787 τὸ
3203 3733 3401 3806 γῆρας,
3431 3735 3530 3804 τὴν
3556 3735 3613 3789 δὲ
3640 3739 3787 3806 μετά

2109 3820 2210 3888 τῆς
2255 3819 2468 3890 ἡλικίας
2496 3820 2588 3872 καί
2630 3818 2720 3872 διὰ
2746 3819 2845 3890 τὴν
2887 3819 3188 3892 στείρωσιν,
3232 3822 3398 3891 φησί’
3434 3821 3550 3876 Νῦν
3592 3824 3786 3896 ἐπειδὴ

2111 3906 2292 3976 πάντη
2315 3906 2443 3977 ὑμῖν
2472 3905 2732 3960 ἀδύνατον
2743 3907 2899 3960 τοῦτο
2921 3903 3058 3960 εἶναι
3085 3909 3330 3977 φαίνεται
3349 3924 3362 3938 ’
3382 3908 3471 3961 διὰ
3496 3909 3606 3979 γὰρ
3623 3909 3787 3964 τοῦτο

2111 3991 2269 4062 κάγὼ
2290 3993 2390 4065 τὴν
2413 3995 2682 4064 τοσαύτην
2705 3994 3088 4065 μακροθυμίαν
3105 3995 3488 4067 ἐπεδειξάμην,
3516 3999 3604 4051 ῖνα
3622 3997 3788 4063 δείξω

2110 4083 2193 4136 ὃτι
2226 4084 2364 4156 ὑπὲρ
2395 4083 2556 4154 φύσιν
2578 4083 2928 4154 ἀνθρωπίνην
2957 4085 3103 4137 ἐστὶν
3138 4086 3172 4155 ἡ
3205 4084 3380 4155 δωρεά
3411 4088 3443 4155 ἡ
3481 4088 3611 4158 παρ’
3642 4087 3784 4157 ἐμοῦ

2110 4172 2482 4242 παρεχομένη.
2508 4171 2602 4224 καὶ
2631 4171 2717 4223 ἵνα
2734 4171 2827 4223 καὶ
2847 4171 3004 4240 ὑμεῖς
3031 4171 3124 4225 καὶ
3151 4173 3200 4224 οἰ
3231 4171 3380 4225 ἄλλοι
3402 4175 3602 4235 πάντες
3625 4172 3783 4246 [606]

2108 4258 2176 4312 δι’
2207 4258 2388 4312 αὑτῶν
2420 4257 2631 4328 μάθωσι
2662 4257 2768 4310 τῶν
2807 4258 3167 4328 πραγμάτων,
3197 4259 3278 4312 ὅτι
3311 4261 3403 4312 καὶ
3430 4261 3529 4330 τῆς
3563 4260 3786 4329 φύσεώς

2111 4347 2227 4417 εἰμι
2259 4345 2556 4414 Δεσπότης,
2587 4345 2682 4397 καὶ
2707 4344 2841 4417 πρὸς
2862 4343 2890 4396 6
2915 4343 3174 4414 βούλομαι
3209 4347 3347 4417 αὑτὴ
3375 4347 3658 4407 ὑπακούει,
3686 4351 3785 4402 καὶ

2108 4434 2244 4488 εἴκει
2281 4436 2394 4496 τοῖς
2437 4433 2590 4501 ἐμοῖς
2622 4432 3009 4501 ἐπιτάγμασιν.
3053 4433 3114 4485 Εἰ
3149 4432 3259 4503 γὰρ
3293 4435 3358 4485 ἐκ
3392 4433 3487 4486 τοῦ
3524 4434 3601 4504 μὴ
3623 4434 3784 4499 ὄντος

2108 4520 2277 4591 αὑτήν
2305 4520 2644 4590 παρήγαγον,
2681 4518 2859 4588 πολλῷ
2893 4519 3094 4588 μᾶλλον
3132 4519 3303 4592 αὐτὴν
3345 4520 3646 4592 γενομένην
3678 4523 3783 4593 τὴν

2110 4607 2273 4675 φύσιν
2299 4607 2392 4660 καὶ
2417 4605 2758 4677 χωλεύουσαν
2781 4605 3070 4677 διορθῶσαι
3101 4607 3417 4678 δυνήσομαι.
3451 4609 3568 4662 Ἵνα
3594 4609 3782 4661 τοίνυν

2111 4696 2335 4766 θαρρεῖν
2363 4693 2511 4766 ἔχῃς,
2548 4694 2710 4748 ἄκουε
2735 4695 2829 4747 καὶ
2861 4693 3190 4765 διεγέρθητι,
3213 4696 3306 4749 καὶ
3329 4697 3451 4759 τοὺς
3473 4697 3531 4748 ἐν
3564 4698 3628 4766 τῇ
3661 4698 3784 4748 δια-

2108 4783 2228 4852 νοίᾳ
2252 4781 2547 4851 λογισμούς
2569 4797 2665 4834 σου
2697 4780 3017 4852 κινηθέντας
3042 4782 3455 4852 παρωσάμενος,
3479 4782 3634 4853 δέχου
3664 4785 3784 4836 ἱκα-

2107 4886 2204 4940 νην
2247 4867 2617 4940 πληροφορίαν
2655 4869 2720 4920 ἐκ
2761 4867 2871 4920 τῶν
2911 4869 3042 4938 παρ’
3081 4868 3216 4938 ἐμοῦ
3267 4869 3594 4939 λεγομένων.
3643 4871 3779 4926 Ἰδοὺ

2106 4957 2217 5025 γὰρ
2251 4955 2435 5025 Σάρῤα
2465 4956 2497 5024 ἡ
2527 4954 2663 5025 γυνή
2699 4971 2814 5016 σου,
2849 4955 2916 5024 ἡν
2949 4955 3190 5024 νομίζεις
3213 4955 3304 5008 διά
3334 4973 3392 5008 τε
3419 4955 3516 5026 τὴν
3551 4957 3780 5027 στείρω-

2110 5061 2215 5106 σιν,
2254 5042 2344 5094 διά
2373 5058 2430 5093 τε
2463 5041 2525 5092 τὸ
2558 5040 2738 5110 γῆρας
2774 5040 3039 5093 ἀδύνατον
3073 5041 3258 5094 λοιπὸν
3287 5045 3488 5106 τεκεῖν,
3519 5043 3662 5113 αῦτη
3695 5045 3778 5097 τέ-

2106 5128 2256 5197 ξεταί
2287 5146 2370 5182 σοι
2405 5129 2538 5182 υἱόν.
2576 5128 2686 5181 Καὶ
2715 5129 2799 5180 ἵνα
2825 5129 2957 5198 μηδέ
2986 5129 3346 5198 ἀμφιϐάλλειν
3377 5130 3524 5202 ἔχῃς,
3560 5132 3670 5185 ἰδού
3696 5150 3778 5186 σοι

2105 5219 2198 5271 καὶ
2219 5217 2312 5288 τὴν
2341 5215 2710 5288 προσηγορίαν
2733 5215 2827 5268 τοῦ
2853 5216 3170 5284 τικτομένου
3201 5217 3516 5287 προμηνύω.
3537 5219 3642 5270 Τὸν
3668 5221 3780 5291 γὰρ

2106 5305 2422 5373 τικτόμενον
2445 5301 2698 5365 καλέσεις
2739 5302 2942 5355 Ἰσαάκ.
2982 5301 3137 5370 Πρὸς
3165 5303 3272 5374 γὰρ
3303 5304 3537 5357 ἐκεῖνον
3560 5307 3781 5373 στήσω

2105 5392 2219 5460 τὴν
2253 5389 2548 5459 διαθήκην
2589 5408 2709 5459 μου
2759 5391 2846 5454 εἰς
2887 5388 3182 5456 διαθήκην
3234 5391 3496 5452 αἰώνιον,
3541 5393 3640 5444 καί
3697 5393 3782 5458 τῷ

2107 5479 2400 5548 σπέρματι
2431 5475 2616 5531 αὑτοῦ
2654 5476 2782 5546 μετ’
2818 5477 3026 5530 αὐτόν.
3069 5472 3238 5540 Οὗτος
3267 5477 3375 5548 γάρ
3419 5479 3585 5544 ἐστιν,
3625 5479 3689 5530 ὃν
3721 5481 3784 5545 ἐξ

2109 5567 2283 5636 ἀρχῆς
2311 5567 2404 5618 καὶ
2431 5567 2494 5616 ἐκ
2524 5564 2825 5635 προοιμίων
2863 5581 2946 5616 σοι
2971 5565 3313 5636 ὑπεσχόμην,
3345 5566 3440 5619 καὶ
3481 5567 3559 5628 εἰς
3586 5565 3785 5622 τοῦτον

2107 5656 2175 5707 τὰ
2219 5656 2313 5723 τῆς
2351 5652 2686 5720 ἐπαγγελίας
2729 5652 2829 5722 τῆς
2858 5651 3000 5722 ἐμῆς
3045 5651 3481 5723 πληρωθήσεται.
3540 5653 3630 5704 Διὸ
3683 5657 3784 5710 καὶ

2119 5743 2294 5796 πάντα
2339 5760 2419 5796 σοι
2456 5740 2725 5812 προλέγω,
2759 5741 2857 5812 οὑχ
2893 5742 2974 5796 ὅτι
3019 5741 3232 5810 τέξεται
3283 5741 3463 5813 μόνον,
3494 5740 3632 5795 ἀλλὰ
3682 5744 3783 5800 καὶ
