4020 6136
462 427 573 484 Illa:
628 425 771 483 enim
799 439 921 481 cum
971 420 1177 495 frigida:
1222 421 1373 479 facta:
1416 420 1611 476 fuerint
1637 463 1650 484 ,
1680 419 1818 475 haud
1868 435 2046 490 parem

457 522 781 591 voluptatem
804 515 1232 575 convivatoribus
1255 521 1543 585 praestant:
1573 529 1694 567 nam
1716 515 1760 567 si
1788 512 1855 568 ad
1884 528 2045 567 untnn

458 622 550 668 aut
591 613 821 670 alterum
847 611 992 667 diem
1017 608 1217 664 fuerint
1243 616 1527 662 reservata:
1544 645 1561 671 ,
1592 604 1807 659 inutiles
1826 604 2047 659 omnino

458 704 623 760 ﬁunt:
651 704 767 759 ista
786 716 915 757 vero
929 716 1034 756 non
1054 698 1228 755 solum
1247 698 1292 753 si
1315 697 1366 752 in
1386 712 1544 751 unum
1565 706 1619 751 et
1637 695 1862 750 alterum
1879 695 2042 759 diem,

456 797 549 851 sed
611 805 667 851 et
716 793 1003 866 quantovis
1047 799 1289 861 tempore
1342 789 1545 845 relicta:
1571 786 1803 850 fuerint,
1864 800 2047 855 parem

454 887 713 943 exhibent
738 885 1039 947 utilitatem,
1060 880 1411 950 eamdemque
1431 879 1659 934 alierum
1683 878 2005 946 voluptatem
2026 892 2044 933 ς

454 979 650 1034 divina:
693 976 836 1033 enim
861 982 986 1031 sunt
1010 983 1065 1029 et
1106 970 1441 1042 spirituales,
1494 983 1667 1038 neque
1693 967 1862 1023 ullum
1906 967 1988 1023 eis
2015 982 2045 1021 a

456 1081 698 1141 tempore
725 1075 1107 1125 nocumentum
1146 1064 1428 1128 imminet,
1463 1061 1558 1118 sed
1582 1061 1821 1132 quotidie
1849 1075 2045 1115 novmn

405 1166 414 1233 ξ
456 1162 692 1233 vigorem
732 1159 1075 1221 aﬂ‘erunt,et
1099 1172 1195 1213 eos
1221 1154 1315 1227 qui
1360 1154 1465 1209 illis
1508 1152 1610 1207 frtri
1637 1152 1854 1217 volunt,
1881 1150 2045 1205 multa

404 1228 413 1322 ξ
457 1228 676 1322 implent
703 1251 904 1305 ltetitia.
934 1247 1167 1305 Proinde
1187 1248 1309 1318 quia
1340 1246 1461 1300 talis
1482 1244 1669 1299 harum
1700 1242 2043 1313 reliquiarum

454 1345 534 1396 vis
558 1351 660 1405 est,
687 1357 783 1411 age
808 1340 1058 1395 alacriter
1081 1348 1139 1394 et
1166 1352 1264 1392 vos
1294 1351 1542 1406 magnam
1570 1334 1693 1390 inde
1721 1333 2042 1403 voluptatem

451 1434 673 1499 auferte,
705 1447 909 1502 nosque
934 1431 1158 1486 lidentes
1178 1444 1363 1485 earum
1382 1426 1655 1493 efﬁcaciae,
1685 1439 2043 1496 preponamus

451 1540 545 1581 eas
576 1534 770 1579 vestrze
807 1522 1037 1578 caritati.
1088 1521 1285 1576 Verum
1313 1529 1371 1575 ut
1412 1518 1563 1574 vobis
1605 1533 1782 1574 sermo
1814 1517 1903 1572 ille
1930 1532 2044 1572 ma-

452 1616 696 1672 nifestior
711 1615 969 1679 videatur,
986 1627 1164 1684 operte
1182 1614 1408 1682 pretium
1424 1608 1582 1665 fuerit
1596 1608 1903 1664 meminisse
1923 1608 2043 1663 linis

451 1707 567 1764 heri
601 1707 866 1762 dictorum
890 1747 906 1773 ,
940 1715 997 1761 ut
1035 1706 1115 1760 sic
1155 1703 1403 1759 ordinem
1428 1716 1492 1757 ac
1532 1701 1725 1757 seriem
1769 1700 2041 1771 assequuti

447 1801 743 1857 doctrinam
764 1799 1105 1871 attingamus.
1130 1797 1253 1853 Heri
1276 1804 1601 1867 praeceptum
1620 1794 2042 1850 circumcisionis

447 1893 765 1949 adduximus
790 1892 842 1947 in
868 1890 1120 1956 medium,
1147 1898 1201 1945 et
1228 1888 1428 1944 dictum
1455 1886 1583 1942 illud
1612 1887 1701 1942 Dei
1719 1885 1784 1941 ad
1812 1886 2039 1956 patriar-

446 1985 602 2040 cham
635 2001 649 2038 :
683 1982 1082 2038 Circumcidetur
1121 1997 1267 2035 omne
1322 1979 1655 2034 masculinum
1699 1986 1952 2044 vestrum,
1995 1985 2042 2032 et

446 2075 540 2128 erit
565 2076 619 2128 in
650 2077 849 2144 signum
884 2071 1165 2127 testamenti
1193 2072 1324 2125 inter
1369 2086 1448 2124 me
1471 2078 1517 2123 et
1549 2085 1654 2123 vos.
1688 2067 1756 2123 Et
1786 2077 2041 2139 puerocto

445 2166 643 2219 dierum
679 2163 1087 2218 circumcidetur.
1120 2161 1186 2216 Et
1209 2162 1296 2232 qui
1331 2177 1434 2215 non
1470 2161 1795 2216 circumcisus
1838 2160 1990 2230 fuerit
2020 2201 2037 2226 ,

451 2257 633 2327 peribit
675 2256 848 2309 anima
886 2253 1003 2319 illa,
1028 2254 1147 2324 quia
1176 2262 1529 2307 testamentum
1560 2268 1726 2307 meum
1755 2252 2038 2326 dissipavit.

445 2346 520 2402 lbi
544 2361 848 2402 sermonem
881 2344 1149 2399 linivimus
1175 2343 1227 2398 in
1249 2342 1673 2399 circumcisionis
1701 2354 2034 2415 argumento;

440 2447 495 2492 et
529 2453 595 2491 ne
617 2436 956 2491 multitudine
980 2434 1243 2490 dictorum
1265 2443 1494 2489 vestram
1516 2434 1865 2491 obrueremus
1881 2452 2036 2492 men-

442 2539 570 2597 tem,
602 2529 870 2583 noluimus
912 2528 1046 2582 ultra
1072 2525 1341 2597 progredi.
1369 2525 1552 2596 Neque
1572 2526 1715 2581 enim
1739 2526 1841 2583 hoc
1861 2526 2037 2583 solum

438 2634 709 2686 curamus,
734 2627 791 2673 ut
812 2617 973 2671 Innlta
994 2615 1257 2683 dicamus,
1279 2624 1332 2671 et
1352 2624 1533 2685 postea
1554 2614 1922 2682 abscedamus,
1941 2617 2035 2672 sed

442 2710 608 2766 nostri
648 2708 915 2764 sermonis
955 2706 1253 2762 doctrinam
1298 2705 1491 2761 vestris
1543 2706 1745 2763 viribus
1794 2708 2039 2777 cupimus

437 2819 558 2858 esse
580 2802 938 2872 adaequatam,
965 2808 1022 2855 ut
1046 2798 1220 2859 fructu
1244 2798 1493 2868 qquiam
1516 2812 1583 2853 ex
1604 2796 1761 2853 dictis
1783 2810 2036 2869 percepto

435 2897 655 2953 domum
686 2894 917 2951 redeatis
940 2908 1152 2949 omnes.
1193 2892 1309 2963 Age
1352 2890 1512 2961 igitur
1536 2891 1606 2947 ad
1644 2906 1705 2947 ea
1732 2908 1851 2962 qua:
1892 2891 2034 2948 dicta

435 2997 595 3056 sunt,
639 2986 991 3057 adjungamus
1027 2993 1083 3041 et
1110 2983 1314 3055 reliqua
1344 2999 1359 3037 :
1387 2990 1445 3037 ut
1470 2981 1742 3038 videamus
1768 2992 1887 3053 post
1923 2984 2032 3039 cir-

436 3080 783 3136 cumcisionis
808 3085 1156 3149 praeceptum,
1185 3075 1312 3147 quid
1342 3075 1601 3145 benignus
1632 3075 1773 3130 Deus
1802 3074 2031 3144 patriar-

432 3176 554 3231 cha:
577 3174 822 3244 loquatur
850 3182 905 3228 et
931 3177 1213 3241 proponat.
1236 3170 1326 3225 15.
1358 3169 1427 3223 Et
1465 3168 1594 3223 dixit
1614 3209 1629 3233 ,
1660 3168 1854 3239 inquit,
1886 3167 2026 3224 Deus

433 3266 651 3321 Abrahte
674 3280 693 3319 :
723 3264 859 3319 Sara
879 3278 1011 3317 uxor
1036 3272 1122 3315 tua
1148 3277 1249 3315 non
1267 3260 1402 3315 ultra
1428 3260 1685 3315 vocabitur
1714 3260 1915 3314 nomine
1938 3275 2030 3314 suo

432 3360 567 3415 Sara
587 3400 603 3426 ,
638 3356 727 3412 sed
757 3356 919 3411 Sarra
944 3354 1038 3408 erit
1065 3370 1245 3408 nomen
1267 3352 1376 3423 ejus
1405 3352 1501 3423 (a).
1545 3351 2025 3419 Quemadmodum,

432 3450 640 3520 inquit,
685 3448 956 3503 elemento
988 3444 1080 3499 tibi
1123 3443 1308 3499 addito
1356 3441 1651 3512 signiﬁcavi
1675 3481 1693 3508 ,
1722 3452 1775 3497 te
1819 3450 2025 3511 patrem

431 3542 667 3597 futurum
688 3540 974 3595 multarum
996 3537 1233 3608 gentium
1262 3552 1276 3589 :
1307 3534 1376 3589 ita
1408 3541 1465 3589 et
1489 3534 1635 3589 Sane
1662 3535 1905 3589 similiter
1932 3550 2028 3605 ap-

431 3650 572 3705 pono
592 3633 821 3695 literam,
851 3639 907 3684 ut
926 3630 1101 3684 discas
1117 3641 1260 3682 nunc
1286 3635 1493 3696 tempus
1517 3624 1727 3690 adesse,
1754 3633 1813 3678 ut
1836 3624 1965 3680 olim
1991 3641 2023 3681 a

428 3742 517 3781 me
542 3725 799 3795 promissa
823 3721 1159 3792 impleantur.
1185 3719 1294 3773 Erit
1319 3719 1475 3786 enim,
1503 3719 1693 3789 inquit,
1715 3735 1893 3773 nomen
1912 3719 2023 3789 ejus

430 3821 611 3875 Sarra.
659 3818 747 3872 16.
772 3813 1079 3869 Benedicam
1102 3819 1270 3865 autem
1306 3827 1417 3865 eam
1440 3851 1455 3877 ,
1496 3818 1545 3865 et
1583 3809 1713 3864 dabo
1749 3809 1837 3863 tibi
1876 3826 1939 3864 ea;
1962 3825 2023 3864 ea

428 3912 626 3979 ﬁlium,
657 3918 705 3963 et
726 3906 1016 3962 benedicam
1038 3902 1217 3969 illum,
1249 3912 1295 3956 et
1320 3902 1414 3957 erit
1449 3901 1502 3954 in
1524 3910 1755 3972 gentem,
1801 3912 1847 3955 et
1881 3917 2021 3972 reges

425 4003 648 4075 gentium
680 4016 744 4055 ex
786 4014 845 4053 eo
873 3997 1097 4052 exibunt.
1130 3994 1335 4050 Idcirco
1373 3993 1521 4063 prius
1560 3992 1769 4047 literam
1810 3992 2017 4062 atljeci,

424 4104 485 4151 ut
508 4095 645 4150 scias
669 4091 892 4147 omnino
923 4091 1097 4145 futura
1128 4103 1253 4144 esse
1280 4102 1399 4155 qua:
1423 4102 1455 4142 a
1484 4100 1572 4142 me
1602 4086 1742 4142 dicta
1768 4096 1910 4141 sunt.
1941 4086 2020 4143 Ne

425 4188 581 4258 igitur
606 4185 673 4240 ad
703 4184 1066 4238 inﬁrmitatem
1093 4189 1296 4234 natura:
1324 4187 1576 4250 spectans
1595 4218 1612 4243 ,
1640 4178 1877 4233 animum
1917 4178 2017 4235 de-

422 4277 647 4349 sponde,
675 4279 769 4331 sed
800 4273 975 4345 potius
997 4271 1063 4326 ad
1093 4270 1301 4325 virtutis
1327 4284 1462 4324 mea:
1492 4267 1913 4339 magnitudinem
1938 4286 2016 4326 re-

420 4368 673 4438 spiciens,
708 4364 866 4420 [idem
894 4362 1030 4417 habe
1058 4361 1121 4415 iis
1148 4375 1268 4430 qua:
1293 4375 1325 4414 a
1355 4373 1442 4414 me
1460 4357 1600 4413 dicta
1622 4367 1765 4413 sunt.
1795 4357 2016 4414 Benedi-

421 4476 535 4512 cant
561 4458 706 4513 enim
729 4472 839 4509 eam
857 4494 875 4520 ,
896 4462 944 4507 et
969 4452 1100 4505 dabo
1129 4451 1217 4505 tibi
1245 4465 1309 4504 ea:
1331 4466 1391 4503 ea
1424 4450 1619 4516 ﬁliuni,
1659 4458 1707 4503 et
1726 4450 2015 4505 benedicam

421 4552 588 4615 illum,
618 4559 665 4603 et
701 4547 794 4608 erit
819 4546 871 4600 in
897 4554 1088 4616 gentes,
1115 4552 1162 4595 et
1188 4558 1327 4612 reges
1354 4540 1563 4595 exibunt
1584 4556 1649 4595 ea:
1666 4557 1743 4595 eo.
1771 4541 2012 4597 Excede-

423 4647 550 4700 bant
575 4643 861 4698 humanam
889 4647 1131 4694 naturam
1158 4635 1449 4706 promissa:
1479 4643 1535 4689 et
1558 4633 1780 4703 perinde
1805 4633 1922 4697 fuit,
1948 4650 2012 4690 ac

419 4740 463 4794 si
492 4738 684 4807 aliquis
715 4733 1054 4805 polliceretur
1090 4744 1154 4783 ex
1181 4726 1449 4796 lapidibus
1478 4726 1725 4781 homines
1749 4741 1809 4781 se
1839 4729 2007 4781 factu-

421 4846 559 4885 rum.
588 4828 727 4883 Nihii
753 4826 895 4880 enim
920 4839 950 4877 a
980 4821 1246 4892 lapidibus
1272 4818 1622 4883 dill'erebant,
1652 4827 1909 4888 quantum
1940 4819 2007 4875 ad

418 4921 816 4994 generationem
846 4916 1037 4972 attinet
1064 4911 1139 4985 (b)
1164 4954 1179 4979 ,
1198 4920 1250 4967 et
1274 4909 1572 4982 patriarcha
1594 4923 1705 4979 prie
1730 4920 2008 4968 senectute

482 5109 556 5173 (a)
590 5114 641 5156 tn
663 5106 868 5156 Hebraeo
887 5111 1000 5152 ante
1046 5100 1360 5150 mutationem
1401 5095 1630 5155 nominis,
1674 5098 2003 5162 ’πιθα-ηε,

418 5181 697 5238 vocabatur;
710 5184 817 5239 post
838 5176 1150 5226 mutationem
1163 5180 1347 5229 autem,
1372 5174 1510 5229 mw,
1536 5179 1673 5222 Sara.
1690 5173 2005 5234 septuaginta

418 5264 538 5301 vero
559 5250 883 5320 ξειιετιδτεξςεεν
901 5260 1050 5320 Δωριέας
1078 5245 1373 5320 attremit.»
1400 5248 1459 5320 ‘1‘.
1472 5241 1756 5320 (Lazicam
1779 5245 2003 5320 ωυιειὶοι

417 5326 532 5362 nem
557 5310 684 5375 illam
699 5305 918 5358 indicant
944 5305 1079 5375 :'_qt_to
1102 5307 1275 5375 factum
1299 5309 1375 5375 est
1411 5308 1465 5349 ut.
1485 5305 1847 5375 chrysostomus
1867 5313 2005 5369 puta.

418 5375 543 5423 verit
564 5372 818 5422 addituma
843 5377 943 5419 Deo
966 5366 1115 5419 iliisse
1137 5366 1313 5415 nomini
1338 5370 1462 5411 sane
1484 5366 1801 5419 elementum.
1829 5366 1884 5416 Ai.
1906 5380 2002 5418 non

416 5436 629 5485 additum
649 5433 950 5483 elementum
980 5431 1085 5487 fuit,
1109 5429 1197 5479 sed
1222 5433 1455 5476 mutatum
1476 5428 1496 5467 ν
1520 5430 1565 5477 in
1587 5434 1641 5481 τι,

481 5506 553 5567 (b)
583 5503 798 5569 oratorio
821 5516 975 5561 tnore,
1000 5501 1078 5551 vel
1104 5497 1561 5569 attentionislapsu,
1584 5499 1700 5569 dicit
1729 5498 2003 5569 tzhrysosto-

415 5559 780 5617 nnis'Abrabam
800 5573 851 5614 et
872 5559 1030 5613 Saram
1055 5575 1149 5612 non
1173 5561 1329 5622 magis
1353 5559 1553 5613 idoneos
1570 5560 1628 5609 ad
1648 5559 1833 5622 prolem
1849 5563 2000 5609 susci-

417 5630 642 5693 piendam
665 5636 780 5676 tunc
802 5627 969 5693 fuisse,
992 5639 1136 5693 quam
1154 5622 1366 5693 lapides;
1388 5626 1437 5693 id
1463 5624 1660 5688 quidem
1686 5622 1752 5693 de
1774 5622 1998 5693 sara‘tlici

418 5641 642 5693 [aerucam
665 5641 780 5676 tunc
802 5641 969 5684 luisse,
1028 5641 1136 5673 nam
1154 5641 1366 5686 inputes;
1394 5641 1437 5673 lu
1463 5641 1660 5688 quluetn
1686 5641 1752 5672 ue
1774 5641 1881 5670 aura
1904 5641 1998 5671 UICI

418 5693 603 5753 potuit;
641 5701 786 5738 secus
806 5688 870 5737 de
890 5641 1170 5748 Ahrdinmo,
1194 5687 1275 5750 qui
1301 5686 1465 5737 multis
1490 5694 1595 5749 post
1612 5685 1748 5734 annis
1770 5696 1859 5734 sex
1877 5682 1999 5734 ﬁlios

414 5753 627 5817 suscepit
650 5762 713 5803 es
738 5758 925 5802 cetera.

1513 306 1577 363 IN
1615 305 1770 362 CAP.
1804 304 1967 361 XVII.
2008 305 2252 361 (ZENES.
2299 306 2528 363 IIOMIL.
2575 308 2683 364 XL.

3642 316 3749 367 570

2152 434 2318 490 prope
2366 421 2630 491 impotens
2660 430 2776 476 erat
2801 464 2814 485 ,
2861 430 2915 476 et
2945 421 3010 476 ad
3054 421 3281 479 tiliorum
3319 427 3742 494 procreationem

2152 513 2373 567 omnino
2402 514 2632 580 inutilis,
2662 525 2715 568 et
2744 514 2904 569 Sarra
2943 514 3007 569 ad
3040 514 3140 570 hoc
3164 516 3306 587 quod
3335 528 3517 571 natura
3548 520 3746 574 sterilis

2152 613 2288 669 erat,
2319 604 2593 659 laborabat
2620 614 2674 660 et
2701 606 2873 660 telalis
2900 615 2953 662 et
2978 608 3272 662 senectutis
3298 608 3444 663 vitio.
3475 609 3743 665 Caeterum

2150 694 2323 764 justus
2345 695 2460 751 lucc
2481 696 2724 763 audiens,
2749 707 3044 768 putatisque
3063 700 3191 754 olim
3220 699 3310 755 Dei
3335 701 3742 770 promissionem

2153 786 2423 856 impletum
2451 787 2503 842 in
2537 788 2756 845 lsmacle
2789 807 2803 844 :
2833 790 2956 861 quia
2985 791 3127 846 enim
3152 791 3292 847 dixit
3318 810 3331 846 :
3359 792 3472 847 Tibi
3498 805 3547 848 et
3566 798 3745 851 semini

2153 886 2240 931 tuo
2259 878 2390 933 dabo
2410 880 2596 933 terram
2624 880 2776 946 hanc,
2805 896 2902 937 nec
2922 881 3167 937 distinxit
3192 897 3250 938 se
3273 883 3341 940 do
3365 884 3472 939 lilio
3492 901 3559 941 ex
3584 886 3742 943 Sarra

2154 971 2427 1026 nascituro
2453 972 2634 1042 loqui,
2665 972 2756 1028 ille
2782 973 3047 1044 cogitabat
3085 989 3266 1031 secum
3289 975 3400 1045 jam
3428 978 3742 1047 promissio-

2153 1076 2251 1117 nes
2296 1063 2543 1134 impletas
2586 1078 2707 1119 esse
2740 1083 2753 1119 :
2788 1080 2930 1122 nunc
2968 1074 3147 1121 autem
3192 1066 3418 1124 audiens
3460 1069 3742 1126 Dominum

2152 1151 2322 1207 Detnn
2342 1154 2629 1220 dicentem,
2663 1155 2963 1210 Benedicam
2993 1157 3228 1223 Sarram,
3256 1168 3306 1212 et
3334 1160 3465 1213 dabo
3486 1160 3575 1214 tibi
3595 1178 3657 1216 ea:
3681 1178 3742 1217 ea

2151 1243 2337 1311 lilium,
2367 1254 2412 1300 et
2438 1245 2725 1299 benedicam
2758 1244 2925 1313 illum,
2947 1258 2994 1302 et
3016 1249 3109 1301 erit
3129 1249 3182 1302 in
3202 1258 3373 1320 gentes
3395 1266 3415 1313 ;
3439 1260 3496 1306 et
3516 1251 3739 1307 iterum:

2150 1330 2237 1386 Ex
2264 1333 2354 1387 illo
2383 1350 2522 1405 reges
2563 1337 2787 1405 gentium
2824 1335 3141 1407 egrediantur
3161 1352 3181 1392 :
3200 1352 3321 1392 cum
3361 1340 3591 1396 nesciret
3614 1342 3741 1411 quid

2150 1423 2352 1481 diceret
2383 1428 2597 1497 (neque
2631 1428 2774 1483 enim
2800 1428 2891 1484 Dei
2929 1430 3106 1485 verbis
3142 1432 3365 1487 credere
3402 1448 3507 1488 non
3536 1446 3745 1505 poterat

2151 1516 2232 1571 vir
2260 1526 2366 1571 tam
2394 1518 2740 1589 religiosus),
2792 1520 2859 1574 ad
2892 1534 3041 1576 suam
3090 1522 3386 1592 respiciens
3410 1534 3620 1580 aetatem
3647 1568 3661 1591 ,
3691 1540 3745 1581 et

2148 1610 2323 1666 Sarrae
2348 1612 2703 1677 sterilitatem,
2721 1628 2841 1683 qua:
2869 1612 2935 1667 ad
2963 1614 3104 1669 illam
3121 1629 3291 1684 usque
3313 1625 3523 1672 tetatem
3549 1618 3743 1688 perdu-

2150 1710 2403 1766 raverat,
2430 1701 2638 1757 consilii
2684 1703 2838 1773 in0ps
2883 1712 2937 1757 et
2977 1704 3360 1773 obstupescens
3401 1706 3473 1762 ob
3508 1709 3737 1777 promis-

2148 1793 2351 1849 sionem
2396 1795 2485 1850 Dei
2517 1812 2531 1851 :
2563 1794 2648 1850 17.
2678 1793 2901 1860 Cecidit,
2937 1796 3126 1867 inquit,
3153 1796 3203 1850 in
3226 1796 3428 1866 faciem,
3455 1808 3511 1851 ρι’
3528 1799 3659 1853 risit.

2218 1886 2273 1941 2.
2303 1886 2501 1943 Videns
2531 1888 2717 1942 miram
2741 1888 3148 1957 promissionem
3166 1932 3181 1955 ,
3209 1898 3264 1945 et
3293 1893 3583 1961 potentiam
3617 1894 3736 1962 ejus

2147 1978 2237 2048 qui
2284 1979 2603 2048 promiserat
2641 1981 2901 2049 cogitans,
2943 1979 3135 2036 Cecidit
3158 1982 3210 2036 in
3248 1983 3465 2053 faciem,
3512 1994 3563 2040 et
3602 1987 3733 2050 risit,

2150 2070 2253 2126 hoc
2297 2083 2399 2138 est,
2450 2073 2720 2143 voluptate
2750 2073 2999 2144 perfusus
3041 2087 3158 2143 est;
3188 2087 3243 2133 et
3283 2077 3336 2132 in
3379 2079 3561 2135 animo
3595 2082 3739 2152 cogi~

2148 2161 2314 2227 tabat,
2345 2164 2615 2233 quomodo
2640 2165 2932 2220 secundum
2964 2166 3251 2223 humanam
3298 2171 3737 2228 consuetudinem

2148 2251 2250 2309 hoc
2276 2254 2390 2309 ﬁeri
2423 2264 2623 2325 posset,
2660 2273 2785 2311 num
2813 2260 3125 2314 centenario
3150 2274 3463 2317 nasceretur
3493 2264 3649 2329 lilius,
3676 2281 3738 2321 ac

2148 2360 2274 2400 num
2318 2346 2521 2401 sterilis
2568 2357 2623 2404 et
2667 2350 3026 2419 nonagenaria
3069 2360 3288 2421 repente
3328 2364 3509 2423 posset
3548 2355 3736 2410 idonea

2145 2435 2259 2491 ﬁeri
2282 2436 2348 2490 ad
2377 2446 2585 2505 partum
2619 2436 2689 2507 (υ.
2724 2439 2837 2511 17).
2870 2440 3044 2510 Atque
3070 2456 3189 2495 cum
3230 2443 3346 2498 ha-e
3375 2443 3555 2498 animo
3593 2448 3735 2514 cogi-

2144 2535 2328 2591 tasset,
2360 2543 2466 2583 non
2496 2528 2728 2585 audebat
2764 2532 2870 2586 tale
2912 2532 3163 2602 quiddam
3209 2533 3385 2605 lingua
3428 2534 3610 2602 ell‘ari;
3638 2540 3734 2592 sed

2141 2630 2350 2689 gratum
2393 2620 2655 2678 exhibens
2690 2624 2928 2678 animum
2956 2625 3129 2680 oravit
3160 2640 3257 2695 pro
3295 2625 3517 2681 lsmacle
3537 2670 3552 2693 ,
3582 2632 3733 2699 quasi

2142 2710 2383 2767 diceret:
2415 2710 2662 2779 Domine,
2693 2713 2823 2769 satis
2853 2729 2939 2769 me
2960 2716 3268 2771 consolatus
3295 2732 3376 2782 es,
3409 2726 3464 2771 ct
3490 2718 3731 2773 dolorem

2140 2815 2299 2871 quem
2328 2816 2396 2857 ex
2429 2803 2591 2871 prolis
2614 2803 2789 2874 inopia
2814 2805 3088 2874 gerebam,
3120 2806 3244 2861 datu
3275 2807 3495 2862 lsmacle
3517 2809 3567 2862 in
3596 2810 3729 2863 la-ti-

2144 2894 2269 2948 tiam
2296 2893 2524 2949 vertisti.
2551 2893 2685 2950 Nato
2705 2895 2847 2950 enim
2872 2895 2983 2960 illo,
3009 2911 3182 2967 neque
3207 2898 3257 2951 in
3285 2908 3518 2953 mentem
3549 2910 3728 2969 postea

2139 2985 2345 3054 accepi,
2392 2986 2474 3039 vel
2520 2986 2746 3056 cogitavi
2793 2986 3082 3057 aliquando
3122 3004 3155 3043 e
3195 2988 3354 3043 Sarra
3402 2990 3727 3045 nasciturum

2138 3077 2267 3132 mihi
2295 3077 2485 3143 ﬁlium,
2510 3077 2605 3133 sed
2634 3092 2808 3148 neque
2833 3078 2946 3148 ipsa
2976 3078 3078 3133 hoc
3098 3080 3428 3149 exspectavit
3454 3098 3469 3134 :
3504 3081 3730 3150 itlquue

2138 3171 2280 3239 Agar
2330 3168 2461 3223 mihi
2515 3168 2754 3237 tradidit,
2804 3182 3019 3224 omnem
3072 3170 3171 3225 sibi
3230 3186 3379 3240 spem
3432 3171 3723 3242 denegans.

2135 3258 2378 3329 Magnam
2425 3258 2843 3314 consolationem
2887 3259 3048 3315 ambo
3100 3260 3405 3331 accepimus
3454 3270 3583 3316 nato
3618 3264 3734 3316 lilio

2134 3349 2377 3405 lsmacle.
2401 3349 2499 3405 llic
2523 3350 2702 3421 igitur,
2724 3350 2812 3421 qui
2835 3365 2865 3406 a
2893 3359 2946 3406 te
2973 3350 3130 3406 datus
3149 3361 3254 3419 est,
3272 3353 3407 3406 vivat
3433 3368 3616 3409 coram
3648 3365 3722 3416 te.

2132 3451 2190 3498 et
2214 3441 2429 3497 abunde
2475 3442 2605 3495 satis
2635 3442 2861 3497 recreati
2905 3442 3110 3497 erimus
3131 3483 3147 3507 ,
3177 3452 3232 3498 et
3260 3452 3589 3500 senectutem
3623 3460 3720 3499 no.

2131 3543 2300 3590 Stram
2345 3533 2488 3588 illius
2518 3533 2624 3587 vita
2665 3532 2946 3588 solabitur.
2986 3534 3124 3602 Quid
3169 3535 3329 3604 igitur
3364 3536 3429 3591 ad
3474 3536 3589 3593 lucc
3623 3537 3719 3593 be.

2132 3626 2323 3695 nignus
2352 3624 2648 3679 Dominus?
2667 3624 2801 3692 Quia
2826 3625 2967 3695 piam
2986 3625 3116 3695 justi
3143 3637 3381 3683 mentem
3405 3638 3553 3684 tanto
3585 3640 3723 3685 tem-

2129 3732 2260 3789 pore
2286 3718 2416 3773 satis
2445 3717 2785 3788 probaverat,
2816 3728 2873 3773 et
2909 3718 3089 3775 Sarra:
3136 3719 3328 3787 ﬁdem;
3359 3722 3482 3792 quia
3513 3724 3733 3780 viderat-

2130 3820 2418 3879 utrumque
2462 3808 2593 3863 nihil
2636 3809 2737 3864 sibi
2783 3809 2851 3866 de
2890 3810 3001 3866 suis
3042 3813 3440 3881 promittentem
3479 3816 3715 3878 viribus,

2128 3900 2399 3957 Abraham
2429 3900 2646 3971 quidem
2672 3911 2893 3973 propter
2912 3912 3266 3970 senectutem,
3293 3905 3509 3961 Sirram
3537 3917 3714 3963 autem

2126 4004 2347 4066 propter
2375 3994 2711 4051 sterilitatem
2741 4005 2903 4067 atque
2928 4005 3139 4051 aetatem
3164 4038 3179 4063 ,
3205 3997 3373 4054 dicit:
3405 3998 3554 4054 Nunc
3592 4001 3713 4070 quia

2126 4086 2346 4141 omnino
2370 4086 2523 4141 vobis
2564 4086 2667 4142 hoc
2703 4102 2824 4143 esse
2861 4087 3071 4143 videtur
3097 4088 3428 4159 impossibile
3462 4107 3476 4145 :
3515 4090 3715 4146 idcirt‘n

2124 4177 2268 4233 enim
2296 4188 2350 4233 et
2370 4193 2472 4249 ego
2500 4177 2699 4232 tamdiu
2742 4176 2955 4245 distuli,
2987 4188 3044 4233 ut
3078 4179 3356 4234 ostendam
3389 4180 3545 4250 longe
3574 4183 3711 4236 uitro

2122 4278 2367 4324 naturam
2407 4284 2527 4324 esse
2574 4268 2772 4324 donum
2820 4268 2964 4339 quod
3009 4270 3283 4335 concedo,
3327 4271 3493 4339 quod»
3511 4281 3566 4326 et
3616 4289 3712 4328 vos

2119 4359 2316 4428 aliique
2359 4374 2547 4414 omnes
2586 4358 2672 4415 his
2710 4359 2863 4415 factis
2903 4359 3111 4415 discant
3139 4372 3231 4417 me‘
3250 4370 3305 4417 et
3347 4372 3552 4417 natura:
3601 4362 3711 4419 Do-

2120 4452 2324 4505 minum
2379 4464 2530 4515 esse,
2581 4459 2638 4505 et
2680 4450 2747 4504 ad
2789 4450 3166 4521 quodcumque
3211 4451 3424 4507 libuerit
3466 4469 3528 4508 ea
3589 4456 3663 4508 uti
3690 4497 3706 4518 ,

2119 4544 2393 4614 ipsamque
2414 4542 2657 4613 obsequi,
2680 4552 2730 4597 et
2749 4542 2943 4598 cedere
2958 4544 3238 4614 praceptis
3265 4546 3418 4599 meis.
3441 4544 3541 4613 Qui
3564 4547 3705 4600 enim

2116 4652 2235 4692 eam
2259 4651 2325 4691 ex
2351 4634 2517 4690 nihilo
2544 4635 2774 4705 produxi
2797 4679 2811 4701 ,
2837 4636 3007 4692 multo
3047 4638 3215 4707 magis
3243 4652 3364 4691 cum
3387 4636 3498 4707 jam
3535 4638 3626 4704 sit,
3653 4649 3709 4693 et

2114 4727 2395 4792 claudicet,
2430 4726 2636 4797 erigere
2664 4741 2900 4796 possum.
2933 4726 3003 4784 Ut
3030 4727 3189 4797 igitur
3216 4727 3405 4781 melius
3432 4728 3706 4781 conlidere

2116 4820 2312 4891 possis,
2358 4818 2485 4875 andi
2525 4828 2574 4875 et
2621 4820 3026 4889 expergiscere,
3058 4819 3391 4888 repulsisque
3425 4819 3706 4887 rogitatio-

2114 4911 2271 4965 nibns
2299 4911 2498 4965 mentis
2532 4918 2670 4973 tute,
2700 4908 2927 4977 accipito
2970 4924 3038 4962 ex
3084 4909 3147 4963 iis
3174 4924 3293 4978 quae
3323 4908 3413 4962 tibi
3456 4909 3705 4963 dicuntur

2114 5013 2317 5061 certum
2363 5009 2758 5072 argumentum.
2810 5000 2948 5055 Ecce
2990 5002 3132 5054 enim
3186 5000 3348 5054 Sarra
3395 5016 3545 5055 uxor»
3577 5009 3701 5067 tua,

2106 5111 2270 5168 quam
2298 5104 2453 5163 putas
2480 5101 2591 5146 tum
2622 5101 2840 5162 propter
2860 5092 3219 5155 sterilitatem,
3250 5100 3360 5145 tum
3384 5101 3600 5163 propter
3620 5108 3704 5148 se—

2113 5192 2256 5240 nium
2283 5200 2473 5254 parere
2493 5200 2599 5240 non
2626 5199 2806 5255 posse,
2824 5185 2948 5254 ipsa
2970 5184 3144 5256 pariet
3164 5185 3257 5239 tibi
3280 5184 3450 5240 ﬁlium
3477 5188 3546 5257 (υ.
3579 5185 3700 5255 19);

2109 5286 2169 5331 et
2209 5286 2267 5330 ut
2300 5275 2432 5331 nihil
2485 5275 2733 5341 litesites,
2780 5291 2907 5330 ecce
2945 5275 3041 5330 tibi
3086 5284 3141 5332 et
3189 5292 3387 5333 nomen
3442 5278 3561 5349 ejus
3607 5279 3697 5347 qui

2110 5378 2361 5423 nascetur
2392 5369 2833 5438 prmmonstrabo.
2870 5369 3000 5422 Eum
3030 5370 3171 5424 enim
3206 5372 3295 5441 qui
3328 5381 3576 5427 nascetur
3602 5386 3691 5424 νο-

2108 5462 2257 5517 cabis
2283 5460 2448 5516 Isaac.
2478 5459 2546 5515 Et
2575 5476 2762 5529 ponam
2799 5470 3148 5516 testamentum
3188 5480 3351 5517 meum
3392 5464 3461 5516 ad
3487 5479 3599 5516 eum
3644 5464 3696 5517 in

2108 5563 2458 5609 testamentum
2481 5552 2868 5622 sempiternum,
2893 5562 2938 5606 et
2958 5553 3136 5608 semini
3164 5556 3411 5625 ejuspost
3436 5570 3572 5608 eum.
3599 5554 3693 5609 llic

2107 5644 2306 5698 etenim
2337 5652 2422 5699 est
2450 5658 2605 5713 quem
2628 5643 2859 5713 primum
2892 5654 2944 5699 ct
2971 5646 3038 5699 ab
3063 5645 3214 5698 initio
3235 5645 3331 5699 tibi
3362 5645 3603 5714 promisi,
3632 5662 3694 5700 ac

2110 5736 2161 5791 in
2203 5734 2303 5791 hoc
2342 5735 2724 5808 promissioncs
2763 5752 2895 5792 mere
2938 5735 3319 5806 implclmntur.
3371 5736 3599 5793 Proinde
3642 5749 3703 5794 et
