  <div class='ocr_page' id='page_1' title='image "/cluster/home/n/w/nwhite01/storage/ocr_20150623/53/mdp.39015028539479/372.png"; bbox 0 0 4020 6136; ppageno 0'>
   <div class='ocr_carea' id='block_1_1' title="bbox 222 334 322 391">
    <p class='ocr_par' dir='ltr' id='par_1_1' title="bbox 222 334 322 391">
     <span class='ocr_line' id='line_1_1' title="bbox 222 334 322 391; baseline 0.01 -1"><span class='ocrx_word' id='word_1_1' title='bbox 222 334 322 391; x_wconf 78' lang='grc'><strong>371</strong></span> 
     </span>
    </p>
   </div>
   <div class='ocr_carea' id='block_1_2' title="bbox 217 449 1889 521">
    <p class='ocr_par' dir='ltr' id='par_1_2' title="bbox 217 449 1889 521">
     <span class='ocr_line' id='line_1_2' title="bbox 217 449 1889 521; baseline -0.001 -18"><span class='ocrx_word' id='word_1_2' title='bbox 217 449 369 512; x_wconf 76' lang='grc' dir='ltr'><strong>ὅπως</strong></span> <span class='ocrx_word' id='word_1_3' title='bbox 405 449 565 502; x_wconf 80' lang='grc' dir='ltr'><strong>αὐτὸν</strong></span> <span class='ocrx_word' id='word_1_4' title='bbox 604 450 872 512; x_wconf 81' lang='grc' dir='ltr'><strong>καλέσεις,</strong></span> <span class='ocrx_word' id='word_1_5' title='bbox 902 449 996 503; x_wconf 68' lang='grc' dir='ltr'><strong>καὶ</strong></span> <span class='ocrx_word' id='word_1_6' title='bbox 1021 451 1103 503; x_wconf 82' lang='grc' dir='ltr'><strong>ὅτι</strong></span> <span class='ocrx_word' id='word_1_7' title='bbox 1144 449 1283 520; x_wconf 84' lang='grc' dir='ltr'><strong>πρὸς</strong></span> <span class='ocrx_word' id='word_1_8' title='bbox 1311 451 1474 503; x_wconf 87' lang='grc' dir='ltr'><strong>αὑτὸν</strong></span> <span class='ocrx_word' id='word_1_9' title='bbox 1500 450 1604 521; x_wconf 81' lang='grc' dir='ltr'><strong>τὴν</strong></span> <span class='ocrx_word' id='word_1_10' title='bbox 1624 450 1889 521; x_wconf 82' lang='grc' dir='ltr'><strong>διαθήκην</strong></span> 
     </span>
    </p>
   </div>
   <div class='ocr_carea' id='block_1_3' title="bbox 223 535 1893 610">
    <p class='ocr_par' dir='ltr' id='par_1_3' title="bbox 223 535 1893 610">
     <span class='ocr_line' id='line_1_3' title="bbox 223 535 1893 610; baseline 0.002 -22"><span class='ocrx_word' id='word_1_11' title='bbox 223 553 327 605; x_wconf 89' lang='grc' dir='ltr'><strong>μου</strong></span> <span class='ocrx_word' id='word_1_12' title='bbox 355 535 612 610; x_wconf 77' lang='grc' dir='ltr'><strong>θήσομαι,</strong></span> <span class='ocrx_word' id='word_1_13' title='bbox 635 537 801 590; x_wconf 72' lang='grc' dir='ltr'><strong>καὶού</strong></span> <span class='ocrx_word' id='word_1_14' title='bbox 829 537 986 590; x_wconf 87' lang='grc' dir='ltr'><strong>τοῦτο</strong></span> <span class='ocrx_word' id='word_1_15' title='bbox 1014 537 1193 607; x_wconf 86' lang='grc' dir='ltr'><strong>μόνον,</strong></span> <span class='ocrx_word' id='word_1_16' title='bbox 1213 537 1349 591; x_wconf 88' lang='grc' dir='ltr'><strong>ἀλλά</strong></span> <span class='ocrx_word' id='word_1_17' title='bbox 1370 537 1477 592; x_wconf 76' lang='grc' dir='ltr'><strong>Καὶ</strong></span> <span class='ocrx_word' id='word_1_18' title='bbox 1494 536 1575 602; x_wconf 88' lang='grc' dir='ltr'><strong>τῷ</strong></span> <span class='ocrx_word' id='word_1_19' title='bbox 1598 536 1893 606; x_wconf 73' lang='grc' dir='ltr'><strong>σπέρματι</strong></span> 
     </span>
    </p>
   </div>
   <div class='ocr_carea' id='block_1_4' title="bbox 217 621 1889 696">
    <p class='ocr_par' dir='ltr' id='par_1_4' title="bbox 217 621 1889 696">
     <span class='ocr_line' id='line_1_4' title="bbox 217 621 1889 696; baseline 0.001 -19"><span class='ocrx_word' id='word_1_20' title='bbox 217 622 405 677; x_wconf 75' lang='grc' dir='ltr'><strong>αὐτοῦ</strong></span> <span class='ocrx_word' id='word_1_21' title='bbox 431 625 560 692; x_wconf 83' lang='grc' dir='ltr'><strong>μετ’</strong></span> <span class='ocrx_word' id='word_1_22' title='bbox 598 625 804 678; x_wconf 75' lang='grc' dir='ltr'><strong>αὐτόν.</strong></span> <span class='ocrx_word' id='word_1_23' title='bbox 837 621 971 677; x_wconf 82' lang='grc' dir='ltr'><strong>Εἶτα</strong></span> <span class='ocrx_word' id='word_1_24' title='bbox 995 625 1026 677; x_wconf 89' lang='lat'><strong>6</strong></span> <span class='ocrx_word' id='word_1_25' title='bbox 1066 625 1345 695; x_wconf 87' lang='grc' dir='ltr'><strong>φιλότιμος</strong></span> <span class='ocrx_word' id='word_1_26' title='bbox 1373 625 1460 678; x_wconf 75' lang='grc' dir='ltr'><strong>ἀεὶ</strong></span> <span class='ocrx_word' id='word_1_27' title='bbox 1488 626 1604 688; x_wconf 87' lang='grc' dir='ltr'><strong>ταῖς</strong></span> <span class='ocrx_word' id='word_1_28' title='bbox 1637 624 1889 696; x_wconf 81' lang='grc' dir='ltr'><strong>δωρεαῖς,</strong></span> 
     </span>
    </p>
   </div>
   <div class='ocr_carea' id='block_1_5' title="bbox 220 710 1893 784">
    <p class='ocr_par' dir='ltr' id='par_1_5' title="bbox 220 710 1893 784">
     <span class='ocr_line' id='line_1_5' title="bbox 220 710 1893 784; baseline -0.001 -19"><span class='ocrx_word' id='word_1_29' title='bbox 220 710 314 765; x_wconf 76' lang='grc' dir='ltr'><strong>καὶ</strong></span> <span class='ocrx_word' id='word_1_30' title='bbox 345 711 444 774; x_wconf 69' lang='grc' dir='ltr'><strong>τὰς</strong></span> <span class='ocrx_word' id='word_1_31' title='bbox 474 711 717 782; x_wconf 78' lang='grc' dir='ltr'><strong>αἰτήσεις</strong></span> <span class='ocrx_word' id='word_1_32' title='bbox 743 711 898 784; x_wconf 73' lang='grc' dir='ltr'><strong>ήμῶν</strong></span> <span class='ocrx_word' id='word_1_33' title='bbox 937 713 1002 764; x_wconf 89' lang='grc' dir='ltr'><strong>ἐκ</strong></span> <span class='ocrx_word' id='word_1_34' title='bbox 1033 712 1230 773; x_wconf 84' lang='grc' dir='ltr'><strong>πολλοῦ</strong></span> <span class='ocrx_word' id='word_1_35' title='bbox 1268 710 1364 766; x_wconf 85' lang='grc' dir='ltr'><strong>τοῦ</strong></span> <span class='ocrx_word' id='word_1_36' title='bbox 1407 715 1688 784; x_wconf 81' lang='grc' dir='ltr'><strong>περιόντος</strong></span> <span class='ocrx_word' id='word_1_37' title='bbox 1721 713 1893 782; x_wconf 80' lang='grc' dir='ltr'><strong>ὑπερ-</strong></span> 
     </span>
    </p>
   </div>
   <div class='ocr_carea' id='block_1_6' title="bbox 218 795 1888 870">
    <p class='ocr_par' dir='ltr' id='par_1_6' title="bbox 218 795 1888 870">
     <span class='ocr_line' id='line_1_6' title="bbox 218 795 1888 870; baseline 0.001 -21"><span class='ocrx_word' id='word_1_38' title='bbox 218 795 561 868; x_wconf 86' lang='grc' dir='ltr'><strong>ϐαλλόμενος,</strong></span> <span class='ocrx_word' id='word_1_39' title='bbox 596 797 782 868; x_wconf 80' lang='grc' dir='ltr'><strong>ἐπειδὴ</strong></span> <span class='ocrx_word' id='word_1_40' title='bbox 808 798 1124 870; x_wconf 88' lang='grc' dir='ltr'><strong>διανέστησε</strong></span> <span class='ocrx_word' id='word_1_41' title='bbox 1152 799 1243 852; x_wconf 89' lang='grc' dir='ltr'><strong>τοῦ</strong></span> <span class='ocrx_word' id='word_1_42' title='bbox 1272 799 1481 854; x_wconf 79' lang='grc' dir='ltr'><strong>δικαίου</strong></span> <span class='ocrx_word' id='word_1_43' title='bbox 1512 800 1574 853; x_wconf 90' lang='grc' dir='ltr'><strong>τὸ</strong></span> <span class='ocrx_word' id='word_1_44' title='bbox 1615 801 1888 870; x_wconf 82' lang='grc' dir='ltr'><strong>φρόνημα,</strong></span> 
     </span>
    </p>
   </div>
   <div class='ocr_carea' id='block_1_7' title="bbox 218 881 1890 960">
    <p class='ocr_par' dir='ltr' id='par_1_7' title="bbox 218 881 1890 960">
     <span class='ocr_line' id='line_1_7' title="bbox 218 881 1890 960; baseline 0 -22"><span class='ocrx_word' id='word_1_45' title='bbox 218 886 312 938; x_wconf 68' lang='grc' dir='ltr'><strong>καὶ</strong></span> <span class='ocrx_word' id='word_1_46' title='bbox 339 885 525 956; x_wconf 83' lang='grc' dir='ltr'><strong>σχεδὸν</strong></span> <span class='ocrx_word' id='word_1_47' title='bbox 557 886 756 950; x_wconf 75' lang='grc' dir='ltr'><strong>εἰπεῖν,</strong></span> <span class='ocrx_word' id='word_1_48' title='bbox 786 887 854 939; x_wconf 85' lang='grc' dir='ltr'><strong>δι’</strong></span> <span class='ocrx_word' id='word_1_49' title='bbox 883 881 957 940; x_wconf 82' lang='grc' dir='ltr'><strong>ὧν</strong></span> <span class='ocrx_word' id='word_1_50' title='bbox 983 887 1250 957; x_wconf 82' lang='grc' dir='ltr'><strong>ὑπέσχετο</strong></span> <span class='ocrx_word' id='word_1_51' title='bbox 1279 889 1397 941; x_wconf 84' lang='grc' dir='ltr'><strong>νέον</strong></span> <span class='ocrx_word' id='word_1_52' title='bbox 1426 890 1488 941; x_wconf 85' lang='grc' dir='ltr'><strong>ἐκ</strong></span> <span class='ocrx_word' id='word_1_53' title='bbox 1517 888 1771 960; x_wconf 84' lang='grc' dir='ltr'><strong>γέροντος</strong></span> <span class='ocrx_word' id='word_1_54' title='bbox 1798 887 1890 940; x_wconf 82' lang='grc' dir='ltr'><strong>τὸν</strong></span> 
     </span>
    </p>
   </div>
   <div class='ocr_carea' id='block_1_8' title="bbox 217 973 1888 1046">
    <p class='ocr_par' dir='ltr' id='par_1_8' title="bbox 217 973 1888 1046">
     <span class='ocr_line' id='line_1_8' title="bbox 217 973 1888 1046; baseline 0.002 -22"><span class='ocrx_word' id='word_1_55' title='bbox 217 973 530 1043; x_wconf 76' lang='grc' dir='ltr'><strong>πρεσϐύτην</strong></span> <span class='ocrx_word' id='word_1_56' title='bbox 563 973 879 1046; x_wconf 70' lang='grc' dir='ltr'><strong>εἰργάσατο,</strong></span> <span class='ocrx_word' id='word_1_57' title='bbox 923 975 1014 1027; x_wconf 67' lang='grc' dir='ltr'><strong>καὶ</strong></span> <span class='ocrx_word' id='word_1_58' title='bbox 1061 975 1152 1027; x_wconf 89' lang='grc' dir='ltr'><strong>τὸν</strong></span> <span class='ocrx_word' id='word_1_59' title='bbox 1182 975 1395 1046; x_wconf 83' lang='grc' dir='ltr'><strong>νεκρὸν,</strong></span> <span class='ocrx_word' id='word_1_60' title='bbox 1431 975 1506 1038; x_wconf 84' lang='grc' dir='ltr'><strong>ὡς</strong></span> <span class='ocrx_word' id='word_1_61' title='bbox 1539 978 1730 1039; x_wconf 86' lang='grc' dir='ltr'><strong>εἰπεῖν,</strong></span> <span class='ocrx_word' id='word_1_62' title='bbox 1759 975 1888 1027; x_wconf 73' lang='grc' dir='ltr'><strong>ὄντα</strong></span> 
     </span>
    </p>
   </div>
   <div class='ocr_carea' id='block_1_9' title="bbox 213 1059 1890 1132">
    <p class='ocr_par' dir='ltr' id='par_1_9' title="bbox 213 1059 1890 1132">
     <span class='ocr_line' id='line_1_9' title="bbox 213 1059 1890 1132; baseline 0 -20"><span class='ocrx_word' id='word_1_63' title='bbox 213 1059 304 1112; x_wconf 88' lang='grc' dir='ltr'><strong>διά</strong></span> <span class='ocrx_word' id='word_1_64' title='bbox 335 1060 449 1112; x_wconf 87' lang='grc' dir='ltr'><strong>τῶν·</strong></span> <span class='ocrx_word' id='word_1_65' title='bbox 478 1063 736 1131; x_wconf 77' lang='grc' dir='ltr'><strong>ῥημάτων</strong></span> <span class='ocrx_word' id='word_1_66' title='bbox 778 1062 1166 1130; x_wconf 59' lang='grc' dir='ltr'><strong>ἐζωογόνησεν,</strong></span> <span class='ocrx_word' id='word_1_67' title='bbox 1216 1061 1724 1132; x_wconf 70' lang='grc' dir='ltr'><strong>ἐπιδαψιλευόμενος</strong></span> <span class='ocrx_word' id='word_1_68' title='bbox 1768 1064 1890 1124; x_wconf 85' lang='grc' dir='ltr'><strong>ταῖς</strong></span> 
     </span>
    </p>
   </div>
   <div class='ocr_carea' id='block_1_10' title="bbox 215 1147 1888 1220">
    <p class='ocr_par' dir='ltr' id='par_1_10' title="bbox 215 1147 1888 1220">
     <span class='ocr_line' id='line_1_10' title="bbox 215 1147 1888 1220; baseline 0.001 -22"><span class='ocrx_word' id='word_1_69' title='bbox 215 1147 558 1216; x_wconf 78' lang='grc' dir='ltr'><strong>εὐεργεσίαις</strong></span> <span class='ocrx_word' id='word_1_70' title='bbox 587 1147 739 1220; x_wconf 76' lang='grc' dir='ltr'><strong>φησί’</strong></span> <span class='ocrx_word' id='word_1_71' title='bbox 771 1150 880 1201; x_wconf 73' lang='grc' dir='ltr'><strong>Καὶ</strong></span> <span class='ocrx_word' id='word_1_72' title='bbox 911 1149 1082 1202; x_wconf 87' lang='grc' dir='ltr'><strong>ταῦτα</strong></span> <span class='ocrx_word' id='word_1_73' title='bbox 1116 1150 1261 1220; x_wconf 75' lang='grc' dir='ltr'><strong>άπερ</strong></span> <span class='ocrx_word' id='word_1_74' title='bbox 1284 1148 1598 1218; x_wconf 79' lang='grc' dir='ltr'><strong>ὑπεσχόμην</strong></span> <span class='ocrx_word' id='word_1_75' title='bbox 1628 1150 1706 1210; x_wconf 90' lang='grc' dir='ltr'><strong>είς</strong></span> <span class='ocrx_word' id='word_1_76' title='bbox 1727 1147 1888 1218; x_wconf 75' lang='grc' dir='ltr'><strong>ἔργον</strong></span> 
     </span>
    </p>
   </div>
   <div class='ocr_carea' id='block_1_11' title="bbox 211 1236 1886 1308">
    <p class='ocr_par' dir='ltr' id='par_1_11' title="bbox 211 1236 1886 1308">
     <span class='ocr_line' id='line_1_11' title="bbox 211 1236 1886 1308; baseline -0.001 -19"><span class='ocrx_word' id='word_1_77' title='bbox 211 1236 345 1302; x_wconf 78' lang='grc' dir='ltr'><strong>ἄξω,</strong></span> <span class='ocrx_word' id='word_1_78' title='bbox 382 1237 475 1290; x_wconf 75' lang='grc' dir='ltr'><strong>καὶ</strong></span> <span class='ocrx_word' id='word_1_79' title='bbox 512 1239 648 1306; x_wconf 81' lang='grc' dir='ltr'><strong>μετά</strong></span> <span class='ocrx_word' id='word_1_80' title='bbox 674 1237 864 1290; x_wconf 89' lang='grc' dir='ltr'><strong>τούτου</strong></span> <span class='ocrx_word' id='word_1_81' title='bbox 901 1238 994 1291; x_wconf 72' lang='grc' dir='ltr'><strong>καὶ</strong></span> <span class='ocrx_word' id='word_1_82' title='bbox 1033 1239 1132 1308; x_wconf 79' lang='grc' dir='ltr'><strong>τὴν</strong></span> <span class='ocrx_word' id='word_1_83' title='bbox 1173 1239 1298 1308; x_wconf 74' lang='grc' dir='ltr'><strong>περὶ</strong></span> <span class='ocrx_word' id='word_1_84' title='bbox 1324 1237 1412 1289; x_wconf 88' lang='grc' dir='ltr'><strong>τὸν</strong></span> <span class='ocrx_word' id='word_1_85' title='bbox 1457 1237 1676 1307; x_wconf 82' lang='grc' dir='ltr'><strong>Ἰσμαὴλ</strong></span> <span class='ocrx_word' id='word_1_86' title='bbox 1705 1237 1886 1307; x_wconf 88' lang='grc' dir='ltr'><strong>παρά-</strong></span> 
     </span>
    </p>
   </div>
   <div class='ocr_carea' id='block_1_12' title="bbox 211 1321 1881 1397">
    <p class='ocr_par' dir='ltr' id='par_1_12' title="bbox 211 1321 1881 1397">
     <span class='ocr_line' id='line_1_12' title="bbox 211 1321 1881 1397; baseline 0 -21"><span class='ocrx_word' id='word_1_87' title='bbox 211 1325 408 1394; x_wconf 90' lang='grc' dir='ltr'><strong>κλησιν</strong></span> <span class='ocrx_word' id='word_1_88' title='bbox 444 1325 733 1397; x_wconf 77' lang='grc' dir='ltr'><strong>δεξάμενος</strong></span> <span class='ocrx_word' id='word_1_89' title='bbox 769 1338 816 1378; x_wconf 70' lang='grc'><strong>⁸.</strong></span> <span class='ocrx_word' id='word_1_90' title='bbox 863 1327 1178 1396; x_wconf 79' lang='grc' dir='ltr'><strong>Ἐπήκονσα</strong></span> <span class='ocrx_word' id='word_1_91' title='bbox 1209 1325 1318 1396; x_wconf 89' lang='grc' dir='ltr'><strong>γάρ</strong></span> <span class='ocrx_word' id='word_1_92' title='bbox 1351 1343 1443 1377; x_wconf 90' lang='grc' dir='ltr'><strong>σου</strong></span> <span class='ocrx_word' id='word_1_93' title='bbox 1486 1321 1584 1394; x_wconf 87' lang='grc' dir='ltr'><strong>τῆς</strong></span> <span class='ocrx_word' id='word_1_94' title='bbox 1623 1325 1881 1394; x_wconf 82' lang='grc' dir='ltr'><strong>δεήσεως,</strong></span> 
     </span>
    </p>
   </div>
   <div class='ocr_carea' id='block_1_13' title="bbox 210 1409 1884 1481">
    <p class='ocr_par' dir='ltr' id='par_1_13' title="bbox 210 1409 1884 1481">
     <span class='ocr_line' id='line_1_13' title="bbox 210 1409 1884 1481; baseline -0.001 -17"><span class='ocrx_word' id='word_1_95' title='bbox 210 1412 321 1464; x_wconf 80' lang='grc' dir='ltr'><strong>Καὶ</strong></span> <span class='ocrx_word' id='word_1_96' title='bbox 363 1414 663 1481; x_wconf 76' lang='grc' dir='ltr'><strong>εὐλόγηκα</strong></span> <span class='ocrx_word' id='word_1_97' title='bbox 695 1415 901 1467; x_wconf 77' lang='grc' dir='ltr'><strong>αὐτόν.</strong></span> <span class='ocrx_word' id='word_1_98' title='bbox 933 1411 1192 1479; x_wconf 80' lang='grc' dir='ltr'><strong>Αὺξήσω</strong></span> <span class='ocrx_word' id='word_1_99' title='bbox 1237 1412 1424 1466; x_wconf 74' lang='grc' dir='ltr'><strong>αὑτὸν</strong></span> <span class='ocrx_word' id='word_1_100' title='bbox 1459 1412 1557 1465; x_wconf 77' lang='grc' dir='ltr'><strong>καὶ</strong></span> <span class='ocrx_word' id='word_1_101' title='bbox 1599 1409 1884 1480; x_wconf 70' lang='grc' dir='ltr'><strong>πληθυνῶ</strong></span> 
     </span>
    </p>
   </div>
   <div class='ocr_carea' id='block_1_14' title="bbox 209 1497 1882 1568">
    <p class='ocr_par' dir='ltr' id='par_1_14' title="bbox 209 1497 1882 1568">
     <span class='ocr_line' id='line_1_14' title="bbox 209 1497 1882 1568; baseline 0 -18"><span class='ocrx_word' id='word_1_102' title='bbox 209 1498 397 1550; x_wconf 76' lang='grc' dir='ltr'><strong>αὐτὸν</strong></span> <span class='ocrx_word' id='word_1_103' title='bbox 424 1498 680 1568; x_wconf 68' lang='grc' dir='ltr'><strong>σφόδρα,</strong></span> <span class='ocrx_word' id='word_1_104' title='bbox 708 1499 964 1568; x_wconf 62' lang='grc' dir='ltr'><strong>σφόδρα.</strong></span> <span class='ocrx_word' id='word_1_105' title='bbox 1001 1499 1236 1554; x_wconf 80' lang='grc' dir='ltr'><strong>Δώδεκα</strong></span> <span class='ocrx_word' id='word_1_106' title='bbox 1264 1501 1408 1565; x_wconf 77' lang='grc' dir='ltr'><strong>ἔθνη</strong></span> <span class='ocrx_word' id='word_1_107' title='bbox 1447 1499 1746 1568; x_wconf 68' lang='grc' dir='ltr'><strong>γεννήσει,</strong></span> <span class='ocrx_word' id='word_1_108' title='bbox 1784 1497 1882 1550; x_wconf 80' lang='grc' dir='ltr'><strong>καὶ</strong></span> 
     </span>
    </p>
   </div>
   <div class='ocr_carea' id='block_1_15' title="bbox 208 1584 1882 1658">
    <p class='ocr_par' dir='ltr' id='par_1_15' title="bbox 208 1584 1882 1658">
     <span class='ocr_line' id='line_1_15' title="bbox 208 1584 1882 1658; baseline 0.001 -21"><span class='ocrx_word' id='word_1_109' title='bbox 208 1584 382 1638; x_wconf 82' lang='grc' dir='ltr'><strong>δώσω</strong></span> <span class='ocrx_word' id='word_1_110' title='bbox 411 1587 598 1640; x_wconf 66' lang='grc' dir='ltr'><strong>αὐτὼ⁴</strong></span> <span class='ocrx_word' id='word_1_111' title='bbox 635 1589 723 1652; x_wconf 77' lang='grc' dir='ltr'><strong>εἰς</strong></span> <span class='ocrx_word' id='word_1_112' title='bbox 751 1587 928 1652; x_wconf 80' lang='grc' dir='ltr'><strong>ἔθνος</strong></span> <span class='ocrx_word' id='word_1_113' title='bbox 952 1588 1124 1657; x_wconf 77' lang='grc' dir='ltr'><strong>μέγα.</strong></span> <span class='ocrx_word' id='word_1_114' title='bbox 1181 1587 1396 1658; x_wconf 77' lang='grc' dir='ltr'><strong>Ἐπειδὴ</strong></span> <span class='ocrx_word' id='word_1_115' title='bbox 1419 1587 1548 1657; x_wconf 69' lang='grc' dir='ltr'><strong>γὰρ,</strong></span> <span class='ocrx_word' id='word_1_116' title='bbox 1591 1585 1742 1656; x_wconf 71' lang='grc' dir='ltr'><strong>φησὶ,</strong></span> <span class='ocrx_word' id='word_1_117' title='bbox 1791 1585 1882 1638; x_wconf 88' lang='grc' dir='ltr'><strong>σὸν</strong></span> 
     </span>
    </p>
   </div>
   <div class='ocr_carea' id='block_1_16' title="bbox 210 1673 1882 1746">
    <p class='ocr_par' dir='ltr' id='par_1_16' title="bbox 210 1673 1882 1746">
     <span class='ocr_line' id='line_1_16' title="bbox 210 1673 1882 1746; baseline -0.001 -20"><span class='ocrx_word' id='word_1_118' title='bbox 210 1673 433 1745; x_wconf 89' lang='grc' dir='ltr'><strong>σπέρμα</strong></span> <span class='ocrx_word' id='word_1_119' title='bbox 461 1675 632 1735; x_wconf 69' lang='grc' dir='ltr'><strong>ἐστὶν,</strong></span> <span class='ocrx_word' id='word_1_120' title='bbox 664 1674 837 1738; x_wconf 75' lang='grc' dir='ltr'><strong>οὑτως</strong></span> <span class='ocrx_word' id='word_1_121' title='bbox 875 1676 1037 1728; x_wconf 83' lang='grc' dir='ltr'><strong>αὑτὸν</strong></span> <span class='ocrx_word' id='word_1_122' title='bbox 1064 1675 1306 1746; x_wconf 75' lang='grc' dir='ltr'><strong>αὐξῆσω,</strong></span> <span class='ocrx_word' id='word_1_123' title='bbox 1339 1676 1434 1729; x_wconf 78' lang='grc' dir='ltr'><strong>καὶ</strong></span> <span class='ocrx_word' id='word_1_124' title='bbox 1468 1675 1722 1746; x_wconf 77' lang='grc' dir='ltr'><strong>πληθυνῶ</strong></span> <span class='ocrx_word' id='word_1_125' title='bbox 1753 1673 1882 1741; x_wconf 64' lang='grc' dir='ltr'><strong>σφόδ</strong></span> 
     </span>
    </p>
   </div>
   <div class='ocr_carea' id='block_1_17' title="bbox 206 1761 1880 1833">
    <p class='ocr_par' dir='ltr' id='par_1_17' title="bbox 206 1761 1880 1833">
     <span class='ocr_line' id='line_1_17' title="bbox 206 1761 1880 1833; baseline -0.003 -15"><span class='ocrx_word' id='word_1_126' title='bbox 206 1761 332 1831; x_wconf 82' lang='grc' dir='ltr'><strong>δρα,</strong></span> <span class='ocrx_word' id='word_1_127' title='bbox 349 1762 425 1824; x_wconf 74' lang='grc' dir='ltr'><strong>ὡς</strong></span> <span class='ocrx_word' id='word_1_128' title='bbox 448 1761 661 1816; x_wconf 82' lang='grc' dir='ltr'><strong>δώδεκα</strong></span> <span class='ocrx_word' id='word_1_129' title='bbox 683 1762 810 1832; x_wconf 85' lang='grc' dir='ltr'><strong>ἕθνη</strong></span> <span class='ocrx_word' id='word_1_130' title='bbox 836 1762 895 1827; x_wconf 83' lang='grc' dir='ltr'><strong>ἐξ</strong></span> <span class='ocrx_word' id='word_1_131' title='bbox 917 1763 1080 1815; x_wconf 88' lang='grc' dir='ltr'><strong>αὐτοῦ</strong></span> <span class='ocrx_word' id='word_1_132' title='bbox 1103 1762 1428 1833; x_wconf 82' lang='grc' dir='ltr'><strong>διαδοθῆναι.</strong></span> <span class='ocrx_word' id='word_1_133' title='bbox 1455 1763 1530 1816; x_wconf 85' lang='grc' dir='ltr'><em>Τὰ</em></span> <span class='ocrx_word' id='word_1_134' title='bbox 1543 1762 1748 1831; x_wconf 76' lang='grc' dir='ltr'><strong>μέντοι</strong></span> <span class='ocrx_word' id='word_1_135' title='bbox 1771 1761 1880 1829; x_wconf 82' lang='grc' dir='ltr'><strong>τῆς</strong></span> 
     </span>
    </p>
   </div>
   <div class='ocr_carea' id='block_1_18' title="bbox 206 1849 1878 1919">
    <p class='ocr_par' dir='ltr' id='par_1_18' title="bbox 206 1849 1878 1919">
     <span class='ocr_line' id='line_1_18' title="bbox 206 1849 1878 1919; baseline 0.001 -18"><span class='ocrx_word' id='word_1_136' title='bbox 206 1849 500 1917; x_wconf 70' lang='grc' dir='ltr'><strong>διαθήκης</strong></span> <span class='ocrx_word' id='word_1_137' title='bbox 537 1850 643 1917; x_wconf 84' lang='grc' dir='ltr'><strong>τῆς</strong></span> <span class='ocrx_word' id='word_1_138' title='bbox 670 1851 820 1919; x_wconf 72' lang='grc' dir='ltr'><strong>ἐμῆς</strong></span> <span class='ocrx_word' id='word_1_139' title='bbox 859 1850 1070 1916; x_wconf 78' lang='grc' dir='ltr'><strong>στήσω</strong></span> <span class='ocrx_word' id='word_1_140' title='bbox 1095 1851 1244 1918; x_wconf 56' lang='lat' dir='ltr'><strong>am“;</strong></span> <span class='ocrx_word' id='word_1_141' title='bbox 1285 1853 1502 1913; x_wconf 71' lang='grc' dir='ltr'><strong>Ἰσαὰκ,</strong></span> <span class='ocrx_word' id='word_1_142' title='bbox 1536 1850 1609 1904; x_wconf 78' lang='grc' dir='ltr'><strong>ὃν</strong></span> <span class='ocrx_word' id='word_1_143' title='bbox 1650 1850 1878 1914; x_wconf 79' lang='grc' dir='ltr'><strong>τέξεται</strong></span> 
     </span>
    </p>
   </div>
   <div class='ocr_carea' id='block_1_19' title="bbox 206 1935 1877 2005">
    <p class='ocr_par' dir='ltr' id='par_1_19' title="bbox 206 1935 1877 2005">
     <span class='ocr_line' id='line_1_19' title="bbox 206 1935 1877 2005; baseline 0.001 -16"><span class='ocrx_word' id='word_1_144' title='bbox 206 1942 306 1990; x_wconf 77' lang='grc' dir='ltr'><strong>σοὶ</strong></span> <span class='ocrx_word' id='word_1_145' title='bbox 336 1936 534 2005; x_wconf 77' lang='grc' dir='ltr'><strong>Σάρῤα</strong></span> <span class='ocrx_word' id='word_1_146' title='bbox 558 1940 646 2002; x_wconf 79' lang='grc' dir='ltr'><strong>εἰς</strong></span> <span class='ocrx_word' id='word_1_147' title='bbox 670 1937 776 1990; x_wconf 72' lang='grc' dir='ltr'><strong>τὸν</strong></span> <span class='ocrx_word' id='word_1_148' title='bbox 807 1935 1017 2004; x_wconf 67' lang='grc' dir='ltr'><strong>καιρὸν</strong></span> <span class='ocrx_word' id='word_1_149' title='bbox 1045 1938 1277 2002; x_wconf 85' lang='grc' dir='ltr'><strong>τοῦτον,</strong></span> <span class='ocrx_word' id='word_1_150' title='bbox 1306 1938 1378 1991; x_wconf 70' lang='grc' dir='ltr'><strong>ἐν</strong></span> <span class='ocrx_word' id='word_1_151' title='bbox 1399 1937 1480 2002; x_wconf 83' lang='grc' dir='ltr'><strong>τῷ</strong></span> <span class='ocrx_word' id='word_1_152' title='bbox 1515 1937 1767 2002; x_wconf 78' lang='grc' dir='ltr'><strong>ἐνιαυτῷ</strong></span> <span class='ocrx_word' id='word_1_153' title='bbox 1798 1936 1877 2003; x_wconf 85' lang='grc' dir='ltr'><strong>τῷ</strong></span> 
     </span>
    </p>
   </div>
   <div class='ocr_carea' id='block_1_20' title="bbox 203 2023 1878 2096">
    <p class='ocr_par' dir='ltr' id='par_1_20' title="bbox 203 2023 1878 2096">
     <span class='ocr_line' id='line_1_20' title="bbox 203 2023 1878 2096; baseline 0.002 -21"><span class='ocrx_word' id='word_1_154' title='bbox 203 2023 480 2092; x_wconf 73' lang='grc' dir='ltr'><strong>δευτέρῳ.</strong></span> <span class='ocrx_word' id='word_1_155' title='bbox 512 2026 654 2095; x_wconf 86' lang='grc' dir='ltr'><strong>Ὅρα</strong></span> <span class='ocrx_word' id='word_1_156' title='bbox 681 2041 770 2095; x_wconf 90' lang='grc' dir='ltr'><strong>μοι</strong></span> <span class='ocrx_word' id='word_1_157' title='bbox 794 2025 1050 2090; x_wconf 80' lang='grc' dir='ltr'><strong>ἐνταῦθα,</strong></span> <span class='ocrx_word' id='word_1_158' title='bbox 1082 2026 1354 2096; x_wconf 83' lang='grc' dir='ltr'><strong>άγαπητὲ,</strong></span> <span class='ocrx_word' id='word_1_159' title='bbox 1376 2027 1524 2089; x_wconf 77' lang='grc' dir='ltr'><strong>ὅπως</strong></span> <span class='ocrx_word' id='word_1_160' title='bbox 1549 2027 1606 2078; x_wconf 86' lang='grc' dir='ltr'><strong>ἐν</strong></span> <span class='ocrx_word' id='word_1_161' title='bbox 1635 2027 1732 2096; x_wconf 83' lang='grc' dir='ltr'><strong>μιᾷ</strong></span> <span class='ocrx_word' id='word_1_162' title='bbox 1758 2042 1878 2078; x_wconf 87' lang='grc' dir='ltr'><strong>και-</strong></span> 
     </span>
    </p>
   </div>
   <div class='ocr_carea' id='block_1_21' title="bbox 206 2111 1876 2185">
    <p class='ocr_par' dir='ltr' id='par_1_21' title="bbox 206 2111 1876 2185">
     <span class='ocr_line' id='line_1_21' title="bbox 206 2111 1876 2185; baseline 0.001 -21"><span class='ocrx_word' id='word_1_163' title='bbox 206 2111 300 2182; x_wconf 90' lang='grc' dir='ltr'><strong>ροῦ</strong></span> <span class='ocrx_word' id='word_1_164' title='bbox 321 2116 460 2184; x_wconf 80' lang='grc' dir='ltr'><strong>ῥοπῇ</strong></span> <span class='ocrx_word' id='word_1_165' title='bbox 478 2115 506 2166; x_wconf 98' lang='lat'><strong>6</strong></span> <span class='ocrx_word' id='word_1_166' title='bbox 525 2113 732 2176; x_wconf 87' lang='grc' dir='ltr'><strong>δίκαιος</strong></span> <span class='ocrx_word' id='word_1_167' title='bbox 757 2113 958 2176; x_wconf 88' lang='grc' dir='ltr'><strong>παντὸς</strong></span> <span class='ocrx_word' id='word_1_168' title='bbox 977 2113 1070 2166; x_wconf 87' lang='grc' dir='ltr'><strong>τοῦ</strong></span> <span class='ocrx_word' id='word_1_169' title='bbox 1093 2114 1284 2185; x_wconf 85' lang='grc' dir='ltr'><strong>χρόνου</strong></span> <span class='ocrx_word' id='word_1_170' title='bbox 1310 2113 1410 2177; x_wconf 77' lang='grc' dir='ltr'><strong>τὰς</strong></span> <span class='ocrx_word' id='word_1_171' title='bbox 1433 2113 1666 2184; x_wconf 82' lang='grc' dir='ltr'><strong>ἀμοιϐὰς</strong></span> <span class='ocrx_word' id='word_1_172' title='bbox 1689 2113 1876 2183; x_wconf 80' lang='grc' dir='ltr'><strong>ἐκομίο</strong></span> 
     </span>
    </p>
   </div>
   <div class='ocr_carea' id='block_1_22' title="bbox 205 2201 1876 2274">
    <p class='ocr_par' dir='ltr' id='par_1_22' title="bbox 205 2201 1876 2274">
     <span class='ocr_line' id='line_1_22' title="bbox 205 2201 1876 2274; baseline 0.001 -22"><span class='ocrx_word' id='word_1_173' title='bbox 205 2217 357 2260; x_wconf 87' lang='grc' dir='ltr'><strong>σατο.</strong></span> <span class='ocrx_word' id='word_1_174' title='bbox 389 2202 482 2254; x_wconf 78' lang='grc' dir='ltr'><strong>καὶ</strong></span> <span class='ocrx_word' id='word_1_175' title='bbox 521 2201 824 2272; x_wconf 77' lang='grc' dir='ltr'><strong>ἐπληροῦτο</strong></span> <span class='ocrx_word' id='word_1_176' title='bbox 855 2204 1035 2254; x_wconf 83' lang='grc' dir='ltr'><strong>ἐκεῖνο</strong></span> <span class='ocrx_word' id='word_1_177' title='bbox 1062 2203 1123 2254; x_wconf 88' lang='grc' dir='ltr'><strong>τὸ</strong></span> <span class='ocrx_word' id='word_1_178' title='bbox 1165 2202 1317 2272; x_wconf 84' lang='grc' dir='ltr'><strong>παρά</strong></span> <span class='ocrx_word' id='word_1_179' title='bbox 1355 2202 1449 2256; x_wconf 86' lang='grc' dir='ltr'><strong>τοῦ</strong></span> <span class='ocrx_word' id='word_1_180' title='bbox 1489 2202 1726 2274; x_wconf 81' lang='grc' dir='ltr'><strong>Χριστοῦ</strong></span> <span class='ocrx_word' id='word_1_181' title='bbox 1763 2205 1876 2265; x_wconf 86' lang='grc' dir='ltr'><strong>τοῖς</strong></span> 
     </span>
    </p>
   </div>
   <div class='ocr_carea' id='block_1_23' title="bbox 204 2287 1876 2360">
    <p class='ocr_par' dir='ltr' id='par_1_23' title="bbox 204 2287 1876 2360">
     <span class='ocr_line' id='line_1_23' title="bbox 204 2287 1876 2360; baseline 0.001 -20"><span class='ocrx_word' id='word_1_182' title='bbox 204 2287 476 2358; x_wconf 75' lang='grc' dir='ltr'><strong>μαθηταῖς</strong></span> <span class='ocrx_word' id='word_1_183' title='bbox 504 2289 814 2360; x_wconf 70' lang='grc' dir='ltr'><strong>εἰρημένον,</strong></span> <span class='ocrx_word' id='word_1_184' title='bbox 849 2290 932 2342; x_wconf 79' lang='grc' dir='ltr'><strong>ὅτι</strong></span> <span class='ocrx_word' id='word_1_185' title='bbox 963 2290 1172 2355; x_wconf 72' lang='grc' dir='ltr'><strong>Ὅστις</strong></span> <span class='ocrx_word' id='word_1_186' title='bbox 1205 2289 1285 2342; x_wconf 78' lang='grc' dir='ltr'><strong>ἂν</strong></span> <span class='ocrx_word' id='word_1_187' title='bbox 1321 2292 1620 2356; x_wconf 61' lang='grc' dir='ltr'><strong>καταλίπῃ</strong></span> <span class='ocrx_word' id='word_1_188' title='bbox 1652 2289 1876 2357; x_wconf 80' lang='grc' dir='ltr'><strong>πατέρα</strong></span> 
     </span>
    </p>
   </div>
   <div class='ocr_carea' id='block_1_24' title="bbox 201 2375 1870 2446">
    <p class='ocr_par' dir='ltr' id='par_1_24' title="bbox 201 2375 1870 2446">
     <span class='ocr_line' id='line_1_24' title="bbox 201 2375 1870 2446; baseline 0.002 -20"><span class='ocrx_word' id='word_1_189' title='bbox 201 2375 240 2441; x_wconf 75' lang='grc' dir='ltr'><em>ἢ</em></span> <span class='ocrx_word' id='word_1_190' title='bbox 277 2375 526 2444; x_wconf 81' lang='grc' dir='ltr'><strong>μητέρα,</strong></span> <span class='ocrx_word' id='word_1_191' title='bbox 573 2376 611 2444; x_wconf 77' lang='grc' dir='ltr'>ἢ</span> <span class='ocrx_word' id='word_1_192' title='bbox 641 2378 838 2430; x_wconf 79' lang='grc' dir='ltr'><strong>οὶκίαν</strong></span> <span class='ocrx_word' id='word_1_193' title='bbox 875 2378 914 2444; x_wconf 77' lang='grc' dir='ltr'><strong>ἢ</strong></span> <span class='ocrx_word' id='word_1_194' title='bbox 941 2377 1246 2446; x_wconf 72' lang='grc' dir='ltr'><strong>ἀδελφοὺς</strong></span> <span class='ocrx_word' id='word_1_195' title='bbox 1284 2377 1384 2431; x_wconf 83' lang='grc' dir='ltr'><strong>διὰ</strong></span> <span class='ocrx_word' id='word_1_196' title='bbox 1415 2379 1481 2430; x_wconf 87' lang='grc' dir='ltr'><strong>τὸ</strong></span> <span class='ocrx_word' id='word_1_197' title='bbox 1520 2376 1707 2446; x_wconf 75' lang='grc' dir='ltr'><strong>ὄνομά</strong></span> <span class='ocrx_word' id='word_1_198' title='bbox 1730 2395 1870 2445; x_wconf 75' lang='grc' dir='ltr'><strong>μου,</strong></span> 
     </span>
    </p>
   </div>
   <div class='ocr_carea' id='block_1_25' title="bbox 200 2460 1875 2531">
    <p class='ocr_par' dir='ltr' id='par_1_25' title="bbox 200 2460 1875 2531">
     <span class='ocr_line' id='line_1_25' title="bbox 200 2460 1875 2531; baseline 0.001 -19"><span class='ocrx_word' id='word_1_199' title='bbox 200 2461 301 2513; x_wconf 77' lang='grc' dir='ltr'><strong>καὶ</strong></span> <span class='ocrx_word' id='word_1_200' title='bbox 349 2461 608 2515; x_wconf 82' lang='grc' dir='ltr'><strong>ἐνταῦθα</strong></span> <span class='ocrx_word' id='word_1_201' title='bbox 640 2462 1241 2518; x_wconf 72' lang='grc' dir='ltr'><strong>ἑκατονταπλασίονα</strong></span> <span class='ocrx_word' id='word_1_202' title='bbox 1280 2463 1562 2531; x_wconf 66' lang='grc' dir='ltr'><strong>λήψεται,</strong></span> <span class='ocrx_word' id='word_1_203' title='bbox 1599 2462 1695 2515; x_wconf 80' lang='grc' dir='ltr'><strong>καὶ</strong></span> <span class='ocrx_word' id='word_1_204' title='bbox 1721 2460 1875 2522; x_wconf 76' lang='grc' dir='ltr'><strong>ζωὴν</strong></span> 
     </span>
    </p>
   </div>
   <div class='ocr_carea' id='block_1_26' title="bbox 198 2547 1872 2620">
    <p class='ocr_par' dir='ltr' id='par_1_26' title="bbox 198 2547 1872 2620">
     <span class='ocr_line' id='line_1_26' title="bbox 198 2547 1872 2620; baseline 0.001 -21"><span class='ocrx_word' id='word_1_205' title='bbox 198 2547 442 2602; x_wconf 72' lang='grc' dir='ltr'><strong>αἰώνιον</strong></span> <span class='ocrx_word' id='word_1_206' title='bbox 471 2549 937 2619; x_wconf 65' lang='grc' dir='ltr'><strong>κληρονομήσει.</strong></span> <span class='ocrx_word' id='word_1_207' title='bbox 987 2550 1268 2620; x_wconf 79' lang='grc' dir='ltr'><strong>Ἐννόησον</strong></span> <span class='ocrx_word' id='word_1_208' title='bbox 1300 2552 1409 2620; x_wconf 89' lang='grc' dir='ltr'><strong>γάρ</strong></span> <span class='ocrx_word' id='word_1_209' title='bbox 1439 2568 1526 2619; x_wconf 89' lang='grc' dir='ltr'><strong>μοι</strong></span> <span class='ocrx_word' id='word_1_210' title='bbox 1553 2551 1643 2601; x_wconf 86' lang='grc' dir='ltr'><strong>τὸν</strong></span> <span class='ocrx_word' id='word_1_211' title='bbox 1669 2550 1872 2602; x_wconf 85' lang='grc' dir='ltr'><strong>δίκαιον</strong></span> 
     </span>
    </p>
   </div>
   <div class='ocr_carea' id='block_1_27' title="bbox 197 2633 1872 2709">
    <p class='ocr_par' dir='ltr' id='par_1_27' title="bbox 197 2633 1872 2709">
     <span class='ocr_line' id='line_1_27' title="bbox 197 2633 1872 2709; baseline -0.001 -21"><span class='ocrx_word' id='word_1_212' title='bbox 197 2633 409 2700; x_wconf 88' lang='grc' dir='ltr'><strong>τοῦτον,</strong></span> <span class='ocrx_word' id='word_1_213' title='bbox 459 2637 647 2706; x_wconf 81' lang='grc' dir='ltr'><strong>ἐπειδὴ</strong></span> <span class='ocrx_word' id='word_1_214' title='bbox 681 2638 914 2707; x_wconf 80' lang='grc' dir='ltr'><strong>ἑτοίμως</strong></span> <span class='ocrx_word' id='word_1_215' title='bbox 943 2639 1219 2707; x_wconf 80' lang='grc' dir='ltr'><strong>ὑπήκουσε</strong></span> <span class='ocrx_word' id='word_1_216' title='bbox 1249 2638 1324 2707; x_wconf 78' lang='grc' dir='ltr'><strong>τῷ</strong></span> <span class='ocrx_word' id='word_1_217' title='bbox 1356 2638 1740 2709; x_wconf 74' lang='grc' dir='ltr'><strong>προστάγματι</strong></span> <span class='ocrx_word' id='word_1_218' title='bbox 1777 2636 1872 2688; x_wconf 81' lang='grc' dir='ltr'><strong>τοῦ</strong></span> 
     </span>
    </p>
   </div>
   <div class='ocr_carea' id='block_1_28' title="bbox 196 2723 1868 2796">
    <p class='ocr_par' dir='ltr' id='par_1_28' title="bbox 196 2723 1868 2796">
     <span class='ocr_line' id='line_1_28' title="bbox 196 2723 1868 2796; baseline 0 -21"><span class='ocrx_word' id='word_1_219' title='bbox 196 2723 493 2782; x_wconf 85' lang='grc' dir='ltr'><strong>Δεσπότου,</strong></span> <span class='ocrx_word' id='word_1_220' title='bbox 533 2724 624 2775; x_wconf 73' lang='grc' dir='ltr'><strong>καὶ</strong></span> <span class='ocrx_word' id='word_1_221' title='bbox 669 2723 981 2778; x_wconf 85' lang='grc' dir='ltr'><strong>καταλιπὼν</strong></span> <span class='ocrx_word' id='word_1_222' title='bbox 1040 2726 1138 2796; x_wconf 80' lang='grc' dir='ltr'><strong>τὴν</strong></span> <span class='ocrx_word' id='word_1_223' title='bbox 1187 2725 1392 2777; x_wconf 77' lang='grc' dir='ltr'><strong>οἰκείαν</strong></span> <span class='ocrx_word' id='word_1_224' title='bbox 1461 2725 1695 2794; x_wconf 79' lang='grc' dir='ltr'><strong>πατρίδα</strong></span> <span class='ocrx_word' id='word_1_225' title='bbox 1736 2741 1868 2793; x_wconf 85' lang='grc' dir='ltr'><strong>προ-</strong></span> 
     </span>
    </p>
   </div>
   <div class='ocr_carea' id='block_1_29' title="bbox 199 2811 1872 2884">
    <p class='ocr_par' dir='ltr' id='par_1_29' title="bbox 199 2811 1872 2884">
     <span class='ocr_line' id='line_1_29' title="bbox 199 2811 1872 2884; baseline 0.002 -23"><span class='ocrx_word' id='word_1_226' title='bbox 199 2811 430 2880; x_wconf 84' lang='grc' dir='ltr'><strong>ετίμησε</strong></span> <span class='ocrx_word' id='word_1_227' title='bbox 465 2811 563 2881; x_wconf 69' lang='grc' dir='ltr'><strong>τὴν</strong></span> <span class='ocrx_word' id='word_1_228' title='bbox 598 2813 889 2884; x_wconf 77' lang='grc' dir='ltr'><strong>ἀλλοτρίαν</strong></span> <span class='ocrx_word' id='word_1_229' title='bbox 916 2813 1017 2883; x_wconf 84' lang='grc' dir='ltr'><strong>τῆς</strong></span> <span class='ocrx_word' id='word_1_230' title='bbox 1050 2813 1398 2883; x_wconf 75' lang='grc' dir='ltr'><strong>ἐνεγκούσης,</strong></span> <span class='ocrx_word' id='word_1_231' title='bbox 1434 2815 1578 2874; x_wconf 76' lang='grc' dir='ltr'><strong>ὅπως</strong></span> <span class='ocrx_word' id='word_1_232' title='bbox 1615 2811 1753 2865; x_wconf 81' lang='grc' dir='ltr'><strong>κατά</strong></span> <span class='ocrx_word' id='word_1_233' title='bbox 1787 2828 1872 2880; x_wconf 84' lang='grc' dir='ltr'><strong>μι-</strong></span> 
     </span>
    </p>
   </div>
   <div class='ocr_carea' id='block_1_30' title="bbox 195 2898 1868 2972">
    <p class='ocr_par' dir='ltr' id='par_1_30' title="bbox 195 2898 1868 2972">
     <span class='ocr_line' id='line_1_30' title="bbox 195 2898 1868 2972; baseline 0.001 -22"><span class='ocrx_word' id='word_1_234' title='bbox 195 2898 331 2969; x_wconf 82' lang='grc' dir='ltr'><strong>κρὸν</strong></span> <span class='ocrx_word' id='word_1_235' title='bbox 358 2899 556 2972; x_wconf 81' lang='grc' dir='ltr'><strong>πολλὴν</strong></span> <span class='ocrx_word' id='word_1_236' title='bbox 588 2901 686 2970; x_wconf 78' lang='grc' dir='ltr'><strong>τὴν</strong></span> <span class='ocrx_word' id='word_1_237' title='bbox 718 2900 994 2971; x_wconf 79' lang='grc' dir='ltr'><strong>ὑπομονὴν</strong></span> <span class='ocrx_word' id='word_1_238' title='bbox 1019 2901 1446 2971; x_wconf 81' lang='grc' dir='ltr'><strong>ἐπιδειξάμενος,</strong></span> <span class='ocrx_word' id='word_1_239' title='bbox 1476 2901 1570 2952; x_wconf 71' lang='grc' dir='ltr'><strong>καὶ</strong></span> <span class='ocrx_word' id='word_1_240' title='bbox 1592 2903 1669 2961; x_wconf 86' lang='grc' dir='ltr'><strong>εἰς</strong></span> <span class='ocrx_word' id='word_1_241' title='bbox 1694 2900 1868 2969; x_wconf 83' lang='grc' dir='ltr'><strong>ἄκραν</strong></span> 
     </span>
    </p>
   </div>
   <div class='ocr_carea' id='block_1_31' title="bbox 195 2987 1868 3060">
    <p class='ocr_par' dir='ltr' id='par_1_31' title="bbox 195 2987 1868 3060">
     <span class='ocr_line' id='line_1_31' title="bbox 195 2987 1868 3060; baseline 0.001 -21"><span class='ocrx_word' id='word_1_242' title='bbox 195 2988 400 3058; x_wconf 81' lang='grc' dir='ltr'><strong>ἀρετῆς</strong></span> <span class='ocrx_word' id='word_1_243' title='bbox 453 2988 695 3060; x_wconf 70' lang='grc' dir='ltr'><strong>κορυφὴν</strong></span> <span class='ocrx_word' id='word_1_244' title='bbox 751 2988 1020 3053; x_wconf 81' lang='grc' dir='ltr'><strong>ἀνελθὼν,</strong></span> <span class='ocrx_word' id='word_1_245' title='bbox 1064 2988 1205 3042; x_wconf 73' lang='grc' dir='ltr'><strong>οὕτω</strong></span> <span class='ocrx_word' id='word_1_246' title='bbox 1255 2987 1612 3059; x_wconf 82' lang='grc' dir='ltr'><strong>περίϐλεπτος</strong></span> <span class='ocrx_word' id='word_1_247' title='bbox 1677 2989 1868 3055; x_wconf 84' lang='grc' dir='ltr'><strong>γέγονε</strong></span> 
     </span>
    </p>
   </div>
   <div class='ocr_carea' id='block_1_32' title="bbox 196 3075 1870 3147">
    <p class='ocr_par' dir='ltr' id='par_1_32' title="bbox 196 3075 1870 3147">
     <span class='ocr_line' id='line_1_32' title="bbox 196 3075 1870 3147; baseline -0.001 -18"><span class='ocrx_word' id='word_1_248' title='bbox 196 3077 292 3129; x_wconf 75' lang='grc' dir='ltr'><strong>καὶ</strong></span> <span class='ocrx_word' id='word_1_249' title='bbox 343 3076 686 3147; x_wconf 81' lang='grc' dir='ltr'><strong>περιφανὴς,</strong></span> <span class='ocrx_word' id='word_1_250' title='bbox 743 3077 817 3140; x_wconf 86' lang='grc' dir='ltr'><strong>ὼς</strong></span> <span class='ocrx_word' id='word_1_251' title='bbox 868 3077 946 3146; x_wconf 82' lang='grc' dir='ltr'><strong>τῷ</strong></span> <span class='ocrx_word' id='word_1_252' title='bbox 993 3076 1186 3146; x_wconf 83' lang='grc' dir='ltr'><strong>πλήθει</strong></span> <span class='ocrx_word' id='word_1_253' title='bbox 1222 3075 1329 3128; x_wconf 88' lang='grc' dir='ltr'><strong>τῶν</strong></span> <span class='ocrx_word' id='word_1_254' title='bbox 1377 3075 1590 3147; x_wconf 84' lang='grc' dir='ltr'><strong>ἄστρων</strong></span> <span class='ocrx_word' id='word_1_255' title='bbox 1626 3077 1747 3139; x_wconf 75' lang='grc' dir='ltr'><strong>τοὺς</strong></span> <span class='ocrx_word' id='word_1_256' title='bbox 1811 3075 1870 3140; x_wconf 79' lang='grc' dir='ltr'><strong>ἐξ</strong></span> 
     </span>
    </p>
   </div>
   <div class='ocr_carea' id='block_1_33' title="bbox 193 3163 1870 3235">
    <p class='ocr_par' dir='ltr' id='par_1_33' title="bbox 193 3163 1870 3235">
     <span class='ocr_line' id='line_1_33' title="bbox 193 3163 1870 3235; baseline -0.002 -19"><span class='ocrx_word' id='word_1_257' title='bbox 193 3163 361 3217; x_wconf 82' lang='grc' dir='ltr'><strong>αὑτοῦ</strong></span> <span class='ocrx_word' id='word_1_258' title='bbox 407 3164 694 3234; x_wconf 86' lang='grc' dir='ltr'><strong>τεχθέντας</strong></span> <span class='ocrx_word' id='word_1_259' title='bbox 759 3165 1154 3235; x_wconf 75' lang='grc' dir='ltr'><strong>παρισωθῆναι.</strong></span> <span class='ocrx_word' id='word_1_260' title='bbox 1226 3163 1377 3233; x_wconf 84' lang='grc' dir='ltr'><strong>Τάχα</strong></span> <span class='ocrx_word' id='word_1_261' title='bbox 1425 3163 1481 3214; x_wconf 79' lang='grc' dir='ltr'><strong>εἴ</strong></span> <span class='ocrx_word' id='word_1_262' title='bbox 1525 3181 1610 3226; x_wconf 86' lang='grc' dir='ltr'><strong>τις</strong></span> <span class='ocrx_word' id='word_1_263' title='bbox 1666 3165 1870 3231; x_wconf 86' lang='grc' dir='ltr'><strong>εὐγνω-</strong></span> 
     </span>
    </p>
   </div>
   <div class='ocr_carea' id='block_1_34' title="bbox 195 3250 1866 3322">
    <p class='ocr_par' dir='ltr' id='par_1_34' title="bbox 195 3250 1866 3322">
     <span class='ocr_line' id='line_1_34' title="bbox 195 3250 1866 3322; baseline -0.002 -18"><span class='ocrx_word' id='word_1_264' title='bbox 195 3250 376 3320; x_wconf 80' lang='grc' dir='ltr'><strong>μόνως</strong></span> <span class='ocrx_word' id='word_1_265' title='bbox 436 3251 722 3322; x_wconf 82' lang='grc' dir='ltr'><strong>βουληθείη</strong></span> <span class='ocrx_word' id='word_1_266' title='bbox 794 3252 1058 3316; x_wconf 83' lang='grc' dir='ltr'><strong>συνιδεῖν,</strong></span> <span class='ocrx_word' id='word_1_267' title='bbox 1115 3252 1175 3304; x_wconf 87' lang='grc' dir='ltr'><strong>οὑ</strong></span> <span class='ocrx_word' id='word_1_268' title='bbox 1240 3251 1399 3322; x_wconf 88' lang='grc' dir='ltr'><strong>μόνον</strong></span> <span class='ocrx_word' id='word_1_269' title='bbox 1451 3251 1586 3303; x_wconf 77' lang='grc' dir='ltr'><strong>εἰσὶν</strong></span> <span class='ocrx_word' id='word_1_270' title='bbox 1640 3251 1866 3302; x_wconf 78' lang='grc' dir='ltr'><strong>ἑκατον-</strong></span> 
     </span>
    </p>
   </div>
   <div class='ocr_carea' id='block_1_35' title="bbox 190 3334 1864 3408">
    <p class='ocr_par' dir='ltr' id='par_1_35' title="bbox 190 3334 1864 3408">
     <span class='ocr_line' id='line_1_35' title="bbox 190 3334 1864 3408; baseline -0.002 -17"><span class='ocrx_word' id='word_1_271' title='bbox 190 3337 566 3401; x_wconf 87' lang='grc' dir='ltr'><strong>ταπλασίονα,</strong></span> <span class='ocrx_word' id='word_1_272' title='bbox 621 3337 656 3392; x_wconf 81' lang='grc' dir='ltr'><strong>ἀ</strong></span> <span class='ocrx_word' id='word_1_273' title='bbox 707 3341 736 3392; x_wconf 91' lang='lat'><strong>6</strong></span> <span class='ocrx_word' id='word_1_274' title='bbox 783 3339 988 3402; x_wconf 85' lang='grc' dir='ltr'><strong>δίκαιος</strong></span> <span class='ocrx_word' id='word_1_275' title='bbox 1047 3334 1196 3402; x_wconf 72' lang='grc' dir='ltr'><strong>οὗτος</strong></span> <span class='ocrx_word' id='word_1_276' title='bbox 1257 3338 1547 3408; x_wconf 75' lang='grc' dir='ltr'><strong>ἐκομίσατο</strong></span> <span class='ocrx_word' id='word_1_277' title='bbox 1611 3337 1864 3400; x_wconf 84' lang='grc' dir='ltr'><strong>ἐνταῦθα,</strong></span> 
     </span>
    </p>
   </div>
   <div class='ocr_carea' id='block_1_36' title="bbox 191 3423 1867 3497">
    <p class='ocr_par' dir='ltr' id='par_1_36' title="bbox 191 3423 1867 3497">
     <span class='ocr_line' id='line_1_36' title="bbox 191 3423 1867 3497; baseline -0.001 -20"><span class='ocrx_word' id='word_1_278' title='bbox 191 3425 329 3478; x_wconf 80' lang='grc' dir='ltr'><strong>ἀλλά</strong></span> <span class='ocrx_word' id='word_1_279' title='bbox 361 3425 456 3478; x_wconf 77' lang='grc' dir='ltr'><strong>καὶ</strong></span> <span class='ocrx_word' id='word_1_280' title='bbox 489 3426 937 3497; x_wconf 85' lang='grc' dir='ltr'><strong>μυριοπλασίονα.</strong></span> <span class='ocrx_word' id='word_1_281' title='bbox 970 3428 1032 3480; x_wconf 85' lang='grc' dir='ltr'><strong>Εἰ</strong></span> <span class='ocrx_word' id='word_1_282' title='bbox 1069 3426 1125 3478; x_wconf 84' lang='grc' dir='ltr'><strong>δὲ</strong></span> <span class='ocrx_word' id='word_1_283' title='bbox 1154 3425 1386 3478; x_wconf 81' lang='grc' dir='ltr'><strong>ἐνταῦθα</strong></span> <span class='ocrx_word' id='word_1_284' title='bbox 1410 3425 1676 3478; x_wconf 80' lang='grc' dir='ltr'><strong>τοσούτων</strong></span> <span class='ocrx_word' id='word_1_285' title='bbox 1704 3423 1867 3494; x_wconf 78' lang='grc' dir='ltr'><strong>ἠξιὼ-</strong></span> 
     </span>
    </p>
   </div>
   <div class='ocr_carea' id='block_1_37' title="bbox 192 3511 1863 3585">
    <p class='ocr_par' dir='ltr' id='par_1_37' title="bbox 192 3511 1863 3585">
     <span class='ocr_line' id='line_1_37' title="bbox 192 3511 1863 3585; baseline 0.001 -21"><span class='ocrx_word' id='word_1_286' title='bbox 192 3512 284 3582; x_wconf 89' lang='grc' dir='ltr'><strong>θη,</strong></span> <span class='ocrx_word' id='word_1_287' title='bbox 313 3513 396 3576; x_wconf 91' lang='grc' dir='ltr'><strong>τίς</strong></span> <span class='ocrx_word' id='word_1_288' title='bbox 432 3513 498 3566; x_wconf 83' lang='grc' dir='ltr'>ἂν</span> <span class='ocrx_word' id='word_1_289' title='bbox 526 3513 677 3582; x_wconf 85' lang='grc' dir='ltr'><strong>λόγος</strong></span> <span class='ocrx_word' id='word_1_290' title='bbox 716 3515 1066 3585; x_wconf 83' lang='grc' dir='ltr'><strong>παραστῆσαι</strong></span> <span class='ocrx_word' id='word_1_291' title='bbox 1110 3513 1397 3582; x_wconf 87' lang='grc' dir='ltr'><strong>δυνήσεται</strong></span> <span class='ocrx_word' id='word_1_292' title='bbox 1438 3513 1537 3582; x_wconf 85' lang='grc' dir='ltr'><strong>τῆς</strong></span> <span class='ocrx_word' id='word_1_293' title='bbox 1565 3513 1683 3565; x_wconf 77' lang='grc' dir='ltr'><strong>ἐκεῖ</strong></span> <span class='ocrx_word' id='word_1_294' title='bbox 1711 3511 1863 3583; x_wconf 73' lang='grc'>[407]</span> 
     </span>
    </p>
   </div>
   <div class='ocr_carea' id='block_1_38' title="bbox 190 3595 1864 3672">
    <p class='ocr_par' dir='ltr' id='par_1_38' title="bbox 190 3595 1864 3672">
     <span class='ocr_line' id='line_1_38' title="bbox 190 3595 1864 3672; baseline 0.001 -22"><span class='ocrx_word' id='word_1_295' title='bbox 190 3599 545 3663; x_wconf 79' lang='grc' dir='ltr'><strong>ἀπολαύσεως</strong></span> <span class='ocrx_word' id='word_1_296' title='bbox 568 3601 667 3672; x_wconf 82' lang='grc' dir='ltr'><strong>τὴν</strong></span> <span class='ocrx_word' id='word_1_297' title='bbox 685 3601 867 3671; x_wconf 74' lang='grc' dir='ltr'><strong>λῆξινς</strong></span> <span class='ocrx_word' id='word_1_298' title='bbox 895 3601 1104 3654; x_wconf 79' lang='grc' dir='ltr'><strong>Μᾶλλον</strong></span> <span class='ocrx_word' id='word_1_299' title='bbox 1125 3601 1204 3664; x_wconf 80' lang='grc' dir='ltr'><strong>δὲ,</strong></span> <span class='ocrx_word' id='word_1_300' title='bbox 1222 3601 1297 3662; x_wconf 84' lang='grc' dir='ltr'><strong>ὡς</strong></span> <span class='ocrx_word' id='word_1_301' title='bbox 1314 3595 1424 3652; x_wconf 78' lang='grc' dir='ltr'><strong>οἷόν</strong></span> <span class='ocrx_word' id='word_1_302' title='bbox 1439 3616 1520 3662; x_wconf 84' lang='grc' dir='ltr'><strong>τε,</strong></span> <span class='ocrx_word' id='word_1_303' title='bbox 1546 3598 1816 3652; x_wconf 74' lang='grc' dir='ltr'><strong>καὶτοῦτο</strong></span> <span class='ocrx_word' id='word_1_304' title='bbox 1836 3601 1864 3652; x_wconf 91' lang='lat'><strong>6</strong></span> 
     </span>
    </p>
   </div>
   <div class='ocr_carea' id='block_1_39' title="bbox 186 3684 1863 3756">
    <p class='ocr_par' dir='ltr' id='par_1_39' title="bbox 186 3684 1863 3756">
     <span class='ocr_line' id='line_1_39' title="bbox 186 3684 1863 3756; baseline -0.001 -20"><span class='ocrx_word' id='word_1_305' title='bbox 186 3685 343 3752; x_wconf 84' lang='grc' dir='ltr'><strong>λόγος</strong></span> <span class='ocrx_word' id='word_1_306' title='bbox 374 3685 542 3751; x_wconf 82' lang='grc' dir='ltr'><strong>δεῖξαι</strong></span> <span class='ocrx_word' id='word_1_307' title='bbox 571 3687 874 3756; x_wconf 87' lang='grc' dir='ltr'><strong>δυνήσεται.</strong></span> <span class='ocrx_word' id='word_1_308' title='bbox 902 3689 1068 3740; x_wconf 79' lang='grc' dir='ltr'><strong>Ὅταν</strong></span> <span class='ocrx_word' id='word_1_309' title='bbox 1099 3687 1208 3756; x_wconf 85' lang='grc' dir='ltr'><strong>γὰρ</strong></span> <span class='ocrx_word' id='word_1_310' title='bbox 1242 3685 1502 3755; x_wconf 78' lang='grc' dir='ltr'><strong>ἀκούσῃς,</strong></span> <span class='ocrx_word' id='word_1_311' title='bbox 1547 3685 1628 3737; x_wconf 83' lang='grc' dir='ltr'><strong>ὅτι</strong></span> <span class='ocrx_word' id='word_1_312' title='bbox 1664 3684 1863 3747; x_wconf 86' lang='grc' dir='ltr'><strong>πάντες</strong></span> 
     </span>
    </p>
   </div>
   <div class='ocr_carea' id='block_1_40' title="bbox 188 3769 1863 3842">
    <p class='ocr_par' dir='ltr' id='par_1_40' title="bbox 188 3769 1863 3842">
     <span class='ocr_line' id='line_1_40' title="bbox 188 3769 1863 3842; baseline -0.001 -20"><span class='ocrx_word' id='word_1_313' title='bbox 188 3771 238 3822; x_wconf 87' lang='grc' dir='ltr'><strong>οἱ</strong></span> <span class='ocrx_word' id='word_1_314' title='bbox 265 3770 459 3823; x_wconf 87' lang='grc' dir='ltr'><strong>δίκαιοι</strong></span> <span class='ocrx_word' id='word_1_315' title='bbox 485 3771 543 3838; x_wconf 76' lang='grc' dir='ltr'><strong>ἐξ</strong></span> <span class='ocrx_word' id='word_1_316' title='bbox 568 3773 775 3825; x_wconf 83' lang='grc' dir='ltr'><strong>ἐκείνου</strong></span> <span class='ocrx_word' id='word_1_317' title='bbox 803 3772 964 3842; x_wconf 83' lang='grc' dir='ltr'><strong>μέχρι</strong></span> <span class='ocrx_word' id='word_1_318' title='bbox 985 3771 1102 3834; x_wconf 86' lang='grc' dir='ltr'><strong>νῦν,</strong></span> <span class='ocrx_word' id='word_1_319' title='bbox 1129 3773 1225 3824; x_wconf 80' lang='grc' dir='ltr'><strong>καὶ</strong></span> <span class='ocrx_word' id='word_1_320' title='bbox 1253 3771 1412 3841; x_wconf 83' lang='grc' dir='ltr'><strong>μέχρι</strong></span> <span class='ocrx_word' id='word_1_321' title='bbox 1435 3771 1532 3840; x_wconf 88' lang='grc' dir='ltr'><strong>τῆς</strong></span> <span class='ocrx_word' id='word_1_322' title='bbox 1554 3769 1863 3832; x_wconf 80' lang='grc' dir='ltr'><strong>συντελείας</strong></span> 
     </span>
    </p>
   </div>
   <div class='ocr_carea' id='block_1_41' title="bbox 187 3856 1862 3930">
    <p class='ocr_par' dir='ltr' id='par_1_41' title="bbox 187 3856 1862 3930">
     <span class='ocr_line' id='line_1_41' title="bbox 187 3856 1862 3930; baseline -0.001 -20"><span class='ocrx_word' id='word_1_323' title='bbox 187 3859 381 3928; x_wconf 82' lang='grc' dir='ltr'><strong>αὐτῆς,</strong></span> <span class='ocrx_word' id='word_1_324' title='bbox 417 3859 581 3929; x_wconf 86' lang='grc' dir='ltr'><strong>εὐχῆς</strong></span> <span class='ocrx_word' id='word_1_325' title='bbox 612 3858 772 3930; x_wconf 82' lang='grc' dir='ltr'><strong>ἔργον</strong></span> <span class='ocrx_word' id='word_1_326' title='bbox 803 3858 1077 3912; x_wconf 87' lang='grc' dir='ltr'><strong>ποιοῦνται</strong></span> <span class='ocrx_word' id='word_1_327' title='bbox 1107 3863 1185 3922; x_wconf 78' lang='grc' dir='ltr'><strong>εἰς</strong></span> <span class='ocrx_word' id='word_1_328' title='bbox 1217 3860 1342 3920; x_wconf 73' lang='grc' dir='ltr'><strong>τοὺς</strong></span> <span class='ocrx_word' id='word_1_329' title='bbox 1371 3859 1606 3919; x_wconf 85' lang='grc' dir='ltr'><strong>κόλπους</strong></span> <span class='ocrx_word' id='word_1_330' title='bbox 1633 3856 1725 3910; x_wconf 82' lang='grc' dir='ltr'><strong>τοῦ</strong></span> <span class='ocrx_word' id='word_1_331' title='bbox 1757 3873 1862 3909; x_wconf 90' lang='grc' dir='ltr'><strong>πα-</strong></span> 
     </span>
    </p>
   </div>
   <div class='ocr_carea' id='block_1_42' title="bbox 187 3945 1858 4016">
    <p class='ocr_par' dir='ltr' id='par_1_42' title="bbox 187 3945 1858 4016">
     <span class='ocr_line' id='line_1_42' title="bbox 187 3945 1858 4016; baseline -0.001 -20"><span class='ocrx_word' id='word_1_332' title='bbox 187 3945 447 4015; x_wconf 84' lang='grc' dir='ltr'><strong>τριάρχου</strong></span> <span class='ocrx_word' id='word_1_333' title='bbox 474 3947 828 4016; x_wconf 81' lang='grc' dir='ltr'><strong>καταντῆσαι,</strong></span> <span class='ocrx_word' id='word_1_334' title='bbox 868 3947 1025 3999; x_wconf 87' lang='grc' dir='ltr'><strong>ποίαν</strong></span> <span class='ocrx_word' id='word_1_335' title='bbox 1060 3945 1248 4015; x_wconf 78' lang='grc' dir='ltr'><strong>ἑτέραν</strong></span> <span class='ocrx_word' id='word_1_336' title='bbox 1291 3946 1511 4015; x_wconf 78' lang='grc' dir='ltr'><strong>μείζονα</strong></span> <span class='ocrx_word' id='word_1_337' title='bbox 1544 3945 1747 4012; x_wconf 82' lang='grc' dir='ltr'><strong>ταύτης</strong></span> <span class='ocrx_word' id='word_1_338' title='bbox 1774 3961 1858 3996; x_wconf 86' lang='grc' dir='ltr'><strong>τι-</strong></span> 
     </span>
    </p>
   </div>
   <div class='ocr_carea' id='block_1_43' title="bbox 189 4027 1858 4104">
    <p class='ocr_par' dir='ltr' id='par_1_43' title="bbox 189 4027 1858 4104">
     <span class='ocr_line' id='line_1_43' title="bbox 189 4027 1858 4104; baseline 0.001 -21"><span class='ocrx_word' id='word_1_339' title='bbox 189 4030 297 4101; x_wconf 83' lang='grc' dir='ltr'><strong>μὴν</strong></span> <span class='ocrx_word' id='word_1_340' title='bbox 320 4033 667 4104; x_wconf 85' lang='grc' dir='ltr'><strong>παραστῆσαι</strong></span> <span class='ocrx_word' id='word_1_341' title='bbox 687 4033 890 4104; x_wconf 78' lang='grc' dir='ltr'><strong>δυνήσῃ</strong></span> <span class='ocrx_word' id='word_1_342' title='bbox 912 4050 926 4096; x_wconf 91' lang='grc'>;</span> <span class='ocrx_word' id='word_1_343' title='bbox 958 4030 1109 4096; x_wconf 80' lang='grc' dir='ltr'><strong>Εἶδες</strong></span> <span class='ocrx_word' id='word_1_344' title='bbox 1139 4027 1249 4085; x_wconf 75' lang='grc' dir='ltr'><strong>οἷόν</strong></span> <span class='ocrx_word' id='word_1_345' title='bbox 1279 4035 1424 4084; x_wconf 88' lang='grc' dir='ltr'><strong>ἐστιν</strong></span> <span class='ocrx_word' id='word_1_346' title='bbox 1448 4031 1713 4102; x_wconf 77' lang='grc' dir='ltr'><strong>ὑπομονὴ,</strong></span> <span class='ocrx_word' id='word_1_347' title='bbox 1735 4032 1858 4084; x_wconf 81' lang='grc' dir='ltr'><strong>ὅσον</strong></span> 
     </span>
    </p>
   </div>
   <div class='ocr_carea' id='block_1_44' title="bbox 185 4116 1856 4191">
    <p class='ocr_par' dir='ltr' id='par_1_44' title="bbox 185 4116 1856 4191">
     <span class='ocr_line' id='line_1_44' title="bbox 185 4116 1856 4191; baseline 0.001 -21"><span class='ocrx_word' id='word_1_348' title='bbox 185 4119 334 4171; x_wconf 73' lang='grc' dir='ltr'><strong>ἐστὶν</strong></span> <span class='ocrx_word' id='word_1_349' title='bbox 372 4119 561 4190; x_wconf 83' lang='grc' dir='ltr'><strong>ἀρετὴ,</strong></span> <span class='ocrx_word' id='word_1_350' title='bbox 591 4121 712 4173; x_wconf 83' lang='grc' dir='ltr'><strong>ὅσον</strong></span> <span class='ocrx_word' id='word_1_351' title='bbox 742 4121 857 4172; x_wconf 77' lang='grc' dir='ltr'><strong>ἐστὶ</strong></span> <span class='ocrx_word' id='word_1_352' title='bbox 884 4121 946 4172; x_wconf 86' lang='grc' dir='ltr'><strong>τὸ</strong></span> <span class='ocrx_word' id='word_1_353' title='bbox 979 4116 1116 4174; x_wconf 85' lang='grc' dir='ltr'><strong>εἶναι</strong></span> <span class='ocrx_word' id='word_1_354' title='bbox 1147 4119 1409 4188; x_wconf 83' lang='grc' dir='ltr'><strong>φιλόθεον,</strong></span> <span class='ocrx_word' id='word_1_355' title='bbox 1429 4120 1522 4172; x_wconf 81' lang='grc' dir='ltr'><strong>καὶ</strong></span> <span class='ocrx_word' id='word_1_356' title='bbox 1545 4119 1743 4191; x_wconf 86' lang='grc' dir='ltr'><strong>πολλὴν</strong></span> <span class='ocrx_word' id='word_1_357' title='bbox 1768 4121 1856 4172; x_wconf 76' lang='grc' dir='ltr'><strong>εὐ⁴</strong></span> 
     </span>
    </p>
   </div>
   <div class='ocr_carea' id='block_1_45' title="bbox 183 4206 1855 4281">
    <p class='ocr_par' dir='ltr' id='par_1_45' title="bbox 183 4206 1855 4281">
     <span class='ocr_line' id='line_1_45' title="bbox 183 4206 1855 4281; baseline 0.001 -22"><span class='ocrx_word' id='word_1_358' title='bbox 183 4206 540 4278; x_wconf 86' lang='grc' dir='ltr'><strong>γνωμοσύνην</strong></span> <span class='ocrx_word' id='word_1_359' title='bbox 574 4209 976 4264; x_wconf 78' lang='grc' dir='ltr'><strong>ἐπιδείκνυσθαι</strong></span> <span class='ocrx_word' id='word_1_360' title='bbox 1001 4211 1129 4281; x_wconf 77' lang='grc' dir='ltr'><strong>περὶ</strong></span> <span class='ocrx_word' id='word_1_361' title='bbox 1154 4210 1251 4272; x_wconf 84' lang='grc' dir='ltr'><strong>τάς</strong></span> <span class='ocrx_word' id='word_1_362' title='bbox 1276 4209 1370 4260; x_wconf 86' lang='grc' dir='ltr'><strong>τοῦ</strong></span> <span class='ocrx_word' id='word_1_363' title='bbox 1404 4210 1670 4261; x_wconf 87' lang='grc' dir='ltr'><strong>Δεσπότου</strong></span> <span class='ocrx_word' id='word_1_364' title='bbox 1701 4209 1855 4278; x_wconf 81' lang='grc' dir='ltr'><strong>εὐερ·</strong></span> 
     </span>
    </p>
   </div>
   <div class='ocr_carea' id='block_1_46' title="bbox 182 4295 1853 4368">
    <p class='ocr_par' dir='ltr' id='par_1_46' title="bbox 182 4295 1853 4368">
     <span class='ocr_line' id='line_1_46' title="bbox 182 4295 1853 4368; baseline 0.001 -20"><span class='ocrx_word' id='word_1_365' title='bbox 182 4295 408 4362; x_wconf 88' lang='grc' dir='ltr'><strong>γεσίας;</strong></span> <span class='ocrx_word' id='word_1_366' title='bbox 453 4295 669 4367; x_wconf 84' lang='grc' dir='ltr'><strong>Ἐπειδὴ</strong></span> <span class='ocrx_word' id='word_1_367' title='bbox 707 4297 816 4368; x_wconf 78' lang='grc' dir='ltr'><strong>γάρ</strong></span> <span class='ocrx_word' id='word_1_368' title='bbox 849 4299 990 4350; x_wconf 85' lang='grc' dir='ltr'><strong>κατά</strong></span> <span class='ocrx_word' id='word_1_369' title='bbox 1017 4298 1206 4368; x_wconf 87' lang='grc' dir='ltr'><strong>καιρὸν</strong></span> <span class='ocrx_word' id='word_1_370' title='bbox 1238 4297 1307 4350; x_wconf 79' lang='grc' dir='ltr'><strong>τὰ</strong></span> <span class='ocrx_word' id='word_1_371' title='bbox 1347 4295 1476 4368; x_wconf 78' lang='grc' dir='ltr'><strong>παρ’</strong></span> <span class='ocrx_word' id='word_1_372' title='bbox 1505 4297 1698 4350; x_wconf 77' lang='grc' dir='ltr'><strong>ἑαυτοῦ</strong></span> <span class='ocrx_word' id='word_1_373' title='bbox 1737 4298 1853 4350; x_wconf 87' lang='grc' dir='ltr'><strong>είσ-</strong></span> 
     </span>
    </p>
   </div>
   <div class='ocr_carea' id='block_1_47' title="bbox 183 4382 1853 4457">
    <p class='ocr_par' dir='ltr' id='par_1_47' title="bbox 183 4382 1853 4457">
     <span class='ocr_line' id='line_1_47' title="bbox 183 4382 1853 4457; baseline 0.002 -22"><span class='ocrx_word' id='word_1_374' title='bbox 183 4382 399 4455; x_wconf 68' lang='grc' dir='ltr'><strong>ἔφερεν,</strong></span> <span class='ocrx_word' id='word_1_375' title='bbox 419 4382 750 4455; x_wconf 77' lang='grc' dir='ltr'><strong>εὐχαρίστως</strong></span> <span class='ocrx_word' id='word_1_376' title='bbox 773 4387 949 4440; x_wconf 85' lang='grc' dir='ltr'><strong>πάντα</strong></span> <span class='ocrx_word' id='word_1_377' title='bbox 977 4386 1284 4457; x_wconf 85' lang='grc' dir='ltr'><strong>δεχόμενος,</strong></span> <span class='ocrx_word' id='word_1_378' title='bbox 1312 4385 1407 4438; x_wconf 51' lang='grc' dir='ltr'><strong>καὶ.</strong></span> <span class='ocrx_word' id='word_1_379' title='bbox 1435 4385 1503 4438; x_wconf 89' lang='grc' dir='ltr'><strong>τά</strong></span> <span class='ocrx_word' id='word_1_380' title='bbox 1529 4385 1738 4457; x_wconf 88' lang='grc' dir='ltr'><strong>χρηστά</strong></span> <span class='ocrx_word' id='word_1_381' title='bbox 1760 4385 1853 4439; x_wconf 77' lang='grc' dir='ltr'><strong>καὶ</strong></span> 
     </span>
    </p>
   </div>
   <div class='ocr_carea' id='block_1_48' title="bbox 182 4470 1850 4545">
    <p class='ocr_par' dir='ltr' id='par_1_48' title="bbox 182 4470 1850 4545">
     <span class='ocr_line' id='line_1_48' title="bbox 182 4470 1850 4545; baseline 0.002 -23"><span class='ocrx_word' id='word_1_382' title='bbox 182 4470 252 4523; x_wconf 87' lang='grc' dir='ltr'><strong>τά</strong></span> <span class='ocrx_word' id='word_1_383' title='bbox 280 4471 515 4535; x_wconf 88' lang='grc' dir='ltr'><strong>ἐναντία,</strong></span> <span class='ocrx_word' id='word_1_384' title='bbox 551 4473 639 4525; x_wconf 74' lang='lat'>6:3:</span> <span class='ocrx_word' id='word_1_385' title='bbox 678 4473 835 4526; x_wconf 88' lang='grc' dir='ltr'><strong>τοῦτο</strong></span> <span class='ocrx_word' id='word_1_386' title='bbox 871 4477 898 4528; x_wconf 91' lang='lat'><strong>6</strong></span> <span class='ocrx_word' id='word_1_387' title='bbox 947 4475 1327 4545; x_wconf 74' lang='grc' dir='ltr'><strong>φιλάνθρωπος</strong></span> <span class='ocrx_word' id='word_1_388' title='bbox 1374 4473 1504 4536; x_wconf 84' lang='grc' dir='ltr'><strong>Θεὸς</strong></span> <span class='ocrx_word' id='word_1_389' title='bbox 1545 4474 1850 4526; x_wconf 90' lang='grc' dir='ltr'><strong>τελευταῖον</strong></span> 
     </span>
    </p>
   </div>
   <div class='ocr_carea' id='block_1_49' title="bbox 183 4558 1850 4632">
    <p class='ocr_par' dir='ltr' id='par_1_49' title="bbox 183 4558 1850 4632">
     <span class='ocr_line' id='line_1_49' title="bbox 183 4558 1850 4632; baseline 0.003 -23"><span class='ocrx_word' id='word_1_390' title='bbox 183 4558 438 4612; x_wconf 82' lang='grc' dir='ltr'><strong>ἁπάντων</strong></span> <span class='ocrx_word' id='word_1_391' title='bbox 478 4559 536 4612; x_wconf 90' lang='grc' dir='ltr'><strong>τὸ</strong></span> <span class='ocrx_word' id='word_1_392' title='bbox 573 4559 864 4630; x_wconf 75' lang='grc' dir='ltr'><strong>κεφάλαιον</strong></span> <span class='ocrx_word' id='word_1_393' title='bbox 903 4561 1011 4614; x_wconf 87' lang='grc' dir='ltr'><strong>τῶν</strong></span> <span class='ocrx_word' id='word_1_394' title='bbox 1050 4561 1290 4628; x_wconf 80' lang='grc' dir='ltr'><strong>ἀγαθῶν,</strong></span> <span class='ocrx_word' id='word_1_395' title='bbox 1324 4562 1417 4614; x_wconf 75' lang='grc' dir='ltr'><strong>καὶ</strong></span> <span class='ocrx_word' id='word_1_396' title='bbox 1441 4562 1578 4632; x_wconf 86' lang='grc' dir='ltr'><strong>ὅπερ</strong></span> <span class='ocrx_word' id='word_1_397' title='bbox 1618 4560 1850 4632; x_wconf 86' lang='grc' dir='ltr'><strong>μάλιστα</strong></span> 
     </span>
    </p>
   </div>
   <div class='ocr_carea' id='block_1_50' title="bbox 183 4646 1847 4721">
    <p class='ocr_par' dir='ltr' id='par_1_50' title="bbox 183 4646 1847 4721">
     <span class='ocr_line' id='line_1_50' title="bbox 183 4646 1847 4721; baseline 0.002 -23"><span class='ocrx_word' id='word_1_398' title='bbox 183 4647 214 4698; x_wconf 89' lang='lat'><strong>6</strong></span> <span class='ocrx_word' id='word_1_399' title='bbox 237 4646 442 4709; x_wconf 82' lang='grc' dir='ltr'><strong>δίκαιος</strong></span> <span class='ocrx_word' id='word_1_400' title='bbox 473 4647 756 4719; x_wconf 87' lang='grc' dir='ltr'><strong>ἐπεθύμει,</strong></span> <span class='ocrx_word' id='word_1_401' title='bbox 793 4649 949 4703; x_wconf 89' lang='grc' dir='ltr'><strong>τοῦτο</strong></span> <span class='ocrx_word' id='word_1_402' title='bbox 982 4649 1129 4720; x_wconf 86' lang='grc' dir='ltr'><strong>αὑτῷ</strong></span> <span class='ocrx_word' id='word_1_403' title='bbox 1155 4651 1464 4721; x_wconf 86' lang='grc' dir='ltr'><strong>ἐχαρίσατο.</strong></span> <span class='ocrx_word' id='word_1_404' title='bbox 1506 4649 1705 4703; x_wconf 87' lang='grc' dir='ltr'><strong>Σκόπει</strong></span> <span class='ocrx_word' id='word_1_405' title='bbox 1739 4649 1847 4719; x_wconf 81' lang='grc' dir='ltr'><strong>γὰρ</strong></span> 
     </span>
    </p>
   </div>
   <div class='ocr_carea' id='block_1_51' title="bbox 182 4733 1845 4808">
    <p class='ocr_par' dir='ltr' id='par_1_51' title="bbox 182 4733 1845 4808">
     <span class='ocr_line' id='line_1_51' title="bbox 182 4733 1845 4808; baseline 0.001 -21"><span class='ocrx_word' id='word_1_406' title='bbox 182 4733 301 4793; x_wconf 87' lang='grc' dir='ltr'><strong>πῶς</strong></span> <span class='ocrx_word' id='word_1_407' title='bbox 327 4735 384 4787; x_wconf 89' lang='grc' dir='ltr'><strong>ἐν</strong></span> <span class='ocrx_word' id='word_1_408' title='bbox 406 4737 872 4808; x_wconf 87' lang='grc' dir='ltr'><strong>είκοσιτέσσαρσιν</strong></span> <span class='ocrx_word' id='word_1_409' title='bbox 902 4737 1076 4791; x_wconf 82' lang='grc' dir='ltr'><strong>ἐτεσιν</strong></span> <span class='ocrx_word' id='word_1_410' title='bbox 1099 4737 1382 4801; x_wconf 76' lang='grc' dir='ltr'><strong>ἐϐασάνιζε</strong></span> <span class='ocrx_word' id='word_1_411' title='bbox 1409 4736 1500 4789; x_wconf 82' lang='grc' dir='ltr'><strong>τοῦ</strong></span> <span class='ocrx_word' id='word_1_412' title='bbox 1521 4736 1726 4789; x_wconf 89' lang='grc' dir='ltr'><strong>δικαίου</strong></span> <span class='ocrx_word' id='word_1_413' title='bbox 1748 4736 1845 4807; x_wconf 81' lang='grc' dir='ltr'><strong>τὴν</strong></span> 
     </span>
    </p>
   </div>
   <div class='ocr_carea' id='block_1_52' title="bbox 178 4822 1844 4896">
    <p class='ocr_par' dir='ltr' id='par_1_52' title="bbox 178 4822 1844 4896">
     <span class='ocr_line' id='line_1_52' title="bbox 178 4822 1844 4896; baseline 0.001 -22"><span class='ocrx_word' id='word_1_414' title='bbox 178 4822 400 4893; x_wconf 82' lang='grc' dir='ltr'><strong>ἀρετήν.</strong></span> <span class='ocrx_word' id='word_1_415' title='bbox 437 4823 630 4877; x_wconf 85' lang='grc' dir='ltr'><strong>Ἠνίκα</strong></span> <span class='ocrx_word' id='word_1_416' title='bbox 657 4825 766 4896; x_wconf 87' lang='grc' dir='ltr'><strong>γὰρ</strong></span> <span class='ocrx_word' id='word_1_417' title='bbox 796 4825 1018 4894; x_wconf 78' lang='grc' dir='ltr'><strong>ἐξῆλθεν</strong></span> <span class='ocrx_word' id='word_1_418' title='bbox 1060 4825 1168 4878; x_wconf 88' lang='grc' dir='ltr'><strong>ἀπὸ</strong></span> <span class='ocrx_word' id='word_1_419' title='bbox 1200 4825 1297 4894; x_wconf 88' lang='grc' dir='ltr'><strong>τῆς</strong></span> <span class='ocrx_word' id='word_1_420' title='bbox 1341 4824 1565 4895; x_wconf 77' lang='grc' dir='ltr'><strong>Χαρράν</strong></span> <span class='ocrx_word' id='word_1_421' title='bbox 1599 4823 1844 4877; x_wconf 85' lang='grc' dir='ltr'><strong>ὑπακού-</strong></span> 
     </span>
    </p>
   </div>
   <div class='ocr_carea' id='block_1_53' title="bbox 179 4908 1842 4982">
    <p class='ocr_par' dir='ltr' id='par_1_53' title="bbox 179 4908 1842 4982">
     <span class='ocr_line' id='line_1_53' title="bbox 179 4908 1842 4982; baseline 0.002 -23"><span class='ocrx_word' id='word_1_422' title='bbox 179 4925 278 4972; x_wconf 87' lang='grc' dir='ltr'><strong>σας</strong></span> <span class='ocrx_word' id='word_1_423' title='bbox 306 4908 382 4979; x_wconf 80' lang='grc' dir='ltr'><strong>τῷ</strong></span> <span class='ocrx_word' id='word_1_424' title='bbox 414 4910 508 4962; x_wconf 88' lang='grc' dir='ltr'><strong>τοῦ</strong></span> <span class='ocrx_word' id='word_1_425' title='bbox 542 4911 810 4964; x_wconf 75' lang='grc' dir='ltr'><strong>Δεσπότου</strong></span> <span class='ocrx_word' id='word_1_426' title='bbox 838 4911 1239 4982; x_wconf 87' lang='grc' dir='ltr'><strong>προστάγματι,</strong></span> <span class='ocrx_word' id='word_1_427' title='bbox 1273 4911 1642 4981; x_wconf 82' lang='grc' dir='ltr'><strong>ἐϐδομήκοντα</strong></span> <span class='ocrx_word' id='word_1_428' title='bbox 1683 4911 1842 4963; x_wconf 80' lang='grc' dir='ltr'><strong>πέντε</strong></span> 
     </span>
    </p>
   </div>
   <div class='ocr_carea' id='block_1_54' title="bbox 173 4992 1838 5070">
    <p class='ocr_par' dir='ltr' id='par_1_54' title="bbox 173 4992 1838 5070">
     <span class='ocr_line' id='line_1_54' title="bbox 173 4992 1838 5070; baseline 0 -20"><span class='ocrx_word' id='word_1_429' title='bbox 173 4992 242 5068; x_wconf 79' lang='grc' dir='ltr'><strong>ἧν</strong></span> <span class='ocrx_word' id='word_1_430' title='bbox 269 4996 427 5060; x_wconf 85' lang='grc' dir='ltr'><strong>ἐτῶν,</strong></span> <span class='ocrx_word' id='word_1_431' title='bbox 461 4997 614 5066; x_wconf 74' lang='grc' dir='ltr'><strong>φησί’</strong></span> <span class='ocrx_word' id='word_1_432' title='bbox 647 4998 766 5051; x_wconf 77' lang='grc' dir='ltr'><strong>νυνὶ</strong></span> <span class='ocrx_word' id='word_1_433' title='bbox 797 5000 875 5063; x_wconf 86' lang='grc' dir='ltr'><strong>δὲ,</strong></span> <span class='ocrx_word' id='word_1_434' title='bbox 907 5000 994 5052; x_wconf 85' lang='grc' dir='ltr'><strong>ὅτε</strong></span> <span class='ocrx_word' id='word_1_435' title='bbox 1044 4999 1212 5052; x_wconf 88' lang='grc' dir='ltr'><strong>ταῦτα</strong></span> <span class='ocrx_word' id='word_1_436' title='bbox 1252 4999 1503 5070; x_wconf 81' lang='grc' dir='ltr'><strong>ῆκουσεν,</strong></span> <span class='ocrx_word' id='word_1_437' title='bbox 1550 4998 1838 5051; x_wconf 86' lang='grc' dir='ltr'><strong>ἐκατοστοῦ</strong></span> 
     </span>
    </p>
   </div>
   <div class='ocr_carea' id='block_1_55' title="bbox 174 5081 874 5156">
    <p class='ocr_par' dir='ltr' id='par_1_55' title="bbox 174 5081 874 5156">
     <span class='ocr_line' id='line_1_55' title="bbox 174 5081 874 5156; baseline 0.004 -19"><span class='ocrx_word' id='word_1_438' title='bbox 174 5084 362 5138; x_wconf 81' lang='grc' dir='ltr'><strong>λοιπὸν</strong></span> <span class='ocrx_word' id='word_1_439' title='bbox 389 5081 458 5156; x_wconf 79' lang='grc' dir='ltr'><strong>ἦν</strong></span> <span class='ocrx_word' id='word_1_440' title='bbox 483 5085 636 5148; x_wconf 78' lang='grc' dir='ltr'><strong>ἔτους</strong></span> <span class='ocrx_word' id='word_1_441' title='bbox 659 5086 874 5148; x_wconf 90' lang='grc' dir='ltr'><strong>ἐπιϐάς.</strong></span> 
     </span>
    </p>
   </div>
   <div class='ocr_carea' id='block_1_56' title="bbox 232 5172 1840 5245">
    <p class='ocr_par' dir='ltr' id='par_1_56' title="bbox 232 5172 1840 5245">
     <span class='ocr_line' id='line_1_56' title="bbox 232 5172 1840 5245; baseline 0.001 -17"><span class='ocrx_word' id='word_1_442' title='bbox 232 5173 492 5242; x_wconf 84' lang='grc' dir='ltr'><strong>γ’.Ταῦτα</strong></span> <span class='ocrx_word' id='word_1_443' title='bbox 507 5174 816 5240; x_wconf 86' lang='grc' dir='ltr'><strong>ἀκούοντες,</strong></span> <span class='ocrx_word' id='word_1_444' title='bbox 831 5175 1122 5244; x_wconf 77' lang='grc' dir='ltr'><strong>ἀγαπητοὶ,</strong></span> <span class='ocrx_word' id='word_1_445' title='bbox 1137 5172 1516 5245; x_wconf 87' lang='grc' dir='ltr'><strong>παιδευώμεθα</strong></span> <span class='ocrx_word' id='word_1_446' title='bbox 1530 5172 1727 5243; x_wconf 81' lang='grc' dir='ltr'><strong>πολλὴν</strong></span> <span class='ocrx_word' id='word_1_447' title='bbox 1743 5172 1840 5243; x_wconf 79' lang='grc' dir='ltr'><strong>τὴν</strong></span> 
     </span>
    </p>
   </div>
   <div class='ocr_carea' id='block_1_57' title="bbox 173 5261 1838 5334">
    <p class='ocr_par' dir='ltr' id='par_1_57' title="bbox 173 5261 1838 5334">
     <span class='ocr_line' id='line_1_57' title="bbox 173 5261 1838 5334; baseline 0 -20"><span class='ocrx_word' id='word_1_448' title='bbox 173 5261 449 5332; x_wconf 81' lang='grc' dir='ltr'><strong>ὑπομονὴν</strong></span> <span class='ocrx_word' id='word_1_449' title='bbox 473 5263 891 5327; x_wconf 87' lang='grc' dir='ltr'><strong>ἐπιδείκνυσθαι,</strong></span> <span class='ocrx_word' id='word_1_450' title='bbox 915 5263 1005 5315; x_wconf 75' lang='grc' dir='ltr'><strong>καὶ</strong></span> <span class='ocrx_word' id='word_1_451' title='bbox 1030 5262 1294 5333; x_wconf 87' lang='grc' dir='ltr'><strong>μηδέποτε</strong></span> <span class='ocrx_word' id='word_1_452' title='bbox 1321 5263 1524 5321; x_wconf 83' lang='grc' dir='ltr'><strong>ἀλύειν,</strong></span> <span class='ocrx_word' id='word_1_453' title='bbox 1556 5262 1689 5334; x_wconf 85' lang='grc' dir='ltr'><strong>μηδέ</strong></span> <span class='ocrx_word' id='word_1_454' title='bbox 1710 5279 1838 5333; x_wconf 76' lang='grc' dir='ltr'><strong>ναρο</strong></span> 
     </span>
    </p>
   </div>
   <div class='ocr_carea' id='block_1_58' title="bbox 171 5351 1838 5423">
    <p class='ocr_par' dir='ltr' id='par_1_58' title="bbox 171 5351 1838 5423">
     <span class='ocr_line' id='line_1_58' title="bbox 171 5351 1838 5423; baseline 0 -20"><span class='ocrx_word' id='word_1_455' title='bbox 171 5353 274 5422; x_wconf 77' lang='grc' dir='ltr'><strong>κᾷν</strong></span> <span class='ocrx_word' id='word_1_456' title='bbox 310 5352 445 5422; x_wconf 87' lang='grc' dir='ltr'><strong>πρὸς</strong></span> <span class='ocrx_word' id='word_1_457' title='bbox 478 5352 606 5416; x_wconf 82' lang='grc' dir='ltr'><strong>τοὺς</strong></span> <span class='ocrx_word' id='word_1_458' title='bbox 632 5351 734 5422; x_wconf 87' lang='grc' dir='ltr'><strong>τῆς</strong></span> <span class='ocrx_word' id='word_1_459' title='bbox 761 5352 960 5423; x_wconf 81' lang='grc' dir='ltr'><strong>ἀρετῆς</strong></span> <span class='ocrx_word' id='word_1_460' title='bbox 990 5351 1236 5422; x_wconf 83' lang='grc' dir='ltr'><strong>ἱδρῶτας,</strong></span> <span class='ocrx_word' id='word_1_461' title='bbox 1269 5351 1383 5404; x_wconf 84' lang='grc' dir='ltr'><strong>ἀλλ’</strong></span> <span class='ocrx_word' id='word_1_462' title='bbox 1409 5351 1608 5404; x_wconf 84' lang='grc' dir='ltr'><strong>εἰδέναι</strong></span> <span class='ocrx_word' id='word_1_463' title='bbox 1635 5351 1716 5403; x_wconf 85' lang='grc' dir='ltr'><strong>ὅτι</strong></span> <span class='ocrx_word' id='word_1_464' title='bbox 1749 5367 1838 5418; x_wconf 85' lang='grc' dir='ltr'><strong>φι-</strong></span> 
     </span>
    </p>
   </div>
   <div class='ocr_carea' id='block_1_59' title="bbox 167 5437 1839 5515">
    <p class='ocr_par' dir='ltr' id='par_1_59' title="bbox 167 5437 1839 5515">
     <span class='ocr_line' id='line_1_59' title="bbox 167 5437 1839 5515; baseline 0.002 -24"><span class='ocrx_word' id='word_1_465' title='bbox 167 5437 382 5510; x_wconf 86' lang='grc' dir='ltr'><strong>λότιμος</strong></span> <span class='ocrx_word' id='word_1_466' title='bbox 398 5437 474 5492; x_wconf 83' lang='grc' dir='ltr'><strong>ῶν</strong></span> <span class='ocrx_word' id='word_1_467' title='bbox 496 5441 590 5494; x_wconf 73' lang='grc' dir='ltr'><strong>καὶ</strong></span> <span class='ocrx_word' id='word_1_468' title='bbox 613 5441 984 5512; x_wconf 82' lang='grc' dir='ltr'><strong>μεγαλόδωρος</strong></span> <span class='ocrx_word' id='word_1_469' title='bbox 1009 5443 1037 5493; x_wconf 88' lang='lat'><strong>6</strong></span> <span class='ocrx_word' id='word_1_470' title='bbox 1059 5441 1332 5510; x_wconf 86' lang='grc' dir='ltr'><strong>Δεσπότης</strong></span> <span class='ocrx_word' id='word_1_471' title='bbox 1359 5443 1387 5493; x_wconf 86' lang='lat'><strong>6</strong></span> <span class='ocrx_word' id='word_1_472' title='bbox 1409 5441 1700 5515; x_wconf 49' lang='grc' dir='ltr'><strong>ἡμέτερος,</strong></span> <span class='ocrx_word' id='word_1_473' title='bbox 1716 5441 1839 5494; x_wconf 78' lang='grc' dir='ltr'><strong>ἀντὶ</strong></span> 
     </span>
    </p>
   </div>
   <div class='ocr_carea' id='block_1_60' title="bbox 172 5530 1836 5606">
    <p class='ocr_par' dir='ltr' id='par_1_60' title="bbox 172 5530 1836 5606">
     <span class='ocr_line' id='line_1_60' title="bbox 172 5530 1836 5606; baseline -0.002 -19"><span class='ocrx_word' id='word_1_474' title='bbox 172 5532 384 5606; x_wconf 80' lang='grc' dir='ltr'><strong>μικρῶν</strong></span> <span class='ocrx_word' id='word_1_475' title='bbox 407 5533 583 5586; x_wconf 88' lang='grc' dir='ltr'><strong>πόνων</strong></span> <span class='ocrx_word' id='word_1_476' title='bbox 607 5532 846 5603; x_wconf 85' lang='grc' dir='ltr'><strong>μεγάλας</strong></span> <span class='ocrx_word' id='word_1_477' title='bbox 877 5534 1007 5603; x_wconf 83' lang='grc' dir='ltr'><strong>ἡμῖν</strong></span> <span class='ocrx_word' id='word_1_478' title='bbox 1026 5533 1317 5587; x_wconf 88' lang='grc' dir='ltr'><strong>ἀποδίδωσι</strong></span> <span class='ocrx_word' id='word_1_479' title='bbox 1342 5531 1438 5596; x_wconf 76' lang='grc' dir='ltr'><strong>τὰς</strong></span> <span class='ocrx_word' id='word_1_480' title='bbox 1461 5530 1714 5602; x_wconf 78' lang='grc' dir='ltr'><strong>ἀμοιϐάς,</strong></span> <span class='ocrx_word' id='word_1_481' title='bbox 1743 5532 1836 5584; x_wconf 73' lang='grc' dir='ltr'><strong>καὶ</strong></span> 
     </span>
    </p>
   </div>
   <div class='ocr_carea' id='block_1_61' title="bbox 167 5619 1834 5693">
    <p class='ocr_par' dir='ltr' id='par_1_61' title="bbox 167 5619 1834 5693">
     <span class='ocr_line' id='line_1_61' title="bbox 167 5619 1834 5693; baseline -0.002 -18"><span class='ocrx_word' id='word_1_482' title='bbox 167 5624 230 5677; x_wconf 82' lang='grc' dir='ltr'><strong>οὐ</strong></span> <span class='ocrx_word' id='word_1_483' title='bbox 262 5622 423 5693; x_wconf 90' lang='grc' dir='ltr'><strong>μόνον</strong></span> <span class='ocrx_word' id='word_1_484' title='bbox 455 5623 512 5674; x_wconf 88' lang='grc' dir='ltr'><strong>ἐν</strong></span> <span class='ocrx_word' id='word_1_485' title='bbox 541 5621 620 5692; x_wconf 84' lang='grc' dir='ltr'><strong>τῷ</strong></span> <span class='ocrx_word' id='word_1_486' title='bbox 661 5622 906 5693; x_wconf 86' lang='grc' dir='ltr'><strong>μέλλοντι</strong></span> <span class='ocrx_word' id='word_1_487' title='bbox 933 5621 1001 5674; x_wconf 84' lang='grc' dir='ltr'><strong>τά</strong></span> <span class='ocrx_word' id='word_1_488' title='bbox 1025 5621 1263 5676; x_wconf 90' lang='grc' dir='ltr'><strong>ἀθάνατα</strong></span> <span class='ocrx_word' id='word_1_489' title='bbox 1296 5621 1476 5691; x_wconf 78' lang='grc' dir='ltr'><strong>ἀγαθά</strong></span> <span class='ocrx_word' id='word_1_490' title='bbox 1505 5619 1834 5691; x_wconf 85' lang='grc' dir='ltr'><strong>ταμιευόμε-</strong></span> 
     </span>
    </p>
   </div>
   <div class='ocr_carea' id='block_1_62' title="bbox 167 5708 1833 5782">
    <p class='ocr_par' dir='ltr' id='par_1_62' title="bbox 167 5708 1833 5782">
     <span class='ocr_line' id='line_1_62' title="bbox 167 5708 1833 5782; baseline 0 -20"><span class='ocrx_word' id='word_1_491' title='bbox 167 5729 274 5774; x_wconf 86' lang='grc' dir='ltr'><strong>νος,</strong></span> <span class='ocrx_word' id='word_1_492' title='bbox 311 5711 447 5765; x_wconf 84' lang='grc' dir='ltr'><strong>ἀλλά</strong></span> <span class='ocrx_word' id='word_1_493' title='bbox 475 5711 569 5764; x_wconf 73' lang='grc' dir='ltr'><strong>καὶ</strong></span> <span class='ocrx_word' id='word_1_494' title='bbox 608 5710 748 5765; x_wconf 89' lang='grc' dir='ltr'><strong>κατά</strong></span> <span class='ocrx_word' id='word_1_495' title='bbox 783 5711 874 5764; x_wconf 91' lang='grc' dir='ltr'><strong>τὸν</strong></span> <span class='ocrx_word' id='word_1_496' title='bbox 909 5711 1151 5782; x_wconf 82' lang='grc' dir='ltr'><strong>παρόντα</strong></span> <span class='ocrx_word' id='word_1_497' title='bbox 1195 5710 1308 5781; x_wconf 88' lang='grc' dir='ltr'><strong>βίον</strong></span> <span class='ocrx_word' id='word_1_498' title='bbox 1343 5708 1833 5782; x_wconf 86' lang='grc' dir='ltr'><strong>παραμυθούμενος</strong></span> 
     </span>
    </p>
   </div>
   <div class='ocr_carea' id='block_1_63' title="bbox 167 5799 1828 5875">
    <p class='ocr_par' dir='ltr' id='par_1_63' title="bbox 167 5799 1828 5875">
     <span class='ocr_line' id='line_1_63' title="bbox 167 5799 1828 5875; baseline 0.001 -22"><span class='ocrx_word' id='word_1_499' title='bbox 167 5799 321 5871; x_wconf 85' lang='grc' dir='ltr'><strong>ήμῶν</strong></span> <span class='ocrx_word' id='word_1_500' title='bbox 359 5802 456 5872; x_wconf 85' lang='grc' dir='ltr'><strong>τῆς</strong></span> <span class='ocrx_word' id='word_1_501' title='bbox 505 5802 716 5871; x_wconf 72' lang='grc' dir='ltr'><strong>φύσεως</strong></span> <span class='ocrx_word' id='word_1_502' title='bbox 759 5803 856 5875; x_wconf 83' lang='grc' dir='ltr'><strong>τὴν</strong></span> <span class='ocrx_word' id='word_1_503' title='bbox 889 5802 1187 5868; x_wconf 85' lang='grc' dir='ltr'><strong>ἀσθένειαν,</strong></span> <span class='ocrx_word' id='word_1_504' title='bbox 1225 5801 1422 5864; x_wconf 74' lang='grc' dir='ltr'><strong>πολλάς</strong></span> <span class='ocrx_word' id='word_1_505' title='bbox 1472 5800 1828 5870; x_wconf 77' lang='grc' dir='ltr'><strong>φιλοτιμεῖται</strong></span> 
     </span>
    </p>
   </div>
   <div class='ocr_carea' id='block_1_64' title="bbox 163 5884 1826 5962">
    <p class='ocr_par' dir='ltr' id='par_1_64' title="bbox 163 5884 1826 5962">
     <span class='ocr_line' id='line_1_64' title="bbox 163 5884 1826 5962; baseline 0 -19"><span class='ocrx_word' id='word_1_506' title='bbox 163 5889 260 5952; x_wconf 81' lang='grc' dir='ltr'><strong>τὰς</strong></span> <span class='ocrx_word' id='word_1_507' title='bbox 292 5891 515 5961; x_wconf 77' lang='grc' dir='ltr'><strong>δωρεάς.</strong></span> <span class='ocrx_word' id='word_1_508' title='bbox 553 5892 703 5946; x_wconf 70' lang='grc' dir='ltr'><strong>Ἐπεὶ</strong></span> <span class='ocrx_word' id='word_1_509' title='bbox 739 5893 830 5945; x_wconf 75' lang='grc' dir='ltr'><strong>καὶ</strong></span> <span class='ocrx_word' id='word_1_510' title='bbox 863 5894 890 5946; x_wconf 86' lang='lat'><strong>6</strong></span> <span class='ocrx_word' id='word_1_511' title='bbox 922 5892 1264 5962; x_wconf 81' lang='grc' dir='ltr'><strong>πατριάρχης</strong></span> <span class='ocrx_word' id='word_1_512' title='bbox 1287 5884 1446 5953; x_wconf 71' lang='grc' dir='ltr'><strong>οὗτος</strong></span> <span class='ocrx_word' id='word_1_513' title='bbox 1475 5890 1573 5943; x_wconf 77' lang='grc' dir='ltr'><strong>οὐκ</strong></span> <span class='ocrx_word' id='word_1_514' title='bbox 1598 5890 1749 5959; x_wconf 73' lang='grc' dir='ltr'><strong>ὀλίγα</strong></span> <span class='ocrx_word' id='word_1_515' title='bbox 1769 5890 1826 5943; x_wconf 81' lang='grc' dir='ltr'><strong>ἐν</strong></span> 
     </span>
    </p>
   </div>
   <div class='ocr_carea' id='block_1_65' title="bbox 224 5977 1544 6044">
    <p class='ocr_par' dir='ltr' id='par_1_65' title="bbox 224 5977 1544 6044">
     <span class='ocr_line' id='line_1_65' title="bbox 224 5977 1544 6044; baseline -0.002 -15"><span class='ocrx_word' id='word_1_516' title='bbox 224 5978 254 6010; x_wconf 81' lang='grc'><strong>⁸</strong></span> <span class='ocrx_word' id='word_1_517' title='bbox 276 5977 429 6030; x_wconf 77' lang='lat' dir='ltr'><strong>Multo</strong></span> <span class='ocrx_word' id='word_1_518' title='bbox 451 5979 615 6029; x_wconf 63' lang='lat' dir='ltr'><strong>malim</strong></span> <span class='ocrx_word' id='word_1_519' title='bbox 641 5992 747 6031; x_wconf 85' lang='lat' dir='ltr'><strong>cum</strong></span> <span class='ocrx_word' id='word_1_520' title='bbox 774 5981 922 6032; x_wconf 83' lang='lat' dir='ltr'><strong>Coisl.</strong></span> <span class='ocrx_word' id='word_1_521' title='bbox 958 5981 1129 6044; x_wconf 68' lang='lat' dir='ltr'><strong>legere</strong></span> <span class='ocrx_word' id='word_1_522' title='bbox 1158 5981 1366 6042; x_wconf 77' lang='grc' dir='ltr'><strong>δέξομαι.</strong></span> <span class='ocrx_word' id='word_1_523' title='bbox 1411 5978 1544 6028; x_wconf 74' lang='lat' dir='ltr'><strong>Enn.</strong></span> 
     </span>
    </p>
   </div>
   <div class='ocr_carea' id='block_1_66' title="bbox 1312 329 2446 393">
    <p class='ocr_par' dir='ltr' id='par_1_66' title="bbox 1312 329 2446 393">
     <span class='ocr_line' id='line_1_66' title="bbox 1312 329 2446 393; baseline 0.004 -5"><span class='ocrx_word' id='word_1_524' title='bbox 1312 332 1376 388; x_wconf 79' lang='grc' dir='ltr'><strong>ΙΝ</strong></span> <span class='ocrx_word' id='word_1_525' title='bbox 1415 333 1566 390; x_wconf 72' lang='lat' dir='ltr'><strong>CAP.</strong></span> <span class='ocrx_word' id='word_1_526' title='bbox 1602 331 1742 387; x_wconf 75' lang='lat' dir='ltr'><strong>.\Vl|</strong></span> <span class='ocrx_word' id='word_1_527' title='bbox 1783 329 2026 388; x_wconf 63' lang='lat' dir='ltr'><strong>GI&#39;LNES.</strong></span> <span class='ocrx_word' id='word_1_528' title='bbox 2066 333 2298 391; x_wconf 68' lang='grc'><strong>1101111..</strong></span> <span class='ocrx_word' id='word_1_529' title='bbox 2334 338 2446 393; x_wconf 71' lang='grc' dir='ltr'><strong>ιι..</strong></span> 
     </span>
    </p>
   </div>
   <div class='ocr_carea' id='block_1_67' title="bbox 3560 352 3672 409">
    <p class='ocr_par' dir='ltr' id='par_1_67' title="bbox 3560 352 3672 409">
     <span class='ocr_line' id='line_1_67' title="bbox 3560 352 3672 409; baseline 0.027 -3"><span class='ocrx_word' id='word_1_530' title='bbox 3560 352 3672 409; x_wconf 59' lang='lat'><strong>372’.</strong></span> 
     </span>
    </p>
   </div>
   <div class='ocr_carea' id='block_1_68' title="bbox 1995 450 3664 530">
    <p class='ocr_par' dir='ltr' id='par_1_68' title="bbox 1995 450 3664 530">
     <span class='ocr_line' id='line_1_68' title="bbox 1995 450 3664 530; baseline 0.011 -27"><span class='ocrx_word' id='word_1_531' title='bbox 1995 450 2073 520; x_wconf 83' lang='grc' dir='ltr'><strong>τῷ</strong></span> <span class='ocrx_word' id='word_1_532' title='bbox 2107 453 2306 522; x_wconf 79' lang='grc' dir='ltr'><strong>μεταξὺ</strong></span> <span class='ocrx_word' id='word_1_533' title='bbox 2349 454 2524 525; x_wconf 83' lang='grc' dir='ltr'><strong>χρόνῳ</strong></span> <span class='ocrx_word' id='word_1_534' title='bbox 2565 454 2823 526; x_wconf 79' lang='grc' dir='ltr'><strong>ὑπέμεινε</strong></span> <span class='ocrx_word' id='word_1_535' title='bbox 2859 459 2928 512; x_wconf 88' lang='grc' dir='ltr'><strong>τά</strong></span> <span class='ocrx_word' id='word_1_536' title='bbox 2959 457 3198 530; x_wconf 76' lang='grc' dir='ltr'><strong>λυπηρὰ,</strong></span> <span class='ocrx_word' id='word_1_537' title='bbox 3229 465 3279 518; x_wconf 87' lang='grc' dir='ltr'><strong>εί</strong></span> <span class='ocrx_word' id='word_1_538' title='bbox 3307 463 3404 518; x_wconf 68' lang='grc' dir='ltr'><strong>καὶ</strong></span> <span class='ocrx_word' id='word_1_539' title='bbox 3433 466 3512 518; x_wconf 71' lang='grc' dir='ltr'><strong>ὅτι</strong></span> <span class='ocrx_word' id='word_1_540' title='bbox 3540 465 3664 522; x_wconf 62' lang='grc' dir='ltr'><strong>ἐκάη</strong></span> 
     </span>
    </p>
   </div>
   <div class='ocr_carea' id='block_1_69' title="bbox 1993 540 3665 623">
    <p class='ocr_par' dir='ltr' id='par_1_69' title="bbox 1993 540 3665 623">
     <span class='ocr_line' id='line_1_69' title="bbox 1993 540 3665 623; baseline 0.01 -33"><span class='ocrx_word' id='word_1_541' title='bbox 1993 553 2151 590; x_wconf 86' lang='grc' dir='ltr'><strong>στοτε</strong></span> <span class='ocrx_word' id='word_1_542' title='bbox 2176 540 2499 611; x_wconf 69' lang='grc' dir='ltr'><strong>ἀνεμίγνυντο</strong></span> <span class='ocrx_word' id='word_1_543' title='bbox 2525 545 2637 603; x_wconf 85' lang='grc' dir='ltr'><strong>τοῖς</strong></span> <span class='ocrx_word' id='word_1_544' title='bbox 2663 543 2926 615; x_wconf 82' lang='grc' dir='ltr'><strong>λυπηροῖς</strong></span> <span class='ocrx_word' id='word_1_545' title='bbox 2954 547 3047 600; x_wconf 70' lang='grc' dir='ltr'><strong>καὶ</strong></span> <span class='ocrx_word' id='word_1_546' title='bbox 3069 546 3137 600; x_wconf 87' lang='grc' dir='ltr'><strong>τά</strong></span> <span class='ocrx_word' id='word_1_547' title='bbox 3161 550 3392 619; x_wconf 85' lang='grc' dir='ltr'><strong>χρηστά.</strong></span> <span class='ocrx_word' id='word_1_548' title='bbox 3423 553 3665 623; x_wconf 78' lang='grc' dir='ltr'><strong>Κηδόμεο</strong></span> 
     </span>
    </p>
   </div>
   <div class='ocr_carea' id='block_1_70' title="bbox 1993 623 3664 698">
    <p class='ocr_par' dir='ltr' id='par_1_70' title="bbox 1993 623 3664 698">
     <span class='ocr_line' id='line_1_70' title="bbox 1993 623 3664 698; baseline 0.007 -22"><span class='ocrx_word' id='word_1_549' title='bbox 1993 640 2084 686; x_wconf 79' lang='grc' dir='ltr'><strong>νος</strong></span> <span class='ocrx_word' id='word_1_550' title='bbox 2110 623 2218 695; x_wconf 80' lang='grc' dir='ltr'><strong>γὰρ</strong></span> <span class='ocrx_word' id='word_1_551' title='bbox 2250 626 2407 696; x_wconf 79' lang='grc' dir='ltr'><strong>ἡμῶν</strong></span> <span class='ocrx_word' id='word_1_552' title='bbox 2433 631 2532 698; x_wconf 84' lang='grc' dir='ltr'><strong>τῆς</strong></span> <span class='ocrx_word' id='word_1_553' title='bbox 2556 627 2842 693; x_wconf 83' lang='grc' dir='ltr'><strong>ἀσθενείας</strong></span> <span class='ocrx_word' id='word_1_554' title='bbox 2872 631 2900 682; x_wconf 90' lang='lat'><strong>6</strong></span> <span class='ocrx_word' id='word_1_555' title='bbox 2924 631 3032 685; x_wconf 88' lang='grc' dir='ltr'><strong>τῶν</strong></span> <span class='ocrx_word' id='word_1_556' title='bbox 3057 632 3194 686; x_wconf 83' lang='grc' dir='ltr'><strong>ὅλων</strong></span> <span class='ocrx_word' id='word_1_557' title='bbox 3227 633 3381 698; x_wconf 85' lang='grc' dir='ltr'><strong>Θεὸς,</strong></span> <span class='ocrx_word' id='word_1_558' title='bbox 3412 634 3536 689; x_wconf 76' lang='grc' dir='ltr'><strong>οὐτε</strong></span> <span class='ocrx_word' id='word_1_559' title='bbox 3575 639 3664 691; x_wconf 69' lang='grc' dir='ltr'><strong>ἀεὶ</strong></span> 
     </span>
    </p>
   </div>
   <div class='ocr_carea' id='block_1_71' title="bbox 1991 710 3662 798">
    <p class='ocr_par' dir='ltr' id='par_1_71' title="bbox 1991 710 3662 798">
     <span class='ocr_line' id='line_1_71' title="bbox 1991 710 3662 798; baseline 0.01 -37"><span class='ocrx_word' id='word_1_560' title='bbox 1991 714 2102 773; x_wconf 80' lang='grc' dir='ltr'><strong>τοῖς</strong></span> <span class='ocrx_word' id='word_1_561' title='bbox 2122 710 2383 782; x_wconf 74' lang='grc' dir='ltr'><strong>λυπηροῖς</strong></span> <span class='ocrx_word' id='word_1_562' title='bbox 2406 715 2630 786; x_wconf 80' lang='grc' dir='ltr'><strong>ἀφίησιν</strong></span> <span class='ocrx_word' id='word_1_563' title='bbox 2655 718 2804 786; x_wconf 80' lang='grc' dir='ltr'><strong>ἡμᾶς</strong></span> <span class='ocrx_word' id='word_1_564' title='bbox 2824 719 3199 790; x_wconf 81' lang='grc' dir='ltr'><strong>ἐναπομένειν,</strong></span> <span class='ocrx_word' id='word_1_565' title='bbox 3229 723 3314 775; x_wconf 83' lang='grc' dir='ltr'><strong>ἵνα</strong></span> <span class='ocrx_word' id='word_1_566' title='bbox 3344 722 3419 794; x_wconf 81' lang='grc' dir='ltr'><strong>μὴ</strong></span> <span class='ocrx_word' id='word_1_567' title='bbox 3444 724 3662 798; x_wconf 74' lang='grc' dir='ltr'><strong>ἐλέγχη-</strong></span> 
     </span>
    </p>
   </div>
   <div class='ocr_carea' id='block_1_72' title="bbox 1989 799 3664 883">
    <p class='ocr_par' dir='ltr' id='par_1_72' title="bbox 1989 799 3664 883">
     <span class='ocr_line' id='line_1_72' title="bbox 1989 799 3664 883; baseline 0.01 -34"><span class='ocrx_word' id='word_1_568' title='bbox 1989 814 2079 850; x_wconf 86' lang='grc' dir='ltr'><strong>ται</strong></span> <span class='ocrx_word' id='word_1_569' title='bbox 2108 799 2135 838; x_wconf 73' lang='lat' dir='ltr'><strong>b</strong></span> <span class='ocrx_word' id='word_1_570' title='bbox 2173 801 2328 868; x_wconf 81' lang='grc' dir='ltr'><strong>ἡμῶν</strong></span> <span class='ocrx_word' id='word_1_571' title='bbox 2361 803 2392 871; x_wconf 84' lang='grc' dir='ltr'>ὴ</span> <span class='ocrx_word' id='word_1_572' title='bbox 2422 802 2692 868; x_wconf 84' lang='grc' dir='ltr'><strong>ἀσθένεια,</strong></span> <span class='ocrx_word' id='word_1_573' title='bbox 2722 803 2856 858; x_wconf 78' lang='grc' dir='ltr'><strong>ἀλλὰ</strong></span> <span class='ocrx_word' id='word_1_574' title='bbox 2879 810 3097 875; x_wconf 86' lang='grc' dir='ltr'><strong>ταχεῖαν</strong></span> <span class='ocrx_word' id='word_1_575' title='bbox 3121 809 3214 861; x_wconf 69' lang='grc' dir='ltr'><strong>καὶ</strong></span> <span class='ocrx_word' id='word_1_576' title='bbox 3244 810 3404 874; x_wconf 86' lang='grc' dir='ltr'><strong>αὐτὸς</strong></span> <span class='ocrx_word' id='word_1_577' title='bbox 3434 813 3664 883; x_wconf 80' lang='grc' dir='ltr'><strong>παρέχει</strong></span> 
     </span>
    </p>
   </div>
   <div class='ocr_carea' id='block_1_73' title="bbox 1988 887 3663 966">
    <p class='ocr_par' dir='ltr' id='par_1_73' title="bbox 1988 887 3663 966">
     <span class='ocr_line' id='line_1_73' title="bbox 1988 887 3663 966; baseline 0.01 -28"><span class='ocrx_word' id='word_1_578' title='bbox 1988 887 2088 957; x_wconf 75' lang='grc' dir='ltr'><strong>τὴν</strong></span> <span class='ocrx_word' id='word_1_579' title='bbox 2114 888 2415 958; x_wconf 82' lang='grc' dir='ltr'><strong>ἀντίληψιν,</strong></span> <span class='ocrx_word' id='word_1_580' title='bbox 2445 891 2650 961; x_wconf 77' lang='grc' dir='ltr'><strong>ρωννὺς</strong></span> <span class='ocrx_word' id='word_1_581' title='bbox 2678 892 2833 961; x_wconf 76' lang='grc' dir='ltr'><strong>ἡμῶν</strong></span> <span class='ocrx_word' id='word_1_582' title='bbox 2854 894 2952 964; x_wconf 81' lang='grc' dir='ltr'><strong>τὴν</strong></span> <span class='ocrx_word' id='word_1_583' title='bbox 2978 895 3308 966; x_wconf 85' lang='grc' dir='ltr'><strong>προθυμίαν,</strong></span> <span class='ocrx_word' id='word_1_584' title='bbox 3331 900 3424 952; x_wconf 79' lang='grc' dir='ltr'><strong>καὶ</strong></span> <span class='ocrx_word' id='word_1_585' title='bbox 3452 901 3542 952; x_wconf 80' lang='grc' dir='ltr'><strong>τὸν</strong></span> <span class='ocrx_word' id='word_1_586' title='bbox 3575 900 3663 954; x_wconf 83' lang='grc' dir='ltr'><strong>λο-</strong></span> 
     </span>
    </p>
   </div>
   <div class='ocr_carea' id='block_1_74' title="bbox 1989 973 3660 1057">
    <p class='ocr_par' dir='ltr' id='par_1_74' title="bbox 1989 973 3660 1057">
     <span class='ocr_line' id='line_1_74' title="bbox 1989 973 3660 1057; baseline 0.01 -33"><span class='ocrx_word' id='word_1_587' title='bbox 1989 973 2186 1044; x_wconf 82' lang='grc' dir='ltr'><strong>γισμὸν</strong></span> <span class='ocrx_word' id='word_1_588' title='bbox 2224 974 2524 1046; x_wconf 81' lang='grc' dir='ltr'><strong>διεγείρων·</strong></span> <span class='ocrx_word' id='word_1_589' title='bbox 2559 976 2682 1030; x_wconf 76' lang='grc' dir='ltr'><strong>οὔτε</strong></span> <span class='ocrx_word' id='word_1_590' title='bbox 2717 979 2802 1032; x_wconf 80' lang='grc' dir='ltr'><strong>ἀεὶ</strong></span> <span class='ocrx_word' id='word_1_591' title='bbox 2837 981 2895 1032; x_wconf 84' lang='grc' dir='ltr'><strong>ἐν</strong></span> <span class='ocrx_word' id='word_1_592' title='bbox 2933 982 3114 1035; x_wconf 82' lang='grc' dir='ltr'><strong>ἀνέσει</strong></span> <span class='ocrx_word' id='word_1_593' title='bbox 3142 980 3276 1036; x_wconf 76' lang='grc' dir='ltr'><strong>εἶναι</strong></span> <span class='ocrx_word' id='word_1_594' title='bbox 3310 987 3660 1057; x_wconf 62' lang='grc' dir='ltr'><strong>καταλιμπάμ-</strong></span> 
     </span>
    </p>
   </div>
   <div class='ocr_carea' id='block_1_75' title="bbox 1987 1058 3660 1140">
    <p class='ocr_par' dir='ltr' id='par_1_75' title="bbox 1987 1058 3660 1140">
     <span class='ocr_line' id='line_1_75' title="bbox 1987 1058 3660 1140; baseline 0.009 -29"><span class='ocrx_word' id='word_1_595' title='bbox 1987 1076 2088 1122; x_wconf 90' lang='grc' dir='ltr'><strong>νει,</strong></span> <span class='ocrx_word' id='word_1_596' title='bbox 2110 1058 2195 1112; x_wconf 81' lang='grc' dir='ltr'><strong>ἵνα</strong></span> <span class='ocrx_word' id='word_1_597' title='bbox 2220 1059 2293 1130; x_wconf 83' lang='grc' dir='ltr'><strong>μὴ</strong></span> <span class='ocrx_word' id='word_1_598' title='bbox 2313 1062 2672 1134; x_wconf 74' lang='grc' dir='ltr'><strong>ῥαθυμότεροι</strong></span> <span class='ocrx_word' id='word_1_599' title='bbox 2689 1066 2987 1136; x_wconf 87' lang='grc' dir='ltr'><strong>γενόμενοι,</strong></span> <span class='ocrx_word' id='word_1_600' title='bbox 3008 1067 3142 1138; x_wconf 89' lang='grc' dir='ltr'><strong>πρὸς</strong></span> <span class='ocrx_word' id='word_1_601' title='bbox 3166 1068 3260 1140; x_wconf 85' lang='grc' dir='ltr'><strong>τὴν</strong></span> <span class='ocrx_word' id='word_1_602' title='bbox 3281 1072 3477 1125; x_wconf 88' lang='grc' dir='ltr'><strong>κακίαν</strong></span> <span class='ocrx_word' id='word_1_603' title='bbox 3500 1073 3660 1126; x_wconf 72' lang='grc' dir='ltr'><strong>αὑτορ</strong></span> 
     </span>
    </p>
   </div>
   <div class='ocr_carea' id='block_1_76' title="bbox 1985 1145 3662 1231">
    <p class='ocr_par' dir='ltr' id='par_1_76' title="bbox 1985 1145 3662 1231">
     <span class='ocr_line' id='line_1_76' title="bbox 1985 1145 3662 1231; baseline 0.01 -35"><span class='ocrx_word' id='word_1_604' title='bbox 1985 1145 2334 1216; x_wconf 81' lang='grc' dir='ltr'><strong>μολήσωμεν.</strong></span> <span class='ocrx_word' id='word_1_605' title='bbox 2373 1149 2438 1200; x_wconf 85' lang='grc' dir='ltr'><em>Ἢ</em></span> <span class='ocrx_word' id='word_1_606' title='bbox 2466 1148 2574 1218; x_wconf 79' lang='grc' dir='ltr'><strong>γάρ</strong></span> <span class='ocrx_word' id='word_1_607' title='bbox 2598 1151 2760 1219; x_wconf 69' lang='grc' dir='ltr'><strong>φύσις</strong></span> <span class='ocrx_word' id='word_1_608' title='bbox 2787 1153 2820 1222; x_wconf 83' lang='grc' dir='ltr'><strong>ή</strong></span> <span class='ocrx_word' id='word_1_609' title='bbox 2852 1153 3186 1224; x_wconf 88' lang='grc' dir='ltr'><strong>ἀνθρωπεία,</strong></span> <span class='ocrx_word' id='word_1_610' title='bbox 3218 1157 3434 1210; x_wconf 79' lang='grc' dir='ltr'><strong>ἐπειδάν</strong></span> <span class='ocrx_word' id='word_1_611' title='bbox 3460 1159 3662 1231; x_wconf 81' lang='grc' dir='ltr'><strong>πολλῆς</strong></span> 
     </span>
    </p>
   </div>
   <div class='ocr_carea' id='block_1_77' title="bbox 1987 1233 3664 1313">
    <p class='ocr_par' dir='ltr' id='par_1_77' title="bbox 1987 1233 3664 1313">
     <span class='ocr_line' id='line_1_77' title="bbox 1987 1233 3664 1313; baseline 0.01 -28"><span class='ocrx_word' id='word_1_612' title='bbox 1987 1233 2220 1295; x_wconf 87' lang='grc' dir='ltr'><strong>ἀνέσεως</strong></span> <span class='ocrx_word' id='word_1_613' title='bbox 2266 1234 2614 1306; x_wconf 84' lang='grc' dir='ltr'><strong>ἐπιλάϐηται,</strong></span> <span class='ocrx_word' id='word_1_614' title='bbox 2647 1237 3056 1293; x_wconf 81' lang='grc' dir='ltr'><strong>ἐπιλανθάνεται</strong></span> <span class='ocrx_word' id='word_1_615' title='bbox 3102 1245 3200 1313; x_wconf 82' lang='grc' dir='ltr'><strong>τῆς</strong></span> <span class='ocrx_word' id='word_1_616' title='bbox 3233 1245 3533 1312; x_wconf 84' lang='grc' dir='ltr'><strong>εὐγενείας,</strong></span> <span class='ocrx_word' id='word_1_617' title='bbox 3565 1251 3664 1302; x_wconf 61' lang='grc' dir='ltr'><strong>καὶ</strong></span> 
     </span>
    </p>
   </div>
   <div class='ocr_carea' id='block_1_78' title="bbox 1984 1320 3662 1406">
    <p class='ocr_par' dir='ltr' id='par_1_78' title="bbox 1984 1320 3662 1406">
     <span class='ocr_line' id='line_1_78' title="bbox 1984 1320 3662 1406; baseline 0.009 -35"><span class='ocrx_word' id='word_1_618' title='bbox 1984 1320 2320 1406; x_wconf 81' lang='grc' dir='ltr'><strong>οὐχίσταται</strong></span> <span class='ocrx_word' id='word_1_619' title='bbox 2345 1323 2436 1374; x_wconf 82' lang='grc' dir='ltr'><strong>ἐπὶ</strong></span> <span class='ocrx_word' id='word_1_620' title='bbox 2469 1320 2577 1374; x_wconf 87' lang='grc' dir='ltr'><strong>τῶν</strong></span> <span class='ocrx_word' id='word_1_621' title='bbox 2609 1324 2822 1378; x_wconf 88' lang='grc' dir='ltr'><strong>οίκείων</strong></span> <span class='ocrx_word' id='word_1_622' title='bbox 2845 1327 3003 1396; x_wconf 79' lang='grc' dir='ltr'><strong>ὅρων·</strong></span> <span class='ocrx_word' id='word_1_623' title='bbox 3042 1327 3110 1381; x_wconf 85' lang='grc' dir='ltr'><strong>δι’</strong></span> <span class='ocrx_word' id='word_1_624' title='bbox 3135 1328 3163 1380; x_wconf 82' lang='grc' dir='ltr'><strong>ὃ</strong></span> <span class='ocrx_word' id='word_1_625' title='bbox 3190 1330 3441 1402; x_wconf 88' lang='grc' dir='ltr'><strong>καθάπερ</strong></span> <span class='ocrx_word' id='word_1_626' title='bbox 3474 1336 3662 1406; x_wconf 76' lang='grc' dir='ltr'><strong>πατὴρ</strong></span> 
     </span>
    </p>
   </div>
   <div class='ocr_carea' id='block_1_79' title="bbox 1986 1405 3656 1490">
    <p class='ocr_par' dir='ltr' id='par_1_79' title="bbox 1986 1405 3656 1490">
     <span class='ocr_line' id='line_1_79' title="bbox 1986 1405 3656 1490; baseline 0.01 -34"><span class='ocrx_word' id='word_1_627' title='bbox 1986 1405 2353 1476; x_wconf 84' lang='grc' dir='ltr'><strong>φιλόστοργος,</strong></span> <span class='ocrx_word' id='word_1_628' title='bbox 2379 1407 2506 1461; x_wconf 86' lang='grc' dir='ltr'><strong>ποτὲ</strong></span> <span class='ocrx_word' id='word_1_629' title='bbox 2545 1411 2642 1478; x_wconf 80' lang='grc' dir='ltr'><strong>μὲν</strong></span> <span class='ocrx_word' id='word_1_630' title='bbox 2667 1413 2811 1480; x_wconf 83' lang='grc' dir='ltr'><strong>ἡμᾶς</strong></span> <span class='ocrx_word' id='word_1_631' title='bbox 2832 1412 3035 1484; x_wconf 83' lang='grc' dir='ltr'><strong>ἀνίησι,</strong></span> <span class='ocrx_word' id='word_1_632' title='bbox 3067 1415 3194 1467; x_wconf 86' lang='grc' dir='ltr'><strong>ποτέ</strong></span> <span class='ocrx_word' id='word_1_633' title='bbox 3225 1416 3281 1468; x_wconf 83' lang='grc' dir='ltr'><strong>δέ</strong></span> <span class='ocrx_word' id='word_1_634' title='bbox 3311 1405 3656 1490; x_wconf 69' lang='grc' dir='ltr'><strong>σωφρονίζει,</strong></span> 
     </span>
    </p>
   </div>
   <div class='ocr_carea' id='block_1_80' title="bbox 1986 1492 3659 1570">
    <p class='ocr_par' dir='ltr' id='par_1_80' title="bbox 1986 1492 3659 1570">
     <span class='ocr_line' id='line_1_80' title="bbox 1986 1492 3659 1570; baseline 0.01 -27"><span class='ocrx_word' id='word_1_635' title='bbox 1986 1492 2050 1544; x_wconf 79' lang='grc' dir='ltr'><strong>ἵν’</strong></span> <span class='ocrx_word' id='word_1_636' title='bbox 2071 1493 2241 1556; x_wconf 75' lang='grc' dir='ltr'><strong>οὕτως</strong></span> <span class='ocrx_word' id='word_1_637' title='bbox 2269 1493 2427 1563; x_wconf 79' lang='grc' dir='ltr'><strong>ἡμῶν</strong></span> <span class='ocrx_word' id='word_1_638' title='bbox 2455 1496 2750 1568; x_wconf 81' lang='grc' dir='ltr'><strong>μεθοδεύσῃ</strong></span> <span class='ocrx_word' id='word_1_639' title='bbox 2781 1497 2880 1568; x_wconf 84' lang='grc' dir='ltr'><strong>τῆς</strong></span> <span class='ocrx_word' id='word_1_640' title='bbox 2903 1497 3080 1569; x_wconf 80' lang='grc' dir='ltr'><strong>ψυχῆς</strong></span> <span class='ocrx_word' id='word_1_641' title='bbox 3110 1501 3207 1570; x_wconf 75' lang='grc' dir='ltr'><strong>τὴν</strong></span> <span class='ocrx_word' id='word_1_642' title='bbox 3237 1502 3467 1569; x_wconf 85' lang='grc' dir='ltr'><strong>ὑγίειαν.</strong></span> <span class='ocrx_word' id='word_1_643' title='bbox 3506 1506 3659 1560; x_wconf 75' lang='grc' dir='ltr'><strong>Ἐπεὶ</strong></span> 
     </span>
    </p>
   </div>
   <div class='ocr_carea' id='block_1_81' title="bbox 1982 1581 3658 1661">
    <p class='ocr_par' dir='ltr' id='par_1_81' title="bbox 1982 1581 3658 1661">
     <span class='ocr_line' id='line_1_81' title="bbox 1982 1581 3658 1661; baseline 0.01 -29"><span class='ocrx_word' id='word_1_644' title='bbox 1982 1581 2076 1633; x_wconf 71' lang='grc' dir='ltr'><strong>καὶ</strong></span> <span class='ocrx_word' id='word_1_645' title='bbox 2108 1581 2308 1651; x_wconf 80' lang='grc' dir='ltr'><strong>ἰατρὸς,</strong></span> <span class='ocrx_word' id='word_1_646' title='bbox 2351 1583 2570 1635; x_wconf 76' lang='grc' dir='ltr'><strong>ἐπειδὰν</strong></span> <span class='ocrx_word' id='word_1_647' title='bbox 2593 1585 2871 1655; x_wconf 66' lang='grc' dir='ltr'><strong>ἄρρωστον</strong></span> <span class='ocrx_word' id='word_1_648' title='bbox 2896 1584 3191 1661; x_wconf 85' lang='grc' dir='ltr'><strong>θεραπεύῃ.</strong></span> <span class='ocrx_word' id='word_1_649' title='bbox 3223 1589 3347 1643; x_wconf 81' lang='grc' dir='ltr'><strong>οὔτε</strong></span> <span class='ocrx_word' id='word_1_650' title='bbox 3376 1592 3462 1644; x_wconf 77' lang='grc' dir='ltr'><strong>ἀεὶ</strong></span> <span class='ocrx_word' id='word_1_651' title='bbox 3491 1610 3658 1648; x_wconf 88' lang='grc' dir='ltr'><strong>κατα-</strong></span> 
     </span>
    </p>
   </div>
   <div class='ocr_carea' id='block_1_82' title="bbox 1980 1667 3656 1752">
    <p class='ocr_par' dir='ltr' id='par_1_82' title="bbox 1980 1667 3656 1752">
     <span class='ocr_line' id='line_1_82' title="bbox 1980 1667 3656 1752; baseline 0.008 -33"><span class='ocrx_word' id='word_1_652' title='bbox 1980 1667 2142 1720; x_wconf 89' lang='grc' dir='ltr'><strong>τείνει</strong></span> <span class='ocrx_word' id='word_1_653' title='bbox 2167 1671 2230 1738; x_wconf 77' lang='grc' dir='ltr'><strong>τῇ</strong></span> <span class='ocrx_word' id='word_1_654' title='bbox 2253 1668 2454 1742; x_wconf 80' lang='grc' dir='ltr'><strong>ἀσιτίᾳ,</strong></span> <span class='ocrx_word' id='word_1_655' title='bbox 2479 1669 2600 1723; x_wconf 73' lang='grc' dir='ltr'><strong>οὔτε</strong></span> <span class='ocrx_word' id='word_1_656' title='bbox 2625 1672 2710 1723; x_wconf 76' lang='grc' dir='ltr'><strong>ἀεὶ</strong></span> <span class='ocrx_word' id='word_1_657' title='bbox 2745 1671 2914 1736; x_wconf 85' lang='grc' dir='ltr'><strong>ἀδεῶς</strong></span> <span class='ocrx_word' id='word_1_658' title='bbox 2937 1672 3226 1727; x_wconf 80' lang='grc' dir='ltr'><strong>ἀπολαύειν</strong></span> <span class='ocrx_word' id='word_1_659' title='bbox 3253 1678 3534 1750; x_wconf 79' lang='grc' dir='ltr'><strong>ἐπιτρέπει</strong></span> <span class='ocrx_word' id='word_1_660' title='bbox 3559 1685 3656 1752; x_wconf 82' lang='grc' dir='ltr'><strong>τῆς</strong></span> 
     </span>
    </p>
   </div>
   <div class='ocr_carea' id='block_1_83' title="bbox 1979 1755 3655 1842">
    <p class='ocr_par' dir='ltr' id='par_1_83' title="bbox 1979 1755 3655 1842">
     <span class='ocr_line' id='line_1_83' title="bbox 1979 1755 3655 1842; baseline 0.009 -35"><span class='ocrx_word' id='word_1_661' title='bbox 1979 1755 2280 1825; x_wconf 74' lang='grc' dir='ltr'><strong>τραπέζης,</strong></span> <span class='ocrx_word' id='word_1_662' title='bbox 2323 1756 2408 1810; x_wconf 82' lang='grc' dir='ltr'><strong>ἵνα</strong></span> <span class='ocrx_word' id='word_1_663' title='bbox 2442 1757 2514 1828; x_wconf 82' lang='grc' dir='ltr'><strong>μὴ</strong></span> <span class='ocrx_word' id='word_1_664' title='bbox 2547 1761 2577 1827; x_wconf 81' lang='grc' dir='ltr'>ἡ</span> <span class='ocrx_word' id='word_1_665' title='bbox 2608 1759 2912 1828; x_wconf 66' lang='grc' dir='ltr'><strong>άδδηφαγία</strong></span> <span class='ocrx_word' id='word_1_666' title='bbox 2941 1761 3170 1832; x_wconf 85' lang='grc' dir='ltr'><strong>πυρετὸν</strong></span> <span class='ocrx_word' id='word_1_667' title='bbox 3190 1764 3419 1819; x_wconf 80' lang='grc' dir='ltr'><strong>τεκοῦσα</strong></span> <span class='ocrx_word' id='word_1_668' title='bbox 3440 1767 3655 1842; x_wconf 86' lang='grc' dir='ltr'><strong>ἐκτείνῃ</strong></span> 
     </span>
    </p>
   </div>
   <div class='ocr_carea' id='block_1_84' title="bbox 1979 1844 3653 1919">
    <p class='ocr_par' dir='ltr' id='par_1_84' title="bbox 1979 1844 3653 1919">
     <span class='ocr_line' id='line_1_84' title="bbox 1979 1844 3653 1919; baseline 0.008 -23"><span class='ocrx_word' id='word_1_669' title='bbox 1979 1844 2075 1915; x_wconf 78' lang='grc' dir='ltr'><strong>τὴν</strong></span> <span class='ocrx_word' id='word_1_670' title='bbox 2105 1845 2439 1915; x_wconf 79' lang='grc' dir='ltr'><strong>ἀρρωστίαν,</strong></span> <span class='ocrx_word' id='word_1_671' title='bbox 2472 1845 2607 1914; x_wconf 87' lang='grc' dir='ltr'><strong>μηδὲ</strong></span> <span class='ocrx_word' id='word_1_672' title='bbox 2640 1850 2705 1916; x_wconf 83' lang='grc' dir='ltr'><strong>τῇ</strong></span> <span class='ocrx_word' id='word_1_673' title='bbox 2736 1848 2922 1919; x_wconf 66' lang='grc' dir='ltr'><strong>ἀσιτία</strong></span> <span class='ocrx_word' id='word_1_674' title='bbox 2953 1850 3040 1902; x_wconf 81' lang='grc' dir='ltr'><strong>ἀεὶ</strong></span> <span class='ocrx_word' id='word_1_675' title='bbox 3070 1851 3401 1906; x_wconf 82' lang='grc' dir='ltr'><strong>κατατείνων</strong></span> <span class='ocrx_word' id='word_1_676' title='bbox 3427 1855 3653 1909; x_wconf 79' lang='grc' dir='ltr'><strong>ἀσθενέ-</strong></span> 
     </span>
    </p>
   </div>
   <div class='ocr_carea' id='block_1_85' title="bbox 1981 1931 3652 2011">
    <p class='ocr_par' dir='ltr' id='par_1_85' title="bbox 1981 1931 3652 2011">
     <span class='ocr_line' id='line_1_85' title="bbox 1981 1931 3652 2011; baseline 0.008 -29"><span class='ocrx_word' id='word_1_677' title='bbox 1981 1946 2070 1983; x_wconf 87' lang='grc' dir='ltr'><strong>στε</strong></span> <span class='ocrx_word' id='word_1_678' title='bbox 2077 1946 2169 2000; x_wconf 83' lang='grc' dir='ltr'><strong>ρον</strong></span> <span class='ocrx_word' id='word_1_679' title='bbox 2184 1931 2501 2001; x_wconf 87' lang='grc' dir='ltr'><strong>ἐργάσηται·</strong></span> <span class='ocrx_word' id='word_1_680' title='bbox 2525 1931 2659 1985; x_wconf 86' lang='grc' dir='ltr'><strong>ἀλλὰ</strong></span> <span class='ocrx_word' id='word_1_681' title='bbox 2677 1934 3213 2005; x_wconf 81' lang='grc' dir='ltr'><strong>καταστοχαζόμενος</strong></span> <span class='ocrx_word' id='word_1_682' title='bbox 3230 1937 3331 2007; x_wconf 87' lang='grc' dir='ltr'><strong>τῆς</strong></span> <span class='ocrx_word' id='word_1_683' title='bbox 3349 1939 3652 2011; x_wconf 84' lang='grc' dir='ltr'><strong>δυνάμεως,</strong></span> 
     </span>
    </p>
   </div>
   <div class='ocr_carea' id='block_1_86' title="bbox 1980 2017 3654 2098">
    <p class='ocr_par' dir='ltr' id='par_1_86' title="bbox 1980 2017 3654 2098">
     <span class='ocr_line' id='line_1_86' title="bbox 1980 2017 3654 2098; baseline 0.008 -28"><span class='ocrx_word' id='word_1_684' title='bbox 1980 2017 2072 2070; x_wconf 75' lang='grc' dir='ltr'><strong>καὶ</strong></span> <span class='ocrx_word' id='word_1_685' title='bbox 2096 2017 2372 2088; x_wconf 77' lang='grc' dir='ltr'><strong>ἐπιμελῶς</strong></span> <span class='ocrx_word' id='word_1_686' title='bbox 2405 2023 2470 2089; x_wconf 85' lang='grc' dir='ltr'><strong>τῇ</strong></span> <span class='ocrx_word' id='word_1_687' title='bbox 2501 2020 2665 2090; x_wconf 82' lang='grc' dir='ltr'><strong>τέχνῃ</strong></span> <span class='ocrx_word' id='word_1_688' title='bbox 2711 2023 3072 2092; x_wconf 84' lang='grc' dir='ltr'><strong>κεχρημένος,</strong></span> <span class='ocrx_word' id='word_1_689' title='bbox 3097 2023 3238 2077; x_wconf 75' lang='grc' dir='ltr'><strong>οὕτω</strong></span> <span class='ocrx_word' id='word_1_690' title='bbox 3269 2026 3336 2078; x_wconf 87' lang='grc' dir='ltr'><strong>τὰ</strong></span> <span class='ocrx_word' id='word_1_691' title='bbox 3366 2030 3495 2098; x_wconf 85' lang='grc' dir='ltr'><strong>παρ’</strong></span> <span class='ocrx_word' id='word_1_692' title='bbox 3527 2031 3654 2084; x_wconf 83' lang='grc' dir='ltr'><strong>ἐαυ-</strong></span> 
     </span>
    </p>
   </div>
   <div class='ocr_carea' id='block_1_87' title="bbox 1977 2104 3653 2188">
    <p class='ocr_par' dir='ltr' id='par_1_87' title="bbox 1977 2104 3653 2188">
     <span class='ocr_line' id='line_1_87' title="bbox 1977 2104 3653 2188; baseline 0.009 -32"><span class='ocrx_word' id='word_1_693' title='bbox 1977 2104 2070 2157; x_wconf 87' lang='grc' dir='ltr'><strong>τοῦ</strong></span> <span class='ocrx_word' id='word_1_694' title='bbox 2093 2107 2516 2175; x_wconf 87' lang='grc' dir='ltr'><strong>παρατάττεται⁶</strong></span> <span class='ocrx_word' id='word_1_695' title='bbox 2548 2109 2639 2162; x_wconf 85' lang='grc' dir='ltr'><strong>τὸν</strong></span> <span class='ocrx_word' id='word_1_696' title='bbox 2670 2110 2833 2162; x_wconf 88' lang='grc' dir='ltr'><strong>αὐτὸν</strong></span> <span class='ocrx_word' id='word_1_697' title='bbox 2851 2110 2916 2176; x_wconf 80' lang='grc' dir='ltr'><strong>δὴ</strong></span> <span class='ocrx_word' id='word_1_698' title='bbox 2945 2112 3142 2182; x_wconf 83' lang='grc' dir='ltr'><strong>τρόπον</strong></span> <span class='ocrx_word' id='word_1_699' title='bbox 3176 2112 3270 2166; x_wconf 71' lang='grc' dir='ltr'><strong>καὶ</strong></span> <span class='ocrx_word' id='word_1_700' title='bbox 3298 2116 3326 2168; x_wconf 89' lang='lat'><strong>6</strong></span> <span class='ocrx_word' id='word_1_701' title='bbox 3351 2115 3653 2188; x_wconf 79' lang='grc' dir='ltr'><strong>φιλάνθρω-</strong></span> 
     </span>
    </p>
   </div>
   <div class='ocr_carea' id='block_1_88' title="bbox 1977 2196 3652 2276">
    <p class='ocr_par' dir='ltr' id='par_1_88' title="bbox 1977 2196 3652 2276">
     <span class='ocr_line' id='line_1_88' title="bbox 1977 2196 3652 2276; baseline 0.008 -30"><span class='ocrx_word' id='word_1_702' title='bbox 1977 2212 2077 2258; x_wconf 86' lang='grc' dir='ltr'><strong>πος</strong></span> <span class='ocrx_word' id='word_1_703' title='bbox 2128 2196 2259 2259; x_wconf 83' lang='grc' dir='ltr'><strong>Θεὸς</strong></span> <span class='ocrx_word' id='word_1_704' title='bbox 2309 2196 2468 2260; x_wconf 78' lang='grc' dir='ltr'><strong>εἰδὼς</strong></span> <span class='ocrx_word' id='word_1_705' title='bbox 2499 2197 2560 2250; x_wconf 88' lang='grc' dir='ltr'><strong>τὸ</strong></span> <span class='ocrx_word' id='word_1_706' title='bbox 2595 2197 2810 2268; x_wconf 79' lang='grc' dir='ltr'><strong>ἑκάστῳ</strong></span> <span class='ocrx_word' id='word_1_707' title='bbox 2853 2199 3010 2270; x_wconf 77' lang='grc' dir='ltr'><strong>ἡμῶν</strong></span> <span class='ocrx_word' id='word_1_708' title='bbox 3050 2202 3349 2272; x_wconf 85' lang='grc' dir='ltr'><strong>συμφέρον,</strong></span> <span class='ocrx_word' id='word_1_709' title='bbox 3381 2205 3510 2259; x_wconf 72' lang='grc' dir='ltr'><strong>ποτὶ</strong></span> <span class='ocrx_word' id='word_1_710' title='bbox 3554 2207 3652 2276; x_wconf 80' lang='grc' dir='ltr'><strong>μὲν</strong></span> 
     </span>
    </p>
   </div>
   <div class='ocr_carea' id='block_1_89' title="bbox 1974 2283 3651 2365">
    <p class='ocr_par' dir='ltr' id='par_1_89' title="bbox 1974 2283 3651 2365">
     <span class='ocr_line' id='line_1_89' title="bbox 1974 2283 3651 2365; baseline 0.008 -30"><span class='ocrx_word' id='word_1_711' title='bbox 1974 2283 2210 2346; x_wconf 88' lang='grc' dir='ltr'><strong>ἀνέσεως</strong></span> <span class='ocrx_word' id='word_1_712' title='bbox 2234 2285 2382 2354; x_wconf 81' lang='grc' dir='ltr'><strong>ἡμᾶς</strong></span> <span class='ocrx_word' id='word_1_713' title='bbox 2411 2285 2703 2338; x_wconf 85' lang='grc' dir='ltr'><strong>ἀπολαύειν</strong></span> <span class='ocrx_word' id='word_1_714' title='bbox 2736 2291 3034 2359; x_wconf 86' lang='grc' dir='ltr'><strong>συγχωρεῖ,</strong></span> <span class='ocrx_word' id='word_1_715' title='bbox 3068 2291 3198 2342; x_wconf 85' lang='grc' dir='ltr'><strong>ποτὲ</strong></span> <span class='ocrx_word' id='word_1_716' title='bbox 3229 2290 3284 2344; x_wconf 80' lang='grc' dir='ltr'><strong>δέ</strong></span> <span class='ocrx_word' id='word_1_717' title='bbox 3325 2293 3419 2345; x_wconf 75' lang='grc' dir='ltr'><strong>καὶ</strong></span> <span class='ocrx_word' id='word_1_718' title='bbox 3444 2311 3651 2365; x_wconf 87' lang='grc' dir='ltr'><strong>γυμνα-</strong></span> 
     </span>
    </p>
   </div>
   <div class='ocr_carea' id='block_1_90' title="bbox 1975 2371 3652 2454">
    <p class='ocr_par' dir='ltr' id='par_1_90' title="bbox 1975 2371 3652 2454">
     <span class='ocr_line' id='line_1_90' title="bbox 1975 2371 3652 2454; baseline 0.008 -32"><span class='ocrx_word' id='word_1_719' title='bbox 1975 2371 2095 2434; x_wconf 82' lang='grc' dir='ltr'><strong>σίας</strong></span> <span class='ocrx_word' id='word_1_720' title='bbox 2120 2372 2304 2425; x_wconf 75' lang='grc' dir='ltr'><strong>ἐνεκεν</strong></span> <span class='ocrx_word' id='word_1_721' title='bbox 2327 2376 2630 2444; x_wconf 81' lang='grc' dir='ltr'><strong>περασμοῖς</strong></span> <span class='ocrx_word' id='word_1_722' title='bbox 2652 2375 2985 2444; x_wconf 87' lang='grc' dir='ltr'><strong>περιϐάλλει.</strong></span> <span class='ocrx_word' id='word_1_723' title='bbox 3010 2377 3132 2431; x_wconf 80' lang='grc' dir='ltr'><strong>Εἴτε</strong></span> <span class='ocrx_word' id='word_1_724' title='bbox 3156 2378 3308 2452; x_wconf 68' lang='grc'><strong>[408]</strong></span> <span class='ocrx_word' id='word_1_725' title='bbox 3330 2380 3438 2454; x_wconf 87' lang='grc' dir='ltr'><strong>γὰρ</strong></span> <span class='ocrx_word' id='word_1_726' title='bbox 3461 2383 3652 2454; x_wconf 74' lang='grc' dir='ltr'><strong>ἐνάρεο</strong></span> 
     </span>
    </p>
   </div>
   <div class='ocr_carea' id='block_1_91' title="bbox 1973 2457 3648 2544">
    <p class='ocr_par' dir='ltr' id='par_1_91' title="bbox 1973 2457 3648 2544">
     <span class='ocr_line' id='line_1_91' title="bbox 1973 2457 3648 2544; baseline 0.009 -33"><span class='ocrx_word' id='word_1_727' title='bbox 1973 2460 2053 2512; x_wconf 84' lang='grc' dir='ltr'><strong>τοί</strong></span> <span class='ocrx_word' id='word_1_728' title='bbox 2079 2477 2222 2519; x_wconf 80' lang='grc' dir='ltr'><strong>τινες</strong></span> <span class='ocrx_word' id='word_1_729' title='bbox 2248 2457 2376 2526; x_wconf 76' lang='grc' dir='ltr'><strong>εἷεν,</strong></span> <span class='ocrx_word' id='word_1_730' title='bbox 2396 2463 2482 2516; x_wconf 83' lang='grc' dir='ltr'><strong>διὰ</strong></span> <span class='ocrx_word' id='word_1_731' title='bbox 2506 2464 2603 2532; x_wconf 89' lang='grc' dir='ltr'><strong>τῆς</strong></span> <span class='ocrx_word' id='word_1_732' title='bbox 2622 2463 2731 2516; x_wconf 90' lang='grc' dir='ltr'><strong>τῶν</strong></span> <span class='ocrx_word' id='word_1_733' title='bbox 2753 2467 3075 2537; x_wconf 85' lang='grc' dir='ltr'><strong>πειρασμῶν</strong></span> <span class='ocrx_word' id='word_1_734' title='bbox 3094 2470 3386 2541; x_wconf 80' lang='grc' dir='ltr'><strong>ἐπαγωγῆς</strong></span> <span class='ocrx_word' id='word_1_735' title='bbox 3404 2472 3648 2544; x_wconf 79' lang='grc' dir='ltr'><strong>λαμπρό-</strong></span> 
     </span>
    </p>
   </div>
   <div class='ocr_carea' id='block_1_92' title="bbox 1972 2548 3648 2628">
    <p class='ocr_par' dir='ltr' id='par_1_92' title="bbox 1972 2548 3648 2628">
     <span class='ocr_line' id='line_1_92' title="bbox 1972 2548 3648 2628; baseline 0.011 -30"><span class='ocrx_word' id='word_1_736' title='bbox 1972 2564 2118 2618; x_wconf 88' lang='grc' dir='ltr'><strong>τεροι</strong></span> <span class='ocrx_word' id='word_1_737' title='bbox 2161 2548 2519 2618; x_wconf 88' lang='grc' dir='ltr'><strong>δεικνύμενοι,</strong></span> <span class='ocrx_word' id='word_1_738' title='bbox 2559 2550 2780 2604; x_wconf 86' lang='grc' dir='ltr'><strong>πλείονα</strong></span> <span class='ocrx_word' id='word_1_739' title='bbox 2822 2554 2922 2622; x_wconf 81' lang='grc' dir='ltr'><strong>τὴν</strong></span> <span class='ocrx_word' id='word_1_740' title='bbox 2959 2554 3164 2608; x_wconf 79' lang='grc' dir='ltr'><strong>ἀνωθεν</strong></span> <span class='ocrx_word' id='word_1_741' title='bbox 3197 2558 3485 2628; x_wconf 88' lang='grc' dir='ltr'><strong>εὐμένειαν</strong></span> <span class='ocrx_word' id='word_1_742' title='bbox 3525 2564 3648 2616; x_wconf 87' lang='grc' dir='ltr'><strong>ἐπι-</strong></span> 
     </span>
    </p>
   </div>
   <div class='ocr_carea' id='block_1_93' title="bbox 1974 2633 3650 2720">
    <p class='ocr_par' dir='ltr' id='par_1_93' title="bbox 1974 2633 3650 2720">
     <span class='ocr_line' id='line_1_93' title="bbox 1974 2633 3650 2720; baseline 0.011 -35"><span class='ocrx_word' id='word_1_743' title='bbox 1974 2633 2291 2687; x_wconf 78' lang='grc' dir='ltr'><strong>σπάσονται·</strong></span> <span class='ocrx_word' id='word_1_744' title='bbox 2319 2637 2427 2687; x_wconf 77' lang='grc' dir='ltr'><strong>εἴτε</strong></span> <span class='ocrx_word' id='word_1_745' title='bbox 2453 2635 2574 2689; x_wconf 79' lang='grc' dir='ltr'><strong>καθ’</strong></span> <span class='ocrx_word' id='word_1_746' title='bbox 2602 2639 2746 2707; x_wconf 73' lang='grc' dir='ltr'><strong>ἡμᾶς</strong></span> <span class='ocrx_word' id='word_1_747' title='bbox 2774 2639 3084 2710; x_wconf 75' lang='grc' dir='ltr'><strong>ἁμαρτωλοὶ</strong></span> <span class='ocrx_word' id='word_1_748' title='bbox 3109 2645 3449 2713; x_wconf 88' lang='grc' dir='ltr'><strong>τυγχάνοιεν,</strong></span> <span class='ocrx_word' id='word_1_749' title='bbox 3487 2650 3650 2720; x_wconf 82' lang='grc' dir='ltr'><strong>εὐχα-</strong></span> 
     </span>
    </p>
   </div>
   <div class='ocr_carea' id='block_1_94' title="bbox 1973 2719 3645 2804">
    <p class='ocr_par' dir='ltr' id='par_1_94' title="bbox 1973 2719 3645 2804">
     <span class='ocr_line' id='line_1_94' title="bbox 1973 2719 3645 2804; baseline 0.023 -16"><span class='ocrx_word' id='word_1_750' title='bbox 1973 2719 2170 2788; x_wconf 76' lang='grc' dir='ltr'><strong>ρίστως</strong></span> <span class='ocrx_word' id='word_1_751' title='bbox 2194 2719 2468 2789; x_wconf 81' lang='grc' dir='ltr'><strong>δεχόμενοι</strong></span> <span class='ocrx_word' id='word_1_752' title='bbox 2490 2720 2595 2773; x_wconf 89' lang='grc' dir='ltr'><strong>τῶν</strong></span> <span class='ocrx_word' id='word_1_753' title='bbox 2617 2724 2937 2793; x_wconf 73' lang='grc' dir='ltr'><strong>πειρασμῶν</strong></span> <span class='ocrx_word' id='word_1_754' title='bbox 2956 2724 3056 2794; x_wconf 70' lang='grc' dir='ltr'><strong>τὴν</strong></span> <span class='ocrx_word' id='word_1_755' title='bbox 3079 2725 3393 2799; x_wconf 61' lang='grc' dir='ltr'><strong>ἐπαγωγὴν’</strong></span> <span class='ocrx_word' id='word_1_756' title='bbox 3418 2731 3480 2783; x_wconf 62' lang='grc' dir='ltr'><strong>τὸ</strong></span> <span class='ocrx_word' id='word_1_757' title='bbox 3507 2719 3645 2804; x_wconf 56' lang='grc' dir='ltr'>βαρὺ</span> 
     </span>
    </p>
   </div>
   <div class='ocr_carea' id='block_1_95' title="bbox 1970 2804 3648 2888">
    <p class='ocr_par' dir='ltr' id='par_1_95' title="bbox 1970 2804 3648 2888">
     <span class='ocr_line' id='line_1_95' title="bbox 1970 2804 3648 2888; baseline 0.01 -34"><span class='ocrx_word' id='word_1_758' title='bbox 1970 2804 2078 2855; x_wconf 83' lang='grc' dir='ltr'><strong>τῶν</strong></span> <span class='ocrx_word' id='word_1_759' title='bbox 2108 2805 2518 2877; x_wconf 80' lang='grc' dir='ltr'><strong>ἁμαρτημάτων</strong></span> <span class='ocrx_word' id='word_1_760' title='bbox 2544 2808 2906 2879; x_wconf 84' lang='grc' dir='ltr'><strong>ἀποθήσονται</strong></span> <span class='ocrx_word' id='word_1_761' title='bbox 2941 2815 3178 2880; x_wconf 81' lang='grc' dir='ltr'><strong>φορτίον,</strong></span> <span class='ocrx_word' id='word_1_762' title='bbox 3209 2815 3300 2866; x_wconf 86' lang='grc' dir='ltr'><strong>καὶ</strong></span> <span class='ocrx_word' id='word_1_763' title='bbox 3330 2815 3529 2888; x_wconf 86' lang='grc' dir='ltr'><strong>πολλῆς</strong></span> <span class='ocrx_word' id='word_1_764' title='bbox 3552 2821 3648 2873; x_wconf 71' lang='grc' dir='ltr'><strong>καὶ</strong></span> 
     </span>
    </p>
   </div>
   <div class='ocr_carea' id='block_1_96' title="bbox 1971 2892 3646 2972">
    <p class='ocr_par' dir='ltr' id='par_1_96' title="bbox 1971 2892 3646 2972">
     <span class='ocr_line' id='line_1_96' title="bbox 1971 2892 3646 2972; baseline 0.009 -28"><span class='ocrx_word' id='word_1_765' title='bbox 1971 2894 2123 2946; x_wconf 66' lang='grc' dir='ltr'><strong>αὐτοὶ</strong></span> <span class='ocrx_word' id='word_1_766' title='bbox 2152 2892 2481 2963; x_wconf 82' lang='grc' dir='ltr'><strong>συγγνώμης</strong></span> <span class='ocrx_word' id='word_1_767' title='bbox 2505 2894 2892 2951; x_wconf 86' lang='grc' dir='ltr'><strong>ἀπολαύσουσι.</strong></span> <span class='ocrx_word' id='word_1_768' title='bbox 2917 2899 2994 2950; x_wconf 86' lang='grc' dir='ltr'><strong>Δι’</strong></span> <span class='ocrx_word' id='word_1_769' title='bbox 3016 2898 3064 2959; x_wconf 81' lang='grc' dir='ltr'><strong>ὃ,</strong></span> <span class='ocrx_word' id='word_1_770' title='bbox 3094 2901 3416 2971; x_wconf 85' lang='grc' dir='ltr'><strong>παρακαλῶ,</strong></span> <span class='ocrx_word' id='word_1_771' title='bbox 3445 2906 3646 2972; x_wconf 87' lang='grc' dir='ltr'><strong>είδότες</strong></span> 
     </span>
    </p>
   </div>
   <div class='ocr_carea' id='block_1_97' title="bbox 1969 2981 3646 3063">
    <p class='ocr_par' dir='ltr' id='par_1_97' title="bbox 1969 2981 3646 3063">
     <span class='ocr_line' id='line_1_97' title="bbox 1969 2981 3646 3063; baseline 0.008 -31"><span class='ocrx_word' id='word_1_772' title='bbox 1969 2981 2029 3032; x_wconf 90' lang='grc' dir='ltr'><strong>τὸ</strong></span> <span class='ocrx_word' id='word_1_773' title='bbox 2055 2981 2359 3052; x_wconf 70' lang='grc' dir='ltr'><strong>μήχανον</strong></span> <span class='ocrx_word' id='word_1_774' title='bbox 2391 2981 2485 3032; x_wconf 76' lang='grc' dir='ltr'><strong>καὶ</strong></span> <span class='ocrx_word' id='word_1_775' title='bbox 2515 2983 2675 3052; x_wconf 75' lang='grc' dir='ltr'><strong>σοφὸν</strong></span> <span class='ocrx_word' id='word_1_776' title='bbox 2700 2982 2793 3034; x_wconf 90' lang='grc' dir='ltr'><strong>τοῦ</strong></span> <span class='ocrx_word' id='word_1_777' title='bbox 2815 2985 2998 3056; x_wconf 82' lang='grc' dir='ltr'><strong>ἰατροῦ</strong></span> <span class='ocrx_word' id='word_1_778' title='bbox 3033 2985 3137 3041; x_wconf 87' lang='grc' dir='ltr'><strong>τῶν</strong></span> <span class='ocrx_word' id='word_1_779' title='bbox 3163 2989 3349 3060; x_wconf 76' lang='grc' dir='ltr'><strong>ψυχῶν</strong></span> <span class='ocrx_word' id='word_1_780' title='bbox 3377 2991 3482 3044; x_wconf 89' lang='grc' dir='ltr'><strong>τῶν</strong></span> <span class='ocrx_word' id='word_1_781' title='bbox 3505 2994 3646 3063; x_wconf 76' lang='grc' dir='ltr'><strong>ἡμε-</strong></span> 
     </span>
    </p>
   </div>
   <div class='ocr_carea' id='block_1_98' title="bbox 1969 3067 3640 3148">
    <p class='ocr_par' dir='ltr' id='par_1_98' title="bbox 1969 3067 3640 3148">
     <span class='ocr_line' id='line_1_98' title="bbox 1969 3067 3640 3148; baseline 0.013 -32"><span class='ocrx_word' id='word_1_782' title='bbox 1969 3069 2160 3139; x_wconf 82' lang='grc' dir='ltr'><strong>τέρων,</strong></span> <span class='ocrx_word' id='word_1_783' title='bbox 2190 3067 2457 3137; x_wconf 85' lang='grc' dir='ltr'><strong>μηδέποτε</strong></span> <span class='ocrx_word' id='word_1_784' title='bbox 2481 3069 2972 3141; x_wconf 80' lang='grc' dir='ltr'><strong>περιεργαζὼμεθα</strong></span> <span class='ocrx_word' id='word_1_785' title='bbox 3007 3073 3169 3127; x_wconf 83' lang='grc' dir='ltr'><strong>αὐτοῦ</strong></span> <span class='ocrx_word' id='word_1_786' title='bbox 3191 3075 3289 3140; x_wconf 79' lang='grc' dir='ltr'><strong>τὰς</strong></span> <span class='ocrx_word' id='word_1_787' title='bbox 3310 3079 3640 3148; x_wconf 82' lang='grc' dir='ltr'><strong>οίκονομίας.</strong></span> 
     </span>
    </p>
   </div>
   <div class='ocr_carea' id='block_1_99' title="bbox 1969 3155 3640 3240">
    <p class='ocr_par' dir='ltr' id='par_1_99' title="bbox 1969 3155 3640 3240">
     <span class='ocr_line' id='line_1_99' title="bbox 1969 3155 3640 3240; baseline 0.01 -33"><span class='ocrx_word' id='word_1_788' title='bbox 1969 3156 2087 3208; x_wconf 78' lang='grc' dir='ltr'><strong>Κᾶν</strong></span> <span class='ocrx_word' id='word_1_789' title='bbox 2114 3155 2222 3226; x_wconf 82' lang='grc' dir='ltr'><strong>γὰρ</strong></span> <span class='ocrx_word' id='word_1_790' title='bbox 2250 3157 2282 3222; x_wconf 76' lang='grc' dir='ltr'>ἡ</span> <span class='ocrx_word' id='word_1_791' title='bbox 2314 3155 2520 3208; x_wconf 85' lang='grc' dir='ltr'><strong>διάνοια</strong></span> <span class='ocrx_word' id='word_1_792' title='bbox 2555 3155 2588 3226; x_wconf 79' lang='grc' dir='ltr'><strong>ἡ</strong></span> <span class='ocrx_word' id='word_1_793' title='bbox 2617 3156 2861 3228; x_wconf 75' lang='grc' dir='ltr'><strong>ἡμετέρα</strong></span> <span class='ocrx_word' id='word_1_794' title='bbox 2885 3158 3056 3212; x_wconf 84' lang='grc' dir='ltr'><strong>ταῦτα</strong></span> <span class='ocrx_word' id='word_1_795' title='bbox 3089 3162 3526 3233; x_wconf 85' lang='grc' dir='ltr'><strong>καταλαμϐάνειν</strong></span> <span class='ocrx_word' id='word_1_796' title='bbox 3565 3170 3640 3240; x_wconf 82' lang='grc' dir='ltr'><strong>μὴ</strong></span> 
     </span>
    </p>
   </div>
   <div class='ocr_carea' id='block_1_100' title="bbox 1967 3242 3641 3320">
    <p class='ocr_par' dir='ltr' id='par_1_100' title="bbox 1967 3242 3641 3320">
     <span class='ocr_line' id='line_1_100' title="bbox 1967 3242 3641 3320; baseline 0.008 -24"><span class='ocrx_word' id='word_1_797' title='bbox 1967 3243 2208 3313; x_wconf 83' lang='grc' dir='ltr'><strong>δύνηται,</strong></span> <span class='ocrx_word' id='word_1_798' title='bbox 2242 3242 2414 3313; x_wconf 79' lang='grc' dir='ltr'><strong>ταύτῃ</strong></span> <span class='ocrx_word' id='word_1_799' title='bbox 2456 3245 2652 3314; x_wconf 82' lang='grc' dir='ltr'><strong>μᾶλλον</strong></span> <span class='ocrx_word' id='word_1_800' title='bbox 2682 3245 3113 3318; x_wconf 82' lang='grc' dir='ltr'><strong>ἐκπληττώμεθα</strong></span> <span class='ocrx_word' id='word_1_801' title='bbox 3143 3250 3236 3304; x_wconf 82' lang='grc' dir='ltr'><strong>τοῦ</strong></span> <span class='ocrx_word' id='word_1_802' title='bbox 3269 3251 3403 3306; x_wconf 83' lang='grc' dir='ltr'><strong>Θεοῦ</strong></span> <span class='ocrx_word' id='word_1_803' title='bbox 3435 3254 3532 3320; x_wconf 81' lang='grc' dir='ltr'><strong>τὰς</strong></span> <span class='ocrx_word' id='word_1_804' title='bbox 3558 3258 3641 3309; x_wconf 67' lang='grc' dir='ltr'><strong>οίι</strong></span> 
     </span>
    </p>
   </div>
   <div class='ocr_carea' id='block_1_101' title="bbox 1969 3331 3642 3407">
    <p class='ocr_par' dir='ltr' id='par_1_101' title="bbox 1969 3331 3642 3407">
     <span class='ocr_line' id='line_1_101' title="bbox 1969 3331 3642 3407; baseline 0.009 -24"><span class='ocrx_word' id='word_1_805' title='bbox 1969 3332 2246 3400; x_wconf 86' lang='grc' dir='ltr'><strong>κονομίας,</strong></span> <span class='ocrx_word' id='word_1_806' title='bbox 2271 3331 2363 3385; x_wconf 74' lang='grc' dir='ltr'><strong>καὶ</strong></span> <span class='ocrx_word' id='word_1_807' title='bbox 2388 3332 2700 3402; x_wconf 82' lang='grc' dir='ltr'><strong>δοξάζωμεν</strong></span> <span class='ocrx_word' id='word_1_808' title='bbox 2719 3334 2879 3387; x_wconf 83' lang='grc' dir='ltr'><strong>αὐτὸν</strong></span> <span class='ocrx_word' id='word_1_809' title='bbox 2902 3336 3042 3407; x_wconf 76' lang='grc' dir='ltr'><strong>ὑπὲρ</strong></span> <span class='ocrx_word' id='word_1_810' title='bbox 3062 3338 3336 3402; x_wconf 87' lang='grc' dir='ltr'><strong>ἀπάντων,</strong></span> <span class='ocrx_word' id='word_1_811' title='bbox 3362 3342 3442 3394; x_wconf 85' lang='grc' dir='ltr'><strong>ὅτι</strong></span> <span class='ocrx_word' id='word_1_812' title='bbox 3467 3344 3642 3398; x_wconf 82' lang='grc' dir='ltr'><strong>τοιοῦ-</strong></span> 
     </span>
    </p>
   </div>
   <div class='ocr_carea' id='block_1_102' title="bbox 1965 3415 3635 3500">
    <p class='ocr_par' dir='ltr' id='par_1_102' title="bbox 1965 3415 3635 3500">
     <span class='ocr_line' id='line_1_102' title="bbox 1965 3415 3635 3500; baseline 0.007 -26"><span class='ocrx_word' id='word_1_813' title='bbox 1965 3437 2053 3474; x_wconf 91' lang='grc' dir='ltr'><strong>τον</strong></span> <span class='ocrx_word' id='word_1_814' title='bbox 2084 3419 2280 3488; x_wconf 79' lang='grc' dir='ltr'><strong>ἔχομεν</strong></span> <span class='ocrx_word' id='word_1_815' title='bbox 2308 3420 2603 3490; x_wconf 89' lang='grc' dir='ltr'><strong>Δεσπότην,</strong></span> <span class='ocrx_word' id='word_1_816' title='bbox 2641 3415 2701 3473; x_wconf 81' lang='grc' dir='ltr'><strong>οὗ</strong></span> <span class='ocrx_word' id='word_1_817' title='bbox 2739 3422 2873 3492; x_wconf 87' lang='grc' dir='ltr'><strong>μηδέ</strong></span> <span class='ocrx_word' id='word_1_818' title='bbox 2917 3425 3164 3494; x_wconf 84' lang='grc' dir='ltr'><strong>χωρῆσαι</strong></span> <span class='ocrx_word' id='word_1_819' title='bbox 3198 3425 3418 3482; x_wconf 89' lang='grc' dir='ltr'><strong>δύναται</strong></span> <span class='ocrx_word' id='word_1_820' title='bbox 3457 3433 3490 3500; x_wconf 77' lang='grc' dir='ltr'>ἡ</span> <span class='ocrx_word' id='word_1_821' title='bbox 3525 3431 3635 3487; x_wconf 87' lang='grc' dir='ltr'><strong>διά-</strong></span> 
     </span>
    </p>
   </div>
   <div class='ocr_carea' id='block_1_103' title="bbox 1965 3507 3638 3590">
    <p class='ocr_par' dir='ltr' id='par_1_103' title="bbox 1965 3507 3638 3590">
     <span class='ocr_line' id='line_1_103' title="bbox 1965 3507 3638 3590; baseline 0.008 -30"><span class='ocrx_word' id='word_1_822' title='bbox 1965 3524 2082 3560; x_wconf 89' lang='grc' dir='ltr'><strong>νοια</strong></span> <span class='ocrx_word' id='word_1_823' title='bbox 2114 3509 2146 3576; x_wconf 84' lang='grc' dir='ltr'>ἡ</span> <span class='ocrx_word' id='word_1_824' title='bbox 2178 3507 2421 3578; x_wconf 79' lang='grc' dir='ltr'><strong>ἡμετέρα</strong></span> <span class='ocrx_word' id='word_1_825' title='bbox 2453 3508 2547 3560; x_wconf 76' lang='grc' dir='ltr'><strong>καὶ</strong></span> <span class='ocrx_word' id='word_1_826' title='bbox 2574 3509 2602 3561; x_wconf 91' lang='lat'><strong>6</strong></span> <span class='ocrx_word' id='word_1_827' title='bbox 2632 3508 2732 3577; x_wconf 89' lang='grc' dir='ltr'><strong>τῆς</strong></span> <span class='ocrx_word' id='word_1_828' title='bbox 2759 3509 3107 3580; x_wconf 80' lang='grc' dir='ltr'><strong>ἀνθρωπίνης</strong></span> <span class='ocrx_word' id='word_1_829' title='bbox 3145 3513 3359 3580; x_wconf 76' lang='grc' dir='ltr'><strong>φύσεως</strong></span> <span class='ocrx_word' id='word_1_830' title='bbox 3380 3515 3638 3590; x_wconf 87' lang='grc' dir='ltr'><strong>λογισμὸς</strong></span> 
     </span>
    </p>
   </div>
   <div class='ocr_carea' id='block_1_104' title="bbox 1963 3593 3631 3674">
    <p class='ocr_par' dir='ltr' id='par_1_104' title="bbox 1963 3593 3631 3674">
     <span class='ocr_line' id='line_1_104' title="bbox 1963 3593 3631 3674; baseline 0.008 -29"><span class='ocrx_word' id='word_1_831' title='bbox 1963 3595 2060 3655; x_wconf 89' lang='grc' dir='ltr'><strong>τάς</strong></span> <span class='ocrx_word' id='word_1_832' title='bbox 2088 3594 2416 3663; x_wconf 85' lang='grc' dir='ltr'><strong>οίκονομίας.</strong></span> <span class='ocrx_word' id='word_1_833' title='bbox 2454 3593 2586 3647; x_wconf 84' lang='grc' dir='ltr'><strong>Οὐδέ</strong></span> <span class='ocrx_word' id='word_1_834' title='bbox 2619 3595 2726 3665; x_wconf 69' lang='grc' dir='ltr'><strong>γὰρ</strong></span> <span class='ocrx_word' id='word_1_835' title='bbox 2759 3595 2929 3659; x_wconf 75' lang='grc' dir='ltr'><strong>οὕτως</strong></span> <span class='ocrx_word' id='word_1_836' title='bbox 2968 3599 3126 3668; x_wconf 85' lang='grc' dir='ltr'><strong>ἡμεῖς</strong></span> <span class='ocrx_word' id='word_1_837' title='bbox 3154 3600 3310 3669; x_wconf 77' lang='grc' dir='ltr'><strong>ἴσμεν</strong></span> <span class='ocrx_word' id='word_1_838' title='bbox 3333 3603 3392 3656; x_wconf 86' lang='grc' dir='ltr'><strong>τὸ</strong></span> <span class='ocrx_word' id='word_1_839' title='bbox 3425 3608 3631 3674; x_wconf 71' lang='grc' dir='ltr'><strong>συμφέ-</strong></span> 
     </span>
    </p>
   </div>
   <div class='ocr_carea' id='block_1_105' title="bbox 1967 3680 3637 3762">
    <p class='ocr_par' dir='ltr' id='par_1_105' title="bbox 1967 3680 3637 3762">
     <span class='ocr_line' id='line_1_105' title="bbox 1967 3680 3637 3762; baseline 0.001 -30"><span class='ocrx_word' id='word_1_840' title='bbox 1967 3697 2057 3751; x_wconf 88' lang='grc' dir='ltr'><strong>ρον</strong></span> <span class='ocrx_word' id='word_1_841' title='bbox 2083 3683 2232 3751; x_wconf 81' lang='grc' dir='ltr'><strong>ῆμῖν,</strong></span> <span class='ocrx_word' id='word_1_842' title='bbox 2261 3681 2336 3744; x_wconf 83' lang='grc' dir='ltr'><strong>ὡς</strong></span> <span class='ocrx_word' id='word_1_843' title='bbox 2367 3681 2530 3743; x_wconf 87' lang='grc' dir='ltr'><strong>αὐτὸς</strong></span> <span class='ocrx_word' id='word_1_844' title='bbox 2547 3680 2855 3734; x_wconf 86' lang='grc' dir='ltr'><strong>ἐπίσταται·</strong></span> <span class='ocrx_word' id='word_1_845' title='bbox 2889 3683 2985 3753; x_wconf 86' lang='grc' dir='ltr'><strong>οὐχ</strong></span> <span class='ocrx_word' id='word_1_846' title='bbox 3015 3685 3188 3748; x_wconf 81' lang='grc' dir='ltr'><strong>οὕτως</strong></span> <span class='ocrx_word' id='word_1_847' title='bbox 3219 3688 3377 3757; x_wconf 69' lang='grc' dir='ltr'><strong>ἡμεῖς</strong></span> <span class='ocrx_word' id='word_1_848' title='bbox 3406 3691 3637 3762; x_wconf 80' lang='grc' dir='ltr'><strong>κηδόμε-</strong></span> 
     </span>
    </p>
   </div>
   <div class='ocr_carea' id='block_1_106' title="bbox 1961 3767 3634 3846">
    <p class='ocr_par' dir='ltr' id='par_1_106' title="bbox 1961 3767 3634 3846">
     <span class='ocr_line' id='line_1_106' title="bbox 1961 3767 3634 3846; baseline 0.007 -25"><span class='ocrx_word' id='word_1_849' title='bbox 1961 3768 2030 3821; x_wconf 90' lang='grc' dir='ltr'><strong>θα</strong></span> <span class='ocrx_word' id='word_1_850' title='bbox 2059 3768 2288 3833; x_wconf 79' lang='grc' dir='ltr'><strong>ἑαυτῶν,</strong></span> <span class='ocrx_word' id='word_1_851' title='bbox 2317 3767 2394 3831; x_wconf 84' lang='grc' dir='ltr'><strong>ὡς</strong></span> <span class='ocrx_word' id='word_1_852' title='bbox 2426 3768 2589 3831; x_wconf 85' lang='grc' dir='ltr'><strong>αὐτὸς</strong></span> <span class='ocrx_word' id='word_1_853' title='bbox 2626 3768 2846 3837; x_wconf 77' lang='grc' dir='ltr'><strong>κήδεται</strong></span> <span class='ocrx_word' id='word_1_854' title='bbox 2890 3769 3047 3840; x_wconf 84' lang='grc' dir='ltr'><strong>ἡμῶν</strong></span> <span class='ocrx_word' id='word_1_855' title='bbox 3073 3775 3173 3842; x_wconf 78' lang='grc' dir='ltr'><strong>τῆς</strong></span> <span class='ocrx_word' id='word_1_856' title='bbox 3207 3776 3499 3846; x_wconf 82' lang='grc' dir='ltr'><strong>σωτηρίας,</strong></span> <span class='ocrx_word' id='word_1_857' title='bbox 3538 3780 3634 3833; x_wconf 79' lang='grc' dir='ltr'><strong>καὶ</strong></span> 
     </span>
    </p>
   </div>
   <div class='ocr_carea' id='block_1_107' title="bbox 1962 3855 3632 3938">
    <p class='ocr_par' dir='ltr' id='par_1_107' title="bbox 1962 3855 3632 3938">
     <span class='ocr_line' id='line_1_107' title="bbox 1962 3855 3632 3938; baseline 0.008 -30"><span class='ocrx_word' id='word_1_858' title='bbox 1962 3856 2139 3910; x_wconf 87' lang='grc' dir='ltr'><strong>πάντα</strong></span> <span class='ocrx_word' id='word_1_859' title='bbox 2167 3857 2311 3909; x_wconf 86' lang='grc' dir='ltr'><strong>ποιεῖ</strong></span> <span class='ocrx_word' id='word_1_860' title='bbox 2347 3857 2441 3910; x_wconf 74' lang='grc' dir='ltr'><strong>καὶ</strong></span> <span class='ocrx_word' id='word_1_861' title='bbox 2466 3855 2935 3926; x_wconf 86' lang='grc' dir='ltr'><strong>πραγματεύεται.</strong></span> <span class='ocrx_word' id='word_1_862' title='bbox 2960 3857 3098 3912; x_wconf 81' lang='grc' dir='ltr'><strong>ὥστε</strong></span> <span class='ocrx_word' id='word_1_863' title='bbox 3133 3861 3269 3932; x_wconf 84' lang='grc' dir='ltr'><strong>πρὸς</strong></span> <span class='ocrx_word' id='word_1_864' title='bbox 3305 3863 3403 3933; x_wconf 81' lang='grc' dir='ltr'><strong>τὴν</strong></span> <span class='ocrx_word' id='word_1_865' title='bbox 3431 3866 3632 3938; x_wconf 83' lang='grc' dir='ltr'><strong>ἀρετὴν</strong></span> 
     </span>
    </p>
   </div>
   <div class='ocr_carea' id='block_1_108' title="bbox 1961 3943 3629 4015">
    <p class='ocr_par' dir='ltr' id='par_1_108' title="bbox 1961 3943 3629 4015">
     <span class='ocr_line' id='line_1_108' title="bbox 1961 3943 3629 4015; baseline 0.008 -21"><span class='ocrx_word' id='word_1_866' title='bbox 1961 3945 2108 4013; x_wconf 82' lang='grc' dir='ltr'><strong>ἡμᾶς</strong></span> <span class='ocrx_word' id='word_1_867' title='bbox 2139 3944 2568 4015; x_wconf 88' lang='grc' dir='ltr'><strong>χειραγωγῆσαι,</strong></span> <span class='ocrx_word' id='word_1_868' title='bbox 2617 3943 2710 3997; x_wconf 80' lang='grc' dir='ltr'><strong>καὶ</strong></span> <span class='ocrx_word' id='word_1_869' title='bbox 2740 3944 3044 4015; x_wconf 77' lang='grc' dir='ltr'><strong>ἐξαρπάσαι</strong></span> <span class='ocrx_word' id='word_1_870' title='bbox 3091 3947 3200 4001; x_wconf 89' lang='grc' dir='ltr'><strong>τῶν</strong></span> <span class='ocrx_word' id='word_1_871' title='bbox 3245 3949 3339 4002; x_wconf 82' lang='grc' dir='ltr'><strong>τοῦ</strong></span> <span class='ocrx_word' id='word_1_872' title='bbox 3384 3951 3629 4007; x_wconf 84' lang='grc' dir='ltr'><strong>διαϐόλου</strong></span> 
     </span>
    </p>
   </div>
   <div class='ocr_carea' id='block_1_109' title="bbox 1958 4031 3630 4112">
    <p class='ocr_par' dir='ltr' id='par_1_109' title="bbox 1958 4031 3630 4112">
     <span class='ocr_line' id='line_1_109' title="bbox 1958 4031 3630 4112; baseline 0.008 -30"><span class='ocrx_word' id='word_1_873' title='bbox 1958 4032 2178 4102; x_wconf 89' lang='grc' dir='ltr'><strong>χειρῶν.</strong></span> <span class='ocrx_word' id='word_1_874' title='bbox 2212 4033 2322 4085; x_wconf 74' lang='grc' dir='ltr'><strong>Καὶ</strong></span> <span class='ocrx_word' id='word_1_875' title='bbox 2363 4033 2490 4085; x_wconf 84' lang='grc' dir='ltr'><strong>ὅταν</strong></span> <span class='ocrx_word' id='word_1_876' title='bbox 2522 4031 2608 4104; x_wconf 86' lang='grc' dir='ltr'><strong>ίδῃ</strong></span> <span class='ocrx_word' id='word_1_877' title='bbox 2645 4031 2719 4102; x_wconf 84' lang='grc' dir='ltr'><strong>μὴ</strong></span> <span class='ocrx_word' id='word_1_878' title='bbox 2747 4031 3080 4101; x_wconf 78' lang='grc' dir='ltr'><strong>δυναμένους</strong></span> <span class='ocrx_word' id='word_1_879' title='bbox 3114 4036 3371 4106; x_wconf 75' lang='grc' dir='ltr'><strong>κερδᾶναι</strong></span> <span class='ocrx_word' id='word_1_880' title='bbox 3401 4039 3508 4092; x_wconf 76' lang='grc' dir='ltr'><strong>ἀπὸ</strong></span> <span class='ocrx_word' id='word_1_881' title='bbox 3533 4041 3630 4112; x_wconf 88' lang='grc' dir='ltr'><strong>τῆς</strong></span> 
     </span>
    </p>
   </div>
   <div class='ocr_carea' id='block_1_110' title="bbox 1958 4119 3626 4198">
    <p class='ocr_par' dir='ltr' id='par_1_110' title="bbox 1958 4119 3626 4198">
     <span class='ocr_line' id='line_1_110' title="bbox 1958 4119 3626 4198; baseline 0.007 -28"><span class='ocrx_word' id='word_1_882' title='bbox 1958 4119 2276 4190; x_wconf 77' lang='grc' dir='ltr'><strong>εὐημερίας,</strong></span> <span class='ocrx_word' id='word_1_883' title='bbox 2319 4119 2571 4190; x_wconf 88' lang='grc' dir='ltr'><strong>καθάπερ</strong></span> <span class='ocrx_word' id='word_1_884' title='bbox 2611 4120 2793 4190; x_wconf 73' lang='grc' dir='ltr'><strong>ἰατρὸς</strong></span> <span class='ocrx_word' id='word_1_885' title='bbox 2830 4120 3072 4190; x_wconf 84' lang='grc' dir='ltr'><strong>ἀριστος,</strong></span> <span class='ocrx_word' id='word_1_886' title='bbox 3108 4124 3326 4177; x_wconf 70' lang='grc' dir='ltr'><strong>ἐπειδάν</strong></span> <span class='ocrx_word' id='word_1_887' title='bbox 3364 4125 3626 4198; x_wconf 82' lang='grc' dir='ltr'><strong>θεάσηται</strong></span> 
     </span>
    </p>
   </div>
   <div class='ocr_carea' id='block_1_111' title="bbox 1955 4206 3630 4280">
    <p class='ocr_par' dir='ltr' id='par_1_111' title="bbox 1955 4206 3630 4280">
     <span class='ocr_line' id='line_1_111' title="bbox 1955 4206 3630 4280; baseline 0.007 -21"><span class='ocrx_word' id='word_1_888' title='bbox 1955 4206 2064 4260; x_wconf 83' lang='grc' dir='ltr'><strong>ἀπὸ</strong></span> <span class='ocrx_word' id='word_1_889' title='bbox 2102 4207 2301 4277; x_wconf 89' lang='grc' dir='ltr'><strong>πολλῆς</strong></span> <span class='ocrx_word' id='word_1_890' title='bbox 2339 4207 2671 4278; x_wconf 88' lang='grc' dir='ltr'><strong>λαιμαργίας</strong></span> <span class='ocrx_word' id='word_1_891' title='bbox 2703 4208 2782 4270; x_wconf 85' lang='grc' dir='ltr'><strong>εἰς</strong></span> <span class='ocrx_word' id='word_1_892' title='bbox 2824 4207 3193 4280; x_wconf 83' lang='grc' dir='ltr'><strong>πολυσαρκίαν</strong></span> <span class='ocrx_word' id='word_1_893' title='bbox 3238 4211 3500 4278; x_wconf 85' lang='grc' dir='ltr'><strong>ἐξιόντας,</strong></span> <span class='ocrx_word' id='word_1_894' title='bbox 3539 4215 3630 4272; x_wconf 74' lang='grc' dir='ltr'><strong>διὰ</strong></span> 
     </span>
    </p>
   </div>
   <div class='ocr_carea' id='block_1_112' title="bbox 1953 4294 3628 4371">
    <p class='ocr_par' dir='ltr' id='par_1_112' title="bbox 1953 4294 3628 4371">
     <span class='ocr_line' id='line_1_112' title="bbox 1953 4294 3628 4371; baseline 0.006 -25"><span class='ocrx_word' id='word_1_895' title='bbox 1953 4294 2056 4365; x_wconf 87' lang='grc' dir='ltr'><strong>τῆς</strong></span> <span class='ocrx_word' id='word_1_896' title='bbox 2083 4294 2407 4364; x_wconf 85' lang='grc' dir='ltr'><strong>ἐγκρατείας</strong></span> <span class='ocrx_word' id='word_1_897' title='bbox 2455 4294 2590 4364; x_wconf 81' lang='grc' dir='ltr'><strong>πρὸς</strong></span> <span class='ocrx_word' id='word_1_898' title='bbox 2632 4294 2832 4361; x_wconf 84' lang='grc' dir='ltr'><strong>ὑγίειαν</strong></span> <span class='ocrx_word' id='word_1_899' title='bbox 2881 4297 3167 4364; x_wconf 75' lang='grc' dir='ltr'><strong>ἐπανάγειο</strong></span> <span class='ocrx_word' id='word_1_900' title='bbox 3199 4297 3341 4352; x_wconf 79' lang='grc' dir='ltr'><strong>οὑτω</strong></span> <span class='ocrx_word' id='word_1_901' title='bbox 3366 4299 3429 4371; x_wconf 85' lang='grc' dir='ltr'><strong>δὴ</strong></span> <span class='ocrx_word' id='word_1_902' title='bbox 3464 4303 3557 4356; x_wconf 75' lang='grc' dir='ltr'><strong>καὶ</strong></span> <span class='ocrx_word' id='word_1_903' title='bbox 3597 4306 3628 4356; x_wconf 88' lang='lat'><strong>6</strong></span> 
     </span>
    </p>
   </div>
   <div class='ocr_carea' id='block_1_113' title="bbox 1955 4380 3626 4461">
    <p class='ocr_par' dir='ltr' id='par_1_113' title="bbox 1955 4380 3626 4461">
     <span class='ocr_line' id='line_1_113' title="bbox 1955 4380 3626 4461; baseline 0.006 -28"><span class='ocrx_word' id='word_1_904' title='bbox 1955 4380 2252 4452; x_wconf 88' lang='grc' dir='ltr'><strong>θαυμάσιος</strong></span> <span class='ocrx_word' id='word_1_905' title='bbox 2284 4381 2390 4434; x_wconf 89' lang='grc' dir='ltr'><strong>τῶν</strong></span> <span class='ocrx_word' id='word_1_906' title='bbox 2415 4382 2700 4452; x_wconf 80' lang='grc' dir='ltr'><strong>ἡμετέρων</strong></span> <span class='ocrx_word' id='word_1_907' title='bbox 2735 4383 2920 4453; x_wconf 83' lang='grc' dir='ltr'><strong>ψυχῶν</strong></span> <span class='ocrx_word' id='word_1_908' title='bbox 2969 4385 3151 4455; x_wconf 70' lang='grc' dir='ltr'><strong>ἰατρὸς</strong></span> <span class='ocrx_word' id='word_1_909' title='bbox 3191 4385 3383 4456; x_wconf 84' lang='grc' dir='ltr'><strong>ἀφίησι</strong></span> <span class='ocrx_word' id='word_1_910' title='bbox 3427 4390 3626 4461; x_wconf 85' lang='grc' dir='ltr'><strong>μικρὸν</strong></span> 
     </span>
    </p>
   </div>
   <div class='ocr_carea' id='block_1_114' title="bbox 1951 4471 3626 4544">
    <p class='ocr_par' dir='ltr' id='par_1_114' title="bbox 1951 4471 3626 4544">
     <span class='ocr_line' id='line_1_114' title="bbox 1951 4471 3626 4544; baseline 0.005 -20"><span class='ocrx_word' id='word_1_911' title='bbox 1951 4471 2037 4525; x_wconf 87' lang='grc' dir='ltr'><strong>διὰ</strong></span> <span class='ocrx_word' id='word_1_912' title='bbox 2077 4473 2175 4542; x_wconf 89' lang='grc' dir='ltr'><strong>τῆς</strong></span> <span class='ocrx_word' id='word_1_913' title='bbox 2217 4471 2323 4524; x_wconf 90' lang='grc' dir='ltr'><strong>τῶν</strong></span> <span class='ocrx_word' id='word_1_914' title='bbox 2356 4471 2676 4544; x_wconf 89' lang='grc' dir='ltr'><strong>πειρασμῶν</strong></span> <span class='ocrx_word' id='word_1_915' title='bbox 2718 4472 3015 4542; x_wconf 81' lang='grc' dir='ltr'><strong>ἐπαγωγῆς</strong></span> <span class='ocrx_word' id='word_1_916' title='bbox 3058 4475 3138 4538; x_wconf 87' lang='grc' dir='ltr'><strong>είς</strong></span> <span class='ocrx_word' id='word_1_917' title='bbox 3162 4475 3412 4541; x_wconf 81' lang='grc' dir='ltr'><strong>αἴσθησιν</strong></span> <span class='ocrx_word' id='word_1_918' title='bbox 3449 4477 3626 4534; x_wconf 82' lang='grc' dir='ltr'><strong>ἐλθεῖν</strong></span> 
     </span>
    </p>
   </div>
   <div class='ocr_carea' id='block_1_115' title="bbox 1949 4557 3625 4633">
    <p class='ocr_par' dir='ltr' id='par_1_115' title="bbox 1949 4557 3625 4633">
     <span class='ocr_line' id='line_1_115' title="bbox 1949 4557 3625 4633; baseline 0.006 -23"><span class='ocrx_word' id='word_1_919' title='bbox 1949 4559 2048 4628; x_wconf 82' lang='grc' dir='ltr'><strong>τῆς</strong></span> <span class='ocrx_word' id='word_1_920' title='bbox 2079 4557 2301 4629; x_wconf 85' lang='grc' dir='ltr'><strong>βλάϐης,</strong></span> <span class='ocrx_word' id='word_1_921' title='bbox 2328 4559 2394 4630; x_wconf 79' lang='grc' dir='ltr'><strong>ἢν</strong></span> <span class='ocrx_word' id='word_1_922' title='bbox 2419 4561 2481 4611; x_wconf 87' lang='grc' dir='ltr'><strong>ἐκ</strong></span> <span class='ocrx_word' id='word_1_923' title='bbox 2511 4559 2606 4629; x_wconf 87' lang='grc' dir='ltr'><strong>τῆς</strong></span> <span class='ocrx_word' id='word_1_924' title='bbox 2633 4559 2929 4630; x_wconf 85' lang='grc' dir='ltr'><strong>εὐημερίας</strong></span> <span class='ocrx_word' id='word_1_925' title='bbox 2949 4561 3341 4633; x_wconf 87' lang='grc' dir='ltr'><strong>ὑπεμείναμεν,</strong></span> <span class='ocrx_word' id='word_1_926' title='bbox 3373 4565 3466 4618; x_wconf 65' lang='grc' dir='ltr'><strong>καλ⁵</strong></span> <span class='ocrx_word' id='word_1_927' title='bbox 3493 4567 3625 4620; x_wconf 85' lang='grc' dir='ltr'><strong>ὅταν</strong></span> 
     </span>
    </p>
   </div>
   <div class='ocr_carea' id='block_1_116' title="bbox 1951 4645 3621 4717">
    <p class='ocr_par' dir='ltr' id='par_1_116' title="bbox 1951 4645 3621 4717">
     <span class='ocr_line' id='line_1_116' title="bbox 1951 4645 3621 4717; baseline 0.006 -18"><span class='ocrx_word' id='word_1_928' title='bbox 1951 4645 2032 4716; x_wconf 80' lang='grc' dir='ltr'><strong>ἴδῃ</strong></span> <span class='ocrx_word' id='word_1_929' title='bbox 2059 4645 2238 4708; x_wconf 88' lang='grc' dir='ltr'><strong>καλῶς</strong></span> <span class='ocrx_word' id='word_1_930' title='bbox 2261 4646 2330 4698; x_wconf 83' lang='grc' dir='ltr'><strong>τὰ</strong></span> <span class='ocrx_word' id='word_1_931' title='bbox 2357 4645 2455 4716; x_wconf 88' lang='grc' dir='ltr'><strong>τῆς</strong></span> <span class='ocrx_word' id='word_1_932' title='bbox 2487 4646 2698 4714; x_wconf 87' lang='grc' dir='ltr'><strong>ὑγιείας</strong></span> <span class='ocrx_word' id='word_1_933' title='bbox 2725 4646 3154 4717; x_wconf 87' lang='grc' dir='ltr'><strong>κατορθωθέντα,</strong></span> <span class='ocrx_word' id='word_1_934' title='bbox 3177 4649 3298 4704; x_wconf 89' lang='grc' dir='ltr'><strong>τότε</strong></span> <span class='ocrx_word' id='word_1_935' title='bbox 3321 4651 3504 4708; x_wconf 90' lang='grc' dir='ltr'><strong>λοιπὸν</strong></span> <span class='ocrx_word' id='word_1_936' title='bbox 3533 4655 3621 4709; x_wconf 72' lang='grc' dir='ltr'><strong>δια</strong></span> 
     </span>
    </p>
   </div>
   <div class='ocr_carea' id='block_1_117' title="bbox 1945 4732 3620 4812">
    <p class='ocr_par' dir='ltr' id='par_1_117' title="bbox 1945 4732 3620 4812">
     <span class='ocr_line' id='line_1_117' title="bbox 1945 4732 3620 4812; baseline 0.005 -26"><span class='ocrx_word' id='word_1_937' title='bbox 1945 4733 2046 4804; x_wconf 85' lang='grc' dir='ltr'><strong>τῆς</strong></span> <span class='ocrx_word' id='word_1_938' title='bbox 2065 4734 2269 4796; x_wconf 86' lang='grc' dir='ltr'><strong>οἰκείας</strong></span> <span class='ocrx_word' id='word_1_939' title='bbox 2289 4733 2622 4804; x_wconf 73' lang='grc' dir='ltr'><strong>ἀντιλήψεως</strong></span> <span class='ocrx_word' id='word_1_940' title='bbox 2644 4733 2736 4787; x_wconf 79' lang='grc' dir='ltr'><strong>καὶ</strong></span> <span class='ocrx_word' id='word_1_941' title='bbox 2757 4732 2866 4786; x_wconf 87' lang='grc' dir='ltr'><strong>τῶν</strong></span> <span class='ocrx_word' id='word_1_942' title='bbox 2882 4736 3204 4805; x_wconf 88' lang='grc' dir='ltr'><strong>πειρασμῶν</strong></span> <span class='ocrx_word' id='word_1_943' title='bbox 3225 4738 3506 4807; x_wconf 82' lang='grc' dir='ltr'><strong>χαρίζεται</strong></span> <span class='ocrx_word' id='word_1_944' title='bbox 3520 4742 3620 4812; x_wconf 78' lang='grc' dir='ltr'><strong>τὴν</strong></span> 
     </span>
    </p>
   </div>
   <div class='ocr_carea' id='block_1_118' title="bbox 1946 4821 3618 4893">
    <p class='ocr_par' dir='ltr' id='par_1_118' title="bbox 1946 4821 3618 4893">
     <span class='ocr_line' id='line_1_118' title="bbox 1946 4821 3618 4893; baseline 0.004 -19"><span class='ocrx_word' id='word_1_945' title='bbox 1946 4821 2282 4891; x_wconf 86' lang='grc' dir='ltr'><strong>ἀπαλλαγὴν,</strong></span> <span class='ocrx_word' id='word_1_946' title='bbox 2325 4821 2415 4875; x_wconf 78' lang='grc' dir='ltr'><strong>καὶ</strong></span> <span class='ocrx_word' id='word_1_947' title='bbox 2445 4822 2543 4893; x_wconf 82' lang='grc' dir='ltr'><strong>τὴν</strong></span> <span class='ocrx_word' id='word_1_948' title='bbox 2575 4823 2702 4893; x_wconf 86' lang='grc' dir='ltr'><strong>παρ’</strong></span> <span class='ocrx_word' id='word_1_949' title='bbox 2737 4821 2929 4875; x_wconf 77' lang='grc' dir='ltr'><strong>ἑαυτοῦ</strong></span> <span class='ocrx_word' id='word_1_950' title='bbox 2961 4822 3214 4890; x_wconf 89' lang='grc' dir='ltr'><strong>πρόνοιαν</strong></span> <span class='ocrx_word' id='word_1_951' title='bbox 3252 4825 3618 4881; x_wconf 88' lang='grc' dir='ltr'><strong>ἐπιδείκνυται</strong></span> 
     </span>
    </p>
   </div>
   <div class='ocr_carea' id='block_1_119' title="bbox 1949 4902 3619 4982">
    <p class='ocr_par' dir='ltr' id='par_1_119' title="bbox 1949 4902 3619 4982">
     <span class='ocr_line' id='line_1_119' title="bbox 1949 4902 3619 4982; baseline 0.001 -17"><span class='ocrx_word' id='word_1_952' title='bbox 1949 4911 2089 4982; x_wconf 88' lang='grc' dir='ltr'><strong>μετά</strong></span> <span class='ocrx_word' id='word_1_953' title='bbox 2113 4910 2314 4981; x_wconf 88' lang='grc' dir='ltr'><strong>πολλῆς</strong></span> <span class='ocrx_word' id='word_1_954' title='bbox 2345 4910 2444 4980; x_wconf 86' lang='grc' dir='ltr'><strong>τῆς</strong></span> <span class='ocrx_word' id='word_1_955' title='bbox 2465 4907 2761 4978; x_wconf 77' lang='grc' dir='ltr'><strong>δαψιλείας.</strong></span> <span class='ocrx_word' id='word_1_956' title='bbox 2789 4908 2914 4961; x_wconf 82' lang='grc' dir='ltr'><strong>Εἴτε</strong></span> <span class='ocrx_word' id='word_1_957' title='bbox 2945 4902 3039 4961; x_wconf 79' lang='grc' dir='ltr'><strong>οὖν</strong></span> <span class='ocrx_word' id='word_1_958' title='bbox 3067 4909 3125 4961; x_wconf 87' lang='grc' dir='ltr'><strong>ἐν</strong></span> <span class='ocrx_word' id='word_1_959' title='bbox 3153 4910 3322 4982; x_wconf 79' lang='grc' dir='ltr'><strong>ἀρετῇ</strong></span> <span class='ocrx_word' id='word_1_960' title='bbox 3355 4910 3507 4976; x_wconf 80' lang='grc' dir='ltr'><strong>ὅντες</strong></span> <span class='ocrx_word' id='word_1_961' title='bbox 3537 4931 3619 4967; x_wconf 81' lang='grc' dir='ltr'><strong>τι-</strong></span> 
     </span>
    </p>
   </div>
   <div class='ocr_carea' id='block_1_120' title="bbox 1945 4994 3617 5070">
    <p class='ocr_par' dir='ltr' id='par_1_120' title="bbox 1945 4994 3617 5070">
     <span class='ocr_line' id='line_1_120' title="bbox 1945 4994 3617 5070; baseline 0.002 -18"><span class='ocrx_word' id='word_1_962' title='bbox 1945 5001 2034 5063; x_wconf 85' lang='grc' dir='ltr'><strong>νές</strong></span> <span class='ocrx_word' id='word_1_963' title='bbox 2077 5000 2400 5070; x_wconf 84' lang='grc' dir='ltr'><strong>πειρασμοῖς</strong></span> <span class='ocrx_word' id='word_1_964' title='bbox 2436 4995 2804 5066; x_wconf 78' lang='grc' dir='ltr'><strong>περιπέσοιεν.</strong></span> <span class='ocrx_word' id='word_1_965' title='bbox 2854 4994 2929 5065; x_wconf 84' lang='grc' dir='ltr'><strong>μὴ</strong></span> <span class='ocrx_word' id='word_1_966' title='bbox 2982 4995 3441 5067; x_wconf 78' lang='grc' dir='ltr'><strong>θορυϐεῖσθωσαν,</strong></span> <span class='ocrx_word' id='word_1_967' title='bbox 3480 5000 3617 5055; x_wconf 83' lang='grc' dir='ltr'><strong>ἀλλά</strong></span> 
     </span>
    </p>
   </div>
   <div class='ocr_carea' id='block_1_121' title="bbox 1942 5082 3610 5160">
    <p class='ocr_par' dir='ltr' id='par_1_121' title="bbox 1942 5082 3610 5160">
     <span class='ocr_line' id='line_1_121' title="bbox 1942 5082 3610 5160; baseline 0.003 -23"><span class='ocrx_word' id='word_1_968' title='bbox 1942 5088 2112 5159; x_wconf 82' lang='grc' dir='ltr'><strong>ταύτῃ</strong></span> <span class='ocrx_word' id='word_1_969' title='bbox 2149 5087 2346 5159; x_wconf 80' lang='grc' dir='ltr'><strong>μᾶλλον</strong></span> <span class='ocrx_word' id='word_1_970' title='bbox 2372 5087 2492 5148; x_wconf 89' lang='grc' dir='ltr'><strong>ταῖς</strong></span> <span class='ocrx_word' id='word_1_971' title='bbox 2520 5085 2782 5154; x_wconf 85' lang='grc' dir='ltr'><strong>χρησταῖς</strong></span> <span class='ocrx_word' id='word_1_972' title='bbox 2820 5082 2998 5136; x_wconf 86' lang='grc' dir='ltr'><strong>ἐλπίσι</strong></span> <span class='ocrx_word' id='word_1_973' title='bbox 3031 5083 3443 5154; x_wconf 85' lang='grc' dir='ltr'><strong>τρεφέσθωσαν,</strong></span> <span class='ocrx_word' id='word_1_974' title='bbox 3469 5087 3551 5141; x_wconf 84' lang='grc' dir='ltr'><strong>ὃτι</strong></span> <span class='ocrx_word' id='word_1_975' title='bbox 3578 5091 3610 5160; x_wconf 84' lang='grc' dir='ltr'>ή</span> 
     </span>
    </p>
   </div>
   <div class='ocr_carea' id='block_1_122' title="bbox 1940 5170 3615 5247">
    <p class='ocr_par' dir='ltr' id='par_1_122' title="bbox 1940 5170 3615 5247">
     <span class='ocr_line' id='line_1_122' title="bbox 1940 5170 3615 5247; baseline 0.001 -19"><span class='ocrx_word' id='word_1_976' title='bbox 1940 5176 2048 5230; x_wconf 89' lang='grc' dir='ltr'><strong>τῶν</strong></span> <span class='ocrx_word' id='word_1_977' title='bbox 2081 5172 2404 5247; x_wconf 79' lang='grc' dir='ltr'><strong>πειρασμῶν</strong></span> <span class='ocrx_word' id='word_1_978' title='bbox 2435 5171 2697 5240; x_wconf 80' lang='grc' dir='ltr'><strong>ἐπαγωγὴ</strong></span> <span class='ocrx_word' id='word_1_979' title='bbox 2735 5170 3015 5239; x_wconf 86' lang='grc' dir='ltr'><strong>στεφάνων</strong></span> <span class='ocrx_word' id='word_1_980' title='bbox 3042 5170 3297 5234; x_wconf 82' lang='grc' dir='ltr'><strong>ὑπόθεσις</strong></span> <span class='ocrx_word' id='word_1_981' title='bbox 3321 5172 3507 5238; x_wconf 83' lang='grc' dir='ltr'><strong>αὐτοῖς</strong></span> <span class='ocrx_word' id='word_1_982' title='bbox 3529 5176 3615 5244; x_wconf 89' lang='grc' dir='ltr'><strong>γί-</strong></span> 
     </span>
    </p>
   </div>
   <div class='ocr_carea' id='block_1_123' title="bbox 1941 5259 3615 5338">
    <p class='ocr_par' dir='ltr' id='par_1_123' title="bbox 1941 5259 3615 5338">
     <span class='ocr_line' id='line_1_123' title="bbox 1941 5259 3615 5338; baseline 0.001 -23"><span class='ocrx_word' id='word_1_983' title='bbox 1941 5281 2089 5318; x_wconf 87' lang='grc' dir='ltr'><strong>νεται</strong></span> <span class='ocrx_word' id='word_1_984' title='bbox 2121 5264 2214 5316; x_wconf 74' lang='grc' dir='ltr'><strong>καὶ</strong></span> <span class='ocrx_word' id='word_1_985' title='bbox 2247 5260 2532 5338; x_wconf 81' lang='grc' dir='ltr'><strong>βραϐείων·</strong></span> <span class='ocrx_word' id='word_1_986' title='bbox 2575 5259 2683 5312; x_wconf 78' lang='grc' dir='ltr'><strong>εἴτε</strong></span> <span class='ocrx_word' id='word_1_987' title='bbox 2707 5259 2766 5311; x_wconf 83' lang='grc' dir='ltr'><strong>ἐν</strong></span> <span class='ocrx_word' id='word_1_988' title='bbox 2799 5259 3159 5331; x_wconf 84' lang='grc' dir='ltr'><strong>ἁμαρτήμασι</strong></span> <span class='ocrx_word' id='word_1_989' title='bbox 3191 5262 3475 5328; x_wconf 88' lang='grc' dir='ltr'><strong>γεγονότες</strong></span> <span class='ocrx_word' id='word_1_990' title='bbox 3501 5267 3615 5325; x_wconf 86' lang='grc' dir='ltr'><strong>τοῖς</strong></span> 
     </span>
    </p>
   </div>
   <div class='ocr_carea' id='block_1_124' title="bbox 1938 5349 3614 5425">
    <p class='ocr_par' dir='ltr' id='par_1_124' title="bbox 1938 5349 3614 5425">
     <span class='ocr_line' id='line_1_124' title="bbox 1938 5349 3614 5425; baseline -0.002 -18"><span class='ocrx_word' id='word_1_991' title='bbox 1938 5354 2202 5425; x_wconf 84' lang='grc' dir='ltr'><strong>λυπηροῖς</strong></span> <span class='ocrx_word' id='word_1_992' title='bbox 2228 5350 2556 5420; x_wconf 72' lang='grc' dir='ltr'><strong>ἐναφίενται,</strong></span> <span class='ocrx_word' id='word_1_993' title='bbox 2584 5350 2718 5422; x_wconf 83' lang='grc' dir='ltr'><strong>μηδέ</strong></span> <span class='ocrx_word' id='word_1_994' title='bbox 2750 5349 2892 5404; x_wconf 76' lang='grc' dir='ltr'><strong>οὕτω</strong></span> <span class='ocrx_word' id='word_1_995' title='bbox 2914 5349 3500 5418; x_wconf 85' lang='grc' dir='ltr'><strong>δυσανασχετείτωσαν,</strong></span> <span class='ocrx_word' id='word_1_996' title='bbox 3532 5353 3614 5404; x_wconf 86' lang='grc' dir='ltr'><strong>εί-</strong></span> 
     </span>
    </p>
   </div>
   <div class='ocr_carea' id='block_1_125' title="bbox 1937 5434 3612 5510">
    <p class='ocr_par' dir='ltr' id='par_1_125' title="bbox 1937 5434 3612 5510">
     <span class='ocr_line' id='line_1_125' title="bbox 1937 5434 3612 5510; baseline -0.002 -18"><span class='ocrx_word' id='word_1_997' title='bbox 1937 5439 2084 5504; x_wconf 89' lang='grc' dir='ltr'><strong>δότες</strong></span> <span class='ocrx_word' id='word_1_998' title='bbox 2105 5442 2186 5494; x_wconf 87' lang='grc' dir='ltr'><strong>ὅτι</strong></span> <span class='ocrx_word' id='word_1_999' title='bbox 2213 5439 2508 5510; x_wconf 87' lang='grc' dir='ltr'><strong>καθάρσιον</strong></span> <span class='ocrx_word' id='word_1_1000' title='bbox 2535 5437 2642 5491; x_wconf 89' lang='grc' dir='ltr'><strong>τῶν</strong></span> <span class='ocrx_word' id='word_1_1001' title='bbox 2669 5435 3095 5509; x_wconf 81' lang='grc' dir='ltr'><strong>ἁμαρτηθέντων</strong></span> <span class='ocrx_word' id='word_1_1002' title='bbox 3124 5437 3183 5488; x_wconf 87' lang='grc' dir='ltr'><strong>ἐν</strong></span> <span class='ocrx_word' id='word_1_1003' title='bbox 3203 5438 3363 5488; x_wconf 74' lang='grc' dir='ltr'><strong>παντὶ</strong></span> <span class='ocrx_word' id='word_1_1004' title='bbox 3386 5434 3461 5504; x_wconf 85' lang='grc' dir='ltr'><strong>τῷ</strong></span> <span class='ocrx_word' id='word_1_1005' title='bbox 3486 5436 3612 5506; x_wconf 89' lang='grc' dir='ltr'><strong>χρό-</strong></span> 
     </span>
    </p>
   </div>
   <div class='ocr_carea' id='block_1_126' title="bbox 1937 5523 3610 5600">
    <p class='ocr_par' dir='ltr' id='par_1_126' title="bbox 1937 5523 3610 5600">
     <span class='ocr_line' id='line_1_126' title="bbox 1937 5523 3610 5600; baseline -0.004 -20"><span class='ocrx_word' id='word_1_1006' title='bbox 1937 5545 2012 5600; x_wconf 82' lang='grc' dir='ltr'><strong>νῳ</strong></span> <span class='ocrx_word' id='word_1_1007' title='bbox 2040 5530 2328 5598; x_wconf 76' lang='grc' dir='ltr'><strong>γενήσεται</strong></span> <span class='ocrx_word' id='word_1_1008' title='bbox 2365 5529 2399 5598; x_wconf 80' lang='grc' dir='ltr'>ἡ</span> <span class='ocrx_word' id='word_1_1009' title='bbox 2433 5525 2638 5579; x_wconf 83' lang='grc' dir='ltr'><strong>τούτων</strong></span> <span class='ocrx_word' id='word_1_1010' title='bbox 2676 5525 2960 5596; x_wconf 82' lang='grc' dir='ltr'><strong>ἐπαγωγὴ,</strong></span> <span class='ocrx_word' id='word_1_1011' title='bbox 2993 5523 3212 5578; x_wconf 83' lang='grc' dir='ltr'><strong>ἐπειδὰν</strong></span> <span class='ocrx_word' id='word_1_1012' title='bbox 3243 5525 3359 5594; x_wconf 79' lang='grc' dir='ltr'><strong>μετ’</strong></span> <span class='ocrx_word' id='word_1_1013' title='bbox 3389 5524 3610 5591; x_wconf 85' lang='grc' dir='ltr'><strong>εὐχαρι-</strong></span> 
     </span>
    </p>
   </div>
   <div class='ocr_carea' id='block_1_127' title="bbox 1939 5607 3610 5683">
    <p class='ocr_par' dir='ltr' id='par_1_127' title="bbox 1939 5607 3610 5683">
     <span class='ocr_line' id='line_1_127' title="bbox 1939 5607 3610 5683; baseline -0.005 -13"><span class='ocrx_word' id='word_1_1014' title='bbox 1939 5617 2090 5680; x_wconf 89' lang='grc' dir='ltr'><strong>στίας</strong></span> <span class='ocrx_word' id='word_1_1015' title='bbox 2119 5615 2293 5669; x_wconf 88' lang='grc' dir='ltr'><strong>πάντα</strong></span> <span class='ocrx_word' id='word_1_1016' title='bbox 2326 5614 2395 5667; x_wconf 87' lang='grc' dir='ltr'><strong>τά</strong></span> <span class='ocrx_word' id='word_1_1017' title='bbox 2420 5613 2642 5666; x_wconf 84' lang='grc' dir='ltr'><strong>ἐπιόντα</strong></span> <span class='ocrx_word' id='word_1_1018' title='bbox 2663 5611 2966 5683; x_wconf 82' lang='grc' dir='ltr'><strong>δεχώμεθα.</strong></span> <span class='ocrx_word' id='word_1_1019' title='bbox 3000 5611 3173 5665; x_wconf 84' lang='grc' dir='ltr'><strong>Τοῦτο</strong></span> <span class='ocrx_word' id='word_1_1020' title='bbox 3195 5612 3302 5680; x_wconf 84' lang='grc' dir='ltr'><strong>γάρ</strong></span> <span class='ocrx_word' id='word_1_1021' title='bbox 3332 5607 3610 5678; x_wconf 86' lang='grc' dir='ltr'><strong>εὐγνώμο-</strong></span> 
     </span>
    </p>
   </div>
   <div class='ocr_carea' id='block_1_128' title="bbox 1935 5693 3608 5772">
    <p class='ocr_par' dir='ltr' id='par_1_128' title="bbox 1935 5693 3608 5772">
     <span class='ocr_line' id='line_1_128' title="bbox 1935 5693 3608 5772; baseline -0.007 -14"><span class='ocrx_word' id='word_1_1022' title='bbox 1935 5722 2024 5769; x_wconf 87' lang='grc' dir='ltr'><strong>νος</strong></span> <span class='ocrx_word' id='word_1_1023' title='bbox 2045 5704 2276 5764; x_wconf 83' lang='grc' dir='ltr'><strong>οἰκέτου,</strong></span> <span class='ocrx_word' id='word_1_1024' title='bbox 2307 5703 2367 5755; x_wconf 86' lang='grc' dir='ltr'><strong>τὸ</strong></span> <span class='ocrx_word' id='word_1_1025' title='bbox 2401 5702 2474 5772; x_wconf 81' lang='grc' dir='ltr'><strong>μὴ</strong></span> <span class='ocrx_word' id='word_1_1026' title='bbox 2512 5701 2689 5771; x_wconf 90' lang='grc' dir='ltr'><strong>μόνον,</strong></span> <span class='ocrx_word' id='word_1_1027' title='bbox 2733 5700 2898 5770; x_wconf 78' lang='grc' dir='ltr'><strong>ἡνίκα</strong></span> <span class='ocrx_word' id='word_1_1028' title='bbox 2921 5697 3106 5760; x_wconf 86' lang='grc' dir='ltr'><strong>ἀδείας</strong></span> <span class='ocrx_word' id='word_1_1029' title='bbox 3141 5693 3408 5766; x_wconf 79' lang='grc' dir='ltr'><strong>ἀπολαύῃ,</strong></span> <span class='ocrx_word' id='word_1_1030' title='bbox 3441 5695 3608 5765; x_wconf 85' lang='grc' dir='ltr'><strong>εὐχα-</strong></span> 
     </span>
    </p>
   </div>
   <div class='ocr_carea' id='block_1_129' title="bbox 1999 5831 3606 5906">
    <p class='ocr_par' dir='ltr' id='par_1_129' title="bbox 1999 5831 3606 5906">
     <span class='ocr_line' id='line_1_129' title="bbox 1999 5831 3606 5906; baseline -0.009 -10"><span class='ocrx_word' id='word_1_1031' title='bbox 1999 5847 2026 5887; x_wconf 72' lang='grc' dir='ltr'><strong>Ι»</strong></span> <span class='ocrx_word' id='word_1_1032' title='bbox 2060 5846 2356 5906; x_wconf 70' lang='grc' dir='ltr'><strong>Ἐλέγχηται,</strong></span> <span class='ocrx_word' id='word_1_1033' title='bbox 2369 5843 2427 5892; x_wconf 85' lang='lat' dir='ltr'><strong>ad</strong></span> <span class='ocrx_word' id='word_1_1034' title='bbox 2449 5843 2681 5897; x_wconf 75' lang='lat' dir='ltr'><strong>litteram,</strong></span> <span class='ocrx_word' id='word_1_1035' title='bbox 2697 5839 3036 5906; x_wconf 54' lang='lat' dir='ltr'><strong>redurggmng‘,</strong></span> <span class='ocrx_word' id='word_1_1036' title='bbox 3048 5833 3312 5906; x_wconf 10' lang='lat' dir='ltr'><strong>aliiquandq</strong></span> <span class='ocrx_word' id='word_1_1037' title='bbox 3321 5835 3486 5906; x_wconf 35' lang='lat' dir='ltr'><strong>etl‘i-am.</strong></span> <span class='ocrx_word' id='word_1_1038' title='bbox 3500 5831 3606 5906; x_wconf 56' lang='lat' dir='ltr'><strong>vi):-</strong></span> 
     </span>
    </p>
   </div>
   <div class='ocr_carea' id='block_1_130' title="bbox 1934 5895 3602 5969">
    <p class='ocr_par' dir='ltr' id='par_1_130' title="bbox 1934 5895 3602 5969">
     <span class='ocr_line' id='line_1_130' title="bbox 1934 5895 3602 5969; baseline -0.011 -11"><span class='ocrx_word' id='word_1_1039' title='bbox 1934 5895 2089 5963; x_wconf 52' lang='lat' dir='ltr'><strong>calur;</strong></span> <span class='ocrx_word' id='word_1_1040' title='bbox 2113 5895 2535 5969; x_wconf 54' lang='grc' dir='ltr'><strong>γεῖὸῇψνίηιαιιιν,</strong></span> <span class='ocrx_word' id='word_1_1041' title='bbox 2563 5895 3164 5964; x_wconf 62' lang='grc' dir='ltr'><strong>ιιιιοέρηευἹτοίτῆριιιρτ</strong></span> <span class='ocrx_word' id='word_1_1042' title='bbox 3187 5896 3314 5958; x_wconf 80' lang='lat' dir='ltr'><strong>apud</strong></span> <span class='ocrx_word' id='word_1_1043' title='bbox 3351 5895 3602 5955; x_wconf 64' lang='lat' dir='ltr'><strong>Cllrysust.</strong></span> 
     </span>
    </p>
   </div>
   <div class='ocr_carea' id='block_1_131' title="bbox 1937 5971 2161 6021">
    <p class='ocr_par' dir='ltr' id='par_1_131' title="bbox 1937 5971 2161 6021">
     <span class='ocr_line' id='line_1_131' title="bbox 1937 5971 2161 6021; baseline -0.027 -1"><span class='ocrx_word' id='word_1_1044' title='bbox 1937 5971 2161 6021; x_wconf 80' lang='lat' dir='ltr'><strong>habetur.</strong></span> 
     </span>
    </p>
   </div>
  </div>
