4020 6136
423 346 532 408 575

429 467 628 540 ριστεῖν
664 464 742 535 τῷ
769 459 1023 530 δεσπότῃ,
1055 455 1190 540 ἀλλά
1224 454 1321 540 καὶ⁸
1366 455 1424 540 ἐΔν
1456 454 1592 540 τοῖς.
1610 446 1874 540 ἐναντίοις

427 527 598 620 αὐτην
627 527 1045 620 εὐγνωμοσύνην
1067 535 1495 620 ἐπιδείκνυσθαι.
1523 532 1679 620 Οῦτω
1711 529 1821 600 769
1854 527 1948 620 καὶ
1976 527 2011 620 ὀ

430 610 775 706 πατριάρχης
799 610 954 689 οὗτος
975 622 1322 706 εὐδοκίμησε,
1353 619 1451 706 καὶἶ
1469 615 1738 706 τοσαύτης
1765 612 1917 706 παρά
1935 610 2014 682 τῷ

427 695 556 788 Θεῷ
579 695 757 785 τυχῶν
785 708 1119 782 παρρησίας,
1163 706 1258 758 καὶ
1281 699 1497 773 δωρεὰς
1534 699 1748 770 ἐδέχετο
1777 695 2014 758 νικώσας

429 800 530 869 τὴν
561 797 726 868 φύσιν
748 795 847 866 τὴν
875 788 1245 862 ἀνθρωπίνην.

486 859 530 934 δ’
539 920 553 933 .
573 859 891 946 ςΛναγκαῖον
907 874 964 927 δέ
978 859 1140 926 πάλιν
1153 871 1246 923 ἐπὶ
1259 869 1360 940 τὴν
1375 865 1694 922 ἀκολουθίαν
1704 859 2016 946 ἐπανελθεῖν

431 964 528 1017 τοῦ
548 945 729 1032 λόγου,
747 961 842 1013 καὶ
865 959 990 1012 ἰδεῖν
1005 954 1101 1008 τοῦ
1121 953 1331 1007 δικαίου
1349 950 1447 1022 τὴν
1469 947 1737 1018 ὑπακοὴν,
1755 947 1852 1032 καὶ
1870 945 2018 1032 ὅπως

433 1049 514 1110 εἰς
541 1025 700 1117 ἔργον
729 1045 906 1114 ήγαγε
935 1039 1006 1092 τά
1035 1038 1190 1109 παρά
1225 1036 1319 1089 τοῦ
1342 1033 1478 1088 Θεοῦ
1511 1030 1930 1117 ἐπιταττόμενα,
1956 1025 2019 1117 ού

434 1108 733 1200 ζητῶν-τὸν
753 1108 936 1192 λόγον,
969 1121 1089 1175 οὐδὲ
1121 1108 1353 1180 εὐθύνας
1389 1115 1658 1200 ἀπαιτῶν,
1685 1111 1936 1180 καθάπερ
1969 1108 2019 1200 οἰ

435 1193 622 1266 πολλοί
638 1211 746 1264 τῶν
769 1209 1011 1277 ἀνοήτων
1031 1203 1243 1258 ποιοῦσι
1266 1199 1753 1275 περιεργαζόμενοι
1781 1197 1849 1250 τὰ
1871 1193 2022 1264 παρά

435 1295 532 1349 τοῦ
553 1293 688 1349 Θεοῦ
718 1292 998 1362 γινόμενα,
1029 1288 1123 1341 καί
1149 1287 1400 1355 λέγοντες
1417 1303 1430 1316 ·
1458 1285 1550 1346 Εἰς
1575 1282 1628 1334 τί
1655 1281 1844 1344 τοῦτο;
1875 1281 1955 1362 εἰς
1970 1277 2022 1362 τί

439 1381 645 1441 ἐκεῖνο;
675 1361 768 1430 καὶ
795 1375 848 1428 τί
874 1373 934 1426 τὸ
964 1371 1157 1442 διρελος
1183 1369 1292 1423 ἀπὸ
1315 1368 1408 1421 τοῦ
1436 1367 1552 1420 τόδε
1579 1361 1905 1433 γενέσθαι,ἢ
1936 1361 2024 1415 τό-

437 1461 527 1524 δε;
567 1459 706 1512 Ἀλλ’
735 1458 836 1528 οὐχ
857 1456 886 1507 6
913 1455 1118 1516 δίκαιος
1143 1451 1338 1514 οὕτως·
1372 1447 1510 1503 ἀλλὰ
1540 1447 1788 1516 καθάπερ
1808 1443 2025 1514 οἰκέτης

440 1542 841 1611 φιλοδέσποτος,
866 1537 1041 1599 οὕτως
1069 1535 1213 1604 ἀπερ
1235 1533 1300 1586 ἂν
1329 1531 1595 1601 ἐπετάγη,
1616 1532 1696 1592 εἰς
1718 1528 1876 1599 ἔργον
1897 1528 2028 1595 ἀγα·

440 1630 558 1697 γεῖν
586 1623 837 1687 ἔσπευδε,
873 1623 948 1692 μὴ
977 1616 1494 1689 περιεργαζόμενος.
1546 1615 1658 1697 Καὶ
1694 1613 1783 1697 ἵνα
1827 1612 2025 1697 μάθῃς,

445 1694 610 1765 ἀκουε
632 1706 741 1760 τῶν
766 1705 911 1775 ἑξῆς.
951 1699 1171 1772 Ἐπειδὴ
1190 1701 1298 1771 γὰρ
1324 1698 1423 1768 τὴν
1452 1696 1744 1765 ὑπόσχεσιν
1769 1694 2028 1764 ἐποιήσα-

440 1810 504 1846 το
531 1793 665 1864 πρὸς
689 1790 848 1844 αὑτὸν
867 1790 896 1841 6
923 1785 1220 1855 Δεσπότης,
1243 1783 1337 1836 καὶ
1365 1781 1578 1834 ἐτέλεσε
1592 1778 1700 1864 ,τὴν
1726 1775 2028 1864 [4091πρὸς

442 1859 608 1931 αὐτὸν
655 1873 913 1940 διάλεξιν,
959 1869 1162 1932 εὐθέως
1218 1868 1246 1920 6
1299 1865 1504 1928 δίκαιος
1547 1862 1618 1916 τά
1670 1859 2030 1915 κελευσθέντα

443 1959 705 2030 ἐπλήρου,
734 1957 828 2010 καὶ
847 1953 910 2007 τὸ
938 1953 1163 2023 σημεῖον
1200 1948 1261 2001 τὸ
1289 1946 1440 2019 παρά
1468 1943 1563 2030 τοῦ
1578 1943 1723 2030 Θεοῦ
1747 1941 2031 1996 κελευσθὲν

445 2027 684 2098 ἐπετίθει
723 2038 801 2110 τῷ
839 2035 1085 2107 Ἰσμαὴλ,
1117 2032 1216 2104 τὴν
1244 2029 1542 2102 περιτομὴν
1575 2028 1737 2110 λέγω,
1774 2029 1879 2110 καί
1897 2027 2031 2078 πᾶσι

446 2127 560 2187 τοῖς
576 2107 899 2190 οἰκογενέσι,
922 2117 1142 2180 καὶτοῖς
1162 2113 1592 2186 ἀργυρωνήτοις,
1609 2109 1752 2163 καθά
1773 2107 2034 2177 ἐλάλησεν

446 2206 600 2277 αὐτῷ
621 2207 650 2259 6
670 2205 824 2268 Θεός.
853 2196 1295 2277 Περιετέμετοᾲδέ
1319 2198 1412 2249 καὶ
1435 2193 1615 2257 αὐτός.
1647 2193 2033 2253 Ἐννενήκον-

447 2305 526 2344 τα
555 2273 664 2359 γὰρ
693 2287 788 2340 καὶ
822 2283 1000 2338 ἐννέα
1026 2279 1177 2336 ἐτῶν
1205 2275 1305 2349 ἦν,
1348 2279 1534 2348 φησὶν,
1564 2277 1748 2359 ἠνίκά
1773 2273 2034 2359 περιεπέ-

444 2355 590 2442 μετο
614 2355 730 2438 τὴν
757 2372 956 2435 σάρκα
988 2365 1100 2432 τῆς
1120 2362 1523 2431 ἀκροϐυστίας
1547 2358 1755 2442 αὐτοῦ’
1792 2355 2036 2442 έισμαῂλ

447 2435 520 2505 δὲ
547 2448 625 2522 ἦν
651 2435 804 2504 ἐτῶν
827 2445 1168 2512 δεκατριῶν.
1192 2444 1282 2513 Μὴ
1309 2443 1536 2513 νομίσῃς
1561 2435 1748 2503 ἁπλῶς
1779 2441 1908 2522 ἡμῖν
1929 2436 2038 2522 τῶν

450 2520 591 2590 ἐτῶν
609 2533 700 2587 τὸν
717 2531 950 2604 ἀριθμὸν
968 2528 1066 2599 τήν
1089 2528 1126 2580 Γ
1131 2527 1310 2599 ραφὴν
1328 2523 1789 2604 ἐπισημήνασθαιέ
1813 2520 1926 2574 ἀλλ’
1950 2521 2038 2604 ῖνα

452 2619 549 2672 καὶ
573 2619 636 2671 ἐκ
661 2600 849 2669 τούτου
876 2611 1052 2683 μάθῃς
1073 2608 1168 2662 τοῦ
1194 2607 1402 2660 δικαίου
1429 2605 1526 2676 τὴν
1549 2603 1748 2673 πολλὴν
1771 2600 2037 2671 ὑπακοὴν,

448 2703 536 2755 ὅτι
564 2701 623 2753 ἐν
651 2698 864 2768 ἐσχάτῳ
893 2696 1037 2765 γήρᾳ
1066 2691 1143 2744 ὢν
1170 2690 1360 2761 πράως
1388 2689 1586 2760 ήνεγκε
1616 2688 1714 2757 τήν
1740 2683 1931 2768 ὀδύνην
1952 2683 2039 2768 διά

451 2783 516 2837 τὸ
544 2781 639 2837 τοῦ
669 2766 804 2833 Θεοῦ
839 2778 1141 2846 ἐπίταγμα.
1178 2773 1266 2826 διά
1288 2772 1446 2825 τοῦτο
1478 2771 1710 2824 ποιεῖται
1739 2767 1836 2839 τὴν
1861 2766 2040 2820 αὐτῶν

451 2863 850 2934 ἀπαρίθμησιν,
868 2859 960 2913 καὶ
976 2859 1077 2912 ούκ
1099 2856 1262 2918 αὐτὸς
1286 2853 1466 2926 μόνος,
1492 2852 1627 2906 ἀλλά
1651 2852 1745 2903 καί
1764 2854 1803 2934 6
1821 2848 2042 2934 Ἰσμαὴλ

456 2949 552 3002 καὶ
588 2933 786 3008 πάντες
823 2946 871 2996 οἰ
908 2941 1223 3010 οἰκογενεῖς.
1271 2937 1406 2990 Ούδέ
1437 2936 1547 3006 769
1577 2934 1638 2987 τὸ
1677 2933 1838 3003 τυχόν
1871 2933 2040 2998 ἐστιν,

453 3027 727 3099 ἀγαπητέη
767 3026 1116 3096 ὑγιαίνουσαν
1169 3021 1348 3091 σάρκα
1381 3019 1685 3088 ἀποτεμεῖν
1730 3017 1824 3069 καὶ
1861 3015 2044 3080 κακῶς

456 3098 705 3183 ἔχουσαν.
735 3111 797 3163 Εἰ
833 3110 942 3178 γάρ
973 3107 1068 3160 καὶ
1107 3103 1308 3175 ἰατρῶν
1337 3101 1525 3164 παῖδες
1567 3099 1725 3183 μέλος
1753 3098 2042 3183 ἀρῤωατῆο

459 3181 560 3248 σαν
579 3193 974 3263 ἀποτέμνουσιν
991 3202 1041 3253 ει,
1065 3187 1178 3242 ἀλλ’
1197 3186 1297 3239 οὐκ
1323 3183 1413 3255 ἴση
1435 3183 1645 3253 γίνεται
1663 3181 1785 3234 τότε
1805 3185 1836 3250 ή
1859 3182 2041 3252 ὀδύνη.

459 3275 750 3347 Νεκρωθέν
777 3272 908 3344 γὰρ,
934 3271 1010 3333 ὼς
1031 3271 1226 3331 εἰπεῖν,
1254 3266 1439 3320 λοιπὸν
1463 3265 1556 3319 καὶ
1581 3266 1679 3333 τῆς
1709 3263 1946 3347 ζωτικῆς
1963 3263 2046 3316 δυ-

459 3346 678 3428 νάμεως
700 3353 1067 3424 ἀωστερηθέν
1097 3350 1474 3419 ἐκτέμνουσιν.
1505 3347 1764 3400 Ἐνταῦθα
1792 3347 1848 3398 δὲ
1869 3346 2044 3417 γέρων

461 3441 560 3495 καὶ
590 3437 900 3510 πρεσϐύτης
953 3433 1168 3493 (ἑκατὸν
1208 3432 1317 3503 γάρ
1365 3430 1501 3483 ἐτῶν
1540 3429 1823 3500 ἐτύγχανε)
1857 3430 2046 3497 πράως

460 3524 661 3595 ήνεγκε
701 3521 799 3592 τὴν
840 3518 1052 3588 ὀδύνην,
1081 3514 1216 3587 ὁμοῦ
1255 3513 1347 3566 καὶ
1380 3512 1474 3567 τοῦ
1505 3513 1639 3565 Θεοῦ
1670 3513 1731 3564 τὸ
1768 3511 2046 3582 ἐπίταγμα

461 3607 543 3669 εἰς
566 3604 726 3676 ἔργον
749 3605 974 3671 ἀγαγεῖν
1001 3598 1268 3661 σπεύδων,
1298 3597 1394 3651 καὶ
1420 3595 1510 3649 τὸν
1542 3595 1655 3648 υἰὸν
1686 3595 1778 3648 καί
1810 3595 1935 3657 τοὺς
1965 3595 2047 3647 οἰ-

463 3689 704 3757 κογενεῖς
737 3686 983 3748 ἅπαντας
1009 3679 1445 3755 προθυμοτέρους
1489 3679 1874 3749 ἐργαζόμενος,
1905 3677 2045 3731 ὥστε

467 3772 544 3844 μὴ
578 3771 866 3832 ἐνδοιάσαι,
900 3767 1036 3823 ἀλλά
1075 3766 1213 3836 μετά
1239 3762 1436 3818 πολλοῦ
1470 3763 1564 3815 τοῦ
1583 3762 1784 3844 τάχους
1807 3761 1870 3814 τὸ
1897 3763 2046 3832 παρά

463 3842 561 3909 τοῦ
599 3855 735 3908 Θεοῦ
775 3849 1114 3926 προσταχθὲν
1159 3847 1490 3902 ἐπιτελέσαι.
1538 3842 1690 3909 Εἶδες
1733 3847 1856 3898 ὅσον
1899 3846 2046 3899 ἐστὶν

463 3939 606 4009 ἀνὴρ
636 3937 910 4008 ἐνάρετος,
937 3937 1083 3996 ὅπως
1110 3931 1204 3986 καὶ
1232 3932 1356 3993 τοὺς
1379 3928 1853 4000 ὑπηρετουμένους
1877 3927 2048 3983 ἀπαν-

465 4037 565 4083 τας
606 4019 890 4072 ἐπαίδευσε
923 4017 1043 4070 κατ’
1077 4017 1222 4084 ἴχνος
1260 4011 1426 4067 αὐτοῦ
1463 4011 1697 4082 βαίνεινς
1736 4013 1910 4081 Ὅπερ
1939 4011 2046 4082 769

467 4101 594 4172 χθές
629 4101 834 4169 ἔλεγον,
874 4099 1031 4151 τοῦτο
1059 4098 1221 4149 πάλιν
1258 4095 1352 4148 καὶ
1388 4094 1480 4147 νῦν
1507 4093 1637 4163 ἐρῶο
1668 4093 1750 4145 δτι
1777 4092 1864 4144 διά
1894 4092 2048 4146 τοῦτο

467 4184 654 4236 λοιπὸν
683 4183 743 4246 ἐξ
768 4182 976 4234 ἐκείνου
1007 4181 1336 4248 πρόσταγμα
1365 4175 1555 4243 γέγονε
1588 4173 1737 4246 παρὰ
1763 4175 1856 4227 τοῦ
1889 4175 2045 4240 Θεοῦ,

468 4265 614 4320 ὥστε
645 4267 702 4318 ὲν
743 4264 908 4334 ἀώρῳ
944 4266 1011 4333 τῇ
1050 4261 1237 4332 ήλικίιέ⁴
1260 4259 1416 4313 τοῦτο
1443 4258 1732 4328 ὑπομένειν
1767 4259 1892 4321 τοὺς
1925 4261 2048 4312 παῖ-

468 4349 589 4415 δας,
626 4348 712 4402 ἵνα
733 4347 790 4401 ἐν
821 4343 1150 4418 ἀναισθησίᾳ
1170 4343 1266 4414 τὴν
1291 4341 1527 4413 ἐκτομὴν
1552 4340 1651 4410 τῆς
1681 4340 1884 4412 σαρκὸς
1914 4340 2048 4394 ὑπο-

471 4433 730 4505 μένοντες
759 4429 1029 4501 μηδεμίαν
1059 4427 1159 4498 τῆς
1185 4425 1377 4496 ὀδύνης
1401 4427 1592 4496 πεῖραν
1615 4423 1870 4477 λάϐωσιν.

555 4513 715 4567 Ἀλλά
750 4513 941 4566 σκόπει
973 4529 1084 4582 μοι,
1116 4510 1385 4580 ἀγαπητέ,
1426 4506 1521 4561 τοῦ
1565 4505 1699 4560 Θεοῦ
1733 4508 1831 4577 τήν
1865 4505 2051 4575 φιλαν-

471 4596 738 4668 θρωπίαν,
766 4596 860 4648 κα⁴ι
873 4595 972 4666 τὴν
992 4596 1196 4662 ἄφατον
1220 4594 1349 4663 περὶ
1380 4592 1526 4662 ἡμᾶς
1552 4590 1886 4660 εὐεργεσίαν.
1906 4590 2053 4643 Ἐκεῖ

475 4680 569 4732 καὶ
592 4677 749 4757 ὀδύνη
768 4677 860 4730 καὶ
880 4677 1041 4737 πόνος
1062 4679 1126 4727 ἐκ
1145 4673 1247 4757 τοῦ
1265 4673 1572 4757 γινομένου,
1587 4673 1682 4726 καὶ
1698 4672 1850 4725 οὐδὲν
1863 4672 2049 4744 ἕτερον

473 4767 538 4818 ἐκ
563 4752 660 4834 τῆς
689 4761 990 4834 περιτομῆς
1011 4758 1200 4828 δφελος
1219 4752 1310 4826 ἦν,
1331 4756 1365 4825 ἢ
1391 4756 1547 4809 τοῦτο
1566 4757 1744 4826 μόνον,
1764 4756 1823 4809 :6
1849 4756 1935 4810 διὰ
1956 4756 2050 4810 τοῦ

475 4847 702 4919 σημείου
735 4845 925 4900 τούτου
950 4841 1262 4913 γνωρίμως
1292 4839 1489 4901 αὐτοὺς
1514 4834 1674 4904 εἶναι,
1696 4840 1789 4891 καὶ
1814 4838 1922 4892 τῶν
1942 4839 2048 4892 λοι-

473 4932 592 4984 πῶν
632 4928 800 4983 ἐθνῶν
830 4925 1180 4996 κεχωρίσθαι.
1226 4923 1290 4975 Ἦ
1319 4922 1374 4974 δὲ
1421 4921 1661 4991 ἡμετέρα
1693 4921 1979 4992 περιτομὴ.
2017 4923 2051 4993 ή

472 5015 567 5068 τοῦ
599 5012 968 5084 βαπτίσματος
1009 5007 1150 5074 λέγω
1190 5004 1368 5076 χάρις,
1407 5001 1673 5057 ἀνώδυνον
1701 5002 1812 5071 ἔχει
1844 5003 1942 5074 τὴν
1973 5005 2054 5056 ἰα-

471 5098 680 5169 τρείαν,
699 5096 793 5148 καὶ
817 5091 1022 5164 μυρίων
1044 5088 1263 5158 ἀγαθῶν
1284 5085 1538 5158 πρόξενος
1560 5084 1764 5155 γίνεται
1785 5085 1934 5155 ήμῖν,
1958 5086 2054 5138 καὶ

473 5168 572 5249 τῆς
592 5178 686 5231 τοῦ
718 5177 1030 5248 Πνεύματος
1053 5173 1200 5244 ήμᾶς
1223 5170 1526 5243 ἐμπίπλησι
1551 5169 1790 5240 χάριτος,
1814 5168 1909 5222 καὶ
1933 5169 2051 5222 ούδέ

471 5261 778 5334 ὡρισμένον
804 5261 916 5330 ἔχει
939 5257 1151 5328 καιρὸν,
1182 5253 1436 5324 καθάπερ
1467 5255 1601 5316 ἐκεῖ,
1623 5253 1736 5306 ἀλλ’
1759 5252 1934 5318 ἔξεστι
1959 5255 2052 5308 καὶ

471 5345 534 5398 ὲν
570 5342 733 5413 ἀώρῳ
760 5342 966 5413 ἡλικία,
1007 5342 1103 5393 καὶ
1130 5341 1188 5392 ἐν
1220 5337 1380 5409 μέσῃ,
1421 5336 1516 5390 καὶ
1546 5339 1603 5389 ἐν
1631 5335 1780 5407 αὐτῷ
1804 5336 1880 5406 τῷ
1906 5338 2052 5408 γήρα

473 5426 765 5496 γενόμενόν
801 5443 922 5477 τινα
960 5422 1166 5492 ταύτην
1199 5419 1456 5485 δέξασθαι
1497 5420 1596 5489 τὴν
1640 5420 2051 5490 ἀχειροποίητον

472 5509 796 5580 περιτομὴν,
826 5509 884 5560 ἐν
908 5501 1064 5578 ᾖούκ
1087 5505 1202 5558 ἐστι
1226 5504 1384 5574 μόνον
1411 5503 1718 5572 ὑπομεῖναι,
1735 5501 1850 5554 ἀλλ’
1873 5503 2051 5573 ἀμαρ-

474 5591 734 5664 τημάτων
764 5589 961 5661 φορτία
988 5587 1306 5652 ἀποθέσθαι,
1343 5585 1439 5640 καὶ
1465 5585 1575 5640 τῶν
1604 5587 1662 5640 ἐν
1687 5587 1847 5640 παντὶ
1875 5586 2049 5657 χρόνῳ

539 5770 568 5800 ⁸
593 5769 818 5833 Quinque
846 5781 959 5818 mss.
991 5765 1308 5831 ἆῤῥωστῆσαν
1342 5764 1448 5814 τότε
1471 5764 1830 5825 ἀποτέμνουσιν.

1101 339 1160 396 S.
1193 334 1478 396 JOANNIS
1510 325 2006 390 CHRYSOSTOMI
2040 321 2360 380 ARCIIIEP.
2399 316 2949 380 CONSTANTINOP.

3591 306 3701 369 574

2117 439 2603 514 πλημμελημάτων
2639 436 2740 506 τὴν
2781 429 3143 514 συγχώρησιν*
3157 423 3435 514 εὑρέσθαι.
3481 425 3708 496 Ἐπειδὴ

2119 509 2397 596 γάρήεἰδεν
2440 523 2469 574 6
2505 519 2883 589 φιλάνθρωπος
2922 512 3053 575 Θεὸς
3084 511 3183 581 τῆς
3221 509 3505 596 ἀσθενείας
3540 510 3710 581 ἡμῶν

2119 593 2215 681 τήν
2263 605 2590 677 ὑπερϐολὴν,
2643 602 2737 656 καὶ
2777 601 2860 654 ὃτι
2904 597 3096 650 ἀνίατα
3133 593 3413 659 νοσοῦντες
3459 593 3707 664 μεγάλης

2119 699 2351 772 δεόμεθα
2381 698 2480 768 τῆς
2511 696 2772 766 ἰατρείας,
2797 692 2891 746 καί
2918 689 3124 772 ἀφάτου
3145 687 3705 772 τῆςᾼφιλανθρωπίας,

2121 768 2420 852 οἰκονομῶν
2453 779 2553 850 τὴν
2591 776 2865 848 ἡμετέραν
2902 770 3196 842 σωτηρίαν,
3247 768 3538 841 ἐχαρίσατο
3571 770 3714 838 ἡμῖν

2122 867 2222 939 τὴν
2255 866 2344 918 διά
2373 862 2467 918 τοῦ
2495 859 2719 933 λουτροῦ
2757 859 2857 929 τῆς
2893 852 3308 922 παλιγγενεσίας
3341 853 3707 914 ἀνακαίνισιν,

2124 935 2214 1005 ἵνα
2235 947 2560 1017 ἀποθέμενοι
2588 944 2678 997 τὸν
2706 941 2934 996 παλαιὸν
2962 939 3266 1009 ἄνθρωπον,
3300 935 3443 990 τοῦτ’
3475 935 3590 988 ἔστι
3607 935 3712 998 τὰς

2125 1029 2352 1107 πράξεις
2388 1029 2486 1093 τάς
2511 1027 2773 1098 πονηράς,
2808 1025 2903 1079 καὶ
2936 1019 3412 1107 ἐνδυσάμενοιλτδν
3435 1019 3577 1082 νέον,
3613 1018 3712 1070 ἐπὶ

2126 1101 2225 1187 τήν
2255 1114 2357 1184 τῆς
2393 1111 2595 1184 ἀρετῆς
2637 1109 2757 1162 ὀδὸν
2798 1107 3120 1178 βαδίζωμεν.
3163 1103 3346 1164 Ἀλλὰ,
3379 1101 3710 1187 παρακαλῶ,

2131 1184 2206 1270 μή
2228 1196 2336 1250 τῶν
2356 1193 2708 1264 ἀγνωμόνων,
2729 1191 2837 1244 τῶν
2864 1189 3204 1260 ἀναισθήτων
3235 1187 3450 1270 χείρους
3471 1184 3714 1254 γενώμε-

2130 1268 2202 1334 θα
2241 1277 2523 1332 Ἰουδαίων.
2568 1276 2796 1328 Ἐκεῖνοι
2830 1273 2928 1344 μὲν
2951 1272 3057 1344 769
3084 1271 3364 1340 δεχόμενοι
3393 1268 3454 1320 τὸ
3482 1268 3715 1336 σημεῖον

2132 1361 2281 1438 [HO]
2322 1359 2478 1414 τοῦτο
2514 1358 2616 1429 τῆς
2649 1355 2972 1428 περιτομῆς,
3007 1350 3152 1425 εἶχον
3192 1352 3380 1438 ἱκανὴν
3410 1350 3719 1420 ἀσφάλειαν

2131 1433 2268 1517 πρὸς
2295 1445 2357 1498 τὸ
2383 1442 2578 1516 μηκέτι
2607 1438 3102 1512 συναναμίγνυσθαι
3127 1438 3239 1500 τοῖς
3266 1434 3440 1488 ἔθνεσι
3460 1433 3604 1517 κατά
3619 1433 3720 1517 τὸν

2132 1516 2233 1600 τῆς
2263 1526 2544 1589 κοινωνίας
2579 1524 2753 1592 λόγον’
2793 1522 2933 1577 κατά
2961 1521 3069 1592 γὰρ
3100 1520 3197 1591 τὴν
3225 1519 3480 1572 ἀσέϐειαν
3513 1516 3719 1570 πολλά-

2133 1632 2220 1678 κις
2251 1612 2448 1674 αὐτοὺς
2490 1610 2584 1664 καὶ
2613 1606 3043 1679 ύπερηκόντισαν
3067 1601 3382 1675 ἀγνώμονες
3408 1600 3719 1670 γεγονότες.

2147 1697 2285 1753 Ἀλλ’
2311 1697 2470 1767 ἡμεῖς
2494 1691 2640 1757 ἅπαξ
2665 1691 2946 1762 δεχόμενοι
2979 1689 3077 1758 τὴν
3101 1686 3190 1740 διά
3212 1685 3306 1739 τοῦ
3338 1685 3724 1756 βαπτίσματος

2136 1779 2456 1851 περιτομὴν,
2507 1773 2644 1845 μετὰ
2675 1772 2974 1841 ἀσφαλείας
3001 1770 3069 1824 τά
3095 1769 3217 1824 καθ’
3249 1770 3476 1851 ἑαυτοὺς
3506 1770 3722 1820 οἰκονο-

2140 1849 2421 1936 μή-σωμεν.
2463 1860 2538 1914 Θύ
2577 1857 2720 1927 λέγω
2758 1857 2846 1910 ἵνα
2890 1855 2965 1926 μή
3005 1849 3567 1921 συναναμιγνυώμεθα
3607 1853 3724 1912 τοῖς

2138 1935 2366 2010 ἔθνεσιν,
2388 1944 2502 1999 ἀλλ’
2528 1945 2616 1996 ἵνα
2639 1941 2733 1996 ἐπὶ
2755 1941 2854 2010 τῆς
2875 1939 3085 2002 οίκείας
3103 1937 3304 2010 ἀρετῆς
3327 1936 3602 2005 μένοντες,
3628 1935 3728 1988 καὶ

2137 2031 2363 2092 ἐκείνοις
2390 2022 2916 2097 συναναμιγνύμενοι
2935 2022 3184 2090 ἕλκωμεν
3209 2019 3405 2082 αὐτοὺς
3422 2020 3502 2082 εἰς
3520 2017 3621 2088 τὴν
3635 2017 3728 2068 εύ-

2141 2114 2378 2177 σέϐειαν,
2417 2111 2513 2165 καὶ
2555 2109 2642 2163 διά
2676 2110 2776 2178 τῆς
2818 2105 2928 2158 τῶν
2963 2103 3180 2172 ἀγαθῶν
3225 2102 3402 2176 ἔργων
3446 2099 3726 2162 πολιτείας

2139 2195 2486 2258 διδασκαλίας
2510 2194 2690 2256 αὐτοῖς
2712 2191 2967 2251 ὑπόθεσις
2991 2186 3290 2259 γινώμεθα.
3315 2184 3412 2239 Διά
3434 2185 3542 2256 γὰρ
3564 2182 3732 2236 τοῦτο

2141 2280 2234 2334 καὶ
2257 2282 2286 2333 6
2309 2279 2485 2343 κοινὸς
2518 2277 2771 2332 ἀπάντων
2811 2273 3084 2342 Δεσπότης
3117 2269 3490 2341 συνεχώρησεν
3516 2268 3729 2337 ἀναμε-

2147 2364 2335 2435 μίχθαι
2355 2363 2592 2424 καὶτοὺς
2617 2359 2887 2428 πονηροὺς
2912 2357 3006 2409 καί⁹
3037 2357 3162 2419 τοὺς
3182 2353 3438 2422 ἀγαθοὺς,
3471 2351 3565 2405 καὶ
3598 2351 3730 2413 τοὺς

2144 2434 2388 2508 εὐσεϐεῖς
2411 2446 2504 2498 καὶ
2529 2444 2654 2506 τοὺς
2676 2440 2914 2503 ἀσεϐεῖς,
2942 2439 3029 2491 ἶνα
3053 2438 3102 2490 οί
3130 2437 3354 2508 πονηροὶ
3372 2434 3734 2506 κερδαίνωσιν

2144 2529 2252 2584 ἀπὸ
2281 2528 2392 2582 τῶν
2423 2527 2664 2596 ἀγαθῶν,
2701 2524 2796 2577 καὶ
2826 2524 2876 2578 οί
2908 2523 2966 2575 ἐν
2999 2520 3224 2590 ἀσεϐείᾳ.
3263 2519 3343 2572 ἐτι
3371 2517 3731 2586 κατεχόμενοι

2144 2609 2587 2682 χειραγωγῶνται
2612 2606 2749 2678 πρὸς
2785 2606 2885 2675 τὴν
2912 2604 3212 2657 εὐσέϐειαν.
3249 2601 3413 2655 Οὐδὲν
3451 2600 3558 2670 769
3584 2599 3735 2651 οὓτω

2145 2695 2222 2764 τῷ
2242 2692 2360 2764 Θεῷ
2386 2689 2862 2762 περισπούδαστον,
2885 2688 2960 2750 ὼς
2989 2685 3234 2755 σωτηρία
3259 2684 3454 2754 ψυχῆς.
3491 2683 3584 2752 Μὴ
3615 2683 3734 2764 τοί-

2147 2763 2242 2830 νυν
2277 2763 2590 2846 ἀμελῶμεν,
2627 2770 2952 2842 παρακαλῶ,
2999 2769 3137 2840 μήτε
3175 2766 3403 2829 ἑαυτῶν,
3447 2766 3582 2836 μήτε
3621 2763 3735 2816 τῶν

2149 2860 2394 2930 πλησίον·
2421 2856 2628 2910 ἑαυτῶν
2662 2856 2780 2926 μὲν,
2816 2853 2904 2906 διά
2931 2850 3026 2904 τοῦ
3057 2850 3127 2904 τά
3158 2849 3276 2903 καθ’
3305 2849 3530 2910 ἑαυτοὺς
3554 2846 3735 2908 οὕτως

2148 2946 2469 3014 οἰκονομεῖν,
2492 2941 2568 3004 ὡς
2592 2940 2740 2992 δοκεῖ
2761 2937 2839 3008 τῷ
2865 2936 3003 3006 856')-
3027 2934 3135 2988 τῶν
3149 2933 3206 2987 δὲ
3230 2932 3476 3005 πλησίον,
3497 2932 3562 2984 ἶν’
3586 2930 3736 2984 οὕτω

2149 3028 2453 3098 λάμπωμεν
2474 3025 2530 3076 ἐν
2556 3023 2746 3094 ἀρετῇ,
2769 3019 2910 3072 ὥστε
2939 3017 3033 3071 καὶ
3061 3016 3334 3084 σιγώντων
3355 3016 3511 3085 ήμῶν
3538 3015 3736 3083 ἱκανὴν

2151 3095 2295 3182 ἐχειν
2317 3105 2663 3163 διδασκαλίαν
2684 3105 2809 3167 τοὺς
2847 3105 2926 3167 εἰς
2961 3103 3106 3173 ήμᾶς
3133 3101 3395 3173 δρῶντας.
3411 3100 3626 3182 ’Ὠσπερ
3641 3095 3738 3152 οὖν

2151 3181 2396 3265 ἐνάρετοι
2429 3190 2580 3252 ὅντες
2629 3187 2698 3240 τὰ
2744 3187 2972 3258 μέγιστα
3022 3185 3118 3239 καὶ
3156 3183 3309 3238 αὐτοὶ
3341 3181 3735 3253 κερδανοῦμεν,

2151 3264 2393 3338 καὶτοὺς
2423 3269 2680 3334 ἀπίστους
2699 3268 3076 3338 ώφελήσομεν,
3099 3265 3292 3329 οὕτως,
3312 3267 3360 3318 εἰ
3382 3264 3601 3336 ρᾳθυμή
3611 3281 3736 3317 σαι-

2156 3375 2276 3431 μεν,
2322 3357 2417 3410 καὶ
2452 3355 2605 3408 αὐτοὶ
2640 3352 2840 3423 πολλὴν
2888 3347 3307 3420 ὑποστησόμεθα
3329 3347 3444 3431 ⁸τὴν
3487 3346 3736 3412 κόλασιν,

2153 3428 2246 3496 καὶ
2279 3439 2484 3510 ἑτέροις
2514 3435 2810 3489 σκανδάλου
2854 3433 3107 3494 ὑπόθεσις
3143 3428 3505 3501 γενησόμεθα.
3546 3429 3738 3481 Καθά-

2154 3543 2259 3598 περ
2292 3524 2402 3595 γάρ
2433 3521 2530 3593 τὴν
2559 3520 2758 3592 ἀρετὴν
2792 3519 3065 3590 μετιόντες
3091 3515 3253 3585 διπλῇ
3282 3515 3372 3598 τὸν
3402 3515 3595 3585 μισθὸν
3618 3531 3737 3598 πα-

2154 3593 2239 3682 ρὰ·
2262 3593 2379 3661 τοῦ
2404 3602 2538 3659 Θεοῦ
2577 3601 2956 3682 καρπούμεθα,
2991 3601 3085 3654 καὶ
3115 3598 3257 3682 ὑπὲρ
3291 3593 3368 3653 ὧν
3411 3598 3477 3652 ἂν
3527 3597 3738 3664 ταύτην

2157 3677 2452 3765 μετίωμεν,
2495 3686 2588 3740 καὶ
2633 3685 2774 3756 ὑπὲρ
2825 3677 2901 3738 ὧν
2940 3685 3067 3747 τοὺς
3106 3681 3333 3752 πλησίον
3373 3678 3735 3765 ἐφελκώμεθα

2154 3763 2234 3838 εἰς
2265 3773 2362 3844 τὴν
2394 3771 2493 3842 τῆς
2519 3768 2723 3840 ἀρετῆς
2760 3766 3066 3821 κοινωνίαν·
3098 3766 3194 3844 τὸν
3226 3765 3388 3818 αὐτὸν
3419 3763 3484 3834 δὴ
3528 3764 3735 3834 τρόπον

2153 3859 2247 3911 καὶ
2275 3841 2366 3909 ἐπί
2397 3853 2494 3922 τῆς
2523 3851 2742 3914 κακίας,
2771 3850 2871 3921 οὐχ
2910 3849 3050 3920 ὑπὲρ
3088 3841 3162 3902 ὧν
3201 3847 3600 3918 ἡμαρτήκαμεν
3639 3863 3732 3899 κο-

2153 3936 2427 4009 λαζόμεθα
2456 3936 2634 4006 μόνον,
2667 3932 2782 3988 ἀλλ’
2807 3933 2946 4004 ὑπὲρ
2967 3927 3041 3986 ὧν
3073 3933 3166 3986 καί⁵
3195 3931 3412 4003 ἐτέρους
3439 3929 3735 3983 ὑποσκελί-

2155 4023 2341 4094 ζομεν.
2378 4017 2538 4072 Ἀ).λά
2565 4017 2639 4088 μὴ
2662 4017 2871 4084 γένοιτο
2899 4015 3009 4068 τῶν
3039 4013 3272 4068 ἐνταῦθά
3291 4031 3414 4067 τινα
3445 4013 3739 4066 συνιόντων

2153 4104 2392 4158 τοιοῦτον
2416 4099 2689 4169 γενέσθαι,
2716 4097 2853 4151 ἀλλά
2881 4099 3088 4161 πάντας
3111 4098 3258 4168 ἡμᾶς
3283 4097 3420 4166 πρὸς
3446 4095 3737 4165 οἰκοδομὴν

2156 4187 2263 4241 τῶν
2290 4184 2540 4257 ὁρώντων
2569 4181 2660 4235 τὸν
2688 4183 2896 4234 ἐαυτὼν
2924 4180 3038 4252 βίον
3068 4180 3282 4244 ἰθύνειν,
3310 4180 3396 4232 ἵνα
3416 4178 3740 4248 δυνηθῶμεν

2159 4268 2300 4341 μετά
2341 4265 2651 4338 παρρησίας
2704 4265 2894 4334 στῆναι
2951 4263 3041 4317 ἐπὶ
3077 4262 3171 4315 τοῦ
3202 4263 3441 4333 βήματος
3477 4261 3569 4314 τοῦ
3601 4263 3738 4330 Χρι-

2159 4351 2308 4416 στοῦ,
2354 4351 2450 4404 καὶ
2492 4349 2601 4402 τῶν
2628 4348 2956 4419 ἀπορρήτων
2985 4347 3207 4398 ἐκείνων
3237 4344 3457 4413 ἀγαθῶν
3491 4343 3739 4412 ἀξιωθῆ-

2157 4452 2268 4498 ναι,
2308 4427 2383 4487 ὧν
2423 4431 2635 4500 γένοιτο
2667 4430 2877 4493 πάντας
2915 4429 3063 4498 ἡμᾶς
3105 4430 3399 4498 ἐπιτυχεῖν,
3431 4426 3614 4496 χάριτι
3640 4425 3739 4478 καὶ

2160 4515 2540 4587 φιλανθρωπίᾳ
2571 4512 2664 4566 τοῦ
2687 4511 2886 4584 Κυρίου
2922 4511 3079 4582 ήμῶν
3118 4509 3290 4581 Ἰησοῦ
3317 4508 3575 4580 Χριστοῦ,
3615 4507 3739 4576 μεθ’

2157 4597 2218 4656 οῦ
2250 4601 2329 4672 τῷ
2371 4601 2545 4669 [16:91
2573 4599 2689 4668 ἅμα
2720 4597 2796 4666 τῷ
2835 4597 2974 4666 ἀγίῳ
3020 4594 3295 4665 Πνεύματι
3330 4592 3474 4658 δόξα,
3509 4593 3736 4662 κράτος,

2158 4682 2311 4755 τιμὴ,
2343 4680 2438 4734 νῦν
2470 4681 2560 4734 καὶ
2597 4681 2706 4744 ἀεὶ,
2744 4679 2839 4733 καὶ
2872 4681 2953 4741 εἰς
2977 4678 3102 4742 τοὺς
3140 4676 3341 4741 αἰῶνας
3367 4677 3474 4730 τῶν
3499 4675 3735 4730 αἰώνων.

2187 4768 2366 4838 Λμήν.

2720 4905 2964 4958 ΟΜΙΛΙΑ
3004 4906 3139 4960 MA'.

2165 5079 2354 5158 νοέοθη
2379 5075 2478 5158 ’δέ
2505 5079 2536 5131 d
2582 5077 2726 5158 Θεὸς
2755 5075 2850 5158 ,τῷ
2892 5075 3156 5158 Ἀξραρμ.
3185 5075 3343 5158 εξρὸς
3376 5074 3620 5158 τῇιδρυτ
3662 5073 3740 5156 ζῆ

2227 5144 2478 5228 Μαμϐρῆ
2497 5187 2513 5211 ,
2544 5147 2882 5228 καθῃμένου
2913 5145 3100 5228 αὑτοῦ
3131 5146 3232 5200 ἐπὶ
3268 5144 3382 5214 τῆς
3413 5147 3597 5214 θύρας
3625 5145 3741 5215 τῆς

2227 5217 2468 5286 σκηνῆς
2495 5217 2681 5270 αὑτοῦ
2703 5218 3100 5284 μεσημϐρίας.

2227 5347 2294 5394 α’.
2327 5338 2500 5392 Ὀκνῶ
2533 5339 2625 5393 καὶ
2652 5337 2953 5409 ἀναδύομαι
2977 5341 3214 5410 σήμερον
3239 5338 3375 5410 πρὸς
3401 5335 3500 5408 τὴν
3529 5341 3628 5409 τῆς
3660 5339 3739 5394 δι·-

2155 5422 2449 5511 δασκαὶιίας
2489 5423 2790 5511 ἐξήγησιν.-
2817 5423 2986 5476 Ὅταν
3031 5421 3141 5492 769
3175 5423 3450 5491 ἐννοήσω,
3491 5422 3575 5475 δτι
3615 5422 3738 5475 καθ’

2157 5504 2392 5576 ἑκάστην
2417 5507 2630 5575 ἡμέραν
2676 5505 2832 5574 ήμῶν
2879 5504 3212 5575 ἐνηχούντων
3235 5543 3252 5567 ,
3288 5504 3694 5574 παραινούντων
3718 5545 3733 5568 ,

2158 5588 2566 5658 παρατιθέντων
2585 5589 2714 5658 ύμῖν
2732 5588 2829 5658 τὴν
2859 5587 3232 5658 πνευματικὴν
3251 5586 3452 5657 ταύτην
3471 5587 3734 5651 ἑστίασιν,

2157 5673 2338 5726 πολλοὶ
2368 5673 2473 5725 τῶν
2504 5672 2734 5726 ἐνταῦθα
2766 5673 3247 5743 παραγενομένων,
3280 5673 3374 5724 καὶ
3397 5670 3738 5742 μετεχόντων

2156 5757 2252 5827 τῆς
2290 5757 2662 5827 πνευματικῆς
2703 5757 2904 5827 ταύτης
2951 5753 3296 5819 διδασκαλίας
3333 5756 3426 5809 καὶ
3464 5755 3563 5822 τῆς
3610 5772 3733 5824 φρι-
