4020 6136
434 292 543 358 373

430 417 609 471 omnia
652 415 944 473 succedunt
969 431 984 480 ;
1016 415 1110 471 sed
1130 423 1183 470 et
1204 414 1247 470 si
1268 414 1317 469 in
1339 414 1600 481 adversis,
1618 415 1859 470 eamdem
1881 426 2013 486 grati

428 509 596 565 animi
618 508 1055 579 signiﬁcationem
1080 509 1190 563 det.
1213 506 1302 561 Sic
1322 506 1465 559 enim
1490 505 1786 574 patriarcha
1824 506 1914 559 ille
1930 520 2018 558 ce-

430 600 591 655 lebris
610 608 665 655 et
680 600 901 654 illustris
923 600 1041 662 fuit,
1062 608 1115 652 et
1134 607 1332 652 tantam
1353 596 1492 667 apud
1521 597 1687 650 Deum
1704 596 1930 650 obtinuit
1951 596 2014 649 ti-

428 690 638 746 duciant
669 733 684 756 ,
738 706 801 745 ac
843 691 983 746 dona
1047 690 1251 760 accepit
1306 706 1425 760 qua:
1502 703 1659 759 supra
1729 689 2013 743 humanam

427 793 550 838 sunt
579 793 845 839 naturam.

496 878 548 930 4.
590 876 697 932 Sed
728 892 907 946 operte
938 878 1167 947 pretium
1190 887 1272 933 est
1302 886 1358 933 ut
1377 877 1443 933 ad
1474 879 1772 933 institutum
1802 889 2010 932 sermo-

426 985 549 1023 nem
576 968 881 1035 redeamus,
901 979 955 1024 et
975 971 1248 1024 videamus
1259 970 1386 1040 justi
1404 970 1785 1033 obedientiam,
1806 977 1860 1023 et
1878 981 2011 1036 quo-

426 1061 588 1114 modo
619 1060 803 1115 fecerit
829 1062 968 1129 quod
1010 1077 1039 1115 a
1072 1062 1178 1117 Deo
1209 1062 1528 1132 imperatum
1574 1071 1689 1125 est,
1724 1077 1829 1115 non
1858 1075 2008 1127 qua:-

425 1167 550 1207 rens
599 1167 838 1219 causam,
894 1169 1066 1223 neque
1097 1154 1355 1209 rationem
1387 1154 1628 1224 exigens,
1676 1151 1815 1205 sicut
1856 1148 2007 1203 multi

421 1243 737 1313 insipientes
766 1242 990 1307 faciunt,
1018 1244 1086 1299 de
1113 1244 1176 1298 iis
1204 1259 1323 1313 quae
1350 1244 1491 1298 Deus
1522 1250 1775 1313 operatur
1797 1240 2007 1295 curiose

418 1343 740 1403 quaerentes,
765 1343 821 1389 et
845 1335 1113 1390 dicentes:
1142 1335 1319 1403 Quare
1347 1335 1469 1402 hoc,
1497 1343 1549 1388 et
1569 1349 1734 1405 quare
1760 1331 1925 1387 illud?
1948 1339 2006 1385 et

417 1441 538 1493 quae
568 1423 717 1493 hinc,
752 1427 835 1481 vel
857 1442 977 1496 qua:
1008 1426 1154 1480 illine
1186 1426 1387 1481 utilitas
1432 1424 1743 1481 enascitur?
1785 1426 1851 1479 At
1894 1440 2001 1479 non

416 1518 482 1573 ad
520 1533 643 1575 eum
670 1518 888 1573 modum
932 1520 1053 1575 fecit
1086 1520 1262 1591 justus
1293 1519 1415 1585 ille;
1463 1519 1558 1574 sed
1614 1519 1747 1573 sicut
1776 1518 2002 1572 famulus

415 1611 641 1682 diligens
669 1612 968 1677 dominum,
997 1626 1348 1682 qumcumque
1376 1610 1719 1681 praecepisset
1778 1609 2000 1676 implere

413 1703 638 1767 studuit,
671 1702 802 1757 nihil
832 1702 1055 1759 ulterius
1078 1713 1421 1774 percontans.
1454 1703 1519 1757 Et
1546 1711 1605 1756 ut
1643 1702 1839 1765 discas,
1874 1700 1998 1755 audi

411 1812 531 1868 qua:
573 1808 888 1867 sequuntur.
931 1796 1218 1867 Postquam
1273 1795 1413 1851 enim
1468 1794 1723 1849 Dominus
1772 1794 2000 1864 promis-

409 1889 617 1943 sionem
638 1889 685 1943 ei
710 1887 832 1943 fecit
852 1887 934 1960 (υ.
963 1887 1058 1957 22)
1075 1930 1089 1953 ,
1118 1897 1172 1943 et
1192 1888 1798 1956 eomplevitsermonem
1818 1900 1993 1950 suum,

407 1980 777 2050 statimjustus
803 1995 920 2049 qua:
941 1980 1192 2048 imperata
1218 1977 1429 2032 luerunt
1454 1978 1693 2047 perfecit,
1717 1986 1763 2031 et
1786 1976 1993 2046 signum

408 2072 509 2126 hoc
530 2071 669 2142 quod
702 2086 731 2125 a
763 2072 869 2125 Deo
898 2080 1015 2124 erat
1040 2071 1244 2137 datum,
1270 2070 1458 2123 indidit
1486 2068 1697 2124 Ismacli
1744 2068 1827 2140 (υ.
1855 2066 1945 2136 25)
1975 2108 1990 2132 ,

405 2164 868 2219 circumcisionem
886 2163 1027 2227 dico,
1051 2171 1106 2217 et
1129 2162 1377 2216 omnibus
1403 2161 1700 2216 vernaculis
1726 2170 1778 2214 et
1803 2159 1993 2229 empti-

406 2255 512 2318 tiis,
545 2256 679 2309 sicut
704 2254 952 2323 loquutus
975 2263 1056 2307 est
1079 2254 1127 2307 ei
1151 2254 1306 2307 Deus.
1329 2252 1686 2307 Circumcisus
1707 2260 1791 2306 est
1814 2260 1990 2304 autem

402 2358 456 2402 ct
478 2348 609 2418 ipse.
640 2347 710 2400 2i
770 2344 1061 2416 Nonaginta
1086 2344 1229 2401 enim
1256 2354 1302 2398 ct
1330 2360 1503 2397 novem
1539 2359 1793 2396 annorum
1834 2351 1941 2395 erat
1971 2380 1988 2405 ,

401 2438 592 2510 inquit,
628 2438 829 2509 quando
874 2436 1187 2491 circumcidit
1227 2453 1430 2490 carnem
1476 2435 1714 2505 prtcputii
1760 2435 1870 2499 sui;
1894 2433 1986 2488 25.

400 2531 592 2585 lsmaet
617 2542 784 2584 autem
812 2537 919 2581 erat
947 2544 1196 2581 annorum
1222 2527 1477 2581 tredecim.
1504 2525 1582 2580 Ne
1612 2534 1766 2594 putes
1786 2526 1988 2594 absque

398 2636 556 2676 causa
585 2620 913 2689 Scripturam
940 2632 1237 2688 pr0ponere
1281 2617 1436 2671 nobis
1484 2630 1763 2670 numerum
1812 2629 1986 2668 annn-

398 2727 516 2767 rntn
544 2729 557 2764 :
589 2711 683 2765 sed
708 2721 764 2765 ut
784 2725 850 2765 ex
867 2708 1299 2778 hocdiscasjusti
1326 2722 1569 2778 magnam
1600 2706 1980 2771 obedientiam,

395 2806 537 2877 quod
564 2821 683 2860 cum
701 2805 811 2873 jam
844 2803 895 2857 in
924 2802 1191 2872 decrepita
1219 2808 1363 2856 esset
1383 2810 1560 2866 :ctate,
1592 2798 1785 2855 leniter
1808 2798 1984 2853 tulerit

394 2896 633 2951 dolorem
660 2901 877 2964 propter
905 2900 1227 2962 przeceptum
1251 2891 1359 2955 Dei,
1394 2901 1673 2960 propterea
1690 2889 1811 2943 facit
1837 2888 1981 2943 illam

393 2986 874 3053 enumerationem,
907 2994 962 3041 et
978 3001 1083 3039 non
1115 2982 1229 3053 ipse
1256 2983 1449 3047 solum,
1475 2981 1569 3037 sed
1617 2989 1672 3036 ct
1692 2980 1901 3045 lsmael,
1929 2990 1984 3034 et

395 3095 585 3136 omnes
611 3077 887 3134 vernaculi
916 3075 1394 3132 circumciduntur.
1429 3073 1615 3144 Neque
1637 3074 1738 3127 hoc
1761 3087 1980 3142 parvum

392 3182 448 3229 et
470 3173 587 3228 leve
616 3172 793 3227 fuerit.
821 3170 938 3226 Non
969 3170 1110 3225 enim
1134 3168 1273 3224 idem
1309 3175 1414 3234 est,
1445 3166 1740 3229 carissime,
1763 3180 1979 3219 carnem

391 3281 600 3329 sanam,
630 3273 683 3318 et
733 3263 871 3318 male
915 3261 1198 3315 habentem
1228 3274 1435 3315 secare.
1470 3258 1601 3313 Nam
1640 3258 1740 3313 etsi
1786 3255 1979 3311 medici

392 3369 606 3425 quoque
628 3353 865 3408 membra
897 3350 1137 3406 morbida
1159 3349 1444 3419 aliquando
1470 3349 1732 3413 incidunt,
1787 3355 1842 3401 at
1871 3362 1976 3401 non

390 3454 475 3501 est
490 3444 691 3499 'sitnilis
710 3443 883 3499 dolor.
914 3442 1231 3497 Emortuum
1262 3442 1406 3496 enim
1438 3441 1759 3506 membrum,
1804 3449 1863 3493 ut
1906 3439 1976 3492 ita

389 3536 585 3602 dicam,
610 3535 723 3604 jam
765 3544 821 3590 et
843 3534 991 3589 vitali
1017 3534 1329 3605 Operatione
1348 3532 1659 3587 destitutum
1692 3542 1817 3585 tunc
1842 3532 1977 3586 inci-

388 3628 542 3684 dunt.
576 3627 671 3682 llic
708 3636 884 3681 autem
911 3642 1074 3681 senex
1106 3636 1162 3680 et
1205 3625 1507 3693 decrepitus
1534 3625 1785 3694 (centum
1832 3623 1975 3678 enim

389 3735 650 3775 annorum
677 3722 829 3785 erat)
855 3719 1146 3773 cruciatum
1169 3718 1359 3772 leniter
1381 3717 1518 3781 tulit,
1570 3716 1727 3770 simul
1755 3724 1808 3770 et
1838 3730 1976 3785 prac-

388 3821 601 3882 ceptunt
632 3810 726 3865 Dei
747 3809 973 3878 implere
1000 3809 1207 3876 volens,
1264 3819 1314 3864 et
1347 3809 1510 3862 ﬁlium
1556 3818 1611 3863 et
1665 3807 1977 3863 vernaculos

390 3916 582 3957 omnes
610 3900 968 3970 promptiores
1000 3899 1254 3963 reddens,
1280 3907 1334 3953 nt
1366 3913 1432 3953 ne
1451 3907 1849 3962 cunctarentur,
1880 3897 1973 3951 sed

389 4007 580 4063 magna
607 3992 886 4046 alacritate
929 3990 1020 4044 Dei
1068 3999 1389 4060 przeceptum
1435 3989 1737 4057 implerent.
1786 3987 1974 4042 Vidisti

388 4096 582 4154 quanta
611 4099 697 4140 res
735 4085 805 4138 sit
835 4085 914 4138 vir
936 4093 1194 4153 praestans
1247 4082 1460 4147 virtute,
1503 4081 1771 4151 quomodo
1816 4082 1974 4136 mini-

389 4188 531 4233 stros
551 4192 740 4233 omnes
766 4179 955 4232 doceat
976 4185 1033 4230 ut
1060 4192 1154 4230 sua
1177 4175 1396 4245 vestigia
1422 4173 1737 4244 sequantur?
1762 4172 1892 4228 Nam
1922 4173 1974 4228 id

388 4269 529 4340 quod
573 4269 688 4324 heri
718 4268 981 4335 dicebam,
1008 4266 1110 4322 hoc
1136 4266 1263 4320 item
1290 4275 1342 4320 et
1380 4280 1521 4319 nunc
1564 4264 1684 4319 dico
1714 4281 1728 4317 :
1761 4274 1976 4334 propter

390 4362 495 4417 hoc
516 4361 626 4415 fere
657 4375 721 4414 ex
754 4361 846 4415 illo
872 4360 959 4415 dic
990 4367 1313 4429 praeceptum
1337 4356 1500 4411 fuisse
1527 4371 1555 4408 a
1581 4356 1710 4420 Deo,
1760 4365 1817 4409 ut
1868 4356 1971 4409 int-

390 4463 594 4507 ntatura
626 4460 782 4506 a'tate
803 4451 906 4505 hoc
933 4450 1173 4505 subirent
1197 4448 1372 4519 pueri,
1427 4462 1533 4517 quo
1563 4447 1765 4516 abSque
1809 4462 1970 4502 sensu

388 4552 441 4598 ct
469 4542 653 4596 dolore
679 4541 992 4597 incisionem
1023 4539 1201 4594 carnis
1226 4537 1450 4593 ferrent.

460 4636 630 4689 Brevis
669 4632 1064 4688 circumcisionis
1113 4648 1226 4685 cum
1290 4631 1589 4700 baptismate
1634 4630 1968 4700 comparatio.

388 4726 525 4780 Licet
556 4726 857 4781 Christianis
881 4726 1011 4778 inter
1034 4733 1204 4795 gentes
1256 4723 1441 4777 versari
1466 4722 1734 4794 quomodo.
1764 4753 1835 4764 ——
1865 4722 1971 4778 Vc-

390 4833 506 4871 rnm
533 4815 811 4871 considera
840 4814 931 4868 Dei
958 4814 1359 4882 benignitatem,
1407 4823 1462 4866 et
1502 4813 1822 4867 inelfabilem
1854 4812 1971 4881 ejus

387 4924 512 4979 erga
545 4922 642 4961 nos
669 4905 1093 4961 beneﬁcentiam.
1150 4904 1236 4958 Illa
1265 4905 1406 4959 enim
1435 4903 1768 4958 circumcisio
1814 4901 1972 4955 dolo-

390 5016 503 5056 rt-m
535 4996 718 5053 habuit
741 5008 795 5052 et
820 4997 1075 5063 laborem,
1109 5005 1163 5049 et
1189 4995 1330 5050 nulla
1361 4995 1461 5049 alia
1477 5011 1540 5048 ex
1561 4994 1972 5049 circumcisione

388 5094 487 5151 fuit
513 5093 730 5154 utilitas,
748 5105 905 5161 quam
927 5090 1041 5144 hate
1051 5089 1182 5152 sola,
1201 5088 1340 5158 quod
1361 5104 1425 5143 ex
1444 5087 1544 5141 hoc
1560 5089 1709 5158 signo
1733 5087 1970 5158 dignosci

391 5196 630 5258 possent,
660 5194 717 5240 et
741 5185 809 5239 ab
833 5183 953 5237 aliis
973 5180 1221 5251 gentibus
1245 5189 1745 5250 sequestrarentur;
1791 5187 1971 5232 nostra

387 5288 566 5333 autem
596 5274 953 5338 circumcisio,
984 5273 1065 5327 vel
1096 5270 1450 5339 baptismatis,
1496 5270 1726 5339 inquam,
1761 5268 1928 5338 gratia
1954 5308 1966 5334 ,

388 5370 708 5428 medicinam
735 5367 896 5421 habet
921 5365 1054 5419 citra
1075 5362 1336 5426 dolorem,
1397 5362 1783 5430 innumeraque
1832 5361 1969 5415 bona

388 5463 545 5518 nobis
574 5459 748 5526 affert,
771 5456 1002 5528 Spiritus
1029 5454 1196 5510 sancti
1225 5454 1392 5524 gratia
1424 5466 1521 5506 nos
1551 5452 1752 5519 implet,
1776 5462 1831 5505 et
1855 5451 1973 5505 nul-

389 5557 497 5612 lum
520 5552 799 5609 deﬁnitum
829 5548 992 5603 habet
1014 5556 1226 5617 tempus
1244 5546 1384 5601 sicut
1405 5543 1515 5598 illic
1535 5560 1547 5596 :
1568 5543 1661 5598 scd
1691 5544 1816 5599 licet
1838 5552 1890 5598 et
1916 5544 1968 5600 in

388 5649 580 5719 prima,
609 5652 666 5701 et
694 5644 747 5698 in
775 5640 973 5709 media,
1001 5647 1057 5696 ct
1078 5639 1132 5694 in
1159 5638 1341 5693 ultima
1368 5644 1525 5692 aetate
1554 5635 1692 5690 hanc
1716 5651 1822 5690 non
1852 5652 1969 5690 ma-

390 5737 657 5797 nul‘actatn
682 5729 1141 5793 circumcisionem
1173 5728 1432 5800 recipere,
1462 5727 1515 5784 in
1541 5741 1644 5799 qua
1672 5741 1777 5782 non
1805 5726 1967 5783 susti-

1420 299 1486 356 ΙΝ
1525 301 1676 357 CAP.
1719 301 1905 358 XVIII.
1946 302 2191 362 GENES.
2237 303 2469 360 IIOMIL.
2513 304 2649 361 XLI.

3613 309 3719 369 374

2129 426 2285 471 netur
2312 418 2481 483 labor,
2526 417 2619 472 sed
2648 428 2987 488 peccatorum
3030 419 3373 490 deponuntur
3413 436 3614 489 onera,
3657 435 3713 479 et

2128 511 2373 566 remissio
2404 513 2672 567 invenitur
2700 515 2939 569 omnium
2966 525 3325 583 peccatorum,
3355 532 3476 586 qua:
3498 533 3594 587 per
3621 528 3705 573 to-

2126 611 2231 655 tam
2260 603 2422 657 vitam
2451 612 2600 672 gesta
2626 614 2769 660 sunt.
2801 602 3009 675 Quippe
3033 620 3156 661 cum
3186 606 3444 676 benignus
3464 607 3603 662 Deus
3630 609 3713 662 vi.

2121 690 2199 744 dit
2226 705 2442 760 gravem
2461 701 2697 746 nostram
2726 693 3110 759 inﬁrmitatem,
3143 710 3209 750 ac
3232 710 3329 751 nos
3350 696 3713 753 incurabiliter

2120 797 2463 857 a~grotantes,
2486 803 2696 842 summa
2725 789 2965 859 indigere
2996 790 3281 854 medicina,
3325 798 3487 861 atque
3522 791 3713 846 inell‘a-

2119 876 2209 931 bili
2241 878 2568 948 benignitate
2591 894 2605 931 :
2631 888 2867 934 nostram
2889 895 3084 936 curans
3100 881 3351 950 salutem,
3384 883 3607 954 largitus
3626 894 3710 939 est

2116 970 2270 1023 nobis
2302 984 2397 1039 per
2424 969 2693 1025 lavacrum
2735 973 3154 1042 regenerationis
3185 972 3618 1028 innovationem:
3653 985 3710 1029 ut

2115 1060 2363 1129 deposito
2389 1061 2607 1118 homine
2628 1070 2836 1131 vetere,
2860 1063 2959 1118 hoc
2989 1072 3092 1131 est,
3148 1065 3400 1135 operibus
3421 1066 3595 1132 malis,
3653 1077 3708 1122 et

2114 1150 2287 1205 induti
2314 1167 2532 1217 novum,
2577 1153 2630 1207 in
2659 1154 2744 1209 via
2767 1154 2978 1209 virtutis
3007 1154 3337 1212 incedamus.
3373 1156 3567 1212 Verum
3599 1149 3743 1234 ite-ﬂ

2111 1258 2230 1297 rum
2257 1259 2374 1307 oro,
2403 1260 2471 1299 ne
2496 1244 2792 1300 deteriores
2839 1245 3008 1302 simus
3053 1247 3274 1317 ingratis
3312 1256 3369 1302 et
3415 1248 3701 1305 insensatis

2109 1332 2330 1389 ludatis.
2361 1334 2437 1390 Illi
2457 1338 2598 1391 enim
2629 1336 2982 1407 suscipientes
3008 1339 3430 1394 circumcisionis
3449 1341 3700 1411 signacu-

2096 1427 2240 1493 lum,
2270 1428 2397 1482 satis
2441 1429 2541 1483 sibi
2570 1434 2854 1497 cavebant,
2880 1446 2950 1487 ne
2993 1432 3130 1487 ultra
3180 1447 3301 1486 cum
3348 1434 3592 1503 gentibus
3638 1449 3700 1489 se

2108 1518 2417 1586 miscerent,
2445 1530 2702 1590 quantum
2732 1521 2798 1576 ad
2822 1523 3221 1578 communionis
3242 1524 3501 1578 rationem
3530 1525 3694 1595 perti-

2109 1621 2233 1667 net:
2264 1621 2519 1682 quantum
2544 1623 2725 1670 autem
2747 1614 2813 1669 ad
2848 1615 3196 1686 impietatem,
3248 1631 3392 1686 sepe
3448 1618 3568 1671 illos
3612 1618 3695 1672 in-

2102 1707 2239 1776 grati
2271 1707 2615 1775 snperabant.
2646 1706 2754 1763 Nos
2802 1723 2931 1763 vero
2973 1723 3094 1762 cum
3145 1709 3313 1763 semel
3360 1709 3696 1777 suscepimus

2106 1798 2349 1866 baptismi
2386 1798 2868 1865 circutneisionem,
2921 1809 3076 1854 caute
3106 1808 3325 1870 tuteque
3354 1810 3534 1854 nostra
3584 1800 3693 1855 dis-

2105 1903 2409 1958 pensemus.
2444 1889 2558 1944 Non
2589 1890 2818 1946 dixerim
2841 1907 2945 1944 non
2979 1891 3141 1946 licere
3187 1892 3340 1946 nobis
3363 1892 3564 1945 versari
3618 1892 3692 1946 in-

2104 1991 2185 2034 ter
2208 1991 2397 2051 gentes
2430 2000 2443 2036 :
2470 1984 2565 2037 sed
2593 1982 2644 2035 in
2680 1982 2891 2052 pr0pria
2918 1984 3070 2037 nobis
3110 1985 3307 2040 virtute
3356 1993 3638 2039 manentes
3669 2026 3686 2052 ,

2100 2072 2169 2126 ita
2197 2088 2317 2127 cum
2350 2073 2454 2128 illis
2483 2075 2931 2130 commisceantur
2952 2118 2965 2140 ,
3011 2084 3069 2130 ut
3095 2076 3159 2128 ad
3190 2075 3329 2146 piam
3361 2091 3456 2132 eos
3483 2086 3690 2146 pertra-

2100 2163 2289 2217 hamus
2323 2161 2658 2233 religionem,
2707 2180 2770 2220 ac
2797 2181 2892 2235 per
2922 2167 3181 2221 honorum
3235 2182 3456 2236 operum
3510 2182 3688 2221 exem-

2098 2255 2243 2324 plum
2265 2254 2524 2309 doctrina:
2554 2256 2633 2311 eis
2649 2266 2894 2312 auctores
2919 2258 3107 2312 simus.
3138 2258 3211 2313 Ea
3236 2258 3378 2312 enim
3407 2258 3475 2313 de
3517 2271 3677 2312 eausa

2095 2346 2394 2400 communis
2441 2348 2680 2402 omnium
2723 2349 2980 2403 Dominus
3022 2349 3261 2418 permisit
3287 2348 3444 2403 simul
3481 2350 3682 2403 versari

2094 2436 2264 2490 bonos
2281 2445 2335 2491 et
2360 2436 2552 2503 malos,
2582 2440 2702 2508 pios
2728 2450 2782 2492 et
2811 2439 3026 2508 impios,
3081 2448 3138 2492 ut
3170 2438 3296 2493 boni
3348 2436 3682 2493 lucrifaciant

2094 2528 2286 2594 malos,
2310 2539 2364 2582 et
2406 2529 2496 2598 qui
2547 2528 2599 2582 in
2624 2530 2822 2583 malitia
2869 2530 3043 2585 adhuc
3068 2529 3394 2597 detinentur,
3428 2530 3682 2584 manudu-

2090 2631 2277 2673 cantur
2299 2619 2366 2673 ad
2391 2620 2662 2689 pietatem.
2693 2619 2835 2673 Nihil
2877 2620 3019 2674 enim
3068 2620 3203 2674 adeo
3243 2621 3482 2675 studiose
3524 2629 3681 2674 curat

2095 2713 2254 2778 Deus,
2283 2721 2339 2765 nt
2365 2712 2593 2767 salutem
2621 2712 2943 2766 animarum.
2972 2712 3206 2766 Proinde
3226 2712 3474 2777 obsecro,
3500 2727 3567 2767 ne
3591 2727 3681 2767 cn-

2089 2820 2202 2860 ram
2227 2804 2544 2874 abjiciatnus
2575 2820 2747 2873 neque
2780 2804 2968 2869 nostri,
3014 2819 3187 2874 neque
3215 2803 3460 2858 aliorum.
3506 2805 3679 2871 Quan~

2090 2907 2200 2953 ttun
2226 2898 2291 2952 ad
2325 2913 2423 2952 nos
2446 2898 2658 2962 attinet,
2689 2898 2761 2951 ita
2810 2896 3151 2951 instituamus
3202 2897 3361 2950 vitam
3386 2938 3402 2961 ,
3452 2906 3509 2950 ut
3562 2897 3676 2950 Deo

2088 2989 2338 3058 placitum
2361 2998 2445 3042 est
2473 3004 2487 3040 :
2519 2998 2778 3057 quantum
2809 2996 2983 3042 autem
3005 2987 3071 3039 ad
3099 2987 3421 3054 proximum,
3471 2987 3549 3041 sic
3594 2986 3675 3041 lu-

2085 3097 2304 3136 ceamus
2332 3080 2639 3143 virtutibus,
2665 3087 2725 3133 ut
2752 3079 2913 3134 etiam
2942 3078 3229 3132 silentibus
3258 3071 3437 3143 nobis,
3484 3092 3674 3130 omnes

2084 3183 2346 3244 quotquot
2374 3187 2473 3227 nos
2516 3171 2699 3227 vident
2737 3171 2868 3226 satis
2908 3169 3223 3225 doceantur.
3271 3169 3403 3225 Nam
3450 3170 3589 3223 sicut
3626 3169 3671 3222 si

2084 3265 2280 3319 virtute
2302 3264 2505 3333 praediti
2525 3266 2713 3327 simus,
2737 3263 2967 3315 maxima
2998 3273 3052 3316 et
3074 3262 3174 3330 ipsi
3200 3260 3524 3315 lucrabimur
3550 3300 3565 3325 ,
3615 3269 3672 3314 et

2084 3355 2391 3412 inﬁdelibus
2418 3355 2536 3410 usui
2558 3356 2759 3410 erimus
2787 3372 2800 3408 :
2830 3354 2901 3407 ita
2932 3354 2976 3407 si
3007 3353 3341 3422 negligentes
3368 3350 3623 3405 fuerimus
3652 3389 3669 3412 ,

2082 3456 2136 3502 et
2157 3446 2256 3516 ipsi
2287 3462 2531 3516 magnam
2560 3445 2797 3501 feremus
2825 3460 3058 3512 poenam,
3092 3454 3145 3498 et
3165 3441 3509 3496 aliisoecasio
3524 3455 3672 3495 scan-

2080 3537 2187 3593 dali
2206 3538 2426 3591 erimus.
2449 3538 2597 3592 Sicut
2622 3537 2765 3590 enim
2786 3535 3033 3588 virtutem
3062 3532 3351 3602 amplexati
3393 3531 3661 3601 duplicetn

2082 3629 2385 3684 mercedem
2414 3644 2443 3683 a
2476 3628 2587 3682 Deo
2616 3626 2930 3696 accipimus,
2975 3635 3084 3678 tum
3111 3624 3253 3694 quod
3284 3623 3384 3691 ipsi
3415 3624 3668 3676 virtutem

2079 3733 2451 3783 exerceamus,
2476 3726 2584 3772 tum
2602 3716 2744 3786 quod
2766 3716 2901 3770 alios
2922 3715 2987 3769 ad
3006 3715 3216 3769 virtutis
3233 3714 3664 3768 communionem

2082 3812 2392 3866 trahamus:
2420 3812 2491 3865 ita
2534 3812 2579 3864 si
2610 3810 2662 3864 in
2709 3808 2945 3879 nequitia
2989 3822 3303 3872 versemur,
3344 3822 3448 3861 nou
3495 3806 3665 3861 solum

2082 3904 2332 3973 punimur
2358 3902 2501 3972 quod
2553 3902 2649 3970 ipsi
2696 3900 3056 3971 peccavimus,
3111 3897 3206 3952 sed
3259 3909 3313 3951 et
3355 3897 3495 3965 qttnd
3548 3897 3668 3951 aliis

2079 3994 2333 4049 scandan
2362 3993 2579 4048 fuimus.
2620 3992 2817 4047 Verum
2846 3992 2989 4044 absit
3018 4000 3075 4044 ut
3103 3990 3298 4059 aliquis
3340 4004 3526 4042 eorum
3576 3989 3665 4055 qui

2080 4086 2168 4141 hic
2192 4095 2339 4149 sunt,
2362 4086 2413 4139 in
2443 4084 2746 4153 hujnsmndi
2770 4092 2911 4136 statu
2938 4089 3204 4145 versetur,
3233 4079 3326 4133 sed
3348 4095 3447 4132 nos
3476 4093 3666 4132 omnes

2078 4176 2144 4231 ad
2166 4174 2538 4231 tediﬁcandum
2560 4190 2654 4229 eos
2672 4174 2761 4242 qui
2784 4188 2881 4227 nos
2896 4171 3097 4238 vident,
3115 4170 3281 4223 vitam
3305 4169 3664 4233 instituamus,

2081 4278 2136 4324 ut
2160 4269 2428 4339 possimus
2464 4282 2654 4335 magna
2682 4265 2873 4319 ﬁducia
2918 4273 3065 4319 stare
3093 4260 3236 4333 apud
3265 4259 3494 4314 tribunal
3521 4256 3671 4312 Chri-

2077 4361 2166 4427 sti,
2192 4359 2546 4416 etinetl’abilia
2570 4359 2657 4414 illa
2681 4358 2816 4412 bona
2844 4356 3101 4426 consequi
3128 4371 3143 4407 :
3167 4369 3287 4423 qua:
3314 4353 3468 4407 nobis
3493 4351 3666 4405 omni-

2078 4455 2181 4509 bus
2209 4453 2599 4517 concedantur,
2632 4451 2801 4522 gratia
2826 4459 2883 4505 et
2903 4447 3231 4519 benignitate
3258 4444 3467 4499 Domini
3498 4442 3665 4497 nostri

2076 4547 2204 4603 Jesu
2231 4546 2454 4610 Christi,
2500 4560 2620 4599 cum
2661 4558 2770 4613 quo
2820 4542 2963 4597 Patri
3011 4550 3066 4595 et
3114 4549 3304 4596 sancto
3337 4537 3557 4608 Spiritui
3597 4536 3669 4589 sit

2076 4639 2270 4709 gloria,
2294 4637 2466 4691 honor
2494 4645 2548 4691 et
2578 4634 2885 4705 imperium,
2916 4647 3059 4688 nunc
3083 4641 3139 4687 et
3153 4646 3393 4702 semper,
3419 4628 3549 4685 etin
3566 4640 3669 4680 ste-

2077 4729 2194 4785 cula
2218 4728 2556 4784 smenlorutn.
2588 4727 2780 4780 Amen.

2651 4855 2926 4910 IIOMILIA
2957 4853 3094 4908 XLI.

2077 4972 2329 5043 Apparuit
2373 4980 2538 5023 autem
2585 4968 2718 5019 Dens
2774 4966 2988 5017 Abrahae
3020 4963 3159 5032 apud
3200 4977 3437 5029 quercum
3496 4959 3663 5013 Μιιηιο

2149 5064 2234 5117 bre
2257 5104 2271 5127 ,
2298 5061 2500 5115 sedente
2533 5060 2642 5129 ipso
2667 5059 2734 5110 ad
2762 5059 2971 5128 ianuam
3002 5052 3314 5107 tabernaculi
3352 5051 3433 5104 sui
3458 5048 3669 5104 meridie

2152 5153 2319 5225 (Gen.
2352 5152 2438 5208 l8.
2472 5150 2561 5218 ι).

2152 5266 2204 5320 1.
2231 5262 2647 5320 Cunctabundns
2687 5260 2865 5322 hodie,
2896 5274 2994 5314 nec
3024 5256 3311 5311 admodum
3359 5255 3551 5310 alacris
3598 5252 3665 5308 ad

2077 5354 2374 5412 docendum
2410 5351 2881 5419 enarrandumqne
2921 5348 3138 5403 accedo.
3174 5345 3308 5402 Nam
3335 5360 3458 5401 cum
3488 5353 3667 5398 tuente

2080 5456 2290 5517 reputo,
2311 5446 2465 5499 nobis
2478 5442 2715 5514 quotidie
2733 5440 3195 5504 concionantihus,
3231 5434 3663 5497 admonentibus,

2079 5548 2133 5596 et
2160 5537 2433 5607 Spirituale
2462 5535 2566 5591 hoc
2595 5533 2744 5587 vobis
2772 5532 3074 5587 convivium
3098 5526 3504 5599 apponentibus,
3533 5526 3670 5579 ntul-

2080 5641 2165 5686 tos
2214 5645 2280 5684 ex
2321 5629 2404 5683 his
2432 5627 2563 5697 ipsis
2612 5626 2703 5694 qui
2729 5624 2945 5691 adsunt,
2986 5632 3040 5679 et
3070 5619 3360 5692 spiritualis
3386 5615 3544 5685 hujus
3567 5615 3666 5671 do-

2083 5723 2293 5792 ctrinae,
2318 5738 2382 5779 ac
2409 5717 2699 5777 tremendae
2725 5715 3081 5786 terribilisque
3110 5727 3312 5770 mense
3350 5722 3477 5768 sunt
3496 5706 3663 5781 parti-
