4020 6136
358 295 468 354 373

356 409 526 479 cipes,
564 412 707 463 totos
728 403 845 460 dies
876 404 928 459 in
952 403 1253 474 spectandis
1279 403 1417 459 ludis
1453 402 1791 473 equestribus
1820 416 1939 470 per-

358 500 522 563 dere,
577 506 632 554 et
683 495 901 566 perinde
948 503 1107 566 atque
1162 495 1207 549 si
1267 510 1372 548 non
1412 493 1763 556 doceremns,
1813 491 1944 546 nihil

359 589 639 658 prolicere,
664 587 757 643 sed
794 587 945 658 quasi
970 586 1342 642 consuetudini
1376 586 1604 653 cuipiam
1627 586 1941 651 servientes,

358 681 405 735 si
449 689 650 735 tantum
688 688 889 734 annuat
914 679 991 734 eis
1022 678 1288 742 diabolus,
1327 692 1423 731 sua
1452 688 1641 746 sponte
1666 691 1946 733 accurrere

358 771 427 826 ad
454 772 615 842 impia
646 772 731 827 illa
778 771 1103 841 spectacula,
1135 781 1186 825 ct
1228 772 1433 838 seipsos
1477 770 1704 824 libenter
1730 770 1943 838 malignt

357 862 619 917 dzemonis
658 862 951 933 illaqueare
978 862 1202 928 retibus,
1230 870 1285 915 et
1310 877 1480 930 neque
1502 869 1735 914 nostram
1764 859 1953 913 admo-

359 953 641 1019 nitionem,
696 969 868 1022 neque
917 953 1209 1021 periculum
1254 952 1447 1021 ipsum,
1496 966 1668 1021 neque
1704 949 1944 1004 inutilem

359 1044 528 1114 ipsam
553 1044 1029 1113 lrequentationem
1056 1043 1317 1098 doctrinae
1345 1043 1462 1098 loco
1490 1044 1569 1098 eis
1591 1057 1712 1097 esse
1734 1056 1894 1112 posse
1930 1060 1943 1096 :

360 1148 468 1206 quo
494 1150 626 1205 ergo
651 1136 873 1206 posthac
896 1135 1075 1189 animo
1116 1134 1414 1188 doctrinam
1466 1132 1763 1201 impertiam
1818 1132 1948 1185 viris

362 1243 434 1283 es
458 1227 615 1283 dictis
633 1228 830 1282 nostris
866 1227 995 1282 nihil
1022 1227 1153 1282 lucri
1185 1226 1361 1280 facere
1383 1226 1760 1294 cupientibus?
1788 1225 1854 1279 Et
1880 1240 1948 1281 ue

364 1318 595 1374 mireris.
623 1318 893 1387 Siquidem
923 1326 978 1371 et
1002 1317 1254 1386 agricola,
1280 1330 1401 1370 cum
1429 1324 1549 1384 post
1573 1315 1769 1369 multos
1796 1316 1949 1370 labo-

362 1424 451 1464 res
475 1419 529 1462 et
548 1424 816 1463 :erumnas
842 1409 1079 1463 sterilem
1114 1408 1259 1463 videt
1283 1423 1487 1477 agrum,
1536 1422 1709 1477 neque
1733 1407 1947 1478 dignam

362 1501 633 1557 laboribus
660 1501 960 1556 mercedem
1008 1500 1341 1566 reddentem,
1390 1500 1605 1569 segnior
1639 1500 1705 1554 ad
1745 1501 1949 1569 jacien-

361 1593 489 1648 dum
517 1608 721 1657 semen,
752 1607 857 1647 non
879 1592 989 1663 pari
1018 1592 1294 1648 alacritate
1317 1593 1692 1662 agriculturam
1709 1603 1945 1649 exercet.

361 1685 423 1739 Et
445 1684 682 1740 medicus
703 1684 887 1739 videns
909 1682 1175 1739 inﬁrmum
1197 1684 1307 1738 suis
1326 1683 1588 1739 mandatis
1611 1701 1719 1739 non
1745 1686 1952 1740 obtem-

363 1792 573 1847 perare,
615 1776 711 1832 sed
754 1786 1029 1832 vacantem
1068 1777 1305 1847 quotidie
1333 1777 1396 1833 iis
1424 1793 1542 1847 qua:
1579 1779 1824 1832 morbum
1849 1794 1949 1833 au-

360 1880 508 1938 gent,
542 1883 910 1938 s:epenumero
941 1869 994 1922 in
1031 1884 1126 1924 sua
1154 1868 1299 1923 illum
1338 1869 1653 1938 tcgritudine
1680 1869 1947 1940 relinquit,

367 1972 422 2014 nt
449 1961 777 2028 experientia
809 1962 923 2030 ipsa
963 1969 1138 2015 utatur
1181 1962 1455 2031 magistra,
1496 1970 1552 2015 ut
1586 1976 1648 2016 ea
1691 1978 1811 2032 qua:
1851 1963 1952 2018 sibi

364 2052 569 2119 prosint
606 2051 827 2106 ediscat.
868 2051 1124 2106 Similiter
1157 2060 1212 2105 et
1258 2051 1347 2121 qui
1400 2050 1709 2120 disciplinas
1756 2068 1952 2123 pueros

363 2143 576 2209 docent,
608 2145 850 2198 videntes
903 2144 1019 2198 illos
1076 2144 1251 2214 priora
1300 2159 1576 2214 reSpuere,
1625 2156 1679 2199 et
1721 2148 1954 2216 abjiecre

364 2250 550 2288 eorum
579 2249 696 2303 qnze
727 2244 881 2289 antea
910 2234 1085 2289 edocti
1109 2244 1233 2290 sunt
1259 2240 1589 2299 memoriam,
1624 2252 1769 2305 saepe
1794 2254 1951 2293 aver-

364 2334 551 2379 santur
569 2366 583 2388 ,
612 2326 691 2379 sic
715 2325 1087 2395 negligentiam
1119 2341 1304 2381 eorum
1331 2327 1645 2393 correctori,
1669 2337 1721 2382 et
1741 2328 1808 2382 ad
1835 2344 1950 2382 ma-

362 2418 450 2486 jus
473 2417 704 2470 studium
737 2416 1027 2471 reduczuri.

441 2508 728 2564 Satculares
770 2509 968 2562 labores
1017 2526 1130 2562 cum
1179 2509 1525 2579 spiritualibus
1568 2523 1947 2581 comparantur.

367 2599 490 2653 Non
511 2600 782 2669 fraudatur
802 2601 1043 2664 mercede,
1061 2604 1145 2670 qui
1164 2602 1417 2656 auditores
1442 2619 1540 2655 non
1564 2604 1737 2673 ﬂectit.
1757 2634 1827 2644 —-
1845 2605 1949 2661 Ve-

365 2701 665 2745 rumtamen
682 2692 910 2761 agricola
924 2691 1137 2762 quidem
1154 2692 1342 2747 merito
1359 2695 1571 2763 segnior
1589 2709 1733 2765 saepe
1752 2697 1949 2766 evadit,

363 2783 486 2851 quia
517 2781 657 2837 videt
676 2784 927 2836 damnum
966 2798 1119 2837 suum
1152 2784 1324 2853 majus
1358 2786 1491 2847 ﬁeri,
1539 2796 1720 2855 utpote
1743 2790 1832 2858 qui
1873 2790 1951 2844 la-

366 2873 551 2928 borem
577 2882 889 2943 ctsumptus
918 2874 1073 2938 lerat,
1098 2884 1152 2929 et
1195 2877 1454 2930 fructibus
1478 2876 1815 2935 destituatur.
1845 2881 1953 2936 Me-

366 2968 518 3021 dicus
566 2978 742 3021 autem
772 2983 877 3022 non
910 2968 1174 3022 immerito
1210 2984 1411 3039 aegrum
1465 2986 1609 3042 smpe
1657 2974 1905 3044 relinquit
1935 2992 1950 3030 :

365 3072 563 3127 corpus
605 3059 749 3112 enim
783 3068 863 3112 est
890 3059 1029 3127 quod
1055 3068 1290 3125 curatur,
1323 3070 1376 3114 et
1407 3070 1624 3130 pmptcr
1651 3062 1751 3119 hoc
1776 3066 1955 3121 dimit-

366 3150 464 3215 tit,
490 3162 546 3201 ut
574 3149 774 3202 doloris
803 3151 1040 3203 accessio
1069 3151 1120 3202 in
1150 3149 1319 3203 morbi
1342 3167 1559 3206 sensum
1586 3153 1763 3221 ducat,
1797 3165 1852 3211 et
1874 3158 1954 3212 sic

365 3240 578 3293 tandem
602 3239 918 3294 medicinam
946 3256 1048 3293 non
1079 3250 1315 3309 reSpuat.
1342 3242 1591 3309 Magister
1615 3256 1795 3301 autem
1820 3248 1951 3316 ludi,

366 3344 433 3381 eo
458 3328 598 3397 quod
628 3337 807 3381 tenera
834 3337 957 3407 sunt
983 3339 1160 3393 :etate,
1193 3331 1388 3384 utiliter
1415 3348 1810 3404 nonnumquam
1844 3339 1951 3407 pla-

365 3422 449 3491 gis
477 3434 671 3490 pueros
704 3404 955 3489 castigat;
1009 3419 1205 3475 Verum
1246 3437 1343 3476 nos
1374 3422 1531 3479 hodie
1578 3437 1800 3480 cunctos
1831 3404 1955 3485 illos

366 3524 715 3583 superantes,
767 3513 868 3567 hoc
918 3528 1135 3584 agemus
1182 3523 1240 3568 ιιι
1278 3526 1558 3585 paternum
1603 3535 1727 3589 erga
1777 3522 1955 3592 lapsos

364 3619 604 3660 antorem
631 3604 983 3669 declaretnus,
1015 3616 1063 3660 et
1106 3606 1414 3671 doceamus,
1448 3609 1493 3662 si
1534 3610 1587 3663 in
1640 3612 1725 3665 illa
1783 3615 1952 3685 negli-

364 3700 539 3769 gentia
570 3699 903 3763 manserint,
934 3714 1027 3754 eos
1067 3700 1187 3753 inde
1214 3701 1469 3769 majorem
1494 3702 1952 3763 condemnatioais

363 3806 579 3844 causam
632 3790 923 3845 habituros.
979 3789 1111 3844 Nam
1159 3793 1390 3862 agricola
1430 3793 1642 3862 quidem
1679 3812 1785 3851 non
1840 3801 1951 3867 pari

365 3882 641 3936 alacritate
663 3883 891 3935 seminat
915 3922 930 3948 ,
960 3883 1201 3951 Cogitans
1231 3892 1474 3951 sumptus
1502 3884 1760 3942 hactenus
1789 3890 1953 3946 tuisse

365 3975 583 4030 inutiles
612 3994 625 4031 :
655 3989 752 4029 nos
775 3988 951 4030 autem
984 3975 1053 4029 ab
1083 3973 1183 4030 hac
1225 3990 1349 4029 cura
1379 3976 1531 4030 liberi
1581 3994 1784 4032 sumus.
1818 3981 1953 4039 Nam

369 4069 493 4122 licet
525 4066 673 4135 jacto
698 4067 957 4136 spirituali
998 4068 1203 4122 semine
1222 4108 1238 4131 ,
1266 4068 1333 4121 ub
1362 4068 1661 4123 auditorutn
1692 4072 1951 4141 ignaviam

364 4158 595 4213 fructum
624 4172 727 4211 non
752 4158 1044 4226 capiamus,
1071 4159 1304 4226 perfecta
1352 4158 1504 4214 nobis
1549 4170 1722 4217 tamen
1778 4165 1952 4222 futura

366 4264 577 4304 merces
609 4265 624 4303 :
650 4250 929 4317 pecuniam
974 4249 1115 4301 enitn
1146 4249 1509 4305 concreditam
1558 4256 1910 4323 expendimus
1933 4297 1949 4325 ,

365 4351 422 4397 et
450 4340 757 4396 mandatum
795 4341 1003 4396 Domini
1036 4340 1373 4412 implevimus
1406 4353 1697 4401 :earterum
1730 4350 1951 4418 posthac

364 4432 636 4486 auditores
687 4432 948 4487 rationem
992 4431 1216 4487 reddent
1252 4433 1300 4487 ei
1344 4433 1434 4502 qui
1482 4437 1784 4491 concredita
1828 4455 1950 4495 cum

366 4541 527 4581 usura
565 4524 886 4594 repetiturus
934 4536 1039 4581 est.
1074 4526 1268 4581 Verum
1296 4526 1399 4580 hoc
1442 4543 1539 4581 nus
1569 4545 1673 4583 non
1700 4532 1956 4586 conside-

365 4633 567 4682 ramus,
593 4632 690 4671 nos
714 4626 864 4672 extra
900 4616 1151 4670 damnum
1177 4632 1317 4681 esse,
1347 4629 1401 4672 et
1428 4620 1568 4687 quod
1599 4631 1838 4676 nostrum
1870 4632 1956 4677 est

368 4712 593 4781 implere
625 4728 641 4766 :
669 4710 762 4764 sed
792 4712 1035 4763 volumus
1066 4718 1122 4761 ut
1152 4718 1203 4761 et
1244 4724 1338 4762 vos
1367 4724 1433 4763 ex
1471 4711 1818 4768 dinumeratis
1857 4730 1950 4783 pc-

364 4804 535 4856 cuniis
566 4804 790 4856 multum
834 4799 1195 4871 negoticmini,
1246 4809 1300 4854 ut
1328 4816 1394 4854 ne
1436 4800 1647 4855 obnoxii
1676 4804 1791 4859 sitis
1821 4823 1953 4876 sup-

368 4896 523 4963 plicio
558 4893 699 4962 quod
730 4892 824 4947 lttit
853 4892 938 4945 ille
966 4895 1053 4960 qui
1085 4891 1334 4944 talentmn
1358 4890 1672 4955 recondidit,
1701 4903 1755 4946 et
1779 4895 1939 4949 domi-

366 4987 538 5039 nicam
571 4984 848 5054 pecuniam
893 4999 996 5035 non
1022 4985 1191 5035 solum
1229 4998 1332 5036 non
1365 4981 1749 5055 multiplicavit,
1782 4986 1873 5039 sed
1898 4996 1955 5041 et

365 5077 532 5144 ipsam
577 5077 630 5130 in
661 5086 799 5129 terra
828 5073 1048 5129 defodit.
1076 5073 1232 5129 Tales
1273 5083 1416 5140 sunt,
1443 5075 1532 5143 qui
1555 5074 1809 5130 doctrinae
1833 5092 1950 5130 ser-

364 5182 551 5221 mones
599 5166 818 5220 audiunt
867 5165 1167 5239 (talentum
1216 5166 1355 5219 enim
1407 5166 1505 5220 hoc
1536 5178 1686 5221 vocat
1713 5175 1767 5222 et
1794 5183 1953 5237 pecu-

364 5257 577 5333 niam),
628 5274 797 5326 neque
838 5273 1052 5329 operam
1102 5258 1231 5312 dant
1284 5266 1341 5312 ut
1379 5258 1607 5312 fructum
1647 5258 1871 5313 alferant
1895 5269 1950 5313 et

362 5351 592 5407 multum
656 5349 1008 5419 negotiantur.
1059 5348 1165 5404 Sed
1230 5348 1363 5402 forte
1415 5349 1607 5402 dixerit
1644 5349 1946 5418 quispiam,

361 5443 667 5515 parabolam
705 5441 858 5497 istam
909 5443 1227 5496 talentorum
1273 5440 1341 5495 de
1384 5439 1689 5495 doctoribus
1719 5458 1835 5495 esse
1861 5441 1947 5495 di-

364 5547 526 5592 ctam.
556 5535 609 5590 Id
639 5550 739 5606 ego
765 5548 977 5605 quoque
1000 5534 1187 5588 lateor.
1221 5532 1418 5587 Verum
1444 5532 1489 5585 si
1518 5532 1804 5603 diligenter
1828 5549 1944 5588 eam

365 5627 701 5695 serutemini,
740 5627 918 5684 scietis
955 5626 1232 5683 doctorum
1261 5624 1473 5695 quidem
1514 5626 1749 5680 ofﬁciunt
1790 5642 1943 5695 esse,

357 5720 706 5776 dinumerare
726 5720 1002 5791 pecuniam
1033 5734 1047 5772 :
1076 5716 1170 5773 sed
1199 5729 1295 5771 vos
1316 5729 1420 5771 non
1449 5716 1619 5771 solum
1648 5716 1940 5787 depositam

1110 294 1165 348 S.
1205 291 1483 349 JOANNIS
1517 288 1992 347 CllilYSOSTOMI
2035 287 2349 345 ARCIIIEP.
2391 289 2927 347 CONSTANTINOP.

3544 297 3652 356 576

2058 401 2370 467 custodire,
2424 400 2521 457 sed
2569 402 2729 456 etiam
2777 402 3033 473 negotiari
3098 400 3323 461 debetis.
3379 406 3533 474 Quod
3595 423 3650 464 ut

2052 490 2258 557 discas,
2290 506 2469 561 opera:
2495 495 2721 561 pretium
2744 493 2907 548 fuerit.
2943 509 3061 549 eam
3087 497 3138 548 in
3169 496 3399 551 medimn
3427 498 3645 555 allerre.

2054 581 2432 654 Paterfamilias
2477 586 2684 654 quidam
2703 625 2716 648 ,
2769 584 2957 655 inquit,
3024 602 3227 658 peregre
3282 590 3609 659 proﬁciscens
3629 634 3646 651 .

2051 674 2239 729 vacavit
2264 692 2430 729 servos
2451 693 2590 740 suos,
2621 687 2668 731 et
2689 677 2826 732 dedit
2850 680 2938 732 uni
2958 680 3158 749 quidem
3185 681 3375 735 talenta
3402 684 3647 753 quinque,

2053 764 2143 818 alii
2195 775 2364 819 au'em
2403 767 2526 830 duo,
2574 768 2665 821 alii
2710 785 2823 822 vero
2866 786 3039 823 unum.
3074 770 3200 826 Post
3230 773 3443 827 multum
3477 788 3648 828 autem

2052 863 2267 924 trntpus.
2311 873 2427 910 cum
2477 858 2756 913 advenisset
2807 861 2933 931 ipse,
2973 874 3210 918 venerunt
3256 866 3385 919 servi
3414 882 3433 921 :
3459 879 3507 920 et
3562 868 3652 921 illc

2052 946 2250 1012 quidem
2279 949 2367 1015 qui
2411 960 2672 1018 acceperat
2709 951 2928 1021 quinque
2952 952 3161 1021 talenta,
3197 956 3402 1010 accessit
3431 958 3605 1011 dicens
3626 974 3649 1013 :

2052 1035 2287 1102 Domine,
2319 1039 2536 1109 quinque
2561 1042 2746 1094 talenta
2784 1043 3040 1098 tradidisti
3068 1046 3211 1114 mihi,
3234 1063 3348 1102 ecce
3361 1050 3465 1103 alia
3507 1052 3651 1118 quin-

2052 1144 2148 1195 que
2173 1131 2361 1184 talenta
2393 1131 2774 1199 superlucratus
2800 1151 2914 1186 sum
2958 1134 3182 1207 (Matth.
3209 1138 3302 1193 25.
3329 1138 3416 1194 14.
3442 1141 3527 1195 15.
3561 1143 3646 1196 l9.

2053 1218 2178 1284 20).
2212 1219 2398 1290 Magna
2433 1222 2570 1277 servi
2608 1224 2779 1293 gratia
2807 1232 2862 1279 et
2890 1226 3147 1295 probitas,
3192 1229 3339 1299 larga
3369 1231 3527 1285 etiam
3552 1232 3653 1284 do-

2054 1312 2183 1367 mini
2220 1313 2537 1385 benignitas.
2572 1316 2636 1371 Et
2680 1318 2806 1388 quid
2838 1318 3004 1373 dicit?
3046 1319 3211 1391 Euge,
3245 1338 3387 1376 serve
3433 1324 3565 1377 bone
3604 1334 3653 1376 rt

2053 1403 2239 1472 ﬁdelis,
2270 1421 2424 1475 super
2452 1422 2614 1476 pauca
2643 1408 2787 1476 fuisti
2808 1408 2995 1479 ﬁdelis,
3030 1426 3180 1481 super
3206 1413 3365 1465 multa
3391 1424 3438 1466 te
3464 1416 3652 1467 consti-

2055 1504 2193 1548 tuam
2213 1511 2236 1550 :
2254 1496 2514 1568 ingredere
2539 1499 2589 1551 in
2615 1500 2858 1569 gaudium
2881 1502 3071 1556 domini
3096 1503 3169 1555 tui
3188 1502 3397 1574 (Matth.
3415 1504 3505 1560 25.
3527 1505 3646 1571 2|).

2056 1586 2342 1655 Quoniam,
2371 1589 2561 1660 inquit,
2593 1592 2643 1645 in
2666 1591 2731 1646 iis
2760 1606 2878 1662 qua:
2919 1591 3010 1647 tibi
3037 1593 3236 1649 credita
3258 1604 3403 1663 sunt,
3433 1607 3649 1666 gratum

2058 1695 2171 1748 prie
2199 1691 2252 1735 te
2278 1682 2443 1738 tulisti
2470 1682 2730 1749 animum,
2755 1684 2946 1754 dignus
2989 1699 3049 1740 es
3090 1686 3177 1740 cui
3217 1696 3273 1739 et
3305 1688 3505 1757 majora
3535 1699 3651 1742 tra-

2056 1769 2270 1823 dantur.
2310 1770 2529 1838 Accessit
2558 1785 2724 1826 autem
2764 1784 2811 1828 et
2857 1775 2943 1844 qui
2995 1774 3097 1828 duo
3133 1776 3321 1829 talenta
3354 1790 3647 1848 acceperat,

2058 1861 2228 1915 dicens
2256 1882 2275 1917 :
2304 1861 2491 1917 Nonne
2523 1864 2625 1917 duo
2654 1866 2843 1919 talenta
2872 1867 2996 1919 mihi
3026 1868 3323 1922 tradidisti?
3368 1866 3505 1924 Ecce
3545 1872 3654 1925 alia

2060 1954 2159 2007 duo
2190 1955 2412 2009 lucratus
2453 1974 2565 2012 sum
2608 1959 2813 2028 insuper
2843 1958 3018 2031 (Ibid.
3052 1977 3101 2013 υ.
3128 1960 3257 2033 22).
3282 1961 3468 2030 Magna
3494 1964 3655 2033 hujus

2059 2062 2270 2118 quoque
2292 2050 2432 2103 circa
2464 2051 2712 2118 pecunias
2737 2051 2939 2105 domini
2974 2053 3053 2106 sui
3076 2069 3202 2107 cura
3225 2063 3281 2109 et
3308 2055 3651 2119 sollicitudo;

2062 2139 2201 2195 unde
2226 2149 2280 2195 et
2306 2141 2494 2197 eadem
2522 2158 2640 2212 quae
2666 2145 2910 2213 superior
2953 2145 3177 2201 meritus
3228 2157 3330 2202 est.
3375 2148 3443 2202 Et
3486 2167 3654 2217 quare

2060 2230 2148 2286 ille
2169 2232 2256 2301 qui
2280 2232 2385 2287 duo
2405 2234 2580 2288 attulit
2601 2234 2817 2303 talenta,
2841 2237 3085 2292 eumdem
3110 2240 3455 2310 consequitur
3478 2242 3653 2294 bono-

2063 2338 2197 2387 rem,
2226 2338 2383 2393 quem
2418 2324 2503 2379 ille
2519 2325 2607 2393 qui
2633 2326 2824 2380 talenta
2848 2328 3080 2397 quinque
3103 2330 3393 2385 attulerat?
3419 2332 3611 2386 Merito
3639 2354 3651 2387 :

2061 2416 2418 2479 accretiouem
2455 2416 2683 2471 enimet
2732 2417 3156 2473 imminutionem
3207 2437 3312 2474 non
3358 2422 3441 2475 vel
3494 2424 3655 2491 hujus

2061 2506 2364 2577 diligentia,
2394 2507 2474 2561 vel
2500 2506 2639 2562 illius
2675 2510 2996 2579 negligentia
3019 2511 3166 2576 fecit,
3199 2512 3292 2567 sed
3318 2516 3654 2569 concredita-

2062 2616 2179 2654 rtttn
2206 2600 2416 2655 modus.
2442 2600 2574 2655 Nam
2602 2602 2741 2671 quod
2773 2603 2839 2656 ad
2890 2602 3216 2672 diligentiam
3244 2608 3454 2674 attinet,
3491 2609 3653 2681 ambo

2060 2707 2215 2762 pares
2240 2692 2489 2759 luerunt;
2535 2693 2758 2763 proinde
2800 2702 2854 2749 et
2899 2696 3141 2751 eamdem
3167 2701 3653 2755 remunerationem

2062 2784 2199 2837 nacti
2235 2793 2376 2838 sunt.

2122 2874 2178 2927 2.
2207 2874 2400 2929 Verum
2425 2874 2564 2929 alius
2600 2875 2689 2930 ille
2731 2876 2860 2930 nihil
2917 2878 3024 2932 tale
3078 2878 3277 2933 fecerat
3305 2879 3438 2935 :sed
3484 2884 3652 2952 quid?

2060 2967 2319 3029 AcceSsit,
2347 2966 2529 3020 dicens
2556 2983 2572 3021 :
2596 2967 2815 3038 Cognovi
2851 2978 2919 3035 te,
2946 2970 3081 3040 quod
3122 2980 3355 3026 austeras
3382 2973 3531 3028 homo
3557 2976 3649 3040 sis,

2062 3071 2248 3112 metens
2270 3059 2355 3112 ubi
2382 3075 2483 3112 non
2518 3060 2795 3126 seminasti,
2827 3071 2872 3114 et
2892 3077 3202 3133 congregans
3224 3065 3305 3117 ubi
3331 3083 3431 3120 non
3451 3070 3649 3137 sparsi—

2060 3152 2176 3205 sti:
2205 3161 2249 3205 et
2304 3160 2526 3205 metuens
2570 3151 2671 3205 abii
2715 3161 2763 3204 et
2811 3154 3061 3207 occultavi
3106 3155 3345 3208 talentum
3388 3157 3440 3210 in
3492 3169 3648 3213 terra.

2060 3242 2194 3297 Ecce
2220 3243 2372 3297 babes
2399 3242 2529 3313 quod
2567 3252 2710 3296 tuum
2750 3252 2821 3296 est
2851 3241 3024 3316 (Ibid.
3056 3260 3104 3297 ιι.
3150 3245 3239 3299 24.
3272 3246 3399 3315 25).
3428 3246 3472 3302 Ο
3499 3251 3652 3304 mali-

2063 3336 2188 3387 tiam
2235 3332 2447 3388 lamuli!
2495 3348 2528 3386 ο
2566 3348 2826 3387 summam
2877 3334 3434 3403 intprobitatemlnon
3474 3339 3649 3394 solum

2061 3425 2193 3479 nihil
2248 3426 2546 3494 negotiatus
2592 3434 2676 3480 est
2720 3441 2787 3480 ex
2829 3426 3025 3480 talento
3056 3426 3155 3480 sibi
3201 3428 3427 3495 credito,
3457 3431 3548 3483 sed
3597 3442 3651 3486 et

2062 3531 2157 3584 pro
2183 3516 2383 3570 talento
2424 3516 2817 3572 accusationem
2847 3517 3043 3571 attulit.
3076 3517 3148 3571 lta
3192 3520 3334 3573 enim
3365 3522 3500 3576 solet
3529 3537 3649 3574 ma-

2062 3607 2204 3672 litia;
2236 3607 2551 3661 obtenebrat
2593 3607 2853 3661 rationem
2884 3617 2939 3662 et
2978 3624 3099 3663 eum
3130 3609 3219 3677 qui
3248 3611 3413 3665 semel
3441 3627 3470 3663 a
3504 3622 3647 3667 recta

2059 3697 2142 3751 via
2172 3707 2254 3751 est
2305 3712 2543 3760 aversus,
2601 3697 2654 3751 in
2700 3700 2990 3767 prmcipitia
3032 3700 3266 3769 conjicit.
3313 3700 3436 3756 llaec
3470 3712 3648 3759 autent

2060 3789 2235 3842 oumia
2264 3787 2329 3842 de
2355 3788 2622 3857 magistris
2643 3787 2783 3842 dicta
2814 3798 2959 3855 sunt,
2999 3799 3054 3842 nt
3082 3790 3273 3845 talenta
3302 3791 3403 3845 sibi
3423 3807 3646 3848 Concre-

2058 3882 2166 3936 dita
2194 3896 2300 3935 non
2326 3880 2675 3944 abscondant,
2704 3880 2796 3935 sed
2829 3881 2971 3934 omni
3009 3881 3274 3952 diligentia
3302 3882 3508 3939 discere
3549 3899 3646 3939 cu-

2060 3971 2326 4041 pientihus
2372 3978 2663 4039 apponant.
2707 3970 2901 4024 Verum
2940 3971 3193 4041 deinceps
3218 3972 3340 4026 audi
3368 4012 3383 4037 ,
3412 3973 3606 4028 dilecte
3628 4015 3644 4040 ,

2059 4079 2123 4117 ex
2156 4062 2519 4131 indignatione
2541 4075 2664 4130 erga
2689 4061 2857 4127 illum,
2886 4061 3155 4131 quomodo
3184 4062 3344 4116 etiam
3373 4063 3646 4119 auditores

2058 4155 2137 4208 rei
2166 4154 2415 4219 evadant,
2448 4163 2501 4207 et
2530 4169 2635 4206 non
2683 4154 2851 4206 solum
2895 4153 2984 4206 illa
3037 4164 3345 4221 repetantur
3369 4169 3489 4224 qua:
3513 4170 3647 4209 con-

2056 4248 2259 4304 credita
2286 4256 2427 4313 sunt,
2462 4248 2557 4301 sed
2585 4255 2775 4301 etcum
2807 4261 2964 4299 usura
2993 4247 3324 4302 exactionem
3357 4248 3644 4316 patiantur.

2057 4338 2194 4407 Quid
2230 4340 2387 4409 igitur
2436 4338 2565 4392 dicit
2614 4339 2689 4391 illi
2735 4339 3017 4393 dominus?
3047 4338 3202 4392 Serve
3222 4355 3436 4408 nequam
3464 4340 3482 4407 (
3507 4337 3643 4392 Ibid.

2057 4445 2106 4483 υ.
2136 4430 2268 4500 26).
2312 4430 2594 4484 Terribilis
2625 4428 2936 4499 indignatio,
2989 4439 3043 4483 et
3091 4429 3252 4483 mina:
3283 4430 3521 4484 valentes
3551 4446 3645 4500 per

2058 4538 2117 4577 se
2143 4522 2436 4593 percellere
2484 4522 2741 4575 animum.
2794 4521 3019 4586 Sciebas,
3050 4522 3237 4591 inquit,
3282 4522 3418 4593 quod
3462 4535 3645 4575 metunt

2060 4614 2142 4668 ubi
2193 4630 2295 4667 non
2336 4612 2598 4676 seminavi,
2650 4622 2696 4665 et
2748 4629 3045 4683 congregem
3097 4614 3182 4666 ubi
3234 4630 3334 4666 non
3378 4613 3646 4681 dispersi:

2060 4705 2317 4776 oportebat
2360 4704 2513 4775 igitur
2550 4712 2596 4755 te
2641 4703 2905 4772 pecuniam
2949 4720 3111 4756 meam
3149 4704 3467 4757 dinumerare
3504 4722 3645 4758 men-

2058 4799 2241 4859 sariis,
2283 4806 2330 4850 et
2380 4812 2471 4866 ego
2505 4812 2618 4849 cum
2666 4795 2933 4862 uenissem,
2983 4810 3097 4847 cum
3123 4798 3314 4866 fanore
3340 4796 3648 4865 repetiissem

2055 4888 2221 4942 illam.
2246 4887 2530 4942 Pecuniam
2562 4897 2715 4941 vocat
2734 4887 2943 4955 eloquia
2973 4888 3224 4956 pretiosa,
3256 4888 3647 4943 nummularius

2057 4989 2235 5033 autem
2278 4996 2370 5034 vos
2421 4982 2510 5049 qui
2543 4981 2832 5051 suscipitis.
2864 4979 3036 5034 Tuum
3068 4979 3284 5048 quidem
3311 4980 3502 5049 fuerat,
3536 4983 3646 5049 ait,

2059 5080 2261 5126 tantum
2291 5073 2651 5138 dinumerare,
2703 5088 2881 5127 meum
2912 5082 3090 5126 autem
3113 5083 3356 5142 repetere
3403 5074 3472 5128 ab
3505 5076 3607 5129 illis
3630 5116 3644 5139 ,

2058 5179 2166 5217 non
2216 5163 2390 5218 solum
2433 5162 2792 5231 dinumerata,
2832 5163 2927 5218 sed
2952 5173 3004 5218 et
3044 5178 3279 5219 usuram.
3309 5163 3532 5231 Videtis,
3564 5166 3653 5219 di—

2057 5257 2202 5319 lecti,
2229 5260 2459 5325 qu‘antus
2489 5256 2543 5310 in
2563 5256 2721 5311 dictis
2752 5266 2944 5311 terror.
2976 5256 3116 5325 Quid
3147 5272 3275 5327 ergo
3310 5258 3510 5324 dicent,
3555 5261 3643 5327 qui

2055 5349 2359 5404 concredita
2396 5364 2613 5403 servare
2650 5349 2943 5420 negligunt,
2970 5349 3183 5418 quando
3201 5350 3362 5405 etiam
3390 5366 3547 5405 usura
3576 5351 3645 5405 ab

2055 5441 2134 5497 eis
2179 5440 2508 5511 requiritur?

2130 5532 2299 5587 Usura
2332 5549 2422 5585 cur
2450 5532 2721 5601 prohibita.
2768 5562 2824 5573 —
2852 5532 2919 5587 Et
2957 5533 3078 5588 vide
3122 5531 3506 5589 humanitatem
3543 5536 3642 5589 Do-

2053 5623 2205 5679 mini.
2236 5623 2290 5678 ln
2321 5622 2402 5677 his
2422 5623 2767 5679 sensibilibus
2811 5625 3050 5693 pecuniis
3088 5623 3361 5695 prohibuit
3412 5640 3480 5679 ne
3521 5629 3641 5696 quis

2058 5730 2270 5769 usuram
2301 5715 2582 5783 acciperet.
2622 5715 2817 5783 Quare,
2854 5724 2909 5770 et
2932 5714 3001 5770 ob
3040 5730 3203 5785 quam
3228 5730 3442 5771 causam
3461 5717 3483 5771 2
3503 5718 3636 5783 Quia
