4020 6136
297 218 408 275 375

301 335 440 403 κτῆς
477 345 570 386 και
612 331 849 404 φοϐερᾶς
889 329 1200 402 τραπέζης,
1250 329 1342 384 ἐπὶ
1379 329 1478 393 τὰς
1519 329 1879 402 ἱπποδρομίας

300 415 704 486 διημερεύουσι.
738 412 834 469 καὶ⁸
862 413 1012 467 οὐδὲν
1031 414 1211 476 αὐτοῖς
1238 412 1398 466 πλέον
1421 412 1529 466 ἀπὸ
1557 413 1655 483 τῆς
1684 413 1883 484 ἡμετέ-

305 515 404 569 ρας
437 497 726 568 γεγένηται
759 497 1015 568 σπουδῆς,
1051 495 1188 550 ἀλλά
1217 495 1468 567 καθάπερ
1498 495 1753 566 συνηθείᾳ
1776 495 1882 548 τινὶ

305 579 458 655 [411]
479 581 821 645 δουλεύοντες
840 624 854 647 ,
891 581 1112 635 ἐπειδὰν
1151 580 1316 652 νεύσῃ
1355 581 1514 652 μόνον
1537 583 1567 635 6
1600 580 1843 644 διάϐολος
1862 621 1878 645 ,

302 665 598 735 αὐτόματοι
619 665 936 719 σπεύδουσιν
951 664 1044 718 ἐπὶ
1063 665 1130 720 τά
1147 664 1440 735 παράνομα
1456 666 1637 717 ὲκεῖνα
1655 664 1880 735 θέατρα,

303 748 396 800 καὶ
433 749 657 811 ἑαυτοὺς
713 749 930 811 ἑκόντες
973 750 1086 810 τοῖς
1115 746 1350 809 δικτύοις
1390 746 1750 800 ὑποϐάλλουσι
1786 746 1882 799 τοῦ

302 830 540 902 πονηροῦ
567 831 840 901 δαίμονος,
865 831 958 884 καὶ
985 830 1106 883 οὔτε
1134 831 1376 902 ἡμετέρα
1402 830 1672 889 νουθεσία,
1700 828 1821 883 οῦτε
1846 832 1879 900 ἡ

304 915 467 983 πεῖρα
497 913 656 983 αὑτὴ,
691 914 785 966 καὶ
820 913 882 981 τὸ
907 914 1164 985 ἀνόνητον
1201 915 1300 983 τῆς
1330 916 1447 968 ἐκεῖ
1469 913 1771 985 διατριϐῆς,
1807 913 1884 964 δι-

303 996 598 1058 δασκαλίας
626 998 810 1059 αὐτοῖς
839 997 1096 1060 ὑπόθεσις
1125 997 1315 1066 γέγονε
1335 1013 1349 1027 ⁸
1376 997 1506 1068 ποίᾳ
1531 997 1716 1050 λοιπὸν
1747 1013 1880 1067 προσ

305 1080 475 1150 θυμία
523 1079 585 1132 τά
632 1079 731 1148 τῆς
781 1078 1127 1143 διδασκαλίας
1167 1081 1457 1151 ποιήσαιμι
1504 1079 1642 1151 πρὸς
1686 1079 1883 1150 ἄνδρας

303 1164 457 1217 οὐδὲν
491 1164 791 1234 κερδαίνειν
819 1163 1172 1233 βουλομένους
1208 1165 1272 1216 ὲκ
1305 1164 1412 1217 τῶν
1449 1163 1578 1234 παρ’
1610 1162 1765 1232 ἡμῶν
1804 1161 1884 1213 λεο

305 1245 580 1317 γομένων;
629 1246 736 1298 Καὶ
794 1245 868 1314 μὴ
922 1245 1224 1317 θαυμάσῃς.
1283 1246 1435 1298 Ἐπεὶ
1488 1247 1582 1298 καὶ
1617 1244 1880 1316 γηπόνος,

305 1329 524 1382 ὲπειδάν
574 1329 656 1401 ἴδῃ
707 1328 842 1398 μετά
875 1329 1067 1391 πόνους
1110 1327 1333 1389 πολλοὺς
1374 1328 1468 1381 καὶ
1513 1326 1883 1396 ταλαιπωρίας

305 1412 496 1480 ἄγονον
527 1411 818 1481 γινομένην
847 1410 944 1482 τὴν
977 1411 1100 1480 γῆν,
1137 1411 1230 1464 καὶ
1256 1411 1355 1465 οῦκ
1387 1410 1545 1476 ἀξίαν
1570 1409 1676 1462 τῶν
1705 1409 1882 1460 πόνων

304 1493 402 1564 τὴν
432 1493 661 1563 ἀμοιϐὴν
692 1493 1092 1564 παρεχομένην,
1115 1494 1472 1565 ὀκνηρότερος
1504 1494 1715 1561 γίνεται
1756 1490 1884 1560 περὶ

304 1577 403 1647 τὴν
434 1575 542 1628 τῶν
572 1577 902 1646 σπερμάτων
926 1577 1249 1646 καταϐολὴν,
1279 1577 1372 1630 καὶ
1396 1577 1496 1630 οῦκ
1517 1576 1594 1629 ἔτι
1619 1573 1757 1646 μετά
1783 1572 1882 1642 τῆς

305 1659 474 1729 αὐτῆς
532 1658 838 1731 προθυμίας
897 1660 998 1729 τῆς
1045 1664 1316 1729 γεωργίας
1362 1659 1720 1713 καθάπτεται.
1773 1655 1885 1709 Καὶ

309 1740 489 1813 ἰατρὸς
530 1741 586 1794 δὲ
609 1741 831 1806 ,ἐπειδὰν
872 1741 955 1814 ἴδῃ
995 1743 1090 1795 τὸν
1135 1743 1416 1815 ἄρρωστον
1459 1742 1533 1814 μὴ
1564 1741 1883 1812 πειθόμενον

305 1821 470 1876 αὑτοῦ
496 1825 608 1885 τοῖς
639 1825 1028 1894 ἐπιτάγμασιν,
1060 1825 1196 1879 ἀλλά
1223 1826 1320 1897 τὴν
1355 1827 1508 1880 νόσον
1543 1825 1726 1891 αὔξειν
1761 1825 1883 1878 καθ’

305 1908 542 1975 ἑκάστην
563 1906 966 1978 ἐπιτηδεύοντα,
1001 1909 1260 1972 πολλάκις
1283 1910 1502 1980 ἀφίησιν
1530 1911 1886 1979 ὲναπομεῖναι

304 1994 368 2062 τῇ
411 1991 568 2062 νόσῳ,
599 1991 687 2045 ἵνα
718 1991 854 2063 αὐτὴ
875 1994 908 2062 ἡ
935 1995 1098 2064 πεῖρα
1127 1993 1447 2056 διδάσκαλος
1484 1993 1631 2064 αὑτῷ
1660 1995 1884 2064 γένηται

303 2074 412 2126 τῶν
443 2074 849 2146 συμφερόντων.
878 2076 989 2130 Καὶ⁹
1015 2077 1064 2129 οἱ
1085 2077 1155 2132 τά
1186 2076 1486 2148 μαθήματα
1517 2079 1573 2130 δὲ
1606 2079 1732 2140 τοὺς
1760 2081 1884 2130 παῖ-

303 2161 400 2222 δας
437 2160 880 2224 ὲκπαιδεύοντες,
913 2161 1132 2214 ὲπειδάν
1186 2161 1336 2215 ἴδωσι
1383 2163 1451 2215 τὰ
1484 2163 1725 2232 πρότερα
1750 2163 1885 2215 ἀπο-

305 2243 596 2307 πτύοντας,
617 2243 710 2296 καὶ
735 2243 830 2314 τὴν
855 2246 1075 2315 μνήμην
1095 2243 1205 2298 τῶν
1228 2245 1327 2316 ῆδη
1357 2245 1619 2299 δοθέντων
1650 2244 1886 2298 ἀποϐάλ-

303 2327 515 2389 λοντας,
542 2327 798 2389 πολλάκις
827 2327 1256 2397 ἀποστρέφονται
1282 2327 1380 2398 τὴν
1405 2340 1429 2368 ι
1455 2328 1725 2399 ρᾳθυμίαν
1744 2329 1887 2400 διορ-

305 2409 555 2479 θούμενοι
579 2451 593 2473 ,
628 2411 722 2463 καὶ
778 2409 912 2480 πρὸς
946 2411 1177 2482 σπουδὴν
1228 2411 1446 2464 πλείονα
1498 2413 1880 2480 ἐπανάγοντες.

323 2493 454 2546 Ἀλλ’
477 2493 505 2544 6
538 2494 634 2564 μὲν
663 2494 900 2564 γηπόνος
919 2495 1142 2558 εἰκότως
1158 2496 1514 2567 ὀκνηρότερος
1536 2497 1742 2564 γίνεται
1761 2496 1884 2550 πολ-

301 2579 481 2642 λάκις,
514 2577 702 2648 ἐπειδὴ
728 2573 865 2630 οἶδεν
899 2579 978 2630 ὅτι
1006 2578 1075 2630 τά
1098 2582 1198 2646 τῆς
1228 2578 1429 2649 ζημίας
1451 2580 1598 2650 αὐτῷ
1625 2581 1888 2633 ἐπιτείνε-

303 2681 416 2725 ται,
447 2664 576 2716 ὅταν
601 2664 691 2716 τὸν
730 2664 827 2731 μὲν
860 2663 1021 2716 πόνον
1055 2665 1148 2716 καὶ
1196 2665 1294 2736 τὴν
1325 2665 1568 2736 δαπάνην
1603 2665 1846 2736 ὑπομένῃ
1866 2707 1880 2728 .

304 2747 416 2802 τῶν
455 2748 511 2801 δὲ
559 2746 788 2817 καρπῶν
827 2749 1218 2819 ἀποστερῆται.
1267 2747 1370 2800 Καὶ
1419 2751 1448 2801 6
1480 2749 1663 2819 ἰατρὸς
1701 2749 1756 2802 δὲ
1785 2749 1885 2802 οὐκ

304 2830 610 2894 ἀπεικότως
633 2829 950 2883 καταλείπει
972 2831 1230 2894 πολλάκις
1259 2833 1350 2884 τὸν
1383 2831 1697 2903 ἄρρωστον·
1728 2833 1885 2903 σῶμα

305 2916 416 2986 γάρ
459 2916 576 2967 ἐστι
602 2914 662 2967 τὸ
707 2913 1160 2984 θεραπευόμενον,
1193 2916 1286 2969 καὶ
1331 2915 1420 2969 διὰ
1449 2914 1608 2968 τοῦτο
1635 2916 1882 2986 ἀφίησιν,

307 2999 393 3052 ἵνα
421 3000 454 3068 ἡ
483 2998 584 3066 τῆς
615 2994 808 3066 ὀδύνης
836 2998 1087 3060 ἐπίτασις
1116 2999 1506 3071 παρασκευάσῃ
1533 3001 1612 3062 είς
1633 2998 1884 3070 αἴσθησιν

302 3081 403 3150 τῆς
426 3082 581 3132 νόσου
612 3079 784 3132 ἐλθεῖν
807 3079 900 3133 καὶ
921 3079 1066 3132 οὕτω
1086 3081 1184 3150 τὴν
1206 3081 1445 3151 ἰατρείαν
1467 3082 1882 3147 καταδέξασθαι.

305 3164 418 3218 Καὶ
440 3164 469 3214 ὁ
497 3161 608 3216 τῶν
655 3162 860 3215 παίδων
895 3161 1210 3227 διδάσκαλος
1233 3163 1319 3218 διά
1343 3163 1404 3217 τὸ
1435 3165 1622 3228 ἀτελὲς
1650 3165 1746 3236 τῆς
1765 3165 1884 3235 ἠλι-

305 3244 429 3309 κγίας
461 3245 844 3315 συμφερόντως
875 3244 1138 3310 πολλάκις
1164 3246 1264 3310 τὰς
1291 3246 1504 3314 πληγὰς
1535 3248 1883 3301 ἐπανατείνε-

303 3337 391 3382 ται
414 3331 526 3390 τοῖς
552 3328 762 3382 παισίν.
788 3328 927 3380 Ἀλλ’
946 3329 1106 3400 ἡμεῖς
1134 3331 1372 3401 σήμερον
1389 3330 1611 3396 τούτους
1637 3331 1884 3396 ἅπαντας

306 3410 803 3482 ὑπερϐαλλόμενοι,
859 3413 1390 3482 παρασκευαζόμεθα
1431 3414 1700 3486 πατρικὴν
1745 3416 1886 3484 φιλο-

307 3497 564 3567 στοργίαν
611 3497 738 3566 περ)⁸
777 3496 901 3558 τοὺς
949 3497 1272 3559 ὲπταικότας
1327 3497 1732 3562 ἐπιδείξασθαι,
1789 3501 1884 3553 καὶ

302 3578 512 3644 διδάξαι
535 3579 731 3641 αὐτοὺς
753 3579 857 3641 ὅτι,
880 3581 928 3632 εἰ
957 3580 1266 3648 ὲπιμένοιεν
1290 3581 1348 3632 ἐν
1371 3583 1435 3650 τῇ
1457 3581 1593 3652 αὐτῇ
1619 3581 1881 3652 ῥᾳθυμίᾳ,

306 3661 464 3714 τοῦτο
511 3661 644 3714 αὐτὸ
693 3662 938 3730 μείζονος
988 3664 1166 3725 αὐτοῖς
1221 3663 1595 3734 κατακρίσεως
1631 3663 1884 3727 ὑπόθεσις

305 3745 478 3799 ἔσται.
520 3745 578 3796 '0
606 3745 703 3814 μὲν
735 3745 841 3815 γάρ
882 3746 1116 3815 γηπόνος
1156 3747 1215 3797 οῦ
1255 3747 1392 3816 μετά
1421 3747 1518 3816 τῆς
1551 3749 1722 3817 αὐτῆς
1754 3766 1886 3821 προ-

307 3827 505 3892 θυμίας
525 3825 852 3880 καταϐάλλει
873 3827 942 3880 τὰ
963 3828 1271 3898 σπέρματα,
1300 3829 1398 3898 τὴν
1422 3829 1664 3900 δαπάνην
1689 3832 1884 3884 ἐννοῶν

306 3911 427 3979 εἰκῆ
467 3911 560 3962 καὶ
593 3909 767 3980 μάτην
818 3909 916 3980 ῆδη
961 3911 1359 3981 γεγενημένην·
1403 3915 1563 3983 ἡμεῖς
1592 3915 1649 3967 δὲ
1681 3914 1885 3984 ταύτης

305 3992 704 4064 ἀπηλλάγμεθα
746 3991 847 4060 τῆς
889 3992 1146 4059 ἀγωνίας.
1191 3994 1309 4047 Κᾶν
1338 3996 1446 4066 γὰρ
1487 3997 1885 4060 καταϐαλόντες

306 4079 398 4131 τὸν
428 4078 628 4148 σπόρον
649 4075 836 4130 τοῦτον
855 4076 947 4129 τὸν
973 4078 1358 4146 πνευματικὸν,
1381 4079 1468 4134 διά
1493 4082 1590 4152 τὴν
1613 4081 1884 4152 ρᾳθυμίαν

306 4161 416 4214 τῶν
444 4161 749 4214 ἀκουόντων
765 4159 856 4212 τὸν
887 4160 1094 4230 καρπὸν
1125 4161 1199 4232 μὴ
1223 4162 1526 4232 δεχώμεθα,
1548 4167 1682 4234 ἡμῖν
1706 4166 1886 4237 ἀπηρ-

308 4243 561 4312 τισμένος
598 4243 626 4294 ὁ
650 4243 839 4312 μισθὸς
868 4242 1049 4295 ἔσται·
1083 4243 1140 4295 τὸ
1178 4243 1286 4314 γὰρ
1324 4247 1683 4315 ὲμπιστευθὲν
1716 4248 1887 4320 ἁργύ-

310 4343 424 4397 ριον
450 4325 843 4395 κατεϐάλομεν,
870 4326 964 4379 καὶ
992 4326 1358 4396 τὺὲπιταχθὲν
1385 4329 1537 4398 παρὰ
1557 4329 1651 4383 τοῦ
1682 4332 1886 4383 Δεσπό-

306 4425 400 4461 του
444 4410 522 4470 εἰς
570 4407 728 4478 ἔργον
763 4408 1070 4478 ἠγάγομεν·
1117 4409 1302 4464 λοιπὸν
1349 4414 1462 4474 τοῖς
1516 4412 1808 4483 ἀκηκοόσιν
1855 4415 1884 4467 6

307 4490 464 4558 λόγος
509 4490 645 4562 πρὸς
679 4491 882 4544 ἐκεῖνόν
916 4494 1032 4545 ἐστι
1074 4493 1164 4546 τὸν
1220 4493 1480 4563 μέλλοντα
1526 4494 1666 4564 μετά
1710 4497 1884 4549 τόκων

308 4576 558 4627 ἀπαιτεῖν
577 4574 644 4628 τά
670 4574 1099 4644 καταϐληθέντα.
1127 4577 1266 4628 Ἀλλ’
1293 4578 1353 4629 οὺ
1373 4576 1531 4630 τοῦτο
1555 4578 1881 4650 σκοποῦμεν,

307 4659 388 4709 ὃτι
422 4658 581 4726 ἡμεῖς
617 4655 769 4719 ἐκτός
798 4659 962 4727 ἐσμεν
988 4659 1085 4728 τῆς
1111 4658 1334 4730 ζημίας,
1360 4661 1454 4714 καὶ
1473 4662 1532 4714 τὸ
1561 4661 1769 4716 ἑαυτῶν
1789 4680 1884 4716 πε-

307 4740 697 4810 πληρώκαμεν,
733 4739 868 4794 ἀλλά
909 4740 1207 4812 βουλόμεθα
1237 4743 1331 4797 καὶ
1362 4746 1506 4814 ὑμᾶς
1550 4746 1748 4816 πολλὴν
1775 4747 1884 4801 τῶν

308 4821 759 4892 καταϐληθέντων
780 4825 880 4892 τὴν
911 4827 1295 4896 πραγματείαν
1316 4829 1665 4899 ποιήσασθαι,
1698 4831 1784 4884 ἵνα
1808 4830 1882 4902 μὴ

305 4907 373 4974 τῇ
403 4905 643 4974 τιμωρίᾳ
678 4904 860 4976 ἐκείνῃ
890 4905 1182 4960 ὑπεύθυνοι
1218 4909 1468 4982 γένησθε,
1498 4912 1564 4983 ἢν
1593 4913 1883 4983 ὑπέμεινεν

307 4988 513 5049 ἐκεῖνος
535 4988 564 5040 6
602 4987 662 5039 τὸ
690 4987 948 5041 τάλαντον
973 4989 1296 5059 καταχώσας
1309 5031 1324 5057 ,
1358 4994 1450 5046 καὶ
1482 4994 1543 5047 τὸ
1569 4995 1883 5051 δεσποτικὸν

307 5061 568 5138 ἀργύριον
593 5069 654 5120 οὐ
688 5069 848 5138 μόνον
875 5071 936 5123 οὐ
961 5070 1424 5139 πολυπλασιάσας,
1450 5074 1599 5148 [419]
1623 5077 1758 5130 ἀλλά
1791 5082 1884 5134 καὶ

307 5149 632 5221 κατορύξας.
661 5150 900 5205 Τοιοῦτοί
923 5154 1060 5208 εἰσιν
1073 5155 1236 5208 οῖ’τὺν
1248 5157 1403 5226 λόγον
1421 5159 1520 5228 τῆς
1537 5159 1883 5225 διδασκαλίας

305 5235 584 5305 δεχόμενοι
615 5235 894 5306 (τάλαντον
926 5238 1034 5308 γάρ
1073 5239 1166 5291 καὶ
1193 5240 1456 5313 ἀργύριον
1485 5242 1642 5297 τοῦτο
1666 5245 1841 5315 καλεῖ)
1864 5287 1880 5312 ,

304 5317 400 5371 καὶ
432 5317 490 5368 οὺ
522 5317 913 5382 σπουδάζοντες
938 5322 1380 5393 καρποφορῆσαι,
1413 5326 1510 5378 καί¹
1550 5327 1750 5398 πολλὴν
1783 5331 1882 5401 τὴν

306 5401 686 5486 πραγματείαν
709 5403 1052 5486 ποιήσασθαι.
1083 5406 1222 5459 Ἀλλ’
1247 5407 1374 5472 ἴσως
1396 5410 1539 5463 εἴποι
1560 5428 1644 5473 τις
1668 5412 1754 5477 ἂν,
1784 5414 1883 5486 τὴν

305 5483 621 5553 παραϐολὴν
651 5484 852 5554 ταύτην
887 5488 987 5558 τὴν
1013 5488 1122 5542 τῶν
1162 5489 1439 5544 ταλάντων
1485 5494 1611 5564 περὶ
1653 5494 1762 5548 τῶν
1798 5483 1880 5548 διο

305 5567 588 5621 δασκάλων
627 5568 898 5640 εἰρῆσθαι.
961 5571 1132 5639 Κάγὼ
1167 5573 1326 5626 τοῦτό
1372 5592 1535 5645 φημι.
1603 5577 1744 5630 Ἀλλ’
1785 5578 1880 5631 ὲάν

304 5652 620 5723 ἐπέλθωμεν
655 5654 824 5724 αὐτὴν
859 5655 1099 5725 ἀκριϐῶς
1120 5696 1134 5718 ,
1162 5658 1368 5710 εἴσεσθε
1408 5659 1487 5712 ὅτι
1518 5661 1567 5712 οἰ
1601 5662 1699 5730 μὲν
1737 5663 1879 5718 διδά-

376 5745 402 5773 ⁸
431 5733 582 5786 Savil.
609 5741 662 5785 et
683 5743 781 5785 lres
804 5751 915 5785 mss.
943 5739 1166 5796 πολλάκις
1186 5741 1516 5805 ἐπιστρέφουσι
1531 5744 1628 5800 τήν.

1322 215 1387 270 IN
1426 214 1581 271 CAP.
1623 213 1788 269 XVIII
1829 211 2073 268 GENES.
2121 217 2349 274 IIOMIL.
2385 219 2521 274 XLI.

3459 225 3562 279 ὅτιὸ

1992 329 2178 384 σκαλοι
2207 332 2307 401 τῆς
2339 331 2646 402 καταϐολῆς
2684 332 2844 401 μόνον
2874 333 3161 388 ὑπεύθυνοι
3184 336 3563 405 τυγχάνουσιν,

1991 411 2150 483 ὑμεῖς
2181 415 2238 469 δὲ
2262 416 2323 468 οὐ
2358 417 2515 486 μόνον
2544 418 2643 488 τῆς
2665 417 2909 488 φυλακῆς
2950 418 3058 470 τῶν
3083 419 3528 490 καταϐληθέντων
3544 461 3564 487 ,

1990 497 2124 550 ἀλλά
2150 499 2362 570 καὶτῆς
2382 501 2785 572 πραγματείας.
2810 502 2920 555 Καὶ
2942 502 3026 555 ἵνα
3051 502 3248 575 μάθῃς,
3274 504 3567 572 ἀναγκαῖον

1990 580 2158 651 αὐτὴν
2197 584 2276 644 εἰς
2306 583 2467 652 μέσον
2495 585 2743 652 ἀγαγεῖν.
2765 583 3205 653 Οἰκοδεσπότης
3230 603 3351 651 τις,
3379 589 3568 657 φησὶν,

1989 663 2313 734 ἀποδημῶν
2339 665 2594 721 ἐκάλεσε
2619 667 2760 734 τοὺς
2783 667 2969 733 ἰδίους
2999 666 3275 735 δούλους,
3307 670 3405 721 καὶ
3427 669 3569 722 ἔδω-

1990 764 2100 800 κεν
2132 740 2180 813 ᾧ
2204 748 2323 816 μὲν
2358 750 2536 803 πέντε
2573 752 2870 817 τάλαντα,
2908 749 2954 814 ᾦ
2991 749 3058 802 δὲ
3105 752 3213 804 δύο
3236 794 3250 816 ,
3289 745 3336 818 ᾧ
3375 751 3442 804 δὲ
3474 752 3566 809 ἓν.

1988 833 2152 886 Μετὰ
2181 828 2246 884 δὲ
2275 836 2497 902 χρόνον
2543 833 3029 904 παραγενομένου
3066 835 3250 889 αὐτοῦ
3290 835 3481 904 ἦλθον
3513 837 3568 888 οἰ

1989 913 2230 967 δοῦλοι·
2253 918 2345 968 καὶ
2368 919 2400 970 ὁ
2438 918 2511 970 τὰ
2542 918 2720 970 πέντε
2751 916 3015 970 τάλαντα
3040 917 3242 972 λαϐὼν
3263 915 3570 987 προσῆλθε

1989 997 2183 1066 λέγων
2203 1014 2216 1026 ’
2259 999 2454 1065 Κύριε,
2505 1000 2685 1054 πέντε
2731 998 2998 1053 τάλαντά
3042 1017 3140 1070 μοι
3187 999 3433 1064 ἔδωκας,
3479 997 3571 1050 ἴδε

1990 1083 2151 1137 ἄλλα
2178 1085 2356 1139 πέντε
2387 1085 2651 1139 τάλαντα
2680 1085 2976 1154 ἐκέρδησα
3003 1086 3096 1137 ἐπ’
3129 1085 3351 1151 αὐτοῖς.
3394 1085 3568 1156 Πολλὴ

1989 1164 2084 1218 τοῦ
2116 1166 2326 1221 οἰκέτου
2371 1170 2404 1239 ἠ
2455 1168 2839 1239 εὐγνωμοσύνη
2869 1209 2885 1233 ,
2929 1167 3153 1239 δαψιλὴς
3180 1170 3215 1238 ἠ
3253 1169 3348 1220 τοῦ
3374 1167 3570 1220 6307.6-

1990 1266 2083 1302 του
2117 1248 2518 1319 φιλανθρωπία.
2557 1251 2621 1302 Τί
2649 1249 2760 1320 γάρ
2795 1267 2988 1320 φησινς
3026 1246 3136 1310 Εὖ,
3168 1249 3350 1303 δοῦλε
3387 1249 3570 1318 ἁγαθέ

1991 1333 2085 1385 καὶ
2122 1332 2298 1385 πιστέ
2325 1349 2340 1364 ·
2381 1333 2479 1385 ἐπὶ
2523 1333 2695 1400 ὀλίγα
2726 1329 2801 1401 ἧς
2837 1333 3071 1397 πιστὸς,
3099 1333 3193 1386 ἐπὶ
3225 1333 3470 1386 πολλῶν
3495 1349 3572 1386 σε

1991 1415 2379 1482 καταστήσω
2420 1416 2659 1468 εἴσελθε
2699 1417 2786 1480 εἰς
2824 1413 2938 1481 τὴν
2986 1416 3179 1485 χαρὰν
3207 1415 3315 1467 τοῦ
3358 1416 3570 1483 κυρίου

1990 1511 2127 1550 σου.
2172 1496 2407 1568 Ἐπειδὴ,
2441 1498 2574 1567 φησὶ
2596 1539 2610 1560 ,
2641 1498 2839 1569 πολλὴν
2865 1497 3072 1563 ἔδειξας
3105 1499 3162 1551 ὲν
3194 1500 3307 1561 τοῖς
3345 1499 3444 1569 ἤδη
3475 1515 3571 1550 πι-

1992 1578 2264 1632 στευθεῖσι
2301 1579 2401 1650 τὴν
2446 1581 2898 1651 εὐγνωμοσύνην,
2940 1579 3086 1643 ἄξιος
3133 1575 3186 1632 εἷ
3217 1582 3310 1634 καὶ
3350 1580 3570 1635 πλείονα

1991 1661 2421 1733 ἐγχειρισθῆναι.
2455 1662 2770 1730 Προσῆλθε
2792 1663 2860 1716 δὲ
2895 1663 2991 1717 καὶ
3015 1666 3048 1716 ὀ
3079 1661 3150 1716 τὰ
3169 1663 3278 1716 δύο
3305 1662 3569 1716 auara:

1990 1745 2273 1814 εἰληφὼς,
2298 1746 2494 1815 λέγων
2512 1761 2526 1774 ·
2547 1747 2695 1814 Οὑχί
2733 1746 2843 1799 δύο
2869 1745 3135 1800 τάλαντά
3159 1764 3257 1815 μοι
3304 1746 3568 1814 παρέδω-

1992 1845 2101 1893 κας
2122 1845 2140 1891 ;
2163 1828 2285 1882 Ἴδε
2310 1828 2473 1882 ἄλλα
2495 1828 2606 1882 δύο
2625 1829 2892 1883 τάλαντα
2911 1828 3208 1896 ἐκέρδησα
3227 1829 3316 1881 ἐπ’
3339 1829 3564 1895 αὐτοῖς.

1994 1911 2168 1982 Πολλὴ
2197 1911 2293 1964 καὶ
2315 1911 2506 1965 τούτου
2536 1913 2569 1981 ἡ
2600 1912 2728 1983 περὶ
2766 1911 2834 1964 τὰ
2862 1911 3157 1965 δεσποτικά
3190 1915 3445 1983 χρήματα
3476 1912 3570 1965 εῦ-

1991 2012 2129 2060 νοια,
2165 1995 2246 2048 διὸ
2276 1995 2371 2049 καὶ
2403 1993 2512 2047 τῶν
2546 1994 2727 2048 αὐτῶν
2760 1991 3005 2058 ἀξιοῦται
3035 1995 3114 2066 τῷ
3157 1984 3426 2067 προτέρῳ.
3460 1997 3569 2049 Καὶ

1991 2078 2134 2140 τίνος
2189 2077 2375 2130 ἕνεκεν
2418 2075 2513 2129 δύο
2553 2075 2934 2148 προσενεγκὼν
2981 2078 3218 2133 τάλαντα
3261 2079 3359 2148 τῆς
3398 2078 3568 2148 αὐτῆς

1993 2161 2186 2230 ἐκείνῳ
2230 2159 2308 2231 τῷ
2344 2161 2412 2214 τά
2444 2160 2604 2213 πέντε
2647 2163 3045 2230 προσαγαγόντι
3082 2162 3324 2229 ἀξιοῦται
3367 2165 3569 2233 τιμῆςς

1996 2245 2232 2306 Εἰκότως
2251 2261 2266 2276 ·
2288 2244 2377 2296 τὸν
2409 2245 2504 2314 μὲν
2530 2243 2636 2315 γάρ
2661 2244 2998 2315 πλεονασμὸν
3033 2245 3128 2298 καὶ
3153 2246 3249 2316 τὴν
3275 2245 3571 2299 ἐλάττωσιν

1993 2329 2090 2397 οὐχ
2122 2329 2155 2397 ἡ
2186 2326 2378 2380 τούτου
2407 2327 2639 2397 σπουδὴ.
2659 2326 2779 2380 οὐδὲ
2806 2329 2840 2397 ή
2863 2328 3068 2380 ἐκείνου
3091 2327 3328 2400 ρᾴθυμία
3351 2326 3573 2398 πεποίη-

1993 2427 2106 2474 κεν,
2138 2409 2250 2462 ἀλλ’
2284 2411 2320 2480 ἡ
2348 2408 2455 2461 τῶν
2481 2409 2948 2478 ἐμπιστευθέντων
2992 2411 3243 2480 ποσότης.
3277 2411 3319 2462 Τ
3323 2409 3357 2462 ἀ
3386 2411 3573 2479 μέντοι

1991 2492 2091 2561 τῆς
2128 2493 2363 2561 σπουδῆς
2398 2493 2487 2544 ἴσα
2516 2491 2610 2544 καὶ
2640 2491 2788 2562 παρὰ
2819 2492 3007 2543 τούτου
3028 2531 3042 2553 ,
3081 2492 3172 2544 καὶ
3199 2492 3327 2561 παρ’
3363 2490 3571 2544 ἐκείνου

1993 2575 2399 2644 εἰσενήνεκται·
2434 2574 2522 2627 διὰ
2549 2573 2705 2627 τοῦτο
2744 2574 2835 2626 καὶ
2865 2575 2962 2644 τῆς
2992 2575 3224 2646 ἀμοιϐῆς
3267 2577 3363 2646 τῆς
3403 2574 3576 2644 αὐτῆς

1994 2659 2341 2726 ἀπήλαυσαν.

2065 2830 2133 2901 β’.
2166 2830 2304 2882 Ἀλλ’
2327 2831 2354 2882 6
2380 2829 2564 2898 ἕτερος
2594 2828 2744 2880 οὐδὲν
2778 2825 3017 2880 τοιοῦτον
3053 2827 3378 2899 διεπράξατο
3397 2845 3411 2859 ·
3437 2829 3571 2883 ἀλλά

1992 2914 2082 2978 τίς
2136 2912 2414 2983 Προσῆλθε
2449 2911 2619 2980 λέγων
2641 2929 2655 2942 ο
2691 2913 2916 2980 Ἕγνων
2958 2926 3051 2974 σε,
3091 2912 3178 2965 ὅτι
3217 2913 3485 2982 σκληρὸς
3518 2909 3578 2967 εἴ

1993 2996 2302 3064 ἄνθρωπος
2319 3033 2334 3060 ,
2362 2993 2598 3064 θερίζῖυν
2638 2994 2789 3048 ὅπου
2819 2997 2929 3049 οὐκ
2960 2995 3266 3066 ἔσπειρας.
3294 2998 3391 3050 καὶ
3419 3015 3574 3052 συν-

1992 3077 2152 3148 άγων
2184 3079 2324 3132 ὅθεν
2353 3080 2425 3132 οὺ
2456 3077 2890 3144 διεσκόρπισας
2909 3093 2922 3108 ·
2971 3081 3068 3133 καί
3116 3081 3418 3152 φοϐηθείς,
3455 3083 3570 3137 ἁπ-

1992 3159 2185 3214 ελθὼν
2211 3160 2448 3228 ἔκρυψα
2485 3160 2551 3212 τὸ
2586 3158 2884 3214 τάλαντον
2913 3161 2982 3214 ἐν
2999 3160 3073 3230 τῇ
3100 3161 3198 3233 τῇ.
3237 3163 3384 3216 Ἰδοὺ
3411 3164 3573 3232 ἔχεις

1992 3243 2056 3295 τὸ
2103 3243 2239 3297 σόν.
2287 3244 2351 3294 Ὢ
2393 3242 2562 3296 κακία
2608 3243 2853 3295 οἰκέτουί
2900 3243 2945 3296 ῶ
2976 3246 3369 3317 ἀγνωμοσύνης
3405 3248 3576 3319 ὑπερ-

1994 3325 2124 3394 ϐολὴ
2151 3365 2165 3385 ,
2205 3326 2265 3378 οὐ
2297 3327 2454 3395 μόνον
2497 3326 2582 3377 ὃτι
2621 3327 2774 3378 οὐδὲν
2803 3328 3099 3397 εἰργάσατο
3129 3330 3221 3381 ἐπὶ
3260 3328 3338 3398 τῷ
3363 3329 3571 3383 δοθέντι

1993 3408 2141 3479 αὐτῷ
2170 3409 2418 3478 ταλάντῳ
2441 3448 2456 3472 ,
2495 3407 2612 3460 ἀλλ’
2640 3408 2722 3461 ὅτι
2767 3411 2860 3462 καὶ
2896 3411 3013 3463 ἀντὶ
3043 3410 3305 3464 ταλάντου
3338 3429 3571 3484 κατηγο-

1995 3491 2116 3561 ρίαν
2159 3490 2536 3562 προσήνεγκεί
2580 3491 2833 3544 Τοιοῦτον
2860 3493 2970 3562 γὰρ
3009 3495 3042 3563 ἡ
3086 3495 3334 3564 πονηρία’
3390 3498 3575 3548 σκοτοῖ

1991 3575 2082 3626 τὸν
2112 3575 2390 3644 λογισμὸν,
2427 3575 2521 3627 καὶ
2558 3575 2698 3626 κατά
2733 3575 2995 3644 κρημνῶν
3021 3579 3165 3629 ποιεῖ
3188 3576 3449 3648 φέρεσθαι
3477 3580 3573 3631 τὸν

1993 3657 2139 3722 άπαξ
2169 3657 2266 3725 τῆς
2305 3655 2518 3718 εὐθείας
2549 3657 2893 3726 ἐκτραπέντα
2924 3657 3065 3712 ὀδοῦ.
3097 3659 3282 3712 Ταῦτα
3306 3660 3363 3712 δὲ
3394 3661 3571 3714 πάντα

1993 3741 2122 3810 περὶ
2149 3739 2256 3792 τῶν
2287 3738 2627 3792 διδασκάλων
2657 3739 2898 3809 εἴρηται,
2925 3739 3064 3792 ὥστε
3103 3741 3176 3812 μὴ
3228 3743 3571 3814 ἀποκρύπτε-

1995 3823 2118 3875 σθαι
2150 3821 2218 3874 τά
2263 3821 2720 3891 ὲμπιστευθέντα,
2766 3821 2903 3874 ἀλλά
2937 3823 3072 3892 μετά
3116 3823 3298 3894 πάσης
3335 3825 3571 3892 σπουδῆς

1995 3904 2354 3975 παρατιθέναι
2393 3906 2504 3966 τοῖς
2547 3903 3027 3975 μαθητευομένοις.
3076 3905 3213 3958 Ἀλλ’
3254 3906 3417 3959 ἄκουε
3458 3907 3569 3960 λοι-

1995 3988 2116 4048 πὸν,
2147 3985 2397 4056 ἁγαπητὲ
2421 4025 2437 4049 ,
2468 3988 2530 4040 ὲκ
2573 3988 2670 4056 τῆς
2714 3987 2850 4057 πρὸς
2881 3990 3086 4041 ἐκεῖνον
3119 3990 3566 4060 ἀγανακτήσεως,

1991 4071 2138 4133 ὅπως
2167 4071 2260 4123 καὶ
2296 4071 2348 4123 οἱ
2395 4071 2823 4141 μαθητευόμενοι
2859 4071 3151 4126 ὑπεύθυνοι
3177 4072 3438 4140 γίνονται,
3472 4075 3566 4126 καὶ

1993 4155 2092 4207 οὐκ
2137 4156 2319 4207 ἐκεῖνα
2381 4155 2540 4224 μόνον
2597 4155 2953 4208 ἀπαιτοῦνται
3005 4156 3076 4208 τά
3137 4156 3568 4227 καταϐληθέντα,

1994 4239 2130 4292 ἀλλὰ
2155 4241 2248 4292 καὶ
2272 4240 2407 4309 μετὰ
2424 4239 2518 4292 τοῦ
2540 4239 2699 4292 τόκου
2749 4240 2847 4308 τὴν
2878 4239 3100 4310 μέθοδον
3130 4241 3479 4310 ὑπομένουσι.
3503 4243 3567 4296 Τί

1993 4317 2084 4374 οὖν
2138 4339 2270 4391 φησι
2325 4322 2460 4393 πρὸς
2517 4322 2681 4374 αὐτὸν
2735 4325 2763 4374 6
2808 4323 3102 4393 δεσπότης;
3135 4323 3285 4395 [415]
3337 4325 3572 4394 Πονηρὲ

1993 4404 2197 4458 δοῦλε.
2227 4405 2436 4476 Φοϐερά
2480 4406 2517 4475 ἡ
2540 4404 2932 4476 ἀγανάκτησις,
2971 4405 3129 4476 ἱκανὴ
3156 4407 3494 4476 καταπλῆξαι
3537 4410 3565 4477 1]

1995 4487 2213 4558 ἀπειλή.
2260 4489 2328 4541 Εἰ
2369 4489 2572 4557 ᾕδεις,
2635 4489 2829 4560 φησὶν,
2875 4489 2964 4542 ὅτι
3016 4490 3210 4558 θερίζὶυ
3254 4491 3406 4543 ὅπου
3456 4492 3570 4544 οὐκ

1992 4571 2264 4640 ἔσπειρα,
2282 4571 2378 4624 καί
2402 4571 2644 4642 συνάγω
2667 4573 2818 4626 ὅπου
2835 4575 2906 4626 οὐ
2917 4572 3332 4642 διεσκόρπισα,
3350 4574 3469 4629 ἔδει
3493 4591 3569 4627 σε

1992 4653 2352 4706 καταϐαλεῖν
2367 4655 2432 4706 τὸ
2450 4655 2732 4724 ἀργύριόν
2756 4673 2876 4725 μου
2903 4655 2999 4709 ἐπὶ
3027 4657 3167 4722 τοὺς
3190 4657 3565 4724 τραπεζῖτας,

1992 4735 2090 4788 καὶ
2129 4735 2242 4804 ἐγὼ
2274 4735 2469 4791 ἐλθὼν
2508 4738 2659 4807 μετὰ
2703 4740 2882 4792 τόκου
2924 4739 3210 4806 ἀπῄτησα
3258 4737 3335 4791 ἂν
3377 4740 3526 4791 αὐτό
3547 4756 3566 4770 ο

1990 4819 2252 4892 ἀργύριον
2285 4819 2460 4890 λέγων
2505 4821 2574 4875 τὰ
2618 4821 2772 4890 λόγια
2810 4821 2878 4874 τὰ
2911 4823 3100 4890 τίμια,
3149 4821 3478 4890 τραπεζίτας
3507 4821 3566 4873 δὲ

1991 4903 2134 4973 ὑμᾶς
2167 4902 2348 4956 καλῶν
2394 4905 2518 4969 τοὺς
2546 4903 2993 4976 ὑποδεχομένους.
3023 4903 3121 4956 Σὺν
3155 4903 3253 4974 μὲν
3277 4898 3366 4974 ἦν,
3405 4903 3563 4974 φησὶ,

1991 4983 2316 5038 καταϐαλεῖν
2364 4987 2544 5058 μόνον,
2601 4985 2732 5056 ἐμὸν
2791 4987 2847 5040 δὲ
2902 4981 2971 5057 ἧν
3033 4985 3094 5038 τὸ
3147 4987 3278 5055 παρ’
3339 4985 3566 5038 ἐκείνων

1990 5068 2326 5140 ἀπαιτῆσαι,
2379 5071 2453 5142 μὴ
2500 5070 2657 5141 μόνον
2701 5069 2770 5124 τά
2809 5069 3250 5141 καταϐληθέντα,
3295 5068 3430 5123 ἀλλά
3466 5071 3567 5124 καὶ

1989 5151 2080 5204 τὸν
2133 5153 2272 5224 ὑπὲρ
2318 5152 2523 5207 τούτων
2575 5154 2749 5208 τόκον.
2788 5154 2979 5225 Ὁρᾶτε
2999 5192 3014 5215 ,
3068 5153 3384 5223 ἀγαπητοὶ,
3441 5152 3562 5217 πῶς

1990 5235 2159 5298 πολὺς
2203 5239 2231 5290 ὁ
2276 5237 2438 5306 φόϐος
2480 5237 2588 5292 τῶν
2632 5238 2954 5309 εἰρημένων.
2996 5235 3061 5291 Τί
3109 5237 3174 5290 ἂν
3218 5232 3311 5290 οὖν
3356 5237 3564 5291 εἴποιεν

1989 5319 2040 5368 οἰ
2071 5319 2166 5371 καὶ
2193 5319 2294 5388 τῆς
2323 5320 2567 5393 φυλακῆς
2595 5321 2704 5375 τῶν
2727 5319 3173 5390 καταϐληθέντων
3205 5321 3556 5390 ἀμελοῦντες,

1987 5401 2119 5454 ὅταν
2156 5405 2251 5456 καὶ
2273 5403 2364 5456 τὸν
2392 5405 2534 5476 ὑπὲρ
2565 5405 2770 5458 τούτων
2799 5405 2956 5458 τόκον
2983 5403 3377 5475 μεθοδεύωνται
3401 5421 3416 5470 ;

2061 5485 2170 5539 Καὶ
2213 5487 2316 5558 δρα
2353 5487 2762 5560 φιλανθρωπίαν
2810 5490 3101 5546 Δεσπότου.
3143 5490 3268 5543 Ἐπὶ
3313 5490 3411 5558 μὲν
3447 5487 3558 5540 τῶν

1990 5569 2289 5639 χρημάτων
2316 5570 2424 5624 τῶν
2449 5571 2719 5642 αἰσθητῶν
2746 5573 3088 5643 ἀπηγόρευσε
3118 5572 3210 5626 τὸν
3236 5574 3393 5625 τόκον
3419 5571 3558 5640 λαμ-

1991 5650 2198 5704 ϐάνειν.
2228 5652 2384 5716 Τίνος
2405 5655 2609 5720 ἕνεκεν,
2634 5655 2728 5708 καὶ
2748 5655 2834 5708 διά
2854 5657 2904 5708 τί
2925 5673 2939 5720 ;
2965 5657 3080 5709 Ὅτι
3101 5656 3356 5725 ἑκάτερος
3374 5653 3555 5706 αὐτῶν

1989 5731 2185 5802 πολλὴν
2226 5736 2470 5791 ἐντεῦθεν
2497 5737 2754 5808 ὑπομένει
2799 5739 2894 5809 τὴν
2922 5739 3143 5810 βλάϐην.
3178 5739 3281 5790 Τοῦ
3321 5737 3423 5809 μὲν
3444 5737 3557 5809 γάρ
