4020 6136
349 239 456 297 371

348 357 385 427 ή
421 351 581 406 πενία
627 347 985 420 ἐπιτρίϐεται,
1030 345 1060 396 6
1097 342 1155 394 δέ
1205 341 1342 411 μετά
1377 337 1472 391 τοῦ
1522 329 1861 402 πλεονασμοῦ
1911 329 2020 382 τῶν

351 419 650 515 χρημάτων
681 419 774 490 καί.
805 429 1218 504 ἁμαρτημάτων
1243 426 1442 496 πλῆθος
1467 421 1646 490 ἐαυτῷ
1671 419 2017 489 ἐπισωρεύει.

353 506 640 584 δία-τοῦτο
683 524 742 590 ἐξ
789 521 966 591 ἀρχῆς
1011 519 1104 572 καὶ
1147 518 1211 569 ἐκ
1259 513 1561 586 προοιμίων
1613 508 1884 569 Ἰουδαίοις
1910 506 2022 566 τοῖς

355 616 659 686 παχύτερον
707 608 1066 679 διακειμένοις
1106 603 1310 675 ταύτην
1355 602 1453 672 τὴν
1503 597 1720 668 ἐντολὴν
1774 591 2025 686 ἐνομοθέῖ

353 677 486 776 τησε
517 677 717 769 λέγων’
762 677 898 751 οὐκί
929 691 1218 758 ἐκτοκιεῖς
1261 689 1342 755 τῷ
1381 686 1623 755 ἀδελφῷ
1660 701 1777 738 σου
1809 682 1907 734 καί
1944 677 2024 744 τῷ

355 767 622 859 πλησίον
648 803 785 842 σου.
817 783 983 846 Ποίας
1005 778 1099 836 οῦν
1127 781 1193 834 ἂν
1223 774 1333 832 εἶεν
1364 774 1658 842 ἀπολογίας
1683 772 1822 837 ἄξιοι
1846 770 1895 821 οἰ
1930 767 2024 820 καὶ

355 856 477 932 τῶν.
499 874 767 931 Ἰουδαίων
801 870 1069 942 ὠμότεροι
1107 867 1408 936 γινόμενοι,
1443 862 1536 916 καὶ
1568 858 1704 930 μετά
1740 856 1837 926 τὴν
1866 856 2024 926 χάριν

357 965 453 1020 καὶ
494 963 594 1030 τὴν
641 941 910 1028 τοσαύτην
963 955 1114 1025 παρά
1158 951 1252 1005 τοῦ
1302 948 1569 1003 Δεσπότου
1616 941 2024 1030 φιλανθρωπίαν

357 1053 468 1106 τῶν
489 1027 654 1119 ἐν-τῷ
684 1049 833 1117 νόμῳ
868 1027 1132 1104 ἐλάττους
1170 1037 1544 1119 εὑρισκόμενοι
1566 1077 1577 1095 ,
1615 1032 1812 1103 μᾶλλον
1844 1029 1899 1080 δὲ
1933 1027 2026 1081 καὶ

359 1135 606 1206 χείρουςς
652 1131 776 1182 Ἐπί
805 1113 992 1199 ’μέντοι
1025 1124 1134 1177 τῶν
1167 1117 1547 1191 πνευματικῶν
1589 1116 1751 1178 αὐτὸς
1777 1113 2026 1166 ἀπαιτεῖν

360 1223 701 1292 ὑπισχνεῖται
727 1218 854 1280 τοὺς
878 1215 1090 1276 τόκους.
1126 1209 1226 1263 Διά
1266 1208 1357 1272 τίς
1408 1203 1624 1274 Ἐπειδὴ
1655 1203 1747 1255 ἀπ’
1781 1198 2028 1262 ἐναντίας

358 1314 472 1374 τοῖς
498 1290 785 1376 ⁷αἰσθητοῖς
825 1305 1102 1374 χρήμασιν
1128 1290 1282 1358 οὗτός
1319 1296 1468 1346 ἐστιν
1494 1292 1523 1343 6
1546 1291 1700 1376 τόκος
1731 1291 1758 1342 6
1787 1303 2030 1376 πνευμα-

360 1371 530 1459 τικός.
569 1371 716 1447 Ἐκεῖ
749 1371 984 1462 μὲν-’γάρ
1015 1387 1044 1440 6
1080 1380 1420 1456 μεθοδευθείς
1454 1380 1533 1438 εἰς
1571 1375 1804 1444 ἐσχάτην
1839 1371 2030 1462 πενίαν

361 1483 555 1553 ἀθρόον
585 1461 982 1548 καταφέρεται·
1017 1469 1251 1526 ἐνταῦθα
1285 1468 1340 1521 δέ
1366 1470 1394 1520 6
1431 1463 1869 1535 μεθοδευόμενος,
1903 1461 2029 1513 ὅταν

364 1547 563 1638 πολλὴν
589 1547 1010 1635 εὐγνωμοσύνην
1035 1555 1516 1638 ἐπιδείξηται,ὃσῳ
1536 1551 1601 1605 ἂν
1628 1549 1856 1638 πλείονα
1874 1547 2032 1638 τόκον

365 1631 675 1724 εἰσενέγκῃ,
705 1631 943 1718 τοσούτῳ
968 1631 1368 1715 δαψιλεστέρας
1399 1635 1660 1693 ἀπολαύει
1687 1635 1786 1704 τῆς
1827 1631 2032 1686 ἀνωθεν

365 1719 648 1812 ἀμοιϐῆς.--
669 1739 940 1799 Ἕκαστος
994 1733 1168 1787 τοίνυν
1219 1728 1414 1799 ὑμῶν,
1464 1724 1760 1795 ἀγαπητοὶ,
1813 1719 2033 1773 ἐπειδὰν

367 1807 790 1896 καταϐάλλωμεν
814 1823 980 1894 ἡμεῖς
1001 1818 1069 1873 τὰ
1099 1814 1554 1888 ἐμπιστευθέντα,
1581 1809 1801 1864 διπλοῦν
1830 1807 2035 1876 ὀφείλει

363 1919 458 1972 τὸν
479 1917 638 1970 πόνον
663 1915 761 1968 καί
782 1913 880 1984 τὴν
909 1907 1212 1981 ἀγρυπνίαν
1243 1904 1664 1966 ἐπιδείκνυσθαι,
1694 1900 1786 1953 τδν
1815 1899 1912 1968 μὲν
1936 1897 2034 1966 τῆς

368 2003 614 2072 φυλακῆς
636 2000 745 2054 τῶν
774 1995 1240 2068 καταϐληθέντων,
1270 1991 1411 2046 ὥστε
1442 1991 1615 2058 πάγια
1637 1988 1808 2040 ταῦτα
1835 1984 2032 2055 μένειν·

367 2092 459 2144 τὸν
490 2090 548 2143 δέ
585 2090 684 2158 τῆς
705 2085 988 2158 ἐργασίας,
1021 2083 1163 2136 ὥστε
1191 2082 1287 2135 καὶ
1321 2081 1528 2150 ἐτέροις
1563 2073 1918 2146 μεταδιδόναι,
1945 2072 2038 2124 καὶ

369 2177 598 2240 πολλοὺς
631 2177 722 2230 ἐπὶ
751 2175 849 2244 τὴν
871 2171 970 2242 τῆς
990 2170 1191 2241 ἀρετῆς
1211 2168 1330 2221 ὁδὸν
1356 2165 1738 2237 χειραγωγεῖν,
1769 2161 1854 2213 ἵνα
1875 2159 2035 2228 διπλῇ

371 2265 536 2319 πάλιν
584 2265 713 2333 ὑμῖν
757 2262 819 2314 τὸ
865 2259 1059 2333 κέρδος
1094 2256 1354 2328 αὑξηται,
1394 2253 1533 2324 ὑπέρ
1576 2269 1636 2305 τε
1689 2250 1789 2320 τῆς
1835 2248 2041 2310 οἰκείας

373 2328 666 2422 σωτηρίας,
698 2349 839 2419 ὑπέρ
864 2328 1056 2416 τεντῆς
1087 2345 1198 2398 τῶν
1235 2344 1410 2398 ἀλλων
1442 2339 1727 2410 ὡφελείας.
1780 2339 1905 2390 Ἐὰν
1935 2337 2041 2406 γὰρ

371 2439 530 2493 τοῦτο
574 2437 787 2505 ποιῆτε,
828 2436 922 2488 καὶ
956 2436 1103 2504 ἡμᾶς
1138 2432 1439 2503 μακαρίους
1473 2425 1851 2498 ἀπεργάσεσθε
1892 2427 2042 2493 (Ma-

372 2526 578 2595 κάριος
608 2523 738 2592 γὰρ,
774 2521 960 2590 φησὶν,
992 2523 1025 2572 ό
1054 2519 1249 2585 λέγων
1275 2519 1361 2581 εἰς
1387 2512 1503 2570 ὦτα
1531 2512 1914 2577 ἀκουόντων),
1950 2509 2043 2560 καὶ

376 2610 828 2684 παρασκευάσετε
889 2606 1280 2675 δαψιλεστέραν
1336 2605 1466 2674 ὑμῖν
1521 2599 1878 2672 παρατιθέναι
1944 2597 2043 2666 τὴν

376 2681 751 2769 πνευματικὴν
780 2695 985 2763 ταύτην
1018 2691 1316 2764 τράπεζαν.
1339 2690 1431 2760 Μὴ
1456 2687 1632 2742 τοίνυν
1663 2683 1912 2756 ἀμελεῖτε
1936 2681 2044 2736 τῶν

375 2785 620 2854 ἀδελφῶν
660 2783 770 2837 τῶν
802 2781 1119 2853 ὑμετέρων,
1165 2779 1302 2850 μηδὲ
1351 2776 1419 2831 τά
1451 2774 1574 2830 καθ’
1613 2772 1837 2835 ἑαυτοὺς
1886 2770 2045 2840 μόνον

378 2876 654 2932 σκοπεῖτε.
684 2870 797 2924 ἀλλ’
828 2869 1059 2932 ἕκαστος
1110 2864 1455 2930 σπουδαζέτω
1497 2863 1588 2916 τὸν
1627 2859 1851 2930 πλησίον
1881 2857 2044 2927 ἐξαρ-

377 2955 572 3018 πάζειν
600 2955 698 3024 τῆς
718 2952 812 3006 τοῦ
843 2951 1089 3006 διαϐόλου
1121 2950 1422 3020 φάρυγγος,
1453 2945 1550 2999 καὶ
1577 2943 1686 2997 τῶν
1715 2941 2048 3014 παρανόμων

379 3043 601 3096 ἐκείνων
633 3038 942 3112 θεαμάτων,
981 3036 1077 3090 καὶ
1102 3037 1182 3100 εἰς
1209 3034 1308 3105 τὴν
1335 3031 1629 3103 ἐκκλησίαν
1655 3028 2045 3096 ἐπαναγαγεῖν,

377 3128 684 3191 δεικνύντες
722 3124 869 3196 αὑτῷ
890 3137 916 3166 α
949 3123 1089 3196 μετά
1129 3120 1331 3192 πολλῆς
1359 3120 1458 3190 τῆς
1500 3115 1799 3178 ἐπιεικείας
1830 3112 2049 3180 καὶτῆς

383 3216 708 3287 πραότητος,
736 3213 831 3266 καὶ
859 3212 956 3282 τῆς
992 3210 1172 3280 λύμης
1203 3208 1304 3277 τὴν
1334 3203 1641 3274 ὑπερϐολὴν
1685 3202 1780 3256 καὶ
1807 3201 1916 3253 τῶν
1961 3200 2049 3251 ἐν-

379 3303 571 3355 ταῦθα·
594 3300 814 3368 ἀγαθῶν
857 3299 918 3351 τὸ
953 3296 1214 3369 μέγεθος·
1247 3295 1340 3346 καὶ
1387 3293 1460 3363 μὴ
1501 3289 1652 3363 [414]
1703 3289 1861 3359 μόνον
1904 3287 2049 3352 ams

383 3387 477 3439 καί
516 3385 766 3457 δεύτερον
811 3383 970 3436 τοῦτο
1026 3383 1263 3442 ποιεῖτε,
1303 3379 1437 3432 ἀλλά
1475 3377 1569 3430 καὶ
1611 3375 1891 3444 διηνεκῶς.
1935 3373 2052 3425 Κάν

383 3474 492 3544 γὰρ
520 3474 760 3544 σήμερον
790 3469 865 3542 μὴ
889 3470 1143 3539 πείθηται
1185 3469 1298 3529 τοῖς
1327 3464 1478 3537 παρά
1505 3463 1598 3517 σοῦ
1623 3462 1954 3532 λεγομένοις,
1984 3463 2050 3530 τῇ

385 3561 513 3631 ἐξῆς
547 3559 897 3631 πεισθήσεται
919 3574 931 3588 ·
956 3557 1062 3610 κᾶν
1098 3555 1173 3627 μὴ
1198 3556 1264 3625 τῇ
1297 3552 1446 3623 ἑξῆς,
1479 3551 1640 3606 πάλιν
1669 3548 1810 3620 ὁρῶν
1839 3565 1898 3600 σε
1930 3549 2052 3599 ἐπι-

384 3649 654 3719 κείμενον,
700 3649 829 3710 ῐσως
870 3644 1294 3715 ἐντραπήσεται,
1347 3639 1442 3694 καὶ
1499 3637 1765 3700 αἰδεσθείς
1814 3653 1907 3689 σου
1955 3635 2052 3706 τὴν

385 3734 734 3806 κηδεμονίαν,
768 3733 1136 3802 ἀποστήσεται
1181 3729 1292 3782 τῶν
1338 3725 1700 3796 βλαπτόντων.
1742 3723 1850 3776 Καὶ
1890 3723 2053 3792 μηδέ-

386 3838 516 3875 ποτε
553 3821 698 3889 λέγε,
729 3821 810 3873 ὅτι
849 3819 957 3873 Καὶ
995 3815 1158 3881 ἅπαξ,
1194 3816 1288 3870 καί
1316 3813 1586 3884 δεύτερον,
1619 3812 1712 3865 καὶ
1733 3810 1934 3881 τρίτον,
1961 3808 2056 3861 καὶ

387 3908 648 3972 πολλάκις
693 3901 878 3969 εἷπον,
925 3905 1021 3958 καὶ
1058 3903 1210 3957 οὐδὲν
1241 3903 1436 3973 ήνυσα.
1487 3899 1580 3970 Μὴ
1614 3898 1798 3970 παύσῃ
1849 3897 2052 3963 λέγων’

387 3998 498 4068 ὅσῳ
527 3995 638 4067 γὰρ
668 3994 734 4048 ἂν
765 3993 1058 4065 ἐπιμένῃς,
1097 3989 1336 4061 τοσούτῳ
1366 4005 1460 4042 σου
1493 3988 1586 4040 καὶ
1625 3986 1654 4038 6
1687 3984 1872 4054 μισθὸς
1905 3981 2056 4048 αὑξε-

387 4101 500 4140 ται.
539 4084 654 4152 Οὑχ
696 4082 859 4151 δρᾶτε
892 4079 1070 4150 πόσης
1109 4076 1454 4145 ἀπολαύομεν
1488 4070 1868 4144 μακροθυμίας
1906 4068 2055 4150 παρά

388 4169 483 4224 τοῦ
527 4169 635 4221 τῶν
682 4168 819 4220 ὅλων
871 4166 1030 4228 Θεοῦ,
1082 4165 1176 4218 καὶ
1230 4162 1347 4224 πῶς
1389 4159 1508 4213 καθ’
1559 4157 1792 4226 ἐκάστην
1844 4146 2058 4226 ἡμέραν

392 4252 777 4325 παρακούομεν
801 4249 967 4303 αὑτοῦ
993 4249 1101 4302 τῶν
1127 4245 1580 4317 προσταγμάτων,
1598 4244 1691 4297 καί
1709 4243 1810 4295 οὐκ
1830 4242 2060 4310 ἀφίστα-

391 4357 484 4394 ται
511 4339 610 4410 τῆς
633 4338 759 4409 περί
782 4337 928 4408 ἡμᾶς
950 4335 1290 4406 κηδεμονίας,
1320 4332 1458 4387 ἀλλὰ
1488 4333 1580 4386 καί
1607 4331 1676 4384 τὰ
1705 4331 1834 4401 παρ’
1860 4325 2053 4380 ἐαυτοῦ

394 4429 575 4483 πάντα
623 4429 868 4498 χορηγεῖ,
914 4424 1005 4478 τὸν
1029 4423 1179 4494 ἥλιον
1223 4421 1550 4484 ἀνατέλλων,
1587 4420 1712 4482 τοὺς
1757 4418 1943 4479 ὑετοὺς
1983 4415 2060 4467 δι-

393 4518 538 4579 δοὺς,
580 4515 652 4566 τὰ
681 4514 814 4567 ἄλλα
856 4513 1068 4577 πάντας
1108 4510 1213 4564 Τὸν
1241 4510 1400 4563 αὑτὸν
1448 4507 1512 4579 δὴ
1548 4506 1745 4578 τρόπον
1776 4507 1868 4558 καὶ
1899 4505 2061 4574 ἡμεῖς

396 4603 526 4673 περὶ
559 4602 685 4664 τοὺς
732 4599 990 4668 ἀδελφοὺς
1027 4601 1150 4660 τοὺς
1194 4597 1496 4667 ἡμετέρους
1532 4594 1729 4663 πολλὴν
1781 4590 2062 4662 ποιώμεθα

397 4693 494 4763 τὴν
543 4690 794 4759 σπουδὴν,
829 4688 924 4740 καὶ
972 4683 1414 4754 ἀντιταττώμεθα
1585 4682 1804 4754 πονηρῷ
1848 4681 2059 4750 δαίμονι

398 4781 612 4852 ἐκείνῳ,
674 4780 762 4833 ἵνα
821 4778 1000 4846 ἄκυρα
1044 4772 1208 4829 αὑτοῦ
1257 4772 1496 4843 ποιῶμεν
1548 4774 1615 4825 τὰ
1669 4771 2059 4842 μηχανήματα.

413 4867 540 4922 Ἐὰν
568 4867 676 4937 γὰρ
704 4867 933 4926 ἕκαστος
960 4861 1066 4915 τῶν
1096 4858 1326 4912 ἐνταῦθα
1359 4857 1648 4911 συνιόντων
1679 4858 1774 4910 ’ἐνα
1809 4857 2064 4928 κερδᾶναι

400 4953 633 5026 δυνηθῇ,
679 4953 927 5021 ἐννόησον
964 4950 1112 5010 ὅπως
1143 4948 1270 5016 ἡμῖν
1309 4947 1400 4998 καὶ
1440 4947 1473 5016 ή
1519 4945 1811 5014 Ἐκκλησία
1860 4943 1951 4994 ἐπὶ
1986 4940 2066 5011 τῷ

402 5041 596 5111 πλήθει
633 5040 739 5092 τῶν
777 5036 990 5091 οἰκείων
1023 5034 1228 5086 τέκνων
1273 5032 1469 5102 πολλὴν
1508 5031 1715 5095 δέξεται
1744 5031 1839 5099 τὴν
1867 5029 2064 5101 εὐφρο-

404 5128 590 5195 σύνην,
621 5126 714 5178 καὶ
743 5127 770 5178 6
807 5121 1050 5184 διάϐολος
1080 5118 1603 5190 καταισχυνθήσεται
1647 5117 1790 5188 ὁρῶν
1819 5117 1940 5185 εἰκῆ
1972 5115 2067 5167 καλΙ

404 5213 582 5285 μάτην
638 5209 801 5264 αὑτοῦ
856 5208 924 5262 τὰ
978 5207 1167 5261 δίκτυα
1213 5207 1502 5276 τεταμένα.
1563 5205 1688 5258 Ἐὰν
1745 5203 1852 5273 γάρ
1908 5200 2066 5255 τοῦτο

401 5299 616 5369 ποιῆτε,
655 5295 953 5351 ἀκούσεσθε
985 5295 1081 5348 καί
1109 5294 1266 5364 ὑμεῖς
1295 5292 1436 5346 κατά
1458 5292 1557 5363 τὴν
1577 5291 1789 5361 ἡμέραν
1822 5288 2061 5358 ἐκείνην·

401 5384 513 5451 Εὖ,
547 5385 729 5440 δοῦλε
763 5385 945 5454 ἀγαθὲ
989 5382 1088 5439 καί
1129 5379 1332 5444 πιστὲ,
1363 5378 1463 5433 ἐπὶ
1498 5379 1668 5448 ὀλίγα
1716 5375 1791 5447 ἧς
1826 5375 2068 5440 πιστὸς,

403 5476 502 5530 ἐπὶ
536 5471 780 5527 πολλῶν
812 5487 886 5526 σε
912 5470 1294 5536 καταστήσω.

471 5561 541 5631 γ’.
559 5559 698 5614 Ἀλλ’
713 5561 794 5613 ὅτι
815 5559 911 5629 μὲν
934 5557 1088 5609 τοῦτο
1108 5558 1379 5626 ποιήσετε,
1399 5555 1600 5624 σφόδρα
1623 5551 1937 5617 πέπεισμαι·
1953 5547 2062 5617 ὁρῶ

405 5650 513 5723 γὰρ
547 5646 699 5718 ὑμῶν
738 5647 830 5699 καὶ
861 5643 929 5697 τά
966 5643 1251 5711 πρόσωπα,
1281 5643 1373 5694 καὶ
1402 5641 1728 5712 στοχάζομαι
1751 5637 1896 5698 ὅπως
1938 5632 2057 5702 μεθ’

471 5831 495 5858 ⁸
523 5829 672 5880 Savil.
698 5837 750 5880 el
769 5843 860 5880 sex
884 5842 996 5877 mss.
1024 5824 1263 5874 δεικνύντα
1285 5823 1432 5885 αὐτῷ.

1158 228 1216 282 S.
1249 221 1534 280 JOANNIS
1562 209 2053 273 CHRYSOS'I‘OMI
2089 205 2407 263 ARCIIIEP.
2448 202 2992 265 CONSTANTINOP.

3689 200 3796 255 378

2117 323 2310 394 ἡδονῆς
2337 323 2588 388 ἐδέξασθε
2612 323 2712 394 τὴν
2739 323 2869 390 παρ’
2893 319 3050 392 ἡμῶν
3077 316 3380 381 νουθεσίαν,
3399 314 3498 369 καὶ
3523 314 3614 368 διὰ
3641 316 3801 369 τοῦτο

2119 413 2324 477 ἐλπίζω
2353 415 2448 466 καὶ
2477 413 2546 466 τὰ
2575 412 2704 482 παρ’
2735 411 2889 481 ὑμῶν
2919 405 3409 478 εἰσενεχθήσεσθαι.
3441 405 3536 457 Διδ
3559 405 3664 475 τὴν
3702 406 3801 476 μὲν

2122 501 2251 570 περὶ
2277 500 2470 553 τούτου
2498 500 2816 570 παραίνεσιν
2855 494 3090 550 ἐνταῦθα
3119 495 3407 564 στήσωμεν
3425 510 3440 524 ·
3478 491 3800 564 παραθήσοο

2126 601 2226 654 μεν
2252 582 2308 634 δέ
2337 583 2465 652 ὑμῖν
2487 582 2585 652 τὴν
2613 580 2834 650 πτωχὴν
2859 577 3017 648 ήμῶν
3045 577 3139 630 καὶ
3167 575 3360 644 εὐτελῆ
3385 574 3696 646 τράπεζαν,
3715 575 3799 628 ἵνα

2123 664 2224 734 τῆς
2271 662 2532 733 συνήθους
2575 661 2978 722 ἀπολαύσαντες
3015 657 3360 719 διδασκαλίας
3400 655 3578 720 οὑτως
3616 656 3798 709 οἴκαδε

2124 747 2476 817 ἐπανέλθητε.
2527 747 2843 814 Ἀναγκαῖον
2871 744 2981 815 γάρ
3009 742 3105 796 καί
3134 744 3371 813 σήμερον
3404 741 3497 794 τὸν
3525 741 3800 810 πατριάρ-

2123 847 2226 900 χην
2269 829 2518 900 Ἀϐραὰμ
2553 831 2632 893 εἰς
2676 827 2837 898 μέσον
2865 827 3113 894 ἀγαγεῖν,
3157 825 3244 876 ίνα
3283 821 3490 893 μάθητε
3527 822 3653 885 οἵας
3688 823 3799 874 ἐδέ-

2128 911 2254 976 ξατο
2287 913 2387 982 τῆς
2417 911 2718 982 φιλοξενίας
2748 909 2902 979 παρά
2929 907 3022 960 τοῦ
3043 905 3176 959 Θεοῦ
3202 904 3300 968 τὰς
3326 904 3581 974 ἀμοιϐάς.
3607 905 3799 971 Ὠφθη

2125 998 2193 1051 δὲ
2231 995 2411 1061 αὐτῷ,
2449 997 2633 1066 φησὶν,
2684 997 2717 1049 ό
2747 994 2890 1059 Θεὸς
2921 992 3069 1060 πρὸς
3103 991 3177 1061 τῇ
3227 990 3363 1058 δρυῒ
3406 989 3482 1058 τῇ
3520 988 3798 1059 Μαμϐρῆ.

2125 1081 2466 1148 καθημένου
2505 1077 2691 1131 αὑτοῦ
2722 1076 2816 1129 ἐπὶ
2861 1073 2972 1142 τῆς
3001 1075 3183 1141 θύρας
3208 1072 3320 1140 τῆς
3340 1071 3583 1139 σκηνῆς
3611 1073 3800 1125 αὐτοῦ

2123 1161 2515 1230 μεσημϐρίας.
2548 1160 2817 1212 Ἕκαστον
2868 1157 2975 1210 τῶν
3028 1156 3289 1226 ῥημάτων
3329 1154 3467 1225 μετά
3510 1153 3801 1224 ἀκριϐείας

2129 1243 2506 1313 ἐξετάσωμεν,
2565 1243 2659 1294 καὶ
2722 1239 3118 1309 ἀναπτύξωμεν
3178 1239 3270 1292 τὸν
3333 1239 3654 1310 θησαυρὸν,
3710 1239 3802 1290 καὶ

2129 1325 2349 1379 ἅπαντα
2362 1325 2453 1377 τὸν
2470 1323 2725 1376 ἐναποκεί
2731 1340 2891 1393 μενον
2911 1321 3140 1374 πλοῦτον
3169 1321 3466 1392 καταμάθω
3473 1323 3800 1392 μεν.Ὥ;θη

2129 1409 2198 1460 δὲ
2220 1405 2398 1472 αὐτῷ,
2441 1407 2626 1477 φησὶν,
2664 1409 2697 1459 ὀ
2738 1406 2900 1470 Θεός.
2935 1405 3091 1466 Τίνος
3131 1404 3315 1457 ἐνεκεν
3357 1404 3530 1468 οὕτως
3569 1405 3800 1476 ἤρξατο,

2133 1495 2323 1559 Ὠρθη
2360 1490 2425 1542 δὲ
2452 1487 2611 1553 αὐτῷ
2631 1491 2662 1542 ό
2685 1488 2858 1554 Θεός;
2892 1487 3032 1557 Ὅρα
3063 1487 3334 1539 Δεσπότου
3367 1487 3801 1558 φιλανθρωπίαν,

2131 1575 2226 1628 καὶ
2269 1575 2462 1628 σκόπει
2497 1591 2587 1644 μοι
2619 1571 2827 1624 οἰκέτου
2880 1569 3317 1640 εὐγνωμοσύνην.
3358 1569 3576 1642 Ἐπειδὴ
3609 1572 3723 1641 γὰρ
3747 1574 3804 1624 ἐν

2131 1659 2244 1721 τοῖς
2273 1654 2637 1726 προλαϐοῦσιν
2666 1652 2851 1721 όφθείς
2909 1651 3078 1722 αὐτῷ,
3113 1653 3250 1722 μετά
3289 1653 3394 1705 τῶν
3422 1653 3600 1708 ἄλλων
3631 1655 3804 1707 ἀπάνε-

2133 1757 2240 1792 των
2266 1739 2358 1791 καί
2385 1738 2482 1808 τὴν
2503 1736 2746 1808 περὶτῆς
2762 1738 3061 1806 περιτομῆς
3087 1734 3234 1804 αὑτῷ
3256 1735 3471 1805 ἐντολὴν
3494 1736 3800 1802 διετάξατο,

2134 1823 2162 1874 ὁ
2190 1822 2246 1874 δὲ
2276 1820 2586 1891 θαυμαστὸς
2612 1815 2766 1882 οὗτος
2790 1818 2879 1872 ἀεὶ
2899 1817 2967 1870 τὰ
2996 1818 3148 1889 παρά
3172 1819 3266 1870 τοῦ
3303 1817 3438 1872 Θεοῦ
3469 1819 3804 1889 κελευόμενα

2135 1906 2215 1968 εἰς
2252 1903 2410 1973 ἔργον
2441 1901 2685 1954 σπεύδων
2711 1901 2886 1970 ἄγειν,
2916 1900 3119 1963 εὐθέως
3147 1901 3266 1953 οὐδέ
3295 1902 3354 1953 τὸ
3381 1902 3544 1971 τυχόν
3570 1903 3804 1956 ἀναϐαλ-

2135 1987 2359 2057 λόμενος
2390 1985 2550 2047 αὑτός
2576 2001 2636 2037 τε
2658 1985 3062 2054 περιετέμνετο,
3088 1982 3149 2034 τὸ
3177 1983 3320 2053 παρά
3345 1982 3437 2035 τοῦ
3465 1983 3606 2036 Θεοῦ
3636 2001 3803 2054 προσ-

2136 2069 2332 2139 ταχθὲν
2365 2067 2616 2139 πληρῶν,
2670 2067 2762 2119 καὶ
2790 2066 2880 2119 τὸν
2917 2064 3138 2134 Ἰσμαὴλ
3173 2065 3464 2135 περιέτεμε
3485 2104 3500 2126 ,
3551 2067 3653 2118 καὶ
3682 2067 3804 2129 τοὺς

2136 2153 2426 2219 οἰκογενεῖς
2461 2152 2706 2211 ἅπαντας
2725 2189 2738 2210 ,
2765 2148 2861 2201 καί
2906 2146 3105 2211 ἔδειξεν
3147 2146 3311 2201 αὑτοῦ
3354 2148 3452 2216 τὴν
3483 2148 3687 2219 πολλὴν
3715 2149 3805 2202 ὑπο

2139 2235 2330 2303 ακοὴν,
2347 2233 2507 2287 πάλιν
2535 2231 2682 2302 αὐτῷ
2711 2230 3338 2301 ἐπιφαίνεται.Τοιοὺτος
3356 2231 3464 2302 γὰρ
3489 2233 3805 2302 όΔεσπότ-ης

2139 2318 2168 2369 6
2216 2317 2514 2386 ἡμέτερος·
2561 2314 2782 2367 ἐπειδὰν
2833 2314 2943 2376 τοῖς
2989 2313 3090 2382 ήδη
3145 2313 3412 2381 φθάσασιν
3455 2314 3806 2384 εὐγνώμονας

2141 2398 2464 2468 γενομένους
2512 2399 2594 2467 ῐδῃ
2617 2438 2631 2458 ,
2674 2395 3111 2465 ἐπιδαψιλεύεται
3154 2397 3246 2448 καὶ
3290 2395 3541 2449 οὐδέποτε
3595 2398 3806 2451 ἵσταται

2142 2483 2241 2552 τῆς
2265 2481 2580 2550 εὐεργεσίας
2602 2519 2616 2542 ,
2661 2479 3016 2550 ἀμειϐόμενος
3041 2479 3138 2547 τὴν
3166 2479 3272 2530 τῶν
3307 2480 3690 2534 ὑπακουόντων
3719 2482 3808 2534 εὑ-

2143 2563 2516 2632 γνωμοσύνην.
2567 2561 2665 2614 Διὰ
2718 2561 2871 2613 τοῦτο
2916 2557 3028 2623 οὖν,
3077 2561 3262 2630 ἐπειδὴ
3307 2562 3608 2632 ὑπήκουσε,
3660 2563 3808 2638 [415]

2145 2647 2300 2716 φησὶ,
2330 2646 2489 2698 πάλιν
2511 2645 2666 2713 ὤφθη
2689 2643 2854 2712 αὐτῷ.
2883 2643 3096 2713 Ταύτης
3119 2643 3298 2695 τοίνυν
3323 2644 3483 2697 ἕνεκα
3504 2646 3607 2715 τῆς
3635 2649 3812 2713 αἰτίας

2145 2730 2316 2791 οὑτως
2362 2729 2564 2798 ἕρξατο
2600 2729 2628 2779 ὁ
2678 2727 2946 2796 μακάριος
2986 2725 3226 2794 Μωὺσῆς
3270 2725 3476 2793 λέγων·
3519 2729 3713 2796 Ὠφθη
3747 2731 3814 2785 δέ

2145 2811 2304 2877 αὐτῷ
2352 2816 2385 2866 ό
2427 2811 2570 2875 Θεὸς
2602 2809 2753 2876 πρὸς
2791 2808 2866 2876 τῇ
2891 2808 3028 2876 δρυῒ
3053 2805 3128 2873 τῇ
3167 2807 3436 2876 Μαμϐρῆ,
3469 2813 3814 2878 καθημένου

2146 2893 2333 2950 αὑτοῦ
2381 2894 2478 2946 ἐπὶ
2522 2892 2632 2961 τῆς
2668 2892 2852 2959 θύρας
2906 2889 3017 2957 τῆς
3065 2890 3306 2958 σκηνῆς
3345 2893 3534 2946 αὐτοῦ
3578 2911 3814 2963 μεσημ-

2148 2981 2334 3048 ϐρίας.
2376 2978 2576 3030 Σκόπει
2623 2992 2712 3046 μοι
2769 2973 3001 3027 ἐνταῦθα
3045 2973 3138 3026 τοῦ
3180 2974 3391 3028 δικαίου
3439 2976 3541 3045 τὴν
3584 2979 3811 3050 ἀρετήν.

2148 3061 2516 3131 Καθημένου,
2577 3059 2761 3128 φησὶν,
2802 3057 2902 3111 ἐπὶ
2953 3056 3064 3125 τῆς
3105 3055 3364 3124 σκηνῆς.
3418 3057 3612 3124 Οῦτως
3656 3063 3817 3134 ἔργον

2148 3148 2383 3200 ἐποιεῖτο
2406 3145 2503 3215 τὴν
2539 3141 2860 3211 φιλοξενίαν,
2889 3141 2965 3204 ὼς
2996 3141 3127 3212 μηδὲ
3157 3140 3482 3210 ἀνασχέσθαι
3513 3143 3692 3217 ἑτέρῳ
3710 3149 3818 3202 τινὶ

2147 3231 2257 3284 τῶν
2305 3228 2688 3301 προσηκόντων
2728 3225 3015 3295 ἐπιτρέψαι
3070 3224 3169 3295 τὴν
3207 3223 3408 3277 τούτων
3441 3224 3650 3297 θήραν·
3683 3229 3817 3285 ἀλλὰ

2147 3315 2490 3386 τριακοσίους
2523 3312 2653 3364 δέκα
2685 3310 2780 3364 καί
2819 3308 2963 3361 ὀκτὼ
2997 3309 3289 3376 οἰκογενεῖς
3326 3307 3482 3378 ἔχων,
3526 3309 3816 3383 ἄνθρωπος

2151 3396 2484 3468 πρεσϐύτης,
2533 3395 2626 3447 καὶ
2656 3395 2735 3456 εἰς
2767 3391 2901 3462 βαθὺ
2941 3392 3115 3462 γῆρας
3158 3388 3356 3452 ἐλάσας
3399 3391 3816 3464 (ἐκατονταέτης

2150 3481 2258 3551 γὰρ
2292 3479 2599 3548 ἐτύγχανε),
2646 3476 2796 3546 παρὰ
2825 3476 2922 3546 τὴν
2945 3474 3114 3543 θύραν
3172 3472 3482 3536 ἐκαθέζετο.
3526 3477 3641 3530 Καὶ
3667 3472 3819 3541 οὗτος

2156 3565 2254 3634 μὲν
2286 3564 2443 3617 τοῦτο
2480 3562 2639 3632 ἔργον
2678 3562 2928 3620 ἐποιεῖτο,
2964 3559 3056 3610 καὶ
3089 3556 3207 3610 οὐδὲ
3238 3557 3300 3608 τὸ
3327 3556 3504 3628 γῆρας
3529 3559 3684 3630 αὑτῷ
3714 3560 3817 3613 κὼ-

2152 3649 2296 3718 λυμα
2343 3647 2580 3714 ἐγένετο,
2629 3644 2747 3696 οὐδὲ
2778 3643 2875 3713 τῆς
2914 3639 3116 3703 οἰκείας
3168 3639 3526 3702 ἀναπαύσεως
3559 3636 3654 3712 ἦν,
3700 3643 3818 3696 οὑᾶ

2154 3732 2261 3785 ἔσω
2284 3733 2374 3782 ἐπὶ
2407 3731 2501 3798 τῆς
2533 3729 2718 3794 κλίνης
2745 3723 2812 3796 ἦν
2846 3723 3214 3792 ἀνακείμενος,
3243 3722 3380 3776 ἀλλὰ
3402 3723 3551 3793 παρά
3597 3725 3698 3794 τὴν
3728 3725 3818 3777 θύ-

2160 3833 2258 3886 ραν
2289 3813 2607 3876 ἐκαυέζετοο
2652 3810 2828 3878 ’ἐτεροι
2866 3807 2923 3859 δὲ
2957 3806 3214 3868 πολλάκις
3241 3805 3300 3857 οὐ
3331 3803 3490 3874 μόνον
3518 3805 3727 3875 ταύτην
3759 3808 3818 3860 οὐ

2157 3896 2431 3952 ποιοῦνται
2465 3894 2563 3965 τὴν
2599 3892 2866 3960 σπουδὴν,
2899 3890 3034 3943 ἀλλὰ
3066 3891 3158 3942 καὶ
3193 3889 3254 3941 τὸ
3295 3887 3555 3949 ἐναντίον,
3587 3893 3680 3942 καὶ
3727 3893 3820 3944 ὲκ-

2155 3981 2358 4034 κλίνειν
2387 3976 2719 4046 ἐπιχειροῦσι
2763 3975 2872 4028 τῶν
2917 3971 3326 4042 ἐπιδημούντων
3357 3971 3455 4035 τὰς
3505 3975 3821 4043 συντυχίας,

2137 4056 2216 4121 ὼς
2246 4056 2313 4112 ἂν
2348 4057 2422 4126 μὴ
2454 4057 2546 4109 καί
2579 4058 2804 4119 ἄκοντες
2830 4057 3225 4124 ἀναγκασθεῖεν
3247 4057 3635 4123 ὑποδέξασθαι.
3678 4062 3823 4114 Ἀλλ’

2140 4141 2240 4211 οὐχ
2257 4141 2285 4192 6
2325 4139 2531 4202 δίκαιος
2575 4138 2768 4202 οὑτως,
2799 4138 2937 4191 ἀλλὰ
2969 4139 3121 4210 παρά
3153 4141 3252 4212 τὴν
3281 4140 3450 4210 θύραν
3479 4141 3579 4213 τῆς
3612 4145 3825 4216 σκηνῆς

2142 4222 2432 4285 ἐκαθέζετο
2479 4221 2850 4293 μεσημϐρίας.
2897 4221 3069 4276 Τοῦτο
3101 4225 3209 4292 γὰρ
3244 4222 3277 4292 ὴ
3318 4223 3486 4294 πολλὴ
3523 4225 3629 4293 τῆς
3671 4229 3825 4296 φιλο-

2143 4306 2320 4371 ξενίας
2355 4305 2625 4367 ἐπίτασις,
2663 4307 2757 4358 καί
2798 4305 2898 4374 τῆς
2934 4306 3137 4377 ἀρετῆς
3173 4306 3268 4358 τοῦ
3321 4307 3535 4360 δικαίου
3575 4311 3610 4380 ή
3644 4311 3823 4383 ὑπερ-

2140 4393 2288 4463 ϐολὴ.
2318 4393 2402 4444 ὅτι
2420 4391 2512 4444 καὶ
2535 4392 2592 4443 ἐν
2618 4393 2934 4463 μεσημϐρίᾳ
2960 4392 3117 4446 τοῦτο
3148 4392 3517 4463 διεπράττετο.
3550 4395 3823 4462 Εἰκότως·

2140 4473 2329 4544 ἐπειδὴ
2368 4474 2477 4544 γὰρ
2508 4473 2624 4543 ᾔδει
2659 4475 2787 4536 τοὺς
2825 4475 3125 4546 ὁδοιπορεῖν
3162 4476 3645 4546 ἀναγκαζομένους
3692 4481 3824 4534 κατ’

2141 4559 2348 4611 ἐκεῖνον
2376 4557 2468 4610 τὸν
2500 4556 2689 4628 καιρὸν
2715 4556 2952 4626 μάλιστα
2988 4556 3276 4627 δεομένους
3309 4557 3512 4628 πολλῆς
3527 4559 3630 4629 τῆς
3661 4560 3827 4632 θερα-

2142 4641 2324 4701 πείας.
2351 4639 2442 4692 διά
2464 4639 2623 4692 τοῦτο
2652 4638 2729 4702 ὡς
2752 4641 3056 4710 ἐπιτήδειον
3081 4640 3272 4711 καιρὸν
3297 4639 3482 4695 τοῦτον
3512 4642 3821 4712 ἐξελέγετο,

2139 4725 2234 4777 καὶ
2266 4723 2576 4792 καθήμενος
2605 4723 2777 4793 ἐθήρα
2814 4725 2940 4787 τοὺς
2972 4724 3290 4794 παριόντας,
3315 4725 3526 4778 οἰκείαν
3556 4726 3825 4782 ἀνάπαυε

2139 4822 2224 4858 σιν
2255 4806 2456 4876 κρίνων
2474 4804 2571 4875 τὴν
2602 4805 2710 4857 τῶν
2747 4805 2937 4858 όδιτῶν
2970 4805 3291 4877 θεραπείαν,
3320 4807 3413 4860 καὶ
3442 4809 3572 4871 τοὺς
3593 4809 3702 4863 ὑπὸ
3724 4811 3821 4865 τοῦ

2139 4887 2420 4951 καύσωνος
2442 4887 2810 4959 φλεγομένους
2839 4889 2944 4942 ὑπὸ
2973 4890 3074 4959 τὴν
3105 4891 3315 4961 σκέπην
3343 4892 3586 4962 εἰσάγειν
3618 4895 3824 4949 ἐσπού-

2134 4971 2317 5035 δαζεν,
2345 4973 2406 5024 οὐ
2437 4970 2934 5042 περιεργαζόμενος
2961 4973 3089 5036 τοὺς
3125 4974 3444 5044 παριόντας,
3468 4977 3592 5030 οὑόέ
3624 4977 3819 5042 ἐξετά-

2138 5052 2247 5117 ζων
2277 5054 2327 5133 εἰ
2358 5051 2645 5123 γνώριμοι,
2681 5051 2714 5123 ἢ
2749 5054 3018 5121 ἄγνωστοι
3064 5051 3194 5109 εἷεν.
3240 5057 3316 5110 Οὐ
3358 5057 3668 5127 φιλοξενίας
3708 5063 3820 5133 γὰρ

2135 5133 2196 5185 τὺ
2264 5131 2334 5222 τά
2387 5134 3147 5222 τοιαῦτα-περιεργάζεσθαι,
3201 5139 3342 5193 ἀλλά
3393 5140 3455 5193 τὺ
3513 5144 3652 5195 πᾶσι
3704 5131 3820 5208 τοῖς

2137 5214 2396 5283 παριοῦσι
2449 5214 2549 5284 τῆς
2603 5216 2811 5279 οἰκείας
2857 5217 3196 5288 μεταδιδόναι
3243 5221 3670 5294 φιλοφροσύνης.
3709 5226 3818 5278 Καὶ

2135 5300 2321 5385 ἐπειδὴ
2354 5301 2576 5385 ἦπλωσε
2612 5306 2711 5375 τῆς
2738 5303 3042 5373 φιλοξενίας
3069 5306 3169 5377 τὴν
3199 5310 3462 5380 σαγήνην,
3497 5313 3818 5385 κατηξιώθη

2135 5384 2228 5436 καὶ
2273 5385 2366 5437 τὸν
2411 5384 2519 5438 τῶν
2565 5386 2702 5440 ὅλων
2756 5389 3034 5458 Δεσπότην
3082 5390 3442 5456 ὑποδέξασθαι
3499 5394 3640 5462 μετὰ
3707 5396 3818 5448 τῶν

2133 5465 2388 5534 ἀγγέλων
2437 5466 2622 5522 αὑτοῦ.
2672 5470 2773 5523 Διά
2823 5471 2982 5526 τοῦτο
3032 5475 3127 5526 καὶ
3181 5474 3394 5539 Παῦλος
3448 5476 3640 5545 ἔλεγε·
3700 5479 3821 5546 Τῆς

2133 5549 2484 5631 φιλοξενίας
2556 5551 2642 5621 μὴ
2691 5552 3199 5610 ἐπιλανθάνεσθεο
3261 5557 3361 5612 διὰ
3418 5561 3642 5626 ταύτης
3699 5563 3819 5631 γὰρ

2131 5629 2352 5716 ξλαθόν
2402 5650 2560 5716 τινες
2627 5635 2980 5705 ξενίσαντες
3053 5640 3380 5710 ἀγγέλους·
3459 5643 3551 5696 τὸν
3617 5629 3818 5716 πατρι-

2127 5711 2302 5822 151;qu
2347 5713 2563 5822 πάχτωξ
2601 5718 2988 5822 αένιττόμενος.
3037 5720 3134 5774 Διά
3174 5722 3332 5776 τοῦτο
3373 5723 3466 5778 καὶ
3510 5725 3541 5776 ό
3577 5711 3817 5796 Χριστὸς

2191 5811 2346 5822 ρει-ι.-
2466 5818 2489 5822 Δ
2559 5817 2593 5822 --
2662 5801 2842 5822 ίΡ-,--.
2903 5804 2939 5822 η.
2994 5821 2997 5822 ,
3141 5806 3151 5822 ο
3367 5805 3392 5814 ⁵
3477 5808 3488 5821 1
3515 5811 3533 5822 ι
3631 5808 3644 5822 ι

2129 5795 2346 5867 ἐλεγενο
2387 5799 2490 5866 ’ος
2516 5798 2593 5852 ἀν
2617 5800 2864 5869 δέξηται
2895 5804 3001 5858 ἕνα
3050 5806 3279 5860 τούτων
3320 5805 3438 5860 τῶν
3464 5808 3812 5879 ἐλαχίστων

3939 5837 3966 5926 Ἴ
