  <div class='ocr_page' id='page_1' title='image "/cluster/home/n/w/nwhite01/storage/ocr_20150623/53/mdp.39015028539479/378.png"; bbox 0 0 4020 6136; ppageno 0'>
   <div class='ocr_carea' id='block_1_1' title="bbox 324 270 425 323">
    <p class='ocr_par' dir='ltr' id='par_1_1' title="bbox 324 270 425 323">
     <span class='ocr_line' id='line_1_1' title="bbox 324 270 425 323; baseline 0.01 -1"><span class='ocrx_word' id='word_1_1' title='bbox 324 270 425 323; x_wconf 75' lang='grc'><strong>577</strong></span> 
     </span>
    </p>
   </div>
   <div class='ocr_carea' id='block_1_2' title="bbox 331 365 1903 451">
    <p class='ocr_par' dir='ltr' id='par_1_2' title="bbox 331 365 1903 451">
     <span class='ocr_line' id='line_1_2' title="bbox 331 365 1903 451; baseline -0.01 -17"><span class='ocrx_word' id='word_1_2' title='bbox 331 395 555 451; x_wconf 85' lang='lat' dir='ltr'><strong>uterque</strong></span> <span class='ocrx_word' id='word_1_3' title='bbox 584 390 773 450; x_wconf 86' lang='lat' dir='ltr'><strong>magno</strong></span> <span class='ocrx_word' id='word_1_4' title='bbox 802 375 998 431; x_wconf 90' lang='lat' dir='ltr'><strong>damno</strong></span> <span class='ocrx_word' id='word_1_5' title='bbox 1021 373 1267 428; x_wconf 83' lang='lat' dir='ltr'><strong>afficitur.</strong></span> <span class='ocrx_word' id='word_1_6' title='bbox 1298 370 1429 425; x_wconf 85' lang='lat' dir='ltr'><strong>Nam</strong></span> <span class='ocrx_word' id='word_1_7' title='bbox 1457 368 1665 424; x_wconf 77' lang='lat' dir='ltr'><strong>debitor</strong></span> <span class='ocrx_word' id='word_1_8' title='bbox 1688 365 1903 436; x_wconf 92' lang='lat' dir='ltr'><strong>quidem</strong></span> 
     </span>
    </p>
   </div>
   <div class='ocr_carea' id='block_1_3' title="bbox 326 456 1910 542">
    <p class='ocr_par' dir='ltr' id='par_1_3' title="bbox 326 456 1910 542">
     <span class='ocr_line' id='line_1_3' title="bbox 326 456 1910 542; baseline -0.011 -16"><span class='ocrx_word' id='word_1_9' title='bbox 326 472 505 542; x_wconf 87' lang='lat' dir='ltr'><strong>inopia</strong></span> <span class='ocrx_word' id='word_1_10' title='bbox 575 468 860 529; x_wconf 88' lang='lat' dir='ltr'><strong>atteritur,</strong></span> <span class='ocrx_word' id='word_1_11' title='bbox 908 464 1143 520; x_wconf 91' lang='lat' dir='ltr'><strong>creditor</strong></span> <span class='ocrx_word' id='word_1_12' title='bbox 1195 470 1372 516; x_wconf 89' lang='lat' dir='ltr'><strong>autem</strong></span> <span class='ocrx_word' id='word_1_13' title='bbox 1417 474 1616 529; x_wconf 80' lang='lat' dir='ltr'><strong>augens</strong></span> <span class='ocrx_word' id='word_1_14' title='bbox 1662 456 1910 520; x_wconf 77' lang='lat' dir='ltr'><strong>divitias,</strong></span> 
     </span>
    </p>
   </div>
   <div class='ocr_carea' id='block_1_4' title="bbox 329 546 1914 633">
    <p class='ocr_par' dir='ltr' id='par_1_4' title="bbox 329 546 1914 633">
     <span class='ocr_line' id='line_1_4' title="bbox 329 546 1914 633; baseline -0.011 -15"><span class='ocrx_word' id='word_1_15' title='bbox 329 571 667 633; x_wconf 77' lang='lat' dir='ltr'><strong>peccatorum</strong></span> <span class='ocrx_word' id='word_1_16' title='bbox 694 558 991 614; x_wconf 82' lang='lat' dir='ltr'><strong>accumulat</strong></span> <span class='ocrx_word' id='word_1_17' title='bbox 1011 557 1109 611; x_wconf 87' lang='lat' dir='ltr'><strong>sibi</strong></span> <span class='ocrx_word' id='word_1_18' title='bbox 1140 552 1555 608; x_wconf 84' lang='lat' dir='ltr'><strong>multitudinem.</strong></span> <span class='ocrx_word' id='word_1_19' title='bbox 1589 548 1817 604; x_wconf 85' lang='lat' dir='ltr'><strong>Proinde</strong></span> <span class='ocrx_word' id='word_1_20' title='bbox 1844 546 1914 601; x_wconf 88' lang='lat' dir='ltr'><strong>ab</strong></span> 
     </span>
    </p>
   </div>
   <div class='ocr_carea' id='block_1_5' title="bbox 335 640 1912 708">
    <p class='ocr_par' dir='ltr' id='par_1_5' title="bbox 335 640 1912 708">
     <span class='ocr_line' id='line_1_5' title="bbox 335 640 1912 708; baseline -0.01 -3"><span class='ocrx_word' id='word_1_21' title='bbox 335 651 489 706; x_wconf 91' lang='lat' dir='ltr'><strong>initio</strong></span> <span class='ocrx_word' id='word_1_22' title='bbox 517 651 642 704; x_wconf 92' lang='lat' dir='ltr'><strong>olim</strong></span> <span class='ocrx_word' id='word_1_23' title='bbox 669 648 864 702; x_wconf 79' lang='lat' dir='ltr'><strong>Iuda-is</strong></span> <span class='ocrx_word' id='word_1_24' title='bbox 889 644 1241 701; x_wconf 89' lang='lat' dir='ltr'><strong>crassioribus</strong></span> <span class='ocrx_word' id='word_1_25' title='bbox 1265 642 1367 696; x_wconf 85' lang='lat' dir='ltr'><strong>tale</strong></span> <span class='ocrx_word' id='word_1_26' title='bbox 1396 640 1543 695; x_wconf 81' lang='lat' dir='ltr'><strong>dedit</strong></span> <span class='ocrx_word' id='word_1_27' title='bbox 1569 647 1912 708; x_wconf 77' lang='lat' dir='ltr'><strong>praeceptum,</strong></span> 
     </span>
    </p>
   </div>
   <div class='ocr_carea' id='block_1_6' title="bbox 328 730 1915 809">
    <p class='ocr_par' dir='ltr' id='par_1_6' title="bbox 328 730 1915 809">
     <span class='ocr_line' id='line_1_6' title="bbox 328 730 1915 809; baseline -0.011 -13"><span class='ocrx_word' id='word_1_28' title='bbox 328 743 552 796; x_wconf 90' lang='lat' dir='ltr'><strong>dicens:</strong></span> <span class='ocrx_word' id='word_1_29' title='bbox 584 738 705 793; x_wconf 84' lang='lat' dir='ltr'><strong>Non</strong></span> <span class='ocrx_word' id='word_1_30' title='bbox 737 737 1055 809; x_wconf 70' lang='lat' dir='ltr'><strong>faneraberis</strong></span> <span class='ocrx_word' id='word_1_31' title='bbox 1106 734 1254 803; x_wconf 78' lang='lat' dir='ltr'><strong>fratri</strong></span> <span class='ocrx_word' id='word_1_32' title='bbox 1301 741 1387 784; x_wconf 84' lang='lat' dir='ltr'><strong>tuo</strong></span> <span class='ocrx_word' id='word_1_33' title='bbox 1440 740 1487 785; x_wconf 88' lang='lat' dir='ltr'><strong>et</strong></span> <span class='ocrx_word' id='word_1_34' title='bbox 1545 730 1777 799; x_wconf 74' lang='lat' dir='ltr'><strong>proximo</strong></span> <span class='ocrx_word' id='word_1_35' title='bbox 1827 737 1915 779; x_wconf 88' lang='lat' dir='ltr'><strong>tuo</strong></span> 
     </span>
    </p>
   </div>
   <div class='ocr_carea' id='block_1_7' title="bbox 330 818 1916 899">
    <p class='ocr_par' dir='ltr' id='par_1_7' title="bbox 330 818 1916 899">
     <span class='ocr_line' id='line_1_7' title="bbox 330 818 1916 899; baseline -0.009 -13"><span class='ocrx_word' id='word_1_36' title='bbox 330 834 517 899; x_wconf 85' lang='lat' dir='ltr'><strong>(Deut.</strong></span> <span class='ocrx_word' id='word_1_37' title='bbox 549 832 641 886; x_wconf 73' lang='lat'><strong>23.</strong></span> <span class='ocrx_word' id='word_1_38' title='bbox 678 831 800 898; x_wconf 82' lang='lat' dir='ltr'><strong>I9).</strong></span> <span class='ocrx_word' id='word_1_39' title='bbox 832 829 945 896; x_wconf 90' lang='lat' dir='ltr'><strong>Qua</strong></span> <span class='ocrx_word' id='word_1_40' title='bbox 989 826 1149 895; x_wconf 77' lang='lat' dir='ltr'><strong>igitur</strong></span> <span class='ocrx_word' id='word_1_41' title='bbox 1176 820 1517 879; x_wconf 91' lang='lat' dir='ltr'><strong>excusatione</strong></span> <span class='ocrx_word' id='word_1_42' title='bbox 1566 818 1710 889; x_wconf 89' lang='lat' dir='ltr'><strong>digni</strong></span> <span class='ocrx_word' id='word_1_43' title='bbox 1756 826 1916 873; x_wconf 87' lang='lat' dir='ltr'><strong>erunt</strong></span> 
     </span>
    </p>
   </div>
   <div class='ocr_carea' id='block_1_8' title="bbox 332 909 1915 992">
    <p class='ocr_par' dir='ltr' id='par_1_8' title="bbox 332 909 1915 992">
     <span class='ocr_line' id='line_1_8' title="bbox 332 909 1915 992; baseline -0.009 -16"><span class='ocrx_word' id='word_1_44' title='bbox 332 926 419 992; x_wconf 91' lang='lat' dir='ltr'><strong>qui</strong></span> <span class='ocrx_word' id='word_1_45' title='bbox 467 921 666 978; x_wconf 60' lang='lat' dir='ltr'><strong>ludatis</strong></span> <span class='ocrx_word' id='word_1_46' title='bbox 716 927 841 975; x_wconf 92' lang='lat' dir='ltr'><strong>sunt</strong></span> <span class='ocrx_word' id='word_1_47' title='bbox 879 916 1301 979; x_wconf 90' lang='lat' dir='ltr'><strong>inhumaniores,</strong></span> <span class='ocrx_word' id='word_1_48' title='bbox 1346 921 1402 967; x_wconf 91' lang='lat' dir='ltr'><strong>et</strong></span> <span class='ocrx_word' id='word_1_49' title='bbox 1458 920 1579 982; x_wconf 89' lang='lat' dir='ltr'><strong>post</strong></span> <span class='ocrx_word' id='word_1_50' title='bbox 1612 909 1833 979; x_wconf 88' lang='lat' dir='ltr'><strong>gratiam</strong></span> <span class='ocrx_word' id='word_1_51' title='bbox 1863 916 1915 962; x_wconf 91' lang='lat' dir='ltr'><strong>et</strong></span> 
     </span>
    </p>
   </div>
   <div class='ocr_carea' id='block_1_9' title="bbox 336 996 1917 1077">
    <p class='ocr_par' dir='ltr' id='par_1_9' title="bbox 336 996 1917 1077">
     <span class='ocr_line' id='line_1_9' title="bbox 336 996 1917 1077; baseline -0.009 -12"><span class='ocrx_word' id='word_1_52' title='bbox 336 1022 535 1065; x_wconf 89' lang='lat' dir='ltr'><strong>tantam</strong></span> <span class='ocrx_word' id='word_1_53' title='bbox 574 1025 604 1064; x_wconf 89' lang='lat' dir='ltr'><strong>a</strong></span> <span class='ocrx_word' id='word_1_54' title='bbox 642 1010 866 1063; x_wconf 90' lang='lat' dir='ltr'><strong>Domino</strong></span> <span class='ocrx_word' id='word_1_55' title='bbox 905 1007 1281 1077; x_wconf 79' lang='lat' dir='ltr'><strong>benignitatem</strong></span> <span class='ocrx_word' id='word_1_56' title='bbox 1333 1001 1673 1056; x_wconf 90' lang='lat' dir='ltr'><strong>inveniuntur</strong></span> <span class='ocrx_word' id='word_1_57' title='bbox 1723 997 1786 1050; x_wconf 85' lang='lat' dir='ltr'><strong>iis</strong></span> <span class='ocrx_word' id='word_1_58' title='bbox 1827 996 1917 1066; x_wconf 91' lang='lat' dir='ltr'><strong>qui</strong></span> 
     </span>
    </p>
   </div>
   <div class='ocr_carea' id='block_1_10' title="bbox 334 1087 1916 1170">
    <p class='ocr_par' dir='ltr' id='par_1_10' title="bbox 334 1087 1916 1170">
     <span class='ocr_line' id='line_1_10' title="bbox 334 1087 1916 1170; baseline -0.009 -16"><span class='ocrx_word' id='word_1_59' title='bbox 334 1103 435 1155; x_wconf 81' lang='lat' dir='ltr'><strong>sub</strong></span> <span class='ocrx_word' id='word_1_60' title='bbox 460 1103 575 1170; x_wconf 89' lang='lat' dir='ltr'><strong>lege</strong></span> <span class='ocrx_word' id='word_1_61' title='bbox 604 1099 813 1154; x_wconf 87' lang='lat' dir='ltr'><strong>fuerunt</strong></span> <span class='ocrx_word' id='word_1_62' title='bbox 843 1096 1140 1159; x_wconf 89' lang='lat' dir='ltr'><strong>inferiores,</strong></span> <span class='ocrx_word' id='word_1_63' title='bbox 1184 1094 1291 1146; x_wconf 91' lang='lat' dir='ltr'><strong>imo</strong></span> <span class='ocrx_word' id='word_1_64' title='bbox 1312 1088 1558 1160; x_wconf 84' lang='lat' dir='ltr'><strong>pejores?</strong></span> <span class='ocrx_word' id='word_1_65' title='bbox 1591 1088 1644 1141; x_wconf 96' lang='lat' dir='ltr'><strong>ln</strong></span> <span class='ocrx_word' id='word_1_66' title='bbox 1667 1087 1916 1155; x_wconf 80' lang='lat' dir='ltr'><strong>Spiritua-</strong></span> 
     </span>
    </p>
   </div>
   <div class='ocr_carea' id='block_1_11' title="bbox 337 1175 1918 1258">
    <p class='ocr_par' dir='ltr' id='par_1_11' title="bbox 337 1175 1918 1258">
     <span class='ocr_line' id='line_1_11' title="bbox 337 1175 1918 1258; baseline -0.011 -13"><span class='ocrx_word' id='word_1_67' title='bbox 337 1194 474 1246; x_wconf 87' lang='lat' dir='ltr'><strong>libus</strong></span> <span class='ocrx_word' id='word_1_68' title='bbox 503 1192 644 1246; x_wconf 91' lang='lat' dir='ltr'><strong>enim</strong></span> <span class='ocrx_word' id='word_1_69' title='bbox 689 1190 1036 1258; x_wconf 87' lang='lat' dir='ltr'><strong>repetiturum</strong></span> <span class='ocrx_word' id='word_1_70' title='bbox 1080 1200 1139 1240; x_wconf 88' lang='lat' dir='ltr'><strong>se</strong></span> <span class='ocrx_word' id='word_1_71' title='bbox 1178 1182 1435 1253; x_wconf 89' lang='lat' dir='ltr'><strong>promittit</strong></span> <span class='ocrx_word' id='word_1_72' title='bbox 1465 1193 1671 1233; x_wconf 87' lang='lat' dir='ltr'><strong>usuras.</strong></span> <span class='ocrx_word' id='word_1_73' title='bbox 1702 1175 1918 1243; x_wconf 85' lang='lat' dir='ltr'><strong>Quare?</strong></span> 
     </span>
    </p>
   </div>
   <div class='ocr_carea' id='block_1_12' title="bbox 337 1265 1918 1350">
    <p class='ocr_par' dir='ltr' id='par_1_12' title="bbox 337 1265 1918 1350">
     <span class='ocr_line' id='line_1_12' title="bbox 337 1265 1918 1350; baseline -0.011 -14"><span class='ocrx_word' id='word_1_74' title='bbox 337 1283 471 1350; x_wconf 87' lang='lat' dir='ltr'><strong>Quia</strong></span> <span class='ocrx_word' id='word_1_75' title='bbox 499 1280 769 1336; x_wconf 83' lang='lat' dir='ltr'><strong>contrario</strong></span> <span class='ocrx_word' id='word_1_76' title='bbox 816 1292 1034 1347; x_wconf 83' lang='lat' dir='ltr'><strong>prorsus</strong></span> <span class='ocrx_word' id='word_1_77' title='bbox 1080 1274 1239 1328; x_wconf 88' lang='lat' dir='ltr'><strong>modo</strong></span> <span class='ocrx_word' id='word_1_78' title='bbox 1287 1285 1347 1325; x_wconf 90' lang='lat' dir='ltr'><strong>se</strong></span> <span class='ocrx_word' id='word_1_79' title='bbox 1396 1269 1589 1323; x_wconf 85' lang='lat' dir='ltr'><strong>habent</strong></span> <span class='ocrx_word' id='word_1_80' title='bbox 1628 1265 1918 1336; x_wconf 89' lang='lat' dir='ltr'><strong>spiritualis</strong></span> 
     </span>
    </p>
   </div>
   <div class='ocr_carea' id='block_1_13' title="bbox 343 1359 1919 1437">
    <p class='ocr_par' dir='ltr' id='par_1_13' title="bbox 343 1359 1919 1437">
     <span class='ocr_line' id='line_1_13' title="bbox 343 1359 1919 1437; baseline -0.009 -12"><span class='ocrx_word' id='word_1_81' title='bbox 343 1388 523 1437; x_wconf 88' lang='lat' dir='ltr'><strong>usura,</strong></span> <span class='ocrx_word' id='word_1_82' title='bbox 552 1382 605 1426; x_wconf 90' lang='lat' dir='ltr'><strong>et</strong></span> <span class='ocrx_word' id='word_1_83' title='bbox 627 1370 912 1426; x_wconf 88' lang='lat' dir='ltr'><strong>sensibilis.</strong></span> <span class='ocrx_word' id='word_1_84' title='bbox 954 1368 1064 1422; x_wconf 91' lang='lat' dir='ltr'><strong>Illic</strong></span> <span class='ocrx_word' id='word_1_85' title='bbox 1108 1365 1251 1420; x_wconf 91' lang='lat' dir='ltr'><strong>enim</strong></span> <span class='ocrx_word' id='word_1_86' title='bbox 1305 1363 1352 1417; x_wconf 88' lang='lat' dir='ltr'><strong>is</strong></span> <span class='ocrx_word' id='word_1_87' title='bbox 1403 1377 1433 1415; x_wconf 90' lang='lat' dir='ltr'><strong>a</strong></span> <span class='ocrx_word' id='word_1_88' title='bbox 1484 1374 1591 1430; x_wconf 91' lang='lat' dir='ltr'><strong>quo</strong></span> <span class='ocrx_word' id='word_1_89' title='bbox 1633 1359 1919 1428; x_wconf 88' lang='lat' dir='ltr'><strong>requiritur</strong></span> 
     </span>
    </p>
   </div>
   <div class='ocr_carea' id='block_1_14' title="bbox 340 1449 1919 1529">
    <p class='ocr_par' dir='ltr' id='par_1_14' title="bbox 340 1449 1919 1529">
     <span class='ocr_line' id='line_1_14' title="bbox 340 1449 1919 1529; baseline -0.008 -13"><span class='ocrx_word' id='word_1_90' title='bbox 340 1477 548 1529; x_wconf 86' lang='lat' dir='ltr'><strong>severe,</strong></span> <span class='ocrx_word' id='word_1_91' title='bbox 602 1460 777 1516; x_wconf 87' lang='lat' dir='ltr'><strong>subito</strong></span> <span class='ocrx_word' id='word_1_92' title='bbox 825 1461 876 1513; x_wconf 93' lang='lat' dir='ltr'><strong>in</strong></span> <span class='ocrx_word' id='word_1_93' title='bbox 933 1467 1224 1513; x_wconf 79' lang='lat' dir='ltr'><strong>extremam</strong></span> <span class='ocrx_word' id='word_1_94' title='bbox 1265 1453 1495 1523; x_wconf 90' lang='lat' dir='ltr'><strong>in0piam</strong></span> <span class='ocrx_word' id='word_1_95' title='bbox 1530 1449 1919 1506; x_wconf 85' lang='lat' dir='ltr'><strong>defertur:hic</strong></span> 
     </span>
    </p>
   </div>
   <div class='ocr_carea' id='block_1_15' title="bbox 342 1544 1920 1621">
    <p class='ocr_par' dir='ltr' id='par_1_15' title="bbox 342 1544 1920 1621">
     <span class='ocr_line' id='line_1_15' title="bbox 342 1544 1920 1621; baseline -0.008 -15"><span class='ocrx_word' id='word_1_96' title='bbox 342 1562 517 1607; x_wconf 89' lang='lat' dir='ltr'><strong>autem</strong></span> <span class='ocrx_word' id='word_1_97' title='bbox 548 1552 593 1607; x_wconf 88' lang='lat' dir='ltr'><strong>is</strong></span> <span class='ocrx_word' id='word_1_98' title='bbox 620 1568 649 1606; x_wconf 92' lang='lat' dir='ltr'><strong>a</strong></span> <span class='ocrx_word' id='word_1_99' title='bbox 675 1568 779 1621; x_wconf 92' lang='lat' dir='ltr'><strong>quo</strong></span> <span class='ocrx_word' id='word_1_100' title='bbox 806 1550 1052 1620; x_wconf 77' lang='lat' dir='ltr'><strong>exigitur,</strong></span> <span class='ocrx_word' id='word_1_101' title='bbox 1073 1547 1284 1619; x_wconf 89' lang='lat' dir='ltr'><strong>quando</strong></span> <span class='ocrx_word' id='word_1_102' title='bbox 1315 1553 1520 1616; x_wconf 89' lang='lat' dir='ltr'><strong>gratum</strong></span> <span class='ocrx_word' id='word_1_103' title='bbox 1546 1544 1780 1597; x_wconf 92' lang='lat' dir='ltr'><strong>animum</strong></span> <span class='ocrx_word' id='word_1_104' title='bbox 1810 1556 1920 1610; x_wconf 73' lang='lat' dir='ltr'><strong>pra:</strong></span> 
     </span>
    </p>
   </div>
   <div class='ocr_carea' id='block_1_16' title="bbox 344 1632 1922 1709">
    <p class='ocr_par' dir='ltr' id='par_1_16' title="bbox 344 1632 1922 1709">
     <span class='ocr_line' id='line_1_16' title="bbox 344 1632 1922 1709; baseline -0.008 -14"><span class='ocrx_word' id='word_1_105' title='bbox 344 1657 402 1695; x_wconf 88' lang='lat' dir='ltr'><strong>se</strong></span> <span class='ocrx_word' id='word_1_106' title='bbox 455 1642 658 1707; x_wconf 86' lang='lat' dir='ltr'><strong>tulerit,</strong></span> <span class='ocrx_word' id='word_1_107' title='bbox 697 1651 896 1709; x_wconf 89' lang='lat' dir='ltr'><strong>quanto</strong></span> <span class='ocrx_word' id='word_1_108' title='bbox 944 1638 1198 1707; x_wconf 81' lang='lat' dir='ltr'><strong>majorem</strong></span> <span class='ocrx_word' id='word_1_109' title='bbox 1246 1650 1461 1689; x_wconf 88' lang='lat' dir='ltr'><strong>usuram</strong></span> <span class='ocrx_word' id='word_1_110' title='bbox 1508 1632 1726 1697; x_wconf 83' lang='lat' dir='ltr'><strong>aliâ€˜eret,</strong></span> <span class='ocrx_word' id='word_1_111' title='bbox 1776 1640 1922 1685; x_wconf 90' lang='lat' dir='ltr'><strong>tanto</strong></span> 
     </span>
    </p>
   </div>
   <div class='ocr_carea' id='block_1_17' title="bbox 347 1724 1919 1802">
    <p class='ocr_par' dir='ltr' id='par_1_17' title="bbox 347 1724 1919 1802">
     <span class='ocr_line' id='line_1_17' title="bbox 347 1724 1919 1802; baseline -0.006 -17"><span class='ocrx_word' id='word_1_112' title='bbox 347 1733 557 1802; x_wconf 87' lang='lat' dir='ltr'><strong>largiori</strong></span> <span class='ocrx_word' id='word_1_113' title='bbox 609 1732 814 1787; x_wconf 89' lang='lat' dir='ltr'><strong>fruetur</strong></span> <span class='ocrx_word' id='word_1_114' title='bbox 873 1731 1073 1785; x_wconf 73' lang='lat' dir='ltr'><strong>etclesti</strong></span> <span class='ocrx_word' id='word_1_115' title='bbox 1126 1727 1577 1784; x_wconf 85' lang='lat' dir='ltr'><strong>remuneratione.</strong></span> <span class='ocrx_word' id='word_1_116' title='bbox 1624 1724 1919 1790; x_wconf 83' lang='lat' dir='ltr'><strong>Quocirca,</strong></span> 
     </span>
    </p>
   </div>
   <div class='ocr_carea' id='block_1_18' title="bbox 346 1813 1924 1890">
    <p class='ocr_par' dir='ltr' id='par_1_18' title="bbox 346 1813 1924 1890">
     <span class='ocr_line' id='line_1_18' title="bbox 346 1813 1924 1890; baseline -0.008 -11"><span class='ocrx_word' id='word_1_117' title='bbox 346 1824 545 1890; x_wconf 88' lang='lat' dir='ltr'><strong>dilecti,</strong></span> <span class='ocrx_word' id='word_1_118' title='bbox 569 1839 690 1878; x_wconf 92' lang='lat' dir='ltr'><strong>cum</strong></span> <span class='ocrx_word' id='word_1_119' title='bbox 717 1823 866 1876; x_wconf 82' lang='lat' dir='ltr'><strong>vobis</strong></span> <span class='ocrx_word' id='word_1_120' title='bbox 892 1821 1196 1878; x_wconf 80' lang='lat' dir='ltr'><strong>concredita</strong></span> <span class='ocrx_word' id='word_1_121' title='bbox 1225 1817 1754 1881; x_wconf 83' lang='lat' dir='ltr'><strong>dinumeraverimus,</strong></span> <span class='ocrx_word' id='word_1_122' title='bbox 1775 1813 1924 1868; x_wconf 90' lang='lat' dir='ltr'><strong>vobis</strong></span> 
     </span>
    </p>
   </div>
   <div class='ocr_carea' id='block_1_19' title="bbox 348 1904 1924 1982">
    <p class='ocr_par' dir='ltr' id='par_1_19' title="bbox 348 1904 1924 1982">
     <span class='ocr_line' id='line_1_19' title="bbox 348 1904 1924 1982; baseline -0.01 -11"><span class='ocrx_word' id='word_1_123' title='bbox 348 1915 705 1973; x_wconf 84' lang='lat' dir='ltr'><strong>necessarium</strong></span> <span class='ocrx_word' id='word_1_124' title='bbox 735 1916 838 1969; x_wconf 85' lang='lat' dir='ltr'><strong>erit</strong></span> <span class='ocrx_word' id='word_1_125' title='bbox 878 1913 1143 1982; x_wconf 90' lang='lat' dir='ltr'><strong>duplicem</strong></span> <span class='ocrx_word' id='word_1_126' title='bbox 1173 1910 1365 1964; x_wconf 87' lang='lat' dir='ltr'><strong>alTerre</strong></span> <span class='ocrx_word' id='word_1_127' title='bbox 1404 1908 1638 1962; x_wconf 83' lang='lat' dir='ltr'><strong>laborem</strong></span> <span class='ocrx_word' id='word_1_128' title='bbox 1689 1914 1743 1959; x_wconf 90' lang='lat' dir='ltr'><strong>et</strong></span> <span class='ocrx_word' id='word_1_129' title='bbox 1795 1904 1924 1973; x_wconf 83' lang='lat' dir='ltr'><strong>vigi-</strong></span> 
     </span>
    </p>
   </div>
   <div class='ocr_carea' id='block_1_20' title="bbox 350 1995 1925 2072">
    <p class='ocr_par' dir='ltr' id='par_1_20' title="bbox 350 1995 1925 2072">
     <span class='ocr_line' id='line_1_20' title="bbox 350 1995 1925 2072; baseline -0.008 -15"><span class='ocrx_word' id='word_1_130' title='bbox 350 2005 589 2069; x_wconf 86' lang='lat' dir='ltr'><strong>lantiam,</strong></span> <span class='ocrx_word' id='word_1_131' title='bbox 643 2011 753 2057; x_wconf 91' lang='lat' dir='ltr'><strong>tum</strong></span> <span class='ocrx_word' id='word_1_132' title='bbox 798 2004 935 2072; x_wconf 86' lang='lat' dir='ltr'><strong>quod</strong></span> <span class='ocrx_word' id='word_1_133' title='bbox 970 2001 1300 2055; x_wconf 88' lang='lat' dir='ltr'><strong>dinumerata</strong></span> <span class='ocrx_word' id='word_1_134' title='bbox 1324 1995 1666 2051; x_wconf 79' lang='lat' dir='ltr'><strong>custodienda</strong></span> <span class='ocrx_word' id='word_1_135' title='bbox 1689 2003 1833 2058; x_wconf 91' lang='lat' dir='ltr'><strong>sunt,</strong></span> <span class='ocrx_word' id='word_1_136' title='bbox 1867 2001 1925 2046; x_wconf 92' lang='lat' dir='ltr'><strong>ut</strong></span> 
     </span>
    </p>
   </div>
   <div class='ocr_carea' id='block_1_21' title="bbox 351 2086 1924 2162">
    <p class='ocr_par' dir='ltr' id='par_1_21' title="bbox 351 2086 1924 2162">
     <span class='ocr_line' id='line_1_21' title="bbox 351 2086 1924 2162; baseline -0.009 -13"><span class='ocrx_word' id='word_1_137' title='bbox 351 2096 453 2150; x_wconf 85' lang='lat' dir='ltr'><strong>lixa</strong></span> <span class='ocrx_word' id='word_1_138' title='bbox 480 2103 728 2149; x_wconf 87' lang='lat' dir='ltr'><strong>maneant</strong></span> <span class='ocrx_word' id='word_1_139' title='bbox 757 2111 771 2148; x_wconf 92' lang='lat'>:</span> <span class='ocrx_word' id='word_1_140' title='bbox 805 2104 915 2147; x_wconf 91' lang='lat' dir='ltr'><strong>tum</strong></span> <span class='ocrx_word' id='word_1_141' title='bbox 945 2092 1085 2162; x_wconf 88' lang='lat' dir='ltr'><strong>quod</strong></span> <span class='ocrx_word' id='word_1_142' title='bbox 1115 2089 1443 2160; x_wconf 88' lang='lat' dir='ltr'><strong>operandum</strong></span> <span class='ocrx_word' id='word_1_143' title='bbox 1475 2097 1531 2140; x_wconf 91' lang='lat' dir='ltr'><strong>ut</strong></span> <span class='ocrx_word' id='word_1_144' title='bbox 1556 2096 1608 2140; x_wconf 89' lang='lat' dir='ltr'><strong>et</strong></span> <span class='ocrx_word' id='word_1_145' title='bbox 1630 2086 1749 2139; x_wconf 81' lang='lat' dir='ltr'><strong>aliis</strong></span> <span class='ocrx_word' id='word_1_146' title='bbox 1772 2098 1924 2139; x_wconf 89' lang='lat' dir='ltr'><strong>com-</strong></span> 
     </span>
    </p>
   </div>
   <div class='ocr_carea' id='block_1_22' title="bbox 350 2180 1927 2252">
    <p class='ocr_par' dir='ltr' id='par_1_22' title="bbox 350 2180 1927 2252">
     <span class='ocr_line' id='line_1_22' title="bbox 350 2180 1927 2252; baseline -0.007 -11"><span class='ocrx_word' id='word_1_147' title='bbox 350 2186 705 2252; x_wconf 89' lang='lat' dir='ltr'><strong>municentur,</strong></span> <span class='ocrx_word' id='word_1_148' title='bbox 738 2195 790 2240; x_wconf 92' lang='lat' dir='ltr'><strong>et</strong></span> <span class='ocrx_word' id='word_1_149' title='bbox 820 2185 1015 2239; x_wconf 84' lang='lat' dir='ltr'><strong>multos</strong></span> <span class='ocrx_word' id='word_1_150' title='bbox 1056 2185 1108 2238; x_wconf 92' lang='lat' dir='ltr'><strong>in</strong></span> <span class='ocrx_word' id='word_1_151' title='bbox 1140 2184 1275 2236; x_wconf 82' lang='lat' dir='ltr'><strong>viam</strong></span> <span class='ocrx_word' id='word_1_152' title='bbox 1318 2181 1524 2235; x_wconf 88' lang='lat' dir='ltr'><strong>virtutis</strong></span> <span class='ocrx_word' id='word_1_153' title='bbox 1550 2180 1799 2233; x_wconf 85' lang='lat' dir='ltr'><strong>inducant</strong></span> <span class='ocrx_word' id='word_1_154' title='bbox 1830 2186 1927 2230; x_wconf 91' lang='lat' dir='ltr'><strong>:ut</strong></span> 
     </span>
    </p>
   </div>
   <div class='ocr_carea' id='block_1_23' title="bbox 351 2270 1924 2341">
    <p class='ocr_par' dir='ltr' id='par_1_23' title="bbox 351 2270 1924 2341">
     <span class='ocr_line' id='line_1_23' title="bbox 351 2270 1924 2341; baseline -0.006 -11"><span class='ocrx_word' id='word_1_155' title='bbox 351 2277 592 2331; x_wconf 78' lang='lat' dir='ltr'><strong>bifariam</strong></span> <span class='ocrx_word' id='word_1_156' title='bbox 621 2276 769 2330; x_wconf 90' lang='lat' dir='ltr'><strong>vobis</strong></span> <span class='ocrx_word' id='word_1_157' title='bbox 796 2278 997 2330; x_wconf 89' lang='lat' dir='ltr'><strong>lucrum</strong></span> <span class='ocrx_word' id='word_1_158' title='bbox 1035 2284 1321 2337; x_wconf 83' lang='lat' dir='ltr'><strong>accrescat,</strong></span> <span class='ocrx_word' id='word_1_159' title='bbox 1350 2281 1461 2326; x_wconf 88' lang='lat' dir='ltr'><strong>tmn</strong></span> <span class='ocrx_word' id='word_1_160' title='bbox 1502 2287 1595 2341; x_wconf 89' lang='lat' dir='ltr'><strong>pro</strong></span> <span class='ocrx_word' id='word_1_161' title='bbox 1621 2270 1793 2324; x_wconf 87' lang='lat' dir='ltr'><strong>salute</strong></span> <span class='ocrx_word' id='word_1_162' title='bbox 1826 2282 1924 2322; x_wconf 85' lang='lat' dir='ltr'><strong>ve-</strong></span> 
     </span>
    </p>
   </div>
   <div class='ocr_carea' id='block_1_24' title="bbox 351 2360 1925 2435">
    <p class='ocr_par' dir='ltr' id='par_1_24' title="bbox 351 2360 1925 2435">
     <span class='ocr_line' id='line_1_24' title="bbox 351 2360 1925 2435; baseline -0.006 -14"><span class='ocrx_word' id='word_1_163' title='bbox 351 2376 484 2434; x_wconf 89' lang='lat' dir='ltr'><strong>stra,</strong></span> <span class='ocrx_word' id='word_1_164' title='bbox 515 2377 625 2421; x_wconf 89' lang='lat' dir='ltr'><strong>tum</strong></span> <span class='ocrx_word' id='word_1_165' title='bbox 659 2382 754 2435; x_wconf 93' lang='lat' dir='ltr'><strong>pro</strong></span> <span class='ocrx_word' id='word_1_166' title='bbox 775 2367 998 2420; x_wconf 90' lang='lat' dir='ltr'><strong>aliorum</strong></span> <span class='ocrx_word' id='word_1_167' title='bbox 1030 2366 1272 2419; x_wconf 87' lang='lat' dir='ltr'><strong>utilitate.</strong></span> <span class='ocrx_word' id='word_1_168' title='bbox 1304 2362 1453 2429; x_wconf 89' lang='lat' dir='ltr'><strong>Quod</strong></span> <span class='ocrx_word' id='word_1_169' title='bbox 1480 2365 1522 2416; x_wconf 90' lang='lat' dir='ltr'><strong>si</strong></span> <span class='ocrx_word' id='word_1_170' title='bbox 1550 2361 1649 2415; x_wconf 88' lang='lat' dir='ltr'><strong>hoc</strong></span> <span class='ocrx_word' id='word_1_171' title='bbox 1676 2360 1925 2425; x_wconf 80' lang='lat' dir='ltr'><strong>feceritis,</strong></span> 
     </span>
    </p>
   </div>
   <div class='ocr_carea' id='block_1_25' title="bbox 350 2450 1927 2521">
    <p class='ocr_par' dir='ltr' id='par_1_25' title="bbox 350 2450 1927 2521">
     <span class='ocr_line' id='line_1_25' title="bbox 350 2450 1927 2521; baseline -0.004 -11"><span class='ocrx_word' id='word_1_172' title='bbox 350 2467 403 2511; x_wconf 85' lang='lat' dir='ltr'><strong>et</strong></span> <span class='ocrx_word' id='word_1_173' title='bbox 432 2473 530 2511; x_wconf 91' lang='lat' dir='ltr'><strong>nos</strong></span> <span class='ocrx_word' id='word_1_174' title='bbox 557 2456 789 2512; x_wconf 85' lang='lat' dir='ltr'><strong>reddetis</strong></span> <span class='ocrx_word' id='word_1_175' title='bbox 815 2457 998 2511; x_wconf 84' lang='lat' dir='ltr'><strong>beatos</strong></span> <span class='ocrx_word' id='word_1_176' title='bbox 1043 2473 1057 2511; x_wconf 90' lang='lat'><strong>:</strong></span> <span class='ocrx_word' id='word_1_177' title='bbox 1087 2454 1271 2508; x_wconf 82' lang='lat' dir='ltr'><strong>Beatus</strong></span> <span class='ocrx_word' id='word_1_178' title='bbox 1289 2456 1439 2517; x_wconf 79' lang='lat' dir='ltr'><strong>cuitu,</strong></span> <span class='ocrx_word' id='word_1_179' title='bbox 1475 2454 1663 2521; x_wconf 82' lang='lat' dir='ltr'><strong>inquit,</strong></span> <span class='ocrx_word' id='word_1_180' title='bbox 1690 2452 1776 2520; x_wconf 85' lang='lat' dir='ltr'><strong>qui</strong></span> <span class='ocrx_word' id='word_1_181' title='bbox 1806 2450 1927 2504; x_wconf 87' lang='lat' dir='ltr'><strong>dicit</strong></span> 
     </span>
    </p>
   </div>
   <div class='ocr_carea' id='block_1_26' title="bbox 350 2543 1930 2618">
    <p class='ocr_par' dir='ltr' id='par_1_26' title="bbox 350 2543 1930 2618">
     <span class='ocr_line' id='line_1_26' title="bbox 350 2543 1930 2618; baseline -0.003 -17"><span class='ocrx_word' id='word_1_182' title='bbox 350 2550 402 2601; x_wconf 86' lang='lat' dir='ltr'><strong>in</strong></span> <span class='ocrx_word' id='word_1_183' title='bbox 428 2565 574 2603; x_wconf 85' lang='lat' dir='ltr'><strong>aures</strong></span> <span class='ocrx_word' id='word_1_184' title='bbox 611 2550 920 2601; x_wconf 84' lang='lat' dir='ltr'><strong>audientium</strong></span> <span class='ocrx_word' id='word_1_185' title='bbox 980 2546 1180 2618; x_wconf 76' lang='lat' dir='ltr'><strong>(Eccli.</strong></span> <span class='ocrx_word' id='word_1_186' title='bbox 1205 2547 1301 2602; x_wconf 69' lang='lat'><strong>25.</strong></span> <span class='ocrx_word' id='word_1_187' title='bbox 1362 2546 1460 2616; x_wconf 75' lang='grc'><strong>12)</strong></span> <span class='ocrx_word' id='word_1_188' title='bbox 1489 2556 1580 2600; x_wconf 85' lang='lat' dir='ltr'><strong>:et</strong></span> <span class='ocrx_word' id='word_1_189' title='bbox 1625 2543 1825 2599; x_wconf 72' lang='lat' dir='ltr'><strong>iacit-tis</strong></span> <span class='ocrx_word' id='word_1_190' title='bbox 1874 2550 1930 2597; x_wconf 89' lang='lat' dir='ltr'><strong>ut</strong></span> 
     </span>
    </p>
   </div>
   <div class='ocr_carea' id='block_1_27' title="bbox 354 2634 1931 2708">
    <p class='ocr_par' dir='ltr' id='par_1_27' title="bbox 354 2634 1931 2708">
     <span class='ocr_line' id='line_1_27' title="bbox 354 2634 1931 2708; baseline -0.004 -15"><span class='ocrx_word' id='word_1_191' title='bbox 354 2640 550 2708; x_wconf 87' lang='lat' dir='ltr'><strong>largior</strong></span> <span class='ocrx_word' id='word_1_192' title='bbox 581 2638 730 2691; x_wconf 82' lang='lat' dir='ltr'><strong>vobis</strong></span> <span class='ocrx_word' id='word_1_193' title='bbox 753 2638 867 2693; x_wconf 72' lang='lat' dir='ltr'><strong>haec</strong></span> <span class='ocrx_word' id='word_1_194' title='bbox 894 2637 1180 2707; x_wconf 89' lang='lat' dir='ltr'><strong>spiritualis</strong></span> <span class='ocrx_word' id='word_1_195' title='bbox 1200 2647 1497 2706; x_wconf 87' lang='lat' dir='ltr'><strong>apponatur</strong></span> <span class='ocrx_word' id='word_1_196' title='bbox 1535 2650 1738 2689; x_wconf 72' lang='lat' dir='ltr'><strong>uicina.</strong></span> <span class='ocrx_word' id='word_1_197' title='bbox 1771 2634 1931 2702; x_wconf 83' lang='lat' dir='ltr'><strong>Igitur</strong></span> 
     </span>
    </p>
   </div>
   <div class='ocr_carea' id='block_1_28' title="bbox 354 2728 1931 2798">
    <p class='ocr_par' dir='ltr' id='par_1_28' title="bbox 354 2728 1931 2798">
     <span class='ocr_line' id='line_1_28' title="bbox 354 2728 1931 2798; baseline -0.004 -14"><span class='ocrx_word' id='word_1_198' title='bbox 354 2730 548 2784; x_wconf 80' lang='lat' dir='ltr'><strong>fratres</strong></span> <span class='ocrx_word' id='word_1_199' title='bbox 573 2740 775 2783; x_wconf 89' lang='lat' dir='ltr'><strong>vestros</strong></span> <span class='ocrx_word' id='word_1_200' title='bbox 799 2729 960 2784; x_wconf 87' lang='lat' dir='ltr'><strong>nolite</strong></span> <span class='ocrx_word' id='word_1_201' title='bbox 986 2728 1273 2798; x_wconf 83' lang='lat' dir='ltr'><strong>negligere,</strong></span> <span class='ocrx_word' id='word_1_202' title='bbox 1300 2742 1469 2797; x_wconf 67' lang='lat' dir='ltr'><strong>neque</strong></span> <span class='ocrx_word' id='word_1_203' title='bbox 1498 2729 1669 2781; x_wconf 78' lang='lat' dir='ltr'><strong>Sllllllll</strong></span> <span class='ocrx_word' id='word_1_204' title='bbox 1696 2736 1931 2795; x_wconf 69' lang='lat' dir='ltr'><strong>spectate</strong></span> 
     </span>
    </p>
   </div>
   <div class='ocr_carea' id='block_1_29' title="bbox 352 2818 1932 2892">
    <p class='ocr_par' dir='ltr' id='par_1_29' title="bbox 352 2818 1932 2892">
     <span class='ocr_line' id='line_1_29' title="bbox 352 2818 1932 2892; baseline -0.003 -17"><span class='ocrx_word' id='word_1_205' title='bbox 352 2837 472 2892; x_wconf 70' lang='lat' dir='ltr'><strong>qua:</strong></span> <span class='ocrx_word' id='word_1_206' title='bbox 498 2822 563 2875; x_wconf 89' lang='lat' dir='ltr'><strong>ad</strong></span> <span class='ocrx_word' id='word_1_207' title='bbox 590 2837 683 2876; x_wconf 90' lang='lat' dir='ltr'><strong>vos</strong></span> <span class='ocrx_word' id='word_1_208' title='bbox 708 2821 933 2876; x_wconf 87' lang='lat' dir='ltr'><strong>attinent</strong></span> <span class='ocrx_word' id='word_1_209' title='bbox 965 2840 976 2874; x_wconf 92' lang='lat'>:</span> <span class='ocrx_word' id='word_1_210' title='bbox 1001 2822 1093 2876; x_wconf 88' lang='lat' dir='ltr'><strong>sed</strong></span> <span class='ocrx_word' id='word_1_211' title='bbox 1121 2821 1403 2891; x_wconf 87' lang='lat' dir='ltr'><strong>unicuique</strong></span> <span class='ocrx_word' id='word_1_212' title='bbox 1428 2836 1553 2874; x_wconf 87' lang='lat' dir='ltr'><strong>cura</strong></span> <span class='ocrx_word' id='word_1_213' title='bbox 1575 2821 1642 2874; x_wconf 89' lang='lat' dir='ltr'><strong>sit</strong></span> <span class='ocrx_word' id='word_1_214' title='bbox 1667 2818 1932 2888; x_wconf 88' lang='lat' dir='ltr'><strong>quomodo</strong></span> 
     </span>
    </p>
   </div>
   <div class='ocr_carea' id='block_1_30' title="bbox 356 2910 1934 2982">
    <p class='ocr_par' dir='ltr' id='par_1_30' title="bbox 356 2910 1934 2982">
     <span class='ocr_line' id='line_1_30' title="bbox 356 2910 1934 2982; baseline -0.002 -19"><span class='ocrx_word' id='word_1_215' title='bbox 356 2915 655 2982; x_wconf 87' lang='lat' dir='ltr'><strong>proximum</strong></span> <span class='ocrx_word' id='word_1_216' title='bbox 678 2929 833 2970; x_wconf 90' lang='lat' dir='ltr'><strong>suum</strong></span> <span class='ocrx_word' id='word_1_217' title='bbox 870 2929 901 2968; x_wconf 89' lang='lat' dir='ltr'><strong>e</strong></span> <span class='ocrx_word' id='word_1_218' title='bbox 944 2914 1139 2966; x_wconf 89' lang='lat' dir='ltr'><strong>diaboli</strong></span> <span class='ocrx_word' id='word_1_219' title='bbox 1171 2912 1407 2967; x_wconf 86' lang='lat' dir='ltr'><strong>faucibus</strong></span> <span class='ocrx_word' id='word_1_220' title='bbox 1429 2913 1638 2980; x_wconf 79' lang='lat' dir='ltr'><strong>eripiat,</strong></span> <span class='ocrx_word' id='word_1_221' title='bbox 1669 2921 1722 2964; x_wconf 91' lang='lat' dir='ltr'><strong>et</strong></span> <span class='ocrx_word' id='word_1_222' title='bbox 1745 2910 1814 2964; x_wconf 86' lang='lat' dir='ltr'><strong>ab</strong></span> <span class='ocrx_word' id='word_1_223' title='bbox 1837 2910 1934 2962; x_wconf 83' lang='lat' dir='ltr'><strong>itii-</strong></span> 
     </span>
    </p>
   </div>
   <div class='ocr_carea' id='block_1_31' title="bbox 356 3001 1934 3074">
    <p class='ocr_par' dir='ltr' id='par_1_31' title="bbox 356 3001 1934 3074">
     <span class='ocr_line' id='line_1_31' title="bbox 356 3001 1934 3074; baseline -0.001 -18"><span class='ocrx_word' id='word_1_224' title='bbox 356 3005 454 3074; x_wconf 78' lang='lat' dir='ltr'><strong>piis</strong></span> <span class='ocrx_word' id='word_1_225' title='bbox 477 3004 578 3059; x_wconf 84' lang='lat' dir='ltr'><strong>illis</strong></span> <span class='ocrx_word' id='word_1_226' title='bbox 599 3004 912 3073; x_wconf 88' lang='lat' dir='ltr'><strong>spectaculis</strong></span> <span class='ocrx_word' id='word_1_227' title='bbox 938 3004 989 3057; x_wconf 92' lang='lat' dir='ltr'><strong>in</strong></span> <span class='ocrx_word' id='word_1_228' title='bbox 1014 3004 1292 3058; x_wconf 84' lang='lat' dir='ltr'><strong>ecclesiam</strong></span> <span class='ocrx_word' id='word_1_229' title='bbox 1316 3003 1565 3069; x_wconf 90' lang='lat' dir='ltr'><strong>adducat,</strong></span> <span class='ocrx_word' id='word_1_230' title='bbox 1592 3001 1934 3057; x_wconf 87' lang='lat' dir='ltr'><strong>monstrando</strong></span> 
     </span>
    </p>
   </div>
   <div class='ocr_carea' id='block_1_32' title="bbox 354 3094 1931 3165">
    <p class='ocr_par' dir='ltr' id='par_1_32' title="bbox 354 3094 1931 3165">
     <span class='ocr_line' id='line_1_32' title="bbox 354 3094 1931 3165; baseline -0.001 -14"><span class='ocrx_word' id='word_1_231' title='bbox 354 3097 403 3151; x_wconf 87' lang='lat' dir='ltr'><strong>ei</strong></span> <span class='ocrx_word' id='word_1_232' title='bbox 438 3097 599 3149; x_wconf 89' lang='lat' dir='ltr'><strong>multa</strong></span> <span class='ocrx_word' id='word_1_233' title='bbox 622 3095 838 3149; x_wconf 87' lang='lat' dir='ltr'><strong>lenitate</strong></span> <span class='ocrx_word' id='word_1_234' title='bbox 864 3105 919 3149; x_wconf 91' lang='lat' dir='ltr'><strong>et</strong></span> <span class='ocrx_word' id='word_1_235' title='bbox 962 3094 1366 3149; x_wconf 84' lang='lat' dir='ltr'><strong>mansuetudine</strong></span> <span class='ocrx_word' id='word_1_236' title='bbox 1406 3103 1517 3149; x_wconf 89' lang='lat' dir='ltr'><strong>tum</strong></span> <span class='ocrx_word' id='word_1_237' title='bbox 1565 3094 1745 3149; x_wconf 90' lang='lat' dir='ltr'><strong>damni</strong></span> <span class='ocrx_word' id='word_1_238' title='bbox 1791 3095 1931 3165; x_wconf 76' lang='lat' dir='ltr'><strong>quod</strong></span> 
     </span>
    </p>
   </div>
   <div class='ocr_carea' id='block_1_33' title="bbox 357 3186 1927 3257">
    <p class='ocr_par' dir='ltr' id='par_1_33' title="bbox 357 3186 1927 3257">
     <span class='ocr_line' id='line_1_33' title="bbox 357 3186 1927 3257; baseline 0.003 -17"><span class='ocrx_word' id='word_1_239' title='bbox 357 3187 502 3240; x_wconf 90' lang='lat' dir='ltr'><strong>illinc</strong></span> <span class='ocrx_word' id='word_1_240' title='bbox 531 3186 631 3241; x_wconf 90' lang='lat' dir='ltr'><strong>fert</strong></span> <span class='ocrx_word' id='word_1_241' title='bbox 659 3187 994 3255; x_wconf 72' lang='lat' dir='ltr'><strong>gravitatem,</strong></span> <span class='ocrx_word' id='word_1_242' title='bbox 1030 3197 1140 3241; x_wconf 91' lang='lat' dir='ltr'><strong>tum</strong></span> <span class='ocrx_word' id='word_1_243' title='bbox 1172 3186 1432 3241; x_wconf 91' lang='lat' dir='ltr'><strong>bonorum</strong></span> <span class='ocrx_word' id='word_1_244' title='bbox 1478 3204 1597 3257; x_wconf 79' lang='lat' dir='ltr'><strong>qua:</strong></span> <span class='ocrx_word' id='word_1_245' title='bbox 1628 3188 1714 3243; x_wconf 92' lang='lat' dir='ltr'><strong>hic</strong></span> <span class='ocrx_word' id='word_1_246' title='bbox 1740 3204 1927 3244; x_wconf 70' lang='lat' dir='ltr'><strong>corce-</strong></span> 
     </span>
    </p>
   </div>
   <div class='ocr_carea' id='block_1_34' title="bbox 357 3277 1934 3348">
    <p class='ocr_par' dir='ltr' id='par_1_34' title="bbox 357 3277 1934 3348">
     <span class='ocr_line' id='line_1_34' title="bbox 357 3277 1934 3348; baseline 0.003 -18"><span class='ocrx_word' id='word_1_247' title='bbox 357 3277 558 3330; x_wconf 90' lang='lat' dir='ltr'><strong>duntur</strong></span> <span class='ocrx_word' id='word_1_248' title='bbox 608 3277 1072 3346; x_wconf 85' lang='lat' dir='ltr'><strong>magnitudinem:</strong></span> <span class='ocrx_word' id='word_1_249' title='bbox 1113 3287 1296 3332; x_wconf 90' lang='lat' dir='ltr'><strong>etnon</strong></span> <span class='ocrx_word' id='word_1_250' title='bbox 1344 3277 1516 3332; x_wconf 91' lang='lat' dir='ltr'><strong>solum</strong></span> <span class='ocrx_word' id='word_1_251' title='bbox 1568 3279 1733 3333; x_wconf 88' lang='lat' dir='ltr'><strong>semel</strong></span> <span class='ocrx_word' id='word_1_252' title='bbox 1774 3288 1934 3348; x_wconf 82' lang='lat' dir='ltr'><strong>atque</strong></span> 
     </span>
    </p>
   </div>
   <div class='ocr_carea' id='block_1_35' title="bbox 360 3366 1934 3438">
    <p class='ocr_par' dir='ltr' id='par_1_35' title="bbox 360 3366 1934 3438">
     <span class='ocr_line' id='line_1_35' title="bbox 360 3366 1934 3438; baseline 0.003 -17"><span class='ocrx_word' id='word_1_253' title='bbox 360 3368 549 3422; x_wconf 89' lang='lat' dir='ltr'><strong>iterum</strong></span> <span class='ocrx_word' id='word_1_254' title='bbox 576 3369 675 3422; x_wconf 90' lang='lat' dir='ltr'><strong>hoc</strong></span> <span class='ocrx_word' id='word_1_255' title='bbox 701 3366 875 3433; x_wconf 82' lang='lat' dir='ltr'><strong>facile,</strong></span> <span class='ocrx_word' id='word_1_256' title='bbox 905 3368 999 3423; x_wconf 69' lang='lat' dir='ltr'><strong>sed</strong></span> <span class='ocrx_word' id='word_1_257' title='bbox 1030 3383 1259 3438; x_wconf 85' lang='lat' dir='ltr'><strong>semper.</strong></span> <span class='ocrx_word' id='word_1_258' title='bbox 1283 3367 1413 3422; x_wconf 80' lang='lat' dir='ltr'><strong>Nam</strong></span> <span class='ocrx_word' id='word_1_259' title='bbox 1443 3368 1545 3423; x_wconf 91' lang='lat' dir='ltr'><strong>etsi</strong></span> <span class='ocrx_word' id='word_1_260' title='bbox 1575 3368 1732 3424; x_wconf 87' lang='lat' dir='ltr'><strong>hodie</strong></span> <span class='ocrx_word' id='word_1_261' title='bbox 1759 3370 1934 3425; x_wconf 83' lang='lat' dir='ltr'><strong>verbis</strong></span> 
     </span>
    </p>
   </div>
   <div class='ocr_carea' id='block_1_36' title="bbox 361 3457 1932 3527">
    <p class='ocr_par' dir='ltr' id='par_1_36' title="bbox 361 3457 1932 3527">
     <span class='ocr_line' id='line_1_36' title="bbox 361 3457 1932 3527; baseline 0.002 -17"><span class='ocrx_word' id='word_1_262' title='bbox 361 3459 467 3510; x_wconf 89' lang='lat' dir='ltr'><strong>tuis</strong></span> <span class='ocrx_word' id='word_1_263' title='bbox 520 3473 623 3510; x_wconf 90' lang='lat' dir='ltr'><strong>non</strong></span> <span class='ocrx_word' id='word_1_264' title='bbox 661 3457 1010 3526; x_wconf 72' lang='lat' dir='ltr'><strong>obtemjcrat,</strong></span> <span class='ocrx_word' id='word_1_265' title='bbox 1068 3467 1251 3527; x_wconf 85' lang='lat' dir='ltr'><strong>postea</strong></span> <span class='ocrx_word' id='word_1_266' title='bbox 1293 3457 1679 3526; x_wconf 90' lang='lat' dir='ltr'><strong>obtemperabit</strong></span> <span class='ocrx_word' id='word_1_267' title='bbox 1733 3474 1745 3510; x_wconf 93' lang='lat'><strong>:</strong></span> <span class='ocrx_word' id='word_1_268' title='bbox 1792 3467 1845 3513; x_wconf 91' lang='lat' dir='ltr'><strong>et</strong></span> <span class='ocrx_word' id='word_1_269' title='bbox 1887 3460 1932 3513; x_wconf 89' lang='lat' dir='ltr'><strong>si</strong></span> 
     </span>
    </p>
   </div>
   <div class='ocr_carea' id='block_1_37' title="bbox 362 3548 1933 3618">
    <p class='ocr_par' dir='ltr' id='par_1_37' title="bbox 362 3548 1933 3618">
     <span class='ocr_line' id='line_1_37' title="bbox 362 3548 1933 3618; baseline 0.001 -17"><span class='ocrx_word' id='word_1_270' title='bbox 362 3565 532 3617; x_wconf 82' lang='lat' dir='ltr'><strong>neque</strong></span> <span class='ocrx_word' id='word_1_271' title='bbox 556 3548 790 3604; x_wconf 90' lang='lat' dir='ltr'><strong>secundo</strong></span> <span class='ocrx_word' id='word_1_272' title='bbox 814 3549 1119 3602; x_wconf 74' lang='lat' dir='ltr'><strong>admonenti</strong></span> <span class='ocrx_word' id='word_1_273' title='bbox 1166 3548 1553 3618; x_wconf 83' lang='lat' dir='ltr'><strong>obtemperabit</strong></span> <span class='ocrx_word' id='word_1_274' title='bbox 1578 3589 1594 3614; x_wconf 92' lang='lat'><strong>,</strong></span> <span class='ocrx_word' id='word_1_275' title='bbox 1627 3549 1819 3602; x_wconf 88' lang='lat' dir='ltr'><strong>itertnn</strong></span> <span class='ocrx_word' id='word_1_276' title='bbox 1852 3559 1933 3603; x_wconf 86' lang='lat' dir='ltr'><strong>ta-</strong></span> 
     </span>
    </p>
   </div>
   <div class='ocr_carea' id='block_1_38' title="bbox 360 3640 1935 3710">
    <p class='ocr_par' dir='ltr' id='par_1_38' title="bbox 360 3640 1935 3710">
     <span class='ocr_line' id='line_1_38' title="bbox 360 3640 1935 3710; baseline 0.002 -18"><span class='ocrx_word' id='word_1_277' title='bbox 360 3655 480 3693; x_wconf 85' lang='lat' dir='ltr'><strong>men</strong></span> <span class='ocrx_word' id='word_1_278' title='bbox 505 3649 554 3694; x_wconf 89' lang='lat' dir='ltr'><strong>te</strong></span> <span class='ocrx_word' id='word_1_279' title='bbox 582 3641 765 3695; x_wconf 91' lang='lat' dir='ltr'><strong>videns</strong></span> <span class='ocrx_word' id='word_1_280' title='bbox 787 3649 1084 3710; x_wconf 86' lang='lat' dir='ltr'><strong>urgentem,</strong></span> <span class='ocrx_word' id='word_1_281' title='bbox 1110 3640 1243 3694; x_wconf 86' lang='lat' dir='ltr'><strong>forte</strong></span> <span class='ocrx_word' id='word_1_282' title='bbox 1267 3641 1565 3701; x_wconf 84' lang='lat' dir='ltr'><strong>erubescet,</strong></span> <span class='ocrx_word' id='word_1_283' title='bbox 1596 3651 1649 3694; x_wconf 86' lang='lat' dir='ltr'><strong>et</strong></span> <span class='ocrx_word' id='word_1_284' title='bbox 1676 3642 1935 3695; x_wconf 75' lang='lat' dir='ltr'><strong>reveritus</strong></span> 
     </span>
    </p>
   </div>
   <div class='ocr_carea' id='block_1_39' title="bbox 360 3730 1935 3799">
    <p class='ocr_par' dir='ltr' id='par_1_39' title="bbox 360 3730 1935 3799">
     <span class='ocr_line' id='line_1_39' title="bbox 360 3730 1935 3799; baseline 0.001 -15"><span class='ocrx_word' id='word_1_285' title='bbox 360 3740 503 3784; x_wconf 90' lang='lat' dir='ltr'><strong>tuam</strong></span> <span class='ocrx_word' id='word_1_286' title='bbox 531 3746 735 3797; x_wconf 91' lang='lat' dir='ltr'><strong>curam,</strong></span> <span class='ocrx_word' id='word_1_287' title='bbox 783 3746 813 3784; x_wconf 93' lang='lat' dir='ltr'><strong>a</strong></span> <span class='ocrx_word' id='word_1_288' title='bbox 855 3732 1166 3799; x_wconf 70' lang='lat' dir='ltr'><strong>perniciosis</strong></span> <span class='ocrx_word' id='word_1_289' title='bbox 1215 3731 1318 3784; x_wconf 89' lang='lat' dir='ltr'><strong>illis</strong></span> <span class='ocrx_word' id='word_1_290' title='bbox 1345 3730 1649 3785; x_wconf 86' lang='lat' dir='ltr'><strong>abstinebit.</strong></span> <span class='ocrx_word' id='word_1_291' title='bbox 1682 3731 1750 3785; x_wconf 85' lang='lat' dir='ltr'><strong>Et</strong></span> <span class='ocrx_word' id='word_1_292' title='bbox 1777 3748 1935 3787; x_wconf 89' lang='lat' dir='ltr'><strong>num-</strong></span> 
     </span>
    </p>
   </div>
   <div class='ocr_carea' id='block_1_40' title="bbox 358 3820 1935 3893">
    <p class='ocr_par' dir='ltr' id='par_1_40' title="bbox 358 3820 1935 3893">
     <span class='ocr_line' id='line_1_40' title="bbox 358 3820 1935 3893; baseline 0.004 -20"><span class='ocrx_word' id='word_1_293' title='bbox 358 3836 518 3890; x_wconf 86' lang='lat' dir='ltr'><strong>quam</strong></span> <span class='ocrx_word' id='word_1_294' title='bbox 564 3820 971 3883; x_wconf 85' lang='lat' dir='ltr'><strong>dieas:Semel,</strong></span> <span class='ocrx_word' id='word_1_295' title='bbox 1012 3829 1064 3874; x_wconf 90' lang='lat' dir='ltr'><strong>et</strong></span> <span class='ocrx_word' id='word_1_296' title='bbox 1099 3821 1322 3887; x_wconf 89' lang='lat' dir='ltr'><strong>iterum,</strong></span> <span class='ocrx_word' id='word_1_297' title='bbox 1366 3831 1421 3875; x_wconf 92' lang='lat' dir='ltr'><strong>et</strong></span> <span class='ocrx_word' id='word_1_298' title='bbox 1468 3822 1623 3877; x_wconf 90' lang='lat' dir='ltr'><strong>tertio</strong></span> <span class='ocrx_word' id='word_1_299' title='bbox 1661 3832 1716 3878; x_wconf 90' lang='lat' dir='ltr'><strong>et</strong></span> <span class='ocrx_word' id='word_1_300' title='bbox 1740 3823 1935 3893; x_wconf 66' lang='lat' dir='ltr'><strong>smpius</strong></span> 
     </span>
    </p>
   </div>
   <div class='ocr_carea' id='block_1_41' title="bbox 360 3910 1934 3979">
    <p class='ocr_par' dir='ltr' id='par_1_41' title="bbox 360 3910 1934 3979">
     <span class='ocr_line' id='line_1_41' title="bbox 360 3910 1934 3979; baseline 0.004 -15"><span class='ocrx_word' id='word_1_301' title='bbox 360 3912 578 3975; x_wconf 90' lang='lat' dir='ltr'><strong>monui,</strong></span> <span class='ocrx_word' id='word_1_302' title='bbox 608 3921 663 3965; x_wconf 90' lang='lat' dir='ltr'><strong>et</strong></span> <span class='ocrx_word' id='word_1_303' title='bbox 710 3911 838 3964; x_wconf 83' lang='lat' dir='ltr'><strong>nihil</strong></span> <span class='ocrx_word' id='word_1_304' title='bbox 871 3910 1091 3979; x_wconf 79' lang='lat' dir='ltr'><strong>profeci.</strong></span> <span class='ocrx_word' id='word_1_305' title='bbox 1147 3911 1224 3965; x_wconf 86' lang='lat' dir='ltr'><strong>Ne</strong></span> <span class='ocrx_word' id='word_1_306' title='bbox 1263 3928 1481 3967; x_wconf 88' lang='lat' dir='ltr'><strong>monere</strong></span> <span class='ocrx_word' id='word_1_307' title='bbox 1524 3914 1738 3970; x_wconf 90' lang='lat' dir='ltr'><strong>desinas</strong></span> <span class='ocrx_word' id='word_1_308' title='bbox 1767 3932 1781 3972; x_wconf 91' lang='lat'>:</span> <span class='ocrx_word' id='word_1_309' title='bbox 1811 3930 1934 3970; x_wconf 89' lang='lat' dir='ltr'><strong>nam</strong></span> 
     </span>
    </p>
   </div>
   <div class='ocr_carea' id='block_1_42' title="bbox 358 4001 1933 4073">
    <p class='ocr_par' dir='ltr' id='par_1_42' title="bbox 358 4001 1933 4073">
     <span class='ocr_line' id='line_1_42' title="bbox 358 4001 1933 4073; baseline 0.004 -19"><span class='ocrx_word' id='word_1_310' title='bbox 358 4010 558 4072; x_wconf 71' lang='lat' dir='ltr'><strong>quanto</strong></span> <span class='ocrx_word' id='word_1_311' title='bbox 583 4001 749 4070; x_wconf 89' lang='lat' dir='ltr'><strong>magis</strong></span> <span class='ocrx_word' id='word_1_312' title='bbox 777 4010 832 4055; x_wconf 91' lang='lat' dir='ltr'><strong>tu</strong></span> <span class='ocrx_word' id='word_1_313' title='bbox 863 4003 1284 4070; x_wconf 75' lang='lat' dir='ltr'><strong>perseveraveris</strong></span> <span class='ocrx_word' id='word_1_314' title='bbox 1302 4043 1315 4064; x_wconf 91' lang='lat'><strong>,</strong></span> <span class='ocrx_word' id='word_1_315' title='bbox 1355 4010 1502 4056; x_wconf 90' lang='lat' dir='ltr'><strong>tanto</strong></span> <span class='ocrx_word' id='word_1_316' title='bbox 1523 4005 1688 4073; x_wconf 87' lang='lat' dir='ltr'><strong>magis</strong></span> <span class='ocrx_word' id='word_1_317' title='bbox 1716 4016 1767 4059; x_wconf 94' lang='lat' dir='ltr'><strong>et</strong></span> <span class='ocrx_word' id='word_1_318' title='bbox 1791 4022 1933 4061; x_wconf 86' lang='lat' dir='ltr'><strong>ruer-</strong></span> 
     </span>
    </p>
   </div>
   <div class='ocr_carea' id='block_1_43' title="bbox 357 4091 1936 4162">
    <p class='ocr_par' dir='ltr' id='par_1_43' title="bbox 357 4091 1936 4162">
     <span class='ocr_line' id='line_1_43' title="bbox 357 4091 1936 4162; baseline 0.002 -14"><span class='ocrx_word' id='word_1_319' title='bbox 357 4109 449 4148; x_wconf 89' lang='lat' dir='ltr'><strong>ces</strong></span> <span class='ocrx_word' id='word_1_320' title='bbox 481 4093 570 4147; x_wconf 88' lang='lat' dir='ltr'><strong>tibi</strong></span> <span class='ocrx_word' id='word_1_321' title='bbox 619 4102 843 4148; x_wconf 88' lang='lat' dir='ltr'><strong>crescet.</strong></span> <span class='ocrx_word' id='word_1_322' title='bbox 897 4091 1013 4147; x_wconf 84' lang='lat' dir='ltr'><strong>Non</strong></span> <span class='ocrx_word' id='word_1_323' title='bbox 1062 4094 1253 4147; x_wconf 87' lang='lat' dir='ltr'><strong>videtis</strong></span> <span class='ocrx_word' id='word_1_324' title='bbox 1302 4104 1497 4162; x_wconf 90' lang='lat' dir='ltr'><strong>quanta</strong></span> <span class='ocrx_word' id='word_1_325' title='bbox 1524 4098 1759 4149; x_wconf 89' lang='lat' dir='ltr'><strong>omnium</strong></span> <span class='ocrx_word' id='word_1_326' title='bbox 1799 4097 1936 4151; x_wconf 83' lang='lat' dir='ltr'><strong>Deus</strong></span> 
     </span>
    </p>
   </div>
   <div class='ocr_carea' id='block_1_44' title="bbox 361 4184 1937 4256">
    <p class='ocr_par' dir='ltr' id='par_1_44' title="bbox 361 4184 1937 4256">
     <span class='ocr_line' id='line_1_44' title="bbox 361 4184 1937 4256; baseline 0.004 -20"><span class='ocrx_word' id='word_1_327' title='bbox 361 4198 459 4237; x_wconf 90' lang='lat' dir='ltr'><strong>nos</strong></span> <span class='ocrx_word' id='word_1_328' title='bbox 490 4184 739 4253; x_wconf 83' lang='lat' dir='ltr'><strong>patientia</strong></span> <span class='ocrx_word' id='word_1_329' title='bbox 764 4184 974 4251; x_wconf 86' lang='lat' dir='ltr'><strong>tolerat,</strong></span> <span class='ocrx_word' id='word_1_330' title='bbox 1004 4197 1051 4238; x_wconf 89' lang='lat' dir='ltr'><strong>et</strong></span> <span class='ocrx_word' id='word_1_331' title='bbox 1082 4186 1599 4255; x_wconf 76' lang='lat' dir='ltr'><strong>quotnmloquotidie</strong></span> <span class='ocrx_word' id='word_1_332' title='bbox 1625 4188 1937 4256; x_wconf 77' lang='lat' dir='ltr'><strong>negligimus</strong></span> 
     </span>
    </p>
   </div>
   <div class='ocr_carea' id='block_1_45' title="bbox 359 4276 1933 4346">
    <p class='ocr_par' dir='ltr' id='par_1_45' title="bbox 359 4276 1933 4346">
     <span class='ocr_line' id='line_1_45' title="bbox 359 4276 1933 4346; baseline 0.002 -17"><span class='ocrx_word' id='word_1_333' title='bbox 359 4277 727 4345; x_wconf 85' lang='lat' dir='ltr'><strong>obtemperare</strong></span> <span class='ocrx_word' id='word_1_334' title='bbox 766 4277 880 4346; x_wconf 85' lang='lat' dir='ltr'><strong>ejus</strong></span> <span class='ocrx_word' id='word_1_335' title='bbox 932 4276 1215 4343; x_wconf 86' lang='lat' dir='ltr'><strong>mandatis,</strong></span> <span class='ocrx_word' id='word_1_336' title='bbox 1263 4284 1317 4330; x_wconf 89' lang='lat' dir='ltr'><strong>ct</strong></span> <span class='ocrx_word' id='word_1_337' title='bbox 1360 4292 1531 4346; x_wconf 87' lang='lat' dir='ltr'><strong>neque</strong></span> <span class='ocrx_word' id='word_1_338' title='bbox 1570 4278 1648 4332; x_wconf 88' lang='lat' dir='ltr'><strong>sic</strong></span> <span class='ocrx_word' id='word_1_339' title='bbox 1684 4288 1857 4332; x_wconf 83' lang='lat' dir='ltr'><strong>cessat</strong></span> <span class='ocrx_word' id='word_1_340' title='bbox 1905 4294 1933 4331; x_wconf 91' lang='lat' dir='ltr'><strong>a</strong></span> 
     </span>
    </p>
   </div>
   <div class='ocr_carea' id='block_1_46' title="bbox 360 4367 1933 4437">
    <p class='ocr_par' dir='ltr' id='par_1_46' title="bbox 360 4367 1933 4437">
     <span class='ocr_line' id='line_1_46' title="bbox 360 4367 1933 4437; baseline 0.001 -16"><span class='ocrx_word' id='word_1_341' title='bbox 360 4382 486 4421; x_wconf 88' lang='lat' dir='ltr'><strong>cura</strong></span> <span class='ocrx_word' id='word_1_342' title='bbox 545 4378 746 4431; x_wconf 88' lang='lat' dir='ltr'><strong>nostra,</strong></span> <span class='ocrx_word' id='word_1_343' title='bbox 779 4367 875 4422; x_wconf 87' lang='lat' dir='ltr'><strong>sed</strong></span> <span class='ocrx_word' id='word_1_344' title='bbox 904 4368 1080 4421; x_wconf 87' lang='lat' dir='ltr'><strong>omnia</strong></span> <span class='ocrx_word' id='word_1_345' title='bbox 1133 4382 1226 4421; x_wconf 88' lang='lat' dir='ltr'><strong>sua</strong></span> <span class='ocrx_word' id='word_1_346' title='bbox 1258 4369 1577 4437; x_wconf 86' lang='lat' dir='ltr'><strong>suppeditat,</strong></span> <span class='ocrx_word' id='word_1_347' title='bbox 1607 4370 1773 4423; x_wconf 86' lang='lat' dir='ltr'><strong>solem</strong></span> <span class='ocrx_word' id='word_1_348' title='bbox 1807 4370 1933 4423; x_wconf 89' lang='lat' dir='ltr'><strong>oriri</strong></span> 
     </span>
    </p>
   </div>
   <div class='ocr_carea' id='block_1_47' title="bbox 358 4458 1938 4528">
    <p class='ocr_par' dir='ltr' id='par_1_47' title="bbox 358 4458 1938 4528">
     <span class='ocr_line' id='line_1_47' title="bbox 358 4458 1938 4528; baseline 0.003 -16"><span class='ocrx_word' id='word_1_349' title='bbox 358 4468 528 4526; x_wconf 88' lang='lat' dir='ltr'><strong>curat,</strong></span> <span class='ocrx_word' id='word_1_350' title='bbox 556 4459 760 4527; x_wconf 88' lang='lat' dir='ltr'><strong>pluvias</strong></span> <span class='ocrx_word' id='word_1_351' title='bbox 796 4459 1059 4526; x_wconf 91' lang='lat' dir='ltr'><strong>concedit,</strong></span> <span class='ocrx_word' id='word_1_352' title='bbox 1085 4458 1294 4528; x_wconf 75' lang='lat' dir='ltr'><strong>aliaque</strong></span> <span class='ocrx_word' id='word_1_353' title='bbox 1314 4459 1525 4512; x_wconf 89' lang='lat' dir='ltr'><strong>omnia?</strong></span> <span class='ocrx_word' id='word_1_354' title='bbox 1558 4459 1724 4514; x_wconf 88' lang='lat' dir='ltr'><strong>Simili</strong></span> <span class='ocrx_word' id='word_1_355' title='bbox 1778 4461 1938 4516; x_wconf 91' lang='lat' dir='ltr'><strong>modo</strong></span> 
     </span>
    </p>
   </div>
   <div class='ocr_carea' id='block_1_48' title="bbox 311 4546 1935 4626">
    <p class='ocr_par' dir='ltr' id='par_1_48' title="bbox 311 4546 1935 4626">
     <span class='ocr_line' id='line_1_48' title="bbox 311 4546 1935 4626; baseline 0.002 -24"><span class='ocrx_word' id='word_1_356' title='bbox 311 4549 321 4626; x_wconf 75' lang='grc' dir='ltr'><em>Î¾</em></span> <span class='ocrx_word' id='word_1_357' title='bbox 360 4556 414 4602; x_wconf 88' lang='lat' dir='ltr'><strong>et</strong></span> <span class='ocrx_word' id='word_1_358' title='bbox 447 4562 544 4601; x_wconf 90' lang='lat' dir='ltr'><strong>nos</strong></span> <span class='ocrx_word' id='word_1_359' title='bbox 569 4562 692 4618; x_wconf 88' lang='lat' dir='ltr'><strong>erga</strong></span> <span class='ocrx_word' id='word_1_360' title='bbox 723 4546 910 4603; x_wconf 83' lang='lat' dir='ltr'><strong>fratres</strong></span> <span class='ocrx_word' id='word_1_361' title='bbox 941 4558 1150 4603; x_wconf 78' lang='lat' dir='ltr'><strong>nostros</strong></span> <span class='ocrx_word' id='word_1_362' title='bbox 1178 4548 1313 4603; x_wconf 85' lang='lat' dir='ltr'><strong>bene</strong></span> <span class='ocrx_word' id='word_1_363' title='bbox 1357 4549 1554 4614; x_wconf 75' lang='lat' dir='ltr'><strong>affecti,</strong></span> <span class='ocrx_word' id='word_1_364' title='bbox 1611 4566 1795 4620; x_wconf 84' lang='lat' dir='ltr'><strong>magna</strong></span> <span class='ocrx_word' id='word_1_365' title='bbox 1824 4560 1935 4605; x_wconf 85' lang='lat' dir='ltr'><strong>uta-</strong></span> 
     </span>
    </p>
   </div>
   <div class='ocr_carea' id='block_1_49' title="bbox 362 4637 1934 4708">
    <p class='ocr_par' dir='ltr' id='par_1_49' title="bbox 362 4637 1934 4708">
     <span class='ocr_line' id='line_1_49' title="bbox 362 4637 1934 4708; baseline 0.004 -19"><span class='ocrx_word' id='word_1_366' title='bbox 362 4652 481 4691; x_wconf 90' lang='lat' dir='ltr'><strong>mur</strong></span> <span class='ocrx_word' id='word_1_367' title='bbox 508 4637 802 4707; x_wconf 86' lang='lat' dir='ltr'><strong>diligentia,</strong></span> <span class='ocrx_word' id='word_1_368' title='bbox 849 4648 901 4692; x_wconf 90' lang='lat' dir='ltr'><strong>et</strong></span> <span class='ocrx_word' id='word_1_369' title='bbox 947 4640 1282 4693; x_wconf 84' lang='lat' dir='ltr'><strong>obluctemur</strong></span> <span class='ocrx_word' id='word_1_370' title='bbox 1312 4641 1543 4708; x_wconf 87' lang='lat' dir='ltr'><strong>maligno</strong></span> <span class='ocrx_word' id='word_1_371' title='bbox 1572 4640 1644 4694; x_wconf 93' lang='lat' dir='ltr'><strong>illi</strong></span> <span class='ocrx_word' id='word_1_372' title='bbox 1683 4641 1934 4708; x_wconf 75' lang='lat' dir='ltr'><strong>dannoni,</strong></span> 
     </span>
    </p>
   </div>
   <div class='ocr_carea' id='block_1_50' title="bbox 362 4727 1935 4803">
    <p class='ocr_par' dir='ltr' id='par_1_50' title="bbox 362 4727 1935 4803">
     <span class='ocr_line' id='line_1_50' title="bbox 362 4727 1935 4803; baseline 0.005 -24"><span class='ocrx_word' id='word_1_373' title='bbox 362 4737 419 4780; x_wconf 92' lang='lat' dir='ltr'><strong>ut</strong></span> <span class='ocrx_word' id='word_1_374' title='bbox 442 4727 623 4783; x_wconf 90' lang='lat' dir='ltr'><strong>irritos</strong></span> <span class='ocrx_word' id='word_1_375' title='bbox 658 4728 776 4797; x_wconf 86' lang='lat' dir='ltr'><strong>ejus</strong></span> <span class='ocrx_word' id='word_1_376' title='bbox 815 4728 1070 4784; x_wconf 87' lang='lat' dir='ltr'><strong>faciamus</strong></span> <span class='ocrx_word' id='word_1_377' title='bbox 1105 4740 1347 4785; x_wconf 88' lang='lat' dir='ltr'><strong>conatus.</strong></span> <span class='ocrx_word' id='word_1_378' title='bbox 1391 4730 1521 4784; x_wconf 84' lang='lat' dir='ltr'><strong>Nam</strong></span> <span class='ocrx_word' id='word_1_379' title='bbox 1552 4732 1597 4786; x_wconf 91' lang='lat' dir='ltr'><strong>si</strong></span> <span class='ocrx_word' id='word_1_380' title='bbox 1626 4733 1817 4802; x_wconf 89' lang='lat' dir='ltr'><strong>singuli</strong></span> <span class='ocrx_word' id='word_1_381' title='bbox 1845 4734 1935 4803; x_wconf 92' lang='lat' dir='ltr'><strong>qui</strong></span> 
     </span>
    </p>
   </div>
   <div class='ocr_carea' id='block_1_51' title="bbox 359 4816 1932 4891">
    <p class='ocr_par' dir='ltr' id='par_1_51' title="bbox 359 4816 1932 4891">
     <span class='ocr_line' id='line_1_51' title="bbox 359 4816 1932 4891; baseline 0.005 -22"><span class='ocrx_word' id='word_1_382' title='bbox 359 4816 569 4883; x_wconf 84' lang='lat' dir='ltr'><strong>adsunt,</strong></span> <span class='ocrx_word' id='word_1_383' title='bbox 612 4833 772 4871; x_wconf 91' lang='lat' dir='ltr'><strong>unum</strong></span> <span class='ocrx_word' id='word_1_384' title='bbox 817 4818 1124 4874; x_wconf 76' lang='lat' dir='ltr'><strong>lucrifacere</strong></span> <span class='ocrx_word' id='word_1_385' title='bbox 1169 4829 1402 4888; x_wconf 87' lang='lat' dir='ltr'><strong>possent,</strong></span> <span class='ocrx_word' id='word_1_386' title='bbox 1460 4821 1630 4890; x_wconf 90' lang='lat' dir='ltr'><strong>cogita</strong></span> <span class='ocrx_word' id='word_1_387' title='bbox 1681 4833 1932 4891; x_wconf 85' lang='lat' dir='ltr'><strong>quautam</strong></span> 
     </span>
    </p>
   </div>
   <div class='ocr_carea' id='block_1_52' title="bbox 361 4905 1933 4967">
    <p class='ocr_par' dir='ltr' id='par_1_52' title="bbox 361 4905 1933 4967">
     <span class='ocr_line' id='line_1_52' title="bbox 361 4905 1933 4967; baseline 0.005 -8"><span class='ocrx_word' id='word_1_388' title='bbox 361 4905 513 4959; x_wconf 90' lang='lat' dir='ltr'><strong>nobis</strong></span> <span class='ocrx_word' id='word_1_389' title='bbox 535 4907 766 4961; x_wconf 82' lang='lat' dir='ltr'><strong>laetitiam</strong></span> <span class='ocrx_word' id='word_1_390' title='bbox 815 4910 1046 4963; x_wconf 75' lang='lat' dir='ltr'><strong>Ecclesia</strong></span> <span class='ocrx_word' id='word_1_391' title='bbox 1086 4909 1421 4964; x_wconf 89' lang='lat' dir='ltr'><strong>multitudine</strong></span> <span class='ocrx_word' id='word_1_392' title='bbox 1464 4910 1692 4964; x_wconf 85' lang='lat' dir='ltr'><strong>filiorum</strong></span> <span class='ocrx_word' id='word_1_393' title='bbox 1718 4927 1933 4967; x_wconf 90' lang='lat' dir='ltr'><strong>suorum</strong></span> 
     </span>
    </p>
   </div>
   <div class='ocr_carea' id='block_1_53' title="bbox 358 4998 1934 5068">
    <p class='ocr_par' dir='ltr' id='par_1_53' title="bbox 358 4998 1934 5068">
     <span class='ocr_line' id='line_1_53' title="bbox 358 4998 1934 5068; baseline 0.006 -18"><span class='ocrx_word' id='word_1_394' title='bbox 358 4998 660 5053; x_wconf 84' lang='lat' dir='ltr'><strong>ostenderet</strong></span> <span class='ocrx_word' id='word_1_395' title='bbox 715 5015 733 5056; x_wconf 89' lang='lat'><strong>:</strong></span> <span class='ocrx_word' id='word_1_396' title='bbox 773 5009 829 5053; x_wconf 89' lang='lat' dir='ltr'><strong>et</strong></span> <span class='ocrx_word' id='word_1_397' title='bbox 874 5001 1118 5056; x_wconf 88' lang='lat' dir='ltr'><strong>diabolus</strong></span> <span class='ocrx_word' id='word_1_398' title='bbox 1161 5002 1596 5068; x_wconf 88' lang='lat' dir='ltr'><strong>confunderetur,</strong></span> <span class='ocrx_word' id='word_1_399' title='bbox 1647 5004 1833 5059; x_wconf 88' lang='lat' dir='ltr'><strong>videns</strong></span> <span class='ocrx_word' id='word_1_400' title='bbox 1880 5006 1934 5060; x_wconf 92' lang='lat' dir='ltr'><strong>in</strong></span> 
     </span>
    </p>
   </div>
   <div class='ocr_carea' id='block_1_54' title="bbox 361 5088 1937 5162">
    <p class='ocr_par' dir='ltr' id='par_1_54' title="bbox 361 5088 1937 5162">
     <span class='ocr_line' id='line_1_54' title="bbox 361 5088 1937 5162; baseline 0.009 -25"><span class='ocrx_word' id='word_1_401' title='bbox 361 5102 553 5140; x_wconf 85' lang='lat' dir='ltr'><strong>\anum</strong></span> <span class='ocrx_word' id='word_1_402' title='bbox 603 5098 657 5142; x_wconf 89' lang='lat' dir='ltr'><strong>et</strong></span> <span class='ocrx_word' id='word_1_403' title='bbox 699 5088 894 5144; x_wconf 79' lang='lat' dir='ltr'><strong>frustm</strong></span> <span class='ocrx_word' id='word_1_404' title='bbox 945 5092 1160 5146; x_wconf 81' lang='lat' dir='ltr'><strong>extendi</strong></span> <span class='ocrx_word' id='word_1_405' title='bbox 1217 5108 1311 5147; x_wconf 89' lang='lat' dir='ltr'><strong>sua</strong></span> <span class='ocrx_word' id='word_1_406' title='bbox 1356 5094 1509 5149; x_wconf 89' lang='lat' dir='ltr'><strong>retia.</strong></span> <span class='ocrx_word' id='word_1_407' title='bbox 1554 5096 1705 5162; x_wconf 86' lang='lat' dir='ltr'><strong>Quod</strong></span> <span class='ocrx_word' id='word_1_408' title='bbox 1750 5098 1794 5150; x_wconf 94' lang='lat' dir='ltr'><strong>si</strong></span> <span class='ocrx_word' id='word_1_409' title='bbox 1836 5097 1937 5152; x_wconf 88' lang='lat' dir='ltr'><strong>hoc</strong></span> 
     </span>
    </p>
   </div>
   <div class='ocr_carea' id='block_1_55' title="bbox 359 5176 1937 5255">
    <p class='ocr_par' dir='ltr' id='par_1_55' title="bbox 359 5176 1937 5255">
     <span class='ocr_line' id='line_1_55' title="bbox 359 5176 1937 5255; baseline 0.007 -25"><span class='ocrx_word' id='word_1_410' title='bbox 359 5176 615 5245; x_wconf 85' lang='lat' dir='ltr'><strong>feceritis,</strong></span> <span class='ocrx_word' id='word_1_411' title='bbox 654 5181 880 5235; x_wconf 87' lang='lat' dir='ltr'><strong>audietis</strong></span> <span class='ocrx_word' id='word_1_412' title='bbox 925 5191 980 5235; x_wconf 90' lang='lat' dir='ltr'><strong>et</strong></span> <span class='ocrx_word' id='word_1_413' title='bbox 1023 5198 1117 5237; x_wconf 89' lang='lat' dir='ltr'><strong>vos</strong></span> <span class='ocrx_word' id='word_1_414' title='bbox 1162 5184 1213 5237; x_wconf 93' lang='lat' dir='ltr'><strong>in</strong></span> <span class='ocrx_word' id='word_1_415' title='bbox 1260 5183 1346 5238; x_wconf 88' lang='lat' dir='ltr'><strong>die</strong></span> <span class='ocrx_word' id='word_1_416' title='bbox 1398 5185 1489 5238; x_wconf 93' lang='lat' dir='ltr'><strong>illo</strong></span> <span class='ocrx_word' id='word_1_417' title='bbox 1539 5201 1554 5237; x_wconf 88' lang='lat'><strong>:</strong></span> <span class='ocrx_word' id='word_1_418' title='bbox 1598 5185 1759 5255; x_wconf 83' lang='lat' dir='ltr'><strong>Euge,</strong></span> <span class='ocrx_word' id='word_1_419' title='bbox 1799 5203 1937 5241; x_wconf 81' lang='lat' dir='ltr'><strong>serve</strong></span> 
     </span>
    </p>
   </div>
   <div class='ocr_carea' id='block_1_56' title="bbox 357 5268 1937 5346">
    <p class='ocr_par' dir='ltr' id='par_1_56' title="bbox 357 5268 1937 5346">
     <span class='ocr_line' id='line_1_56' title="bbox 357 5268 1937 5346; baseline 0.008 -26"><span class='ocrx_word' id='word_1_420' title='bbox 357 5268 483 5322; x_wconf 84' lang='lat' dir='ltr'><strong>bone</strong></span> <span class='ocrx_word' id='word_1_421' title='bbox 523 5281 569 5324; x_wconf 84' lang='lat' dir='ltr'><strong>et</strong></span> <span class='ocrx_word' id='word_1_422' title='bbox 588 5270 775 5337; x_wconf 83' lang='lat' dir='ltr'><strong>ï¬delis,</strong></span> <span class='ocrx_word' id='word_1_423' title='bbox 802 5272 853 5325; x_wconf 88' lang='lat' dir='ltr'><strong>in</strong></span> <span class='ocrx_word' id='word_1_424' title='bbox 883 5289 1043 5341; x_wconf 84' lang='lat' dir='ltr'><strong>pauca</strong></span> <span class='ocrx_word' id='word_1_425' title='bbox 1083 5274 1224 5344; x_wconf 78' lang='lat' dir='ltr'><strong>fuisti</strong></span> <span class='ocrx_word' id='word_1_426' title='bbox 1271 5277 1456 5343; x_wconf 81' lang='lat' dir='ltr'><strong>ï¬delis,</strong></span> <span class='ocrx_word' id='word_1_427' title='bbox 1495 5293 1650 5346; x_wconf 83' lang='lat' dir='ltr'><strong>supra</strong></span> <span class='ocrx_word' id='word_1_428' title='bbox 1695 5278 1852 5331; x_wconf 87' lang='lat' dir='ltr'><strong>multa</strong></span> <span class='ocrx_word' id='word_1_429' title='bbox 1889 5288 1937 5333; x_wconf 89' lang='lat' dir='ltr'><strong>te</strong></span> 
     </span>
    </p>
   </div>
   <div class='ocr_carea' id='block_1_57' title="bbox 355 5365 675 5417">
    <p class='ocr_par' dir='ltr' id='par_1_57' title="bbox 355 5365 675 5417">
     <span class='ocr_line' id='line_1_57' title="bbox 355 5365 675 5417; baseline 0.003 -2"><span class='ocrx_word' id='word_1_430' title='bbox 355 5365 675 5417; x_wconf 73' lang='lat' dir='ltr'><strong>constituam.</strong></span> 
     </span>
    </p>
   </div>
   <div class='ocr_carea' id='block_1_58' title="bbox 426 5453 1935 5529">
    <p class='ocr_par' dir='ltr' id='par_1_58' title="bbox 426 5453 1935 5529">
     <span class='ocr_line' id='line_1_58' title="bbox 426 5453 1935 5529; baseline 0.007 -23"><span class='ocrx_word' id='word_1_431' title='bbox 426 5454 477 5506; x_wconf 77' lang='lat'><strong>5.</strong></span> <span class='ocrx_word' id='word_1_432' title='bbox 517 5453 780 5508; x_wconf 66' lang='lat' dir='ltr'><strong>Caeterum</strong></span> <span class='ocrx_word' id='word_1_433' title='bbox 811 5456 947 5510; x_wconf 87' lang='lat' dir='ltr'><strong>bona</strong></span> <span class='ocrx_word' id='word_1_434' title='bbox 974 5471 1069 5529; x_wconf 90' lang='lat' dir='ltr'><strong>spe</strong></span> <span class='ocrx_word' id='word_1_435' title='bbox 1092 5473 1210 5512; x_wconf 91' lang='lat' dir='ltr'><strong>sum</strong></span> <span class='ocrx_word' id='word_1_436' title='bbox 1241 5472 1334 5512; x_wconf 88' lang='lat' dir='ltr'><strong>vos</strong></span> <span class='ocrx_word' id='word_1_437' title='bbox 1355 5457 1454 5511; x_wconf 84' lang='lat' dir='ltr'><strong>hoc</strong></span> <span class='ocrx_word' id='word_1_438' title='bbox 1481 5458 1709 5513; x_wconf 85' lang='lat' dir='ltr'><strong>facturos</strong></span> <span class='ocrx_word' id='word_1_439' title='bbox 1737 5476 1749 5512; x_wconf 94' lang='lat'><strong>:</strong></span> <span class='ocrx_word' id='word_1_440' title='bbox 1780 5461 1935 5516; x_wconf 85' lang='lat' dir='ltr'><strong>video</strong></span> 
     </span>
    </p>
   </div>
   <div class='ocr_carea' id='block_1_59' title="bbox 354 5545 1932 5619">
    <p class='ocr_par' dir='ltr' id='par_1_59' title="bbox 354 5545 1932 5619">
     <span class='ocr_line' id='line_1_59' title="bbox 354 5545 1932 5619; baseline 0.004 -21"><span class='ocrx_word' id='word_1_441' title='bbox 354 5545 495 5599; x_wconf 78' lang='lat' dir='ltr'><strong>enim</strong></span> <span class='ocrx_word' id='word_1_442' title='bbox 525 5546 699 5599; x_wconf 88' lang='lat' dir='ltr'><strong>vultus</strong></span> <span class='ocrx_word' id='word_1_443' title='bbox 729 5556 955 5614; x_wconf 84' lang='lat' dir='ltr'><strong>vestros,</strong></span> <span class='ocrx_word' id='word_1_444' title='bbox 983 5558 1037 5604; x_wconf 87' lang='lat' dir='ltr'><strong>et</strong></span> <span class='ocrx_word' id='word_1_445' title='bbox 1064 5549 1424 5619; x_wconf 89' lang='lat' dir='ltr'><strong>conjecturam</strong></span> <span class='ocrx_word' id='word_1_446' title='bbox 1452 5564 1604 5603; x_wconf 88' lang='lat' dir='ltr'><strong>sumo</strong></span> <span class='ocrx_word' id='word_1_447' title='bbox 1625 5565 1718 5603; x_wconf 91' lang='lat' dir='ltr'><strong>vos</strong></span> <span class='ocrx_word' id='word_1_448' title='bbox 1743 5551 1932 5606; x_wconf 80' lang='lat' dir='ltr'><strong>admo-</strong></span> 
     </span>
    </p>
   </div>
   <div class='ocr_carea' id='block_1_60' title="bbox 350 5639 1933 5714">
    <p class='ocr_par' dir='ltr' id='par_1_60' title="bbox 350 5639 1933 5714">
     <span class='ocr_line' id='line_1_60' title="bbox 350 5639 1933 5714; baseline 0.004 -20"><span class='ocrx_word' id='word_1_449' title='bbox 350 5639 612 5694; x_wconf 85' lang='lat' dir='ltr'><strong>nitiouem</strong></span> <span class='ocrx_word' id='word_1_450' title='bbox 645 5649 878 5695; x_wconf 84' lang='lat' dir='ltr'><strong>nostram</strong></span> <span class='ocrx_word' id='word_1_451' title='bbox 920 5656 1105 5713; x_wconf 79' lang='lat' dir='ltr'><strong>magna</strong></span> <span class='ocrx_word' id='word_1_452' title='bbox 1134 5642 1402 5711; x_wconf 88' lang='lat' dir='ltr'><strong>voluptate</strong></span> <span class='ocrx_word' id='word_1_453' title='bbox 1431 5642 1700 5712; x_wconf 83' lang='lat' dir='ltr'><strong>accepisse</strong></span> <span class='ocrx_word' id='word_1_454' title='bbox 1723 5682 1738 5709; x_wconf 85' lang='lat'><strong>,</strong></span> <span class='ocrx_word' id='word_1_455' title='bbox 1774 5652 1933 5714; x_wconf 89' lang='lat' dir='ltr'><strong>atque</strong></span> 
     </span>
    </p>
   </div>
   <div class='ocr_carea' id='block_1_61' title="bbox 1296 251 2500 314">
    <p class='ocr_par' dir='ltr' id='par_1_61' title="bbox 1296 251 2500 314">
     <span class='ocr_line' id='line_1_61' title="bbox 1296 251 2500 314; baseline -0.008 1"><span class='ocrx_word' id='word_1_456' title='bbox 1296 258 1361 314; x_wconf 84' lang='lat' dir='ltr'><strong>lN</strong></span> <span class='ocrx_word' id='word_1_457' title='bbox 1399 257 1551 314; x_wconf 78' lang='lat' dir='ltr'><strong>CAP.</strong></span> <span class='ocrx_word' id='word_1_458' title='bbox 1598 254 1778 311; x_wconf 77' lang='lat' dir='ltr'><strong>XVIII.</strong></span> <span class='ocrx_word' id='word_1_459' title='bbox 1818 251 2064 309; x_wconf 77' lang='lat' dir='ltr'><strong>GENES.</strong></span> <span class='ocrx_word' id='word_1_460' title='bbox 2107 251 2332 309; x_wconf 78' lang='lat' dir='ltr'><strong>HOMIL.</strong></span> <span class='ocrx_word' id='word_1_461' title='bbox 2369 251 2500 308; x_wconf 77' lang='lat' dir='ltr'><strong>XLI.</strong></span> 
     </span>
    </p>
   </div>
   <div class='ocr_carea' id='block_1_62' title="bbox 3502 247 3606 303">
    <p class='ocr_par' dir='ltr' id='par_1_62' title="bbox 3502 247 3606 303">
     <span class='ocr_line' id='line_1_62' title="bbox 3502 247 3606 303; baseline 0.01 -2"><span class='ocrx_word' id='word_1_462' title='bbox 3502 247 3606 303; x_wconf 56' lang='grc' dir='ltr'><strong>á½…Ï„Îµ</strong></span> 
     </span>
    </p>
   </div>
   <div class='ocr_carea' id='block_1_63' title="bbox 2026 361 3610 435">
    <p class='ocr_par' dir='ltr' id='par_1_63' title="bbox 2026 361 3610 435">
     <span class='ocr_line' id='line_1_63' title="bbox 2026 361 3610 435; baseline 0.001 -18"><span class='ocrx_word' id='word_1_463' title='bbox 2026 361 2150 420; x_wconf 89' lang='lat' dir='ltr'><strong>hinc</strong></span> <span class='ocrx_word' id='word_1_464' title='bbox 2188 381 2347 435; x_wconf 89' lang='lat' dir='ltr'><strong>spero</strong></span> <span class='ocrx_word' id='word_1_465' title='bbox 2391 381 2515 429; x_wconf 90' lang='lat' dir='ltr'><strong>vos,</strong></span> <span class='ocrx_word' id='word_1_466' title='bbox 2546 365 2686 435; x_wconf 89' lang='lat' dir='ltr'><strong>quod</strong></span> <span class='ocrx_word' id='word_1_467' title='bbox 2716 372 2948 420; x_wconf 89' lang='lat' dir='ltr'><strong>vestrum</strong></span> <span class='ocrx_word' id='word_1_468' title='bbox 2978 363 3167 432; x_wconf 70' lang='lat' dir='ltr'><strong>inierit,</strong></span> <span class='ocrx_word' id='word_1_469' title='bbox 3196 363 3447 420; x_wconf 80' lang='lat' dir='ltr'><strong>facturos.</strong></span> <span class='ocrx_word' id='word_1_470' title='bbox 3477 363 3610 419; x_wconf 72' lang='lat' dir='ltr'><strong>Pro-</strong></span> 
     </span>
    </p>
   </div>
   <div class='ocr_carea' id='block_1_64' title="bbox 2024 455 3615 525">
    <p class='ocr_par' dir='ltr' id='par_1_64' title="bbox 2024 455 3615 525">
     <span class='ocr_line' id='line_1_64' title="bbox 2024 455 3615 525; baseline -0.002 -15"><span class='ocrx_word' id='word_1_471' title='bbox 2024 456 2145 510; x_wconf 88' lang='lat' dir='ltr'><strong>inde</strong></span> <span class='ocrx_word' id='word_1_472' title='bbox 2176 456 2313 511; x_wconf 90' lang='lat' dir='ltr'><strong>hanc</strong></span> <span class='ocrx_word' id='word_1_473' title='bbox 2355 455 2771 511; x_wconf 87' lang='lat' dir='ltr'><strong>admonitionem</strong></span> <span class='ocrx_word' id='word_1_474' title='bbox 2810 455 2897 511; x_wconf 91' lang='lat' dir='ltr'><strong>hic</strong></span> <span class='ocrx_word' id='word_1_475' title='bbox 2924 455 3170 510; x_wconf 86' lang='lat' dir='ltr'><strong>finiamus</strong></span> <span class='ocrx_word' id='word_1_476' title='bbox 3202 472 3216 510; x_wconf 91' lang='lat'><strong>:</strong></span> <span class='ocrx_word' id='word_1_477' title='bbox 3248 469 3615 525; x_wconf 82' lang='lat' dir='ltr'><strong>proponamus</strong></span> 
     </span>
    </p>
   </div>
   <div class='ocr_carea' id='block_1_65' title="bbox 2023 544 3608 616">
    <p class='ocr_par' dir='ltr' id='par_1_65' title="bbox 2023 544 3608 616">
     <span class='ocr_line' id='line_1_65' title="bbox 2023 544 3608 616; baseline 0 -17"><span class='ocrx_word' id='word_1_478' title='bbox 2023 555 2203 601; x_wconf 89' lang='lat' dir='ltr'><strong>autem</strong></span> <span class='ocrx_word' id='word_1_479' title='bbox 2230 544 2383 601; x_wconf 83' lang='lat' dir='ltr'><strong>vobis</strong></span> <span class='ocrx_word' id='word_1_480' title='bbox 2413 555 2626 601; x_wconf 88' lang='lat' dir='ltr'><strong>tenuem</strong></span> <span class='ocrx_word' id='word_1_481' title='bbox 2668 558 2903 601; x_wconf 86' lang='lat' dir='ltr'><strong>nostram</strong></span> <span class='ocrx_word' id='word_1_482' title='bbox 2932 559 2995 601; x_wconf 93' lang='lat' dir='ltr'><strong>ae</strong></span> <span class='ocrx_word' id='word_1_483' title='bbox 3023 559 3313 616; x_wconf 82' lang='lat' dir='ltr'><strong>pauperem</strong></span> <span class='ocrx_word' id='word_1_484' title='bbox 3342 559 3608 608; x_wconf 86' lang='lat' dir='ltr'><strong>mensam,</strong></span> 
     </span>
    </p>
   </div>
   <div class='ocr_carea' id='block_1_66' title="bbox 2022 637 3611 708">
    <p class='ocr_par' dir='ltr' id='par_1_66' title="bbox 2022 637 3611 708">
     <span class='ocr_line' id='line_1_66' title="bbox 2022 637 3611 708; baseline -0.002 -15"><span class='ocrx_word' id='word_1_485' title='bbox 2022 646 2078 693; x_wconf 86' lang='lat' dir='ltr'><strong>ut</strong></span> <span class='ocrx_word' id='word_1_486' title='bbox 2103 653 2223 693; x_wconf 87' lang='lat' dir='ltr'><strong>cum</strong></span> <span class='ocrx_word' id='word_1_487' title='bbox 2243 638 2454 693; x_wconf 86' lang='lat' dir='ltr'><strong>solitam</strong></span> <span class='ocrx_word' id='word_1_488' title='bbox 2483 639 2794 708; x_wconf 89' lang='lat' dir='ltr'><strong>acceperitis</strong></span> <span class='ocrx_word' id='word_1_489' title='bbox 2813 637 3127 703; x_wconf 89' lang='lat' dir='ltr'><strong>doctrinam,</strong></span> <span class='ocrx_word' id='word_1_490' title='bbox 3154 638 3371 692; x_wconf 92' lang='lat' dir='ltr'><strong>domum</strong></span> <span class='ocrx_word' id='word_1_491' title='bbox 3410 650 3611 692; x_wconf 87' lang='lat' dir='ltr'><strong>conce-</strong></span> 
     </span>
    </p>
   </div>
   <div class='ocr_carea' id='block_1_67' title="bbox 2021 728 3604 801">
    <p class='ocr_par' dir='ltr' id='par_1_67' title="bbox 2021 728 3604 801">
     <span class='ocr_line' id='line_1_67' title="bbox 2021 728 3604 801; baseline -0.002 -17"><span class='ocrx_word' id='word_1_492' title='bbox 2021 730 2179 785; x_wconf 81' lang='lat' dir='ltr'><strong>datis.</strong></span> <span class='ocrx_word' id='word_1_493' title='bbox 2212 729 2403 798; x_wconf 72' lang='lat' dir='ltr'><strong>Opera:</strong></span> <span class='ocrx_word' id='word_1_494' title='bbox 2422 730 2650 801; x_wconf 89' lang='lat' dir='ltr'><strong>pretium</strong></span> <span class='ocrx_word' id='word_1_495' title='bbox 2674 730 2817 784; x_wconf 92' lang='lat' dir='ltr'><strong>enim</strong></span> <span class='ocrx_word' id='word_1_496' title='bbox 2846 728 3006 785; x_wconf 91' lang='lat' dir='ltr'><strong>fuerit</strong></span> <span class='ocrx_word' id='word_1_497' title='bbox 3030 738 3084 784; x_wconf 91' lang='lat' dir='ltr'><strong>et</strong></span> <span class='ocrx_word' id='word_1_498' title='bbox 3106 729 3263 784; x_wconf 87' lang='lat' dir='ltr'><strong>hodie</strong></span> <span class='ocrx_word' id='word_1_499' title='bbox 3292 730 3344 784; x_wconf 92' lang='lat' dir='ltr'><strong>in</strong></span> <span class='ocrx_word' id='word_1_500' title='bbox 3372 728 3604 784; x_wconf 89' lang='lat' dir='ltr'><strong>medium</strong></span> 
     </span>
    </p>
   </div>
   <div class='ocr_carea' id='block_1_68' title="bbox 2022 820 3605 891">
    <p class='ocr_par' dir='ltr' id='par_1_68' title="bbox 2022 820 3605 891">
     <span class='ocr_line' id='line_1_68' title="bbox 2022 820 3605 891; baseline 0 -18"><span class='ocrx_word' id='word_1_501' title='bbox 2022 821 2214 876; x_wconf 70' lang='lat' dir='ltr'><strong>alierre</strong></span> <span class='ocrx_word' id='word_1_502' title='bbox 2244 823 2595 891; x_wconf 87' lang='lat' dir='ltr'><strong>patriarcham</strong></span> <span class='ocrx_word' id='word_1_503' title='bbox 2618 821 2906 887; x_wconf 84' lang='lat' dir='ltr'><strong>Abraham,</strong></span> <span class='ocrx_word' id='word_1_504' title='bbox 2931 830 2989 875; x_wconf 92' lang='lat' dir='ltr'><strong>ut</strong></span> <span class='ocrx_word' id='word_1_505' title='bbox 3015 822 3234 876; x_wconf 72' lang='lat' dir='ltr'><strong>discatis</strong></span> <span class='ocrx_word' id='word_1_506' title='bbox 3262 831 3511 891; x_wconf 76' lang='lat' dir='ltr'><strong>quantam</strong></span> <span class='ocrx_word' id='word_1_507' title='bbox 3534 820 3605 874; x_wconf 85' lang='lat' dir='ltr'><strong>ab</strong></span> 
     </span>
    </p>
   </div>
   <div class='ocr_carea' id='block_1_69' title="bbox 2023 909 3609 983">
    <p class='ocr_par' dir='ltr' id='par_1_69' title="bbox 2023 909 3609 983">
     <span class='ocr_line' id='line_1_69' title="bbox 2023 909 3609 983; baseline -0.002 -18"><span class='ocrx_word' id='word_1_508' title='bbox 2023 912 2378 982; x_wconf 87' lang='lat' dir='ltr'><strong>hospitalitate</strong></span> <span class='ocrx_word' id='word_1_509' title='bbox 2416 914 2715 968; x_wconf 85' lang='lat' dir='ltr'><strong>mercedem</strong></span> <span class='ocrx_word' id='word_1_510' title='bbox 2755 912 3036 983; x_wconf 87' lang='lat' dir='ltr'><strong>acceperit.</strong></span> <span class='ocrx_word' id='word_1_511' title='bbox 3072 914 3096 967; x_wconf 84' lang='lat' dir='ltr'><strong>I</strong></span> <span class='ocrx_word' id='word_1_512' title='bbox 3133 911 3318 981; x_wconf 83' lang='lat' dir='ltr'><strong>(Caput</strong></span> <span class='ocrx_word' id='word_1_513' title='bbox 3363 910 3471 981; x_wconf 84' lang='lat' dir='ltr'><strong>l8).</strong></span> <span class='ocrx_word' id='word_1_514' title='bbox 3498 909 3609 979; x_wconf 77' lang='lat' dir='ltr'><strong>Ap-</strong></span> 
     </span>
    </p>
   </div>
   <div class='ocr_carea' id='block_1_70' title="bbox 2024 1002 3608 1075">
    <p class='ocr_par' dir='ltr' id='par_1_70' title="bbox 2024 1002 3608 1075">
     <span class='ocr_line' id='line_1_70' title="bbox 2024 1002 3608 1075; baseline 0 -20"><span class='ocrx_word' id='word_1_515' title='bbox 2024 1007 2192 1072; x_wconf 81' lang='lat' dir='ltr'><strong>paruit</strong></span> <span class='ocrx_word' id='word_1_516' title='bbox 2220 1006 2266 1058; x_wconf 89' lang='lat' dir='ltr'><strong>ei</strong></span> <span class='ocrx_word' id='word_1_517' title='bbox 2288 1014 2452 1058; x_wconf 85' lang='lat' dir='ltr'><strong>autem</strong></span> <span class='ocrx_word' id='word_1_518' title='bbox 2482 1004 2614 1058; x_wconf 87' lang='lat' dir='ltr'><strong>Deus</strong></span> <span class='ocrx_word' id='word_1_519' title='bbox 2633 1046 2649 1071; x_wconf 96' lang='lat'><strong>,</strong></span> <span class='ocrx_word' id='word_1_520' title='bbox 2682 1005 2886 1073; x_wconf 88' lang='lat' dir='ltr'><strong>inquit,</strong></span> <span class='ocrx_word' id='word_1_521' title='bbox 2915 1004 3052 1075; x_wconf 86' lang='lat' dir='ltr'><strong>apud</strong></span> <span class='ocrx_word' id='word_1_522' title='bbox 3076 1019 3315 1073; x_wconf 83' lang='lat' dir='ltr'><strong>quercum</strong></span> <span class='ocrx_word' id='word_1_523' title='bbox 3356 1002 3608 1068; x_wconf 78' lang='lat' dir='ltr'><strong>Mambre,</strong></span> 
     </span>
    </p>
   </div>
   <div class='ocr_carea' id='block_1_71' title="bbox 2023 1093 3602 1167">
    <p class='ocr_par' dir='ltr' id='par_1_71' title="bbox 2023 1093 3602 1167">
     <span class='ocr_line' id='line_1_71' title="bbox 2023 1093 3602 1167; baseline -0.002 -17"><span class='ocrx_word' id='word_1_524' title='bbox 2023 1097 2221 1151; x_wconf 81' lang='lat' dir='ltr'><strong>sedente</strong></span> <span class='ocrx_word' id='word_1_525' title='bbox 2245 1097 2355 1165; x_wconf 83' lang='lat' dir='ltr'><strong>ipso</strong></span> <span class='ocrx_word' id='word_1_526' title='bbox 2377 1096 2445 1149; x_wconf 86' lang='lat' dir='ltr'><strong>ad</strong></span> <span class='ocrx_word' id='word_1_527' title='bbox 2459 1098 2677 1167; x_wconf 84' lang='lat' dir='ltr'><strong>januam</strong></span> <span class='ocrx_word' id='word_1_528' title='bbox 2704 1096 3011 1149; x_wconf 82' lang='lat' dir='ltr'><strong>tabernaculi</strong></span> <span class='ocrx_word' id='word_1_529' title='bbox 3032 1095 3112 1149; x_wconf 89' lang='lat' dir='ltr'><strong>sui</strong></span> <span class='ocrx_word' id='word_1_530' title='bbox 3133 1095 3357 1148; x_wconf 78' lang='lat' dir='ltr'><strong>meridie.</strong></span> <span class='ocrx_word' id='word_1_531' title='bbox 3384 1093 3602 1164; x_wconf 87' lang='lat' dir='ltr'><strong>Singula</strong></span> 
     </span>
    </p>
   </div>
   <div class='ocr_carea' id='block_1_72' title="bbox 2024 1187 3611 1257">
    <p class='ocr_par' dir='ltr' id='par_1_72' title="bbox 2024 1187 3611 1257">
     <span class='ocr_line' id='line_1_72' title="bbox 2024 1187 3611 1257; baseline 0.001 -18"><span class='ocrx_word' id='word_1_532' title='bbox 2024 1188 2184 1243; x_wconf 84' lang='lat' dir='ltr'><strong>verba</strong></span> <span class='ocrx_word' id='word_1_533' title='bbox 2201 1187 2480 1257; x_wconf 85' lang='lat' dir='ltr'><strong>diligenter</strong></span> <span class='ocrx_word' id='word_1_534' title='bbox 2494 1189 2844 1254; x_wconf 89' lang='lat' dir='ltr'><strong>excutiamus,</strong></span> <span class='ocrx_word' id='word_1_535' title='bbox 2860 1197 2910 1243; x_wconf 90' lang='lat' dir='ltr'><strong>et</strong></span> <span class='ocrx_word' id='word_1_536' title='bbox 2926 1196 3111 1257; x_wconf 89' lang='lat' dir='ltr'><strong>aperto</strong></span> <span class='ocrx_word' id='word_1_537' title='bbox 3128 1187 3399 1251; x_wconf 86' lang='lat' dir='ltr'><strong>thesauro,</strong></span> <span class='ocrx_word' id='word_1_538' title='bbox 3423 1200 3611 1241; x_wconf 88' lang='lat' dir='ltr'><strong>omnes</strong></span> 
     </span>
    </p>
   </div>
   <div class='ocr_carea' id='block_1_73' title="bbox 2025 1278 3614 1345">
    <p class='ocr_par' dir='ltr' id='par_1_73' title="bbox 2025 1278 3614 1345">
     <span class='ocr_line' id='line_1_73' title="bbox 2025 1278 3614 1345; baseline -0.001 -11"><span class='ocrx_word' id='word_1_539' title='bbox 2025 1280 2077 1334; x_wconf 92' lang='lat' dir='ltr'><strong>in</strong></span> <span class='ocrx_word' id='word_1_540' title='bbox 2122 1296 2189 1336; x_wconf 90' lang='lat' dir='ltr'><strong>eo</strong></span> <span class='ocrx_word' id='word_1_541' title='bbox 2224 1280 2447 1336; x_wconf 88' lang='lat' dir='ltr'><strong>latentes</strong></span> <span class='ocrx_word' id='word_1_542' title='bbox 2489 1280 2699 1335; x_wconf 85' lang='lat' dir='ltr'><strong>divitias</strong></span> <span class='ocrx_word' id='word_1_543' title='bbox 2744 1279 3032 1335; x_wconf 89' lang='lat' dir='ltr'><strong>discamus.</strong></span> <span class='ocrx_word' id='word_1_544' title='bbox 3064 1278 3239 1345; x_wconf 90' lang='lat' dir='ltr'><strong>Quare</strong></span> <span class='ocrx_word' id='word_1_545' title='bbox 3279 1278 3358 1332; x_wconf 91' lang='lat' dir='ltr'><strong>sic</strong></span> <span class='ocrx_word' id='word_1_546' title='bbox 3387 1290 3614 1332; x_wconf 79' lang='lat' dir='ltr'><strong>exorsus</strong></span> 
     </span>
    </p>
   </div>
   <div class='ocr_carea' id='block_1_74' title="bbox 2024 1368 3610 1442">
    <p class='ocr_par' dir='ltr' id='par_1_74' title="bbox 2024 1368 3610 1442">
     <span class='ocr_line' id='line_1_74' title="bbox 2024 1368 3610 1442; baseline -0.004 -15"><span class='ocrx_word' id='word_1_547' title='bbox 2024 1383 2124 1435; x_wconf 87' lang='lat' dir='ltr'><strong>est.</strong></span> <span class='ocrx_word' id='word_1_548' title='bbox 2157 1373 2406 1442; x_wconf 82' lang='lat' dir='ltr'><strong>Apparuit</strong></span> <span class='ocrx_word' id='word_1_549' title='bbox 2433 1383 2602 1426; x_wconf 89' lang='lat' dir='ltr'><strong>autem</strong></span> <span class='ocrx_word' id='word_1_550' title='bbox 2631 1372 2677 1426; x_wconf 84' lang='lat' dir='ltr'><strong>ei</strong></span> <span class='ocrx_word' id='word_1_551' title='bbox 2699 1370 2831 1425; x_wconf 85' lang='lat' dir='ltr'><strong>Deus</strong></span> <span class='ocrx_word' id='word_1_552' title='bbox 2848 1372 2874 1426; x_wconf 83' lang='lat'><strong><em>?</em></strong></span> <span class='ocrx_word' id='word_1_553' title='bbox 2895 1370 3085 1441; x_wconf 85' lang='lat' dir='ltr'><strong>Specta</strong></span> <span class='ocrx_word' id='word_1_554' title='bbox 3118 1368 3325 1424; x_wconf 89' lang='lat' dir='ltr'><strong>Domini</strong></span> <span class='ocrx_word' id='word_1_555' title='bbox 3365 1369 3610 1439; x_wconf 83' lang='lat' dir='ltr'><strong>benigni-</strong></span> 
     </span>
    </p>
   </div>
   <div class='ocr_carea' id='block_1_75' title="bbox 2027 1459 3610 1532">
    <p class='ocr_par' dir='ltr' id='par_1_75' title="bbox 2027 1459 3610 1532">
     <span class='ocr_line' id='line_1_75' title="bbox 2027 1459 3610 1532; baseline -0.002 -16"><span class='ocrx_word' id='word_1_556' title='bbox 2027 1470 2210 1529; x_wconf 88' lang='lat' dir='ltr'><strong>tatem,</strong></span> <span class='ocrx_word' id='word_1_557' title='bbox 2232 1470 2287 1517; x_wconf 92' lang='lat' dir='ltr'><strong>et</strong></span> <span class='ocrx_word' id='word_1_558' title='bbox 2310 1462 2590 1518; x_wconf 86' lang='lat' dir='ltr'><strong>considera</strong></span> <span class='ocrx_word' id='word_1_559' title='bbox 2616 1461 2794 1516; x_wconf 92' lang='lat' dir='ltr'><strong>famuli</strong></span> <span class='ocrx_word' id='word_1_560' title='bbox 2818 1472 3024 1532; x_wconf 87' lang='lat' dir='ltr'><strong>gratum</strong></span> <span class='ocrx_word' id='word_1_561' title='bbox 3046 1459 3303 1514; x_wconf 91' lang='lat' dir='ltr'><strong>animum.</strong></span> <span class='ocrx_word' id='word_1_562' title='bbox 3324 1459 3610 1529; x_wconf 87' lang='lat' dir='ltr'><strong>Postquam</strong></span> 
     </span>
    </p>
   </div>
   <div class='ocr_carea' id='block_1_76' title="bbox 2025 1548 3614 1623">
    <p class='ocr_par' dir='ltr' id='par_1_76' title="bbox 2025 1548 3614 1623">
     <span class='ocr_line' id='line_1_76' title="bbox 2025 1548 3614 1623; baseline -0.003 -17"><span class='ocrx_word' id='word_1_563' title='bbox 2025 1553 2167 1607; x_wconf 90' lang='lat' dir='ltr'><strong>enim</strong></span> <span class='ocrx_word' id='word_1_564' title='bbox 2194 1551 2436 1623; x_wconf 89' lang='lat' dir='ltr'><strong>superius</strong></span> <span class='ocrx_word' id='word_1_565' title='bbox 2455 1551 2697 1621; x_wconf 85' lang='lat' dir='ltr'><strong>apparuit</strong></span> <span class='ocrx_word' id='word_1_566' title='bbox 2724 1551 2798 1618; x_wconf 91' lang='lat' dir='ltr'><strong>ei,</strong></span> <span class='ocrx_word' id='word_1_567' title='bbox 2819 1560 2874 1605; x_wconf 89' lang='lat' dir='ltr'><strong>et</strong></span> <span class='ocrx_word' id='word_1_568' title='bbox 2894 1557 3089 1620; x_wconf 73' lang='lat' dir='ltr'><strong>prmter</strong></span> <span class='ocrx_word' id='word_1_569' title='bbox 3108 1557 3300 1603; x_wconf 72' lang='lat' dir='ltr'><strong>cmtera</strong></span> <span class='ocrx_word' id='word_1_570' title='bbox 3327 1548 3485 1603; x_wconf 91' lang='lat' dir='ltr'><strong>etiam</strong></span> <span class='ocrx_word' id='word_1_571' title='bbox 3514 1548 3614 1603; x_wconf 85' lang='lat' dir='ltr'><strong>cir-</strong></span> 
     </span>
    </p>
   </div>
   <div class='ocr_carea' id='block_1_77' title="bbox 2026 1638 3613 1710">
    <p class='ocr_par' dir='ltr' id='par_1_77' title="bbox 2026 1638 3613 1710">
     <span class='ocr_line' id='line_1_77' title="bbox 2026 1638 3613 1710; baseline -0.003 -12"><span class='ocrx_word' id='word_1_572' title='bbox 2026 1642 2365 1698; x_wconf 89' lang='lat' dir='ltr'><strong>cumcisionis</strong></span> <span class='ocrx_word' id='word_1_573' title='bbox 2391 1642 2696 1697; x_wconf 89' lang='lat' dir='ltr'><strong>mandatum</strong></span> <span class='ocrx_word' id='word_1_574' title='bbox 2734 1640 2986 1710; x_wconf 77' lang='lat' dir='ltr'><strong>pra-cepit</strong></span> <span class='ocrx_word' id='word_1_575' title='bbox 3012 1657 3027 1692; x_wconf 91' lang='lat'><strong>:</strong></span> <span class='ocrx_word' id='word_1_576' title='bbox 3059 1638 3284 1694; x_wconf 86' lang='lat' dir='ltr'><strong>eximius</strong></span> <span class='ocrx_word' id='word_1_577' title='bbox 3310 1649 3488 1693; x_wconf 85' lang='lat' dir='ltr'><strong>autem</strong></span> <span class='ocrx_word' id='word_1_578' title='bbox 3511 1638 3613 1694; x_wconf 89' lang='lat' dir='ltr'><strong>iste</strong></span> 
     </span>
    </p>
   </div>
   <div class='ocr_carea' id='block_1_78' title="bbox 2028 1730 3609 1805">
    <p class='ocr_par' dir='ltr' id='par_1_78' title="bbox 2028 1730 3609 1805">
     <span class='ocr_line' id='line_1_78' title="bbox 2028 1730 3609 1805; baseline -0.003 -17"><span class='ocrx_word' id='word_1_579' title='bbox 2028 1736 2109 1790; x_wconf 84' lang='lat' dir='ltr'><strong>vir</strong></span> <span class='ocrx_word' id='word_1_580' title='bbox 2138 1749 2350 1805; x_wconf 91' lang='lat' dir='ltr'><strong>semper</strong></span> <span class='ocrx_word' id='word_1_581' title='bbox 2369 1749 2486 1803; x_wconf 66' lang='lat' dir='ltr'><strong>qua:</strong></span> <span class='ocrx_word' id='word_1_582' title='bbox 2514 1749 2545 1789; x_wconf 88' lang='lat' dir='ltr'><strong>a</strong></span> <span class='ocrx_word' id='word_1_583' title='bbox 2578 1734 2686 1787; x_wconf 89' lang='lat' dir='ltr'><strong>Deo</strong></span> <span class='ocrx_word' id='word_1_584' title='bbox 2714 1740 2977 1803; x_wconf 70' lang='lat' dir='ltr'><strong>prarcepta</strong></span> <span class='ocrx_word' id='word_1_585' title='bbox 3007 1741 3155 1787; x_wconf 89' lang='lat' dir='ltr'><strong>erant</strong></span> <span class='ocrx_word' id='word_1_586' title='bbox 3178 1730 3463 1799; x_wconf 84' lang='lat' dir='ltr'><strong>diligenter</strong></span> <span class='ocrx_word' id='word_1_587' title='bbox 3483 1745 3609 1800; x_wconf 89' lang='lat' dir='ltr'><strong>per-</strong></span> 
     </span>
    </p>
   </div>
   <div class='ocr_carea' id='block_1_79' title="bbox 2030 1819 3613 1893">
    <p class='ocr_par' dir='ltr' id='par_1_79' title="bbox 2030 1819 3613 1893">
     <span class='ocr_line' id='line_1_79' title="bbox 2030 1819 3613 1893; baseline -0.005 -13"><span class='ocrx_word' id='word_1_588' title='bbox 2030 1826 2186 1881; x_wconf 87' lang='lat' dir='ltr'><strong>ficere</strong></span> <span class='ocrx_word' id='word_1_589' title='bbox 2210 1866 2224 1890; x_wconf 92' lang='lat'><strong>,</strong></span> <span class='ocrx_word' id='word_1_590' title='bbox 2259 1824 2457 1893; x_wconf 87' lang='lat' dir='ltr'><strong>rejecla</strong></span> <span class='ocrx_word' id='word_1_591' title='bbox 2500 1824 2643 1877; x_wconf 91' lang='lat' dir='ltr'><strong>omni</strong></span> <span class='ocrx_word' id='word_1_592' title='bbox 2689 1838 2869 1888; x_wconf 91' lang='lat' dir='ltr'><strong>mora,</strong></span> <span class='ocrx_word' id='word_1_593' title='bbox 2904 1821 3108 1877; x_wconf 84' lang='lat' dir='ltr'><strong>curavit</strong></span> <span class='ocrx_word' id='word_1_594' title='bbox 3140 1830 3233 1876; x_wconf 90' lang='lat' dir='ltr'><strong>:et</strong></span> <span class='ocrx_word' id='word_1_595' title='bbox 3270 1819 3613 1875; x_wconf 83' lang='lat' dir='ltr'><strong>circumcisus</strong></span> 
     </span>
    </p>
   </div>
   <div class='ocr_carea' id='block_1_80' title="bbox 2028 1910 3611 1985">
    <p class='ocr_par' dir='ltr' id='par_1_80' title="bbox 2028 1910 3611 1985">
     <span class='ocr_line' id='line_1_80' title="bbox 2028 1910 3611 1985; baseline -0.005 -14"><span class='ocrx_word' id='word_1_596' title='bbox 2028 1925 2110 1971; x_wconf 90' lang='lat' dir='ltr'><strong>est</strong></span> <span class='ocrx_word' id='word_1_597' title='bbox 2159 1917 2299 1985; x_wconf 76' lang='lat' dir='ltr'><strong>ipse,</strong></span> <span class='ocrx_word' id='word_1_598' title='bbox 2333 1914 2559 1983; x_wconf 90' lang='lat' dir='ltr'><strong>implens</strong></span> <span class='ocrx_word' id='word_1_599' title='bbox 2590 1912 2894 1967; x_wconf 88' lang='lat' dir='ltr'><strong>mandatum</strong></span> <span class='ocrx_word' id='word_1_600' title='bbox 2926 1911 3051 1977; x_wconf 87' lang='lat' dir='ltr'><strong>Dei,</strong></span> <span class='ocrx_word' id='word_1_601' title='bbox 3094 1920 3148 1966; x_wconf 92' lang='lat' dir='ltr'><strong>et</strong></span> <span class='ocrx_word' id='word_1_602' title='bbox 3186 1911 3462 1966; x_wconf 83' lang='lat' dir='ltr'><strong>ismaelem</strong></span> <span class='ocrx_word' id='word_1_603' title='bbox 3504 1910 3611 1964; x_wconf 93' lang='lat' dir='ltr'><strong>cir-</strong></span> 
     </span>
    </p>
   </div>
   <div class='ocr_carea' id='block_1_81' title="bbox 2029 2003 3608 2070">
    <p class='ocr_par' dir='ltr' id='par_1_81' title="bbox 2029 2003 3608 2070">
     <span class='ocr_line' id='line_1_81' title="bbox 2029 2003 3608 2070; baseline -0.004 -7"><span class='ocrx_word' id='word_1_604' title='bbox 2029 2006 2300 2069; x_wconf 85' lang='lat' dir='ltr'><strong>cumcidit.</strong></span> <span class='ocrx_word' id='word_1_605' title='bbox 2332 2015 2386 2061; x_wconf 90' lang='lat' dir='ltr'><strong>et</strong></span> <span class='ocrx_word' id='word_1_606' title='bbox 2412 2005 2726 2060; x_wconf 90' lang='lat' dir='ltr'><strong>vernaculos</strong></span> <span class='ocrx_word' id='word_1_607' title='bbox 2760 2017 2982 2070; x_wconf 87' lang='lat' dir='ltr'><strong>omnes,</strong></span> <span class='ocrx_word' id='word_1_608' title='bbox 3011 2012 3066 2058; x_wconf 91' lang='lat' dir='ltr'><strong>et</strong></span> <span class='ocrx_word' id='word_1_609' title='bbox 3091 2003 3143 2058; x_wconf 93' lang='lat' dir='ltr'><strong>in</strong></span> <span class='ocrx_word' id='word_1_610' title='bbox 3184 2012 3389 2057; x_wconf 87' lang='lat' dir='ltr'><strong>summa</strong></span> <span class='ocrx_word' id='word_1_611' title='bbox 3418 2003 3608 2057; x_wconf 90' lang='lat' dir='ltr'><strong>miram</strong></span> 
     </span>
    </p>
   </div>
   <div class='ocr_carea' id='block_1_82' title="bbox 2030 2093 3611 2163">
    <p class='ocr_par' dir='ltr' id='par_1_82' title="bbox 2030 2093 3611 2163">
     <span class='ocr_line' id='line_1_82' title="bbox 2030 2093 3611 2163; baseline -0.003 -11"><span class='ocrx_word' id='word_1_612' title='bbox 2030 2097 2315 2153; x_wconf 85' lang='lat' dir='ltr'><strong>declaravit</strong></span> <span class='ocrx_word' id='word_1_613' title='bbox 2340 2096 2695 2151; x_wconf 83' lang='lat' dir='ltr'><strong>obedientiam</strong></span> <span class='ocrx_word' id='word_1_614' title='bbox 2717 2113 2730 2149; x_wconf 90' lang='lat'><strong>:</strong></span> <span class='ocrx_word' id='word_1_615' title='bbox 2750 2095 2940 2149; x_wconf 90' lang='lat' dir='ltr'><strong>iterum</strong></span> <span class='ocrx_word' id='word_1_616' title='bbox 2966 2095 3013 2149; x_wconf 92' lang='lat' dir='ltr'><strong>ei</strong></span> <span class='ocrx_word' id='word_1_617' title='bbox 3042 2102 3280 2163; x_wconf 88' lang='lat' dir='ltr'><strong>apparet.</strong></span> <span class='ocrx_word' id='word_1_618' title='bbox 3300 2093 3442 2148; x_wconf 88' lang='lat' dir='ltr'><strong>Talis</strong></span> <span class='ocrx_word' id='word_1_619' title='bbox 3466 2093 3611 2147; x_wconf 89' lang='lat' dir='ltr'><strong>enim</strong></span> 
     </span>
    </p>
   </div>
   <div class='ocr_carea' id='block_1_83' title="bbox 2030 2183 3617 2255">
    <p class='ocr_par' dir='ltr' id='par_1_83' title="bbox 2030 2183 3617 2255">
     <span class='ocr_line' id='line_1_83' title="bbox 2030 2183 3617 2255; baseline -0.004 -13"><span class='ocrx_word' id='word_1_620' title='bbox 2030 2198 2111 2243; x_wconf 82' lang='lat' dir='ltr'><strong>est</strong></span> <span class='ocrx_word' id='word_1_621' title='bbox 2138 2188 2394 2242; x_wconf 87' lang='lat' dir='ltr'><strong>Dominus</strong></span> <span class='ocrx_word' id='word_1_622' title='bbox 2415 2197 2614 2251; x_wconf 88' lang='lat' dir='ltr'><strong>noster,</strong></span> <span class='ocrx_word' id='word_1_623' title='bbox 2640 2194 2697 2241; x_wconf 94' lang='lat' dir='ltr'><strong>ut</strong></span> <span class='ocrx_word' id='word_1_624' title='bbox 2724 2187 2766 2241; x_wconf 90' lang='lat' dir='ltr'><strong>si</strong></span> <span class='ocrx_word' id='word_1_625' title='bbox 2797 2186 3009 2255; x_wconf 89' lang='lat' dir='ltr'><strong>quando</strong></span> <span class='ocrx_word' id='word_1_626' title='bbox 3046 2184 3239 2239; x_wconf 89' lang='lat' dir='ltr'><strong>viderit</strong></span> <span class='ocrx_word' id='word_1_627' title='bbox 3267 2199 3365 2239; x_wconf 87' lang='lat' dir='ltr'><strong>nos</strong></span> <span class='ocrx_word' id='word_1_628' title='bbox 3393 2183 3445 2237; x_wconf 92' lang='lat' dir='ltr'><strong>in</strong></span> <span class='ocrx_word' id='word_1_629' title='bbox 3472 2184 3617 2254; x_wconf 76' lang='lat' dir='ltr'><strong>prio-</strong></span> 
     </span>
    </p>
   </div>
   <div class='ocr_carea' id='block_1_84' title="bbox 2031 2277 3615 2349">
    <p class='ocr_par' dir='ltr' id='par_1_84' title="bbox 2031 2277 3615 2349">
     <span class='ocr_line' id='line_1_84' title="bbox 2031 2277 3615 2349; baseline -0.003 -16"><span class='ocrx_word' id='word_1_630' title='bbox 2031 2279 2177 2333; x_wconf 91' lang='lat' dir='ltr'><strong>ribus</strong></span> <span class='ocrx_word' id='word_1_631' title='bbox 2201 2287 2402 2349; x_wconf 88' lang='lat' dir='ltr'><strong>gratos,</strong></span> <span class='ocrx_word' id='word_1_632' title='bbox 2429 2278 2727 2333; x_wconf 89' lang='lat' dir='ltr'><strong>accumulet</strong></span> <span class='ocrx_word' id='word_1_633' title='bbox 2752 2277 3006 2333; x_wconf 85' lang='lat' dir='ltr'><strong>beneficia</strong></span> <span class='ocrx_word' id='word_1_634' title='bbox 3026 2317 3042 2343; x_wconf 97' lang='lat'><strong>,</strong></span> <span class='ocrx_word' id='word_1_635' title='bbox 3071 2284 3127 2332; x_wconf 90' lang='lat' dir='ltr'><strong>et</strong></span> <span class='ocrx_word' id='word_1_636' title='bbox 3152 2291 3438 2345; x_wconf 90' lang='lat' dir='ltr'><strong>numquam</strong></span> <span class='ocrx_word' id='word_1_637' title='bbox 3465 2291 3493 2328; x_wconf 91' lang='lat' dir='ltr'><strong>a</strong></span> <span class='ocrx_word' id='word_1_638' title='bbox 3518 2289 3615 2330; x_wconf 88' lang='lat' dir='ltr'><strong>sua</strong></span> 
     </span>
    </p>
   </div>
   <div class='ocr_carea' id='block_1_85' title="bbox 2033 2366 3615 2436">
    <p class='ocr_par' dir='ltr' id='par_1_85' title="bbox 2033 2366 3615 2436">
     <span class='ocr_line' id='line_1_85' title="bbox 2033 2366 3615 2436; baseline -0.004 -11"><span class='ocrx_word' id='word_1_639' title='bbox 2033 2370 2376 2426; x_wconf 87' lang='lat' dir='ltr'><strong>beneficentia</strong></span> <span class='ocrx_word' id='word_1_640' title='bbox 2416 2370 2670 2435; x_wconf 89' lang='lat' dir='ltr'><strong>desistat,</strong></span> <span class='ocrx_word' id='word_1_641' title='bbox 2706 2382 3052 2423; x_wconf 89' lang='lat' dir='ltr'><strong>remunerans</strong></span> <span class='ocrx_word' id='word_1_642' title='bbox 3086 2366 3446 2422; x_wconf 90' lang='lat' dir='ltr'><strong>obedientium</strong></span> <span class='ocrx_word' id='word_1_643' title='bbox 3489 2380 3615 2436; x_wconf 87' lang='lat' dir='ltr'><strong>gra-</strong></span> 
     </span>
    </p>
   </div>
   <div class='ocr_carea' id='block_1_86' title="bbox 2033 2455 3615 2531">
    <p class='ocr_par' dir='ltr' id='par_1_86' title="bbox 2033 2455 3615 2531">
     <span class='ocr_line' id='line_1_86' title="bbox 2033 2455 3615 2531; baseline -0.004 -16"><span class='ocrx_word' id='word_1_644' title='bbox 2033 2471 2142 2515; x_wconf 91' lang='lat' dir='ltr'><strong>tum</strong></span> <span class='ocrx_word' id='word_1_645' title='bbox 2171 2460 2503 2531; x_wconf 89' lang='lat' dir='ltr'><strong>obsequium.</strong></span> <span class='ocrx_word' id='word_1_646' title='bbox 2536 2460 2760 2530; x_wconf 89' lang='lat' dir='ltr'><strong>Propter</strong></span> <span class='ocrx_word' id='word_1_647' title='bbox 2803 2459 2905 2514; x_wconf 91' lang='lat' dir='ltr'><strong>hoc</strong></span> <span class='ocrx_word' id='word_1_648' title='bbox 2952 2460 3109 2527; x_wconf 87' lang='lat' dir='ltr'><strong>igitur</strong></span> <span class='ocrx_word' id='word_1_649' title='bbox 3130 2498 3147 2523; x_wconf 96' lang='lat'><strong>,</strong></span> <span class='ocrx_word' id='word_1_650' title='bbox 3189 2457 3312 2527; x_wconf 87' lang='lat' dir='ltr'><strong>quia</strong></span> <span class='ocrx_word' id='word_1_651' title='bbox 3342 2455 3574 2510; x_wconf 87' lang='lat' dir='ltr'><strong>obcdivit</strong></span> <span class='ocrx_word' id='word_1_652' title='bbox 3598 2495 3615 2521; x_wconf 96' lang='lat'><strong>,</strong></span> 
     </span>
    </p>
   </div>
   <div class='ocr_carea' id='block_1_87' title="bbox 2033 2548 3617 2622">
    <p class='ocr_par' dir='ltr' id='par_1_87' title="bbox 2033 2548 3617 2622">
     <span class='ocr_line' id='line_1_87' title="bbox 2033 2548 3617 2622; baseline -0.004 -15"><span class='ocrx_word' id='word_1_653' title='bbox 2033 2554 2223 2608; x_wconf 88' lang='lat' dir='ltr'><strong>iterum</strong></span> <span class='ocrx_word' id='word_1_654' title='bbox 2252 2553 2495 2622; x_wconf 89' lang='lat' dir='ltr'><strong>apparuit</strong></span> <span class='ocrx_word' id='word_1_655' title='bbox 2518 2551 2589 2606; x_wconf 92' lang='lat' dir='ltr'><strong>ei.</strong></span> <span class='ocrx_word' id='word_1_656' title='bbox 2616 2551 2728 2618; x_wconf 90' lang='lat' dir='ltr'><strong>Qua</strong></span> <span class='ocrx_word' id='word_1_657' title='bbox 2755 2550 2822 2604; x_wconf 91' lang='lat' dir='ltr'><strong>de</strong></span> <span class='ocrx_word' id='word_1_658' title='bbox 2846 2564 3005 2604; x_wconf 79' lang='lat' dir='ltr'><strong>causa</strong></span> <span class='ocrx_word' id='word_1_659' title='bbox 3034 2550 3111 2604; x_wconf 90' lang='lat' dir='ltr'><strong>sic</strong></span> <span class='ocrx_word' id='word_1_660' title='bbox 3139 2563 3296 2604; x_wconf 88' lang='lat' dir='ltr'><strong>orsus</strong></span> <span class='ocrx_word' id='word_1_661' title='bbox 3320 2556 3403 2603; x_wconf 85' lang='lat' dir='ltr'><strong>est</strong></span> <span class='ocrx_word' id='word_1_662' title='bbox 3430 2548 3617 2603; x_wconf 88' lang='lat' dir='ltr'><strong>beatus</strong></span> 
     </span>
    </p>
   </div>
   <div class='ocr_carea' id='block_1_88' title="bbox 2034 2637 3618 2711">
    <p class='ocr_par' dir='ltr' id='par_1_88' title="bbox 2034 2637 3618 2711">
     <span class='ocr_line' id='line_1_88' title="bbox 2034 2637 3618 2711; baseline -0.006 -12"><span class='ocrx_word' id='word_1_663' title='bbox 2034 2644 2207 2699; x_wconf 80' lang='lat' dir='ltr'><strong>Moses</strong></span> <span class='ocrx_word' id='word_1_664' title='bbox 2235 2660 2248 2695; x_wconf 92' lang='lat'><strong>:</strong></span> <span class='ocrx_word' id='word_1_665' title='bbox 2278 2642 2528 2711; x_wconf 83' lang='lat' dir='ltr'><strong>Apparuit</strong></span> <span class='ocrx_word' id='word_1_666' title='bbox 2558 2650 2726 2694; x_wconf 87' lang='lat' dir='ltr'><strong>autem</strong></span> <span class='ocrx_word' id='word_1_667' title='bbox 2752 2643 2796 2694; x_wconf 86' lang='lat' dir='ltr'><strong>ei</strong></span> <span class='ocrx_word' id='word_1_668' title='bbox 2838 2639 2973 2693; x_wconf 88' lang='lat' dir='ltr'><strong>Deus</strong></span> <span class='ocrx_word' id='word_1_669' title='bbox 3005 2639 3145 2708; x_wconf 85' lang='lat' dir='ltr'><strong>apud</strong></span> <span class='ocrx_word' id='word_1_670' title='bbox 3178 2654 3412 2708; x_wconf 86' lang='lat' dir='ltr'><strong>quercum</strong></span> <span class='ocrx_word' id='word_1_671' title='bbox 3446 2637 3618 2690; x_wconf 79' lang='lat' dir='ltr'><strong>Mam-</strong></span> 
     </span>
    </p>
   </div>
   <div class='ocr_carea' id='block_1_89' title="bbox 2034 2728 3618 2802">
    <p class='ocr_par' dir='ltr' id='par_1_89' title="bbox 2034 2728 3618 2802">
     <span class='ocr_line' id='line_1_89' title="bbox 2034 2728 3618 2802; baseline -0.005 -13"><span class='ocrx_word' id='word_1_672' title='bbox 2034 2736 2138 2802; x_wconf 84' lang='lat' dir='ltr'><strong>bre,</strong></span> <span class='ocrx_word' id='word_1_673' title='bbox 2170 2735 2371 2789; x_wconf 83' lang='lat' dir='ltr'><strong>sedente</strong></span> <span class='ocrx_word' id='word_1_674' title='bbox 2394 2749 2451 2787; x_wconf 88' lang='lat' dir='ltr'><strong>eo</strong></span> <span class='ocrx_word' id='word_1_675' title='bbox 2473 2734 2540 2786; x_wconf 85' lang='lat' dir='ltr'><strong>ad</strong></span> <span class='ocrx_word' id='word_1_676' title='bbox 2545 2734 2762 2802; x_wconf 81' lang='lat' dir='ltr'><strong>januam</strong></span> <span class='ocrx_word' id='word_1_677' title='bbox 2788 2730 3094 2784; x_wconf 76' lang='lat' dir='ltr'><strong>tabernaculi</strong></span> <span class='ocrx_word' id='word_1_678' title='bbox 3122 2730 3200 2782; x_wconf 78' lang='lat' dir='ltr'><strong>sui</strong></span> <span class='ocrx_word' id='word_1_679' title='bbox 3231 2730 3455 2782; x_wconf 87' lang='lat' dir='ltr'><strong>meridie.</strong></span> <span class='ocrx_word' id='word_1_680' title='bbox 3476 2728 3618 2782; x_wconf 81' lang='lat' dir='ltr'><strong>Con-</strong></span> 
     </span>
    </p>
   </div>
   <div class='ocr_carea' id='block_1_90' title="bbox 2034 2816 3617 2890">
    <p class='ocr_par' dir='ltr' id='par_1_90' title="bbox 2034 2816 3617 2890">
     <span class='ocr_line' id='line_1_90' title="bbox 2034 2816 3617 2890; baseline -0.006 -10"><span class='ocrx_word' id='word_1_681' title='bbox 2034 2826 2207 2881; x_wconf 88' lang='lat' dir='ltr'><strong>sidera</strong></span> <span class='ocrx_word' id='word_1_682' title='bbox 2232 2865 2246 2888; x_wconf 96' lang='lat'><strong>,</strong></span> <span class='ocrx_word' id='word_1_683' title='bbox 2278 2839 2374 2878; x_wconf 90' lang='lat' dir='ltr'><strong>oro</strong></span> <span class='ocrx_word' id='word_1_684' title='bbox 2398 2865 2413 2890; x_wconf 92' lang='lat'><strong>,</strong></span> <span class='ocrx_word' id='word_1_685' title='bbox 2446 2822 2532 2877; x_wconf 91' lang='lat' dir='ltr'><strong>hic</strong></span> <span class='ocrx_word' id='word_1_686' title='bbox 2557 2823 2807 2877; x_wconf 87' lang='lat' dir='ltr'><strong>virtutem</strong></span> <span class='ocrx_word' id='word_1_687' title='bbox 2832 2820 2980 2889; x_wconf 87' lang='lat' dir='ltr'><strong>justi.</strong></span> <span class='ocrx_word' id='word_1_688' title='bbox 3025 2818 3243 2873; x_wconf 83' lang='lat' dir='ltr'><strong>Sedente</strong></span> <span class='ocrx_word' id='word_1_689' title='bbox 3265 2859 3280 2881; x_wconf 87' lang='lat'><strong>,</strong></span> <span class='ocrx_word' id='word_1_690' title='bbox 3312 2817 3515 2887; x_wconf 90' lang='lat' dir='ltr'><strong>inquit,</strong></span> <span class='ocrx_word' id='word_1_691' title='bbox 3547 2816 3617 2869; x_wconf 74' lang='lat' dir='ltr'><strong>ad</strong></span> 
     </span>
    </p>
   </div>
   <div class='ocr_carea' id='block_1_91' title="bbox 2036 2908 3619 2988">
    <p class='ocr_par' dir='ltr' id='par_1_91' title="bbox 2036 2908 3619 2988">
     <span class='ocr_line' id='line_1_91' title="bbox 2036 2908 3619 2988; baseline -0.008 -17"><span class='ocrx_word' id='word_1_692' title='bbox 2036 2920 2171 2988; x_wconf 84' lang='lat' dir='ltr'><strong>fores</strong></span> <span class='ocrx_word' id='word_1_693' title='bbox 2198 2914 2506 2969; x_wconf 83' lang='lat' dir='ltr'><strong>tabernaculi</strong></span> <span class='ocrx_word' id='word_1_694' title='bbox 2550 2914 2649 2968; x_wconf 87' lang='lat' dir='ltr'><strong>sui.</strong></span> <span class='ocrx_word' id='word_1_695' title='bbox 2684 2912 2984 2981; x_wconf 86' lang='lat' dir='ltr'><strong>Tantopere</strong></span> <span class='ocrx_word' id='word_1_696' title='bbox 3020 2908 3240 2964; x_wconf 88' lang='lat' dir='ltr'><strong>curabat</strong></span> <span class='ocrx_word' id='word_1_697' title='bbox 3282 2908 3619 2978; x_wconf 77' lang='lat' dir='ltr'><strong>hospitalita-</strong></span> 
     </span>
    </p>
   </div>
   <div class='ocr_carea' id='block_1_92' title="bbox 2037 2997 3619 3073">
    <p class='ocr_par' dir='ltr' id='par_1_92' title="bbox 2037 2997 3619 3073">
     <span class='ocr_line' id='line_1_92' title="bbox 2037 2997 3619 3073; baseline -0.006 -13"><span class='ocrx_word' id='word_1_698' title='bbox 2037 3014 2165 3071; x_wconf 92' lang='lat' dir='ltr'><strong>tem,</strong></span> <span class='ocrx_word' id='word_1_699' title='bbox 2198 3013 2257 3060; x_wconf 93' lang='lat' dir='ltr'><strong>ut</strong></span> <span class='ocrx_word' id='word_1_700' title='bbox 2284 3006 2450 3059; x_wconf 89' lang='lat' dir='ltr'><strong>nollet</strong></span> <span class='ocrx_word' id='word_1_701' title='bbox 2479 3003 2745 3073; x_wconf 89' lang='lat' dir='ltr'><strong>hospitum</strong></span> <span class='ocrx_word' id='word_1_702' title='bbox 2775 3002 3111 3057; x_wconf 87' lang='lat' dir='ltr'><strong>venationem</strong></span> <span class='ocrx_word' id='word_1_703' title='bbox 3136 2998 3366 3069; x_wconf 87' lang='lat' dir='ltr'><strong>cuipiam</strong></span> <span class='ocrx_word' id='word_1_704' title='bbox 3392 2997 3619 3051; x_wconf 87' lang='lat' dir='ltr'><strong>familia-</strong></span> 
     </span>
    </p>
   </div>
   <div class='ocr_carea' id='block_1_93' title="bbox 2036 3090 3620 3155">
    <p class='ocr_par' dir='ltr' id='par_1_93' title="bbox 2036 3090 3620 3155">
     <span class='ocr_line' id='line_1_93' title="bbox 2036 3090 3620 3155; baseline -0.006 -1"><span class='ocrx_word' id='word_1_705' title='bbox 2036 3100 2172 3154; x_wconf 90' lang='lat' dir='ltr'><strong>rium</strong></span> <span class='ocrx_word' id='word_1_706' title='bbox 2192 3099 2527 3155; x_wconf 90' lang='lat' dir='ltr'><strong>committere</strong></span> <span class='ocrx_word' id='word_1_707' title='bbox 2551 3115 2565 3152; x_wconf 91' lang='lat'><strong>:</strong></span> <span class='ocrx_word' id='word_1_708' title='bbox 2610 3096 2704 3152; x_wconf 88' lang='lat' dir='ltr'><strong>sed</strong></span> <span class='ocrx_word' id='word_1_709' title='bbox 2727 3102 2992 3150; x_wconf 91' lang='lat' dir='ltr'><strong>trecentos</strong></span> <span class='ocrx_word' id='word_1_710' title='bbox 3006 3093 3189 3148; x_wconf 90' lang='lat' dir='ltr'><strong>decem</strong></span> <span class='ocrx_word' id='word_1_711' title='bbox 3207 3101 3261 3147; x_wconf 89' lang='lat' dir='ltr'><strong>et</strong></span> <span class='ocrx_word' id='word_1_712' title='bbox 3275 3100 3398 3147; x_wconf 90' lang='lat' dir='ltr'><strong>octo</strong></span> <span class='ocrx_word' id='word_1_713' title='bbox 3416 3090 3620 3145; x_wconf 81' lang='lat' dir='ltr'><strong>habens</strong></span> 
     </span>
    </p>
   </div>
   <div class='ocr_carea' id='block_1_94' title="bbox 2035 3182 3623 3257">
    <p class='ocr_par' dir='ltr' id='par_1_94' title="bbox 2035 3182 3623 3257">
     <span class='ocr_line' id='line_1_94' title="bbox 2035 3182 3623 3257; baseline -0.007 -10"><span class='ocrx_word' id='word_1_714' title='bbox 2035 3192 2381 3257; x_wconf 85' lang='lat' dir='ltr'><strong>vernaculos,</strong></span> <span class='ocrx_word' id='word_1_715' title='bbox 2424 3189 2584 3244; x_wconf 91' lang='lat' dir='ltr'><strong>homo</strong></span> <span class='ocrx_word' id='word_1_716' title='bbox 2622 3202 2786 3244; x_wconf 83' lang='lat' dir='ltr'><strong>senex</strong></span> <span class='ocrx_word' id='word_1_717' title='bbox 2841 3195 2894 3241; x_wconf 92' lang='lat' dir='ltr'><strong>et</strong></span> <span class='ocrx_word' id='word_1_718' title='bbox 2934 3200 3074 3240; x_wconf 93' lang='lat' dir='ltr'><strong>nunc</strong></span> <span class='ocrx_word' id='word_1_719' title='bbox 3122 3184 3406 3254; x_wconf 67' lang='lat' dir='ltr'><strong>decrepita:</strong></span> <span class='ocrx_word' id='word_1_720' title='bbox 3449 3182 3623 3237; x_wconf 65' lang='lat' dir='ltr'><strong>aetatis</strong></span> 
     </span>
    </p>
   </div>
   <div class='ocr_carea' id='block_1_95' title="bbox 2042 3271 3622 3353">
    <p class='ocr_par' dir='ltr' id='par_1_95' title="bbox 2042 3271 3622 3353">
     <span class='ocr_line' id='line_1_95' title="bbox 2042 3271 3622 3353; baseline -0.006 -17"><span class='ocrx_word' id='word_1_721' title='bbox 2042 3280 2424 3353; x_wconf 86' lang='lat' dir='ltr'><strong>(centenarius</strong></span> <span class='ocrx_word' id='word_1_722' title='bbox 2467 3278 2608 3333; x_wconf 90' lang='lat' dir='ltr'><strong>enim</strong></span> <span class='ocrx_word' id='word_1_723' title='bbox 2645 3285 2759 3332; x_wconf 88' lang='lat' dir='ltr'><strong>erat</strong></span> <span class='ocrx_word' id='word_1_724' title='bbox 2790 3276 2831 3347; x_wconf 93' lang='lat'><strong>),</strong></span> <span class='ocrx_word' id='word_1_725' title='bbox 2863 3274 3001 3345; x_wconf 88' lang='lat' dir='ltr'><strong>apud</strong></span> <span class='ocrx_word' id='word_1_726' title='bbox 3034 3275 3249 3345; x_wconf 90' lang='lat' dir='ltr'><strong>januam</strong></span> <span class='ocrx_word' id='word_1_727' title='bbox 3289 3272 3526 3328; x_wconf 86' lang='lat' dir='ltr'><strong>sedebat.</strong></span> <span class='ocrx_word' id='word_1_728' title='bbox 3554 3271 3622 3326; x_wconf 81' lang='lat' dir='ltr'><strong>Et</strong></span> 
     </span>
    </p>
   </div>
   <div class='ocr_carea' id='block_1_96' title="bbox 2041 3366 3622 3442">
    <p class='ocr_par' dir='ltr' id='par_1_96' title="bbox 2041 3366 3622 3442">
     <span class='ocr_line' id='line_1_96' title="bbox 2041 3366 3622 3442; baseline -0.006 -16"><span class='ocrx_word' id='word_1_729' title='bbox 2041 3374 2125 3427; x_wconf 92' lang='lat' dir='ltr'><strong>hic</strong></span> <span class='ocrx_word' id='word_1_730' title='bbox 2153 3370 2364 3442; x_wconf 91' lang='lat' dir='ltr'><strong>quidem</strong></span> <span class='ocrx_word' id='word_1_731' title='bbox 2405 3370 2508 3424; x_wconf 92' lang='lat' dir='ltr'><strong>hoc</strong></span> <span class='ocrx_word' id='word_1_732' title='bbox 2533 3384 2742 3424; x_wconf 87' lang='lat' dir='ltr'><strong>summo</strong></span> <span class='ocrx_word' id='word_1_733' title='bbox 2770 3367 2946 3422; x_wconf 91' lang='lat' dir='ltr'><strong>studio</strong></span> <span class='ocrx_word' id='word_1_734' title='bbox 2969 3366 3222 3431; x_wconf 89' lang='lat' dir='ltr'><strong>curabat,</strong></span> <span class='ocrx_word' id='word_1_735' title='bbox 3253 3374 3305 3419; x_wconf 90' lang='lat' dir='ltr'><strong>et</strong></span> <span class='ocrx_word' id='word_1_736' title='bbox 3336 3377 3508 3434; x_wconf 91' lang='lat' dir='ltr'><strong>neque</strong></span> <span class='ocrx_word' id='word_1_737' title='bbox 3534 3377 3622 3417; x_wconf 89' lang='lat' dir='ltr'><strong>se-</strong></span> 
     </span>
    </p>
   </div>
   <div class='ocr_carea' id='block_1_97' title="bbox 2039 3454 3623 3528">
    <p class='ocr_par' dir='ltr' id='par_1_97' title="bbox 2039 3454 3623 3528">
     <span class='ocr_line' id='line_1_97' title="bbox 2039 3454 3623 3528; baseline -0.008 -9"><span class='ocrx_word' id='word_1_738' title='bbox 2039 3473 2225 3519; x_wconf 87' lang='lat' dir='ltr'><strong>nectus</strong></span> <span class='ocrx_word' id='word_1_739' title='bbox 2251 3462 2324 3516; x_wconf 92' lang='lat' dir='ltr'><strong>illi</strong></span> <span class='ocrx_word' id='word_1_740' title='bbox 2350 3460 2625 3516; x_wconf 89' lang='lat' dir='ltr'><strong>obstaculo</strong></span> <span class='ocrx_word' id='word_1_741' title='bbox 2648 3469 2783 3525; x_wconf 89' lang='lat' dir='ltr'><strong>erat,</strong></span> <span class='ocrx_word' id='word_1_742' title='bbox 2811 3474 2983 3528; x_wconf 89' lang='lat' dir='ltr'><strong>neque</strong></span> <span class='ocrx_word' id='word_1_743' title='bbox 3007 3472 3117 3512; x_wconf 71' lang='lat' dir='ltr'><strong>sum</strong></span> <span class='ocrx_word' id='word_1_744' title='bbox 3143 3454 3334 3527; x_wconf 85' lang='lat' dir='ltr'><strong>quietis</strong></span> <span class='ocrx_word' id='word_1_745' title='bbox 3359 3469 3509 3521; x_wconf 87' lang='lat' dir='ltr'><strong>cura,</strong></span> <span class='ocrx_word' id='word_1_746' title='bbox 3527 3470 3623 3508; x_wconf 58' lang='lat' dir='ltr'><strong>ne.</strong></span> 
     </span>
    </p>
   </div>
   <div class='ocr_carea' id='block_1_98' title="bbox 2038 3546 3620 3626">
    <p class='ocr_par' dir='ltr' id='par_1_98' title="bbox 2038 3546 3620 3626">
     <span class='ocr_line' id='line_1_98' title="bbox 2038 3546 3620 3626; baseline -0.006 -16"><span class='ocrx_word' id='word_1_747' title='bbox 2038 3572 2141 3626; x_wconf 90' lang='lat' dir='ltr'><strong>que</strong></span> <span class='ocrx_word' id='word_1_748' title='bbox 2180 3557 2321 3610; x_wconf 91' lang='lat' dir='ltr'><strong>intus</strong></span> <span class='ocrx_word' id='word_1_749' title='bbox 2357 3568 2518 3624; x_wconf 90' lang='lat' dir='ltr'><strong>super</strong></span> <span class='ocrx_word' id='word_1_750' title='bbox 2557 3554 2750 3608; x_wconf 92' lang='lat' dir='ltr'><strong>lectum</strong></span> <span class='ocrx_word' id='word_1_751' title='bbox 2788 3550 3161 3613; x_wconf 85' lang='lat' dir='ltr'><strong>recumbebat,</strong></span> <span class='ocrx_word' id='word_1_752' title='bbox 3192 3546 3286 3603; x_wconf 85' lang='lat' dir='ltr'><strong>sed</strong></span> <span class='ocrx_word' id='word_1_753' title='bbox 3328 3549 3393 3602; x_wconf 89' lang='lat' dir='ltr'><strong>ad</strong></span> <span class='ocrx_word' id='word_1_754' title='bbox 3424 3548 3620 3603; x_wconf 89' lang='lat' dir='ltr'><strong>ostium</strong></span> 
     </span>
    </p>
   </div>
   <div class='ocr_carea' id='block_1_99' title="bbox 2038 3638 3615 3712">
    <p class='ocr_par' dir='ltr' id='par_1_99' title="bbox 2038 3638 3615 3712">
     <span class='ocr_line' id='line_1_99' title="bbox 2038 3638 3615 3712; baseline -0.006 -11"><span class='ocrx_word' id='word_1_755' title='bbox 2038 3646 2257 3702; x_wconf 89' lang='lat' dir='ltr'><strong>sedebat</strong></span> <span class='ocrx_word' id='word_1_756' title='bbox 2284 3663 2298 3699; x_wconf 76' lang='grc' dir='ltr'>Îµ</span> <span class='ocrx_word' id='word_1_757' title='bbox 2329 3644 2419 3698; x_wconf 92' lang='lat' dir='ltr'><strong>alii</strong></span> <span class='ocrx_word' id='word_1_758' title='bbox 2442 3652 2619 3697; x_wconf 88' lang='lat' dir='ltr'><strong>autem</strong></span> <span class='ocrx_word' id='word_1_759' title='bbox 2646 3657 2789 3712; x_wconf 58' lang='lat' dir='ltr'><strong>saepe</strong></span> <span class='ocrx_word' id='word_1_760' title='bbox 2819 3655 2923 3695; x_wconf 93' lang='lat' dir='ltr'><strong>non</strong></span> <span class='ocrx_word' id='word_1_761' title='bbox 2950 3640 3118 3695; x_wconf 88' lang='lat' dir='ltr'><strong>solum</strong></span> <span class='ocrx_word' id='word_1_762' title='bbox 3151 3647 3354 3693; x_wconf 89' lang='lat' dir='ltr'><strong>tanttnn</strong></span> <span class='ocrx_word' id='word_1_763' title='bbox 3384 3638 3615 3692; x_wconf 89' lang='lat' dir='ltr'><strong>studium</strong></span> 
     </span>
    </p>
   </div>
   <div class='ocr_carea' id='block_1_100' title="bbox 2038 3730 3620 3803">
    <p class='ocr_par' dir='ltr' id='par_1_100' title="bbox 2038 3730 3620 3803">
     <span class='ocr_line' id='line_1_100' title="bbox 2038 3730 3620 3803; baseline -0.006 -11"><span class='ocrx_word' id='word_1_764' title='bbox 2038 3752 2145 3792; x_wconf 92' lang='lat' dir='ltr'><strong>non</strong></span> <span class='ocrx_word' id='word_1_765' title='bbox 2174 3735 2448 3800; x_wconf 88' lang='lat' dir='ltr'><strong>adhibent,</strong></span> <span class='ocrx_word' id='word_1_766' title='bbox 2476 3733 2569 3788; x_wconf 91' lang='lat' dir='ltr'><strong>sed</strong></span> <span class='ocrx_word' id='word_1_767' title='bbox 2612 3746 2667 3788; x_wconf 89' lang='lat' dir='ltr'><strong>et</strong></span> <span class='ocrx_word' id='word_1_768' title='bbox 2692 3732 2844 3803; x_wconf 90' lang='lat' dir='ltr'><strong>plane</strong></span> <span class='ocrx_word' id='word_1_769' title='bbox 2871 3730 3160 3793; x_wconf 87' lang='lat' dir='ltr'><strong>diversum,</strong></span> <span class='ocrx_word' id='word_1_770' title='bbox 3188 3740 3242 3785; x_wconf 89' lang='lat' dir='ltr'><strong>et</strong></span> <span class='ocrx_word' id='word_1_771' title='bbox 3270 3730 3458 3783; x_wconf 89' lang='lat' dir='ltr'><strong>horum</strong></span> <span class='ocrx_word' id='word_1_772' title='bbox 3487 3744 3620 3783; x_wconf 82' lang='lat' dir='ltr'><strong>con-</strong></span> 
     </span>
    </p>
   </div>
   <div class='ocr_carea' id='block_1_101' title="bbox 2038 3821 3620 3899">
    <p class='ocr_par' dir='ltr' id='par_1_101' title="bbox 2038 3821 3620 3899">
     <span class='ocr_line' id='line_1_101' title="bbox 2038 3821 3620 3899; baseline -0.004 -17"><span class='ocrx_word' id='word_1_773' title='bbox 2038 3841 2251 3899; x_wconf 86' lang='lat' dir='ltr'><strong>gressus</strong></span> <span class='ocrx_word' id='word_1_774' title='bbox 2277 3826 2481 3896; x_wconf 78' lang='lat' dir='ltr'><strong>fugiunt</strong></span> <span class='ocrx_word' id='word_1_775' title='bbox 2506 3833 2560 3880; x_wconf 92' lang='lat' dir='ltr'><strong>et</strong></span> <span class='ocrx_word' id='word_1_776' title='bbox 2587 3824 2809 3889; x_wconf 87' lang='lat' dir='ltr'><strong>evitant,</strong></span> <span class='ocrx_word' id='word_1_777' title='bbox 2834 3832 2891 3877; x_wconf 92' lang='lat' dir='ltr'><strong>ut</strong></span> <span class='ocrx_word' id='word_1_778' title='bbox 2912 3838 2978 3877; x_wconf 91' lang='lat' dir='ltr'><strong>ne</strong></span> <span class='ocrx_word' id='word_1_779' title='bbox 3007 3822 3156 3876; x_wconf 89' lang='lat' dir='ltr'><strong>inviti</strong></span> <span class='ocrx_word' id='word_1_780' title='bbox 3184 3831 3440 3893; x_wconf 88' lang='lat' dir='ltr'><strong>cogantur</strong></span> <span class='ocrx_word' id='word_1_781' title='bbox 3468 3821 3620 3876; x_wconf 83' lang='lat' dir='ltr'><strong>exci-</strong></span> 
     </span>
    </p>
   </div>
   <div class='ocr_carea' id='block_1_102' title="bbox 2042 3912 3622 3989">
    <p class='ocr_par' dir='ltr' id='par_1_102' title="bbox 2042 3912 3622 3989">
     <span class='ocr_line' id='line_1_102' title="bbox 2042 3912 3622 3989; baseline -0.004 -15"><span class='ocrx_word' id='word_1_782' title='bbox 2042 3934 2187 3989; x_wconf 90' lang='lat' dir='ltr'><strong>pere.</strong></span> <span class='ocrx_word' id='word_1_783' title='bbox 2220 3918 2414 3974; x_wconf 84' lang='lat' dir='ltr'><strong>Verum</strong></span> <span class='ocrx_word' id='word_1_784' title='bbox 2450 3931 2557 3971; x_wconf 94' lang='lat' dir='ltr'><strong>non</strong></span> <span class='ocrx_word' id='word_1_785' title='bbox 2579 3914 2751 3984; x_wconf 86' lang='lat' dir='ltr'><strong>justus</strong></span> <span class='ocrx_word' id='word_1_786' title='bbox 2789 3915 2877 3969; x_wconf 90' lang='lat' dir='ltr'><strong>ille</strong></span> <span class='ocrx_word' id='word_1_787' title='bbox 2922 3915 2994 3968; x_wconf 88' lang='lat' dir='ltr'><strong>ita</strong></span> <span class='ocrx_word' id='word_1_788' title='bbox 3020 3914 3248 3984; x_wconf 89' lang='lat' dir='ltr'><strong>agebat,</strong></span> <span class='ocrx_word' id='word_1_789' title='bbox 3275 3913 3369 3968; x_wconf 87' lang='lat' dir='ltr'><strong>sed</strong></span> <span class='ocrx_word' id='word_1_790' title='bbox 3397 3912 3622 3968; x_wconf 79' lang='lat' dir='ltr'><strong>sedebat</strong></span> 
     </span>
    </p>
   </div>
   <div class='ocr_carea' id='block_1_103' title="bbox 2039 4004 3627 4080">
    <p class='ocr_par' dir='ltr' id='par_1_103' title="bbox 2039 4004 3627 4080">
     <span class='ocr_line' id='line_1_103' title="bbox 2039 4004 3627 4080; baseline -0.003 -15"><span class='ocrx_word' id='word_1_791' title='bbox 2039 4011 2106 4065; x_wconf 90' lang='lat' dir='ltr'><strong>ad</strong></span> <span class='ocrx_word' id='word_1_792' title='bbox 2149 4009 2362 4080; x_wconf 89' lang='lat' dir='ltr'><strong>januam</strong></span> <span class='ocrx_word' id='word_1_793' title='bbox 2392 4008 2633 4063; x_wconf 90' lang='lat' dir='ltr'><strong>meridie.</strong></span> <span class='ocrx_word' id='word_1_794' title='bbox 2667 4007 2800 4062; x_wconf 84' lang='lat' dir='ltr'><strong>llinc</strong></span> <span class='ocrx_word' id='word_1_795' title='bbox 2827 4007 2969 4061; x_wconf 91' lang='lat' dir='ltr'><strong>enim</strong></span> <span class='ocrx_word' id='word_1_796' title='bbox 3000 4006 3171 4075; x_wconf 89' lang='lat' dir='ltr'><strong>major</strong></span> <span class='ocrx_word' id='word_1_797' title='bbox 3193 4004 3526 4075; x_wconf 87' lang='lat' dir='ltr'><strong>hospitalitas</strong></span> <span class='ocrx_word' id='word_1_798' title='bbox 3567 4013 3627 4060; x_wconf 82' lang='lat' dir='ltr'><strong>et</strong></span> 
     </span>
    </p>
   </div>
   <div class='ocr_carea' id='block_1_104' title="bbox 2040 4093 3659 4169">
    <p class='ocr_par' dir='ltr' id='par_1_104' title="bbox 2040 4093 3659 4169">
     <span class='ocr_line' id='line_1_104' title="bbox 2040 4093 3659 4169; baseline -0.003 -15"><span class='ocrx_word' id='word_1_799' title='bbox 2040 4101 2213 4155; x_wconf 90' lang='lat' dir='ltr'><strong>virtus</strong></span> <span class='ocrx_word' id='word_1_800' title='bbox 2251 4099 2367 4169; x_wconf 88' lang='lat' dir='ltr'><strong>ejus</strong></span> <span class='ocrx_word' id='word_1_801' title='bbox 2408 4098 2636 4161; x_wconf 90' lang='lat' dir='ltr'><strong>ducitur,</strong></span> <span class='ocrx_word' id='word_1_802' title='bbox 2668 4097 2807 4167; x_wconf 91' lang='lat' dir='ltr'><strong>quod</strong></span> <span class='ocrx_word' id='word_1_803' title='bbox 2836 4098 2886 4151; x_wconf 93' lang='lat' dir='ltr'><strong>in</strong></span> <span class='ocrx_word' id='word_1_804' title='bbox 2916 4096 3137 4151; x_wconf 89' lang='lat' dir='ltr'><strong>meridie</strong></span> <span class='ocrx_word' id='word_1_805' title='bbox 3165 4095 3267 4150; x_wconf 91' lang='lat' dir='ltr'><strong>hoc</strong></span> <span class='ocrx_word' id='word_1_806' title='bbox 3303 4094 3520 4149; x_wconf 89' lang='lat' dir='ltr'><strong>faceret.</strong></span> <span class='ocrx_word' id='word_1_807' title='bbox 3554 4093 3624 4149; x_wconf 86' lang='lat' dir='ltr'><strong>Et</strong></span> <span class='ocrx_word' id='word_1_808' title='bbox 3652 4131 3659 4142; x_wconf 69' lang='grc' dir='ltr'><strong>Ï‚</strong></span> 
     </span>
    </p>
   </div>
   <div class='ocr_carea' id='block_1_105' title="bbox 2041 4187 3621 4261">
    <p class='ocr_par' dir='ltr' id='par_1_105' title="bbox 2041 4187 3621 4261">
     <span class='ocr_line' id='line_1_105' title="bbox 2041 4187 3621 4261; baseline -0.005 -15"><span class='ocrx_word' id='word_1_809' title='bbox 2041 4192 2232 4246; x_wconf 88' lang='lat' dir='ltr'><strong>merito</strong></span> <span class='ocrx_word' id='word_1_810' title='bbox 2269 4191 2481 4261; x_wconf 88' lang='lat' dir='ltr'><strong>quidem</strong></span> <span class='ocrx_word' id='word_1_811' title='bbox 2507 4207 2521 4244; x_wconf 86' lang='lat'><strong>:</strong></span> <span class='ocrx_word' id='word_1_812' title='bbox 2544 4190 2666 4261; x_wconf 89' lang='lat' dir='ltr'><strong>quia</strong></span> <span class='ocrx_word' id='word_1_813' title='bbox 2693 4190 2835 4244; x_wconf 88' lang='lat' dir='ltr'><strong>enim</strong></span> <span class='ocrx_word' id='word_1_814' title='bbox 2866 4188 3086 4254; x_wconf 87' lang='lat' dir='ltr'><strong>sciebat,</strong></span> <span class='ocrx_word' id='word_1_815' title='bbox 3112 4202 3224 4253; x_wconf 87' lang='lat' dir='ltr'><strong>eos,</strong></span> <span class='ocrx_word' id='word_1_816' title='bbox 3256 4187 3344 4257; x_wconf 92' lang='lat' dir='ltr'><strong>qui</strong></span> <span class='ocrx_word' id='word_1_817' title='bbox 3383 4187 3621 4257; x_wconf 84' lang='lat' dir='ltr'><strong>peregri-</strong></span> 
     </span>
    </p>
   </div>
   <div class='ocr_carea' id='block_1_106' title="bbox 2042 4276 3623 4350">
    <p class='ocr_par' dir='ltr' id='par_1_106' title="bbox 2042 4276 3623 4350">
     <span class='ocr_line' id='line_1_106' title="bbox 2042 4276 3623 4350; baseline -0.004 -14"><span class='ocrx_word' id='word_1_818' title='bbox 2042 4295 2169 4336; x_wconf 90' lang='lat' dir='ltr'><strong>nare</strong></span> <span class='ocrx_word' id='word_1_819' title='bbox 2211 4290 2471 4350; x_wconf 90' lang='lat' dir='ltr'><strong>coguntur</strong></span> <span class='ocrx_word' id='word_1_820' title='bbox 2493 4321 2509 4345; x_wconf 93' lang='lat'><strong>,</strong></span> <span class='ocrx_word' id='word_1_821' title='bbox 2540 4294 2606 4333; x_wconf 90' lang='lat' dir='ltr'><strong>eo</strong></span> <span class='ocrx_word' id='word_1_822' title='bbox 2640 4280 2868 4333; x_wconf 88' lang='lat' dir='ltr'><strong>maxime</strong></span> <span class='ocrx_word' id='word_1_823' title='bbox 2908 4287 3147 4348; x_wconf 90' lang='lat' dir='ltr'><strong>tempore</strong></span> <span class='ocrx_word' id='word_1_824' title='bbox 3184 4276 3422 4347; x_wconf 86' lang='lat' dir='ltr'><strong>indigere</strong></span> <span class='ocrx_word' id='word_1_825' title='bbox 3456 4290 3583 4331; x_wconf 82' lang='lat' dir='ltr'><strong>cura</strong></span> <span class='ocrx_word' id='word_1_826' title='bbox 3604 4316 3623 4343; x_wconf 93' lang='lat'><strong>,</strong></span> 
     </span>
    </p>
   </div>
   <div class='ocr_carea' id='block_1_107' title="bbox 2042 4369 3625 4443">
    <p class='ocr_par' dir='ltr' id='par_1_107' title="bbox 2042 4369 3625 4443">
     <span class='ocr_line' id='line_1_107' title="bbox 2042 4369 3625 4443; baseline -0.004 -15"><span class='ocrx_word' id='word_1_827' title='bbox 2042 4385 2249 4443; x_wconf 87' lang='lat' dir='ltr'><strong>tempus</strong></span> <span class='ocrx_word' id='word_1_828' title='bbox 2277 4372 2377 4426; x_wconf 86' lang='lat' dir='ltr'><strong>hoe</strong></span> <span class='ocrx_word' id='word_1_829' title='bbox 2406 4371 2653 4426; x_wconf 91' lang='lat' dir='ltr'><strong>idoneum</strong></span> <span class='ocrx_word' id='word_1_830' title='bbox 2677 4370 2925 4441; x_wconf 87' lang='lat' dir='ltr'><strong>eligebat,</strong></span> <span class='ocrx_word' id='word_1_831' title='bbox 2953 4380 3009 4424; x_wconf 89' lang='lat' dir='ltr'><strong>et</strong></span> <span class='ocrx_word' id='word_1_832' title='bbox 3036 4369 3229 4424; x_wconf 87' lang='lat' dir='ltr'><strong>sedens</strong></span> <span class='ocrx_word' id='word_1_833' title='bbox 3252 4383 3347 4424; x_wconf 88' lang='lat' dir='ltr'><strong>eos</strong></span> <span class='ocrx_word' id='word_1_834' title='bbox 3371 4369 3460 4438; x_wconf 86' lang='lat' dir='ltr'><strong>qui</strong></span> <span class='ocrx_word' id='word_1_835' title='bbox 3487 4383 3625 4438; x_wconf 74' lang='lat' dir='ltr'><strong>pra:-</strong></span> 
     </span>
    </p>
   </div>
   <div class='ocr_carea' id='block_1_108' title="bbox 2042 4458 3627 4533">
    <p class='ocr_par' dir='ltr' id='par_1_108' title="bbox 2042 4458 3627 4533">
     <span class='ocr_line' id='line_1_108' title="bbox 2042 4458 3627 4533; baseline -0.004 -14"><span class='ocrx_word' id='word_1_836' title='bbox 2042 4464 2268 4519; x_wconf 89' lang='lat' dir='ltr'><strong>tcribant</strong></span> <span class='ocrx_word' id='word_1_837' title='bbox 2285 4462 2592 4527; x_wconf 85' lang='lat' dir='ltr'><strong>venabatur,</strong></span> <span class='ocrx_word' id='word_1_838' title='bbox 2607 4462 2836 4533; x_wconf 83' lang='lat' dir='ltr'><strong>quietem</strong></span> <span class='ocrx_word' id='word_1_839' title='bbox 2858 4460 2957 4516; x_wconf 86' lang='lat' dir='ltr'><strong>sibi</strong></span> <span class='ocrx_word' id='word_1_840' title='bbox 2977 4460 3177 4514; x_wconf 90' lang='lat' dir='ltr'><strong>ducens</strong></span> <span class='ocrx_word' id='word_1_841' title='bbox 3203 4459 3503 4513; x_wconf 90' lang='lat' dir='ltr'><strong>ministrare</strong></span> <span class='ocrx_word' id='word_1_842' title='bbox 3522 4458 3627 4513; x_wconf 86' lang='lat' dir='ltr'><strong>via-</strong></span> 
     </span>
    </p>
   </div>
   <div class='ocr_carea' id='block_1_109' title="bbox 2042 4548 3624 4622">
    <p class='ocr_par' dir='ltr' id='par_1_109' title="bbox 2042 4548 3624 4622">
     <span class='ocr_line' id='line_1_109' title="bbox 2042 4548 3624 4622; baseline -0.004 -12"><span class='ocrx_word' id='word_1_843' title='bbox 2042 4554 2246 4610; x_wconf 88' lang='lat' dir='ltr'><strong>toribus</strong></span> <span class='ocrx_word' id='word_1_844' title='bbox 2281 4571 2294 4608; x_wconf 93' lang='lat'><strong>:</strong></span> <span class='ocrx_word' id='word_1_845' title='bbox 2322 4562 2378 4607; x_wconf 91' lang='lat' dir='ltr'><strong>et</strong></span> <span class='ocrx_word' id='word_1_846' title='bbox 2418 4566 2512 4607; x_wconf 90' lang='lat' dir='ltr'><strong>eos</strong></span> <span class='ocrx_word' id='word_1_847' title='bbox 2535 4553 2622 4622; x_wconf 91' lang='lat' dir='ltr'><strong>qui</strong></span> <span class='ocrx_word' id='word_1_848' title='bbox 2656 4551 2833 4606; x_wconf 88' lang='lat' dir='ltr'><strong>calore</strong></span> <span class='ocrx_word' id='word_1_849' title='bbox 2858 4550 3168 4613; x_wconf 83' lang='lat' dir='ltr'><strong>aestuabant,</strong></span> <span class='ocrx_word' id='word_1_850' title='bbox 3190 4551 3289 4604; x_wconf 89' lang='lat' dir='ltr'><strong>sub</strong></span> <span class='ocrx_word' id='word_1_851' title='bbox 3316 4558 3509 4605; x_wconf 90' lang='lat' dir='ltr'><strong>tectum</strong></span> <span class='ocrx_word' id='word_1_852' title='bbox 3537 4548 3624 4603; x_wconf 90' lang='lat' dir='ltr'><strong>in-</strong></span> 
     </span>
    </p>
   </div>
   <div class='ocr_carea' id='block_1_110' title="bbox 2041 4637 3625 4709">
    <p class='ocr_par' dir='ltr' id='par_1_110' title="bbox 2041 4637 3625 4709">
     <span class='ocr_line' id='line_1_110' title="bbox 2041 4637 3625 4709; baseline -0.003 -10"><span class='ocrx_word' id='word_1_853' title='bbox 2041 4644 2323 4699; x_wconf 91' lang='lat' dir='ltr'><strong>troducere</strong></span> <span class='ocrx_word' id='word_1_854' title='bbox 2364 4642 2642 4707; x_wconf 89' lang='lat' dir='ltr'><strong>studebat,</strong></span> <span class='ocrx_word' id='word_1_855' title='bbox 2674 4657 2782 4695; x_wconf 92' lang='lat' dir='ltr'><strong>non</strong></span> <span class='ocrx_word' id='word_1_856' title='bbox 2824 4639 3035 4697; x_wconf 88' lang='lat' dir='ltr'><strong>curiose</strong></span> <span class='ocrx_word' id='word_1_857' title='bbox 3077 4639 3361 4709; x_wconf 81' lang='lat' dir='ltr'><strong>explorans</strong></span> <span class='ocrx_word' id='word_1_858' title='bbox 3398 4653 3495 4695; x_wconf 87' lang='lat' dir='ltr'><strong>eos</strong></span> <span class='ocrx_word' id='word_1_859' title='bbox 3531 4637 3625 4707; x_wconf 86' lang='lat' dir='ltr'><strong>qui</strong></span> 
     </span>
    </p>
   </div>
   <div class='ocr_carea' id='block_1_111' title="bbox 2042 4730 3627 4806">
    <p class='ocr_par' dir='ltr' id='par_1_111' title="bbox 2042 4730 3627 4806">
     <span class='ocr_line' id='line_1_111' title="bbox 2042 4730 3627 4806; baseline -0.003 -16"><span class='ocrx_word' id='word_1_860' title='bbox 2042 4735 2377 4806; x_wconf 81' lang='lat' dir='ltr'><strong>pra-tcribant</strong></span> <span class='ocrx_word' id='word_1_861' title='bbox 2399 4774 2417 4801; x_wconf 92' lang='lat'><strong>,</strong></span> <span class='ocrx_word' id='word_1_862' title='bbox 2448 4749 2618 4803; x_wconf 85' lang='lat' dir='ltr'><strong>neque</strong></span> <span class='ocrx_word' id='word_1_863' title='bbox 2648 4734 2924 4804; x_wconf 87' lang='lat' dir='ltr'><strong>requirens</strong></span> <span class='ocrx_word' id='word_1_864' title='bbox 2950 4748 3017 4787; x_wconf 92' lang='lat' dir='ltr'><strong>an</strong></span> <span class='ocrx_word' id='word_1_865' title='bbox 3050 4734 3157 4786; x_wconf 92' lang='lat' dir='ltr'><strong>noti</strong></span> <span class='ocrx_word' id='word_1_866' title='bbox 3178 4773 3194 4799; x_wconf 91' lang='lat'><strong>,</strong></span> <span class='ocrx_word' id='word_1_867' title='bbox 3227 4732 3308 4786; x_wconf 88' lang='lat' dir='ltr'><strong>vel</strong></span> <span class='ocrx_word' id='word_1_868' title='bbox 3349 4730 3509 4800; x_wconf 90' lang='lat' dir='ltr'><strong>ignoti</strong></span> <span class='ocrx_word' id='word_1_869' title='bbox 3538 4743 3627 4785; x_wconf 81' lang='lat' dir='ltr'><strong>es-</strong></span> 
     </span>
    </p>
   </div>
   <div class='ocr_carea' id='block_1_112' title="bbox 2041 4820 3623 4894">
    <p class='ocr_par' dir='ltr' id='par_1_112' title="bbox 2041 4820 3623 4894">
     <span class='ocr_line' id='line_1_112' title="bbox 2041 4820 3623 4894; baseline -0.004 -13"><span class='ocrx_word' id='word_1_870' title='bbox 2041 4835 2181 4881; x_wconf 76' lang='lat' dir='ltr'><strong>sent.</strong></span> <span class='ocrx_word' id='word_1_871' title='bbox 2213 4824 2396 4894; x_wconf 86' lang='lat' dir='ltr'><strong>Neque</strong></span> <span class='ocrx_word' id='word_1_872' title='bbox 2420 4825 2562 4879; x_wconf 90' lang='lat' dir='ltr'><strong>enim</strong></span> <span class='ocrx_word' id='word_1_873' title='bbox 2604 4824 2974 4894; x_wconf 85' lang='lat' dir='ltr'><strong>hospitalitatis</strong></span> <span class='ocrx_word' id='word_1_874' title='bbox 3004 4822 3163 4876; x_wconf 90' lang='lat' dir='ltr'><strong>fuerit</strong></span> <span class='ocrx_word' id='word_1_875' title='bbox 3204 4821 3485 4891; x_wconf 85' lang='lat' dir='ltr'><strong>diligenter</strong></span> <span class='ocrx_word' id='word_1_876' title='bbox 3508 4820 3623 4875; x_wconf 86' lang='lat' dir='ltr'><strong>sin-</strong></span> 
     </span>
    </p>
   </div>
   <div class='ocr_carea' id='block_1_113' title="bbox 2038 4913 3626 4988">
    <p class='ocr_par' dir='ltr' id='par_1_113' title="bbox 2038 4913 3626 4988">
     <span class='ocr_line' id='line_1_113' title="bbox 2038 4913 3626 4988; baseline -0.001 -20"><span class='ocrx_word' id='word_1_877' title='bbox 2038 4919 2156 4988; x_wconf 80' lang='lat' dir='ltr'><strong>gula</strong></span> <span class='ocrx_word' id='word_1_878' title='bbox 2186 4915 2530 4987; x_wconf 89' lang='lat' dir='ltr'><strong>perscrutari.</strong></span> <span class='ocrx_word' id='word_1_879' title='bbox 2556 4914 2655 4968; x_wconf 89' lang='lat' dir='ltr'><strong>sed</strong></span> <span class='ocrx_word' id='word_1_880' title='bbox 2682 4915 2927 4967; x_wconf 88' lang='lat' dir='ltr'><strong>omnibus</strong></span> <span class='ocrx_word' id='word_1_881' title='bbox 2956 4913 3273 4982; x_wconf 87' lang='lat' dir='ltr'><strong>simpliciter</strong></span> <span class='ocrx_word' id='word_1_882' title='bbox 3298 4926 3449 4966; x_wconf 88' lang='lat' dir='ltr'><strong>suam</strong></span> <span class='ocrx_word' id='word_1_883' title='bbox 3478 4926 3626 4966; x_wconf 70' lang='lat' dir='ltr'><strong>eont-</strong></span> 
     </span>
    </p>
   </div>
   <div class='ocr_carea' id='block_1_114' title="bbox 2039 5003 3627 5077">
    <p class='ocr_par' dir='ltr' id='par_1_114' title="bbox 2039 5003 3627 5077">
     <span class='ocr_line' id='line_1_114' title="bbox 2039 5003 3627 5077; baseline -0.002 -13"><span class='ocrx_word' id='word_1_884' title='bbox 2039 5010 2310 5064; x_wconf 87' lang='lat' dir='ltr'><strong>municarc</strong></span> <span class='ocrx_word' id='word_1_885' title='bbox 2350 5007 2745 5077; x_wconf 89' lang='lat' dir='ltr'><strong>benignitatem,</strong></span> <span class='ocrx_word' id='word_1_886' title='bbox 2764 5014 2818 5060; x_wconf 92' lang='lat' dir='ltr'><strong>et</strong></span> <span class='ocrx_word' id='word_1_887' title='bbox 2844 5005 2961 5073; x_wconf 86' lang='lat' dir='ltr'><strong>quia</strong></span> <span class='ocrx_word' id='word_1_888' title='bbox 2981 5003 3349 5075; x_wconf 86' lang='lat' dir='ltr'><strong>hospitalitatis</strong></span> <span class='ocrx_word' id='word_1_889' title='bbox 3373 5016 3627 5075; x_wconf 85' lang='lat' dir='ltr'><strong>sagenam</strong></span> 
     </span>
    </p>
   </div>
   <div class='ocr_carea' id='block_1_115' title="bbox 2038 5094 3627 5167">
    <p class='ocr_par' dir='ltr' id='par_1_115' title="bbox 2038 5094 3627 5167">
     <span class='ocr_line' id='line_1_115' title="bbox 2038 5094 3627 5167; baseline -0.001 -16"><span class='ocrx_word' id='word_1_890' title='bbox 2038 5099 2396 5167; x_wconf 77' lang='lat' dir='ltr'><strong>expanderat,</strong></span> <span class='ocrx_word' id='word_1_891' title='bbox 2439 5096 2632 5149; x_wconf 89' lang='lat' dir='ltr'><strong>meruit</strong></span> <span class='ocrx_word' id='word_1_892' title='bbox 2675 5104 2731 5153; x_wconf 86' lang='lat' dir='ltr'><strong>et</strong></span> <span class='ocrx_word' id='word_1_893' title='bbox 2772 5095 3141 5150; x_wconf 85' lang='lat' dir='ltr'><strong>universorum</strong></span> <span class='ocrx_word' id='word_1_894' title='bbox 3173 5094 3457 5149; x_wconf 91' lang='lat' dir='ltr'><strong>Dominum</strong></span> <span class='ocrx_word' id='word_1_895' title='bbox 3502 5109 3627 5151; x_wconf 89' lang='lat' dir='ltr'><strong>cum</strong></span> 
     </span>
    </p>
   </div>
   <div class='ocr_carea' id='block_1_116' title="bbox 2040 5184 3624 5257">
    <p class='ocr_par' dir='ltr' id='par_1_116' title="bbox 2040 5184 3624 5257">
     <span class='ocr_line' id='line_1_116' title="bbox 2040 5184 3624 5257; baseline 0 -17"><span class='ocrx_word' id='word_1_896' title='bbox 2040 5189 2240 5257; x_wconf 73' lang='lat' dir='ltr'><strong>augetis</strong></span> <span class='ocrx_word' id='word_1_897' title='bbox 2297 5188 2410 5241; x_wconf 90' lang='lat' dir='ltr'><strong>suis</strong></span> <span class='ocrx_word' id='word_1_898' title='bbox 2456 5185 2744 5256; x_wconf 89' lang='lat' dir='ltr'><strong>suscipere.</strong></span> <span class='ocrx_word' id='word_1_899' title='bbox 2780 5185 3073 5255; x_wconf 87' lang='lat' dir='ltr'><strong>Eapropter</strong></span> <span class='ocrx_word' id='word_1_900' title='bbox 3116 5184 3312 5240; x_wconf 87' lang='lat' dir='ltr'><strong>Paulus</strong></span> <span class='ocrx_word' id='word_1_901' title='bbox 3356 5184 3567 5241; x_wconf 86' lang='lat' dir='ltr'><strong>dicebat</strong></span> <span class='ocrx_word' id='word_1_902' title='bbox 3607 5203 3624 5240; x_wconf 92' lang='lat'><strong>:</strong></span> 
     </span>
    </p>
   </div>
   <div class='ocr_carea' id='block_1_117' title="bbox 2046 5276 3627 5346">
    <p class='ocr_par' dir='ltr' id='par_1_117' title="bbox 2046 5276 3627 5346">
     <span class='ocr_line' id='line_1_117' title="bbox 2046 5276 3627 5346; baseline 0.001 -16"><span class='ocrx_word' id='word_1_903' title='bbox 2046 5277 2421 5346; x_wconf 83' lang='lat' dir='ltr'><strong>llospitalitatis</strong></span> <span class='ocrx_word' id='word_1_904' title='bbox 2448 5291 2510 5329; x_wconf 81' lang='lat' dir='ltr'><strong>ne</strong></span> <span class='ocrx_word' id='word_1_905' title='bbox 2548 5276 2909 5329; x_wconf 81' lang='lat' dir='ltr'><strong>obliviscamini</strong></span> <span class='ocrx_word' id='word_1_906' title='bbox 2935 5290 2954 5329; x_wconf 91' lang='lat'><strong><em>:</em></strong></span> <span class='ocrx_word' id='word_1_907' title='bbox 2984 5291 3073 5345; x_wconf 87' lang='lat' dir='ltr'><strong>per</strong></span> <span class='ocrx_word' id='word_1_908' title='bbox 3100 5276 3231 5329; x_wconf 81' lang='lat' dir='ltr'><strong>hanc</strong></span> <span class='ocrx_word' id='word_1_909' title='bbox 3261 5276 3395 5330; x_wconf 84' lang='lat' dir='ltr'><strong>enim</strong></span> <span class='ocrx_word' id='word_1_910' title='bbox 3421 5276 3627 5346; x_wconf 77' lang='lat' dir='ltr'><strong>quidam</strong></span> 
     </span>
    </p>
   </div>
   <div class='ocr_carea' id='block_1_118' title="bbox 2040 5365 3625 5439">
    <p class='ocr_par' dir='ltr' id='par_1_118' title="bbox 2040 5365 3625 5439">
     <span class='ocr_line' id='line_1_118' title="bbox 2040 5365 3625 5439; baseline -0.001 -18"><span class='ocrx_word' id='word_1_911' title='bbox 2040 5370 2193 5422; x_wconf 81' lang='lat' dir='ltr'><strong>nescii</strong></span> <span class='ocrx_word' id='word_1_912' title='bbox 2217 5410 2231 5433; x_wconf 96' lang='lat'><strong>,</strong></span> <span class='ocrx_word' id='word_1_913' title='bbox 2260 5367 2465 5438; x_wconf 86' lang='lat' dir='ltr'><strong>angelos</strong></span> <span class='ocrx_word' id='word_1_914' title='bbox 2491 5376 2785 5437; x_wconf 72' lang='lat' dir='ltr'><strong>exceperunt</strong></span> <span class='ocrx_word' id='word_1_915' title='bbox 2812 5367 3029 5435; x_wconf 83' lang='lat' dir='ltr'><strong>hospitio</strong></span> <span class='ocrx_word' id='word_1_916' title='bbox 3058 5367 3077 5439; x_wconf 94' lang='lat'><strong>(</strong></span> <span class='ocrx_word' id='word_1_917' title='bbox 3102 5365 3256 5422; x_wconf 81' lang='lat' dir='ltr'><strong>Hebr.</strong></span> <span class='ocrx_word' id='word_1_918' title='bbox 3291 5368 3378 5423; x_wconf 80' lang='grc'><strong>15.</strong></span> <span class='ocrx_word' id='word_1_919' title='bbox 3401 5367 3497 5438; x_wconf 67' lang='lat'><strong>2):</strong></span> <span class='ocrx_word' id='word_1_920' title='bbox 3526 5381 3625 5438; x_wconf 79' lang='lat' dir='ltr'><strong>pa-</strong></span> 
     </span>
    </p>
   </div>
   <div class='ocr_carea' id='block_1_119' title="bbox 2042 5458 3626 5531">
    <p class='ocr_par' dir='ltr' id='par_1_119' title="bbox 2042 5458 3626 5531">
     <span class='ocr_line' id='line_1_119' title="bbox 2042 5458 3626 5531; baseline -0.004 -11"><span class='ocrx_word' id='word_1_921' title='bbox 2042 5462 2328 5520; x_wconf 84' lang='lat' dir='ltr'><strong>triarcliam</strong></span> <span class='ocrx_word' id='word_1_922' title='bbox 2371 5463 2591 5516; x_wconf 91' lang='lat' dir='ltr'><strong>omnino</strong></span> <span class='ocrx_word' id='word_1_923' title='bbox 2639 5461 2932 5516; x_wconf 89' lang='lat' dir='ltr'><strong>insinuans.</strong></span> <span class='ocrx_word' id='word_1_924' title='bbox 2959 5462 3132 5531; x_wconf 78' lang='lat' dir='ltr'><strong>Atque</strong></span> <span class='ocrx_word' id='word_1_925' title='bbox 3155 5459 3224 5514; x_wconf 94' lang='lat' dir='ltr'><strong>ob</strong></span> <span class='ocrx_word' id='word_1_926' title='bbox 3248 5458 3351 5514; x_wconf 88' lang='lat' dir='ltr'><strong>hoc</strong></span> <span class='ocrx_word' id='word_1_927' title='bbox 3385 5459 3626 5513; x_wconf 82' lang='lat' dir='ltr'><strong>Christus</strong></span> 
     </span>
    </p>
   </div>
   <div class='ocr_carea' id='block_1_120' title="bbox 2041 5551 3624 5622">
    <p class='ocr_par' dir='ltr' id='par_1_120' title="bbox 2041 5551 3624 5622">
     <span class='ocr_line' id='line_1_120' title="bbox 2041 5551 3624 5622; baseline -0.003 -14"><span class='ocrx_word' id='word_1_928' title='bbox 2041 5555 2251 5609; x_wconf 79' lang='lat' dir='ltr'><strong>dicebat</strong></span> <span class='ocrx_word' id='word_1_929' title='bbox 2281 5572 2293 5607; x_wconf 89' lang='lat'><strong>:</strong></span> <span class='ocrx_word' id='word_1_930' title='bbox 2329 5554 2428 5621; x_wconf 84' lang='lat' dir='ltr'><strong>Qui</strong></span> <span class='ocrx_word' id='word_1_931' title='bbox 2464 5554 2738 5622; x_wconf 81' lang='lat' dir='ltr'><strong>susceperit</strong></span> <span class='ocrx_word' id='word_1_932' title='bbox 2776 5569 2935 5607; x_wconf 86' lang='lat' dir='ltr'><strong>unum</strong></span> <span class='ocrx_word' id='word_1_933' title='bbox 2961 5569 3023 5607; x_wconf 77' lang='lat' dir='ltr'><strong>ea:</strong></span> <span class='ocrx_word' id='word_1_934' title='bbox 3062 5554 3139 5607; x_wconf 82' lang='lat' dir='ltr'><strong>his</strong></span> <span class='ocrx_word' id='word_1_935' title='bbox 3168 5552 3420 5616; x_wconf 83' lang='lat' dir='ltr'><strong>minimis,</strong></span> <span class='ocrx_word' id='word_1_936' title='bbox 3451 5551 3503 5603; x_wconf 81' lang='lat' dir='ltr'><strong>in</strong></span> <span class='ocrx_word' id='word_1_937' title='bbox 3528 5566 3624 5604; x_wconf 78' lang='lat' dir='ltr'><strong>Ito-</strong></span> 
     </span>
    </p>
   </div>
   <div class='ocr_carea' id='block_1_121' title="bbox 2046 5638 3623 5715">
    <p class='ocr_par' dir='ltr' id='par_1_121' title="bbox 2046 5638 3623 5715">
     <span class='ocr_line' id='line_1_121' title="bbox 2046 5638 3623 5715; baseline -0.004 -18"><span class='ocrx_word' id='word_1_938' title='bbox 2046 5646 2177 5698; x_wconf 85' lang='lat' dir='ltr'><strong>mine</strong></span> <span class='ocrx_word' id='word_1_939' title='bbox 2203 5662 2328 5711; x_wconf 85' lang='lat' dir='ltr'><strong>meo,</strong></span> <span class='ocrx_word' id='word_1_940' title='bbox 2355 5661 2432 5699; x_wconf 86' lang='lat' dir='ltr'><strong>me</strong></span> <span class='ocrx_word' id='word_1_941' title='bbox 2456 5646 2660 5710; x_wconf 79' lang='lat' dir='ltr'><strong>suscipit</strong></span> <span class='ocrx_word' id='word_1_942' title='bbox 2689 5643 2898 5715; x_wconf 79' lang='lat' dir='ltr'><strong>(Matth.</strong></span> <span class='ocrx_word' id='word_1_943' title='bbox 2936 5644 3023 5698; x_wconf 80' lang='grc'><strong>18.</strong></span> <span class='ocrx_word' id='word_1_944' title='bbox 3049 5644 3125 5713; x_wconf 80' lang='lat'><strong>5).</strong></span> <span class='ocrx_word' id='word_1_945' title='bbox 3158 5642 3463 5705; x_wconf 74' lang='lat' dir='ltr'><strong>Audiamus,</strong></span> <span class='ocrx_word' id='word_1_946' title='bbox 3487 5638 3623 5693; x_wconf 87' lang='lat' dir='ltr'><strong>dile-</strong></span> 
     </span>
    </p>
   </div>
  </div>
