4020 6136
446 213 551 269 379

442 324 536 390 eti,
561 331 615 376 et
634 320 865 391 hostiitio
884 319 1157 389 excepturi
1183 319 1201 350 ⁸
1232 330 1520 387 numquam
1539 331 1861 386 qumramus,
1876 315 2027 382 Quis,

442 423 496 467 et
526 412 683 470 unde.
711 412 842 469 Nam
881 410 927 465 si
954 408 1253 479 patriarcha
1292 408 1348 463 in
1376 407 1611 477 rogando
1640 406 1829 462 fuisset
1854 407 2031 461 curio-

442 521 570 573 sus,
599 504 735 559 forte
764 512 1056 573 peccasset.
1082 500 1188 556 Sed
1217 500 1453 564 sciebat,
1487 498 1695 568 inquis,
1737 498 2027 551 advenien-

442 599 573 650 tium
600 594 930 662 dignitatem.
955 591 1105 647 Unde
1147 593 1249 643 hoc
1276 590 1369 642 tibi
1405 589 1603 658 liquot?
1634 586 1909 656 Quomodo
1935 603 2029 640 au-

441 696 551 743 tem
578 688 621 741 si
652 686 722 740 ita
756 696 920 750 esset,
952 683 1288 740 admirationi
1316 682 1540 736 luisset?
1566 680 1746 751 Neque
1781 681 1925 734 enim
1954 682 2030 735 sic

437 778 752 833 admirabile
795 777 981 831 fuisset
1008 816 1021 833 .
1050 776 1095 833 si
1124 773 1462 845 suscipiendo
1491 772 1729 843 hospites
1767 772 2029 826 curiosius

438 871 775 938 explorasset
799 869 890 937 qui
919 876 1120 931 essent,
1151 866 1289 920 sicut
1318 880 1457 920 nunc
1483 880 1604 919 cum
1633 863 1884 934 ignorans
1912 863 2031 931 qui-

440 974 563 1012 nam
606 957 953 1023 adveneriu‘t,
985 964 1132 1011 tanta
1178 955 1451 1009 alacritate
1489 962 1543 1007 et
1582 954 1784 1007 honore
1826 952 2031 1006 accedit

433 1049 589 1117 quasi
621 1063 807 1101 servus
853 1046 916 1099 ad
960 1046 1240 1108 dominos,
1273 1044 1488 1113 suisque
1531 1044 1708 1097 verbis
1748 1058 2031 1111 propemo-

434 1138 562 1193 dum
588 1138 794 1194 vincula
827 1136 1023 1207 injicit,
1054 1146 1108 1190 et
1134 1136 1397 1204 supplicat
1427 1136 1502 1189 eis
1524 1175 1539 1199 ,
1570 1145 1624 1187 ut
1653 1150 1719 1187 ne
1762 1142 1984 1187 renuant
2008 1171 2024 1196 ,

441 1246 612 1300 neque
638 1244 698 1286 se
718 1230 953 1285 maximo
978 1229 1173 1282 damno
1208 1226 1460 1281 afficiant.
1482 1225 1695 1281 Sciebat
1724 1225 1866 1279 enim
1901 1223 2027 1292 quid

441 1322 671 1384 faceret;
710 1330 922 1390 propter
968 1319 1070 1376 hoc
1092 1333 1285 1387 magno
1313 1332 1435 1371 eum
1464 1317 1653 1371 ardore
1685 1316 1911 1369 fructum
1937 1330 2029 1368 co-

443 1412 651 1481 piosnm
694 1410 1034 1482 percipiebat.
1070 1408 1173 1465 Sed
1215 1409 1493 1463 audiamus
1534 1408 1692 1463 verba
1748 1408 2024 1476 scriptoris

440 1504 492 1571 ip
524 1504 603 1553 ius
626 1542 641 1567 ,
676 1510 729 1555 ut
767 1501 944 1555 videas
974 1500 1025 1553 in
1067 1508 1303 1553 extrema
1342 1507 1554 1555 senecta
1595 1498 1885 1568 juvenilem
1915 1498 2027 1550 ala-

437 1596 701 1659 nitatem,
742 1605 795 1647 et
830 1607 1014 1645 senem
1059 1592 1207 1662 quasi
1256 1590 1509 1659 juvenem
1552 1590 1940 1654 exsultantem,
1972 1598 2025 1643 et

446 1694 716 1753 putantem
746 1699 802 1737 sc
846 1684 1113 1737 invvnissc
1145 1683 1458 1737 thesaurum
1499 1683 1812 1750 quemdam,
1847 1681 2023 1750 hospi-

439 1790 546 1829 tum
567 1790 755 1845 nempe
774 1775 1079 1829 adventum.
1098 1774 1152 1829 2.
1178 1773 1395 1829 Elevatis
1416 1783 1601 1838 autem,
1628 1774 1814 1843 inquit,
1842 1774 2018 1839 oculis,

436 1866 577 1932 ridit,
598 1877 643 1919 et
660 1881 770 1921 ecce
792 1876 891 1919 tres
908 1866 999 1918 viri
1015 1876 1251 1920 steterunt
1273 1882 1426 1935 supra
1453 1882 1565 1917 eum
1587 1881 1607 1917 :
1630 1876 1676 1918 et
1702 1875 1754 1917 ut
1781 1866 1919 1928 vidit,
1942 1882 2019 1917 occ

432 1960 590 2012 currit
608 1960 660 2011 in
685 1976 945 2013 occursum
967 1960 1040 2013 eis
1066 1959 1127 2013 ab
1153 1960 1278 2013 ostio
1300 1956 1605 2011 tabernaculi
1630 1958 1728 2010 sui.
1744 1955 1939 2024 Currit,
1969 1966 2021 2010 et

434 2054 573 2107 Volat
601 2066 801 2107 senex:
836 2052 964 2106 vidit
1001 2052 1142 2106 enim
1168 2050 1405 2121 pra-dam
1426 2066 1583 2118 quam
1606 2050 1896 2104 venabatur
1917 2092 1931 2113 ,
1968 2059 2021 2101 et

433 2142 574 2195 nulla
632 2142 954 2197 infirmitatis
998 2157 1109 2197 sua:
1161 2142 1371 2196 ratione
1426 2141 1599 2197 habita
1625 2181 1638 2203 ,
1672 2140 1737 2195 ad
1780 2144 2020 2194 venatio-

433 2248 554 2286 nem
583 2235 819 2287 cucurrit
847 2250 862 2289 :
895 2248 998 2288 non
1032 2233 1235 2287 vocavit
1267 2232 1512 2296 famulos,
1544 2246 1714 2303 neque
1740 2232 2017 2300 imperavit

431 2337 616 2389 puero,
648 2323 882 2392 nihilque
920 2323 1224 2378 rusticitatis
1266 2338 1437 2393 neque
1466 2322 1682 2377 desidia:
1710 2339 1816 2391 prte
1847 2338 1905 2377 se
1938 2331 2018 2375 tn-

430 2416 509 2478 lit,
538 2415 630 2469 sed
651 2418 761 2483 ipse
784 2415 1050 2471 cucurrit:
1078 2415 1227 2485 quasi
1250 2415 1470 2478 diceret,
1498 2415 1712 2484 Magnus
1737 2415 2019 2468 thesaurus

428 2515 510 2558 est
530 2546 545 2568 ,
577 2521 764 2575 magna
806 2509 1128 2575 negotiatio:
1160 2523 1254 2573 per
1289 2506 1660 2571 memotipsum
1702 2505 1837 2558 hanc
1870 2521 2014 2559 mer-

427 2612 549 2649 cem
583 2596 776 2651 inferre
805 2597 996 2663 debeo,
1028 2614 1092 2652 ne
1118 2597 1357 2651 elabatur
1383 2597 1513 2650 mihi
1545 2604 1748 2650 tantum
1783 2596 2010 2650 lucrum.

428 2688 494 2741 Et
523 2688 635 2743 lucc
677 2691 898 2747 faciebat
928 2693 1121 2759 justus,
1147 2690 1390 2745 homines
1419 2691 1674 2745 obscuros
1704 2700 1757 2746 et
1787 2691 2014 2748 viatores

424 2782 700 2850 suscipere
728 2797 786 2837 se
809 2783 1138 2839 existimans.

496 2874 549 2927 ι.
580 2872 660 2926 Ad
689 2873 1076 2943 hospitalitatem
1102 2875 1347 2927 hortatur.
1382 2874 1581 2926 Laudat
1620 2874 2011 2944 hospitalitate»:

428 2964 663 3025 Abrahw,
695 2964 835 3016 illam
858 2965 1165 3019 a’mulationi
1190 2975 1373 3018 nostra:
1399 2981 1703 3033 proponens.
1733 2995 1803 3005 —-
1836 2967 2013 3020 Disca-

431 3069 553 3106 mus
579 3064 632 3108 et
661 3069 778 3119 nos,
815 3069 878 3108 ac
908 3054 1179 3110 imitemur
1214 3054 1343 3124 justi
1376 3056 1645 3111 virtutem.
1680 3056 1812 3111 Nam
1837 3058 1879 3109 si
1908 3055 2012 3110 hoc

426 3142 739 3206 fecerimus,
766 3144 1055 3198 verisimile
1080 3152 1164 3199 est
1200 3155 1252 3198 et
1290 3160 1388 3200 nos
1430 3145 1716 3215 aliquando
1747 3146 2006 3213 ejusmodi

424 3235 601 3302 pra'da
648 3235 943 3303 petituros;
978 3235 1084 3290 imo
1109 3249 1320 3304 semper
1358 3236 1722 3303 assequimur,
1753 3237 1799 3289 si
1836 3246 2008 3290 atten-

419 3325 615 3378 dimus.
642 3325 723 3379 Oh
750 3325 895 3378 illam
924 3325 1066 3379 enim
1096 3339 1312 3379 causam
1340 3326 1597 3394 benignus
1629 3326 1918 3388 Dominus,
1949 3337 2008 3381 ut

421 3431 491 3470 ne
519 3415 585 3469 ad
612 3415 769 3468 talem
798 3414 1181 3482 benignitatem
1205 3429 1392 3483 segnes
1423 3417 1607 3479 simus,
1633 3431 1806 3485 neque
1832 3419 2008 3471 curio-

418 3505 531 3560 sius
570 3520 665 3560 eos
693 3506 782 3574 qui
822 3504 1109 3559 adveniunt
1139 3514 1461 3571 scrutemur,
1492 3505 1659 3575 inquit
1687 3523 1701 3559 :
1734 3506 1833 3573 Qui
1859 3524 2001 3561 arce-

419 3598 547 3664 perit
577 3611 731 3648 unum
760 3612 822 3650 ex
860 3595 937 3649 bis
974 3596 1193 3649 minimis
1236 3596 1287 3649 in
1318 3597 1518 3647 nomine
1555 3612 1681 3661 meo,
1712 3612 1790 3648 me
1824 3598 2005 3665 accipit

415 3687 641 3756 (Matth.
674 3689 759 3743 18.
788 3687 865 3757 5).
894 3687 968 3743 Ne
1013 3688 1170 3757 igitur
1210 3687 1275 3741 ad
1320 3688 1574 3743 vilitatem
1632 3692 2001 3757 prmtercuntis

414 3788 647 3848 spectes,
682 3795 849 3849 neque
875 3796 937 3833 ex
972 3778 1037 3833 iis
1065 3795 1181 3849 quae
1205 3778 1351 3833 vides
1376 3778 1534 3833 vilem
1562 3794 1682 3833 esse
1708 3790 1875 3847 putes,
1906 3780 1998 3834 sed

415 3870 589 3940 cogita
644 3880 695 3925 te
758 3886 851 3939 per
915 3871 1127 3937 ipsum,
1180 3870 1461 3924 Dominum
1514 3880 1659 3924 tuum
1706 3872 1994 3940 suscipere.

413 3960 640 4027 Quando
667 3961 812 4015 enim
847 3970 1063 4027 prepter
1091 3962 1204 4030 ejus
1244 3977 1436 4015 nomen
1467 3961 1819 4016 ministerium
1852 3972 1998 4019 tuum

414 4050 467 4105 in
497 4051 643 4105 illum
671 4050 976 4105 exhilmeris
1000 4092 1016 4115 ,
1047 4051 1349 4106 mercedem
1378 4051 1608 4119 accipies
1628 4092 1643 4112 ,
1684 4067 1748 4105 ac
1778 4053 1820 4104 si
1852 4052 1998 4106 illum

412 4141 760 4206 suscepisses.
796 4140 942 4202 Esto,
967 4140 1036 4192 sit
1074 4140 1230 4193 deses
1259 4150 1308 4193 et
1343 4138 1738 4208 negligentioris
1762 4142 1882 4197 vita:
1909 4144 1999 4212 qui

416 4240 501 4283 tua
536 4230 723 4283 lruitur
768 4231 1125 4299 benignitate,
1157 4247 1261 4284 non
1302 4229 1371 4284 sit
1418 4230 1506 4285 tibi
1551 4232 1665 4300 ejus
1715 4235 1789 4287 rei
1820 4250 1947 4289 cura
1982 4254 1995 4290 :

414 4321 569 4387 plena
597 4320 740 4373 enim
763 4320 855 4375 tibi
880 4332 935 4376 et
961 4322 1193 4392 perlecta
1225 4338 1432 4378 merces
1456 4323 1688 4389 dabitur,
1718 4327 1766 4379 iu
1790 4326 1996 4383 Domini

414 4410 673 4465 honorem
719 4410 817 4467 hoc
857 4413 1101 4479 facienti,
1132 4413 1434 4469 etimiiauti
1478 4416 1794 4483 patriarchae
1838 4416 2000 4470 virtu-

419 4511 544 4555 tetn.
581 4500 647 4553 Et
675 4512 725 4554 ut
756 4503 894 4566 vidit,
929 4504 1116 4573 inquit,
1159 4505 1376 4560 accurrit
1417 4506 1469 4558 in
1512 4522 1774 4559 occursum
1822 4508 1892 4559 eis
1938 4506 1998 4560 ab

410 4593 538 4648 ostio
559 4592 884 4648 tabernaculi.
912 4596 1053 4651 Bene
1082 4609 1133 4650 et
1164 4597 1266 4653 hoc
1305 4598 1552 4661 verbum,
1579 4599 1838 4660 Accurrit,
1864 4613 1998 4668 qua-

410 4684 553 4751 drat,
578 4697 634 4740 ut
650 4685 824 4741 discas
840 4702 933 4741 eos
948 4690 1095 4756 quasi
1121 4689 1330 4756 ignotos
1352 4690 1688 4756 praeteriisse,
1708 4700 1882 4745 etnon
1904 4707 1997 4745 sua

412 4789 606 4844 sponte
633 4776 698 4830 ad
731 4777 1130 4832 tabernaculum
1156 4778 1388 4832 venisse.
1419 4778 1738 4848 Pr0pterea,
1770 4796 1837 4835 ne
1868 4781 1994 4835 sub-

415 4869 703 4937 terfugeret
726 4885 849 4925 eum
874 4869 1149 4938 spirituale
1188 4869 1290 4923 hoc
1321 4869 1559 4934 lucrum,
1582 4871 1670 4939 qui
1715 4883 1960 4926 sentiet-at
1980 4914 1995 4938 ,

410 4959 743 5024 incanuerat,
766 4970 823 5014 et
847 4959 1184 5015 centenarias
1205 4969 1339 5026 erat,
1367 4960 1616 5024 accurrit,
1632 4971 1685 5014 et
1711 4977 1868 5016 cursu
1890 4962 2000 5015 ala-

408 5050 653 5105 critatem
666 5050 914 5107 declarat.
938 5051 1000 5104 Et
1016 5053 1330 5122 conspicatus
1339 5069 1443 5117 eos,
1466 5053 1656 5123 inquit,
1670 5054 1911 5107 adorabat
1924 5071 2001 5107 su-

419 5155 509 5207 per
524 5149 730 5206 terram,
752 5142 802 5197 5.
823 5152 869 5196 et
893 5143 1022 5197 dixit
1040 5158 1058 5195 :
1085 5140 1321 5209 Domine,
1345 5142 1392 5196 si
1418 5144 1582 5197 inveni
1597 5145 1810 5213 gratiam
1830 5160 2000 5198 coram

408 5241 485 5296 te,
515 5246 575 5285 ne
592 5242 817 5287 transeas
855 5251 1047 5288 servum
1088 5245 1246 5287 tuum.
1275 5237 1329 5288 4.
1353 5234 1598 5289 Sumatur
1620 5252 1741 5290 sane
1767 5252 1920 5306 aqua,
1952 5246 1997 5289 et

408 5321 574 5373 lavent
624 5323 771 5389 pedes
798 5337 988 5379 vestros
1005 5367 1018 5388 ,
1051 5336 1096 5379 et
1124 5325 1491 5396 refrigeramini
1529 5326 1621 5378 sub
1648 5326 1845 5388 arbore.
1873 5328 1926 5381 5.
1952 5336 1998 5379 et

394 5411 649 5480 accipiam
678 5431 854 5483 panem
876 5458 889 5480 ,
934 5426 979 5471 et
1006 5417 1302 5484 comedetis,
1332 5424 1381 5471 et
1405 5417 1611 5487 posthac
1644 5418 1961 5488 prwterihitis
1980 5460 1994 5482 ,

401 5606 432 5653 ἀ
467 5548 482 5577 ⁸
522 5554 581 5657 tnt
593 5549 732 5599 Sauli.
772 5559 819 5602 et
844 5562 1047 5616 quatuor
1071 5560 1173 5605 Mss.
1199 5553 1276 5600 lue
1302 5565 1464 5602 voces.
1494 5553 1692 5611 hospitio
1715 5555 1959 5615 ατί-(ινιτιγὶ
1980 5596 1991 5617 ,

440 5619 556 5655 cson
585 5646 595 5656 .

440 5619 595 5656 esunt.

1184 207 1248 264 'S.
1290 205 1571 263 JOANNIS
1604 204 2088 261 CHRYSOSTOMI
2128 204 2446 262 ARCIIIEP.
2484 206 3021 263 CONSTANTINOP.

3625 213 3731 268 580

2136 317 2283 385 cujus
2311 317 2475 388 gratia
2502 317 2790 371 declinastis
2808 318 2876 373 ad
2901 335 3096 373 servum
3123 330 3357 375 vestium.
3395 321 3570 376 Verba
3600 322 3732 394 justi

2136 406 2376 460 sublimia
2408 407 2562 461 valde
2596 417 2737 462 sunt.
2766 408 2947 479 Neque
2979 419 3179 464 tantum
3222 411 3557 480 miraculum,
3587 415 3734 483 quod

2135 509 2229 549 eos
2258 496 2572 567 susceperit,
2604 508 2856 566 quantum
2901 500 3039 567 quod
3080 516 3197 553 cum
3240 510 3382 553 tanta
3409 502 3690 558 alacritate
3715 546 3733 571 ,

2134 592 2190 638 et
2208 586 2404 652 studio,
2433 597 2484 641 et
2516 604 2618 640 non
2643 598 2839 643 attenta
2865 600 2955 643 aut
2984 607 3096 650 sua,
3117 600 3209 644 aut
3230 606 3439 659 eorum,
3458 594 3547 664 qui
3568 594 3734 651 adve-

2136 687 2325 731 nerant
2350 719 2364 743 ,
2394 687 2550 733 :ctate
2577 696 2595 731 :
2628 696 2747 733 nam
2796 682 3033 734 fortassis
3076 682 3392 739 videbantur
3430 685 3528 757 ipsi
3565 685 3730 756 juve-

2134 782 2269 832 nes;
2306 783 2476 837 neque
2514 770 2833 824 existimavit
2866 772 3114 827 sufficere
3150 782 3206 827 ut
3248 775 3424 829 verbis
3451 775 3735 832 dumtaxat

2131 857 2508 913 adhortaretur
2535 902 2549 926 ,
2582 862 2839 914 Atlorabat
2857 903 2873 927 ,
2911 863 3096 932 inquit,
3140 880 3291 934 super
3314 876 3498 920 terram
3524 883 3545 922 :
3572 871 3729 938 quasi

2131 949 2472 1015 supplicans,
2501 958 2556 1004 et
2598 950 2864 1006 efficacem
2904 952 3327 1008 exhortationem
3378 957 3626 1023 offerens,
3672 970 3731 1014 ut

2133 1055 2200 1094 ne
2228 1049 2503 1109 putaretur
2525 1044 2880 1112 perfunctorie
2906 1043 3197 1101 adhortari.
3220 1047 3283 1100 Et
3312 1047 3512 1101 idcirco
3538 1049 3725 1105 divina

2133 1129 2405 1200 Scriptura
2430 1143 2731 1189 monstrans
2759 1136 2910 1189 nobis
2931 1137 3057 1203 justi
3091 1139 3336 1191 virtutem
3370 1139 3721 1207 ineffabilem,

2131 1222 2330 1292 inquit,
2357 1224 2613 1277 Adorabat
2651 1242 2800 1294 super
2831 1237 3036 1287 terram,
3066 1237 3115 1281 et
3163 1228 3416 1296 gestibus,
3448 1239 3498 1283 ct
3547 1232 3728 1285 verbis

2130 1328 2378 1381 magnum
2435 1314 2725 1381 fervorem,
2776 1316 3041 1387 egregiam
3098 1318 3259 1371 animi
3325 1317 3723 1388 humilitatem,

2129 1420 2391 1459 smunuun
2425 1406 2837 1475 hostiitalitatem
2882 1416 2935 1461 et
2966 1409 3277 1462 immensam
3306 1411 3722 1468 Sollicitudinem

2128 1494 2451 1551 declarabat.
2486 1497 2552 1551 Et
2576 1515 2695 1552 cum
2728 1499 3024 1560 adorasset,
3054 1502 3244 1571 inquit,
3271 1503 3400 1556 dixit
3428 1520 3446 1557 :
3474 1506 3721 1571 Domine,

2127 1588 2171 1641 si
2198 1589 2363 1641 inueni
2392 1590 2605 1657 gratiam
2635 1607 2806 1643 coram
2837 1601 2912 1655 te,
2940 1609 3002 1644 ne
3023 1604 3287 1661 praetereas
3318 1612 3514 1648 servum
3550 1608 3720 1651 tuum.

2130 1679 2257 1745 ρης
2284 1697 2379 1749 pro
2408 1681 2663 1750 dignitate
2710 1682 3001 1735 laudaverit
3041 1683 3242 1752 justum
3290 1684 3471 1740 hunc?
3499 1688 3579 1742 vel
3614 1704 3723 1757 quo

2131 1784 2282 1843 pacto
2324 1790 2444 1827 eum
2473 1775 2590 1843 quis
2618 1775 2912 1829 innumeris
2942 1777 3099 1830 etiam
3139 1777 3290 1831 labiis
3318 1780 3566 1847 prmdieet
3587 1781 3612 1834 ?
3637 1780 3724 1834 iu-

2128 1880 2252 1917 cere
2282 1865 2446 1929 enim,
2470 1862 2707 1929 Domine,
2742 1882 2844 1920 non
2875 1866 3067 1920 insoliti
3103 1877 3181 1921 est
3219 1883 3383 1936 usus;
3414 1869 3594 1925 dicere
3619 1885 3719 1927 au-

2125 1965 2254 2018 tem,
2286 1954 2344 2011 Si
2374 1958 2541 2012 inveni
2565 1959 2779 2029 gratiam
2810 1958 2859 2011 in
2904 1960 3065 2013 oculis
3098 1960 3216 2025 tuis,
3249 1959 3348 2014 hoc
3369 1971 3452 2019 est
3479 1962 3716 2017 admira-

2126 2046 2250 2100 bile.
2285 2047 2627 2112 Benelicium,
2660 2050 2847 2118 inquit,
2880 2049 2998 2115 das,
3026 2065 3129 2105 non
3161 2052 3381 2119 accipis.
3411 2053 3545 2108 Vere
3572 2055 3717 2109 enim

2126 2137 2424 2208 hujusmodi
2474 2154 2559 2194 res
2610 2142 2940 2210 hospitalitas
2986 2152 3102 2212 est,
3155 2160 3257 2211 qua
3305 2146 3470 2213 magis
3524 2150 3720 2218 accipit

2122 2244 2280 2298 quam
2308 2230 2417 2294 dat,
2450 2231 2537 2300 qui
2585 2232 2728 2284 illam
2762 2243 3002 2301 prompte
3029 2244 3083 2288 et
3111 2235 3357 2288 alacriter
3385 2248 3620 2291 exercet.
3652 2244 3719 2293 At

2123 2336 2191 2374 ne
2217 2322 2335 2390 quis
2363 2323 2664 2376 auditorum
2704 2323 2830 2391 justi
2865 2326 3111 2379 virtutem
3142 2326 3409 2390 minuens,
3440 2329 3717 2384 existimet

2121 2427 2240 2465 eum
2268 2427 2491 2481 gnarum
2532 2415 2715 2482 quales
2747 2415 2818 2468 illi
2853 2417 3065 2481 fuerint,
3103 2417 3215 2471 ha-c
3245 2419 3518 2487 loquutuni
3544 2437 3667 2477 esse
3694 2440 3708 2473 :

2120 2516 2294 2570 neque
2319 2502 2482 2567 enim,
2505 2513 2559 2556 ut
2584 2520 2727 2572 sa-pe
2749 2506 2905 2559 etiam
2936 2508 3133 2560 dictum
3163 2517 3261 2571 est,
3284 2526 3529 2578 magnum
3552 2514 3712 2580 quid-

2119 2590 2240 2644 dam
2266 2592 2369 2646 tale
2387 2591 2591 2659 fuisset,
2624 2595 2666 2646 si
2700 2596 2875 2650 scions
2903 2597 3120 2651 dixisset
3151 2615 3164 2662 ;
3193 2600 3285 2652 sed
3317 2601 3633 2656 admirabile
3658 2613 3714 2659 et

2119 2685 2434 2752 stupendum
2465 2698 2567 2752 est,
2594 2704 2712 2740 cum
2737 2690 2882 2757 quasi
2908 2688 3150 2745 homines
3177 2692 3555 2762 alloipicntem,
3583 2699 3707 2751 talia

2119 2774 2279 2829 verba
2311 2776 2475 2844 loqui.
2502 2776 2575 2830 Ne
2597 2778 2877 2833 admireris
2902 2791 3097 2841 autem,
3117 2783 3254 2851 quod
3279 2798 3399 2837 cum
3426 2794 3534 2840 tres
3553 2803 3714 2843 exce-

2120 2868 2274 2935 perit,
2297 2866 2361 2919 ad
2395 2883 2551 2920 unum
2581 2884 2638 2922 se
2666 2881 2987 2924 convertcrt
3008 2874 3206 2940 justus,
3236 2875 3440 2944 dlthllS,
3470 2875 3705 2934 Damius.

2117 2958 2381 3013 Fortassis
2409 2960 2548 3014 enim
2594 2977 2726 3014 unus
2769 2962 3023 3017 illustrior
3051 2967 3258 3020 caneris
3283 2970 3571 3037 apparebat
3595 3014 3610 3032 ,
3640 2972 3704 3025 ad

2114 3063 2270 3117 quem
2315 3050 2737 3107 exhortationem
2791 3069 2939 3108 suam
2988 3060 3268 3111 convertit.
3290 3058 3492 3116 Deinde
3526 3073 3703 3118 autem

2114 3153 2235 3192 eum
2263 3140 2615 3209 progreditur,
2642 3157 2977 3199 communem
3010 3146 3132 3200 facit
3157 3163 3457 3204 sermonem
3483 3193 3498 3212 ,
3533 3164 3587 3207 et
3614 3156 3696 3208 ius

2112 3229 2224 3298 quit
2249 3248 2260 3280 :
2288 3230 2531 3285 Sumatur
2549 3248 2700 3302 aqua,
2727 3244 2774 3286 et
2795 3235 2960 3287 lavent
2989 3237 3137 3305 pedes
3163 3249 3381 3294 vestros:
3405 3251 3458 3295 et
3491 3245 3702 3310 iterum,

2113 3322 2502 3393 Refrigeramini
2526 3328 2617 3379 sub
2642 3325 2838 3392 arbore,
2860 3337 2906 3381 et
2933 3330 3199 3384 comedetis
3228 3350 3424 3401 panem,
3450 3347 3495 3388 et
3528 3348 3701 3404 postea

2110 3414 2406 3478 transibitis,
2442 3415 2587 3485 cujus
2614 3417 2778 3487 gratia
2804 3418 3091 3473 declinastis
3117 3422 3185 3473 ad
3210 3440 3419 3492 puerum
3458 3438 3697 3481 vestrum.

2112 3502 2272 3559 Vides
2315 3506 2581 3574 quomodo
2622 3507 2872 3577 ignorans
2908 3513 2996 3581 qui
3038 3513 3179 3577 sint,
3210 3517 3357 3578 (piasi
3400 3516 3703 3575 hominibus

2111 3594 2331 3663 loquens
2361 3599 2774 3664 transeuntibus,
2810 3601 2876 3654 ita
2908 3605 3173 3657 communi
3202 3606 3574 3662 exhortatione
3598 3613 3699 3663 uti-

2110 3694 2214 3750 tur,
2258 3688 2421 3741 semel
2467 3699 2625 3759 atque
2661 3691 2849 3747 iterum
2892 3710 3101 3748 servum
3133 3713 3190 3751 se
3220 3701 3456 3754 vocans?
3483 3704 3545 3755 lit
3579 3702 3699 3757 vide

2106 3777 2374 3846 quomodo
2426 3780 2665 3849 praedicit
2710 3791 2764 3835 et
2807 3799 3005 3837 mensa:
3049 3802 3158 3840 sua:
3207 3790 3514 3844 tenuitatem
3547 3833 3563 3856 ,
3594 3794 3699 3846 into

2106 3867 2353 3921 lautitias.
2399 3869 2673 3938 Sumatur,
2708 3874 2907 3943 inquit,
2951 3894 3112 3947 aqua,
3147 3889 3190 3932 ct
3218 3882 3381 3936 lavent
3425 3885 3576 3953 pedes
3619 3904 3701 3939 ue-

2104 3970 2233 4014 stros
2257 4003 2272 4023 ,
2316 3972 2360 4015 et
2405 3965 2769 4035 refrigerantiui
2810 3971 2901 4021 sub
2938 3971 3134 4026 arbore.
3164 3975 3296 4041 Quia
3327 3978 3469 4031 enim
3500 3979 3695 4049 fatigati

2103 4055 2254 4117 estis,
2278 4063 2330 4108 et
2356 4057 2576 4110 multum
2609 4060 2799 4115 tulistis
2820 4071 3029 4128 a-stiuu,
3054 4065 3175 4120 ideo
3200 4082 3297 4121 oro
3316 4084 3381 4123 ne
3409 4081 3697 4139 pratterca-

2109 4146 2175 4197 tis
2205 4162 2417 4200 servum
2450 4160 2705 4205 vestrum.
2734 4152 2867 4207 Num
2898 4156 3037 4210 enim
3066 4172 3312 4228 magnum
3341 4162 3590 4230 quiddam
3615 4177 3695 4220 est

2106 4235 2156 4289 id
2182 4237 2323 4305 quod
2358 4254 2458 4307 ego
2496 4242 2768 4296 exhibeo?
2808 4246 3009 4314 Aquam
3046 4249 3194 4303 vobis
3228 4251 3398 4306 solum
3442 4267 3696 4322 pnestare

2106 4343 2342 4395 possum,
2376 4347 2477 4399 qua
2518 4332 2637 4385 lotis
2676 4334 2899 4401 pedibus
2926 4338 3120 4392 vestris
3149 4340 3247 4397 Sub
3274 4343 3462 4397 arbore
3506 4344 3693 4415 fatiga-

2106 4417 2302 4472 tionem
2336 4420 2633 4487 deponatis.
2668 4422 2888 4493 Insuper
2930 4436 2983 4481 et
3024 4444 3221 4484 mensae
3262 4430 3391 4487 dicit
3433 4436 3691 4503 speciem.

2103 4507 2180 4565 Ne
2208 4510 2429 4576 putetis,
2463 4512 2625 4582 inquit
2650 4556 2665 4579 ,
2692 4530 2776 4569 me
2801 4518 3079 4586 splendida
3110 4521 3257 4577 vobis
3286 4526 3690 4593 appositurum,

2104 4600 2187 4653 vel
2207 4601 2665 4657 coudimeutorum
2692 4606 3073 4674 diversitatem,
3102 4612 3185 4666 vel
3215 4615 3558 4682 Opsoniorum
3599 4634 3695 4669 va-

2105 4691 2343 4744 rietatem
2378 4711 2390 4744 :
2425 4709 2610 4760 panem
2649 4698 2959 4763 comedetis,
2987 4712 3040 4756 et
3079 4703 3157 4759 sic
3184 4703 3517 4774 Transibitis,
3547 4712 3695 4778 cujus

2104 4785 2268 4853 gratia
2289 4786 2574 4840 dcc/inustis
2597 4788 2663 4841 ad
2688 4805 2888 4845 servum
2919 4803 3151 4848 vestrum.

2177 4876 2228 4929 5.
2276 4876 2459 4931 Vidisti
2489 4881 2756 4948 quomodo
2802 4884 2960 4937 variis
3002 4886 3172 4940 utitur
3215 4888 3409 4953 modis,
3441 4892 3693 4958 precibus

2104 4968 2317 5023 vincere
2345 4979 2742 5039 prmtcreuntes,
2770 4984 2823 5028 et
2849 4976 3106 5044 gestibus,
3132 4986 3186 5032 et
3209 4980 3403 5041 verbis,
3431 4990 3483 5035 et
3505 4985 3691 5050 quavis

2105 5060 2312 5113 ratione
2344 5060 2611 5117 attrahere
2642 5078 2737 5118 eos
2767 5064 2985 5120 volens?
3013 5067 3245 5122 Primum
3290 5071 3454 5138 enim,
3497 5072 3687 5141 inquit,

2103 5150 2362 5216 adoravit,
2392 5152 2585 5208 deinde
2605 5154 2853 5212 dominos
2878 5168 3051 5223 vocat,
3075 5170 3127 5213 et
3146 5177 3204 5215 se
3236 5161 3406 5232 ipsum
3437 5180 3686 5227 servum;

2106 5252 2286 5310 postea
2317 5243 2444 5297 dicit
2466 5261 2583 5321 qua:
2627 5245 2730 5299 illis
2756 5247 3088 5303 exhibiturus
3126 5250 3216 5316 sit,
3262 5263 3558 5308 extenuans
3598 5271 3686 5309 res

2104 5340 2159 5386 et
2187 5332 2333 5386 nihili
2355 5349 2473 5389 esse
2495 5335 2816 5404 significans.
2842 5339 2927 5392 Ait
2948 5340 3110 5405 enim,
3137 5342 3341 5410 Aquam
3365 5345 3500 5398 hanc
3524 5347 3688 5399 omni-

2104 5423 2202 5478 bus
2228 5426 2524 5492 cxpositam
2562 5425 2731 5482 habeo
2759 5428 2824 5484 ad
2868 5429 3119 5487 lavandos
3161 5432 3342 5503 pedes,
3375 5445 3429 5490 et
3468 5450 3684 5504 panem,

2088 5526 2159 5572 ~et
2180 5526 2377 5570 tectum
2404 5516 2470 5573 ab
2498 5518 2708 5575 arbore.
2736 5520 2811 5577 Ne
2838 5523 3217 5593 parvifeceritis
3237 5542 3415 5582 meum
3450 5531 3685 5585 taberna-

2106 5609 2303 5675 culum,
2355 5625 2420 5665 ue
2450 5610 2801 5682 despexeritis
2843 5626 3191 5685 senectutem,
3234 5635 3299 5674 ne
3341 5622 3577 5675 reuuatis
3617 5622 3683 5674 ad
