4020 6136
309 295 403 352 5'11

307 414 424 482 νὴν,
456 408 531 478 μὴ
562 403 848 476 ὑπερίδητέ
883 401 1033 474 [418]
1068 421 1169 475 μου
1197 402 1259 456 τὸ
1289 403 1490 475 γῆρας,
1531 401 1606 474 μὴ
1640 400 1972 472 ἀνανεύσητε

310 498 445 570 πρὸς
474 497 573 565 τὴν
601 495 738 566 ἐμὴν
768 492 1133 564 παράκλησιν.
1171 487 1299 545 Οἷδα
1325 492 1458 562 ὅσην
1505 490 1833 560 ὑπεμείνατε
1881 507 1976 544 τα-

307 584 635 655 λαιπωρίαν,
674 581 1004 653 στοχάζομαι
1055 578 1153 633 τοῦ
1184 577 1462 642 καύσωνος
1509 577 1608 649 τὴν
1661 577 1854 647 φλόγα,
1888 577 1978 632 διὰ

302 673 462 728 τοῦτο
491 671 744 743 ἀνεθῆναι
777 670 970 743 μικρὸν
1008 669 1154 740 ὑμᾶς
1187 667 1467 739 βούλομαι.
1499 668 1656 729 Ποῖος
1681 666 1862 738 πατὴρ
1891 684 1977 736 φι-

305 762 594 832 λόστοργος
644 758 779 830 πρὸς
824 758 988 812 παῖδα
1014 770 1039 798 ο
1076 757 1344 828 τοσαύτην
1372 755 1438 808 ἂν
1483 755 1793 818 ἐπεδείξατο
1826 754 1974 824 φιλο-

304 847 598 918 φροσύνην,
627 846 757 916 ὅσην
777 838 930 907 οὗτος
960 844 1094 916 πρὸς
1122 844 1247 907 τοὺς
1273 843 1521 912 ἀγνῶτας
1543 839 1636 896 καὶ
1664 840 1866 906 ξένους,
1885 841 1977 894 καὶ

303 933 600 1003 οὐδαμόθεν
659 931 808 1002 αύτῷ
861 931 998 995 τέως
1040 930 1389 1002 γνωρίμους;
1443 928 1584 982 Ἀλλ’
1621 928 1809 1000 ἐπειδὴ
1840 928 1977 999 μετά

306 1021 542 1091 σπουδῆς
572 1019 840 1092 προσῆλθε
882 1019 976 1072 καὶ
1011 1018 1204 1072 πολλοῦ
1237 1017 1331 1071 τοῦ
1376 1017 1528 1071 τόνου
1553 1056 1568 1080 ,
1621 1016 1850 1086 ἐπέτυχε
1878 1016 1978 1086 τῆς

303 1108 500 1179 ἀγρας.
519 1108 611 1161 καὶ
638 1107 736 1179 τῆν
764 1107 936 1178 θήραν
965 1105 1096 1159 εἵσω
1117 1106 1226 1159 τῶν
1245 1104 1477 1159 δικτύων
1505 1103 1690 1158 λαϐεῖν
1710 1104 1972 1175 ἠδυνήθη.

307 1194 414 1249 Kal
441 1191 638 1260 εἶπαν,
681 1195 865 1264 φησὶν,
895 1194 1061 1246 Οὕτω
1110 1192 1461 1262 ποιήσομεν,
1512 1191 1664 1246 καθά
1709 1191 1971 1260 εἴρηκας.

320 1279 764 1350 ’Λνεζωπύρησεν
793 1281 820 1333 6
848 1279 1179 1350 πρεσϐύτης.
1227 1280 1313 1332 Ἐν
1337 1277 1517 1350 χερσὶ,
1549 1279 1734 1349 φησὶν,
1759 1277 1868 1348 ἔχω
1885 1278 1977 1330 τὸν

307 1366 600 1437 θησαυρὸν,
631 1363 724 1417 τοῦ
754 1364 979 1417 πλούτου
1012 1363 1354 1436 ἐπελαϐόμην
1375 1405 1388 1426 ,
1423 1365 1766 1437 ἐπελαθόμην
1793 1365 1978 1418 λοιπὸν

304 1452 396 1506 τοῦ
425 1453 630 1524 γήρως.
685 1451 796 1505 Καὶ
849 1452 950 1523 ὅρα
1001 1452 1164 1505 αὐτὸν
1193 1454 1332 1506 πάνυ
1373 1451 1706 1523 γαννύμενον
1739 1451 1816 1524 τῷ
1840 1453 1979 1524 πρά-

305 1556 493 1609 γματι,
527 1539 622 1593 καὶ
660 1539 940 1609 μονονουχὶ
967 1537 1291 1608 σκιρτῶντα,
1316 1539 1410 1591 καὶ
1431 1537 1684 1611 καθάπερ
1715 1539 1783 1592 τὰ
1809 1539 1978 1612 μυρία

303 1627 484 1695 ἀγαθά
516 1627 575 1680 ἐν
621 1629 742 1690 ταῖς
775 1625 961 1696 χερσὶν
1021 1627 1436 1698 ἐπιφερόμενον,
1476 1626 1649 1691 οὕτως
1693 1628 1974 1700 ἡδόμενον.

304 1715 412 1770 Καὶ
441 1715 750 1768 ἔσπευσεν
785 1712 1051 1783 Ἀϐραὰμ,
1082 1713 1265 1785 φησὶν,
1302 1713 1402 1766 ἐπὶ
1421 1711 1536 1782 τὴν
1557 1714 1817 1782 σκηνήν.
1851 1715 1980 1768 Ὥσ-

304 1819 430 1873 περ,
463 1802 626 1866 ἡνίκα
665 1801 760 1854 ἐπὶ
792 1801 893 1873 τὴν
941 1800 1113 1874 θήραν
1170 1801 1347 1854 αὐτῶν
1378 1801 1653 1872 ἐπείγετο,
1709 1803 1980 1874 ἐμήνυσεν

303 1889 470 1944 αὑτοῦ
523 1889 616 1943 τὸν
672 1888 824 1943 τόνον
865 1887 956 1942 καὶ
1011 1888 1109 1959 τὴν
1170 1888 1483 1960 προθυμίαν
1531 1891 1566 1960 ἡ
1613 1888 1731 1943 θεία
1764 1890 1976 1962 Γραφὴ,

305 1979 553 2043 είποῦσα,
599 1979 1019 2049 Προσέδραμεν
1060 1980 1148 2045 είς
1174 1979 1556 2048 συνάντησιν
1579 1981 1802 2048 αὐτοῖς,
1839 1981 1980 2038 οὕτω

305 2068 399 2120 καὶ
434 2067 530 2121 νῦν
553 2067 739 2136 ἐπειδὴ
770 2062 877 2120 εἶδε
910 2068 1037 2131 τοὺς
1072 2066 1292 2138 ἄνδρας,
1326 2068 1420 2121 καὶ
1458 2068 1817 2141 κατώρθωσεν
1843 2071 1980 2144 ὅπερ

307 2154 591 2225 ἐπεθύμει,
615 2153 738 2207 οὐδὲ
759 2153 932 2217 οὕτως
964 2153 1147 2226 ἵστησι
1195 2153 1295 2226 τὴν
1323 2154 1658 2236 προθυμίαν,
1686 2157 1822 2212 ἀλλά
1851 2159 1980 2230 θερ-

307 2243 535 2315 μότερον
583 2243 745 2298 πάλιν
791 2242 1126 2298 ἐπιδείκνυσι
1153 2241 1243 2296 τὸν
1269 2241 1485 2314 ἔρωτα,
1517 2244 1639 2298 οὐδὲ
1682 2245 1868 2318 ἐπειδὴ
1923 2248 1981 2301 ἐν

308 2328 578 2401 ἀσφαλείᾳ
607 2329 822 2398 γέγονε,
865 2329 1052 2382 λοιπὸν
1084 2329 1455 2400 ρᾳθυμότερος
1501 2331 1759 2403 κατέστη.
1802 2334 1982 2405 Ὅπερ

307 2415 566 2479 πολλάκις
597 2417 756 2486 ἡμεῖς
786 2415 1151 2486 ὑπομένομεν,
1199 2415 1294 2469 καὶ
1341 2415 1495 2488 παρά
1542 2417 1642 2488 μέν
1678 2417 1777 2490 τὴν
1807 2419 1981 2490 ἀρχὴν

305 2503 475 2556 ἐνίοτε
506 2503 706 2572 πολλὴν
751 2501 1176 2571 ἐπιδεικνύμεθα
1225 2504 1326 2572 τήν
1372 2505 1640 2574 σπουδήνο
1676 2505 1896 2559 ἐπειδὰν
1925 2506 1981 2559 δὲ

305 2589 398 2643 τοῦ
423 2590 743 2663 πράγματος
765 2589 916 2652 ἐντὸς
937 2587 1246 2660 γενώμεθα,
1271 2591 1334 2643 οὐ
1357 2591 1450 2645 τὸν
1480 2590 1592 2645 ἴσον
1621 2591 1780 2648 πόνον
1802 2593 1982 2662 είσφέ-

307 2694 494 2748 ρομεν.
543 2676 684 2732 Ἀλλ’
712 2676 810 2748 οὐχ
833 2677 863 2728 6
893 2675 1099 2740 δίκαιος
1125 2675 1468 2742 οῦτως,ἀλλά
1489 2677 1576 2745 τί;
1611 2677 1779 2732 Πάλιν
1813 2679 1977 2733 σπεύ-

304 2766 383 2819 δει
409 2767 502 2820 καὶ
524 2764 802 2834 ἐπείγεται
819 2764 914 2818 καὶ
932 2763 1114 2835 τρέχει
1136 2763 1165 2816 6
1189 2764 1515 2835 γεγηρακὼς
1541 2765 1634 2819 ἐπὶ
1659 2766 1756 2838 τὴν
1777 2768 1982 2841 σκηνὴν

307 2849 443 2920 πρὸς
472 2849 712 2920 Σάρραν,
735 2848 843 2902 Kal
865 2843 1035 2901 εἶπεν
1055 2846 1212 2916 αὐτῇ
1231 2864 1244 2878 ’
1267 2846 1566 2915 Σπεῦσον,
1589 2850 1686 2903 καί
1705 2851 1982 2919 φύρασον

307 2937 440 3006 τρία
479 2937 665 3006 μέτρα
704 2935 1095 3006 σεμιδάλεως.
1127 2935 1328 2989 Σκόπει
1362 2937 1480 3001 πῶς
1518 2939 1612 2991 καὶ
1636 2938 1733 3010 τὴν
1767 2938 1982 3010 Σάρραν

308 3025 562 3078 κοινωνὸν
591 3023 857 3095 λαμϐάνει
891 3023 990 3095 τῆς
1030 3021 1222 3094 θήρας,
1258 3024 1352 3077 καὶ
1391 3024 1509 3089 πῶς
1546 3026 1718 3097 αὐτὴν
1767 3025 1981 3094 ἐξεπαί-

306 3113 460 3167 δευσε
484 3109 681 3183 ζηλοῦν
707 3107 874 3164 αὑτοῦ
898 3109 996 3181 τὴν
1021 3111 1242 3182 ἀρετήν.
1277 3111 1386 3164 Καὶ
1416 3110 1525 3184 7&9
1556 3112 1817 3182 κάκείνην
1840 3130 1982 3184 παρ-

305 3200 452 3270 ορμᾷ
488 3198 563 3268 μὴ
594 3195 852 3269 ῥᾳθύμως
872 3200 940 3268 τῇ
961 3197 1122 3268 χρείᾳ
1138 3196 1478 3264 προσελθεῖν,
1495 3199 1654 3265 ἀλλὰ,
1677 3200 1980 3266 Σπεῦσον,

307 3285 458 3356 φησί.
495 3287 607 3356 Τῆς
643 3283 886 3354 μεγάλης
915 3283 1252 3354 ἐπετύχομεν
1277 3285 1691 3355 πραγματείας,
1727 3289 1802 3359 μὴ
1848 3289 1983 3344 ἀπο-

307 3368 552 3438 λέσωμεν
583 3367 676 3420 τὸν
713 3364 1007 3436 θησαυρὸν,
1043 3365 1178 3418 ἀλλά
1209 3367 1508 3432 Σπεῦσον,
1550 3368 1651 3422 καὶ
1704 3372 1984 3439 φύρασον

307 3457 439 3524 τρία
463 3454 652 3524 μέτρα
676 3451 1062 3522 σεμιδάλεως.
1125 3450 1344 3523 Ἐπειδὴ
1389 3452 1496 3525 γὰρ
1522 3453 1636 3525 ᾔδει
1663 3456 1755 3510 τοῦ
1786 3474 1982 3530 κατορ-

309 3541 557 3611 θώματος
587 3539 647 3593 τδ
688 3537 913 3610 μέγεθος
939 3577 954 3604 ,
1003 3537 1257 3592 ἐϐούλετο
1307 3539 1562 3594 κοινωνὸν
1609 3541 1719 3595 τῶν
1775 3543 1980 3614 μισθῶν

307 3631 604 3702 λαμϐάνειν
631 3631 723 3683 καὶ
756 3629 864 3683 τῶν
897 3626 1217 3683 ἀντιδόσεων
1246 3628 1339 3683 καὶ
1364 3627 1462 3701 τὴν
1489 3628 1584 3684 τοῦ
1615 3629 1731 3701 βίου
1757 3633 1982 3705 γενομέ-

306 3738 404 3789 νην
435 3717 584 3788 αύτῴ
604 3715 880 3771 κοινωνόν.
911 3714 1011 3768 Διά
1038 3715 1092 3768 τί
1121 3715 1252 3788 7&9,
1287 3716 1409 3770 εἰπέ
1449 3733 1575 3788 μοι,
1610 3719 1784 3775 οὐδενὶ
1816 3721 1842 3760 b
1873 3722 1980 3776 τῶν

308 3807 606 3862 παιδισκῶν
629 3803 788 3859 τοῦτο
815 3804 1099 3871 ἐπέταξεν,
1122 3803 1258 3858 ἀλλά
1281 3807 1345 3877 τῇ
1376 3807 1597 3873 γυναικὶ
1624 3811 1688 3879 τῇ
1711 3809 1981 3882 προϐεϐη-

210 3894 214 3897 ’
306 3896 469 3968 κυίᾳς
507 3895 857 3965 ἐννενήκοντα
889 3893 995 3964 7&9
1017 3891 1153 3946 ἐτῶν
1189 3892 1482 3963 ἐτύγχανεν
1537 3889 1690 3950 οὖσα.
1740 3897 1850 3952 Καὶ
1879 3899 1980 3952 οὐκ

305 3982 556 4039 ἀνανεύει
583 3984 616 4054 ἡ
643 3981 830 4054 Σάρρα
862 3980 997 4052 πρὸς
1032 3979 1091 4033 τὸ
1122 3980 1423 4051 ἐπίταγμα,
1460 3981 1593 4036 ἀλλά
1613 3983 1711 4054 τὴν
1744 3985 1866 4055 ἴσην
1888 3988 1980 4040 καὶ

306 4073 444 4144 αὑτὴ
471 4071 778 4142 προθυμίαν
805 4068 1068 4138 εἰσφέρει.
1105 4068 1475 4122 Ἀκουέτωσαν
1522 4070 1746 4142 ἄνδρες,
1787 4073 1980 4126 ἀκουέ.

305 4177 486 4213 τωσαν
518 4160 776 4227 γυναῖκες
804 4174 817 4188 ·
848 4156 1042 4226 ἀνδρες
1071 4155 1172 4225 μέν
1200 4151 1313 4219 οῦν,
1363 4157 1449 4208 ἴνα
1473 4157 1614 4210 οὕτω
1641 4158 1741 4222 τὰς
1773 4162 1980 4218 ἐαυτῶν

309 4246 588 4308 συνοίκους
619 4241 1030 4306 ἐκπαιδεύωσιν,
1060 4241 1280 4294 ἐπειδὰν
1310 4245 1678 4314 πνευματικόν
1707 4265 1758 4300 τι
1790 4249 1979 4321 κέρδος

307 4332 661 4407 παρεμπέσῃ.
690 4330 770 4402 μὴ
792 4327 880 4384 διὰ
900 4327 1008 4382 τῶν
1031 4327 1256 4383 οίκετῶν
1281 4328 1436 4382 τοῦτο
1471 4331 1731 4403 πληροῦν,
1755 4335 1889 4392 ἀλλά
1911 4339 1977 4392 δι’

307 4421 516 4476 ἐαυτῶν
545 4421 761 4474 ἅπαντα
793 4414 1247 4488 διαπράττεσθαιο
1283 4418 1540 4486 γυναῖκες
1560 4417 1636 4483 δὲ,
1677 4419 1762 4474 ἴνα
1811 4423 1977 4476 σπεύ-

306 4509 438 4562 δωσι
489 4507 764 4560 κοινωνεῖν
795 4506 908 4569 τοῖς
936 4504 1164 4576 ἀνδράσι
1195 4504 1305 4559 τῶν
1329 4505 1586 4560 τοιούτων
1621 4511 1979 4582 κατορθωμά-

307 4611 436 4658 των,
462 4593 557 4648 καὶ
591 4593 666 4664 μὴ
696 4592 1126 4661 ἐπαισχύνωνται
1149 4592 1247 4662 τὴν
1279 4591 1601 4662 φιλοξενίαν,
1649 4597 1742 4650 καὶ
1770 4597 1868 4669 τὴν
1900 4601 1979 4664 εἰς

307 4682 527 4745 τούτους
556 4678 874 4750 θεραπείαν,
899 4677 1035 4732 ἀλλὰ
1073 4678 1446 4747 μιμείσθωσαν
1491 4681 1588 4751 τὴν
1637 4683 1851 4756 Σάρραν
1881 4687 1979 4759 τὴν

310 4768 628 4842 πρεσϐῦτιν,
651 4767 750 4836 τὴν
775 4768 830 4819 ἐν
855 4765 1040 4837 ἡλικίᾳ
1068 4764 1292 4837 τοιαύτῃ
1314 4768 1494 4818 πονεῖν
1518 4770 1976 4846 καταδεχομένην,

312 4857 406 4912 καὶ
435 4856 502 4910 τά
526 4855 634 4910 τῶν
666 4853 966 4907 παιδισκῶν
1002 4851 1140 4923 ἔργα
1188 4851 1474 4906 ἐπιτελεῖν.

392 4945 530 4997 Ἀλλ’
547 4941 660 4996 οίδα
676 4944 758 4996 ὅτι
779 4942 905 5013 [419
917 4924 1119 5011 Ῐοὺδεὶς
1130 4939 1380 5006 ἀνέξεται
1391 4941 1500 4995 τῶν
1517 4959 1592 4996 πα
1601 4943 1647 5014 ρ’
1665 4945 1696 5015 ἡ
1703 4946 1819 5014 μῶν
1834 4947 1980 5017 λεγο-

313 5032 509 5104 μένων.
527 5031 642 5085 Νῦν
664 5030 772 5101 7&9
796 5032 928 5099 ἡμῖν
945 5029 1040 5082 ἀπ’
1063 5029 1311 5092 ἐναντίας
1329 5029 1518 5103 ἐκείνῃ
1527 5031 1724 5096 πάντες
1743 5032 1979 5102 βαδίζειν

309 5121 641 5187 ἐπείγονται,
656 5119 749 5172 καὶ
766 5117 979 5196 πολλῆὴ
996 5116 1220 5188 βλακεία
1231 5120 1351 5182 ταῖς
1364 5117 1598 5188 γυναιξὶ,
1617 5121 1754 5193 καὶὴ
1775 5125 1979 5196 σπουδὴ

311 5208 447 5280 πρὸς
476 5206 568 5260 τὸν
596 5206 798 5276 κόσμον
827 5206 934 5259 τῶν
968 5206 1215 5275 ἱματίων,
1249 5205 1375 5278 περὶ
1424 5207 1494 5260 τά
1543 5210 1740 5280 χρυσία
1771 5213 1865 5265 καὶ
1911 5214 1980 5266 τὰ

309 5294 667 5368 περιδέρραια
685 5294 775 5344 καὶ
799 5292 890 5346 τὸν
910 5292 1106 5360 ἐξωθεν
1126 5293 1528 5365 καλλωπισμὸν,
1555 5297 1647 5350 καὶ
1674 5301 1773 5368 τῆς
1803 5300 1981 5373 ψυχῆς

309 5383 534 5454 οὐδεμία
558 5381 800 5451 πρόνοια.
854 5381 961 5434 Καὶ
990 5380 1110 5434 οὐδὲ
1165 5380 1377 5445 Παῦλος
1430 5382 1610 5438 αὐτῶν
1644 5386 1978 5443 καθικνεῖται

313 5471 451 5539 βοῶν
481 5469 574 5523 καὶ
597 5469 768 5538 λέγων
791 5484 806 5499 ο
828 5468 926 5536 Μὴ
959 5469 1029 5520 ἐν
1055 5468 1416 5537 πλέγμασιν,
1446 5468 1484 5538 ἢ
1516 5471 1745 5539 χρυσῷ,
1777 5473 1815 5541 ἢ
1835 5492 1983 5544 μαρ-

308 5560 594 5627 ταρίταις,
617 5557 655 5626 ἣ
679 5555 969 5627 ίματισμῷ
994 5557 1332 5611 πολυτελεῖ.
1355 5559 1496 5628 ’Ὀρα
1511 5559 1610 5630 τὴν
1630 5561 1987 5636 οὐρανομήκη,

305 5645 508 5714 ταύτην
549 5645 747 5717 ψυχὴν,
800 5645 918 5709 πῶς
963 5644 1063 5697 οῦκ
1119 5644 1366 5714 ἐνόμισεν
1401 5647 1624 5717 αἰσχρὸν
1658 5649 1806 5720 αὐτῷ
1837 5647 1976 5706 εἶναι

375 5765 396 5838 ξ
443 5765 670 5838 ξενὶι.νςι
701 5765 1211 5838 Μοζθίιπρὸςπαῖδα.
1248 5763 1329 5838 Ενκλ
1366 5779 1481 5838 "ass.
1519 5769 1602 5838 ξιιῙὶ
1636 5771 1973 5838 περζηπαῖδας,

310 5824 391 5890 εῐὶἱ
434 5826 502 5890 ,τις
534 5827 720 5890 παῖδας.
785 5828 814 5866 ιι
843 5824 1005 5890 Malim
1031 5829 1202 5888 legere
1247 5826 1462 5890 οὐδεμία,
1503 5829 1564 5877 de
1612 5824 1803 5880 ancillis
1844 5824 1972 5884 enni;

313 5885 525 5944 _'oquitur
549 5887 936 5947 Chrysostomus.
971 5885 1106 5937 limi.

1156 287 1214 343 S.
1244 285 1527 344 JOANNIS
1555 284 2042 345 CHRYSOSTOMI
2075 285 2392 345 ARCIIIEP.
2435 289 2976 348 CONSTANTINOP.

3652 292 3762 348 σεε

2084 401 2244 473 μέχρι
2267 403 2452 458 τούτου
2479 404 2571 459 τὸν
2589 405 2744 474 λόγον
2773 403 3120 475 ποιήσασθαι,
3136 404 3230 457 καὶ
3245 403 3336 457 ἐπὶ
3352 402 3560 476 ἐμπλεγ
3568 405 3766 475 μάτων

2078 487 2425 556 παραινέσαι.
2472 488 2708 551 Είκότως
2731 505 2744 518 ·
2795 489 2945 541 πᾶσα
2980 487 3088 557 γὰρ
3118 485 3263 556 αὐτῷ
3307 488 3339 556 ἡ
3374 486 3576 556 σπουδὴ
3626 489 3763 557 περὶ

2075 569 2174 640 τὴν
2199 569 2299 639 τῆς
2319 569 2498 641 ψυχῆς
2522 571 2841 641 ἐπιμέλειαν
2870 566 2958 640 ῆν.
3006 570 3157 623 Ἐπεὶ
3181 565 3272 624 οὖν
3296 564 3437 623 οἶδεν
3465 571 3548 623 ὅτι
3580 569 3765 623 ταῦτα

2079 649 2314 719 μάλιστα
2344 653 2442 722 τῆς
2473 652 2649 724 ψυχῆς
2704 654 2796 708 τὸν
2845 652 3060 724 δλεθρον
3106 652 3416 724 ἐργάζεται,
3449 652 3540 706 διὰ
3593 652 3767 705 τοῦτο

2075 733 2227 787 ούδέν
2250 736 2603 808 παρῃτήσατο
2621 736 2729 790 τῶν
2752 735 3136 808 προσηκόντων
3164 737 3242 797 εἰς
3265 735 3606 789 διδασκαλίαν
3634 738 3766 799 ταῖς

2075 815 2245 870 ταῦτα
2267 818 2575 882 νοσούσαις·
2605 819 2742 874 ἀλλά
2771 837 2937 891 φησιν
2957 859 2971 884 ,
3000 822 3049 873 εί
3081 819 3260 890 βούλει
3289 820 3629 891 κοσμεῖσθαι,
3663 819 3768 872 τδν

2075 896 2246 969 ἀληθῆ
2287 899 2492 970 κοσμοῦ
2526 901 2750 973 κόσμον,
2803 902 2864 955 ὃν
2914 902 3114 974 πρέπει
3171 902 3416 972 γυναιξὶν
3466 902 3762 955 εὐσεϐέσι·

2075 983 2186 1057 τοῖς
2214 983 2442 1052 ἀγαθοῖς
2465 983 2644 1056 ἔργοις
2676 985 2906 1056 κοσμοῦ.
2939 979 3106 1050 Οὗτος
3139 986 3238 1056 τῆς
3268 985 3448 1057 ψυχῆς
3478 988 3506 1039 6
3525 986 3761 1056 κόσμος.

2076 1056 2229 1129 οὗτος
2260 1067 2514 1137 οὐδεμίαν
2545 1069 2698 1141 παρά
2750 1069 2858 1124 τῶν
2887 1069 3089 1137 ἐξωθεν
3134 1056 3476 1140 κατάγνωσιν
3517 1070 3759 1138 δέχεται,

2075 1147 2264 1202 τοῦτον
2313 1150 2488 1214 οὐδεὶς
2534 1152 2872 1224 ἀποσυλῆσαι
2932 1153 3257 1225 δυνήσεται,
3302 1146 3455 1218 οὗτος
3484 1153 3763 1215 ἀνάλωτος

2083 1230 2240 1307 μένει
2262 1231 2546 1307 διηνεκῶς.
2583 1235 2714 1307 Ἀπὸ
2742 1236 2850 1307 γὰρ
2869 1234 3192 1307 τοῦκόσμου
3217 1236 3404 1307 τούτου
3437 1235 3530 1307 τοῦ
3559 1236 3762 1307 ἔξωθεν

2083 1301 2264 1373 μυρία
2303 1303 2548 1358 τίκτεται
2581 1301 2763 1360 κακάί
2815 1301 2908 1358 καὶ
2936 1301 3102 1360 οὔπω
3120 1307 3264 1374 λέγω
3308 1305 3406 1377 τὴν
3450 1306 3548 1376 τῆς
3575 1301 3758 1375 ψυχῆς

2077 1381 2274 1454 λύμην,
2288 1385 2387 1456 τὴν
2402 1385 2646 1440 ἐντεῦθεν
2668 1387 2944 1460 φυομένην
2967 1389 3306 1455 ἀλαζονείαν,
3325 1391 3424 1462 τὴν
3457 1389 3763 1461 ἐπεροψίαν

2077 1465 2176 1537 τὴν
2231 1468 2372 1522 κατά
2405 1469 2513 1522 τῶν
2547 1470 2795 1540 πλησίον,
2828 1473 2924 1526 τοῦ
2973 1473 3320 1544 φρονήματος
3341 1473 3442 1544 τὴν
3477 1474 3760 1537 ἀπόνοιαν,

2077 1552 2178 1621 τῆς
2206 1550 2389 1622 ψυχῆς
2428 1553 2527 1624 τὴν
2553 1553 2869 1626 διαφθορὰν,
2900 1555 3009 1609 τῶν
3039 1556 3244 1628 ἡδονῶν
3267 1557 3375 1610 τῶν
3407 1557 3626 1611 ἀτόπων
3664 1557 3763 1610 τδν

2078 1633 2244 1704 ἐσμόν
2261 1651 2274 1665 ·
2306 1635 2420 1688 ἀλλ’
2454 1637 2537 1689 ὅτι
2563 1635 2658 1689 καὶ
2689 1636 2894 1702 ἀλωτδς
2925 1649 2948 1677 ε
2977 1639 3005 1691 6
3026 1638 3228 1709 κόσμος
3251 1633 3401 1702 οὗτος
3417 1638 3510 1690 καὶ
3529 1637 3764 1692 οἰκετῶν

2078 1718 2452 1788 κακουργίαις,
2489 1720 2580 1772 καὶ
2610 1719 2823 1792 λῃστῶν
2859 1722 3050 1793 ἐφόδῳ,
3117 1723 3212 1778 καὶ
3245 1722 3594 1792 συκοφαντῶν
3637 1723 3763 1775 ἐπι-

2079 1798 2320 1864 ϐουλαῖς,
2356 1804 2452 1856 καὶ
2486 1803 2654 1874 μυρία
2686 1803 2753 1858 ἀν
2773 1822 2857 1868 τις
2887 1805 3037 1874 εῦροι
3066 1806 3314 1860 ἐντεῦθεν
3338 1797 3584 1876 φυόμενα
3609 1806 3762 1859 κακά

2077 1880 2172 1934 καὶ
2198 1881 2390 1951 ἀηδίας
2413 1885 2698 1955 διηνεκεῖς.
2735 1887 2873 1940 Ἀλλ’
2898 1889 2997 1957 οὐχ
3032 1891 3065 1958 ἡ
3100 1889 3287 1960 Σάρῤα
3315 1889 3542 1958 τοιαύτη
3565 1905 3581 1920 ο
3621 1888 3763 1942 ἀλλὰ

2077 1964 2170 2018 τὸν
2191 1966 2368 2038 ἀληθῆ
2401 1969 2606 2040 κόσμον
2633 1971 2896 2040 ἐκέκτητο
2915 1987 2928 2000 ·
2953 1971 3064 2025 δι’ὅ
3092 1973 3187 2026 καὶ
3203 1973 3330 2036 ἀξία
3356 1970 3451 2026 τοῦ
3481 1972 3759 2042 πατριάρ⁴

2079 2063 2173 2118 χου
2200 2044 2287 2121 ἦν,
2318 2052 2411 2104 καὶ
2431 2052 2680 2124 καθάπερ
2720 2055 2926 2119 ἐκεῖνος
2949 2053 3179 2108 ἔσπευσε
3194 2055 3288 2108 καὶ
3305 2054 3399 2108 ἐπὶ
3426 2054 3522 2125 τὴν
3552 2053 3762 2125 σκηνὴν

2080 2135 2334 2207 ἔδραμεν,
2374 2137 2515 2191 οὕτω
2547 2139 2640 2192 καὶ
2673 2140 2854 2209 ἐκείνη
2888 2140 3024 2211 μετά
3057 2139 3295 2209 σπουδῆς
3352 2138 3414 2194 τδ
3465 2139 3761 2210 ἐπιταχθὲν

2079 2217 2338 2288 ἐπλήρου,
2381 2219 2476 2272 καὶ
2507 2219 2681 2296 ἐφύρα
2744 2220 2870 2292 τρία
2921 2221 3093 2291 μέτρα
3129 2219 3478 2290 σεμιδάλεως.
3534 2220 3760 2290 Ἐπειδὴ

2079 2298 2188 2369 7&9
2219 2302 2366 2368 τρεῖς
2389 2297 2526 2372 ἦσαν
2563 2303 2613 2356 0l
2651 2304 3086 2373 παραγεγονότες
3108 2342 3122 2362 ,
3147 2303 3273 2374 τρία
3304 2304 3473 2374 μέτρα
3502 2303 3762 2356 ἐκέλευσε

2079 2382 2402 2452 φυραθῆναι,
2431 2383 2570 2437 ὥστε
2607 2383 2798 2438 θᾶττον
2825 2384 3028 2454 φθάσαι
3063 2385 3193 2449 τοὺς
3227 2386 3439 2454 ἄρτους.
3471 2387 3580 2439 Καὶ
3597 2385 3762 2438 τοῦτο

2079 2465 2471 2536 διαταξάμενος
2497 2468 2576 2531 είς
2611 2467 2710 2532 τὰς
2738 2467 2863 2536 βοῦς
2889 2468 3054 2522 πάλιν
3077 2468 3235 2530 αὐτὸς
3269 2468 3518 2538 ἔδραμεν.
3557 2469 3623 2520 Ὠ
3665 2468 3765 2536 γέ-

2082 2567 2264 2620 ροντος
2295 2551 2506 2620 νεότης,
2548 2550 2594 2603 ὣ
2620 2551 2802 2622 ψυχῆς
2826 2551 2979 2616 τόνος
3001 2565 3016 2580 ⁸
3057 2553 3235 2622 τρέχει
3257 2552 3348 2605 ἐπί
3373 2551 3468 2615 τὰς
3496 2550 3643 2621 βοῦς,
3664 2553 3764 2606 καὶ

2078 2631 2177 2685 οῦκ
2197 2631 2389 2702 ἀφίησί
2426 2649 2546 2686 τινα
2573 2633 2680 2687 τῶν
2703 2634 2926 2687 οἰκετῶν
2956 2634 3239 2700 ἀπελθεῖν,
3276 2635 3364 2690 διὰ
3408 2636 3626 2689 πάντων
3650 2635 3764 2688 δει-

2079 2715 2210 2779 κνὺς
2234 2719 2346 2780 τοῖς
2376 2719 2806 2789 παραγεγονόσιν
2826 2759 2840 2780 ,
2887 2719 3020 2789 ὅσης
3058 2717 3254 2788 ἡδονῆς
3287 2716 3607 2789 ἐπληρώθη,
3665 2719 3764 2772 καὶ

2079 2797 2227 2863 ὅπως
2277 2799 2417 2870 μέγα
2447 2817 2500 2853 τι
2549 2803 2762 2871 ἡγεῖται
2791 2801 2893 2872 τὴν
2939 2799 3116 2856 αὐτῶν
3156 2800 3496 2870 παρουσίαν,
3544 2801 3638 2853 καὶ
3676 2801 3762 2854 ὅτι

2080 2879 2352 2952 θησαυρὸν
2397 2877 2536 2936 εῖναι
2584 2885 2643 2937 τὸ
2671 2885 2903 2956 πρᾶγμα
2953 2884 3184 2954 νομίζει.
3234 2884 3343 2938 Kal
3369 2883 3570 2945 ἔλαϐε,
3598 2883 3761 2953 φησι,

2073 2963 2410 3033 μοσχάριον
2445 2966 2683 3020 ἁπαλόν
2706 2967 2807 3022 καὶ
2856 2968 3078 3022 καλόν.
3125 2967 3298 3031 Αὐτὸς
3333 2967 3398 3021 δι’
3440 2967 3631 3022 ἐαυτοῦ
3660 2968 3766 3039 τὴν

2079 3045 2308 3119 ἐκλογὴν
2343 3050 2653 3118 ἐποιήσατο,
2689 3053 2784 3104 καὶ⁸
2810 3051 2871 3104 τὸ
2902 3049 3187 3105 κάλλιστον
3237 3050 3346 3104 τῶν
3379 3050 3545 3105 ὅντων
3578 3051 3764 3105 λαϐὼν

2079 3129 2259 3183 δίδωσι
2288 3131 2365 3201 τῷ
2388 3133 2558 3199 παιδὶ,
2593 3134 2842 3187 κάκεῖνον
2863 3133 3202 3204 κατεπείγων
3225 3133 3302 3206 μὴ
3322 3133 3602 3205 μελλῆσαι,
3620 3134 3765 3190 ἀλλά

2082 3211 2280 3283 πολλὴν
2315 3214 2413 3285 τὴν
2445 3215 2679 3286 σπουδὴν
2708 3217 3101 3284 ἐπιδείξασθαι.

2151 3301 2225 3359 ς’.
2264 3295 2463 3350 Σκόπει
2497 3297 2614 3361 πῶς
2643 3297 2818 3353 πάντα
2849 3300 2988 3370 μετά
3036 3301 3253 3371 τάχους,
3289 3299 3422 3370 μετὰ
3451 3297 3765 3371 προθυμίας

2079 3373 2329 3446 ζεούσης,
2360 3378 2497 3448 μετὰ
2524 3379 2856 3452 ἱλαρότητος,
2883 3381 3022 3451 μετά
3051 3385 3243 3454 χαρᾶς,
3266 3383 3403 3453 μετά
3427 3381 3630 3448 πολλῆς
3657 3382 3760 3452 τῆς

2080 3457 2346 3530 θυμηδίας
2374 3461 2601 3528 γίνεται.
2628 3465 2736 3517 Καὶ
2758 3462 3054 3532 ἐτάχυνεν
3075 3467 3108 3519 ὀ
3137 3464 3278 3531 παῖς
3293 3464 3467 3518 τοῦτο
3483 3463 3759 3532 ποιῆσαι,

2080 3541 2233 3612 φησί.
2290 3543 2399 3596 Καὶ
2434 3544 2555 3598 ούδέ
2587 3543 2761 3608 οῦτως
2791 3545 2991 3616 ⁴ἠρέμει
3025 3548 3053 3599 6
3077 3545 3272 3615 γέρων,
3338 3545 3473 3600 ἀλλά
3507 3546 3672 3599 πάλιν
3701 3546 3762 3599 ἐν

2077 3624 2225 3688 τάξει
2247 3625 2519 3696 ὑπηρέτου
2537 3627 2773 3681 ἵσταται.
2804 3629 2911 3682 Kal
2937 3627 3139 3682 λαϐὼν
3149 3628 3454 3695 ,βούτυρον
3474 3627 3574 3680 καὶ
3601 3627 3761 3695 γάλα

2078 3707 2174 3760 καὶ
2196 3706 2263 3759 τὸ
2279 3706 2618 3776 μοσχάριον
2633 3709 2666 3763 ὅ
2688 3710 2958 3778 ἐποίησε,
2988 3711 3328 3779 παρέθηκεν
3349 3709 3568 3775 αὐτοῖς.
3583 3709 3760 3774 Αὐτὸς

2077 3787 2146 3840 δι’
2174 3788 2370 3842 ἐαυτοῦ
2399 3789 2580 3844 πάντα
2609 3794 2752 3844 ποιεῖ
2774 3793 2866 3845 καὶ⁵
2896 3791 3254 3863 παρατίθησι.
3297 3792 3409 3846 Καὶ
3450 3792 3571 3846 οὐδὲ
3605 3792 3758 3857 ἀξιον

2078 3871 2267 3924 ἐαυτὸν
2297 3871 2512 3942 ἐνόμισε
2542 3873 2636 3926 τοῦ
2661 3874 3102 3945 συγκαθεσθῆναι
3143 3876 3348 3938 αὐτοῖς,
3385 3874 3500 3928 ἀλλ’
3528 3874 3757 3928 ἐκείνων

2077 3952 2366 4008 ἐσθιόντων
2399 3958 2757 4028 παρειστήκει
2780 3958 2943 4021 αὐτὸς
2970 3957 3074 4010 ὑπὸ
3100 3957 3160 4010 τὸ
3186 3956 3422 4028 δένδρον.
3454 3958 3516 4010 Ὢ
3544 3956 3757 4026 φιλοξε-

2077 4035 2194 4102 νίας
2233 4037 2482 4108 μέγεθος,
2535 4039 2685 4112 [420]
2736 4039 2784 4094 ὣ
2836 4039 3332 4113 ταπεινοφροσύνης
3384 4039 3680 4111 ὑπερϐολὴ,
3709 4039 3758 4092 ὣ

2079 4118 2322 4187 φιλοθὲου
2349 4120 2574 4192 γνώμης
2601 4121 2883 4185 ἐπίτασιςῑ
2916 4123 3275 4192 παρειστήκει
3297 4123 3324 4174 6
3358 4120 3756 4191 ἐκατονταέτης

2077 4194 2229 4266 οὗτος
2247 4201 2533 4274 ἄνθρωπος
2560 4203 2846 4257 ἐσθιόντων
2873 4204 3071 4257 αὐτῶν.
3117 4201 3272 4271 Ἐμοὶ
3319 4202 3482 4265 δοκεῖ,
3526 4203 3632 4255 ὑπὸ
3655 4201 3757 4256 τοῦ

2079 4283 2243 4337 πόθου
2268 4285 2462 4339 πολλοῦ
2492 4287 2585 4340 καὶ
2607 4288 2706 4358 τῆς
2723 4287 3050 4358 προθυμίας,
3070 4285 3165 4340 καὶ
3189 4286 3286 4356 τῆς
3306 4284 3588 4350 ἀσθενείας
3607 4285 3754 4340 ἀνώ-

2076 4383 2233 4438 τερον
2263 4367 2423 4422 αῦτὸν
2450 4369 2571 4422 τότε
2609 4369 2954 4440 γεγενῆσθαι,
2979 4370 3071 4422 καὶ
3094 4369 3245 4438 ίσχύν
3259 4385 3379 4421 τινα
3405 4367 3748 4438 προσλαϐεῖν.

2079 4448 2248 4502 Εῖωθε
2264 4449 2371 4520 7&9
2396 4449 2652 4514 πολλάκις
2669 4452 2702 4521 ἡ
2720 4451 2818 4520 τῆς
2839 4449 3015 4520 ψυχῆς
3032 4448 3326 4520 προθυμία,
3345 4448 3562 4502 ἐπειδᾶν
3578 4447 3754 4520 ιρρω-

2081 4531 2216 4602 μένη
2239 4527 2294 4602 ᾗ,
2321 4532 2477 4603 νικᾷν
2509 4531 2603 4584 τοῦ
2640 4531 2885 4602 σώματος
2919 4532 3016 4602 τὴν
3041 4531 3347 4585 ἀσθένειαν.
3372 4530 3622 4599 Είστήκει
3642 4532 3751 4583 τοία

2076 4632 2170 4670 νυν
2194 4616 2222 4666 6
2243 4614 2584 4684 πατριάρχης
2616 4613 2867 4684 καθάπερ
2895 4613 3130 4684 οἰκέτης,
3160 4611 3425 4682 μεγίστην
3437 4610 3600 4680 τιμὴν
3623 4611 3757 4664 ταύ-

2075 4714 2176 4768 την
2207 4696 2530 4768 ἡγούμενος,
2561 4695 2655 4749 τοῦ
2710 4694 3110 4766 καταξιωθῆναι
3161 4693 3604 4765 ύπηρετήσασθαι
3639 4696 3754 4758 τοῖς

2077 4777 2332 4848 παροῦσι,
2361 4779 2454 4830 καὶ
2481 4777 2572 4831 τὸν
2593 4777 2698 4831 ἀπὸ
2719 4778 2818 4847 τῆς
2837 4776 3143 4847 ὁδοιπορίας
3169 4775 3411 4844 κάματον
3445 4773 3624 4825 αὐτῶν
3650 4791 3754 4828 πα·

2079 4858 2514 4930 ραμυθὴσασθαι.
2542 4854 2696 4922 Εἶδες
2721 4858 2820 4928 ὅση
2862 4856 2957 4910 τοῦ
3004 4857 3213 4911 δικαίου
3248 4859 3281 4927 ἡ
3316 4855 3621 4924 φιλοξενίας
3657 4858 3749 4928 Μὴ

2075 4943 2182 5014 γὰρ
2203 4942 2266 5012 δὴ
2295 4941 2452 4994 τοῦτο
2475 4941 2687 5003 σκόπει,
2711 4941 2792 4993 ὅτι
2821 4940 3019 5011 ἄρτους
3045 4938 3325 5010 παρέθηκε
3352 4938 3444 4990 καὶ
3472 4938 3532 4990 τδ
3551 4939 3751 5009 μοσχά-

2081 5043 2217 5096 ριον,
2251 5024 2365 5078 ἀλλ’
2395 5025 2571 5078 ἐκεῖνο
2610 5021 2860 5090 λογίζου,
2901 5022 3020 5092 μεθ’
3062 5023 3196 5091 ὅσης
3235 5021 3423 5091 τιμῆς,
3469 5020 3588 5089 μεθ’
3619 5023 3750 5092 ὅσης

2076 5109 2576 5182 ταπεινοφροσύνης
2629 5108 2700 5162 τὰ
2744 5106 2846 5176 τῆς
2899 5103 3204 5175 φιλοξενίας
3255 5102 3638 5157 ἐπεδείκνυτο·
3686 5107 3746 5158 οὺ

2077 5191 2329 5262 καθάπερ
2353 5193 2403 5244 οἱ
2437 5190 2636 5254 πολλοὶ,
2663 5189 2767 5243 κᾶν
2791 5184 3061 5257 ποιήσωσί
3089 5184 3220 5238 ποτέ
3244 5201 3297 5238 τι
3320 5183 3580 5248 τοιοῦτον,
3606 5185 3750 5256 μέγα

2079 5273 2334 5344 φρονοῦσι
2389 5272 2531 5327 κατὰ
2583 5271 2690 5324 τῶν
2720 5267 3142 5338 ὑποδεχθέντων,
3197 5268 3291 5320 καὶ
3352 5266 3611 5331 πολλάκις
3654 5271 3748 5322 καὶ

2082 5355 2421 5427 ὑπερορῶσιν
2473 5353 2654 5408 αὐτῶν
2692 5351 2780 5405 διὰ
2806 5349 2904 5421 τὴν
2937 5348 3218 5419 φθάσασαν
3240 5350 3320 5410 είς
3349 5347 3545 5412 αὐτοὺς
3589 5349 3743 5419 059a:-

2084 5437 2254 5492 πείαν.
2284 5437 2453 5490 Τοῦτο
2471 5437 2526 5489 δέ
2554 5434 2737 5506 ὅμοιόν
2765 5436 2880 5486 ἐστι
2897 5431 2974 5502 τῷ
2997 5447 3118 5485 τινα
3137 5429 3362 5482 πλοῦτον
3379 5432 3747 5498 συναγαγόντα

2079 5519 2174 5573 καὶ
2208 5519 2592 5590 περιφέροντα,
2625 5519 2690 5570 ἐκ
2725 5515 2835 5568 τῶν
2874 5512 3073 5585 χειρῶν
3112 5513 3326 5566 ἅπαντα
3351 5511 3502 5580 ῥῖψαι
3533 5512 3601 5564 τὰ
3627 5510 3748 5562 συλ-

2079 5601 2319 5668 λεγέντα.
2358 5602 2415 5654 ὐ
2439 5599 2552 5669 7&9
2573 5598 2709 5669 μετά
2729 5597 2983 5659 ἀπονοίας
3011 5612 3062 5648 τι
3078 5593 3464 5663 ἐργαζόμενος,
3486 5592 3580 5644 καὶ
3608 5591 3750 5644 οὕτω

2087 5683 2256 5736 ποιῶν
2281 5684 2356 5746 ὼς
2389 5683 2641 5754 παρέχων
2674 5681 2872 5751 μᾶλλον
2895 5679 2929 5747 ἡ
2958 5673 3267 5746 λαμϐάνων,
3293 5674 3392 5726 οῦκ
3420 5669 3558 5726 οἶδεν
3583 5673 3612 5724 ὅ
3633 5672 3749 5754 δια-

2083 5765 2380 5834 πράττεται
2402 5781 2415 5795 °
2440 5753 2526 5818 διὰ
2547 5764 2702 5816 τοῦτο
2723 5761 2984 5816 ἀπόλλυσι
3013 5756 3212 5811 καὶτὸν
3238 5757 3302 5809 ἐκ
3323 5755 3509 5808 τούτου
3533 5753 3747 5826 μισθόν.

2145 5899 2167 5927 ⁸
2196 5895 2320 5946 Tres
2359 5909 2471 5945 mss.
2518 5895 2769 5950 εὐάλωτος.
