4020 6136
345 350 443 406 ast
1364 339 1433 396 IN
1470 339 1623 397 CAP.
1665 337 1848 396 xvut.
1890 339 2127 396 esses.
2177 339 2404 397 HOMIL.
2447 340 2582 397 xu.
3542 316 3685 401 ’δεῖ

341 461 768 518 exhortationem
785 472 980 513 meam.
1006 455 1129 512 Scio
1150 462 1406 526 quantum
1426 454 1648 511 tuleritis
1670 454 1926 520 laborem,
1981 488 1987 497 .

341 555 589 626 conjecto
616 561 844 626 quantus
885 552 955 607 sit
979 549 1174 606 caloris
1199 557 1364 603 aestus
1391 564 1405 601 :
1431 555 1713 618 propterea
1742 547 1932 616 paulu-

344 652 457 706 lum
482 663 580 705 vos
626 660 873 702 recreare
901 644 1044 699 volo.
1077 641 1208 710 Quis
1235 649 1385 712 pater
1413 641 1549 696 ﬁlios
1591 653 1719 696 suos
1749 647 1935 695 tenere

340 741 591 810 diligens,
619 744 824 792 tantam
849 735 973 791 ﬁliis
998 732 1216 790 exhibet
1244 731 1650 801 benignitatem,
1682 737 1937 800 quantam

344 833 433 888 ille
464 831 660 902 ignotis
685 840 740 886 et
773 827 1085 900 peregrinis,
1118 833 1173 881 et
1217 839 1507 895 numquam
1532 822 1632 878 sibi
1677 821 1938 894 cognitis?

345 923 545 978 Verum
575 921 699 993 quia
756 934 949 991 magna
995 918 1296 974 alacritate
1322 915 1582 987 processit
1616 929 1680 970 ac
1718 923 1941 970 conten-

344 1015 515 1082 tione,
559 1021 878 1083 assequutns
907 1019 992 1067 est
1032 1010 1392 1075 venationem,
1432 1016 1487 1063 et
1524 1006 1760 1076 praedam
1798 1007 1938 1063 intra

342 1109 481 1163 retia
521 1106 844 1164 concludere
883 1107 1076 1176 potuit.
1108 1103 1175 1159 Et
1215 1104 1471 1170 dixerunt,
1500 1103 1708 1174 inquit:
1741 1102 1831 1158 Sic
1859 1104 1940 1174 fa-

342 1200 550 1265 ciemus,
580 1207 634 1252 ut
670 1197 866 1252 dixisti.
897 1195 1054 1252 Senis
1094 1195 1356 1251 excitatus
1385 1202 1469 1250 est
1486 1193 1739 1264 juvenilis
1764 1193 1934 1263 vigor.

345 1289 404 1343 In
442 1290 709 1353 manibus,
742 1288 934 1360 inquit,
963 1286 1136 1343 habeo
1164 1286 1493 1350 thesaurum,
1542 1285 1755 1341 divitias
1783 1300 1939 1341 asse-

342 1390 544 1451 quntus
574 1396 715 1447 sum,
759 1379 1050 1435 senectutis
1088 1378 1392 1434 obliviscar.
1425 1377 1491 1431 Et
1531 1375 1649 1431 vide
1687 1391 1813 1431 eum
1841 1390 1939 1430 ex-

342 1471 632 1527 sultantem
656 1471 709 1526 in
751 1485 936 1542 opere,
981 1479 1036 1527 et
1073 1469 1224 1541 quasi
1253 1484 1363 1540 prae
1403 1467 1597 1539 gaudio
1626 1468 1933 1532 saltantem,

344 1562 565 1632 perinde
591 1572 753 1635 atque
777 1564 946 1619 multa
975 1562 1113 1619 bona
1145 1563 1198 1617 in
1224 1561 1477 1617 manibus
1507 1559 1743 1628 afferret,
1777 1560 1848 1616 ita
1880 1574 1940 1616 se

341 1653 724 1710 Oblectantem.
750 1654 805 1709 6.
836 1653 900 1709 Et
938 1654 1211 1725 festinavit,
1246 1653 1437 1723 inquit,
1469 1652 1724 1706 Abraham
1762 1653 1815 1706 in
1858 1661 1940 1707 ta-

343 1742 689 1799 bernaculum.
723 1743 892 1808 Sicut,
930 1742 1149 1814 quando
1182 1743 1248 1798 ad
1274 1743 1615 1799 venationem
1642 1743 1939 1800 contende-

346 1834 459 1902 bat,
494 1834 814 1906 signiﬁcavit
862 1834 980 1906 ejus
1024 1834 1355 1890 alacritatem
1396 1844 1451 1891 et
1481 1835 1717 1891 laborem
1757 1835 1936 1890 divina

343 1923 643 1995 Scriptura,
666 1925 852 1981 dicens
881 1943 897 1981 :
929 1925 1163 1979 Accurrit
1180 1934 1348 1979 autem
1371 1926 1425 1978 in
1447 1941 1707 1979 occursum
1729 1942 1901 1980 eorum
1919 1943 1939 1981 :

345 2016 423 2071 ita
451 2025 504 2072 et
525 2031 667 2072 nunc
691 2016 815 2088 quia
844 2017 975 2073 vidit
1001 2018 1166 2083 viros,
1194 2025 1250 2073 et
1274 2016 1325 2071 id
1351 2016 1493 2087 quod
1519 2017 1738 2086 optabat
1757 2017 1936 2088 perfe-

344 2109 438 2174 cit,
471 2122 646 2180 ncque
685 2108 763 2164 sic
803 2108 873 2164 ab
907 2108 1181 2164 alacritate
1222 2106 1466 2174 desistit;
1500 2107 1592 2163 sed
1628 2110 1798 2179 magis
1829 2107 1939 2163 fer-

342 2207 561 2254 ventem
587 2199 823 2255 declarat
864 2214 1124 2264 amorem,
1170 2213 1343 2269 neque
1377 2198 1499 2268 quia
1531 2213 1749 2254 securus
1797 2208 1932 2267 erat,

345 2289 480 2346 ideo"
498 2289 945 2363 ﬁtnegligentior.
974 2289 1030 2346 Id
1056 2290 1199 2361 quod
1228 2290 1382 2345 nobis
1405 2288 1712 2361 frequenter
1735 2292 1934 2358 evenit,

350 2392 407 2438 et
434 2382 698 2453 principio
726 2381 885 2438 valde
923 2381 1146 2437 studiosi
1189 2396 1413 2436 sumus:
1439 2380 1653 2452 quando
1675 2389 1855 2437 autem
1883 2382 1936 2437 in

346 2473 621 2545 negotium
657 2480 879 2529 ventum
919 2482 1025 2540 est,
1075 2486 1184 2527 non
1226 2487 1320 2543 par
1366 2473 1600 2529 studium
1642 2472 1934 2530 at‘ferimus.

348 2566 547 2623 Verum
575 2566 752 2636 justus
794 2580 904 2621 non
932 2566 1032 2631 sic,
1083 2565 1178 2619 sed
1203 2564 1375 2633 quid?
1406 2565 1602 2620 lterum
1631 2566 1846 2621 festinat
1884 2576 1938 2622 et

345 2665 619 2726 properat,
648 2664 704 2710 et
726 2656 891 2712 currit
906 2655 1056 2710 senio
1077 2653 1349 2710 confectus
1369 2655 1422 2710 in
1449 2655 1846 2711 tabernaculum
1871 2657 1937 2712 ad

343 2747 581 2814 Sarram,
611 2743 681 2799 Et
709 2745 839 2801 dixit
876 2746 925 2801 ei
951 2761 970 2800 :
998 2744 1257 2814 Accelera,
1287 2754 1333 2800 et
1367 2746 1522 2801 misce
1544 2755 1643 2802 tres
1676 2764 1937 2802 mensuras

344 2839 547 2894 similat.
571 2838 864 2895 Considera
885 2837 1156 2909 quomodo
1193 2847 1248 2893 et
1279 2838 1496 2894 Sarram
1519 2840 1816 2895 venationis
1844 2855 1935 2895 so-

342 2928 483 2984 ciam
511 2928 757 2997 assumit,
782 2937 837 2985 et
858 2928 1128 3000 quomodo
1152 2943 1274 2985 eam
1296 2928 1491 2995 erudit,
1515 2938 1575 2984 ut
1599 2945 1751 2985 suam
1769 2930 1933 2988 imite-

345 3029 431 3074 tur
457 3019 731 3075 virtutem.
762 3018 975 3074 Etenim
1022 3026 1076 3074 et
1106 3018 1250 3073 illam
1282 3017 1468 3074 incitat
1500 3034 1569 3074 ne
1611 3019 1791 3075 ofﬁcio
1836 3035 1937 3076 suo

345 3110 679 3182 negligenter
716 3109 987 3182 fungatur,
1031 3108 1149 3177 sed,
1183 3108 1440 3177 Accelera,
1472 3109 1662 3181 inquit.
1693 3109 1936 3182 Magnam

344 3202 760 3273 negotiationem
801 3201 1076 3273 assequuti
1123 3216 1332 3269 sumus,
1380 3215 1447 3257 ne
1491 3201 1780 3272 perdamus
1818 3202 1937 3258 the-

343 3307 583 3360 saurum,
623 3291 718 3349 sed
740 3291 996 3358 Accelera,
1028 3300 1075 3347 et
1115 3292 1266 3347 misce
1290 3300 1391 3346 tres
1418 3307 1679 3348 mensuras
1727 3294 1929 3350 similia.

345 3383 611 3450 Quoniam
638 3383 846 3440 sciebat
873 3382 999 3439 boni
1036 3382 1214 3453 operis
1253 3382 1693 3454 magnitudinem,
1726 3384 1936 3440 volebat

345 3478 468 3532 vitae
503 3492 616 3533 sua:
657 3478 858 3534 sociam
897 3478 1060 3534 etiam
1108 3477 1467 3534 retribuendaa
1513 3477 1778 3535 mercedis
1815 3494 1937 3535 esse

344 3570 676 3639 participem.
707 3569 884 3639 Quare
925 3570 1090 3637 enim,
1129 3570 1216 3627 dic
1265 3568 1416 3637 mihi,
1448 3569 1579 3625 nulli
1619 3570 1934 3626 ancillarum

345 3663 449 3717 ltoc
485 3663 759 3735 prmcepit,
790 3663 883 3720 sed
913 3663 1067 3719 uxori
1093 3671 1197 3718 tam
1227 3670 1492 3732 provecta:
1531 3662 1740 3717 aetatis?
1769 3679 1937 3717 nona-

340 3757 487 3827 ginta
522 3756 669 3812 enim
721 3770 984 3810 annorum
1032 3760 1171 3808 erat.
1220 3752 1337 3808 Non
1380 3761 1639 3823 repugnat
1684 3754 1936 3810 mandato

339 3849 524 3915 Sarra,
560 3846 657 3903 sed
696 3861 881 3917 parem
902 3846 1063 3902 etiam
1099 3845 1212 3914 ipsa
1250 3844 1581 3901 alacritatem
1619 3844 1793 3901 affert.
1816 3847 1933 3901 An-

340 3941 490 3996 diant
515 3939 634 4005 viri,
662 3938 879 3994 audiant
904 3936 1159 3992 mulieres
1184 3955 1197 3991 :
1224 3935 1323 3990 viri
1350 3934 1587 4006 quidem,
1618 3945 1676 3991 ut
1698 3936 1778 3991 sic
1808 3951 1933 3994 suas

338 4032 753 4089 contubernales
800 4030 1070 4098 erudiant,
1113 4039 1170 4084 ut
1205 4028 1250 4083 si
1289 4026 1506 4099 quando
1548 4028 1824 4099 spirituale
1850 4029 1934 4085 lu-

338 4138 491 4180 crum
517 4123 737 4190 incidat,
783 4137 851 4178 ne
881 4137 978 4193 per
1002 4121 1227 4177 famulos
1253 4120 1356 4176 boc
1386 4120 1683 4190 perﬁciant,
1711 4121 1805 4177 sed
1836 4137 1935 4192 per

340 4216 548 4285 seipsos
574 4213 772 4270 faciant
798 4212 978 4268 omnia
1004 4229 1018 4278 ;
1042 4213 1293 4269 mulieres
1334 4222 1534 4282 autem,
1579 4219 1639 4268 ut
1675 4211 1930 4268 festinent

334 4306 522 4377 juvare
562 4305 706 4361 viros
738 4305 795 4360 in
824 4312 933 4361 tam
973 4302 1129 4359 bonis
1173 4303 1447 4375 operibus,
1494 4311 1549 4360 et
1589 4316 1696 4361 non
1732 4303 1931 4361 erube-

340 4404 493 4453 scant
512 4396 926 4467 hospitalitatem
957 4396 1011 4451 in
1037 4395 1243 4466 aliquos
1267 4409 1541 4461 exercere,
1562 4394 1773 4466 illisque
1800 4411 1933 4451 con-

312 4504 531 4560 gruum
562 4488 802 4560 prmbere
836 4487 1191 4544 ministerium
1217 4505 1231 4542 :
1259 4487 1356 4544 sed
1386 4487 1660 4542 imitentur
1705 4486 1925 4543 Sarram

339 4581 595 4648 vetulam,
625 4581 678 4636 in
706 4589 850 4636 tanta
878 4589 1094 4636 senecta
1114 4580 1349 4636 laborem
1378 4579 1606 4637 libenter
1635 4580 1927 4652 suscipien-

340 4682 471 4738 tem,
493 4680 548 4728 et
570 4671 887 4727 famularum
906 4685 1066 4741 opera
1095 4670 1483 4741 perﬁcientem.
1656 4726 1659 4729 .

414 4764 682 4820 Invenitur
705 4766 759 4821 in
782 4773 1019 4821 ornatum
1045 4766 1334 4821 mulierum.
1361 4796 1431 4807 -—
1462 4766 1654 4823 Verum
1679 4769 1792 4824 scio
1816 4769 1931 4826 fore

341 4869 400 4915 ttt
426 4859 604 4915 nullus
633 4858 771 4916 ferat
797 4873 860 4914 ea
887 4874 1007 4929 quae
1046 4873 1075 4911 a
1112 4859 1269 4914 nobis
1292 4857 1562 4914 dicuntur.
1592 4859 1746 4916 Nunc
1785 4862 1929 4918 enim

340 4969 530 5010 omnes
556 4953 710 5023 plane
738 4952 1008 5008 contraria
1032 4952 1115 5007 via
1145 4951 1416 5018 incedunt,
1444 4961 1500 5008 et
1543 4952 1708 5008 multa
1739 4955 1928 5010 mulie-

337 5062 459 5103 rum
494 5055 579 5102 est
620 5044 893 5112 mollities,
943 5058 1209 5114 omneque
1267 5043 1501 5098 studium
1542 5043 1597 5099 in
1644 5044 1791 5099 cultu
1839 5061 1932 5101 ve-

339 5139 522 5205 stium,
551 5139 605 5193 in
642 5138 822 5194 aureis
860 5135 1197 5192 ornamentis
1241 5145 1297 5192 et
1340 5134 1627 5191 monilibus
1654 5143 1814 5206 atque
1838 5151 1932 5192 ex-

340 5241 497 5285 terno
514 5238 729 5296 ornatu,
755 5227 950 5284 animae
976 5240 1105 5283 vero
1129 5226 1274 5281 nulla
1303 5234 1387 5282 est
1408 5241 1557 5281 cura.
1583 5225 1769 5297 Neque
1794 5225 1931 5281 Pau-

340 5322 425 5377 lus
451 5334 544 5376 cas
565 5329 886 5387 commovet,
927 5318 1150 5376 dicens:
1180 5315 1302 5372 Non
1330 5318 1384 5371 in
1407 5317 1627 5372 crinibus
1655 5318 1819 5383 tortis,
1852 5318 1933 5373 vel

331 5425 487 5473 auro,
518 5413 597 5466 vel
616 5412 924 5482 margaritis,
947 5410 1024 5466 vel
1046 5417 1341 5480 sumptuosa
1366 5416 1496 5464 veste
1520 5407 1598 5478 (l.
1618 5406 1750 5462 Tim.
1771 5408 1826 5462 ει
1846 5410 1926 5477 9).

341 5506 475 5560 Vide
504 5504 737 5558 animam
775 5503 913 5559 hanc
943 5503 1119 5573 ipsum
1164 5501 1355 5557 caelum
1393 5501 1760 5573 attingentem,
1791 5518 1928 5573 quo-

339 5597 501 5654 modo
526 5611 632 5651 non
654 5595 858 5666 putavit
877 5593 1152 5666 indignum
1176 5607 1236 5651 se
1260 5584 1314 5650 ei
1331 5592 1457 5661 vile,
1484 5594 1644 5651 etiam
1666 5594 1734 5651 de
1757 5595 1927 5666 capil-

336 5690 515 5745 lorum
541 5689 871 5743 ornamentis
911 5687 1224 5743 admonere.
1254 5685 1442 5742 Merito
1468 5704 1479 5739 :
1503 5701 1664 5742 omne
1704 5686 1848 5742 enim
1876 5687 1925 5745 ei

340 5779 577 5837 studium
600 5787 718 5837 erat
744 5778 796 5835 itt
831 5777 1120 5838 excolenda
1145 5778 1340 5836 anima.
1368 5777 1502 5846 Quia
1538 5777 1696 5850 igitur
1725 5778 1926 5836 sciebat

2049 454 2162 511 haec
2186 456 2414 511 maxime
2438 457 2632 511 anima:
2655 454 2941 526 perniciem
2973 470 3247 527 generare,
3274 456 3395 513 ideo
3421 473 3528 514 non
3565 476 3622 517 re
3642 492 3652 506 ι

2045 544 2177 617 fugit
2200 546 2287 600 illa
2320 546 2510 602 afferre
2539 562 2659 618 quae
2687 547 3076 605 conveniebant
3112 547 3181 605 ad
3210 547 3511 606 docendum
3539 565 3653 607 eas.

1995 706 2003 715 ‘
2042 653 2162 709 qua:
2188 637 2279 693 illo
2301 639 2486 694 morbo
2507 638 2852 705 laborabant;
2882 637 2978 695 sed
3002 639 3172 710 inquit
3206 657 3220 696 :
3248 638 3304 697 Si
3328 640 3408 696 vis
3428 641 3635 706 ornari,

2044 743 2171 784 vero
2199 736 2251 783 te
2279 740 2471 784 ornatu
2495 730 2631 798 cole,
2654 745 2811 802 quem
2835 730 2991 786 decet
3016 730 3270 789 mulieres
3297 729 3412 803 pias
3439 748 3453 788 :
3484 731 3649 791 bonis,

2047 830 2098 876 te
2117 822 2370 892 operibus
2398 836 2552 877 orna.
2582 822 2680 879 Hic
2717 823 2911 879 anima:
2954 823 3129 882 cultus
3168 833 3272 893 est,
3304 823 3392 883 hic
3418 841 3449 882 a
3477 827 3656 882 nullis-

2044 915 2282 970 externis
2311 915 2718 980 condemnatur.
2746 915 2889 973 ltunc
2930 918 3105 974 nullus
3134 917 3435 991 depraedari
3479 921 3631 992 pote;

2045 1008 2137 1074 rit,
2172 1007 2259 1063 hic
2283 1016 2543 1079 perpetuo
2571 1018 2751 1065 manet
2782 1018 2926 1065 tutus
2955 1018 3009 1066 et
3036 1010 3260 1082 integer.
3295 1013 3336 1066 A
3365 1012 3510 1068 cultu
3537 1029 3641 1068 τίη-κ

2048 1107 2154 1155 tem
2194 1110 2418 1156 externo
2456 1101 2734 1157 innumera
2763 1102 3008 1159 oriuntur
3046 1104 3183 1158 mala
3216 1104 3489 1161 :nondutn
3518 1105 3657 1163 dico.

2045 1192 2238 1247 animae
2267 1201 2607 1259 nocumenta,
2651 1195 3010 1266 arrogantiam
3042 1198 3161 1267 quae
3208 1196 3333 1254 inde
3372 1199 3632 1267 nascitur,

2046 1280 2355 1351 despectum
2398 1283 2647 1353 proximi,
2695 1284 2887 1339 fastum
2931 1284 3172 1356 spiritus,
3223 1288 3415 1343 anima:
3452 1304 3638 1345 corru-

2046 1372 2306 1442 ptionem,
2334 1373 2670 1445 voluptatum
2699 1374 3002 1430 illicitarum
3052 1392 3312 1445 examen;
3354 1378 3449 1435 sed
3489 1379 3642 1437 facile

2045 1462 2295 1533 diripitur
2327 1464 2417 1518 ille
2451 1464 2625 1521 cultus
2661 1474 2717 1521 et
2748 1463 3070 1521 famulorum
3101 1467 3432 1539 malignitate
3467 1470 3649 1525 latro-

2050 1569 2284 1624 numque
2313 1554 2540 1622 insidiis,
2571 1570 2780 1611 necnon
2821 1557 3273 1628 sycophantarum
3317 1561 3654 1628 calumniis;

2046 1654 2103 1701 et
2143 1646 2349 1701 inﬁnita
2388 1649 2526 1702 mala
2576 1647 2820 1705 invenire
2870 1649 2923 1704 in
2969 1665 3037 1706 eo
3068 1651 3212 1719 licet,
3254 1667 3327 1709 ac
3354 1663 3643 1726 perpetuas

2045 1737 2447 1795 amaritudines.
2476 1739 2637 1810 Atqui
2667 1739 2825 1796 Sarra
2849 1741 2970 1797 talis
3001 1757 3106 1799 non
3146 1755 3297 1812 erat;
3328 1746 3422 1803 sed
3454 1763 3637 1803 verum

2047 1829 2356 1899 possidebat
2384 1840 2631 1886 ornatum
2655 1849 2670 1888 :
2691 1831 2814 1889 ideo
2836 1841 2891 1889 et
2916 1833 3072 1905 digna
3096 1833 3193 1890 fuit
3216 1835 3516 1907 patriarcha
3542 1857 3557 1894 :
3582 1849 3649 1895 et

2046 1920 2184 1975 sicut
2222 1920 2312 1976 ille
2346 1919 2640 1989 festinavit,
2668 1931 2724 1978 et
2759 1922 2814 1978 in
2854 1923 3251 1981 tabernaculum
3282 1928 3537 1995 cucurrit,
3565 1930 3636 1984 ita

2045 2020 2100 2067 et
2142 2011 2255 2082 ipsa
2296 2027 2491 2083 magno
2529 2013 2706 2070 studio
2752 2012 2877 2071 fecit
2918 2030 3036 2087 quae
3067 2014 3323 2087 imperata
3367 2028 3539 2087 erant,
3584 2032 3640 2076 et

2049 2103 2263 2159 miscuit
2295 2110 2401 2160 tres
2450 2119 2730 2161 mensuras
2768 2106 2978 2162 similae.
3018 2108 3148 2163 Nam
3178 2110 3299 2179 quia
3339 2117 3449 2165 tres
3478 2123 3636 2167 erant

2045 2195 2136 2264 qui
2169 2196 2519 2264 advenerant,
2551 2206 2659 2252 tres
2689 2212 2966 2253 mensuras
2989 2198 3151 2268 jussit
3192 2202 3427 2267 misceri,
3475 2210 3531 2257 ut
3557 2203 3632 2258 ci-

2047 2287 2151 2342 tius
2176 2301 2341 2357 panes
2375 2296 2711 2358 pararentur.
2740 2289 2810 2344 Et
2837 2300 2893 2344 ut
2923 2291 3023 2345 hoc
3052 2293 3329 2362 praecepit,
3368 2291 3437 2348 ad
3466 2294 3630 2350 boves

2045 2378 2159 2448 ipse
2206 2380 2398 2435 iterum
2438 2382 2672 2437 cucurrit
2709 2379 2779 2455 (υ.
2824 2381 2903 2454 7).
2932 2383 2978 2438 0
3026 2384 3172 2440 senis
3195 2384 3575 2456 juventntem!’
3607 2405 3640 2442 ο

2044 2469 2239 2526 animae
2270 2470 2543 2540 vigorem!
2576 2472 2746 2527 currit
2788 2472 2856 2527 ad
2902 2472 3086 2540 boves,
3119 2484 3174 2529 et
3224 2491 3329 2529 non
3372 2477 3647 2546 permittie

2044 2562 2274 2632 aliquem
2304 2562 2618 2616 famulorum
2646 2578 2712 2617 eo
2734 2578 2988 2632 pergere:
3010 2579 3105 2634 per
3127 2566 3304 2619 omnia
3330 2576 3641 2624 monstrans

2046 2653 2110 2706 iis
2138 2652 2228 2722 qui
2269 2651 2615 2719 advenerant,
2646 2664 2843 2723 quanta
2888 2653 3157 2724 voluptate
3196 2656 3443 2724 perfusus
3470 2669 3635 2727 esset,

2045 2752 2098 2798 ct
2125 2743 2307 2814 quanti
2341 2743 2544 2800 faceret
2572 2759 2759 2800 eorum
2791 2745 3150 2814 praesentiam,
3181 2760 3345 2817 seque
3376 2747 3519 2805 hunc
3541 2766 3638 2820 pro

2047 2834 2297 2889 thesauro
2321 2835 2519 2890 habere
2542 2834 2825 2890 honorem.
2859 2835 2922 2889 Et
2951 2838 3167 2906 accepit,
3196 2837 3384 2908 inquit,
3418 2840 3631 2895 vitulum

2047 2928 2286 2982 tenellum
2314 2936 2360 2982 et
2416 2927 2621 2982 bonum.
2678 2926 2793 2997 Ipse
2838 2942 2932 2998 per
2972 2929 3316 2998 semetipsum
3368 2930 3635 2987 delectum

2045 3017 2191 3084 fecit,
2223 3027 2278 3074 et
2303 3018 2562 3088 optimum
2598 3020 2686 3088 qui
2720 3018 2907 3073 aderat
2929 3028 3205 3088 acceptum
3253 3032 3422 3091 puero
3447 3021 3631 3088 dedit,

2048 3122 2101 3167 et
2148 3112 2295 3167 illum
2344 3127 2556 3183 quoque
2582 3121 2757 3183 urget,
2790 3120 2850 3167 ut
2884 3112 3014 3168 'sine
3063 3127 3211 3168 mora
3233 3123 3488 3185 quantum
3521 3115 3637 3171 ﬁcti

2046 3211 2222 3272 potest
2244 3212 2583 3273 approperet.

2116 3295 2170 3350 6.
2210 3295 2592 3352 Animadverte
2629 3297 2898 3366 quomodo
2940 3297 3117 3352 omnia
3162 3312 3283 3352 cum
3331 3297 3631 3364 velocitate,

2044 3402 2167 3442 cum
2190 3388 2418 3444 ferventi
2445 3390 2743 3457 alacritate,
2775 3405 2897 3444 cum
2935 3389 3222 3456 hilaritate,
3266 3405 3388 3445 cum
3417 3391 3633 3462 gaudio,

2043 3494 2164 3534 cum
2212 3493 2403 3550 magna
2425 3479 2758 3550 jucunditate
2797 3480 2946 3535 ﬁant.
3000 3479 3066 3534 Et
3097 3481 3349 3551 festinavit
3385 3498 3511 3551 puer
3544 3483 3639 3536 hoc

2045 3571 2233 3640 facem.
2272 3567 2456 3639 Neque
2482 3568 2568 3623 hic
2589 3584 2750 3623 senex
2778 3568 3023 3638 quiescit,
3056 3568 3151 3624 sed
3177 3570 3369 3624 iterum
3393 3571 3445 3625 in
3474 3572 3638 3626 mini-

2043 3661 2139 3715 stri
2165 3661 2408 3717 ordinem
2433 3660 2641 3717 transit.
2671 3661 2724 3715 8.
2758 3659 2827 3714 Et
2846 3669 2900 3715 ut
2919 3661 3113 3732 accepit
3142 3661 3379 3733 butyrum
3408 3672 3455 3716 ct
3480 3662 3560 3716 lac
3588 3673 3637 3718 et

2042 3753 2272 3821 vitulum,
2305 3769 2453 3824 quem
2494 3761 2822 3820 mactaverat,
2854 3753 3093 3824 apposuit
3133 3753 3255 3807 illis.
3287 3753 3379 3809 Sic
3410 3769 3504 3824 per
3544 3771 3635 3811 so-

2042 3845 2328 3914 metipsum
2369 3845 2548 3900 omnia
2577 3844 2704 3900 facit
2748 3855 2802 3900 et
2843 3845 3080 3914 apponit.
3112 3844 3181 3900 Et
3208 3861 3382 3917 neque
3411 3845 3652 3918 dignum.

2042 3937 2391 4008 semetipsum
2417 3938 2628 3993 censuit
2657 3938 2747 4007 qui
2778 3936 3083 3992 consideret
3111 3952 3232 3993 cum
3260 3939 3369 4007 eis,
3398 3940 3634 3999 sedillis

2041 4028 2446 4085 comedentibus
2481 4027 2730 4084 adstabat
2755 4027 2871 4098 ipse
2901 4028 3001 4082 sub
3029 4029 3243 4084 arbore.
3286 4028 3337 4085 Ο
3362 4032 3633 4102 magnitu-

2039 4118 2219 4175 dinem
2263 4118 2673 4190 bospitalitatis!
2715 4133 2749 4175 ο
2787 4119 3102 4176 humilitatis
3146 4122 3554 4180 excellentiam!
3599 4144 3637 4180 ο

2042 4221 2276 4267 mentem
2302 4211 2591 4267 admodum
2634 4212 2970 4284 religiosam!
3001 4212 3247 4270 adstabat
3287 4217 3630 4272 centenarias

2039 4307 2202 4363 homo
2227 4307 2629 4364 comedentibus
2659 4307 2789 4363 illis.
2813 4307 2940 4363 Mihi
2967 4308 3178 4364 videtur
3203 4292 3336 4364 tunc
3356 4324 3469 4381 pra:
3496 4327 3633 4382 gau-

2038 4399 2128 4455 dio
2143 4400 2524 4470 alacritateque
2554 4399 2741 4465 multa,
2772 4399 3136 4455 imbecillitate
3158 4414 3253 4455 sua
3277 4399 3444 4455 factus
3471 4417 3631 4472 supe-

2039 4493 2169 4556 rior,
2218 4501 2273 4546 et
2312 4490 2478 4547 robur
2502 4491 2771 4563 quoddam
2810 4492 3103 4563 accepisse.
3136 4491 3291 4563 Saepe
3320 4493 3462 4550 enim
3493 4511 3629 4551 cou-

2038 4584 2217 4640 suevit
2257 4585 2507 4640 alacritas
2553 4584 2780 4651 animas,
2814 4584 2859 4641 si
2897 4586 3111 4655 quando
3156 4586 3650 4655 roboratafuerith

2039 4676 2252 4731 vincere
2272 4674 2516 4745 corporis
2543 4675 2988 4732 imbecillitatem.
3017 4675 3203 4733 Stabat
3224 4679 3384 4748 igitur
3405 4679 3626 4751 patriar-

2037 4765 2136 4821 cha
2164 4765 2315 4836 quasi
2344 4764 2603 4834 famulus,
2629 4767 2731 4823 hoc
2757 4783 2968 4823 summo
3008 4767 3198 4823 honori
3232 4767 3455 4833 habens,
3485 4772 3647 4841 quod,

2039 4857 2394 4926 praesentibus
2416 4858 2770 4925 ministraret,
2804 4869 2858 4914 et
2902 4858 3169 4914 solaretur
3194 4859 3403 4916 itineris
3440 4877 3645 4920 eorum

2039 4950 2297 5007 laborem.
2344 4951 2537 5008 Vidisti
2586 4961 2784 5021 quanta
2829 4951 2961 5021 justi
3011 4951 3395 5022 hospitalitas?
3444 4953 3630 5026 Neque

2037 5043 2178 5097 enim
2207 5044 2310 5099 hoc
2330 5043 2503 5099 solum
2523 5042 2830 5111 considera,
2857 5042 3000 5114 quod
3018 5058 3185 5115 panes
3212 5048 3635 5115 proposueriteL

2038 5133 2305 5189 vitulum:
2334 5133 2428 5189 sed
2480 5133 2607 5188 illttd
2651 5134 2861 5204 cogita,
2906 5148 3027 5188 cum
3079 5142 3282 5216 quanto
3324 5134 3531 5193 honore
3573 5148 3630 5193 et

2036 5232 2236 5295 quanta
2260 5223 2523 5280 modestia
2563 5223 2799 5280 exhibita
2843 5224 2912 5279 sit
2942 5223 3296 5294 hospitalitas.
3338 5226 3454 5283 Non
3491 5228 3642 5287 sicut.

2037 5316 2214 5385 multi,
2236 5316 2327 5388 qui
2357 5317 2402 5371 si
2422 5315 2550 5387 quid
2594 5316 2702 5372 tale
2739 5315 2983 5383 fecerint,
3015 5316 3331 5385 superbiunt
3365 5328 3420 5373 et
3444 5318 3626 5389 despi-

2036 5408 2184 5464 ciunt
2227 5418 2503 5479 susceptos
2544 5408 2805 5479 hospites,
2838 5423 2905 5464 eo
2934 5406 3080 5479 quod
3123 5409 3478 5465 ministerium
3522 5409 3631 5467 illis

2037 5500 2343 5558 exhibeant.
2374 5501 2487 5557 Hoc
2517 5509 2695 5557 autem
2725 5499 2949 5572 perinde
2976 5507 3083 5566 est,
3113 5515 3178 5556 ac
3206 5501 3251 5557 si
3276 5500 3396 5572 quis
3416 5500 3629 5555 divitias

2029 5602 2325 5664 ‘cougreget
2359 5601 2414 5648 et
2458 5592 2840 5649 circumferat:
2869 5601 2925 5647 et
2964 5606 3086 5648 cum
3123 5592 3419 5665 collegerit,
3447 5593 3627 5647 omnia

2036 5685 2195 5739 simul
2228 5700 2258 5741 e
2281 5685 2527 5741 manibus
2552 5685 2816 5755 projiciat.
2852 5686 3106 5755 Quisquis
3136 5686 3283 5741 enim
3324 5699 3446 5740 cum
3476 5700 3629 5741 arro-

2040 5779 2220 5849 gantia
2266 5788 2515 5850 speratur
2559 5779 2850 5850 quidpiam,
2909 5789 2963 5834 et
3010 5777 3089 5832 sic
3141 5775 3266 5832 facit
3316 5778 3467 5847 quasi
3511 5778 3630 5849 plus
