4020 6136
339 309 443 362 5δὸ

336 423 599 493 pra~beret
629 435 781 490 quam
807 418 1091 488 acciperet,
1122 421 1293 475 nescit
1318 419 1441 490 quid
1469 419 1625 473 faciat
1654 433 1665 471 τ
1694 415 1916 487 proinde

338 525 389 566 et
416 512 739 577 mercedem,
763 527 880 580 qua:
912 510 1033 565 hinc
1065 513 1390 581 proveniret,
1414 510 1694 581 disperdit.
1729 510 1921 564 Verum

339 608 508 678 justus
541 605 630 658 ille
666 605 843 659 sciens
887 602 1014 673 quid
1069 614 1396 673 operaretur,
1451 619 1545 673 per
1585 602 1761 656 omnia
1806 616 1923 671 qua:

340 698 582 763 faciebat,
612 694 924 750 ostendebat
953 697 1279 750 alacritatem
1309 696 1521 750 mentis.
1556 694 1623 751 Et
1648 704 1925 763 postquam

340 788 554 856 largiter
582 796 635 842 et
663 801 850 856 magna
881 786 1148 841 hilaritate
1176 786 1460 841 seminavit
1485 785 1920 855 hospitalitatem,

338 877 517 933 statim
564 885 618 932 et
648 876 950 946 manipulos
989 876 1290 931 uberrimos
1317 877 1558 932 messuit.
1588 875 1721 930 Nam
1748 875 1835 928 ubi
1860 890 1919 928 ea

339 983 457 1037 qua:
486 983 551 1023 ex
602 982 658 1021 se
708 976 862 1021 erant
909 968 1167 1037 implevit,
1200 976 1254 1023 et
1292 967 1423 1021 nihil
1456 966 1822 1037 prmtermisit,
1863 980 1926 1019 ae

341 1064 497 1115 tinem
525 1067 866 1131 acceperunt,
890 1076 1007 1130 qum
1030 1060 1095 1114 ad
1124 1060 1536 1131 hOSpitalitatem
1566 1059 1920 1130 pertinebant,

340 1151 715 1222 declarataque
744 1151 839 1206 fuit
860 1152 985 1220 justi
1011 1152 1176 1206 virtus
1207 1170 1219 1204 :
1256 1160 1381 1207 tunc
1416 1152 1633 1207 demum
1666 1159 1721 1206 ut
1753 1150 1925 1204 disce-

342 1255 424 1299 ret
471 1244 645 1313 jnstus
699 1255 1019 1314 quantorum
1063 1254 1116 1299 et
1165 1245 1399 1314 qualium
1457 1244 1715 1299 bonorum
1766 1259 1923 1297 causa

341 1338 498 1391 fuerit
542 1335 893 1405 hospitalitas,
933 1335 1241 1408 manifestat
1285 1350 1345 1391 se
1380 1337 1425 1391 is
1473 1336 1563 1406 qui
1607 1335 1923 1401 advenerat,

343 1440 501 1499 atque
539 1429 788 1497 paulatim
823 1429 1026 1499 justum
1063 1443 1175 1484 sate
1212 1428 1628 1499 magnitudinem
1676 1429 1926 1499 potentia:

342 1519 519 1574 docet.
552 1519 682 1573 Nam
715 1519 803 1573 ubi
830 1519 957 1573 vidit
987 1533 1107 1574 eum
1140 1527 1370 1574 stantem
1401 1518 1540 1589 apud
1568 1534 1841 1589 quercum,
1874 1528 1928 1574 et

347 1611 537 1665 stando
580 1626 827 1681 magnum
887 1610 1145 1669 honorem
1201 1620 1254 1666 et
1308 1611 1661 1666 ministerium
1710 1611 1923 1677 ali‘erre,

342 1703 478 1757 dixit
518 1703 605 1757 ei:
639 1702 693 1758 9.
731 1702 828 1758 Ubi
872 1711 944 1756 est
991 1701 1153 1757 Sarra
1194 1719 1323 1757 uxor
1366 1704 1491 1756 tua?
1520 1702 1710 1759 Statim
1749 1712 1927 1759 autem

344 1810 439 1863 per
467 1795 936 1864 interrogationem
976 1794 1332 1850 subindicavit
1375 1795 1425 1852 ei
1469 1810 1529 1852 se
1575 1810 1681 1850 non
1712 1810 1836 1851 esse
1861 1811 1925 1851 ex

344 1886 651 1956 vulgaribus
672 1884 924 1955 aliquem,
959 1894 1143 1956 utpote
1171 1886 1333 1956 quiet
1361 1887 1541 1941 uxoris
1568 1886 1708 1941 illius
1732 1902 1926 1941 nomen

348 1980 533 2034 sciret.
586 1980 679 2035 Ille
735 1986 913 2034 autem
960 1979 1164 2049 inquit:
1198 1977 1330 2033 Ecce
1372 1981 1425 2032 in
1470 1979 1813 2034 tabernaculo.
1861 1978 1929 2033 Et

344 2071 467 2138 quia
508 2070 711 2134 statim,
744 2077 1012 2140 tamquam
1041 2069 1205 2138 Deus,
1238 2070 1565 2140 polliciturus
1595 2079 1709 2127 erat
1738 2072 1786 2127 ei
1812 2085 1932 2140 quae

344 2177 505 2231 supra
547 2171 789 2217 naturam
818 2170 999 2229 erant,
1024 2172 1241 2233 propter
1271 2162 1374 2218 hoc
1400 2171 1453 2218 et
1478 2162 1706 2219 dicendo
1734 2177 1931 2221 nomen

346 2253 520 2307 Sarra:
560 2252 877 2323 signiticavit
915 2268 1073 2324 supra
1119 2254 1389 2310 hominem
1432 2269 1553 2310 esse
1590 2269 1710 2310 eum
1741 2255 1828 2325 qui
1879 2254 1931 2310 in

348 2343 747 2399 tabernaculum
775 2344 893 2415 ejus
922 2342 1232 2399 diverterat.
1264 2345 1350 2400 10.
1379 2343 1648 2399 Revertens
1674 2344 1825 2409 enim,
1854 2345 1934 2399 in-

347 2434 482 2502 quit,
514 2435 708 2487 veniam
746 2435 812 2487 ad
845 2442 892 2489 te
917 2435 1190 2488 secundum
1234 2446 1429 2505 tempus
1468 2434 1562 2488 hoc
1597 2435 1649 2489 in
1687 2435 1856 2499 horas,
1889 2444 1935 2488 et

350 2522 546 2578 habebit
572 2524 737 2591 filium
767 2521 930 2576 Sarra
952 2539 1081 2575 uxor
1101 2532 1205 2575 tua.
1237 2524 1377 2576 Ecce
1412 2523 1791 2591 hospitalitatis
1823 2525 1934 2578 fru-

351 2621 492 2677 ctus,
523 2626 649 2666 ecce
678 2611 970 2666 alacritatis
1005 2611 1145 2666 illius
1172 2611 1324 2667 mira:
1354 2626 1582 2680 merces,
1626 2627 1751 2668 ecce
1791 2614 1937 2668 labo-

358 2719 476 2759 rum
502 2702 674 2757 Sarra:
714 2703 1115 2757 retributiones.
1148 2702 1252 2758 Illa
1290 2712 1478 2765 autent,
1523 2703 1712 2775 inquit,
1746 2704 1936 2758 audivit

346 2797 498 2864 juxta
529 2796 709 2849 ostium
731 2794 1059 2861 tabernaculi,
1082 2804 1220 2849 stans
1250 2804 1359 2864 post
1380 2795 1527 2849 illud.
1562 2795 1647 2849 12.
1672 2793 1739 2848 Et
1765 2806 1819 2848 ut
1844 2795 1938 2849 hoc

353 2888 564 2953 audivit,
592 2888 701 2941 risit
725 2903 914 2952 secum,
956 2887 1167 2942 dicens:
1198 2885 1439 2940 Nondum
1468 2887 1669 2959 quidem
1695 2887 1815 2941 mihi
1842 2886 1937 2955 fuit

355 2996 508 3047 usque
533 2994 703 3045 nunc;
733 2978 965 3031 dominus
991 2984 1157 3031 autem
1185 2993 1321 3031 meus
1341 2992 1511 3031 senex.
1542 2975 1609 3031 Et
1638 2985 1693 3030 ut
1720 2984 1941 3033 excuset

358 3072 534 3126 divina
564 3071 836 3142 Scriptura
864 3070 1102 3136 Sarram,
1128 3069 1273 3139 prius
1301 3068 1643 3139 significavit:
1664 3069 1687 3124 1
1705 3070 1746 3124 l.
1779 3068 1942 3121 Abra-

360 3164 477 3216 ham
506 3170 672 3215 autem
712 3170 757 3215 et
802 3161 964 3216 Sarra
989 3160 1239 3231 progressi
1266 3170 1406 3214 erant
1439 3160 1491 3213 in
1519 3159 1691 3213 diebus
1725 3161 1850 3214 suis.
1880 3160 1945 3214 Et

361 3268 534 3322 neque
572 3252 675 3307 hoc
708 3259 955 3306 contenta
993 3251 1176 3321 adjicit
1203 3268 1215 3304 :
1244 3249 1311 3303 Et
1351 3250 1600 3305 desierant
1631 3250 1807 3305 Same
1834 3251 1944 3319 ﬁeri

358 3339 642 3397 muliebria.
691 3342 971 3398 Arefaetus
1017 3350 1153 3409 erat,
1202 3343 1390 3410 inquit,
1446 3342 1596 3408 fons,
1648 3354 1945 3398 excmcatus

359 3435 567 3500 oculus,
601 3432 812 3488 officina
860 3433 974 3502 ipsa
1014 3440 1129 3487 erat
1172 3431 1374 3486 inutilis
1413 3430 1569 3486 facta.
1600 3431 1681 3487 Ad
1707 3448 1825 3502 quae
1863 3449 1944 3489 re—

361 3527 593 3598 spiciens
638 3525 819 3591 Sarra,
864 3525 1129 3596 cogitabat
1169 3524 1309 3595 apud
1345 3525 1687 3595 semetipsum
1735 3534 1946 3581 aetatem

366 3633 523 3673 suam
566 3626 619 3674 et
646 3624 975 3672 senectutem
1012 3614 1327 3685 patriarchae
1355 3615 1425 3688 (υ.
1456 3614 1569 3686 12).
1594 3615 1791 3670 Verum
1821 3617 1947 3671 dum

367 3711 455 3764 illa
485 3711 622 3763 intra
655 3708 1051 3764 tabernaculum
1076 3709 1146 3761 ita
1185 3707 1400 3779 cogitat,
1428 3707 1473 3762 is
1504 3708 1594 3778 qui
1630 3709 1731 3763 scit
1757 3723 1949 3763 arcana

362 3800 581 3871 mentis,
603 3799 972 3858 demonstrare
1001 3799 1182 3857 volens
1210 3808 1262 3857 et
1288 3799 1499 3861 virtutis
1541 3814 1650 3857 sua:
1678 3800 1950 3859 excellen-

366 3896 515 3961 tiam,
562 3902 617 3949 et
664 3894 796 3947 nihil
845 3893 1110 3948 occultum
1157 3907 1216 3949 se
1256 3892 1442 3958 latere,
1500 3892 1628 3948 dicit
1676 3893 1947 3949 Abrahm:

364 3988 452 4041 15.
489 3984 591 4041 Cur
636 3985 747 4038 risit
792 3984 956 4039 Sarra
982 3985 1121 4054 apud
1168 3984 1407 4052 seipsam,
1440 3984 1610 4039 dicens
1639 4000 1657 4038 :
1686 3983 1953 4056 Numquid

362 4096 475 4134 vere
494 4078 733 4149 pariam?
758 4093 849 4147 ego
875 4086 1044 4131 autem
1071 4076 1232 4130 senui.
1263 4074 1389 4130 limo
1413 4075 1555 4129 enim
1584 4076 1671 4129 illa
1697 4074 1835 4146 apud
1863 4091 1952 4130 se-

365 4169 648 4238 metipsam
703 4167 989 4236 cogitabat.
1048 4166 1136 4220 M.
1192 4163 1334 4217 Nunt
1376 4164 1705 4234 impossibile,
1762 4165 1951 4236 inquit,

366 4258 507 4327 apud
546 4257 715 4310 Deum
733 4255 975 4308 verbum?
1004 4255 1144 4309 Ecce
1172 4255 1449 4310 manifeste
1474 4255 1705 4324 seipsum
1732 4254 1949 4327 detegit.

369 4351 483 4406 Non
530 4348 696 4414 scitis,
740 4346 928 4417 inquit,
974 4361 1081 4413 me,
1123 4355 1325 4401 natura:
1368 4346 1626 4403 Dominus
1664 4362 1785 4402 cum
1825 4348 1947 4415 sim,

371 4441 550 4497 omnia
594 4453 752 4509 posse
793 4437 1007 4508 quando
1052 4438 1294 4506 voluero,
1340 4446 1395 4493 et
1440 4448 1705 4494 mortuam
1748 4454 1956 4509 quoque

373 4532 584 4585 vulvam
637 4528 915 4584 fecundam
960 4538 1014 4585 et
1060 4530 1229 4601 partui
1270 4530 1514 4585 idoneam
1566 4530 1778 4586 facere?
1815 4529 1956 4584 Num

372 4620 714 4693 impossibile,
780 4621 987 4691 inquit,
1052 4621 1191 4689 apud
1250 4621 1414 4675 Deum
1477 4621 1713 4692 aliquid?
1770 4621 1959 4678 Nonne

378 4714 557 4770 omnia
609 4712 742 4767 facio
790 4719 845 4766 et
886 4710 1240 4765 transformo?
1289 4726 1467 4765 nonne
1507 4713 1630 4766 vitae
1670 4721 1725 4766 et
1770 4713 1959 4767 mortis

374 4812 696 4875 potestatem
742 4802 951 4858 habeo?
980 4800 1124 4855 Num
1149 4802 1455 4872 impossibile
1495 4813 1565 4856 est
1600 4804 1795 4872 aliquid
1820 4803 1959 4874 apud

377 4896 584 4950 Deum?
613 4894 802 4950 Nonne
839 4894 983 4962 prius
1023 4892 1122 4947 hoc
1169 4894 1435 4963 pollicitus
1472 4894 1630 4948 sum?
1672 4893 1807 4948 Num
1864 4911 1959 4965 po-

377 4995 482 5040 test
516 4985 784 5055 quidpiam
814 4998 841 5037 a
870 4999 956 5038 me
990 4982 1186 5039 dictum
1216 4999 1319 5037 non
1359 4984 1411 5038 in
1449 4999 1583 5053 opus
1606 4985 1790 5040 exire?
1819 4987 1956 5039 Audi

378 5077 558 5147 igitur,
592 5075 731 5145 quod
758 5074 824 5129 In
856 5076 1192 5143 temporehoc
1218 5086 1440 5130 revertar
1460 5077 1526 5130 ad
1554 5087 1599 5130 te
1630 5078 1682 5131 in
1709 5077 1880 5145 horas,
1915 5090 1962 5133 et

378 5170 471 5223 erit
512 5168 687 5223 Sarrre
715 5168 875 5238 ﬁlius.
922 5168 1205 5238 Postquam
1252 5179 1541 5235 revertere,
1594 5170 1782 5241 inquit,
1829 5180 1961 5224 tem-

376 5275 509 5330 pore
539 5260 658 5325 hoc,
693 5269 818 5315 tunc
844 5260 977 5315 sciet
998 5275 1058 5316 re
1089 5260 1200 5329 ipsa
1235 5261 1397 5316 Sarra
1425 5260 1567 5331 quod
1598 5276 1768 5331 neque
1799 5276 1960 5318 sene-

376 5362 496 5405 ctus
519 5350 567 5405 ei
588 5350 861 5405 obstaculo
891 5350 1073 5419 fuerit,
1098 5366 1271 5423 neque
1301 5352 1552 5407 sterilitas
1581 5370 1593 5407 :
1624 5353 1716 5407 sed
1739 5353 1961 5409 verbum

378 5455 560 5496 meum
591 5456 696 5495 non
724 5442 916 5510 poterit
937 5442 1141 5497 irritum
1165 5442 1336 5507 reddi,
1370 5452 1421 5498 et
1448 5454 1630 5514 partus
1650 5459 1767 5499 eam
1798 5446 1958 5503 doce-

378 5531 457 5587 bit
483 5547 668 5586 eorum
698 5548 815 5602 quae
844 5548 872 5586 a
901 5548 986 5587 me
1011 5533 1151 5588 dicta
1193 5544 1317 5589 sunt
1353 5537 1665 5603 potentiam.
1694 5536 1961 5594 Cancrum

380 5631 439 5675 ut
463 5622 553 5677 illa
585 5622 805 5688 audivit,
837 5638 1008 5694 neque
1032 5624 1119 5677 illa
1142 5640 1260 5695 qua:
1287 5627 1541 5695 cogitaret
1569 5643 1688 5685 esse
1714 5633 1961 5699 prazsenti

383 5715 609 5783 occulta,
651 5715 734 5771 l5.
786 5714 1001 5786 Negarit
1044 5716 1210 5771 dicens
1235 5733 1250 5769 .'
1286 5715 1401 5770 Non
1448 5719 1552 5772 risi.
1595 5720 1775 5776 Timor
1822 5724 1962 5779 enim

1052 306 1105 361 S.
1148 306 1424 362 JO.\NNlS
1462 300 1932 361 CIIRYSOSTUMI
1976 301 2288 359 ARClllEP.
2333 304 2864 363 CONSTANTINOP.

3516 314 3623 370 383

2033 415 2386 475 concusserat
2416 420 2531 491 ejus
2574 431 2828 478 mentem.
2875 423 3161 495 Propterea
3204 426 3477 498 Scriptura
3522 431 3627 487 hoc

2034 517 2202 563 totum
2244 510 2536 567 infirmitati
2577 512 2695 583 ejus
2736 515 2971 572 tribuens
3010 516 3197 588 inquit,
3244 517 3447 574 Timore
3488 525 3627 576 enim

2032 602 2297 669 perterrita
2332 602 2451 674 fuit.
2494 604 2687 659 Verum
2730 607 3026 676 patriarcha
3060 610 3188 665 dicit
3223 611 3314 667 ei:
3342 611 3481 679 Non,
3536 620 3628 670 sed

2031 692 2206 747 risisti.
2235 692 2312 749 Ne
2340 703 2513 764 putes,
2547 696 2736 766 inquit,
2768 698 2891 754 licet
2918 699 2970 754 in
2997 700 3177 758 animo
3205 700 3321 757 hinc
3349 711 3618 761 tractave-

2032 783 2125 849 ris,
2157 792 2209 839 et
2238 785 2290 839 in
2321 788 2528 841 occulto
2567 788 2771 853 riseris,
2808 789 2920 845 haec
2941 804 3103 862 posse
3127 791 3377 847 abscondi
3411 795 3479 849 ab
3504 798 3630 866 ejus

2031 877 2118 946 qui
2152 876 2369 931 advenit
2391 879 2587 935 virtute
2612 888 2666 934 et
2699 880 2943 936 scientia.
2979 882 3160 953 Itaque
3186 898 3383 955 negare
3419 885 3627 941 factum

2032 971 2160 1035 noli,
2191 985 2257 1025 ne
2299 970 2464 1025 addas
2502 971 2568 1027 ad
2613 982 2916 1042 peccatum.
2949 974 3134 1045 Magna
3179 978 3321 1031 enim
3356 977 3512 1035 hodie
3552 980 3626 1034 ab

2034 1058 2135 1114 hac
2161 1059 2519 1129 hoSpitalitate
2548 1063 2702 1118 nobis
2731 1065 3048 1133 proveniant
3071 1064 3230 1121 bona.

2103 1153 2153 1206 7.
2201 1150 2416 1207 Moralis
2462 1154 2763 1209 exhortatio.
2798 1155 3043 1212 —-Huuc
3092 1156 3360 1213 imitemur
3405 1173 3629 1227 onmes,

2031 1253 2086 1299 et
2109 1258 2350 1313 magnam
2385 1259 2632 1315 geramus
2659 1246 3033 1316 hospitalitatis
3058 1262 3241 1303 curam
3267 1267 3281 1303 :
3312 1264 3415 1304 non
3446 1259 3504 1306 ut
3534 1251 3632 1307 llu-

2031 1348 2218 1389 xorum
2242 1343 2296 1389 et
2317 1335 2737 1404 corruptibilium
2779 1336 3184 1395 retributionem
3209 1339 3381 1395 solum
3404 1324 3637 1411 adcipia-

2032 1440 2150 1479 mus
2170 1466 2184 1490 ,
2209 1425 2301 1480 sed
2330 1433 2386 1479 ut
2409 1441 2730 1496 reponamus
2758 1427 2911 1483 nobis
2936 1427 3095 1484 etiam
3126 1430 3503 1486 immortalium
3537 1433 3635 1487 bo-

2031 1530 2219 1569 norum
2246 1515 2569 1571 fruitionem.
2610 1517 2740 1572 Nam
2764 1521 2807 1572 si
2832 1519 2932 1574 hoc
2970 1518 3189 1575 facimus
3211 1563 3226 1589 ,
3248 1537 3346 1578 nos
3365 1522 3522 1577 etiam
3545 1523 3637 1578 hic

2030 1605 2297 1660 Christum
2324 1607 2675 1677 suscipiemus
2697 1649 2713 1676 ,
2744 1616 2800 1664 et
2828 1611 3079 1681 suscipiet
3104 1612 3266 1667 etiam
3313 1614 3427 1682 ipse
3454 1629 3551 1669 nos
3579 1615 3633 1669 in

2032 1699 2395 1755 mansionibus
2432 1700 2533 1757 illis
2557 1715 2675 1771 qua:
2701 1701 2769 1757 ab
2788 1710 2990 1757 artemo
3018 1712 3327 1773 praeparata:
3354 1714 3479 1760 sunt
3507 1705 3641 1761 dili-

2030 1788 2272 1858 gentibus
2301 1789 2469 1858 ipsum
2490 1836 2508 1857 ,
2546 1788 2926 1861 audiemusque
2953 1790 3024 1846 ab
3047 1807 3113 1847 eo
3152 1810 3166 1846 :
3206 1792 3409 1859 Venite,
3438 1795 3645 1851 benedi-

2033 1881 2100 1933 cti
2116 1878 2299 1937 Patris
2322 1883 2447 1946 mei,
2473 1881 2527 1936 in
2547 1882 2872 1937 hereditatem
2897 1885 3112 1954 accipite
3141 1894 3483 1955 pt'tcrarntum
3504 1889 3646 1942 vobis

2033 1986 2242 2041 regnum
2266 1970 2327 2023 ab
2351 1972 2543 2043 origine
2568 1972 2743 2027 mundi
2761 1972 2975 2044 (Matth.
2998 1976 3087 2030 25.
3114 1975 3321 2046 54.36).
3338 1976 3499 2046 Cujus
3519 1992 3645 2046 gra-

2036 2061 2107 2116 tia
2148 2071 2201 2117 et
2254 2071 2470 2132 prepter
2519 2063 2691 2132 quid?
2718 2063 2925 2119 Esurivi
2977 2065 3142 2134 enim,
3174 2073 3221 2120 et
3259 2066 3465 2121 dedistis
3516 2068 3646 2120 mihi

2037 2153 2382 2206 manducare:
2414 2152 2585 2219 sitivi,
2615 2162 2661 2207 et
2702 2156 2911 2223 potastis
2939 2170 3060 2210 me:
3111 2156 3405 2226 peregrinus
3449 2157 3549 2227 fui,
3594 2168 3645 2211 et

2037 2244 2307 2313 collegistis
2325 2261 2401 2299 me
2417 2246 2498 2300 :in
2515 2262 2709 2301 carcere
2734 2248 2831 2318 fui,
2852 2257 2896 2302 et
2921 2248 3158 2302 invisistis
3188 2266 3283 2303 me.
3305 2250 3442 2316 Quid
3468 2251 3650 2305 minus

2038 2334 2320 2390 molestum
2366 2351 2523 2406 quam
2577 2336 2728 2392 haec?
2771 2337 2908 2393 Num
2954 2339 3195 2409 prmcipit
3235 2339 3387 2395 nobis
3433 2342 3648 2396 curiose

2037 2424 2265 2479 scrutari
2293 2434 2347 2479 et
2397 2425 2686 2496 inquirere,
2728 2427 3042 2497 quibusnam
3092 2428 3411 2484 deberemus
3451 2444 3638 2484 curam

2038 2514 2329 2569 exhibere?
2365 2514 2443 2568 Tu
2490 2517 2633 2584 quod
2670 2528 2815 2571 tuum
2847 2527 2963 2584 est,
2995 2518 3192 2587 inquit,
3228 2520 3472 2589 ostende,
3517 2521 3644 2576 licet

2040 2604 2279 2674 abjectus
2324 2614 2379 2662 et
2404 2607 2523 2662 vilis
2547 2607 2636 2675 sit,
2691 2619 2748 2664 ut
2780 2619 3031 2680 apparet,
3065 2625 3222 2679 quem
3277 2610 3469 2669 foves:
3527 2630 3649 2685 quae

2040 2698 2182 2750 enim
2205 2696 2256 2751 in
2284 2696 2402 2752 illos
2424 2698 2556 2752 facta
2577 2708 2720 2767 sunt,
2747 2714 2848 2771 ego
2866 2710 2924 2755 ut
2950 2702 3077 2757 mihi
3104 2705 3200 2774 ipsi
3224 2703 3364 2759 facta
3394 2720 3647 2775 agnoseo.

2043 2789 2328 2858 Propterea
2349 2788 2553 2845 addidit
2574 2808 2587 2844 :
2611 2790 2675 2845 In
2696 2802 2941 2859 quantum
2965 2794 3154 2864 fecistis
3174 2796 3261 2849 uni
3278 2798 3492 2866 fratrum
3516 2812 3651 2850 meo-

2044 2894 2161 2931 rum
2189 2879 2541 2947 minimarum,
2570 2879 2693 2933 mihi
2722 2882 2905 2950 fecistis
2937 2882 3094 2953 (lbid.
3120 2899 3170 2939 υ.
3192 2886 3307 2955 40).
3341 2884 3503 2954 Igitur
3527 2900 3652 2939 cum

2047 2977 2191 3024 tanta
2219 2985 2284 3024 ex
2316 2969 2673 3040 hospitalitate
2709 2974 2816 3027 sint
2849 2973 2990 3028 lucra
3012 3014 3028 3039 ,
3058 2991 3162 3030 non
3211 2985 3617 3033 contemnamus
3638 3019 3652 3041 ,

2046 3061 2142 3120 sed
2172 3061 2407 3130 quotidie
2454 3061 2611 3131 hujus
2642 3062 2797 3117 bonae
2826 3065 3197 3134 negotiationis
3225 3080 3431 3122 merces
3456 3065 3659 3121 inferre

2047 3153 2376 3222 studeamus,
2429 3154 2659 3210 scientes
2708 3156 2990 3212 Dominum
3035 3166 3275 3213 nostrum
3327 3159 3657 3214 alacritatem

2049 3258 2316 3314 magnam,
2363 3259 2467 3298 non
2512 3244 2752 3300 ciborum
2801 3246 3008 3315 pondus
3035 3250 3468 3320 requirere,non
3496 3265 3653 3303 meu-

2049 3348 2162 3393 sam
2189 3342 2575 3404 sumptuosam,
2605 3335 2701 3390 sed
2746 3346 2978 3392 mentem
3005 3336 3231 3394 hilarem
3253 3382 3266 3404 ,
3296 3354 3401 3394 non
3452 3348 3661 3394 tantum

2051 3424 2407 3480 ministerium
2440 3442 2469 3479 a
2499 3426 2654 3481 nudis
2683 3427 2881 3495 verbis,
2912 3428 3007 3484 sed
3027 3431 3301 3485 caritatem
3332 3446 3362 3484 a
3391 3446 3523 3501 puro
3543 3433 3657 3485 sin—

2053 3530 2285 3586 ceraque
2332 3519 2511 3572 corde.
2545 3517 2746 3574 ldeirco
2797 3530 2853 3575 et
2906 3522 3117 3591 sapiens
3154 3523 3369 3593 quidam
3414 3523 3661 3579 dicebat:

2056 3607 2241 3661 Melior
2278 3625 2440 3662 sermo
2461 3625 2612 3678 quam
2633 3626 2815 3665 munus
2847 3612 3033 3683 (Eccli.
3066 3614 3151 3669 l8.
3179 3614 3293 3686 16).
3337 3615 3491 3686 Smpe
3518 3616 3666 3670 enim

2055 3700 2319 3757 sermonis
2341 3701 2655 3773 obsequium
2684 3703 2853 3776 magis
2875 3715 3083 3761 recreat
3108 3706 3432 3778 indigentem
3456 3749 3471 3774 ,
3499 3723 3661 3778 quam

2057 3796 2258 3851 donum
2283 3797 2474 3866 ipsum.
2506 3796 2632 3852 Haec
2666 3812 2789 3852 cum
2816 3802 3048 3853 sciamus
3068 3841 3082 3865 ,
3116 3816 3185 3856 ne
3208 3800 3376 3856 simus
3421 3800 3667 3856 difliciles

2058 3904 2180 3960 erga
2211 3904 2303 3944 eos
2344 3890 2433 3960 qui
2462 3888 2528 3943 ad
2558 3904 2657 3945 nos
2683 3890 2943 3945 accedunt
2969 3910 2981 3946 :
3010 3892 3103 3947 sed
3135 3893 3179 3948 si
3220 3892 3547 3963 potuerimus
3574 3907 3669 3947 eo-

2058 3998 2177 4037 rum
2206 3983 2439 4052 in0piam
2460 3983 2738 4038 sublevare
2761 4025 2774 4049 ,
2801 3984 2905 4039 hoc
2928 3984 3184 4039 faciamus
3211 4000 3332 4039 cum
3346 3983 3538 4055 gaudio
3566 3984 3661 4038 lte-

2061 4076 2281 4146 titiaque
2317 4091 2505 4147 magna
2537 4094 2549 4129 :
2582 4090 2689 4132 non
2712 4085 2767 4131 ut
2808 4078 3106 4147 praebentes
3136 4078 3333 4149 aliquid
3354 4120 3368 4145 ,
3402 4078 3496 4133 sed
3520 4086 3578 4132 ut
3600 4078 3670 4133 ab

2061 4167 2137 4221 eis
2162 4168 2390 4222 maxima
2418 4167 2740 4239 accipientes
2771 4185 2785 4221 :
2813 4168 2954 4238 quod
3002 4171 3044 4225 si
3093 4185 3198 4226 non
3248 4184 3529 4240 possumus
3550 4211 3569 4239 ,
3602 4185 3671 4225 ne

2060 4261 2227 4317 simus
2256 4261 2431 4331 asperi
2460 4262 2513 4316 in
2566 4277 2659 4317 eos
2690 4279 2702 4316 :
2735 4261 2828 4317 sed
2860 4263 3034 4318 verbis
3058 4263 3249 4319 saltem
3277 4278 3465 4318 eorum
3485 4278 3677 4317 curam

2062 4367 2315 4422 agamus,
2377 4362 2432 4408 et
2478 4367 2600 4409 cum
2651 4353 3057 4410 mansuetudine
3099 4355 3519 4424 reSpondeamus
3567 4355 3671 4409 eis.

2062 4442 2240 4510 Quare
2274 4444 2416 4498 enim
2443 4442 2574 4499 dure
2597 4444 2888 4514 compellas
2929 4444 3077 4500 eum?
3123 4445 3259 4501 Nam
3306 4446 3491 4516 cogit?
3547 4460 3676 4499 num

2065 4533 2173 4587 vim
2201 4533 2366 4588 facit?
2397 4534 2564 4601 Orat,
2593 4535 2874 4605 supplicat,
2905 4535 3151 4594 obsecrat
3175 4555 3187 4589 :
3216 4537 3304 4606 qui
3348 4546 3528 4592 autem
3554 4535 3675 4590 ba-c

2066 4624 2228 4689 facit,
2256 4624 2579 4680 contumelia
2605 4624 2795 4695 dignus
2823 4640 2929 4680 non
2959 4634 3060 4681 est.
3093 4626 3230 4693 Quid
3272 4625 3425 4691 dico,
3463 4634 3578 4681 orat
3618 4634 3677 4679 et

2065 4712 2350 4784 supplicat?
2382 4714 2657 4769 lnnumera
2703 4715 2838 4770 bene
2866 4725 3183 4786 apprecatur
3204 4757 3220 4783 ,
3248 4725 3303 4771 et
3349 4715 3465 4769 bmc
3492 4716 3671 4770 omnia

2071 4804 2196 4859 facit
2225 4820 2322 4875 pro
2343 4821 2449 4858 uno
2481 4805 2638 4860 obolo
2658 4846 2674 4871 ,
2704 4820 2876 4875 neque
2903 4815 3082 4861 tamen
3109 4806 3257 4861 illum
3283 4821 3584 4876 erogamus.
3614 4807 3684 4861 Et

2067 4914 2226 4968 quam
2270 4913 2618 4968 assequemur
2649 4899 2899 4953 veniam?
2929 4914 3087 4969 quam
3130 4900 3443 4955 habebimus
3489 4899 3680 4954 defen-

2067 4992 2308 5047 sionem“?
2338 4992 2444 5061 Ipsi
2485 4992 2700 5062 quidem
2730 4993 2967 5063 quotidie
3009 4993 3207 5048 lautam
3235 5008 3474 5048 mensam
3527 4993 3687 5048 nobis

2069 5084 2258 5154 apponi
2291 5098 2574 5151 curamus,
2619 5094 2673 5140 et
2723 5100 2866 5155 smpe
2898 5085 3017 5156 plus
3047 5101 3209 5156 quam
3239 5100 3364 5141 usus
3416 5085 3642 5154 requirit
3669 5130 3686 5152 ,

2073 5178 2428 5233 insumimus:
2463 5178 2567 5234 illis
2606 5194 2733 5233 vero
2772 5195 2947 5250 neque
2974 5195 3199 5249 parvum
3218 5179 3344 5250 quid
3386 5180 3689 5234 communi-

2070 5285 2275 5335 Camus,
2298 5270 2455 5341 idque
2471 5285 2590 5325 (‘lllll
2610 5271 2884 5325 innumera
2910 5271 3047 5327 bona
3064 5286 3158 5342 per
3174 5270 3271 5325 hos
3296 5286 3392 5325 nos
3409 5270 3691 5325 habituros

2071 5370 2464 5431 exspectemus.
2528 5361 2633 5418 Sed
2678 5376 2711 5417 ο
2765 5377 3009 5433 magnam
3078 5362 3369 5417 desidiam!
3419 5362 3686 5429 Quantam

2071 5452 2211 5505 enim
2269 5450 2393 5507 hinc
2427 5452 2690 5521 jacturam
2740 5452 3001 5508 faciams?
3042 5462 3297 5524 quantum
3329 5453 3461 5507 lucri
3492 5469 3523 5507 e
3568 5470 3681 5506 ma-

2073 5542 2227 5599 nibus
2283 5544 2481 5599 nostris
2556 5545 2817 5601 excedere
2887 5546 3280 5615 permittimus?
3335 5545 3687 5601 Occasionem

2072 5645 2270 5689 nostrae
2297 5634 2486 5689 salutis
2523 5651 2551 5689 a
2578 5636 2682 5691 Deo
2713 5636 2867 5691 nobis
2892 5637 3067 5690 datam
3098 5636 3482 5705 amandatnus,
3515 5651 3690 5705 neque

2073 5725 2389 5794 Cogitamus,
2422 5727 2499 5782 vel
2544 5728 2593 5783 in
2643 5739 2820 5784 mente
2882 5744 3157 5785 versamus
3203 5728 3323 5785 hinc
3369 5729 3688 5800 parvitatem
