4020 6136
344 224 450 281 385

348 338 845 411 πεμπόμεθα,οὗτε
895 341 1201 412 ἐννοοῦμεν,
1252 344 1376 399 οὗτε
1421 346 1528 416 μὴν
1586 345 1910 416 λογιζόμεθα

343 431 467 485 οὔτε
491 416 599 483 τῶν
646 429 934 500 διδομένων
969 432 1028 485 τὸ
1066 433 1283 497 εὐτελὲς
1302 477 1317 500 ,
1343 435 1466 489 οὔτε
1498 435 1598 506 τὴν
1633 435 1774 506 ὑπὲρ
1804 437 1912 489 τῶν

345 522 600 575 τοιούτων
652 521 897 591 ἀμοιϐῶν
935 523 1260 595 ὑπερϐολὴν,
1293 525 1428 579 ἀλλὰ
1484 527 1662 581 πάντα
1689 527 1804 589 τοῖς
1825 543 1910 578 κι-

346 611 561 676 6ωτίοις
593 612 1034 685 ὲναποκλείομεν,
1065 615 1157 667 καὶ
1187 616 1248 669 τὸ
1285 616 1386 687 μὲν
1415 617 1638 688 χρυσίον
1678 616 1782 670 ὑπὸ
1817 614 1910 669 τοῦ

350 703 429 757 ἰοῦ
462 704 800 758 δαπανᾶσθαι
857 706 1248 776 συγχωροῦμεν
1271 723 1286 738 ⁸
1331 706 1528 777 μᾶλλον
1571 707 1630 762 δὲ
1660 708 1780 772 ταῖς
1805 706 1912 759 τῶν

347 795 594 847 κλεπτῶν
625 795 781 867 χερσί
807 795 1132 867 προτίθεμεν
1153 813 1165 825 ·
1201 796 1270 850 τὰ
1290 797 1346 850 δὲ
1372 797 1562 868 ἱμάτια
1596 796 1666 851 τὰ
1691 795 1912 850 ποικίλα

349 885 454 938 ὑπὸ
498 886 593 940 τοῦ
637 888 798 958 σητδς
826 887 1206 942 ἀναλίσκεσθαι
1243 887 1505 959 ἀφίεμεν,
1541 889 1636 944 καὶ
1677 888 1779 942 οὐκ
1815 888 1910 942 ἀν·

350 977 586 1046 εχόμεθα
609 978 678 1032 τὰ
706 979 891 1042 ἁπλῶς
921 980 1147 1049 κείμενα
1174 980 1400 1045 δεόντως
1431 981 1828 1052 οἰκονομεῖσθαι
1861 993 1910 1044 α,

352 1070 438 1121 ἵνα
487 1069 649 1125 πάλιν
682 1073 813 1142 ἡμῖν
857 1070 1300 1142 διαφυλάττηται,
1332 1073 1427 1126 καὶ
1449 1072 1538 1127 διὰ
1573 1072 1776 1127 τούτων
1803 1071 1914 1126 τῶν

347 1160 677 1231 ἀπορρήτων
695 1161 912 1229 ἀγαθῶν
922 1163 1216 1233 ἀξιωθῆναι
1233 1163 1550 1234 δυνηθῶμεν
1574 1178 1588 1192 °
1617 1159 1692 1218 ὧν
1707 1163 1915 1234 γένοιτο

349 1251 558 1313 πάντας
595 1253 743 1320 ἡμᾶς
766 1255 1061 1322 ἐπιτυχεῖν,
1088 1254 1270 1326 χάριτι
1303 1255 1395 1308 καὶ
1423 1255 1798 1325 φιλανθρωπίᾳ
1820 1253 1912 1307 τοῦ

349 1341 555 1411 Κυρίου
603 1341 758 1410 ἡμῶν
815 1341 991 1412 Ἰησοῦ
1055 1344 1315 1413 Χριστοῦ,
1353 1345 1469 1414 μεθ’
1507 1338 1566 1399 οὗ
1598 1344 1676 1414 τῷ
1717 1345 1912 1415 Πατρὶ,

353 1430 468 1499 ἅμα
494 1430 568 1501 τῷ
595 1433 737 1503 ἁγίῳ
760 1433 1038 1503 Πνεύματι
1071 1433 1216 1499 δόξα,
1252 1436 1471 1507 κράτος,
1503 1436 1660 1508 τιμὴ,
1699 1435 1794 1492 νῦν
1822 1436 1916 1490 καὶ

351 1524 459 1592 ἀεὶ,
489 1527 567 1590 εἰς
594 1527 718 1591 τοὺς
741 1526 943 1592 αἰῶνας
971 1527 1080 1583 τῶν
1103 1528 1332 1584 αἰώνων.
1381 1529 1572 1602 Ἀμήν.

1027 225 1085 280 s.
1125 188 1412 284 JOANNis
1453 227 1942 284 cum'sosrom
1991 223 2060 280 IN
2087 219 2244 280 GEN.
2277 217 2460 276 xvm.
2492 217 2659 276 nou.
2696 221 2828 280 xu.

3497 9 3613 104 87

3469 231 3573 286 586

2010 360 2202 399 eorum
2233 361 2352 414 quae
2378 345 2592 409 damus,
2625 346 2751 400 inde
2779 343 3197 400 immensitatem
3228 359 3423 399 eorum
3453 362 3574 415 qua:

2011 451 2110 505 pro
2134 436 2219 490 bis
2244 436 2544 506 accipimus
2573 455 2586 489 :
2613 437 2730 500 sed,
2761 437 2940 490 omnia
2975 435 3178 490 arcuiis
3206 434 3569 498 includentes,

2010 542 2203 580 aurum
2231 526 2452 596 quidem
2477 543 2505 581 a
2527 527 2776 597 rubigine
2802 526 3015 581 absumi
3037 525 3436 595 permittimus,
3464 526 3573 579 imo

2010 619 2193 673 furum
2223 619 2471 673 manibus
2507 619 2896 688 proponimus;
2953 625 3134 672 vestes
3157 630 3370 685 quoque
3393 618 3573 670 varias

2012 724 2042 762 a
2070 708 2232 764 tineis
2265 708 2450 763 arrodi
2477 707 2709 763 sinimus
2728 749 2741 773 ,
2777 709 3034 762 nolumus
3055 716 3239 761 autem
3274 715 3332 759 ut
3352 721 3414 760 ea
3446 722 3571 774 qua:

2011 801 2218 870 absque
2244 816 2344 855 usu
2362 801 2547 870 jacent
2574 799 2712 854 bene
2735 799 3144 868 dispensentur,
3173 805 3234 850 ut
3257 797 3449 851 iterum
3471 812 3571 848 no-

2011 892 2097 948 bis
2129 890 2507 945 custodiantur
2531 927 2550 956 ,
2604 905 2666 945 ac
2697 905 2793 959 per
2815 905 2878 943 ea
2919 889 3082 944 etiam
3108 886 3405 942 ineﬂ‘abilia
3426 884 3567 938 bona

2014 997 2322 1036 mercamur
2366 980 2582 1048 assequi
2633 997 2645 1032 :
2687 995 2808 1050 quae
2840 977 2999 1033 nobis
3027 978 3282 1032 omnibus
3309 974 3573 1030 concedat

2013 1073 2184 1144 gratia
2210 1081 2267 1126 et
2289 1071 2622 1140 benignitate
2642 1085 2739 1124 sua
2765 1069 3029 1124 Dominus
3051 1076 3235 1138 noster
3249 1064 3546 1121 JesusChri

2014 1175 2151 1225 stus,
2171 1163 2258 1219 cui
2281 1179 2403 1217 eum
2420 1163 2581 1216 Patre
2601 1171 2654 1217 et
2671 1168 2858 1216 sancto
2877 1158 3083 1228 Spiritu
3107 1158 3177 1213 sit
3194 1157 3386 1230 gloria,
3405 1155 3574 1223 impe-

2015 1256 2180 1321 rium,
2197 1254 2394 1318 honor,
2414 1268 2561 1308 nunc
2575 1260 2630 1307 et
2643 1266 2857 1321 semper
2872 1249 3000 1304 etin
3017 1248 3211 1305 srecuia
3227 1245 3571 1320 saeculorum.

2013 1344 2207 1400 Amen.

1349 2680 1528 2742 FINIS
1564 2683 1726 2741 TOMI
1767 2681 2303 2751 QUINQUAGESIMI
2345 2678 2589 2736 TERTII.

338 5482 490 5591 bl
597 5473 844 5578 433
958 5469 1014 5561 A
1219 5463 1277 5559 A
1382 5453 1524 5556 30
1631 5448 1874 5553 una

3471 5419 3576 5428 ._._-

2739 5432 2746 5435 .
2763 5426 3108 5435 .---.-.--.-σλι....
3141 5426 3178 5430 _,

2507 5430 2704 5437 .—-———-——

2059 5429 2500 5444 v————---——-—~———

2327 5423 3462 5534 Eﬁﬁifﬁﬁs‘frfsiioiéf"

1572 5671 1806 5738 umv.
1871 5685 1966 5740 or
2045 5690 2510 5776 memon,

1781 5848 1956 5925 MAY
2045 5853 2098 5972 β
2159 5845 2340 5952 1914
