4086 6558
619 479 651 525 τ
2051 455 2432 514 PIUEFATIO.
3835 458 3864 508 8

703 563 1130 642 llomiliarum
1157 581 1310 641 ergo
1346 563 1410 642 in
1442 562 1943 642 Genesim,quas
1970 564 2032 624 in
2063 565 2570 642 Quadragesima
2618 563 2963 642 habuerat,
3002 578 3264 623 cursum
3309 562 3766 641 interpellavit,
3809 572 3874 627 ut

622 643 687 722 in
722 639 1113 702 hebtiomada
1142 639 1359 722 sancta
1381 641 1642 722 deluda
1674 650 1736 722 et
1764 639 1840 702 de
1875 661 2064 707 cruce
2097 639 2355 720 ageret,—
2384 661 2457 704 ac
2489 644 2892 703 continenter
2928 641 3004 700 de
3034 639 3509 722 resurrectione
3540 687 3556 711 ,
3597 658 3871 722 moxque

623 721 701 780 de
744 722 910 780 Actis
944 721 1391 797 Apostolorum
1417 764 1434 791 ,
1467 721 1851 780 intermixtis
1871 722 2414 782 admonitionibus
2442 722 2521 783 ad
2543 739 2652 782 eos
2683 722 2792 799 qui
2830 738 3036 796 nuper
3062 721 3358 796 baptismi
3397 723 3668 798 gratiam
3699 721 3871 783 acce-

626 807 873 876 perant.
907 800 1184 858 Homilia
1226 815 1374 858 vero
1403 799 1680 879 secunda
1713 801 1789 859 de
1821 800 1978 860 Juda
2014 800 2335 877 proditore
2363 802 2542 860 Tom.
2573 801 2652 870 ll,
2693 801 2790 879 his
2823 799 3297 879 verbisincipit,
3349 799 3635 879 Volebam
3660 799 3736 859 de
3757 820 3874 879 pa-

625 879 900 944 triarcha
929 895 1146 937 rursus
1191 894 1530 936 sermonem
1581 877 1794 938 habere
1828 897 1847 944 ,°
1886 879 2006 939 hoc
2039 887 2135 940 est
2161 925 2176 951 ,
2207 880 2284 939 de,
2317 881 2683 940 Abrahamo
2712 923 2727 948 ,
2759 878 2836 938 de
2871 895 3002 954 quo
3041 878 3105 936 in
3145 878 3472 956 trigesima
3501 877 3780 940 secunda
3812 882 3870 940 in

623 956 1216 1040 Genesimhomilia
1267 972 1630 1040 sermonem
1675 957 1986 1040 habqerat
2013 1003 2028 1030 ,
2061 964 2205 1035 post
2229 975 2425 1034 quam
2467 959 2820 1040 homiliam,
2854 957 2994 1040 ipso
3025 962 3355 1040 narrante,
3385 957 3475 1040 ab
3517 957 3629 1015 illo
3671 974 3872 1040 argu-

623 1040 836 1094 mento
883 1037 1192 1094 abstinuit
1228 1035 1656 1112 aliquantum,
1688 1040 1760 1095 ut
1803 1034 1999 1114 supra
2044 1034 2431 1097 memoratas
2485 1038 2828 1096 conciones
2871 1035 3155 1095 haberet.
3215 1034 3555 1094 Homiliam
3589 1034 3782 1112 porro
3802 1038 3872 1098 de

619 1132 808 1172 cruce
859 1130 1052 1189 quam
1092 1130 1284 1191 supra
1311 1122 1616 1174 memorat
1644 1129 1724 1172 an
1750 1114 2102 1176 habeamus
2141 1117 2456 1176 incertum
2505 1122 2631 1184 est;
2668 1115 2989 1173 nescimus
3031 1114 3198 1172 enim
3231 1130 3312 1172 an
3355 1130 3430 1173 ea
3459 1115 3767 1175 alterutra
3797 1118 3873 1177 sit

621 1209 846 1250 earum
875 1209 1039 1268 quas
1073 1192 1350 1251 secundo
1377 1194 1576 1251 Tomo
1603 1193 1938 1253 edidimus.
1992 1195 2273 1254 Homilia
2308 1212 2461 1252 vero
2490 1193 2564 1253 de
2596 1193 3066 1254 resurrectione
3093 1207 3288 1267 quam
3325 1191 3636 1251 edidimus
3676 1195 3872 1254 Tomo

618 1269 895 1349 secundo
945 1288 1086 1346 quae
1142 1271 1309 1330 hunc
1372 1272 1624 1329 titulum
1682 1272 1914 1340 habet,
1961 1282 2186 1332 contra
2242 1272 2552 1331 Ebriosus
2606 1281 2659 1330 et
2708 1271 2780 1330 de
2837 1270 3307 1330 Resurrectioue
3340 1290 3356 1340 ;
3393 1270 3527 1340 illa,
3583 1272 3869 1349 inquam,

618 1347 877 1407 homilia
911 1349 1128 1409 eadem
1179 1349 1313 1424 ipsa
1346 1356 1610 1425 estquae
1661 1357 2052 1412 memoratur
2092 1369 2290 1427 supra
2321 1352 2383 1410 in
2417 1352 2557 1411 loco
2589 1351 2722 1419 illo,
2756 1368 2834 1407 ex
2869 1349 3192 1426 trigesima
3232 1349 3416 1408 tertia
3461 1349 3523 1406 in
3579 1347 3869 1412 Genesim

621 1432 944 1503 excerpto,
968 1428 1138 1504 quod
1182 1429 1273 1486 sic
1326 1427 1648 1488 evidenter
1676 1431 2009 1504 probatur.
2051 1431 2120 1490 In
2171 1431 2290 1490 hac
2335 1430 2410 1489 de
2463 1428 2934 1490 resurrectione
2981 1427 3274 1499 homilia;
3306 1428 3412 1486 ubi
3446 1428 3522 1487 de
3566 1429 3870 1490 ebrietate

619 1506 818 1565 multa
850 1506 1163 1576 edisserit,
1199 1507 1328 1565 tunc
1357 1508 1447 1566 ait
1480 1519 1631 1565 num
1691 1508 1716 1565 1
1757 1506 2219 1567 :Abstineamus
2241 1508 2314 1567 ab
2342 1507 2626 1567 ebrietate
2661 1528 2675 1565 :
2712 1524 2840 1565 non
2865 1506 3028 1571 dico,
3059 1504 3469 1565 abstineamus
3497 1526 3532 1564 a
3557 1508 3727 1573 rino,
3773 1511 3872 1570 sed

610 1587 686 1646 ab
724 1585 1014 1644 ebrietate
1033 1585 1476 1649 abstineamus;
1510 1603 1636 1643 non
1657 1586 1869 1646 pinum
1893 1587 2082 1663 efﬁcit
2114 1585 2458 1648 ebrietatem
2486 1603 2501 1642 :
2540 1595 2626 1642 est
2660 1586 2816 1643 enim
2848 1585 2962 1643 Dei
2989 1592 3299 1650 creatura;
3331 1585 3447 1643 Dei
3467 1603 3664 1662 porro
3699 1605 3872 1645 crea-

613 1687 758 1732 tura
782 1667 940 1729 nihil
970 1667 1155 1747 efﬁcit
1184 1667 1348 1747 mali.
1369 1664 1489 1747 sedi
1511 1666 1798 1747 voluntas
1827 1667 2099 1747 maligna
2130 1666 2317 1747 efﬁcit
2350 1663 2717 1747 ebrietatem.
2756 1665 2899 1725 Haec
2929 1673 3138 1747 autem
3164 1671 3359 1727 verba
3414 1685 3572 1728 mire
3621 1685 3864 1728 conso-

610 1756 768 1810 nant
823 1763 964 1808 cum
1000 1742 1133 1806 illis
1189 1743 1529 1805 Concionis
1573 1743 1791 1820 prima)
1855 1743 1917 1800 in
1988 1742 2367 1818 principium
2423 1744 2786 1820 Actorum,
2858 1743 3021 1802 tertii
3081 1744 3258 1802 Tomi
3336 1762 3511 1803 num.
3568 1749 3600 1809 2
3647 1765 3662 1804 :
3724 1747 3864 1815 Non

615 1837 760 1887 sunt
793 1827 995 1904 igitur
1019 1825 1244 1884 malum
1275 1822 1532 1904 divitia,
1566 1819 1668 1880 sed
1697 1819 2055 1904 iliegitimus
2086 1836 2291 1878 earum
2321 1838 2468 1878 usus
2501 1831 2583 1904 est
2614 1819 2860 1879 malum.
3029 1821 3189 1904 sicut
3245 1840 3440 1904 nuper
3483 1823 3555 1882 de
3578 1821 3866 1885 ebrietate

609 1905 791 1966 verba
821 1897 1073 1984 '[aciens
1121 1920 1246 1960 non
1269 1900 1484 1984 uinum
1513 1897 1904 1984 accusabam;
1936 1898 2158 1976 quippe
2185 1899 2542 1984 cumgmnis
2575 1908 2856 1958 creatura
2891 1900 3005 1984 Dei
3033 1899 3193 1984 bona
3227 1897 3345 1984 sit;
3365 1918 3500 1978 quag
3542 1920 3832 1984 gmw-ﬂ.

610 1976 1108 2046 tiarum'actione
1132 1979 1488 2057 percipitur
1523 2000 1540 2038 :
1571 1978 1671 2036 sed
1698 1979 1920 2057 malum
1945 1995 2147 2042 usum,
2180 1983 2301 2036 etc.
2330 1976 2472 2036 Htec
2498 1977 2711 2057 itaque
2735 1979 2956 2038 concio
2980 2024 2994 2048 ,
3033 1985 3101 2037 ut
3132 1980 3306 2048 illud,
3351 1976 3566 2056 nuper.
3601 1976 3836 2040 indicat

611 2063 827 2123 habita
859 2060 973 2119 fuit
1004 2055 1224 2135 paucis
1257 2055 1477 2116 diebus
1509 2060 1653 2134 post
1702 2055 1874 2135 illam
1921 2060 2143 2135 conira
2187 2057 2486 2135 ebriosos
2534 2062 2592 2135 et
2636 2055 2710 2114 de
2745 2057 3217 2117 resurrectione
3240 2102 3254 2126 ,
3289 2058 3349 2116 id
3394 2055 3564 2135 quod
3594 2058 3854 2118 miriﬁce

607 2133 1091 2223 consonatcum
1135 2137 1246 2195 illo
1287 2151 1480 2223 supra
1508 2133 1703 2223 allato
1735 2134 1876 2223 loco
1900 2151 1976 2192 ex
2013 2133 2286 2223 Homilia
2315 2133 2390 2223 3:3
2430 2133 2515 2223 in_
2541 2134 2841 2223 Gicnesim
2891 2154 2904 2192 :
2936 2135 3159 2223 Postea
3211 2133 3602 2223 illucescente
3631 2138 3852 2196 Resur-

605 2218 900 2278 rectionis
931 2215 1050 2286 die,
1080 2212 1491 2273 necessarium
1525 2221 1654 2272 erat
1676 2221 1743 2270 ut
1768 2212 1838 2270 de
1867 2213 2312 2270 resurrectione
2333 2213 2585 2271 Domini
2617 2213 2938 2271 caritatem
2969 2222 3229 2272 vestram
3257 2213 3604 2274 doceremus
3627 2235 3646 2274 :
3677 2223 3734 2273 et
3759 2234 3856 2276 se—

601 2295 928 2375 quentibus
955 2293 1165 2355 diebus
1201 2307 1314 2370 per
1330 2309 1416 2375 _ea
1447 2290 1749 2375 miracula
1780 2336 1792 2355 .
1830 2307 1962 2375 qua:
2017 2297 2163 2375 tunc
2192 2291 2356 2368 facta
2411 2299 2580 2375 sunt,
2629 2291 3102 2375 resurrectionis
3149 2292 3593 2375 demonstratio
3633 2295 3858 2354 iterum

603 2368 920 2455 afferenda
952 2381 1102 2455 erat;
1138 2368 1383 2450 quando
1413 2370 1595 2455 etiam
1626 2369 2065 2455 Apostolorum
2094 2370 2248 2455 Acta
2279 2370 2614 2455 emplqnare
2645 2369 3110 2455 capimus,inde
3139 2368 3313 2455 uobis
3344 2371 3642 2455 continua
3663 2390 3856 2449 appo-

604 2446 819 2513 dentes
852 2446 1168 2515 convivia}
1206 2457 1262 2509 et
1308 2446 1535 2527 crebr-is
1577 2447 2008 2527 continuisque
2037 2446 2720 2527 admonitionibuseos,
2744 2448 2850 2526 qui
2895 2465 3094 2524 nuper
3139 2447 3428 2525 baptismi
3456 2446 3718 2527 gratiam
3743 2446 3853 2513 ac-

602 2536 892 2611 ceperant
917 2576 931 2596 .
971 2528 1390 2611 exhortantes.
1421 2525 1571 2611 Inde
1609 2542 1758 2585 vero
1794 2525 2082 2611 quaedam
2117 2525 2478 2611 ne_cessario
2509 2525 2834 2611 inferenda
2869 2527 3160 2611 videntur
3185 2571 3199 2596 ,
3238 2525 3474 2611 nempe
3510 2528 3852 2611 Hoiniliam

601 2603 779 2670 illam
811 2613 1036 2669 contra
1070 2607 1357 2666 ebriosos
1386 2609 1447 2663 et
1475 2604 1550 2664 de
1583 2604 2050 2663 resurrectione
2091 2603 2310 2662 eodem
2345 2619 2518 2662 anno
2559 2603 2838 2663 habitam
2866 2604 3064 2664 fuisse
3089 2623 3220 2680 quo
3251 2605 3417 2665 dicta
3447 2611 3542 2666 est
3572 2606 3852 2668 Humilia

600 2688 674 2780 de
703 2687 869 2780 1inda
900 2684 1247 2780 proditore2
1278 2682 1617 2758 triduoque
1644 2681 1994 2780 post.‘illain
2023 2701 2037 2739 :
2063 2682 2230 2780 alias
2261 2699 2524 2773 quoque
2554 2685 2970 2780 sequeiitibuls
3010 2683 3254 2780 diebus.
3273 2683 3348 2743 de
3382 2684 3859 2780 resurrectione.

597 2765 798 2827 dictas
829 2759 1026 2824 fuisse
1051 2779 1196 2841 quin
1223 2761 1356 2841 jam
1389 2778 1516 2820 non
1549 2765 1854 2841 exstant;
1895 2765 2089 2835 atque
2118 2759 2336 2819 eadem
2373 2761 2538 2841 serie
2566 2759 2875 2841 Homilias
2911 2762 2987 2841 de
3023 2762 3192 2821 Actis
3223 2762 3852 2839 Apostolorum,sivc

595 2844 673 2904 de
701 2843 1014 2922 principio
1071 2837 1375 2922 Actorum
1409 2856 1619 2922 ,__qute
1653 2837 1872 2922 paucis
1897 2843 2041 2914 post
2089 2839 2624 2922 resurrectionem
2679 2840 2902 2922 diebus
2961 2837 3444 2922 habericceptae
3477 2847 3647 2901 sunt.
3695 2842 3851 2922 Inde

600 2917 795 2983 etiam
825 2917 1090 2998 planum
1118 2925 1214 2979 est
1243 2918 1554 2998 Homilias
1585 2917 1651 2998 in
1678 2918 1831 2998 Acta
1862 2934 1989 2975 non
2013 2934 2172 2998 _esse
2211 2917 2364 2998 illud
2396 2935 2557 2998 opus
2599 2917 2663 2977 in
2700 2919 2917 2998 omnia
2953 2919 3407 2998 Apostolorum
3463 2921 3642 2998 Acta,
3677 2921 3850 2997 quod

594 3001 661 3059 in
685 2994 857 3060 tomo
881 3001 918 3059 9
939 2999 1183 3066 edetur,
1203 2996 1503 3074 quodque
1529 2994 1606 3055 ad
1632 2995 1973 3054 conciones
2000 2994 2742 3074 ConstantinOpolitanas
2771 2994 3175 3058 referendum
3203 3004 3341 3069 est;
3371 3013 3520 3059 nam
3550 2994 3674 3059 illte
3695 2994 3852 3059 con-

595 3080 812 3140 ciones
845 3094 1089 3139 annum
1148 3073 1276 3136 fere
1335 3076 1657 3152 integrum
1688 3081 2088 3152 occuparunt
2119 3094 2134 3140 ς
2182 3073 2278 3133 has
2303 3083 2515 3134 autem
2561 3073 2775 3133 decem
2812 3092 3080 3134 numero
3113 3080 3398 3152 tempore
3425 3092 3464 3137 a
3493 3077 3737 3138 Pascha
3767 3078 3848 3138 ad

596 3158 1089 3247 Ascensiqnem"
1101 3156 1575 3247 intercurrente
1604 3151 2035 3243 hahltmsunt:
2071 3153 2373 3247 Alioquin
2419 3169 2571 3212 vero
2615 3153 2908 3247 idip‘sum.
2943 3154 3144 3247 clare_
3166 3154 3541 3247 testiﬁcatur
3574 3155 3853 3247 Chryso-

597 3239 844 3295 stomus
880 3233 1157 3294 Homilia
1186 3232 1406 3310 eadem
1442 3230 1740 3310 primain
1766 3229 2146 3310 principium
2173 3232 2473 3289 Actorum
2504 3248 2682 3310 num.
2715 3230 2774 3310 3,
2804 3232 2910 3290 ubi
2945 3232 3077 3291 haec
3128 3233 3397 3310 legimus
3438 3253 3452 3290 :
3491 3229 3852 3310 Superiori-

591 3313 702 3374 bus
727 3311 940 3374 diebus
969 3311 1137 3389 apud
1166 3330 1272 3370 vos
1295 3309 1365 3370 de
1408 3305 1774 3389 apostolicis
1793 3305 2017 3389 uerbis,
2049 3306 2235 3389 deque
2279 3309 2651 3389 euangelicis
2690 3309 3115 3389 disseruimus,
3169 3305 3305 3370 cum
3351 3310 3424 3370 de
3465 3305 3639 3372 Iuda
3666 3311 3849 3372 verba

587 3392 918 3472 faceremus
950 3411 964 3448 :
999 3385 1396 3472 disseruimus
1413 3385 1478 3472 et
1510 3388 1582 3448 de
1619 3385 2000 3472 propheticis
2034 3407 2050 3453 ;
2085 3385 2384 3472 hodierno
2413 3385 2510 3472 die
2538 3387 2818 3472 volumus
2847 3387 2934 3472 de
2964 3389 3138 3472 Actis
3184 3389 3634 3472 Apostolorum
3663 3390 3854 3472 verba

589 3464 811 3548 facere,
850 3475 969 3548 etc.
1004 3467 1314 3548 Advertas
1346 3467 1538 3548 etiam
1572 3464 2098 3548 velim,_in'prima
2121 3469 2182 3524 ct
2203 3466 2387 3548 tertia
2417 3466 2693 3526 Homilia
2727 3467 2790 3525 in
2840 3464 3254 3548 principium?
3280 3471 3584 3548 Actorum
3621 3470 3846 3530 haberi

590 3542 1095 3609 admonitionem
1138 3545 1218 3605 ad
1251 3546 1394 3605 illos
1417 3544 1527 3624 qui
1557 3560 1762 3624 nuper
1792 3543 2088 3624 baptismi
2118 3542 2392 3624 gratiam
2428 3542 2932 3621 acceperant,’ut
2967 3542 3205 3604 dicitur
3236 3547 3299 3604 in
3332 3546 3473 3606 loco
3515 3564 3716 3624 supra
3743 3548 3844 3608 al-

587 3627 716 3686 lato
747 3644 826 3686 ex
859 3624 1190 3703 trigesima
1225 3623 1406 3703 tertia
1440 3620 1704 3703 homilia
1726 3621 1810 3703 _in
1835 3620 2156 3703 Genesim.
2180 3620 2596 3703 Perspicuum
2623 3624 2818 3701 igitur
2847 3632 2942 3703 est
2969 3625 3280 3703 Homilias
3312 3625 3374 3683 in
3407 3620 3732 3697 Genesim,
3763 3625 3846 3686 de

582 3705 746 3765 Juda
772 3700 1096 3782 proditore
1127 3746 1143 3772 ,
1176 3702 1332 3782 etin
1369 3703 1534 3782 Acta!
1559 3700 1693 3760 sive
1722 3700 1784 3757 in
1811 3700 2193 3782 principium
2237 3701 2543 3782 Actorum
2576 3700 2706 3762 una
2758 3701 2923 3761 serie
2964 3701 3338 3782 eodemque
3366 3720 3538 3782 anno
3585 3703 3844 3765 habitas

585 3777 804 3844 fuisse.
843 3782 955 3843 Hm
979 3797 1174 3858 porro
1202 3780 1490 3839 Homilies
1521 3780 1592 3858 in
1631 3781 1785 3838 Acta
1811 3777 2037 3858 decem
2056 3796 2324 3858 numero
2353 3777 2552 3858 fuere,
2585 3797 2812 3858 nempe
2840 3782 3128 3858 quinque
3157 3777 3227 3839 in
3251 3781 3633 3858 principium
3655 3785 3848 3842 Acto-

584 3880 753 3932 rum,
788 3856 1063 3937 quarum
1087 3859 1382 3919 secundm
1427 3857 1707 3917 maxima
1739 3873 1883 3932 pars
1914 3856 2176 3916 interiit.
2210 3856 2500 3937 Quatuor
2530 3857 2679 3916 item
2707 3857 3000 3919 Homiliaa
3024 3856 3108 3917 de
3141 3856 3492 3919 mutatione
3511 3861 3844 3920 nominum

584 3935 989 4025 inhaeserie
1019 3937 1357 4025 ponepdie,
1385 3936 1540 4025 quia
1574 3941 2030 4025 argumenium
2066 3940 2188 4025 hut
2220 3935 2433 4025 videre
2477 3941 2594 4007 est,
2648 3937 2923 4025 sumitur
2947 3954 3063 4025 __e.x
3097 3937 3264 3996 libro
3309 3940 3612 3997 Actorum
3642 3958 3658 4008 ;
3697 3939 3849 3999 licet

581 4018 749 4078 enim
783 4016 848 4077 in
875 4011 1107 4094 quarta
1146 4015 1302 4075 illud
1327 4011 1544 4094 primas
1565 4013 1642 4094 ad
1675 4011 2062 4094 Corinthios,
2082 4013 2318 4094 Pauius
2340 4022 2616 4094 vocatus,
2649 4021 2793 4094 etc.,
2815 4015 3111 4090 explicet,
3142 4022 3594 4093 argumentum
3627 4023 3842 4078 tamen

486 4100 492 4106 '
585 4097 871 4174 priorum
895 4091 1298 4174 concionum
1346 4092 1430 4152 ibi
1463 4092 1700 4168 passim
1733 4091 2168 4168 prosequitur.
2218 4091 2332 4174 His
2367 4093 2645 4174 homiliis
2680 4093 3119 4174 adjungendus
3149 4091 3368 4174 Sci-mo
3401 4094 3503 4152 ille
3535 4112 3743 4174 nonus
3774 4096 3840 4155 in

579 4171 876 4235 Genesim
903 4219 917 4245 ,
949 4173 1211 4233 ultimus
1251 4189 1476 4250 nempe
1510 4186 1734 4230 eorum
1752 4186 2157 4250 sermonum,
2185 4172 2296 4246 qui
2327 4176 2473 4248 post
2501 4171 2578 4229 67
2602 4171 2910 4250 homilias
2931 4172 3176 4248 priores
3222 4172 3518 4250 locantur
3540 4216 3556 4242 ,
3593 4173 3842 4250 quique

577 4253 654 4313 ad
687 4253 944 4312 illarum
966 4252 1027 4310 in
1059 4253 1213 4312 Acta
1241 4249 1649 4309 homiliarum
1671 4247 1900 4308 seriem
1929 4247 2070 4307 ideo
2106 4247 2426 4324 pertinere
2451 4253 2690 4325 potest,
2717 4255 2786 4308 ut
2812 4247 3029 4309 videas
3059 4250 3124 4308 in
3152 4251 3394 4309 Monito
3413 4249 3489 4311 ad
3516 4247 3840 4313 eumdem.

576 4332 803 4391 Decem
836 4332 1052 4407 itaque
1083 4329 1392 4390 Homilies
1424 4328 1490 4386 in
1518 4329 1670 4407 Acta
1709 4332 1864 4386 tunc
1887 4326 2137 4407 habitas
2179 4327 2387 4407 dicere
2414 4343 2778 4407 possumus.

656 4405 1075 4485 Exploratum
1129 4424 1280 4485 ergo
1322 4411 1417 4466 est
1443 4449 1458 4477 ,
1486 4413 1558 4485 _ut
1587 4405 1904 4485 diximus,
1933 4405 2074 4485 illas
2106 4405 2399 4465 homilias
2444 4405 2664 4485 eodem
2713 4423 2844 4481 quo
2889 4405 3031 4465 illas
3064 4406 3129 4465 in
3161 4406 3459 4485 Genesim
3488 4423 3684 4478 anno,
3714 4423 3842 4468 ea—

574 4483 846 4563 demque
877 4487 941 4545 in
970 4488 1151 4553 urbe,
1189 4483 1438 4546 habitas
1476 4483 1692 4563 fuisse.
1724 4483 2072 4563 Antiochiae
2104 4502 2252 4544 vero
2274 4529 2289 4554 ,
2323 4502 2405 4544 an
2437 4483 2985 4563 Constantinopoli
3021 4485 3252 4545 habita:
3283 4483 3538 4556 fuerint,
3570 4503 3698 4544 non
3731 4495 3835 4546 est

571 4561 1249 4642 quod‘perquiramus;
1283 4561 1539 4641 quando
1588 4563 1649 4620 in
1699 4562 1990 4642 secundae
2040 4563 2324 4622 Homiliaa
2352 4564 2417 4621 in
2467 4561 3184 4642 principium'Actorum
3229 4564 3537 4636 exordio,
3567 4563 3834 4641 perinde

573 4641 767 4720 atque
799 4643 862 4702 in
893 4643 1075 4701 titulo
1101 4643 1330 4703 dicitur
1351 4659 1490 4701 eam
1533 4642 1594 4698 in
1645 4641 1847 4700 Palaaa
1873 4685 1887 4712 ,
1916 4659 2029 4699 seu
2064 4643 2124 4698 in
2165 4643 2355 4700 veteri
2384 4641 2650 4720 ecclesia
2681 4642 2960 4700 habitam
2992 4642 3182 4702 fuisse
3210 4663 3223 4700 :
3249 4659 3394 4719 qum
3422 4643 3625 4708 Palma
3657 4644 3837 4703 cele-

575 4719 703 4780 bris
756 4721 1150 4782 Antiochena
1194 4721 1454 4780 ecclesia
1493 4725 1650 4786 erat,
1703 4724 1773 4776 ut
1829 4737 2014 4778 nemo
2052 4721 2271 4778 nescit.
2327 4720 2388 4778 ld
2434 4719 2603 4794 quod
2641 4721 2832 4778 etiam
2880 4721 3187 4796 probatur
3213 4739 3294 4781 ex
3330 4721 3513 4781 initio
3540 4721 3837 4782 Humilia)

571 4799 957 4859 duodecima:
981 4799 1044 4858 in
1071 4799 1390 4865 Genesim,
1419 4799 1522 4856 ubi
1557 4800 1644 4857 ait
1671 4815 1736 4857 se
1765 4815 2020 4856 cursum
2043 4799 2449 4856 homiliarum
2473 4799 2535 4876 in
2559 4797 2726 4856 hunc
2748 4799 3086 4874 Scriptura
3105 4800 3338 4858 librum
3360 4801 3833 4876 interpellasse,

572 4884 641 4936 ut
666 4895 772 4937 eos
791 4877 1382 4938 commonefaceret.
1413 4878 1521 4952 qui
1549 4880 1813 4936 aberant
1841 4893 1876 4935 a
1905 4877 2084 4935 cauta
2117 4876 2372 4942 Christi,
2405 4882 2465 4933 et
2493 4875 2743 4934 Iudaeos
2772 4878 3205 4949 sectabantur,
3233 4877 3292 4935 id
3319 4885 3436 4950 est,
3463 4875 3835 4952 Iudaeorum

583 4955 882 5034 jejunium
937 4956 1348 5034 jejunabant;
1385 4973 1528 5013 nam
1589 4956 1651 5013 in
1700 4954 2195 5034 Quadragesima
2253 4961 2312 5012 et
2360 4953 2584 5032 jejunii
2621 4959 2904 5034 tempore
2949 4955 3014 5013 hi
3059 4972 3388 5016 sermones
3421 4963 3570 5016 sunt
3605 4957 3834 5017 habiti.

571 4974 882 5093 {fluuium
937 4974 1348 5034 jejunananl;
1385 4974 1528 5013 nam
1589 4974 1651 5013 in
1700 4974 2195 5031 quadragesima
2253 4974 2312 5012 et
2360 4974 2584 5032 jejunn
2621 4974 2904 5030 tempore
2949 4974 3014 5013 m
3059 4974 3388 5016 sermones
3421 4974 3570 5016 sunt
3607 4974 3834 5017 namu.

632 5034 944 5111 ujusmodi
969 5040 1181 5094 autem
1204 5035 1426 5092 morbo
1455 5035 1830 5092 laborabant
1855 5033 2113 5111 quidam
2139 5033 2702 5111 Antiochenorum,
2727 5033 3032 5093 adversus
3055 5051 3218 5109 quos
3243 5034 3431 5094 etiam
3456 5035 3835 5096 concionem

573 5109 790 5172 habuit
819 5113 1308 5190 Chrysostomus
1357 5128 1528 5170 anno
1557 5112 1694 5178 386,
1729 5113 1826 5170 cui
1882 5109 2104 5170 titulus
2141 5129 2154 5167 :
2192 5110 2492 5190 Adversus
2524 5129 2622 5190 eos
2656 5111 2763 5187 qui
2790 5111 3154 5170 Judteorum
3175 5111 3487 5190 jejunium
3506 5113 3831 5190 jejunum.

565 5189 995 5264 Quamobrem
1021 5209 1163 5250 cum
1197 5190 2035 5270 deConstantinopo‘litauis‘
2057 5190 2214 5270 nihil
2263 5189 2624 5270 hujusmodi
2664 5190 2971 5270 scripium
3015 5189 3318 5270 occurrat
3354 5189 3648 5270 uspiam,
3685 5191 3838 5250 hinc

568 5270 860 5346 sequitur
890 5270 1239 5329 Antiochiae
1272 5269 1383 5326 has
1418 5268 1755 5327 conciones
1783 5268 1978 5327 dictas
2012 5268 2206 5326 fuisse
2236 5311 2250 5336 ,
2285 5267 2452 5343 quod
2485 5285 2565 5327 ex
2597 5269 2978 5344 supradictis
3003 5267 3135 5346 jam
3168 5269 3410 5345 liquido
3437 5267 3842 5346 comproba~

568 5357 699 5406 tum
739 5355 853 5405 est.

1382 5446 1407 5514 ᾗ
1440 5447 1514 5505 11.
1551 5446 1686 5520 Quo
1719 5464 1881 5504 anno
1919 5446 2201 5505 llomiliw
2231 5445 2298 5503 in
2323 5445 2601 5506 Genesim
2634 5444 2855 5506 habita:
2881 5445 3030 5506 sint.

644 5590 859 5648 Restat
885 5595 949 5647 ut
971 5605 1332 5664 quaeramus
1351 5587 1426 5645 de
1448 5606 1617 5647 anno
1639 5603 1769 5663 quo
1788 5587 1881 5646 iure
1911 5587 2196 5646 Homilia:
2217 5586 2281 5645 in
2307 5586 2602 5647 Gcnesim
2621 5592 2770 5646 sunt
2793 5587 3048 5648 habitae.
3076 5589 3215 5663 Qua
3240 5590 3301 5647 in
3327 5608 3392 5650 re
3413 5609 3527 5650 nos
3559 5593 3832 5653 omnino

568 5668 807 5728 interere
834 5666 1323 5748 fatemur.§ir_ca
1353 5665 1517 5748 hanc
1537 5669 1952 5748 quaestionem
1976 5683 2244 5748 operose
2275 5665 2568 5748 edisserit
2586 5667 2680 5724 vir
2696 5667 3174 5748 sagacissimus,
3193 5669 3610 5748 omniumque
3634 5670 3829 5747 longe

569 5745 1108 5815 accuratissimus,
1141 5745 1613 5812 Tillemontius,
1644 5744 1825 5821 cujus
1861 5745 2048 5806 verba
2082 5743 2301 5801 Latine.
2342 5744 2644 5803 translata
2679 5744 2916 5803 referre
2947 5762 3026 5804 ne
3059 5747 3290 5823 pigeat.

648 5850 671 5874 ‹‹
701 5823 879 5894 Quod
907 5828 1145 5897 spectat
1176 5839 1439 5901 annum,
1463 5840 1592 5896 quo
1626 5823 1720 5881 ha:
1756 5823 2038 5881 ilomilia:
2070 5829 2218 5880 sunt
2250 5823 2502 5901 habitae,
2536 5823 2789 5881 nonnisi
2819 5823 3186 5899 conjectura
3210 5825 3417 5883 dicere.
3447 5843 3820 5901 possumus.

572 5903 712 5960 illas
740 5901 1225 5978 Chrysostomus
1260 5900 1496 5959 habere
1540 5901 1725 5978 C(Bpil
1774 5901 2106 5960 Dominica
2154 5899 2470 5979 jejunium
2522 5901 2950 5978 prmcedente,
2981 5907 3050 5960 ut
3099 5920 3212 5979 per
3250 5899 3826 5983 Quadragesimam
