4086 6556
2109 479 3386 521 Μ

1743 511 3079 542 W

167 523 1544 574 mw.“
1548 537 1595 546 -'
1606 536 1627 545 -
1636 535 1661 544 _

1929 597 1937 606 1

1043 738 1466 830 ΒᾹΝΟΊΊ
1555 731 1978 823 PATRIS
2073 716 2508 812 NOSTBI

489 961 1396 1156 JOANNIS
1531 929 3092 1133 CHRYSOSTOMI

1254 1273 1722 1392 OPERA
1801 1265 2300 1380 OMNIA.

1675 1535 1906 1550 Ψ

651 1721 887 1781 SERMO
920 1713 1452 1778 ΑωιοΝιτοιυυε
1499 1711 1634 1771 SUB
1670 1705 1787 1767 1fo

1889 1707 1957 1762 ιιι
1992 1699 2289 1761 sucu-12
2327 1673 2926 1764 ρυΑυιιΑοεειιΑς.

691 1962 968 2019 ιιοΜιιιΑ
1008 1961 1236 2017 PRIMA.

247 2147 294 2199 Ι.
319 2143 543 2199 Gaudeo
563 2152 617 2196 et
638 2139 786 2195 laetor
805 2138 989 2193 videns
1018 2137 1173 2192 hodie
1199 2136 1474 2192 ecclesiam
1497 2135 1588 2190 Dei
1618 2135 1756 2190 filio-

177 2252 286 2288 rum
311 2248 534 2288 suorum
567 2228 899 2285 multitudine
924 2227 1120 2292 ornari,
1150 2240 1350 2295 vosque
1373 2239 1561 2284 omnes
1596 2226 1760 2279 multa

179 2341 294 2379 cum
314 2324 650 2393 jncunditate
676 2321 1029 2376 concurrisse.
1056 2317 1186 2373 Nam
1209 2332 1328 2372 cum
1355 2317 1557 2371 alacres
1585 2316 1762 2371 vultus

179 2425 382 2473 vestros
431 2415 664 2476 intueor,
704 2410 1007 2478 voluptatis,
1051 2424 1168 2479 qua:
1193 2407 1246 2461 in
1270 2406 1548 2461 animabus
1573 2406 1763 2460 vestris

177 2519 276 2567 est.
307 2506 672 2577 conjecturam
703 2502 854 2573 capio
879 2500 1161 2557 maximam
1191 2515 1204 2554 :
1237 2497 1680 2571 quemadman
1709 2505 1767 2554 et

178 2599 393 2666 sapiens
435 2595 696 2664 quispiam
743 2594 970 2656 dicebat,
1018 2591 1181 2647 Corde
1226 2593 1427 2645 laetante
1461 2594 1582 2644 viret
1611 2590 1766 2660 facies

184 2687 371 2755 (Prae.
407 2686 498 2741 i5.
528 2684 649 2755 i3).
686 2684 976 2754 Eapropter
1014 2691 1069 2736 et
1108 2682 1218 2750 ipse
1246 2680 1405 2736 hodie
1429 2681 1625 2750 ingenti
1649 2679 1765 2734 ala-

177 2777 367 2829 critate
395 2773 628 2835 surrexi,
656 2788 758 2827 una
791 2773 1062 2827 vobiscum
1093 2772 1287 2824 lwtitiie
1318 2771 1458 2824 illius
1479 2767 1769 2838 spiritualis

185 2867 456 2933 particeps
484 2862 712 2926 futurus,
741 2870 796 2917 et
821 2862 1007 2916 volens
1033 2861 1291 2913 adventus
1315 2867 1511 2912 sancta:
1534 2857 1771 2925 Quadra-

182 2954 429 3022 gesitnte,
461 2952 702 3018 remedii,
733 2952 965 3020 inquam,
999 2950 1292 3003 animarum
1322 2958 1642 3011 nostrarum,
1673 2960 1768 3000 vo-

186 3043 268 3095 bis
308 3041 656 3094 annnntiator
697 3053 836 3094 esse.
881 3037 1188 3093 Communis
1213 3037 1358 3091 enim
1386 3045 1624 3090 nostrum
1654 3051 1772 3090 om-

186 3134 331 3186 nium
379 3131 668 3190 Dominus,
697 3129 859 3183 veluti
883 3140 1031 3198 pater
1061 3129 1194 3183 fiiios
1216 3142 1400 3180 amans
1418 3168 1434 3193 ,
1469 3127 1688 3195 cupiens
1712 3140 1774 3180 ea

187 3238 304 3290 qua:
345 3235 600 3289 umquam
648 3220 1039 3289 peecaverimns
1065 3218 1302 3284 abluere,
1344 3217 1477 3271 hanc
1504 3217 1657 3271 nobis
1685 3232 1779 3286 per

188 3321 434 3363 sanctum
457 3307 714 3378 jejunium
741 3309 1068 3362 curationem
1089 3307 1382 3361 adinvenit.
1411 3306 1596 3361 Nullus
1623 3308 1779 3376 igitur

192 3410 446 3460 mmstns,
481 3400 655 3452 nullus
684 3399 849 3452 tristis
878 3407 1149 3466 appareat,
1177 3397 1270 3450 sed
1301 3412 1486 3451 omnes
1513 3398 1781 3451 exsultent

189 3502 242 3549 ct
266 3493 555 3565 gaudeant,
588 3509 649 3548 ac
671 3491 894 3563 gloriati:
917 3489 1226 3547 reterantjn
1254 3489 1548 3542 animarum
1576 3498 1784 3542 nostra-

191 3605 309 3640 rum
337 3598 663 3648 curatorem,
685 3588 775 3656 qui
800 3587 936 3640 hanc
954 3591 1204 3654 optimam
1229 3584 1380 3640 nobis
1397 3584 1599 3651 aperuit
1621 3583 1778 3644 viam,

189 3686 247 3732 et
289 3679 442 3732 illius
489 3677 768 3731 adventum
816 3694 1001 3747 magna
1046 3692 1165 3731 cum
1205 3677 1476 3731 alacritate
1501 3673 1780 3744 accipiant.

190 3768 604 3823 Ουιιῐιιιιιιειιιιιιι·
641 3769 884 3838 gentiles,
927 3769 1125 3836 pudore
1153 3784 1211 3822 se
1241 3767 1438 3822 abdant
1465 3765 1654 3830 Judzei,
1701 3763 1783 3818 vi-

193 3858 390 3912 dentes
421 3869 654 3910 nnstram
676 3859 946 3911 caritatem
975 3859 1123 3911 hilari
1151 3857 1324 3911 studio
1345 3857 1485 3910 illius
1501 3857 1783 3911 adventum

194 3951 526 4002 salutantem
551 3963 614 4002 ac
639 3949 1009 4016 excipientem,
1042 3947 1354 4016 discantque
1387 3962 1480 4016 per
1504 3947 1786 4015 experien-

197 4043 354 4101 tiam,
399 4047 654 4107 quantum
686 4039 822 4093 inter
851 4054 946 4092 nos
972 4040 1040 4093 sit
1081 4049 1133 4094 et
1164 4039 1307 4107 ipsos
1335 4039 1689 4092 intervallum.
1723 4035 1791 4091 Et

199 4131 271 4183 illi
302 4130 530 4199 quidem
559 4128 720 4182 ferias
749 4131 990 4183 et'festas
1017 4131 1292 4184 nominent
1314 4130 1648 4194 ebrietatem,
1671 4146 1790 4183 om-

199 4233 444 4285 nemque
472 4218 627 4270 aliam
658 4218 1135 4286 intemperantiam,
1166 4233 1227 4272 ac
1256 4217 1625 4286 turpitudines,
1660 4233 1792 4288 quas

201 4309 501 4363 Vel'isilllllc
531 4321 610 4362 est
638 4325 732 4362 eos
779 4311 900 4364 inde
929 4309 1243 4364 contrahere
1273 4328 1286 4364 :
1320 4318 1374 4363 at
1415 4309 1652 4365 Ecclesia
1700 4309 1794 4364 Dei

194 4417 266 4454 ea
317 4415 444 4468 quae
486 4400 588 4451 illis
629 4401 849 4455 adversa
891 4411 1032 4466 sunt,
1078 4416 1266 4469 nempe
1288 4401 1565 4469 jejunium,
1596 4401 1797 4455 ventris

201 4490 551 4558 despectum.
584 4498 636 4542 et
661 4505 846 4544 omnes
872 4491 1002 4544 alias
1027 4492 1246 4545 virtutes
1281 4492 1418 4545 illius
1444 4492 1687 4555 comites,
1719 4489 1796 4544 fe-

206 4581 321 4633 rias
368 4580 622 4646 appellet.
672 4578 763 4632 lla:
793 4579 931 4633 enim
961 4597 1098 4634 vcrae
1127 4581 1270 4635 feria:
1299 4591 1441 4645 sunt,
1475 4583 1561 4636 ubi
1599 4583 1802 4635 anima-

208 4687 332 4725 rum
362 4670 532 4734 salus,
565 4671 648 4725 ubi
678 4687 773 4739 pax
810 4682 862 4725 et
899 4674 1175 4727 concordia
1207 4683 1307 4736 est,
1337 4673 1621 4741 ubi‘omnis
1648 4672 1802 4741 hujus

212 4761 346 4814 vita:
381 4773 667 4828 apparatus
696 4760 956 4829 abigitur;
990 4761 1076 4815 ubi
1121 4764 1341 4825 clamor,
1368 4771 1424 4815 ct
1450 4764 1720 4824 tumultus,
1750 4769 1804 4814 et

209 4865 516 4918 euqunrum
544 4850 833 4915 discursus,
863 4862 918 4904 ct
940 4851 1193 4919 pecudum
1222 4854 1609 4905 mactationese
1631 4851 1805 4904 medio

212 4944 488 4993 tolluntur
519 4957 532 4992 :
574 4941 724 5009 quies
766 4957 892 4994 vero
933 4943 1124 5006 omnis,
1157 4955 1209 4995 et
1237 4945 1604 5012 tranquillitas,
1633 4952 1687 4997 et
1715 4959 1804 4996 ca-

211 5033 378 5095 ritas,
409 5038 468 5084 et
483 5031 752 5097 gaudium,
771 5043 824 5085 et
852 5047 971 5099 pax,
997 5041 1052 5087 et
1069 5035 1436 5097 mansuetudo,
1461 5046 1513 5089 et
1535 5035 1808 5089 innumera

213 5123 362 5175 bona
397 5136 493 5188 pro
514 5120 612 5173 illis
639 5121 689 5174 in
719 5137 813 5175 usu
844 5132 982 5175 sunt.

293 5212 611 5264 Continuam
633 5228 774 5264 verus
798 5213 914 5279 ﬁnis
935 5224 978 5264 et
1008 5229 1222 5267 ttsus.—
1237 5215 1308 5269 De
1330 5215 1418 5269 illo
1446 5217 1600 5284 igitur
1621 5230 1807 5285 pauca,

213 5304 484 5366 obsecro,
511 5303 716 5355 caritati
761 5315 950 5357 vestra)
988 5305 1369 5373 colloquanmr,
1404 5306 1558 5377 idque
1587 5308 1811 5375 primum

217 5405 504 5463 rogemus,
536 5401 591 5446 nt
621 5408 894 5448 sermones
939 5394 1056 5447 illos
1085 5405 1292 5447 uestros
1320 5395 1522 5464 placide
1559 5396 1817 5463 suscipia-

219 5486 318 5547 tis,
371 5497 481 5552 quo
519 5482 754 5547 domum,
805 5483 1028 5538 fructum
1072 5485 1350 5554 quemdam
1380 5485 1635 5554 insignem
1664 5500 1812 5538 asse-

218 5575 408 5645 qunti,
456 5573 704 5629 redeatis.
748 5574 930 5644 Neque
958 5575 1099 5629 enim
1149 5583 1352 5629 temere
1399 5582 1452 5627 et
1490 5573 1681 5629 frustra
1714 5574 1816 5627 huc

217 5664 602 5727 convenimus,
635 5674 690 5718 nt
720 5681 852 5720 unus
871 5665 1081 5734 quidem
1111 5666 1371 5736 loquatur,
1391 5665 1525 5720 alius
1549 5679 1675 5718 vero
1700 5679 1816 5733 qua:

221 5760 488 5814 dicuntur
517 5756 786 5827 plausibus
816 5758 1065 5827 excipiat,
1108 5766 1159 5812 ct
1188 5758 1264 5812 sic
1297 5756 1417 5812 hinc
1445 5755 1770 5813 excedamus
1798 5771 1812 5807 :

1860 1959 1954 2014 sed
1996 1970 2051 2012 ut
2095 1967 2150 2012 et
2187 1973 2284 2013 nos
2324 1958 2627 2027 frugiferum
2665 1959 2917 2028 quiddam
2945 1969 2996 2014 et
3034 1959 3189 2014 saluti
3253 1969 3446 2017 vestra:

1863 2047 2195 2104 conducibile
2240 2050 2539 2118 loquamur,
2587 2058 2641 2102 et
2689 2066 2783 2102 vos
2831 2051 2976 2104 lucro
3005 2063 3036 2104 e
3063 2049 3220 2104 dictis
3250 2052 3447 2105 nostris

1861 2147 2102 2208 accepto,
2128 2148 2182 2193 et
2208 2138 2399 2207 ampla:
2429 2139 2668 2192 utilitatis
2695 2139 2919 2192 fructum
2947 2139 3109 2204 nacti,
3139 2139 3259 2193 hinc
3289 2153 3449 2194 exea-

1867 2231 1952 2284 tis.
1987 2229 2225 2284 Ecclesia
2251 2244 2381 2284 sane
2419 2230 2630 2284 officina
2658 2231 2896 2298 quaedam
2927 2239 3004 2286 est
3037 2230 3312 2286 medicina:
3335 2230 3451 2299 spi-

1866 2321 2108 2387 ritnalis;
2155 2332 2210 2375 et
2254 2336 2347 2376 eos
2385 2321 2475 2391 qui
2520 2320 2625 2374 huc
2674 2321 2911 2384 veniunt,
2960 2328 3169 2390 oportet
3197 2335 3301 2373 non
3327 2328 3452 2372 ante

1867 2411 2081 2463 domum
2123 2409 2321 2475 redire,
2364 2426 2522 2480 quam
2566 2411 2652 2464 ubi
2695 2425 2925 2479 congrua
2968 2409 3202 2465 remedia
3229 2423 3453 2477 accepe-

1870 2500 1998 2563 rint,
2044 2499 2237 2570 illaque
2279 2501 2392 2554 suis
2423 2501 2729 2554 vulneribus
2757 2500 3114 2555 adhibuerint.
3164 2499 3297 2555 Nam
3323 2513 3457 2566 quo-

1870 2589 2030 2647 modo
2056 2591 2239 2648 audire
2265 2592 2461 2656 solum,
2494 2601 2546 2645 ct
2572 2593 2823 2659 operibus
2852 2592 2980 2646 nihil
3010 2600 3283 2658 przestare,
3325 2589 3457 2644 nihil

1873 2684 2203 2754 profuturum
2231 2685 2319 2750 sit,
2355 2681 2476 2738 andi
2504 2682 2713 2739 beatum
2749 2681 2966 2738 Paulum
2996 2681 3260 2738 dicentem
3287 2699 3302 2736 :
3336 2679 3459 2735 Non

1871 2775 2005 2828 enim
2046 2775 2301 2829 auditores
2345 2776 2465 2844 legis
2491 2776 2622 2845 justi
2670 2785 2786 2828 sunt
2833 2776 2970 2845 apud
2991 2773 3177 2840 Deum,
3219 2775 3308 2828 sed
3337 2773 3461 2843 legis

1873 2867 2087 2932 factores
2106 2863 2522 2933 justi/imbuatur
2550 2862 2726 2933 (Rom.
2755 2864 2811 2917 2.
2846 2865 2958 2930 i3).
2987 2863 3054 2916 Et
3069 2863 3312 2918 Christus
3328 2878 3460 2917 eon-

1875 2953 2137 3008 cionando
2159 2955 2405 3009 dicebat:
2440 2953 2562 3007 Non
2603 2954 2765 3008 omnis
2793 2956 2879 3022 qui
2907 2954 3026 3007 dicit
3065 2955 3188 3007 mihi
3229 2952 3460 3018 Domine,

1876 3038 2112 3106 Domine,
2142 3042 2348 3095 intrabit
2378 3043 2429 3095 in
2451 3058 2660 3112 regnum
2693 3042 2948 3106 telorum,
2977 3042 3066 3097 sed
3098 3042 3186 3110 qui
3211 3042 3332 3113 facit
3371 3057 3462 3095 vo-

1879 3129 2117 3183 luntatem
2159 3129 2330 3184 Putris
2371 3132 2468 3184 mei
2509 3132 2594 3199 qui
2631 3132 2685 3184 in
2729 3132 2866 3185 ca'lis
2902 3142 2972 3184 est
3021 3131 3232 3200 (Matth.
3263 3132 3314 3185 7.
3341 3131 3460 3200 2|).

1881 3220 2042 3289 Igitur
2091 3221 2340 3284 scientes,
2390 3220 2589 3283 dilecti,
2641 3222 2838 3274 nullam
2871 3221 3148 3275 utilitatem
3179 3235 3246 3275 ex
3286 3221 3465 3274 auditu

1880 3327 2022 3372 esse,
2062 3310 2166 3364 nisi
2217 3311 2350 3364 bona
2381 3325 2540 3378 opera
2569 3321 2872 3381 sequantur,
2907 3326 2972 3364 ne
3011 3310 3177 3364 simus
3197 3309 3469 3364 auditores

1882 3402 2176 3468 dumtaxat,
2205 3403 2298 3456 scd
2327 3403 2487 3456 etiam
2517 3402 2764 3469 factores,
2791 3419 2896 3472 quo
2932 3403 3042 3472 ipsa
3068 3417 3230 3471 opera
3258 3415 3465 3455 sermo-

1885 3507 1980 3548 nes
2022 3493 2294 3562 sequentia
2343 3494 2522 3547 multa:
2571 3493 2725 3546 nobis
2782 3493 2988 3547 ﬁduciae
3057 3492 3164 3546 sint
3227 3490 3462 3546 occasio.

1886 3583 2115 3638 Proinde
2157 3583 2419 3651 explicitis
2462 3591 2650 3637 vestra:
2701 3583 2892 3637 mentis
2936 3582 3160 3646 sinibus,
3189 3595 3471 3636 sermones

1887 3674 1953 3728 de
1971 3673 2176 3742 jejunio
2195 3672 2465 3741 suscipite.
2500 3672 2567 3726 Et
2590 3670 3030 3741 quemadmodum
3061 3681 3260 3725 castam
3287 3685 3472 3738 qnam-

1889 3765 2009 3818 dam
2037 3775 2091 3820 et
2120 3766 2399 3838 ingenuam
2428 3778 2677 3836 sponsam
2705 3763 2931 3826 dueturi.
2969 3762 3214 3819 thalamis
3240 3761 3473 3828 undique

1892 3858 2156 3930 tapetibus
2197 3861 2418 3924 ornatis,
2447 3860 2708 3926 domoipte
2735 3869 2840 3912 tota
2871 3867 3110 3927 purgata,
3140 3867 3194 3910 et
3233 3857 3474 3925 ingreﬁtt

1891 3952 2140 4005 omnibus
2179 3951 2470 4004 inhonestis
2506 3949 2711 4003 ancillis
2757 3950 3059 4013 interdicto,
3091 3949 3142 4003 in
3174 3949 3474 4003 cubiculum

1893 4041 2036 4095 illam
2069 4041 2444 4095 introducunt:
2479 4041 2588 4109 pari
2631 4039 2789 4094 modo
2815 4041 3005 4094 vellem
3034 4039 3192 4093 etiam
3220 4054 3346 4102 vos,
3379 4053 3476 4090 ex-

1897 4143 2115 4201 purgatu
2161 4141 2337 4186 mente
2380 4141 2574 4194 vestra,
2623 4130 2846 4200 valeque
2891 4130 3094 4185 deliciis
3124 4139 3178 4184 et
3205 4129 3480 4184 voracitati

1897 4223 2061 4288 dicto,
2095 4232 2314 4277 matrem
2363 4223 2597 4275 omnium
2644 4221 2924 4286 bonorum,
2953 4231 3006 4274 et
3034 4218 3319 4289 pudicitiae,
3347 4219 3477 4270 alia-

1903 4328 2126 4382 rumque
2154 4312 2403 4366 virtutum
2447 4312 2683 4364 omnium
2727 4312 3051 4380 magistram,
3081 4308 3362 4378 jejunium.
3401 4307 3484 4360 in-

1903 4419 2083 4474 quam,
2114 4402 2374 4469 explicitis
2403 4412 2592 4455 vestrae
2635 4401 2828 4454 mentis
2872 4399 3076 4453 sinibus
3106 4399 3398 4466 suscipere,
3429 4407 3487 4450 ut

1902 4505 1955 4547 et
1984 4508 2077 4546 vos
2104 4491 2291 4561 majori
2313 4490 2578 4544 -frnamini
2620 4490 2907 4558 voluptate,
2949 4502 2996 4542 et
3029 4487 3156 4540 illud
3185 4502 3484 4554 congruen-

1907 4593 2012 4638 tem
2033 4583 2188 4640 vobis
2215 4598 2364 4637 suam
2396 4582 2706 4636 medicinam
2748 4581 3003 4634 conferat.
3050 4578 3180 4634 Nam
3222 4578 3266 4630 si
3299 4575 3489 4630 medici

1907 4679 2186 4745 pharmaca
2231 4675 2360 4728 dare
2402 4673 2660 4736 volentes,
2707 4680 2762 4725 ut
2791 4671 3061 4739 putridum
3090 4678 3144 4724 et
3181 4677 3488 4735 corruptum

1910 4767 2186 4821 humorem
2228 4774 2542 4833 expurgem.
2591 4777 2618 4814 a
2660 4761 2921 4830 corporali
2949 4760 3050 4814 hoc
3075 4759 3194 4813 cibo
3223 4759 3493 4812 abstinere

1912 4855 2243 4925 pra‘eipiunt,
2285 4855 2357 4907 ita
2400 4864 2452 4905 ιιι
2499 4852 2764 4920 pharmaci
2796 4849 3045 4904 cfliraeia:
3074 4863 3177 4900 non
3207 4848 3274 4901 sit
3310 4846 3492 4899 obsta-

1911 4947 2114 5010 culum,
2143 4943 2236 4998 sed
2262 4943 2490 5012 operari,
2530 4957 2784 5009 suamque
2832 4941 2935 4992 vim
2970 4939 3093 4992 illud
3122 4938 3288 5006 possit
3309 4949 3493 4993 osten-

1913 5038 2075 5091 dere:
2123 5037 2288 5088 multo
2329 5033 2495 5103 magis
2537 5032 2686 5086 nobis
2728 5031 2998 5101 Spiritnale
3041 5030 3144 5084 hoc
3179 5027 3492 5086 remedium,

1916 5129 2017 5183 hoc
2047 5140 2148 5190 est,
2197 5127 2475 5180 utilitatem
2518 5139 2636 5195 qua:
2667 5140 2728 5176 ex
2753 5123 2956 5192 jejunio
2999 5130 3100 5185 est,
3145 5118 3493 5188 suscepturiS,

1918 5222 2173 5276 tenuitate
2199 5220 2366 5273 vietus
2392 5228 2626 5271 nostram
2657 5227 2888 5270 mentem
2917 5229 3231 5284 eXpurgare,
3258 5221 3310 5266 et
3335 5210 3500 5265 levio-

1919 5328 2030 5367 rem
2062 5311 2282 5365 reddere
2311 5309 2576 5370 convenit,
2610 5315 2667 5360 ut
2695 5322 2760 5361 ne
2788 5305 3044 5359 ebrietate
3080 5303 3323 5358 demersa
3359 5300 3502 5355 utili-

1922 5411 2105 5464 tatem,
2128 5417 2245 5469 quae
2271 5416 2334 5452 cx
2365 5400 2454 5452 illo
2486 5397 2746 5468 provenit,
2775 5397 2990 5449 adimat.

1989 5492 2047 5547 2.
2088 5492 2253 5546 Porro
2281 5492 2392 5545 scio
2420 5489 2629 5561 quidem
2663 5488 2775 5542 fore
2805 5497 2861 5540 ut
2889 5485 3066 5539 multis
3086 5499 3170 5551 ea,
3191 5498 3311 5553 quae
3342 5479 3499 5534 hodie

1921 5601 1950 5638 a
1982 5583 2136 5639 nobis
2157 5581 2381 5638 dicenda
2423 5590 2568 5646 sunt,
2598 5581 2730 5633 mira
2758 5576 3068 5632 videantur:
3099 5573 3215 5639 sed,
3254 5569 3500 5636 obsecro,

1991 5760 2006 5793 ί
2043 5754 2234 5808 coislin.
2258 5763 2309 5808 ct
2331 5762 2434 5806 tres
2449 5754 2547 5814 alii,
2565 5759 2753 5804 nostris.
