4086 6484
621 453 689 509 83
1361 455 1420 513 8.
1457 453 1734 512 JOANNIS
1769 451 2213 510 CBRYSOSTOII

2318 449 2598 508 .BCIIIEP.
2637 452 3165 511 CONSTANTINOP.
3801 454 3876 511 28

543 583 558 598 '
619 570 1079 629 neeousuaudini
1127 579 1324 626 temere
1361 569 1680 636 serviamus,
1723 567 1817 623 sed
1865 568 2068 622 ratione
2105 580 2190 621 res

617 674 825 722 nostras
867 666 1224 722 instituamus.
1265 662 1526 733 Numquid
1568 663 1713 722 enim
1762 661 1892 716 lucri
1926 659 2194 730 quidpiam

614 772 680 812 cx
698 757 1003 828 quotidiana
1032 755 1246 825 crapula
1261 754 1480 826 jugique
1499 752 1756 808 ebrietate
1782 751 1932 806 nobis
1954 749 2198 804 accedit?

621 835 686 903 Et
711 848 833 915 quid
863 847 984 902 dico
1007 846 1247 902 lucrum?
1270 846 1383 898 imo
1398 845 1621 898 multum
1648 843 1894 898 damnum
1917 853 1970 896 et
1990 842 2196 910 jactura

619 936 970 991 intolerabilis
1022 934 1144 989 inde
1191 943 1550 1003 exspectatur.
1607 934 1737 987 Cum
1787 932 2013 1001 primum
2056 929 2196 985 enim

621 1043 772 1082 tuens
803 1027 1083 1082 vinolentia
1115 1026 1278 1080 multa
1303 1024 1458 1082 fuerit
1490 1024 1698 1088 obruta,
1727 1023 1903 1085 statim
1931 1034 1983 1079 et
2007 1025 2059 1077 in
2082 1024 2198 1092 ipso

623 1117 774 1171 initio
820 1116 1036 1181 utilitas,
1081 1131 1202 1186 qua
1247 1131 1279 1169 a
1318 1115 1524 1186 jejunio
1567 1125 1670 1178 est,
1720 1114 2014 1184 repellitur.
2061 1112 2196 1180 Quid

622 1207 764 1260 enim
783 1205 1072 1269 insuavius,
1089 1205 1196 1272 die,
1222 1205 1464 1268 obsecro,
1491 1203 1616 1274 quid
1643 1205 1768 1258 item
1793 1205 2018 1274 turpius,
2041 1219 2199 1274 quant

622 1311 744 1349 cum
768 1310 938 1364 usque
965 1295 1034 1348 ad
1071 1295 1298 1358 mediam
1329 1304 1542 1350 noctem
1581 1310 1851 1350 meracum
1896 1295 2197 1360 sorbentes,

623 1386 724 1439 sub
746 1399 1014 1449 auroram,
1038 1384 1365 1454 solisjuhare
1388 1385 1616 1449 oriente,
1638 1384 1816 1438 vinum
1839 1384 1988 1455 quasi
2015 1399 2202 1439 recens

627 1476 888 1546 ingestum
916 1477 1139 1547 spirant,
1161 1487 1215 1531 et
1241 1477 1643 1532 occurrentibus
1667 1471 1880 1546 quidem
1909 1475 2198 1544 injucuudi,

627 1567 885 1622 ministris
913 1581 1042 1622 vero
1068 1566 1394 1636 despiciendi
1423 1575 1701 1636 apparent,
1729 1575 1784 1622 et
1804 1564 2112 1620 deridentur
2135 1566 2202 1619 ab

626 1659 893 1722 omuibus,
917 1659 1006 1728 qui
1032 1661 1191 1714 modo
1213 1659 1340 1728 quid
1369 1660 1552 1715 deceat
1573 1660 1653 1714 vel
1677 1659 1862 1714 leviter
1882 1659 2200 1728 intelligunt,

626 1759 684 1805 et
726 1765 834 1818 pra:
876 1750 1121 1804 omnibus
1159 1751 1285 1814 illis,
1323 1750 1535 1820 quando
1577 1758 1793 1819 propter
1816 1749 2030 1803 nimiam
2063 1749 2201 1801 illam

628 1848 683 1892 et
709 1839 1045 1894 immodicam
1090 1829 1616 1909 internpestivamque
1652 1854 1714 1894 ac
1743 1838 1982 1893 inutilem
2013 1839 2206 1892 intem-

629 1929 922 1996 perantiam
967 1929 1021 1986 in
1075 1929 1393 1984 sedivinam
1423 1942 1713 1999 provocant
1751 1929 2204 1999 indignationem?

630 2017 848 2085 εὸήοό,
893 2021 1058 2084 enim,
1105 2019 1292 2087 inquit,
1345 2035 1552 2089 regnent
1605 2019 1699 2073 Dei
1747 2036 1848 2074 non
1885 2019 2207 2089 possidebunt

629 2108 710 2180 (Ι.
738 2107 856 2163 Cor.
887 2107 943 2164 ο.
976 2109 1088 2180 i0).
1113 2107 1250 2177 Quid
1281 2110 1438 2180 igitur
1479 2109 1584 2163 illis
1623 2109 1869 2165 miserius
1909 2110 2084 2169 fuerit,
2118 2109 2207 2178 qui

628 2200 702 2254 oh
729 2213 954 2269 parvam
995 2209 1050 2254 et
1074 2201 1423 2269 perniciosam
1454 2200 1775 2270 voluptatem
1803 2215 1835 2254 a
1864 2201 2011 2270 regni
2043 2201 2204 2255 vesti-

633 2288 769 2345 bulis
807 2289 1132 2360 ejiciuntur?
1171 2289 1312 2345 absit
1351 2297 1529 2344 autem
1575 2299 1633 2344 ut
1670 2291 1788 2358 quis
1811 2305 1878 2346 ex
1909 2291 1973 2344 iis
2002 2291 2091 2360 qui
2123 2289 2208 2344 hic

629 2387 1010 2444 convenerunt,
1058 2377 1158 2434 hoc
1203 2379 1392 2434 morbo
1430 2379 1719 2450 implicitus
1744 2380 1813 2434 sit
1843 2397 1856 2434 :
1886 2379 1980 2434 sed
2007 2378 2206 2433 utinam

633 2471 780 2525 omni
821 2485 945 2525 eum
985 2469 1286 2540 frugalitate
1312 2479 1368 2524 et
1401 2471 1727 2524 continentia
1769 2470 1929 2524 etiam
1976 2469 2077 2524 boc
2123 2469 2210 2525 die

632 2559 920 2627 convivati,
949 2569 1002 2614 et
1031 2575 1062 2614 a
1084 2569 1398 2630 tempestate
1423 2575 1485 2613 ac
1511 2559 1766 2630 procella,
1794 2575 1951 2630 quam
1978 2560 2210 2615 ebrietas

632 2665 889 2723 generare
910 2651 1067 2716 solet,
1097 2650 1324 2717 liberati,
1352 2650 1404 2704 in
1434 2661 1642 2719 portum
1669 2651 1962 2705 animarum
1999 2661 2210 2706 nostra-

633 2758 775 2808 rum,
798 2742 1078 2813 jejunium,
1111 2742 1345 2812 inquam,
1365 2742 1633 2813 appellere
1653 2743 1944 2812 contingat,
1969 2750 2027 2796 ut
2046 2742 2210 2796 multa

630 2842 755 2890 eum
793 2831 1034 2888 ubertate
1072 2833 1212 2888 illius
1249 2833 1384 2888 bona
1409 2833 1660 2903 cmtsequi
1703 2833 1984 2902 possimus.
2028 2834 2212 2890 Enim-

636 2939 765 2981 vero
783 2925 919 2981 sicut
941 2925 1156 2994 crapula
1181 2925 1413 2980 humano
1437 2927 1620 2995 generi
1662 2925 2061 2981 innumerorum
2103 2939 2214 2979 ma-

639 3017 810 3072 lorum
835 3031 993 3071 causa
1023 3026 1106 3070 est
1131 3025 1184 3072 et
1208 3015 1395 3078 fomes,
1427 3017 1499 3072 ita
1525 3017 1684 3072 etiam
1705 3017 1968 3088 jejunium
1989 3015 2214 3072 ventris-

635 3121 740 3177 que
769 3107 1038 3177 neglectus
1079 3106 1316 3162 omnium
1348 3107 1502 3162 nobis
1526 3107 1785 3162 bonorum
1825 3122 2036 3178 semper
2055 3121 2213 3161 causa

637 3196 756 3253 fuit.
797 3195 928 3253 Nam
967 3197 1110 3253 Deus
1135 3211 1256 3251 cum
1281 3198 1348 3250 ah
1371 3197 1522 3252 initio
1561 3197 1828 3253 hominem
1867 3195 2213 3264 condidisset,

638 3298 695 3344 et
717 3288 879 3344 sciret
899 3301 1021 3342 eum
1048 3286 1150 3341 hoc
1175 3285 1411 3342 remedio
1429 3285 1498 3341 ad
1525 3287 1716 3342 anima
1738 3287 1960 3342 salutem
1989 3287 2213 3341 multum

642 3381 841 3438 habere
874 3393 1030 3449 opus,
1077 3381 1254 3434 statim
1296 3388 1354 3435 et
1393 3378 1446 3434 in
1475 3378 1736 3450 principio
1777 3378 1878 3434 hoc
1908 3377 2213 3434 mandatum

643 3469 816 3541 primo
839 3469 1046 3540 paron“
1063 3467 1235 3533 dedit,
1260 3468 1443 3524 dicens
1472 3487 1484 3520 :
1515 3467 1592 3522 De
1615 3469 1754 3522 omni
1793 3468 1950 3540 ligno,
1986 3469 2120 3540 quod
2141 3480 2216 3523 est

637 3553 1024 3631 its’e‘wddiso,
1065 3559 1374 3616 comedenda
1425 3559 1687 3622 conlades;
1746 3560 1810 3614 de
1856 3560 1994 3630 ligno
2051 3571 2218 3614 autem

641 3651 862 3707 scientia
913 3651 1029 3706 ιθοή
1060 3641 1109 3705 et
1149 3649 1293 3718 muli,
1338 3667 1402 3707 tte
1430 3651 1704 3706 comedetis
1731 3652 1796 3706 de
1839 3651 1950 3721 ipso
1977 3650 2130 3719 (Ceu.
2159 3651 2212 3706 2.

641 3740 756 3814 16).
782 3741 900 3798 iam
919 3741 1120 3812 dicere,
1148 3742 1260 3798 Hoc
1283 3743 1524 3809 comede,
1554 3742 1654 3798 boc
1692 3759 1760 3798 ne
1785 3743 2054 3806 comedas,
2082 3743 2219 3812 jeju-

645 3833 718 3890 nii
765 3833 928 3905 ﬁgura
964 3843 1099 3889 erat.
1140 3833 1308 3890 Porro
1348 3848 1469 3889 cum
1514 3834 1616 3891 hoc
1657 3835 1960 3890 mandatum
2005 3851 2218 3890 servare

645 3927 989 3999 oportuisset,
1045 3925 1367 3982 hoetamen
1419 3925 1509 3981 ille
1553 3942 1657 3980 non
1703 3925 1866 3981 fecit:
1894 3927 1988 3982 sed
2019 3928 2220 3980 ventris

647 4005 1054 4090 intemperantia
1099 4017 1289 4084 victus,
1337 4026 1392 4072 et
1432 4017 1908 4087 transgressionem
1947 4027 2218 4088 operatus,

645 4108 715 4168 ad
738 4119 964 4170 mortem
989 4108 1374 4170 condemnatus
1393 4117 1494 4168 est.
1517 4107 1776 4181 Quoniam
1796 4107 1936 4169 enim
1963 4108 2225 4182 malignus

649 4204 738 4260 ille
763 4203 972 4259 damon
1000 4213 1055 4259 et
1081 4205 1248 4259 nostri
1273 4205 1484 4276 generis
1532 4206 1775 4260 inimicus
1824 4205 1954 4259 vidit
1996 4206 2222 4274 primum

649 4303 922 4365 parentem
945 4294 999 4350 in
1025 4295 1272 4366 paradiso
1302 4303 1632 4363 versantem,
1658 4298 1925 4366 vitamque
1954 4295 2094 4350 illam
2122 4295 2224 4350 mi-

648 4383 804 4440 serie
848 4393 1119 4454 expertem
1145 4423 1162 4450 ,
1209 4395 1266 4440 et
1319 4400 1442 4440 eum
1484 4386 1574 4456 qui
1619 4385 1829 4455 corpori
1873 4386 1948 4441 sic
1987 4393 2223 4441 annexus

650 4485 784 4543 cat,
829 4483 1095 4548 tamquam
1135 4478 1380 4550 angelum
1409 4493 1571 4548 super
1597 4485 1796 4533 terram
1832 4492 2012 4547 agere,
2040 4477 2225 4532 volens

651 4565 800 4624 illan
841 4567 1182 4638 supplantare
1218 4576 1274 4623 et
1314 4566 1545 4638 dejicere
1571 4568 1887 4639 ampliorum
1911 4569 2219 4637 promissio-

653 4672 780 4712 num
822 4671 938 4727 spe,
978 4657 1123 4711 illum
1167 4658 1328 4713 etiam
1368 4658 1434 4713 iis
1478 4673 1596 4726 quae
1638 4657 1690 4712 in
1729 4657 1970 4712 manibus
1998 4657 2225 4713 habebat

652 4746 918 4816 spoliavit.
965 4745 1189 4800 Tantum
1231 4755 1318 4802 est
1355 4745 1550 4800 malum
1578 4762 1682 4801 non
1709 4761 1769 4802 se
1792 4747 2064 4802 continere
2089 4749 2222 4802 intra

655 4836 900 4907 proprios
951 4836 1166 4901 limites,
1209 4837 1305 4893 sed
1355 4837 1645 4907 majoribus
1695 4838 1920 4893 inhiare.
1976 4839 2044 4894 Et
2086 4840 2223 4894 istud

655 4929 826 4997 ipsum
875 4929 1088 4999 sapiens
1125 4928 1338 4999 quidam
1385 4929 1662 4984 declarans
1709 4929 1921 4985 dicebat
1963 4948 1975 4984 :
2026 4930 2227 4985 Invidia

654 5027 824 5076 autem
857 5018 1044 5073 diaboli
1088 5035 1222 5072 mors
1261 5020 1460 5074 intrauit
1499 5020 1550 5073 iu
1577 5020 1820 5073 mundum
1844 5019 2001 5089 (Sep,
2028 5019 2080 5074 2.
2109 5019 2224 5090 24).

660 5107 837 5177 Vides,
867 5107 1082 5174 dilecte,
1124 5109 1390 5179 quomodo
1417 5110 1485 5165 ah
1521 5109 1671 5164 initio
1712 5111 1891 5166 statim
1918 5125 1987 5165 ex
2014 5114 2226 5180 crapula

658 5213 802 5257 mors
843 5198 1135 5273 ingressum
1176 5199 1400 5255 habuit?
1436 5199 1724 5256 Considera
1753 5210 1927 5255 autem
1959 5201 2148 5256 iterum
2176 5212 2230 5256 ct

658 5299 778 5362 post
802 5290 917 5345 hac
949 5281 1180 5347 divinam
1214 5290 1540 5360 Scripturam
1579 5290 1804 5346 subinde
1831 5290 2050 5347 delicias
2078 5293 2228 5346 incu-

655 5391 862 5437 santem
885 5397 950 5438 ac
967 5380 1231 5437 dicentem
1259 5381 1447 5445 alicubi
1475 5399 1489 5437 :
1515 5379 1662 5436 Sedit
1691 5382 1908 5451 populus
1926 5382 2232 5435 manducare

658 5484 706 5527 st
747 5471 932 5536 bitere,
972 5483 1020 5527 et
1058 5481 1381 5528 senescunt
1419 5472 1594 5527 ludere
1632 5471 1824 5543 (Exod.
1870 5471 1956 5527 δε.
1997 5473 2079 5540 6);
2103 5472 2230 5527 alibi

660 5575 824 5618 vero:
867 5561 937 5615 lit
981 5562 1215 5627 metit,
1258 5571 1307 5617 et
1347 5561 1487 5628 bibit,
1533 5570 1580 5620 et
1604 5563 1943 5634 impingunt“
1962 5573 2055 5629 est,
2083 5572 2128 5618 et
2153 5563 2232 5616 in-

659 5661 936 5717 ereasatas,
961 5661 1010 5706 st
1030 5652 1360 5708 καὶάπισᾶ
1383 5652 1597 5708 dilectus
1630 5651 1805 5724 (Deut.
1837 5652 1927 5708 32.
1957 5652 2070 5723 i5),
2095 5654 2231 5720 Quin

661 5757 718 5805 et
733 5728 1089 5804 Sodomorum
1111 5745 1295 5800 incolat
1315 5744 1756 5815 indeprecabilem
1776 5743 1919 5799 illam
1956 5744 2088 5800 iram
2113 5759 2233 5798 cum

666 5857 730 5898 ex
765 5838 884 5898 aliis
908 5839 1063 5896 malis
1085 5846 1198 5894 tun
1223 5836 1348 5894 hinc
1372 5838 1474 5897 sibi
1499 5839 1908 5895 accentverunt.
1933 5835 2068 5893 Audi
2090 5836 2232 5895 enim

2303 565 2620 637 prophetam
2633 567 2894 623 dicentem
2924 585 2938 622 :
2972 567 3094 623 Hac
3116 569 3353 637 iniquus
3369 567 3729 638 Sodomorum,
3745 572 3880 638 quod

2299 658 2352 710 iu
2377 660 2604 712 satietate
2623 675 2808 727 ponunt
2835 657 3155 712 lasciviebant
3175 656 3387 728 (Emit.
3413 659 3501 712 16.
3529 657 3644 728 49),
3668 657 3882 713 lorbus

2298 747 2440 802 enim
2489 748 2577 803 ille
2612 722 2762 818 quasi
2803 747 2949 804 radix
2995 757 3050 804 et
3077 722 3199 804 fons
3221 747 3440 820 quidam.
3463 722 3722 804 malo'rOum
3759 765 3881 806 ουκ

2301 839 2445 894 nium
2471 848 2574 894 est.

2371 929 2424 984 3.
2461 928 2728 1001 Jejunium
2773 931 3002 997 exemplo
3040 940 3328 986 sanctorum
3367 932 3768 1001 commentatur.
3791 957 3882 975 ~—

2305 1020 2488 1076 Vidisti
2509 1000 2739 1092 crapula:
2761 1023 3175 1077 nocumentum‘l
3199 1019 3338 1076 Vide
3355 1021 3516 1081 etiam
3533 1000 3720 1090 jejuonii
3744 1037 3884 1090 pra:-

2301 1113 2445 1166 clara
2475 1113 2730 1168 facinora.
2758 1113 3118 1185 Quadraginta
3143 1112 3261 1168 dies
3301 1128 3421 1167 cum
3448 1113 3743 1184 jejunasset
3769 1130 3884 1169 ma-

2302 1219 2435 1274 gnus
2456 1204 2649 1270 loses,
2671 1204 2802 1274 legis
2823 1205 3027 1259 tabulas
3043 1207 3290 1275 accipere
3306 1204 3476 1274 potuit
3498 1222 3512 1258 :
3534 1213 3590 1260 et
3607 1204 3887 1273 quoniam,

2305 1304 2362 1348 ut
2383 1293 2677 1361 descendit,
2699 1293 2828 1348 vidit
2851 1293 3031 1365 populi
3056 1293 3411 1363 iniquitatem,
3439 1309 3572 1364 quas
3589 1309 3709 1348 cum
3734 1301 3889 1348 tanto

2303 1387 2512 1453 studio,
2542 1395 2598 1442 et
2615 1386 2954 1450 assiduitate,
2998 1387 3240 1456 accipere
3284 1386 3448 1456 potuit
3473 1428 3488 1450 ,
3520 1401 3613 1440 eas
3649 1387 3887 1456 abjectas

2304 1478 2560 1532 contrivit
2596 1476 2807 1548 (Exod.
2838 1477 2930 1531 94.
2963 1477 3064 1542 l8;
3094 1487 3143 1531 et
3167 1477 3255 1532 3i.
3290 1477 3392 1543 18;
3417 1486 3468 1531 et
3493 1475 3582 1533 32.
3615 1475 3753 1548 i9),
3784 1478 3885 1532 ah-

2305 1567 2523 1622 surdum
2553 1582 2672 1622 esse
2698 1581 2952 1632 censetis,
2983 1567 3192 1622 ebrium
3220 1576 3274 1621 et
3300 1568 3754 1636 prmvaricatorem
3786 1585 3887 1635 po-

2307 1657 2485 1725 pulum
2511 1657 2656 1727 leges
2682 1671 2711 1710 a
2749 1658 2974 1712 Domino
2999 1657 3242 1712 conditas
3265 1657 3523 1732 accipere.
3551 1657 3889 1728 Quapropter

2305 1749 2482 1804 denuo
2519 1749 2862 1818 quadraginta
2895 1748 3101 1803 dierum
3123 1749 3328 1817 jejunio
3353 1763 3488 1818 opus
3510 1748 3691 1804 habuit
3715 1748 3890 1802 admi-

2305 1839 2503 1895 randus
2527 1840 2613 1894 ille
2642 1839 2918 1908 propheta,
2948 1848 3005 1892 ut
3031 1838 3233 1892 tabulas
3271 1848 3487 1908 pr0ptcr
3515 1839 3752 1906 ipsorum
3780 1838 3889 1893 iui-

2306 1931 2558 2000 quitatem
2586 1932 2840 1984 contritas
2866 1933 3054 1984 iterum
3077 1944 3305 1998 superne
3325 1940 3566 1998 receptas
3582 1930 3896 2000 deportaret

2311 2021 2514 2092 (Exod.
2557 2022 2644 2077 3d.
2686 2020 2818 2091 28).
2855 2021 3094 2080 Totidem
3137 2022 3343 2076 dierum
3372 2022 3628 2090 jejunium
3680 2031 3737 2076 et
3778 2037 3878 2075 mai

2307 2129 2442 2184 gnus
2469 2113 2646 2168 Helias
2673 2112 2959 2182 transegit,
2999 2113 3263 2180 vitataque
3293 2113 3478 2166 mortis
3508 2111 3805 2183 tyrannide,
3835 2123 3892 2168 et

2309 2222 2468 2259 curru
2496 2205 2650 2274 igneo
2689 2205 2838 2274 quasi
2885 2204 2936 2257 in
2975 2203 3162 2256 caelum
3194 2209 3407 2270 raptus,
3443 2203 3602 2256 etiam
3643 2217 3808 2270 usque
3837 2203 3893 2256 in

2311 2297 2446 2350 hanc
2464 2295 2606 2350 diem
2635 2303 2861 2350 mortem
2887 2309 2992 2350 nou
3019 2302 3270 2362 expertus
3293 2300 3375 2347 est
3415 2293 3491 2363 (3.
3523 2292 3652 2362 Reg.
3685 2293 3772 2348 l9.
3807 2294 3890 2365 8).

2314 2386 2406 2442 Vir
2431 2399 2642 2456 quoque
2679 2384 3086 2450 desideriorum,
3114 2393 3329 2454 peracto
3357 2384 3643 2438 multorum
3680 2383 3891 2438 dierum

2307 2478 2512 2548 jejunio
2535 2517 2550 2543 ,
2592 2476 2961 2540 ndmirandam
3002 2475 3144 2530 illam
3183 2476 3440 2530 visionem
3471 2484 3657 2530 nactus
3684 2484 3798 2543 est,
3837 2486 3894 2531 et

2314 2569 2524 2624 leonum
2556 2568 2789 2625 furorem
2815 2571 3144 2640 compescuit
3172 2571 3223 2624 in
3254 2571 3540 2641 oviumque
3581 2579 3893 2626 mansuetuo

2311 2660 2491 2716 dinem
2515 2658 2674 2716 vertit
2701 2662 2720 2729 (
2735 2659 2874 2715 Dan.
2908 2662 2994 2717 ιο.
3023 2661 3117 2731 3),
3145 2675 3250 2716 non
3271 2671 3514 2716 naturam
3534 2669 3889 2726 eommutaus,

2313 2752 2406 2808 sed
2424 2752 2629 2808 feritate
2644 2761 2893 2808 manente
2911 2753 3202 2822 appetitum
3214 2760 3472 2806 mutatum
3485 2751 3759 2806 cohibens.
3779 2750 3895 2806 line

2309 2843 2513 2914 jejunio
2527 2853 2581 2899 et
2594 2843 2836 2900 Ninivitze
2855 2844 2959 2909 usi,
2980 2844 3300 2900 sententiam
3325 2844 3530 2898 Domini
3547 2851 3888 2908 revocarunt,

2314 2935 2607 2990 efficientes
2633 2945 2696 2990 ut
2714 2945 2820 2989 tam
2842 2935 3079 3004 jmnenta
3107 2949 3267 3005 quant
3294 2934 3538 2989 homines
3564 2933 3689 2988 illud
3716 2935 3894 2989 susci-

2315 3039 2535 3097 perent,
2564 3041 2618 3083 ct
2653 3029 2731 3083 sic
2757 3027 3106 3082 abscedentes
3131 3027 3492 3096 unusquisque
3527 3040 3558 3079 a
3597 3026 3750 3080 malis
3773 3033 3894 3080 stu-

2315 3118 2437 3184 diis,
2465 3117 2531 3172 ad
2560 3117 2896 3174 clementiam
2926 3118 3290 3172 universorum
3321 3116 3601 3170 Dominum
3632 3129 3892 3185 provoca-

2319 3218 2437 3263 rent
2475 3207 2660 3277 (Jones
2685 3209 2738 3262 3.
2766 3207 2799 3261 ’1
2817 3207 2858 3278 ).
2901 3207 2965 3262 Et
2989 3206 3115 3276 quid
3144 3207 3285 3262 circa
3313 3221 3496 3262 servos
3527 3205 3750 3261 ulterius
3773 3219 3898 3260 verb

2318 3299 2451 3354 sort
2497 3297 2699 3352 Etenim
2731 3311 3006 3368 possemus
3041 3305 3097 3351 et
3120 3295 3255 3351 alios
3285 3294 3541 3366 plurimos
3564 3309 3896 3350 commemo-

2321 3406 2439 3444 rare
2466 3390 2587 3444 etin
2617 3389 2818 3454 Veteri,
2842 3389 2969 3443 etin
2991 3387 3138 3442 Novo
3156 3385 3498 3441 Testamento
3525 3401 3619 3455 per
3633 3385 3895 3455 jejunium

2317 3480 2645 3542 celebratos;
2678 3493 2860 3534 verum
2892 3492 3072 3548 opera
3097 3476 3323 3547 pretium
3343 3486 3446 3542 est,
3478 3485 3537 3530 ut
3561 3476 3626 3531 ad
3650 3491 3896 3530 commu-

2321 3585 2441 3624 nem
2488 3569 2653 3624 nostri
2696 3569 2931 3624 omnium
2973 3568 3253 3622 Dominum
3295 3567 3590 3622 veniamus.
3639 3566 3897 3623 Dominus

2320 3660 2461 3713 enim
2508 3668 2689 3714 noster
2714 3657 2874 3714 lusus
2897 3659 3160 3713 Canis-rus
3184 3666 3239 3713 et
3267 3658 3380 3728 ipse
3406 3657 3750 3728 quadraginta
3775 3657 3896 3712 die-

2322 3767 2436 3804 rum
2466 3751 2742 3818 prmmisso
2765 3749 2988 3819 jejunio,
3021 3750 3099 3804 sic
3124 3759 3394 3804 certamen
3415 3758 3600 3803 contra
3625 3748 3896 3803 diabolum

2322 3857 2601 3912 aggressus
2619 3850 2701 3896 est
2731 3839 2942 3912 (Matth.
2975 3841 3031 3895 ι.
3057 3840 3140 3909 2),
3163 3840 3514 3910 omnibusque
3547 3839 3700 3894 nobis
3719 3853 3900 3894 exem-

2325 3931 2469 4000 plum
2497 3931 2672 3996 dedit,
2706 3939 2762 3984 ut
2791 3946 2889 4002 per
2915 3931 3041 3985 illud
3068 3945 3359 3995 armemur,
3397 3940 3455 3985 et
3490 3945 3559 3986 ex
3605 3929 3700 3985 illo
3735 3931 3898 3986 robur

2324 4036 2615 4086 sumamus,
2640 4032 2698 4076 ut
2717 4022 2781 4076 ad
2812 4037 3037 4091 pugnam
3053 4032 3238 4077 contra
3256 4021 3526 4077 diabolum
3549 4021 3894 4076 instruamur.

2327 4115 2395 4167 At
2424 4111 2509 4166 hic
2533 4110 2776 4166 fortassis
2802 4112 3067 4180 rogaverit
3088 4112 3349 4183 quispiam
3374 4125 3560 4166 eorum
3584 4112 3672 4182 qui
3696 4112 3902 4167 acutius

2325 4202 2540 4272 vident,
2586 4211 2642 4262 ct
2690 4203 2998 4260 excitatione
3025 4202 3203 4255 animo
3231 4212 3353 4255 sunt
3395 4219 3409 4256 :
3445 4217 3611 4271 quare
3641 4201 3858 4256 totidem
3881 4242 3898 4269 ,

2326 4308 2457 4368 quot
2479 4298 2640 4362 servi,
2662 4295 2778 4351 dies
2804 4290 3057 4350 Dominus
3076 4290 3320 4364 jejunare
3344 4291 3690 4364 mnspieitur,
3721 4299 3775 4349 et
3800 4305 3905 4350 nu-

2328 4403 2537 4443 merum
2579 4387 2726 4441 illum
2771 4403 2874 4440 non
2921 4384 3342 4456 transgreditur?
3369 4383 3485 4438 Non
3523 4385 3627 4438 hoc
3669 4392 3902 4450 temere,

2327 4492 2498 4547 neque
2523 4475 2738 4542 frustra,
2769 4477 2877 4530 imo
2905 4489 3033 4530 vero
3059 4476 3330 4543 sapienter
3356 4481 3410 4528 et
3437 4487 3533 4543 pro
3563 4471 3813 4528 ineffabili
3838 4478 3905 4525 tt-

2329 4567 2430 4622 lius
2450 4567 2770 4636 benignitate
2795 4565 2987 4620 factum
3009 4573 3110 4621 est.
3139 4563 3338 4634 Nempe
3357 4579 3424 4617 ne
3447 4563 3788 4618 existimetur
3806 4577 3906 4633 ap-

2329 4667 2579 4729 parenter
2608 4668 2811 4722 tantum
2841 4657 3121 4712 advenisse
3140 4695 3157 4722 ,
3189 4665 3244 4711 et
3270 4670 3376 4710 non
3401 4644 3755 4724 assumpsisse
3778 4667 3906 4709 ear-

2331 4766 2475 4815 netn,
2509 4749 2593 4804 vel
2632 4759 2783 4804 extra
2809 4748 3093 4803 humanam
3116 4761 3238 4802 esse
3264 4755 3528 4814 naturam,
3558 4753 3777 4814 propter
3803 4741 3910 4798 hoe

2330 4840 2478 4895 illum
2509 4840 2679 4908 ipsum
2720 4853 2997 4892 numerum
3021 4836 3254 4906 jejunat,
3302 4848 3475 4903 neque
3511 4834 3646 4888 alios
3681 4833 3766 4886 bis
3789 4831 3908 4887 die-

2332 4929 2430 4984 hus
2455 4927 2666 4996 adjicit,
2700 4929 2778 4981 sic
2807 4927 2990 4980 volens
3025 4925 3479 4979 contentiosorum
3525 4921 3909 4992 impudentiam

2333 5019 2563 5074 frenare.
2595 5017 2725 5072 Nam
2755 5018 2799 5072 si
2827 5016 2990 5072 rebus
3015 5016 3086 5070 ita
3118 5015 3317 5086 gestis,
3363 5013 3576 5084 quidam
3615 5014 3907 5067 etiamnum

2333 5111 2431 5164 ista
2462 5109 2603 5180 loqui
2633 5109 2860 5172 audent,
2889 5107 2987 5160 nisi
3015 5107 3204 5160 borum
3242 5103 3495 5172 prmscius
3523 5103 3660 5157 hanc
3686 5101 3789 5156 illis
3813 5116 3910 5154 an-

2333 5216 2446 5254 sam
2482 5200 2800 5261 ademissct,
2831 5196 2955 5267 quid
3001 5211 3105 5249 non
3153 5194 3330 5248 dicere
3372 5191 3674 5262 aggressuri
3719 5192 3915 5245 erant?

2338 5290 2458 5346 Ideo
2485 5289 2654 5344 noluit
2681 5290 2860 5358 plures
2900 5286 3016 5341 dies
3054 5285 3330 5355 jejunare,
3370 5280 3465 5336 sed
3497 5279 3753 5344 totidem,
3781 5289 3914 5349 quot

2334 5384 2477 5439 servi
2501 5401 2517 5440 :
2538 5393 2593 5438 ut
2610 5397 2669 5437 re
2698 5381 2809 5452 ipsa
2828 5393 2936 5434 nos
2947 5379 3176 5442 erudiat,
3195 5391 3254 5431 se
3272 5373 3459 5429 eadem
3486 5388 3588 5442 qua
3627 5387 3727 5426 nos
3750 5387 3914 5426 carne

2335 5477 2588 5532 amictum
2630 5483 2684 5528 et
2707 5489 2737 5527 a
2765 5483 2951 5527 natura
3003 5479 3182 5526 nostra
3213 5477 3526 5523 extraneum
3572 5479 3678 5518 non
3730 5463 3911 5517 fuisse.

2407 5566 2464 5620 ι.
2504 5565 2766 5619 Ceterum
2811 5561 3062 5632 quoniam
3091 5575 3120 5614 a
3149 5557 3303 5613 nobis
3339 5555 3762 5611 demonstratum
3792 5560 3874 5606 est
3893 5592 3914 5618 ,

2338 5672 2496 5727 quam
2517 5668 2706 5724 magna
2731 5653 2802 5708 sit
2823 5652 3013 5724 jejuuii
3039 5652 3140 5715 vis,
3167 5659 3223 5704 et
3244 5663 3401 5718 quam
3432 5646 3704 5714 multiplex
3730 5660 3792 5697 ex
3821 5643 3916 5696 illo

2341 5746 2559 5812 utilitas,
2589 5743 2744 5814 idque
2763 5743 3011 5812 exemplo
3029 5753 3303 5797 servorum
3324 5751 3387 5792 ac
3411 5735 3616 5791 Domini
3635 5745 3716 5788 est
3736 5744 3916 5788 «ieien-

2346 5855 2502 5908 sum;
2541 5837 2664 5895 ideo
2703 5835 2925 5894 uincero
2962 5835 3235 5892 caritatem
3283 5840 3544 5896 vestram,
3584 5836 3644 5883 ut
3686 5833 3916 5882 scientes
