4086 6488
233 426 304 480 25
1444 427 1509 485 ΙΝ
1547 424 1698 482 CAP.
1743 422 1783 475 l.

1905 415 2072 473 INES.
2113 411 2348 469 HOMIL.
2389 409 2454 466 ll.
3457 405 3528 461 ιθ

228 537 490 588 quantum
519 544 584 585 es
616 530 1035 598 illositlucrum,
1063 550 1126 588 ne
1146 536 1431 593 utilitatem
1453 547 1678 606 tantam,
1704 557 1824 614 quae
1931 546 2074 588 mllln
2102 527 2324 594 habet“.
2359 525 2488 581 nihil
2514 523 2829 587 ειιῑτοίεωηει
2860 523 2990 578 nihil
3015 522 3210 586 ϐιαιως
3239 521 3335 576 sed
3357 524 3526 591 magis

223 635 290 674 ex
321 621 416 674 illo
439 633 680 690 paratur,
713 639 806 692 per
821 625 1080 679 desidiam
1109 630 1408 697 repellazis,
1431 649 1605 701 neque
1623 636 1826 690 contri—

228 714 445 770 stemini
474 725 698 786 propter
722 718 863 772 illius
887 719 1202 787 adventum,
1232 723 1326 776 sed
1350 725 1627 792 gaudeatis
1655 737 1708 781 et
1733 744 1829 784 es-

230 821 458 884 sultetis,
487 821 780 878 secundum
808 822 1016 876 beatum
1045 818 1286 882 Paulum,
1311 814 1610 869 dicentem:
1639 813 1816 879 Quou-

226 921 274 964 ts
298 923 541 968 attritus
564 924 731 968 noster
756 915 904 966 homo
929 910 1285 979 corrumpitur,
1318 917 1457 960 tanto
1481 906 1707 958 internus
1737 920 1818 956 re-

226 1017 439 1056 novatur
465 1005 540 1074 (ἢ.
573 1004 688 1059 Cor.
716 1006 770 1059 Α.
806 1001 916 1074 l6).
944 1001 1207 1072 Jejunium
1229 1000 1369 1053 enim
1398 1000 1590 1052 anima:
1619 1004 1818 1049 nostrae

223 1093 542 1148 alimentum
563 1103 664 1158 est,
687 1104 740 1148 et
760 1093 898 1148 sicut
917 1093 1209 1160 corporalis
1231 1089 1330 1144 iste
1353 1089 1503 1143 cibus
1524 1087 1818 1157 impingunt

223 1201 441 1255 corpus,
479 1187 551 1240 ita
593 1196 645 1239 et
669 1185 930 1255 jejunium
957 1183 1187 1237 animam
1221 1181 1534 1234 habiliorem
1573 1176 1738 1234 efficit
1762 1185 1816 1230 et

223 1277 605 1341 valentiorem,
636 1278 778 1332 leves
804 1277 851 1331 ei
880 1289 1080 1346 pennas
1106 1282 1276 1343 parat,
1310 1280 1367 1326 ut
1393 1271 1443 1325 in
1474 1269 1703 1324 sublime
1733 1267 1814 1323 fe-

224 1378 387 1430 ratur,
419 1379 474 1421 et
504 1385 708 1422 summa
733 1366 1077 1436 contemplari
1103 1375 1295 1436 queat,
1325 1362 1810 1433 voluptatibusque,

221 1473 272 1514 et
300 1461 554 1517 omnibus
577 1477 697 1531 quae
725 1461 776 1514 in
806 1460 906 1514 hoc
938 1460 1136 1513 mundo
1178 1458 1440 1512 habentur
1466 1455 1668 1519 suavia,
1698 1454 1813 1522 ipsa

220 1556 284 1604 sit
312 1551 559 1620 superior
581 1553 620 1603 ί.
653 1551 716 1604 Et
739 1550 1182 1619 quemadmodum
1211 1549 1436 1618 leviores
1461 1561 1629 1601 naves
1645 1545 1812 1598 maria

221 1641 461 1694 velocius
504 1651 813 1700 transeunt.
844 1650 1028 1694 contra
1067 1639 1244 1694 multis
1283 1638 1534 1692 oneribus
1576 1647 1811 1706 gravatis

219 1731 668 1800 submerguntur,
719 1732 788 1784 ita
814 1731 1073 1801 jejunium
1120 1729 1332 1800 quidem
1379 1729 1634 1784 leviorem
1682 1727 1808 1782 red-

214 1821 349 1875 dens
377 1833 634 1885 mentem,
685 1821 849 1877 efficit
892 1831 951 1876 ut
996 1821 1199 1876 facilius
1232 1821 1386 1889 hujus
1428 1820 1552 1874 vita:
1592 1819 1810 1889 pelagus

219 1915 576 1977 transmittat,
605 1924 657 1968 et
687 1915 738 1968 in
765 1915 955 1968 caelum
985 1929 1048 1968 ac
1076 1914 1305 1971 caelestia
1335 1913 1609 1982 suspiciat,
1639 1922 1695 1968 et
1725 1913 1810 1965 ni-

218 2007 303 2057 hili
335 2007 494 2060 faciat
516 2007 821 2076 pnesentia,
844 2007 937 2061 sed
961 2019 1018 2061 ut
1043 2007 1256 2061 umbras
1276 2017 1329 2060 et
1352 2006 1556 2060 somnia
1578 2003 1808 2073 diffuge-

219 2112 272 2149 re
297 2110 538 2152 censeat.
559 2098 754 2154 Verum
773 2099 1004 2153 ebrietas
1025 2108 1077 2153 et
1096 2099 1307 2169 crapula
1330 2099 1631 2166 degravaus
1656 2112 1807 2150 men-

218 2198 343 2249 tem,
383 2197 441 2242 et
473 2189 803 2259 impinguans
832 2205 1044 2259 corpus,
1090 2190 1353 2259 captivam
1384 2187 1504 2243 facit
1536 2187 1802 2254 animam,

216 2277 452 2347 undique
482 2279 625 2333 illam
668 2296 979 2350 oppugnans
998 2321 1014 2345 ,
1045 2297 1214 2350 neque
1243 2281 1370 2334 sinit
1408 2280 1629 2335 rationis
1662 2279 1808 2349 judi-

213 2367 351 2421 cium
389 2369 599 2424 ﬁrmum
643 2373 957 2437 consistere,
990 2371 1082 2425 sed
1132 2371 1353 2440 impellit
1379 2380 1438 2425 ut
1487 2369 1540 2424 in
1567 2384 1806 2440 punet-ps

217 2457 436 2523 feratur,
479 2468 536 2515 et
561 2462 738 2515 omnia
766 2471 950 2516 contra
983 2463 1246 2532 propriam
1276 2461 1501 2516 salutem
1529 2474 1798 2531 operetur.

217 2549 396 2614 Igitur,
424 2551 627 2617 dilecti,
658 2567 724 2606 ne
745 2552 980 2622 segniter
1009 2552 1346 2607 instituamus
1378 2566 1442 2606 ea
1467 2567 1585 2620 qua!
1612 2551 1679 2606 ad
1711 2565 1801 2606 sa-

213 2638 373 2695 lutem
416 2653 653 2698 nostram
696 2645 955 2709 attinent;
1004 2645 1098 2699 sed
1138 2645 1368 2698 scientes
1414 2653 1609 2713 quanta
1664 2645 1801 2700 mala

217 2732 337 2787 hinc
363 2735 511 2788 nasci
542 2736 787 2803 soleant,
820 2734 1083 2808 fugiamus
1126 2735 1379 2792 damnum
1421 2738 1563 2808 quod
1602 2753 1670 2793 ex
1710 2739 1798 2792 illa

214 2827 477 2892 provenit.
504 2826 686 2897 Neque
712 2828 853 2883 enim
882 2829 936 2884 in
965 2845 1100 2883 nova
1128 2831 1245 2899 lege
1273 2830 1445 2884 solum
1467 2872 1483 2896 ,
1513 2830 1603 2884 ubi
1630 2831 1801 2900 majus

214 2930 352 2970 vene
381 2917 734 2987 philosophize
760 2919 1017 2984 studium,
1055 2921 1259 2992 majora
1285 2923 1592 2986 certamina,
1623 2925 1800 2993 magni

213 3006 456 3072 sudores,
486 3007 652 3061 multa
692 3008 891 3072 bravia,
924 3020 978 3065 et
1007 3010 1304 3066 ineffabiles
1333 3026 1566 3076 corontn,
1597 3013 1799 3068 deliciis

214 3096 363 3149 nobis
389 3098 744 3165 interdicitur,
774 3101 870 3154 sed
898 3101 1056 3155 etiam
1088 3102 1140 3156 in
1170 3103 1358 3162 veteri,
1387 3103 1601 3171 quando
1628 3105 1797 3158 .luda‘i

211 3184 383 3240 adhuc
417 3188 617 3241 umbrze
656 3188 992 3255 assidebam,
1023 3201 1074 3245 et
1102 3193 1332 3246 lucerna;
1357 3202 1508 3246 erant
1532 3193 1676 3246 aflixi
1698 3235 1712 3256 ,
1745 3203 1827 3249 et-

213 3277 350 3331 velut
389 3280 539 3346 pueri
570 3280 658 3349 qui
690 3280 827 3336 lacte
852 3283 1178 3349 nutriuntur,
1210 3284 1288 3337 sic
1311 3283 1565 3352 paulatim
1594 3283 1794 3339 educa-

212 3366 419 3431 bantur.
449 3387 622 3441 neque
649 3381 775 3426 tunc
796 3373 1237 3441 permittebantur
1261 3374 1466 3428 deliciis
1488 3391 1698 3430 vacare.
1729 3376 1795 3431 Et

213 3475 276 3515 ne
302 3463 619 3516 existimetis
644 3479 742 3518 nos
767 3473 970 3520 temere
997 3465 1213 3521 delicias
1241 3479 1552 3523 accusantes
1582 3471 1679 3523 ista
1710 3472 1794 3524 di-

209 3564 326 3606 cere
351 3594 366 3617 ,
401 3553 582 3609 audite
627 3556 940 3626 prophetam
983 3558 1059 3611 sic
1098 3558 1401 3628 loquentem
1434 3577 1448 3612 :
1492 3559 1580 3614 Va:
1618 3563 1681 3614 iis
1708 3565 1794 3631 qui

207 3645 404 3698 vestiunt
432 3647 498 3698 ad
527 3646 661 3699 diem
688 3649 878 3702 malum
896 3689 911 3712 ,
941 3648 1243 3703 dentientes
1269 3650 1323 3703 in
1369 3649 1507 3704 lectis
1539 3651 1788 3718 eburneis,

207 3741 250 3784 et
278 3734 589 3790 lascivientes
613 3736 663 3790 in
693 3738 864 3790 stratis
886 3739 1010 3802 suis,
1043 3739 1356 3795 contedrntes
1383 3742 1554 3795 haedos
1583 3759 1645 3797 ea
1671 3760 1788 3814 gre-

205 3824 364 3891 gibus,
393 3837 438 3878 et
469 3827 649 3882 vitulos
674 3845 739 3882 ea:
762 3829 928 3883 medio
951 3839 1291 3883 armentorum
1330 3831 1588 3900 lactentes,
1615 3833 1790 3889 biben-

205 3923 272 3968 tes
291 3917 590 3988 deftrcatum
619 3919 788 3971 uinum
809 3961 822 3980 ,
849 3931 895 3974 et
922 3922 1154 3990 pretiosis
1178 3924 1621 3992 unguentisvuncti,
1643 3928 1791 3998 quasi

204 4009 383 4060 stantia
412 4008 519 4061 hac
557 4008 788 4062 arbitrati
810 4021 945 4078 sunt,
968 4021 1018 4065 et
1044 4027 1145 4064 non
1171 4013 1313 4082 quasi
1339 4015 1581 4085 fugientia
1614 4017 1789 4086 (Amos

206 4092 254 4147 6.
283 4096 424 4164 5-5).
455 4097 676 4152 Vidistis
716 4109 968 4169 quantam
999 4102 1396 4156 accusationem
1427 4116 1611 4158 contra
1654 4106 1790 4161 deli-

204 4185 310 4240 cias
335 4187 522 4241 sﬂ'erat
553 4190 810 4267 propheta
831 4232 846 4256 ,
879 4191 1039 4261 idque
1076 4207 1196 4248 cum
1238 4194 1438 4249 Judmis
1472 4195 1744 4251 disserens
1765 4235 1782 4263 ,

205 4277 439 4344 stupidis,
477 4277 716 4347 ingratis,
739 4288 794 4335 et
815 4281 1050 4353 quotidie
1076 4285 1245 4356 ventri
1264 4283 1503 4340 deditis?
1531 4286 1787 4342 Conside-

204 4374 312 4422 rate
337 4369 480 4422 enim
520 4371 804 4427 verborum
843 4372 1170 4444 diligentiam
1206 4394 1219 4429 :
1247 4393 1369 4432 cum
1395 4380 1537 4433 enim
1570 4380 1782 4435 illorum

206 4458 550 4528 vituperasset
589 4463 857 4532 crapulam
900 4477 951 4519 et
995 4467 1330 4522 immodicam
1381 4470 1780 4539 temulentiam,

207 4557 321 4604 tunc
342 4551 577 4606 subdidit
607 4571 618 4605 :
648 4553 808 4620 Quasi
831 4557 1015 4609 stantia
1036 4557 1263 4612 arbitrati
1289 4571 1423 4626 sunt,
1449 4571 1494 4614 et
1518 4579 1617 4615 non
1637 4565 1783 4632 quasi

204 4638 439 4709 fugientia
459 4659 478 4697 :
498 4654 696 4698 tantum
718 4661 823 4700 non
858 4648 1166 4713 ostendens,
1192 4651 1415 4721 gutturis
1433 4661 1487 4706 et
1518 4653 1777 4708 labiorum

205 4739 348 4786 tenus
380 4749 496 4788 esse
521 4734 726 4790 fruendi
753 4739 1101 4807 voluptatem,
1124 4751 1178 4794 et
1208 4742 1341 4795 ultra
1375 4759 1476 4796 non
1506 4745 1773 4814 progredi.

267 4821 438 4877 Fluxa
464 4825 798 4880 humanarum
829 4846 997 4883 rerum
1028 4841 1234 4890 natura.
1249 4834 1373 4886 —At
1393 4835 1635 4904 voluptas
1658 4838 1778 4905 qui-

201 4911 310 4966 dem
338 4917 512 4968 brevis
535 4928 637 4980 est,
663 4933 726 4970 ac
752 4923 1088 4988 temporaria,
1117 4923 1269 4976 dolor
1293 4933 1467 4978 autem
1493 4938 1779 4995 perpetuus

198 5011 248 5058 et
272 5004 376 5060 ﬁne
401 5020 608 5061 carens.
641 5006 707 5060 Et
733 5008 878 5075 haec,
913 5009 1101 5080 inquit,
1132 5027 1252 5066 cum
1283 5016 1607 5083 experientia
1635 5019 1776 5072 didi-

199 5099 382 5162 cerint,
418 5096 576 5164 Quasi
604 5101 788 5152 stantia
827 5101 1053 5154 arbitrati
1083 5113 1198 5156 sunt
1227 5107 1401 5158 omnia
1423 5148 1438 5171 ,
1472 5116 1525 5160 et
1549 5124 1774 5163 maueu-

199 5187 281 5253 tia,
308 5198 358 5242 et
387 5207 485 5243 non
514 5192 661 5260 quasi
686 5193 950 5262 fugientia,
979 5192 1080 5248 hoc
1099 5205 1201 5259 est,
1223 5199 1507 5265 avolantia,
1539 5209 1594 5254 et
1619 5217 1686 5256 ne
1707 5202 1772 5256 ad

196 5289 518 5334 momentum
568 5283 782 5352 quidem
834 5289 1214 5352 permanentia.
1269 5289 1410 5344 Talia
1465 5295 1605 5346 enim
1649 5306 1774 5350 sunt

195 5371 363 5424 omnia
411 5374 635 5425 humana
677 5382 732 5428 et
771 5375 1001 5428 carnalia
1037 5394 1047 5427 :
1081 5378 1310 5432 nondum
1357 5390 1500 5437 recte
1542 5384 1772 5438 advene-

194 5470 327 5521 runt,
361 5469 413 5514 et
439 5461 715 5516 avolarunt
746 5483 759 5517 :
792 5464 1087 5518 istiusmodi
1115 5478 1236 5521 sunt
1255 5469 1477 5534 deliciae,
1504 5473 1770 5528 istiusmo-

196 5547 240 5602 .li
281 5553 508 5606 humana
556 5554 721 5623 gloria
762 5566 815 5609 et
862 5559 1128 5624 potentia:
1184 5561 1479 5616 istiusmodi
1529 5563 1765 5636 divitize;

194 5635 477 5698 istiusmodi
510 5646 759 5700 universa
790 5646 946 5717 hujus
987 5648 1107 5702 vitae
1133 5653 1479 5722 prosperitas,
1511 5657 1641 5711 nihil
1672 5658 1764 5713 lir-

195 5775 272 5850 Ll
292 5776 480 5850 cqislin.
500 5777 629 5850 hunc
652 5794 849 5832 sensum
870 5782 1014 5834 ell'ert
1029 5823 1042 5844 ,
1066 5783 1382 5848 voluptatibus
1402 5796 1449 5839 et
1473 5788 1562 5841 hoc
1584 5797 1764 5843 mundo

189 5843 278 5889 una
304 5843 363 5886 sit
379 5852 489 5898 sum
497 5843 616 5892 rior.

1927 642 2084 696 quam
2108 623 2384 680 fluminum
2407 622 2606 677 ﬂuenta
2636 620 3015 692 pratercurrit,
3046 617 3322 688 nudosque
3347 629 3410 672 ac
3431 630 3526 672 suo

1927 715 2008 770 los
2039 709 2289 783 relinquit
2329 728 2424 768 eos
2448 713 2535 782 qui
2584 711 2687 766 illis
2733 712 2996 766 inhiant'.
3039 708 3199 779 Atqui
3230 709 3522 777 spiritualia

1927 823 2030 861 non
2061 816 2186 860 sunt
2225 807 2346 859 talia
2369 845 2387 870 ,
2429 804 2525 859 sed
2567 819 2722 858 secus
2751 819 2812 857 ac
2839 797 3052 857 diverso
3082 801 3241 855 modo
3286 801 3520 868 habent,

1923 913 2084 968 quam
2131 897 2214 952 illa
2251 914 2264 951 :
2293 908 2417 952 sunt
2460 898 2601 950 enim
2637 897 2784 949 firma
2805 937 2819 959 ,
2852 895 3172 955 immobilia,
3201 889 3522 948 vicissitudi-

1927 1003 2045 1041 nem
2081 1004 2184 1042 non
2215 987 2548 1057 accipientia,
2575 987 2640 1040 ad
2669 1001 2828 1040 omne
2854 986 3108 1038 sarculum
3135 999 3193 1039 se
3227 984 3522 1038 extenden-

1925 1079 2016 1132 tia.
2045 1077 2267 1145 Quantae
2305 1078 2462 1147 igitur
2490 1092 2594 1130 non
2622 1075 2784 1130 fuerit
2811 1075 3096 1130 dementia:
3136 1075 3371 1128 nutantia
3395 1089 3518 1127 cum

1925 1169 2286 1222 immobilibus
2313 1177 2645 1222 commutare
2675 1186 2690 1222 ε
2725 1166 3032 1237 temporalia
3063 1182 3182 1219 cum
3211 1166 3274 1219 iis
3312 1180 3433 1235 qua:
3465 1165 3516 1218 in

1923 1261 2173 1316 sa-culum
2201 1260 2452 1315 duratura
2497 1270 2658 1323 sunt;
2703 1270 2960 1331 perpetuo
3005 1259 3270 1313 manentia
3301 1273 3422 1313 cum
3452 1257 3520 1311 its

1921 1367 2038 1421 quze
2077 1352 2321 1415 avolant;
2352 1363 2405 1406 et
2431 1368 2492 1406 ea
2531 1368 2648 1422 qua:
2690 1353 2843 1406 nobis
2874 1352 2977 1406 illic
3007 1368 3167 1421 grave
3194 1352 3515 1421 supplicium

1923 1446 2157 1514 paritura
2177 1453 2321 1508 sunt,
2348 1459 2467 1498 cum
2497 1444 2560 1498 iis
2580 1460 2698 1513 quin
2721 1444 2771 1498 in
2793 1443 2969 1498 futuro
2990 1445 3189 1498 saeculo
3207 1443 3512 1498 felicitatem

1920 1551 2180 1600 summam
2210 1535 2477 1589 afferunt?
2507 1535 2653 1598 Haec,
2681 1536 2926 1600 obsecro,
2957 1537 3134 1589 omnia
3161 1535 3516 1590 consideran-

1921 1636 2020 1691 tes,
2050 1626 2247 1688 dilecti,
2285 1642 2636 1694 magnaque
2659 1627 2844 1681 salutis
2876 1639 3074 1682 nostra:
3099 1643 3279 1682 curam
3313 1629 3514 1683 haben-

1919 1727 2034 1781 tes,
2076 1733 2423 1787 aspernemur
2463 1719 2683 1773 delicias
2709 1730 2762 1773 et.
2805 1720 3017 1774 inutiles
3063 1729 3116 1774 et
3145 1720 3509 1787 perniciosas;

1915 1808 2573 1880 amplcxemurjejuuium,
2589 1826 2909 1879 omnemque
2926 1811 3081 1864 aliam
3099 1811 3509 1880 philosophiam,

1916 1910 1970 1955 et
1999 1917 2241 1970 magnam
2267 1903 2386 1956 vita:
2411 1903 2762 1957 exbibeamus
2782 1905 3155 1970 mutationem,
3185 1919 3247 1957 ac
3272 1904 3513 1980 quotidie

1915 1992 1981 2046 ad
2009 1992 2213 2061 agenda
2237 1993 2371 2046 bona
2403 2008 2566 2063 opera
2604 1993 2912 2048 festinemus
2944 2012 2956 2046 :
2987 2006 3046 2048 ut
3073 2010 3193 2049 cum
3228 2011 3322 2064 per
3350 2010 3511 2049 omne

1917 2096 2126 2155 tempus
2151 2096 2350 2140 sancta:
2382 2087 2815 2157 Quadragesima:
2845 2088 3150 2157 spiritualcs
3179 2104 3387 2144 merces
3418 2104 3512 2143 nc-

1912 2177 2094 2244 gotiati
2125 2177 2401 2245 fuerimus,
2428 2189 2481 2232 et
2501 2180 2694 2233 multas
2716 2180 2965 2233 virtutum
2986 2179 3196 2234 divitias
3225 2194 3512 2249 congesse-

1913 2267 2099 2331 rimus,
2131 2268 2207 2323 sic
2237 2284 2536 2322 mereamur
2566 2278 2619 2323 et
2647 2269 2712 2324 ad
2753 2280 2994 2326 sanctum
3029 2272 3234 2326 Domini
3262 2273 3401 2326 diem
3431 2271 3507 2343 (u)

1912 2360 2208 2428 pervenire,
2243 2368 2434 2415 etcum
2464 2360 2654 2414 fiducia
2703 2361 2767 2416 ad
2797 2362 3126 2415 tremendam
3164 2373 3218 2417 et
3255 2363 3508 2430 spiritua-

1909 2449 2014 2503 lem
2065 2465 2300 2505 mensam
2334 2455 2588 2504 accedere
2613 2493 2627 2516 ,
2662 2453 3049 2521 participesque
3083 2452 3192 2505 fieri
3225 2470 3343 2506 eum
3378 2468 3506 2521 pura

1909 2541 2235 2596 conscientia
2275 2542 2618 2599 ineffabilium
2648 2545 2856 2597 illorum
2902 2555 2956 2598 et
3002 2545 3376 2599 immortalium
3409 2543 3508 2598 ho-

1911 2647 2122 2698 norum,
2152 2648 2214 2686 ac
2245 2632 2450 2701 impleri
2479 2650 2539 2688 ea
2564 2651 2682 2703 quae
2714 2636 2856 2689 illinc
2886 2639 3131 2706 provenit
3159 2638 3349 2706 gratia,
3386 2653 3505 2706 pre-

1909 2723 2059 2777 cibus
2081 2734 2133 2778 et
2156 2725 2536 2782 intercessione
2551 2743 2760 2791 eorum,
2784 2731 2873 2798 qui
2902 2731 3210 2797 placuerunt
3231 2731 3328 2799 ipsi
3351 2732 3505 2785 Chri.

1908 2822 1992 2867 sto
2019 2816 2267 2869 clementi
2308 2817 2415 2871 Deo
2461 2829 2678 2886 nostro,
2707 2835 2828 2874 cum
2869 2836 2975 2890 quo
3018 2822 3156 2876 Patri
3197 2838 3260 2876 ac
3287 2823 3503 2892 Spiritui

1907 2918 2092 2959 sancto
2115 2907 2280 2975 gloria
2309 2948 2323 2972 ,
2354 2909 2633 2978 imperium
2657 2951 2670 2971 .
2705 2910 2896 2978 honor,
2927 2929 3069 2967 nunc
3094 2923 3149 2968 et
3177 2929 3410 2984 semper,
3450 2925 3504 2972 et

1909 2995 1959 3048 iu
1991 2997 2183 3050 smcula
2213 2999 2550 3053 saeculorum.
2586 3002 2777 3055 Amen.

2513 3091 2789 3146 HOMlLlA
2833 3091 2895 3146 ll.

1979 3176 2045 3230 In
2069 3179 2337 3233 creatiouis
2380 3182 2684 3250 principium
2712 3201 2730 3237 :
2764 3183 2817 3236 lu
2848 3184 3109 3252 principio
3141 3184 3262 3240 fecit
3292 3187 3431 3242 Deus

2243 3271 2429 3325 czelum
2457 3283 2511 3328 et
2534 3283 2728 3328 terram
2751 3278 2771 3307 ¹
2798 3277 2952 3343 (Gen.
2991 3279 3038 3331 l.
3068 3278 3141 3347 l).

1976 3361 2027 3413 l.
2079 3360 2295 3416 Vestros
2337 3379 2440 3430 ego
2465 3363 2625 3419 hodie
2651 3367 2908 3422 amabiles
2941 3369 3152 3423 intuens
3183 3372 3385 3437 vultus,
3414 3371 3498 3424 iu-

1902 3452 2046 3519 geuti
2076 3453 2347 3521 voluptate
2377 3455 2620 3524 impleor.
2661 3457 2873 3514 Etenim
2900 3476 2967 3515 ne
2999 3471 3175 3529 patres
3199 3463 3413 3531 quidem
3439 3463 3498 3516 lio

1902 3544 2092 3598 liorum
2122 3555 2362 3601 amantes
2391 3556 2595 3600 tantum
2621 3551 2859 3617 gaudent
2887 3533 2950 3603 ac
2980 3551 3228 3605 laetantur
3262 3554 3496 3606 circum-

1900 3637 2164 3690 stantibus
2187 3637 2287 3691 illis
2309 3678 2324 3701 ,
2356 3647 2411 3692 et
2436 3641 2540 3692 alio
2563 3640 2582 3670 ³
2613 3641 2842 3710 quodam
2873 3642 3068 3698 decore
3095 3644 3498 3714 ministerioque

1899 3725 2219 3794 voluptatem
2247 3729 2346 3782 sibi
2393 3729 2737 3784 aﬂ'erentibus
2761 3775 2775 3797 ,
2800 3743 3057 3802 quantum
3082 3751 3182 3805 ego
3207 3751 3350 3791 nunc
3368 3752 3496 3804 gau-

1897 3817 2001 3872 deo
2028 3826 2082 3872 et
2127 3819 2300 3884 latter,
2328 3822 2453 3886 quia
2499 3822 2655 3877 video
2698 3834 2932 3879 vestrum
2978 3827 3306 3896 spiritualem
3353 3828 3496 3883 hunc

1898 3917 2096 3962 emtum
2121 3919 2226 3964 tam
2255 3913 2564 3981 compositis
2585 3917 2892 3983 oruatisque
2915 3917 3150 3969 moribus
3174 3917 3257 3970 hic
3279 3919 3493 3985 adesse,

1895 4011 1950 4057 et
1979 4003 2263 4057 immodico
2291 4004 2538 4058 audiendi
2564 4006 2772 4076 eloquia
2800 4006 2976 4061 divina
3003 4008 3271 4063 desiderio
3301 4011 3494 4079 flagra-

1894 4108 1975 4158 re,
2030 4095 2457 4165 contemptisque
2506 4097 2812 4154 carnalibus
2850 4099 3042 4166 epulis,
3097 4099 3163 4152 ad
3214 4101 3492 4170 spirituale

1893 4185 2192 4238 convivium
2222 4186 2569 4251 contendeie,
2603 4197 2656 4242 et
2682 4203 2743 4243 re
2773 4189 2883 4256 ipsa
2909 4192 3260 4258 comprobare
3286 4191 3488 4247 dictum

1895 4271 2024 4328 illud
2075 4274 2282 4328 Domini
2316 4294 2328 4327 :
2365 4275 2484 4328 Non
2536 4278 2587 4328 in
2619 4293 2750 4346 pane
2777 4277 2884 4330 solo
2925 4280 3049 4332 vivet
3093 4280 3278 4346 homo,
3309 4282 3397 4335 sed
3434 4283 3486 4336 in

1892 4367 2029 4418 omni
2066 4366 2212 4420 uerbo
2255 4367 2389 4436 quod
2425 4368 2680 4437 egreditur
2709 4387 2797 4438 per
2827 4387 2882 4423 os
2920 4368 3017 4423 Dei
3061 4371 3276 4443 (Matth.
3314 4375 3369 4428 4.
3402 4375 3484 4444 4).

1892 4455 2132 4524 Agedum
2161 4466 2213 4510 et
2243 4472 2341 4511 nos
2367 4473 2574 4527 quoque
2597 4461 2852 4527 agricolas
2879 4461 3147 4516 imitemur
3170 4482 3182 4517 :
3213 4479 3276 4518 ac
3294 4481 3486 4534 quem-

1891 4547 2177 4601 admodum
2211 4548 2284 4602 illi
2312 4550 2476 4602 sicubi
2510 4565 2694 4617 agrum
2725 4555 3090 4622 repu'rgatum,
3119 4564 3172 4608 et
3199 4557 3266 4608 ab
3286 4554 3484 4610 herba-

1890 4654 2007 4692 rum
2039 4639 2374 4693 nocumentis
2402 4640 2625 4694 liberum
2656 4641 2904 4707 viderint,
2939 4643 3164 4699 ubertim
3193 4651 3478 4704 Seminanl:

1890 4729 1960 4783 ita
1989 4730 2240 4798 quoniam
2271 4746 2410 4786 nunc
2439 4733 2714 4799 spiritualc
2745 4732 2847 4786 hoc
2879 4746 3117 4788 nostrum
3147 4753 3355 4804 arvum,
3387 4740 3480 4796 Dei

1885 4823 2074 4890 gratia,
2106 4838 2294 4891 purum
2342 4833 2422 4876 est
2465 4826 2531 4875 ab
2559 4825 2924 4879 affectionibus
2966 4843 3083 4896 qua:
3128 4830 3482 4887 iuterturbane

1886 4916 2147 4977 solebant,
2179 4915 2444 4970 sublatum
2468 4933 2676 4986 quoque
2697 4928 2779 4973 est
2803 4937 2833 4973 e
2859 4921 3033 4973 medio
3056 4923 3338 4991 voluptatis
3367 4936 3479 4980 stu-

1885 5009 2054 5075 dium,
2086 5018 2138 5063 et
2165 5025 2420 5078 nusquam
2452 5012 2699 5079 procella,
2723 5027 2985 5080 nusquam
3016 5021 3302 5084 tempestas
3328 5021 3476 5086 cogi-

1886 5103 2140 5155 talionum
2166 5143 2179 5166 ,
2213 5102 2303 5155 sed
2348 5103 2700 5170 tranquillitas
2729 5116 2783 5158 et
2814 5120 3002 5174 magna
3056 5106 3207 5174 quies
3236 5111 3428 5163 mentis
3454 5151 3472 5174 ,

1883 5209 2000 5262 qua:
2017 5192 2305 5261 spiritualia
2330 5209 2434 5260 pra:
2456 5194 2758 5248 carnalibus
2781 5197 2961 5250 animo
2980 5199 3231 5268 concipit,
3251 5211 3304 5254 et
3323 5204 3473 5270 quasi

1883 5285 2168 5352 :tssttmplis
2193 5284 2287 5337 alis
2319 5300 2486 5354 usque
2523 5287 2574 5338 in
2606 5287 2792 5340 caelum
2830 5286 3038 5355 ipsum,
3073 5300 3130 5342 ut
3157 5291 3226 5343 ita
3256 5291 3469 5360 dicam,

1880 5376 2162 5435 subvolat;
2198 5377 2377 5445 paucis
2398 5376 2555 5431 hodie
2574 5377 2714 5447 apud
2741 5379 3012 5434 caritatem
3036 5389 3265 5435 vestram
3294 5382 3469 5439 disse-

1903 5610 1912 5620 .
1945 5551 1960 5582 ⁸
1995 5547 2159 5620 Coisl.,
2183 5550 2428 5611 nudosque
2461 5564 2522 5601 ac
2544 5551 2667 5602 solos
2687 5566 2769 5604 nos
2811 5548 3053 5613 relutquit.
3071 5547 3214 5615 Atqui
3225 5547 3462 5608 spiritua-

1878 5610 1960 5704 aa;
1980 5619 2303 5721 e(fgisliniauus
2324 5673 2486 5722 addit:
2518 5678 2664 5723 Terra
2702 5682 2862 5724 autem
2892 5673 3140 5728 invisibilis
3175 5690 3281 5729 erat
3313 5688 3361 5731 et
3394 5683 3468 5732 iu-

1875 5731 2148 5796 compoaita.
2483 5792 2492 5802 _

1938 5798 1960 5827 ³
1990 5793 2180 5843 coislin.
2206 5794 2403 5852 omittit,
2426 5795 2540 5851 atto,
2564 5804 2722 5845 recte.

1937 5857 2010 5914 (al
2045 5863 2141 5905 ttoc
2163 5865 2239 5907 est
2254 5864 2469 5906 sanctum
2494 5857 2683 5906 Pascha.
