4086 6486
634 394 710 454 τι
1417 392 1475 450 8.
1515 389 1792 448 JOANNIS
1829 386 2219 447 αιῐηεοετο

2336 386 2652 444 ARCHIEP.
2686 384 3225 444 δοκετΑΝτιΝοΡ.
3831 387 3901 442 28

641 521 824 567 ramus
843 548 858 570 ,
890 517 945 563 et
988 507 1242 584 appositis
1283 505 1570 576 Scriptura:
1616 505 1809 561 divina:
1859 504 2212 574 dogmatibus,

641 598 914 656 subtiliora
945 599 1103 654 hodie
1144 597 1292 652 adire
1320 611 1472 652 sensa
1504 604 1793 651 tentemus.
1821 594 1953 650 Nam
1990 595 2036 647 si
2071 608 2218 648 nunc

643 685 748 744 hoc
776 705 882 744 non
926 687 1228 751 fecerimus,
1258 699 1378 740 cum
1404 685 1663 755 jejunium
1707 693 1790 740 est
1829 693 1884 738 et
1924 682 2061 753 gula:
2085 696 2217 737 con-

641 786 912 847 temptus,
940 787 995 831 et
1035 785 1178 830 tanta
1217 775 1472 829 bonarum
1513 775 1888 845 cogitationum
1913 774 2214 828 serenitas:

647 865 860 940 quando
889 867 1012 922 talia
1037 875 1230 920 vestrm
1254 865 1460 920 caritati
1486 877 1753 933 apponere
1779 861 2071 932 poterimus
2089 860 2114 912 ἲ
2136 862 2217 914 An

647 975 768 1013 cum
788 958 1013 1015 aderunt
1039 955 1246 1012 delicia:
1268 996 1284 1021 ,
1308 955 1721 1010 comessationes
1739 993 1756 1018 ,
1783 961 1838 1006 et
1858 965 2044 1022 magna
2069 949 2215 1006 desi-

643 1051 730 1106 dia
749 1051 774 1105 ?
793 1047 928 1116 Quin
950 1057 1073 1102 tunc
1097 1062 1270 1117 neque
1297 1047 1394 1116 ipsi
1418 1087 1434 1111 ,
1465 1054 1523 1099 ut
1549 1060 1644 1114 par
1673 1053 1777 1111 est,
1806 1044 1908 1099 hoc
1942 1044 2215 1108 faciemus,

647 1154 819 1208 neque
844 1151 942 1192 vos
965 1136 1162 1206 aliquid
1181 1151 1365 1191 eorum
1396 1150 1513 1204 qua
1536 1134 1798 1201 dicentur,
1827 1134 1981 1204 quasi
2005 1149 2036 1187 a
2063 1143 2216 1189 tene-

644 1230 755 1286 bris
776 1228 1089 1300 quibusdam
1106 1244 1136 1282 a
1162 1227 1534 1298 cogitationum
1563 1225 1794 1296 procella
1820 1224 2103 1293 submersi,
2120 1239 2217 1281 ex-

645 1320 825 1390 cipere
848 1319 1109 1390 poteritis.

721 1408 1128 1478 Quodrsgesiata
1160 1416 1353 1476 tempus
1386 1416 1560 1478 aptum
1583 1405 1926 1461 concionibss.
1962 1435 2035 1446 —
2069 1404 2219 1461 Nunc

649 1507 829 1552 autem
859 1506 1069 1566 tempus
1107 1496 1206 1551 hoc
1225 1537 1242 1562 ,
1271 1497 1316 1551 si
1342 1497 1482 1567 quod
1511 1495 1654 1551 aliud
1681 1535 1698 1559 ,
1739 1495 1888 1551 hisco
1924 1495 2220 1564 disciplinis

648 1588 876 1643 maxime
900 1587 1143 1643 idoneum
1170 1596 1286 1646 est:
1318 1587 1530 1658 quando
1548 1602 1698 1643 serva
1711 1586 1822 1656 jam
1863 1600 1970 1642 non
1993 1587 2221 1656 insurglt

645 1674 900 1730 adversus
926 1675 1194 1730 dominam
1215 1716 1231 1740 ,
1258 1675 1353 1730 sed
1397 1674 1624 1729 libenter
1649 1673 1752 1730 fert
1774 1673 2041 1739 habenas,
2067 1673 2220 1729 facile

645 1765 1012 1834 persuadetur,
1039 1764 1256 1819 multum
1285 1778 1467 1833 prmse
1485 1764 1592 1820 fert
1624 1764 1999 1829 obedientiam,
2017 1765 2219 1820 incom-

645 1855 846 1926 positos
888 1856 1064 1910 carnis
1091 1865 1268 1909 motus
1290 1855 1579 1925 compescit
1597 1893 1614 1917 ,
1639 1863 1696 1908 et
1727 1855 1863 1909 intra
1893 1869 2018 1909 suos
2043 1864 2222 1910 manet

647 1947 919 2002 terminos.
959 1946 1229 2016 Jejunium
1273 1947 1416 2002 enim
1457 1955 1538 2002 est
1576 1945 1872 2001 animarum
1918 1955 2219 2000 nostrarum

646 2038 1016 2108 tranquillitas,
1047 2051 1230 2092 senum
1253 2035 1438 2102 decor,
1461 2035 1859 2091 adulescentum
1879 2034 2219 2106 padagogus,

644 2127 1026 2184 continentium
1090 2127 1376 2197 magister,
1430 2126 1569 2196 quod
1635 2140 1848 2182 omnem
1905 2133 2116 2180 atatem
2166 2133 2222 2180 et

645 2230 829 2272 sexum
853 2217 1003 2286 quasi
1027 2216 1325 2272 diademate
1342 2216 1569 2286 quodam
1597 2224 1769 2270 ornat.
1808 2215 2075 2286 Nusquam
2121 2215 2224 2270 ho-

647 2305 735 2360 die
769 2307 1052 2369 tumultus,
1086 2305 1171 2361 vel
1211 2305 1412 2360 clamor
1435 2345 1448 2369 ,
1478 2305 1562 2359 vel
1585 2306 1824 2360 carnium
1867 2305 2218 2371 concisiones,

648 2395 728 2449 vel
749 2408 1038 2465 minorum
1066 2394 1374 2449 diaconus:
1404 2393 1500 2448 sed
1529 2395 1705 2448 osunia
1735 2395 1821 2448 illa
1863 2393 2107 2448 abierunt
2125 2432 2142 2456 ,
2168 2402 2224 2448 et

649 2486 766 2541 hac
789 2485 976 2541 civitas
998 2485 1273 2540 honestam
1300 2485 1605 2555 quamdam,
1635 2485 1992 2542 continentem
2011 2525 2027 2549 ,
2053 2492 2108 2540 et
2129 2497 2221 2538 so—

648 2578 815 2632 briam
847 2586 1142 2632 matronam
1185 2577 1438 2632 imitatur.
1481 2574 1628 2632 Unde
1655 2591 1776 2632 cum
1814 2591 2032 2632 mecum
2048 2576 2221 2646 cogito

651 2669 975 2739 repentinam
1004 2668 1348 2724 mutationem
1387 2666 1543 2722 hodie
1575 2667 1766 2723 factam
1791 2677 1845 2723 et
1885 2677 2070 2738 repeto
2104 2682 2222 2724 me-

651 2761 818 2815 moria
835 2760 1066 2815 hesterni
1083 2759 1187 2816 diei
1208 2759 1676 2830 perturbationem,
1699 2759 1952 2824 admiror,
1969 2768 2023 2814 et
2039 2758 2224 2814 obstu-

651 2863 810 2919 paco
827 2849 1013 2920 jejunli
1042 2849 1178 2904 vires
1203 2858 1258 2904 et
1285 2849 1593 2917 potentiam,
1626 2847 1894 2921 quomodo
1913 2841 1964 2902 i'n
1985 2848 2225 2917 singulo-

653 2952 767 2996 rum
794 2940 1144 2996 conscientias
1168 2941 1461 3009 ingressum
1481 2980 1496 3004 ,
1529 2937 1984 2994 transformaverit
2019 2939 2221 3008 cogita-

652 3033 823 3087 tiones
848 3073 863 3095 ,
911 3033 1278 3102 expurgaverit
1331 3039 1559 3087 mentem
1585 3071 1600 3094 ,
1659 3045 1788 3109 non“
1823 3031 2223 3101 magistratuum

653 3131 855 3176 tantum
876 3162 891 3185 ,
914 3121 1006 3176 sed
1039 3130 1094 3176 et
1123 3121 1444 3191 privatorum
1468 3138 1482 3174 :
1513 3135 1618 3176 non
1663 3105 1948 3176 lihemrum
1983 3129 2183 3174 tantum
2204 3160 2219 3185 ,

653 3212 746 3266 sed
767 3219 821 3266 et
838 3227 1112 3266 servorum
1144 3224 1160 3264 :
1192 3226 1295 3265 non
1321 3211 1552 3266 virorum
1578 3218 1804 3275 tantum,
1832 3211 1926 3265 sed
1951 3221 2005 3265 et
2033 3212 2222 3265 mulie-

652 3311 932 3367 rum;non
969 3302 1188 3357 divitum
1236 3311 1476 3367 tantum,
1519 3301 1613 3356 sed
1645 3311 1700 3356 et
1743 3317 2070 3372 pauperum;
2117 3317 2222 3357 non

654 3407 840 3448 eorum
867 3401 1068 3448 tantum
1095 3394 1184 3463 qui
1205 3393 1444 3449 Graecam
1471 3393 1700 3462 linguam
1729 3393 1900 3448 edocti
1928 3403 2082 3458 sunt,
2129 3393 2221 3448 sed

660 3495 714 3537 et
743 3483 1106 3538 barbarorum.
1146 3483 1249 3540 Sed
1278 3483 1402 3554 quid
1429 3483 1549 3537 dico
1576 3484 1974 3553 magistratuum
2020 3492 2076 3539 et
2113 3485 2224 3554 pri-

656 3575 932 3632 vatorum?
961 3573 1131 3628 Etiam
1143 3575 1257 3644 ejus
1274 3576 1290 3606 ί
1313 3575 1400 3643 qui
1425 3573 1665 3628 diadema
1689 3583 1875 3643 gestat,
1897 3574 2140 3628 similiter
2168 3583 2224 3629 ut

655 3663 876 3716 aliorum
897 3703 914 3726 ,
941 3663 1314 3718 conscientiam
1356 3663 1421 3716 ad
1453 3663 1586 3717 hanc
1607 3663 1958 3717 obedientiam
1999 3663 2218 3717 inIIi-xit.

662 3750 766 3806 Nec
805 3751 959 3806 hodie
987 3752 1151 3806 ullum
1179 3753 1464 3806 discrimen
1509 3754 1644 3807 inter
1674 3768 1909 3808 mensam
1961 3753 2136 3808 divitis
2171 3764 2225 3809 et

657 3843 941 3912 (nuperis:
973 3843 1065 3897 sed
1106 3843 1297 3913 ubique
1339 3843 1552 3912 frugalis
1587 3845 1758 3899 victus
1795 3854 1920 3908 est,
1955 3845 2159 3899 alienus
2194 3861 2222 3898 a

655 3933 778 3987 luxu
800 3941 855 3986 et
874 3941 1149 4002 apparatu,
1182 3933 1473 4004 maiorique
1510 3935 1664 3988 hodie
1689 3936 1958 4004 voluptate
1979 3934 2044 3989 ad
2073 3952 2223 3990 men-

651 4037 762 4076 sam
787 4033 994 4078 tenuem
1016 4025 1207 4094 quique
1222 4024 1496 4086 accedunt,
1522 4040 1677 4093 quam
1707 4024 1911 4094 pridem
1942 4041 2060 4079 cum
2090 4026 2226 4079 mul-

654 4122 702 4164 ta
729 4114 950 4166 delicata
979 4115 1172 4179 edulia,
1194 4115 1522 4182 multumque
1541 4117 1720 4168 vinum
1744 4130 2010 4169 meracum
2029 4132 2226 4186 ιιι-(ψο-

653 4204 893 4258 ncbaltir.

721 4296 775 4349 2.
821 4297 1052 4357 Vidistis.
1083 4295 1280 4356 dilecti.
1307 4311 1375 4350 ex
1404 4296 1534 4370 ipsis
1558 4297 1823 4364 praeludiis
1837 4295 2020 4365 jejunii
2051 4298 2221 4352 virtu-

651 4398 756 4442 tem
782 4396 836 4442 et
861 4387 1186 4456 potentiam?
1213 4387 1410 4442 Idcirco
1449 4396 1501 4440 et
1545 4389 1656 4455 ipse
1695 4387 1877 4456 majori
1923 4388 2076 4442 hodie
2115 4390 2224 4442 ala-

651 4479 857 4543 critate,
885 4493 1042 4548 quam
1068 4487 1245 4544 antea,
1267 4491 1543 4532 sermones
1579 4477 1856 4548 aggredior
1885 4494 1898 4529 :
1937 4479 2112 4532 sciens
2136 4493 2221 4532 me

653 4569 704 4623 in
733 4570 906 4638 pingui
937 4568 1297 4639 profundoque
1321 4583 1446 4622 arvo
1465 4567 1840 4621 seminaturunt
1862 4611 1876 4633 ,
1901 4569 2038 4637 quod
2071 4569 2223 4623 nobis

653 4658 968 4713 multifarios
993 4659 1189 4714 fructus
1215 4673 1311 4727 pro
1333 4658 1620 4712 seminibus
1647 4658 1961 4711 concrcditis
1983 4659 2219 4725 protinus

651 4750 875 4805 reddere
904 4751 1113 4819 poterit.
1157 4749 1430 4802 Discamus
1460 4748 1634 4817 igitur,
1667 4748 1710 4802 si
1744 4747 1932 4817 placet,
1965 4750 2090 4817 quid
2124 4764 2219 4804 ve-

649 4843 746 4896 lint
773 4842 870 4896 sibi
890 4841 1045 4895 verba
1080 4841 1214 4894 beati
1236 4840 1394 4894 Musis
1425 4840 1580 4895 hodie
1609 4839 1762 4893 lecta.
1799 4837 1902 4893 Sed
1929 4840 2180 4893 attendite
2202 4879 2216 4903 ,

649 4933 906 4993 obsecro.
944 4931 1224 5001 diligenter
1268 4929 1350 4984 his
1385 4947 1504 5000 qua:
1546 4945 1573 4982 a
1607 4929 1758 4984 nobis
1797 4928 2041 4983 dicuntur
2070 4947 2083 4984 :
2113 4946 2218 4984 non

651 5022 791 5076 enim
823 5032 1001 5078 nostra
1027 5024 1080 5076 in
1107 5022 1340 5077 medium
1366 5021 1671 5085 aﬂ'erimus,
1705 5020 1798 5075 sed
1838 5020 1922 5074 illa
1956 5020 2064 5088 ipsa
2101 5035 2219 5090 quze

651 5115 804 5169 nobis
829 5113 1005 5170 divina
1033 5116 1201 5184 gratia
1229 5115 1280 5168 in
1310 5122 1539 5167 vestram
1569 5113 1888 5165 concesserit
1917 5111 2217 5166 utilitatem.

511 5199 534 5209 ’
648 5208 774 5270 Quae
800 5215 977 5259 autem
1015 5206 1128 5258 ha-c
1166 5202 1328 5256 sunt?
1387 5199 1448 5254 In
1475 5201 1724 5271 principio
1778 5201 1892 5268 fecit
1949 5198 2088 5253 Deus
2122 5216 2218 5253 ca:-

593 5357 597 5360 _
649 5297 756 5348 tum
784 5306 828 5348 et
856 5305 1060 5348 terram.
1101 5292 1284 5347 Merito
1307 5293 1388 5346 hic
1412 5291 1700 5352 dubitatur,
1729 5303 1882 5356 quam
1909 5289 1979 5342 ob
2003 5303 2217 5344 causam

650 5386 832 5440 beatus
875 5386 972 5439 iste
1017 5385 1303 5453 propheta,
1336 5383 1422 5451 qui
1460 5383 1620 5437 etiam
1653 5382 1765 5450 ipse
1794 5380 1975 5435 multis
2011 5381 2218 5434 seculis

647 5486 768 5548 post
814 5477 1131 5533 creationem
1177 5475 1365 5529 mund?
1401 5475 1565 5534 vixit.
1616 5472 1729 5526 lucc
1769 5471 1923 5526 nobis
1966 5480 2213 5541 exponat.

645 5567 785 5623 Sane
810 5581 915 5622 non
947 5578 1144 5621 temere
1171 5566 1269 5619 hoc
1299 5565 1426 5635 agit,
1459 5579 1557 5618 nec
1586 5561 1799 5616 frustra.
1841 5560 2050 5615 Etenim
2082 5559 2217 5616 Deus

708 5704 724 5733 ι
757 5701 968 5750 ίὶοίδιιιι..
990 5699 1111 5761 quid
1145 5697 1254 5747 dico
1273 5671 1636 5761 magistratum»
1656 5703 1702 5747 et
1725 5694 2016 5759 privatorum
2033 5700 2078 5746 et
2099 5692 2216 5746 otia-

645 5776 750 5813 rsim
772 5762 796 5813 ἱ)
819 5759 1112 5821 ettanta-1m,
1139 5768 1232 5809 etc.

2323 502 2541 558 humani
2570 507 2781 574 generis
2818 504 3065 560 conditor
3084 547 3099 570 ,
3125 503 3195 559 ab
3223 505 3374 560 initio
3406 518 3501 574 per
3539 504 3774 574 seipsum
3803 503 3896 557 ho.

2319 593 2552 650 minibus
2576 595 2920 666 loquebatur,
2949 611 3017 650 eo
3036 611 3142 666 quo
3171 596 3416 651 homines
3437 605 3679 665 poterant
3714 596 3903 652 audire

2319 687 2498 741 modo.
2539 686 2630 742 Sic
2652 687 2793 741 enim
2819 687 2887 742 ad
2912 688 3080 742 Adam
3107 689 3280 752 venit;
3305 689 3382 742 sic
3410 687 3540 742 Cain
3577 689 3900 758 increpavit;

2319 775 2399 828 sic
2415 790 2535 829 cum
2557 774 2669 830 Noe
2692 778 2940 845 loquutus
2966 787 3076 843 est;
3101 777 3178 832 sic
3202 777 3338 846 apud
3371 776 3638 832 Abraham
3662 778 3903 847 hospita.

2324 874 2524 920 tuaest.
2567 867 2636 920 At
2684 867 2770 920 ubi
2799 868 2851 920 in
2877 866 3127 921 malitiam
3159 882 3400 936 magnam
3427 881 3589 921 omne
3623 866 3900 937 hominum

2319 969 2487 1025 genus
2523 959 2767 1024 prorupit
2789 996 2803 1017 ,
2841 971 3010 1025 neque
3037 966 3302 1011 tuncscse
3343 966 3508 1009 totum
3535 956 3602 1009 ah
3627 956 3902 1011 hominum

2319 1059 2518 1115 genere
2544 1047 2738 1099 avertit
2761 1044 3209 1113 Opifexomninm
3245 1067 3257 1102 ε
3290 1046 3381 1100 sed
3405 1047 3526 1114 quia
3548 1060 3640 1100 sua
3672 1046 3904 1101 familia-

2324 1136 2482 1189 ritate
2511 1145 2693 1203 postea
2734 1135 2933 1208 indigni
2965 1137 3085 1191 facti
3112 1136 3359 1204 fuerunt,
3383 1139 3570 1192 iterum
3599 1153 3750 1194 suam
3774 1153 3901 1209 erga

2321 1225 2441 1280 illos
2463 1227 2748 1282 amicitiam
2771 1228 3024 1284 innovare
3051 1230 3254 1292 volens.
3284 1233 3433 1297 quasi
3473 1232 3627 1302 longe
3669 1231 3906 1287 absenti-

2323 1317 2423 1374 bus
2451 1319 2635 1374 literas
2667 1320 2846 1385 miuit,
2876 1321 3251 1375 conciliaturus
3266 1323 3364 1375 sibi
3397 1322 3696 1378 universam
3725 1319 3903 1378 uomi-

2323 1425 2451 1464 num
2473 1419 2736 1465 naturam.
2765 1410 2830 1465 Et
2855 1411 2951 1464 has
2974 1412 3187 1481 quidem
3215 1412 3394 1466 literas
3418 1410 3561 1466 dedit
3584 1411 3745 1478 Deus,
3761 1421 3906 1467 attu-

2321 1500 2386 1555 lit
2409 1508 2586 1556 autem
2615 1500 2808 1556 loses.
2847 1501 2986 1570 Quid
3039 1502 3196 1573 igitur
3246 1502 3430 1557 dicunt
3474 1502 3556 1556 ha:
3601 1502 3805 1559 literal
3836 1501 3904 1557 In

2320 1591 2571 1662 principio
2590 1591 2874 1662 [δεηθείη
2938 1593 3120 1648 calum
3162 1604 3210 1648 et
3245 1603 3452 1646 terram.
3490 1591 3780 1648 Considera
3837 1594 3892 1648 in

2325 1683 2428 1739 hoc
2448 1724 2464 1747 ,
2493 1685 2798 1750 carissime,
2829 1698 2988 1754 quam
3015 1683 3343 1739 admirabilis
3367 1693 3422 1739 et
3455 1685 3682 1738 eximius
3705 1685 3770 1738 sit
3798 1683 3905 1739 iste

2323 1773 2600 1844 propheta.
2642 1773 2743 1828 Alii
2791 1773 2932 1828 enim
2975 1789 3164 1828 omnes
3198 1773 3471 1844 prophetae
3517 1788 3582 1828 ea
3628 1772 3900 1836 dixerunt,

2323 1865 2406 1920 vel
2431 1880 2550 1936 quae
2578 1865 2759 1920 multis
2792 1873 2975 1934 postea
3025 1864 3352 1934 temporibus
3382 1865 3550 1917 futura
3585 1873 3738 1918 erant
3765 1902 3781 1927 ,
3816 1861 3902 1917 vel

2324 1970 2442 2027 qua
2463 1955 2644 2010 statim
2664 1965 2914 2011 cvenmra
2939 1966 3154 2010 essent:
3186 1954 3372 2009 beatus
3393 1963 3569 2010 autem
3596 1954 3716 2020 iste,
3745 1963 3905 2008 natus

2323 2058 2444 2100 cum
2467 2045 2576 2113 jam
2602 2044 2768 2100 multa
2795 2044 2975 2099 mundi
2993 2045 3306 2100 transissent
3329 2042 3541 2108 secula,
3571 2042 3760 2099 ducem
3782 2056 3906 2097 sor-

2327 2133 2453 2189 titus
2477 2148 2762 2205 supernam
2791 2135 3063 2190 dexteram
3095 2137 3134 2199 ⁸,
3164 2134 3354 2206 dignus
3380 2145 3461 2190 est
3479 2133 3708 2200 habitus,
3733 2144 3790 2190 ut
3810 2135 3902 2190 illa

2325 2227 2478 2282 nobis
2501 2227 2726 2290 diceret,
2748 2243 2866 2297 quae
2892 2238 3014 2282 ante
3029 2239 3206 2281 ortum
3222 2241 3374 2282 suum
3395 2227 3630 2281 monium
3646 2226 3906 2281 Dominus

2325 2317 2662 2374 formaverat.
2705 2319 2909 2374 Idcirco
2950 2319 3034 2374 his
3068 2320 3250 2388 incipit
3289 2319 3464 2373 verbis
3496 2340 3510 2375 :
3542 2318 3608 2372 In

2325 2411 2443 2478 fecit
2460 2407 2793 2464 Deuscclum
2821 2420 2868 2462 et
2893 2420 3076 2463 terram
3103 2424 3122 2463 :
3155 2409 3302 2478 quasi
3331 2409 3396 2462 ad
3425 2424 3610 2462 omnes
3638 2423 3734 2464 nos
3757 2409 3904 2463 clara

2324 2513 2456 2555 vocs
2472 2500 2685 2562 clamet,
2715 2509 2771 2554 et
2789 2500 2963 2556 dicat:
2991 2498 3128 2554 Num
3151 2500 3222 2553 ab
3255 2500 3556 2554 hominibus
3579 2499 3776 2553 dooeor
3794 2541 3812 2564 ,
3847 2510 3907 2554 ut

2325 2589 2440 2645 haec
2464 2590 2692 2661 loquar?
2720 2589 2768 2643 ls
2793 2591 2906 2660 ipse
2925 2590 3014 2660 qui
3046 2589 3158 2644 haec
3183 2605 3304 2645 cum
3332 2604 3436 2644 non
3459 2600 3660 2656 essent,
3679 2588 3821 2654 fecit,
3850 2597 3910 2643 nt

2327 2692 2528 2744 essent,
2556 2681 2787 2751 linguam
2818 2696 2990 2735 meam
3017 2681 3081 2733 ad
3128 2680 3310 2736 isthmc
3348 2679 3642 2734 enarranda
3677 2680 3902 2750 impulit.

2327 2771 2490 2844 Igitur
2511 2775 2752 2837 obsecro,
2782 2775 2853 2828 ita
2882 2773 3263 2838 auscultemus,
3290 2773 3361 2826 ita
3394 2772 3589 2827 nostris
3616 2761 3908 2826 ratiociniis

2327 2867 2542 2938 longum
2567 2867 2683 2921 vale
2701 2867 2961 2931 dicamus,
2991 2867 3141 2942 quasi
3172 2865 3285 2919 lucc
3313 2880 3416 2918 non
3432 2869 3540 2933 jam
3560 2878 3590 2918 a
3617 2863 3779 2925 ηοω,
3808 2863 3904 2918 sed

2327 2977 2423 3031 per
2449 2961 2680 3030 linguam
2705 2958 2866 3012 Hosis
2893 2957 2961 3012 ab
2991 2959 3106 3026 ipso
3146 2957 3513 3010 universorum
3561 2955 3671 3010 Deo
3713 2953 3903 3008 audia-

2327 3067 2465 3106 mus.
2507 3050 2792 3105 Ratiocinia
2810 3048 2952 3103 enim
2977 3047 3234 3101 hominum
3262 3047 3438 3099 timida
3457 3056 3574 3100 sunt
3595 3087 3610 3110 ,
3639 3046 3828 3114 inquit,
3859 3055 3908 3098 et

2327 3144 2532 3197 incerta
2556 3141 2879 3212 cogitationes
2906 3155 3077 3192 eorum
3116 3137 3268 3207 (Sap.
3292 3136 3345 3192 9.
3371 3137 3482 3204 ιι).
3509 3134 3675 3190 Grato
3715 3133 3907 3188 admo—

2326 3234 2452 3288 dum
2481 3233 2661 3288 animo
2689 3233 3010 3301 accipiamus
3033 3245 3152 3300 quae
3179 3229 3424 3283 dicuntur
3447 3268 3461 3290 ,
3493 3242 3561 3282 ne
3599 3225 3910 3297 progredia-

2329 3339 2448 3379 mur
2479 3323 2615 3377 ultra
2644 3336 2804 3394 quam
2830 3321 2933 3375 fert
2957 3333 3222 3375 mensurae
3252 3326 3446 3371 nostra:
3471 3317 3700 3371 tenuitas
3718 3357 3734 3381 ,
3770 3329 3909 3370 neve

2328 3415 2588 3468 curiosius
2613 3429 2730 3482 qua:
2774 3425 2934 3481 supra
2983 3426 3079 3464 nos
3107 3418 3231 3464 sunt
3273 3408 3584 3478 indagemus
3615 3424 3626 3459 :
3661 3405 3712 3461 id
3762 3405 3907 3477 quod

2328 3503 2565 3557 veritatis
2617 3501 2857 3558 hostibus
2893 3501 3091 3563 evenit,
3131 3499 3220 3569 qui
3249 3499 3530 3553 voluerunt
3555 3498 3780 3569 propriis
3815 3512 3908 3552 ra-

2329 3593 2559 3647 tiociniis
2588 3578 2833 3646 universa
2853 3590 3174 3661 expendere,
3209 3604 3311 3644 non
3341 3588 3634 3657 cogitantes
3661 3587 3910 3657 impossi-

2328 3683 2430 3738 bile
2480 3696 2600 3738 esse
2652 3681 2896 3736 humanas
2957 3690 3158 3736 natura:
3210 3679 3302 3732 Dei
3356 3678 3620 3746 opilieium
3697 3678 3910 3746 penitus

2328 3774 2623 3842 explorare.
2666 3772 2824 3839 Quid,
2849 3773 3083 3841 inquam,
3130 3771 3219 3825 Dei
3245 3769 3534 3839 opiﬁcium,
3573 3784 3693 3824 cum
3736 3785 3909 3838 neque

2329 3860 2576 3924 hominis,
2599 3864 2686 3932 qui
2713 3863 2865 3916 nobis
2894 3870 3078 3916 natura
3108 3871 3363 3930 cognatus
3388 3871 3469 3915 est
3487 3901 3502 3927 ,
3530 3868 3674 3913 artes
3697 3861 3911 3928 penitus

2330 3951 2562 4021 indagari
2591 3953 2834 4019 possint?
2884 3953 2976 4006 Dic
3023 3952 3202 4018 enim,
3245 3965 3443 4020 quaeso,
3495 3951 3762 4018 quomodo
3812 3963 3910 4018 per

2330 4044 2644 4098 metallicam
2672 4053 2836 4096 artem
2865 4044 2981 4096 auri
3008 4051 3190 4096 natura
3209 4042 3500 4095 conﬂatur?
3528 4043 3606 4097 vel
3641 4041 3913 4108 quomodo

2330 4136 2448 4188 vitri
2472 4137 2673 4206 puritas
2688 4151 2753 4190 ex
2782 4150 2940 4190 arena
2970 4135 3234 4189 eﬂicitur?
3263 4135 3454 4188 Verum
3480 4150 3582 4188 non
3608 4134 3770 4187 habes
3788 4149 3912 4202 quae

2329 4227 2496 4280 dicas.
2536 4225 2591 4281 Si
2624 4227 2782 4296 igitur
2806 4227 2920 4280 haec
2951 4242 3069 4296 qua:
3097 4237 3220 4280 ante
3256 4227 3439 4280 oculos
3465 4237 3584 4280 sunt
3613 4226 3779 4295 posita
3806 4267 3821 4289 ,
3851 4235 3912 4279 et

2327 4334 2444 4387 quae
2471 4332 2568 4386 per
2593 4316 2686 4372 Dei
2718 4317 3090 4386 benignitatem
3128 4316 3355 4369 humana
3403 4324 3652 4385 operatur
3694 4315 3910 4384 sapien-

2329 4409 2417 4471 tia,
2444 4409 2662 4479 intelligi
2691 4418 2980 4479 nequeunt,
3012 4423 3178 4477 quam
3209 4408 3318 4462 Deo
3341 4410 3455 4478 ipso
3481 4406 3618 4462 facta
3647 4416 3791 4468 sunt,
3811 4423 3910 4461 cu-

2326 4501 2562 4555 riositate
2589 4509 2677 4555 tua
2699 4501 2952 4569 inquires,
2982 4498 3177 4553 homo?

2398 4591 2481 4643 Ex
2507 4591 2745 4643 creaturis
2775 4601 2967 4642 creator
2989 4589 3297 4656 agnoscitur.
3313 4618 3384 4628 —
3406 4587 3575 4652 Quam
3603 4590 3909 4657 assequeris

2326 4681 2532 4735 veniam
2554 4681 2578 4733 ?
2600 4694 2702 4749 qua
2731 4689 2781 4733 te
2811 4679 3044 4732 tueberis
3071 4677 3405 4741 defensione,
3438 4679 3506 4731 ita
3532 4677 3815 4740 insaniens,
3850 4689 3910 4733 ut

2325 4788 2443 4840 quae
2473 4787 2630 4840 supra
2670 4781 2870 4825 natura:
2898 4780 2998 4824 tum
3024 4780 3236 4839 captum
3277 4780 3423 4832 sunt,
3447 4769 3786 4839 ‘specnleris?
3814 4770 3900 4822 lii-

2325 4878 2448 4918 cere
2467 4866 2606 4918 enim
2636 4879 2700 4918 ea.
2718 4878 2834 4934 quae
2863 4872 2984 4918 sunt
3007 4878 3075 4918 ex
3102 4863 3336 4930 subjecta
3357 4861 3574 4916 materia
3597 4876 3717 4915 esse
3745 4858 3904 4926 facta,

2324 4967 2377 5010 et
2407 4971 2510 5010 non
2537 4955 2798 5022 conﬁteri,
2835 4955 3070 5009 omnium
3104 4955 3357 5022 Opiﬁeem
3405 4967 3466 5007 ea
3496 4969 3560 5008 ex
3589 4954 3756 5007 nihilo
3782 4969 3906 5006 cre-

2324 5047 2518 5110 avisse,
2561 5046 2888 5116 desipientia:
2932 5055 3184 5099 extrema:
3233 5047 3437 5113 signum
3484 5043 3661 5097 fuerit.
3711 5043 3906 5098 Beatus

2326 5137 2501 5208 itaque
2530 5138 2784 5207 propheta
2811 5138 2929 5200 iste,
2960 5136 3257 5190 obturando
3288 5135 3643 5205 insipientium
3670 5151 3785 5199 ora,
3810 5152 3907 5189 au-

2323 5231 2618 5300 spicaturus
2659 5230 2870 5293 librum,
2897 5228 2974 5282 sic
3000 5228 3193 5297 cmpit:
3233 5227 3296 5280 In
3336 5228 3582 5297 principio
3610 5228 3727 5295 fecit
3767 5227 3906 5280 Deus

2323 5323 2502 5374 ctrlam
2531 5329 2578 5372 et
2603 5329 2806 5373 terram.
2844 5317 2978 5372 Cum
3015 5319 3171 5388 igitur
3207 5317 3374 5379 audis,
3410 5316 3573 5380 Fecit,
3604 5317 3732 5370 nihil
3760 5319 3902 5369 aliud

2325 5412 2458 5466 ultra
2487 5411 2750 5465 curiosius
2788 5426 2966 5480 quzcre
3004 5432 3016 5465 :
3060 5411 3151 5463 sed
3185 5409 3400 5462 humum
3444 5418 3708 5477 spectans.
3747 5408 3905 5462 dictis
3942 5403 3966 5424 '

2325 5503 2483 5557 iidem
2513 5500 2667 5556 habe.
2699 5500 2828 5555 Nam
2858 5502 2996 5556 Deus
3016 5509 3098 5554 est
3116 5501 3203 5569 qui
3227 5501 3400 5553 omnia
3426 5500 3566 5562 facit,
3585 5511 3638 5552 et
3665 5499 3716 5550 in
3744 5499 3900 5553 aliam

2325 5597 2548 5651 formam
2577 5603 2764 5660 mutat,
2791 5609 2852 5647 ac
2877 5594 3167 5649 secundum
3191 5594 3512 5647 voluntatem
3542 5607 3694 5648 suam
3724 5595 3898 5646 unniis

2390 5754 2410 5802 ι
2439 5752 2650 5811 mislim,
2675 5764 2930 5815 supernam
2950 5751 3217 5815 potentiam.
