4086 6528
343 501 414 556 29
1520 480 1582 537 iN
1620 480 1772 537 CAP.
1817 479 1854 532 l.
1897 477 1917 533 (

2025 474 2144 532 [ΕΞ.
2189 474 2488 532 llOMlLJI.
3561 483 3626 537 ὅθ

338 623 463 684 apte
503 609 782 666 convertit.
829 605 896 661 Et
925 603 1042 660 vide
1071 609 1325 673 quantum
1366 606 1563 652 nostra:
1600 591 1840 664 parvitati

335 682 658 772 attemperat
695 718 707 752 ε
740 697 868 752 nihil
900 696 968 750 de
994 691 1344 748 iuvisibilibus
1381 685 1664 742 virtutibus
1693 682 1924 746 disserit,

339 809 519 863 neque
545 791 691 855 dicit,
727 788 783 843 In
829 785 1090 857 principio
1134 783 1260 838 fecit
1301 782 1439 836 Deus
1474 777 1688 848 angelos
1724 775 1804 828 vel
1836 789 1928 863 ar-

335 862 629 951 cliaugelos
657 898 669 934 :
701 893 806 932 non
826 875 1160 945 simpliciter,
1195 886 1366 941 neque
1385 879 1585 924 temere
1613 867 1749 920 hanc
1773 862 1928 919 nobis

334 972 602 1028 doctrina:
628 968 767 1022 viam
799 966 1018 1037 paravit.
1046 963 1178 1030 Quia
1205 960 1345 1016 enim
1371 958 1569 1014 Iudicis
1591 955 1925 1026 loquebatur,

331 1063 427 1133 qui
480 1062 574 1116 toti
622 1058 972 1130 praesentibus
1013 1055 1171 1111 rebus
1211 1051 1513 1116 inhiabant,
1559 1063 1729 1119 neque
1769 1047 1926 1117 spiri-

335 1155 484 1210 tuale
509 1154 794 1223 quidquam
820 1151 999 1204 animo
1024 1147 1306 1216 concipere
1333 1143 1600 1209 valebant,
1631 1155 1723 1198 eos
1751 1154 1780 1195 a
1807 1154 1930 1194 seno

331 1245 581 1300 sibilibus
610 1243 676 1298 ad
704 1239 1131 1312 cognoscendum
1161 1236 1388 1292 universi
1417 1234 1673 1304 Opificem
1704 1231 1924 1294 inducit,

334 1348 397 1392 ut
423 1352 487 1393 ex
529 1335 789 1391 creaturis
832 1332 1227 1387 Fabricatorem
1269 1328 1448 1383 mundi
1480 1326 1768 1390 discentes,
1800 1322 1925 1377 ado-

334 1436 520 1482 rarent
546 1426 850 1480 Creatorem
890 1423 1149 1487 omnium,
1188 1427 1243 1473 et
1281 1434 1386 1473 non
1429 1418 1480 1471 in
1509 1416 1764 1472 creaturis
1798 1414 1927 1484 ipsis

334 1526 712 1588 permanerent
741 1525 795 1570 et
821 1514 1178 1585 quiescerent.
1223 1510 1354 1565 Nam
1391 1525 1513 1563 cum
1545 1509 1667 1563 licet
1699 1509 1811 1562 hinc
1856 1506 1926 1561 ita

333 1607 476 1663 facta
508 1608 633 1672 sint,
664 1623 766 1660 non
791 1603 1170 1660 intermiserint
1196 1617 1258 1656 ex
1286 1599 1544 1656 creaturis
1574 1598 1703 1653 deos
1725 1597 1922 1664 facere,

332 1708 393 1754 et
421 1699 658 1753 divinum
696 1697 950 1751 honorem
993 1693 1302 1750 fmdissimis
1333 1691 1502 1746 brutis
1530 1690 1784 1746 exhibere
1821 1707 1833 1742 :
1874 1689 1924 1743 in

331 1804 496 1860 quam
531 1803 635 1842 non
680 1787 966 1841 amentiam
1003 1784 1334 1850 incidissent,
1377 1783 1478 1839 nisi
1509 1792 1652 1838 tanta
1682 1797 1806 1852 erga
1834 1795 1926 1838 eos

332 1878 778 1946 attemperatioue
805 1876 990 1930 fuisset
1017 1874 1180 1930 usus?

408 1969 462 2023 5.
495 1967 602 2022 Nec
628 1967 855 2033 mireris,
883 1965 1096 2032 dilecte,
1125 1965 1263 2036 quod
1294 1965 1469 2020 Moses
1497 1964 1596 2020 hac
1630 1964 1712 2021 via
1741 1964 1924 2021 inces-

331 2060 464 2115 serit
491 2061 529 2124 ί,
554 2059 640 2129 qui
668 2059 718 2112 in
762 2059 1038 2138 principio,
1070 2064 1125 2112 et
1157 2057 1209 2110 iu
1251 2056 1546 2127 prmludiis,
1574 2057 1925 2112 crassioribus

334 2151 584 2221 loquutus
621 2158 704 2204 est
741 2149 937 2204 ludatis
981 2166 993 2202 :
1030 2148 1458 2219 quandoquidem
1501 2149 1692 2204 Paulus
1716 2163 1925 2218 quoque

333 2251 578 2309 tempore
606 2240 810 2308 gratim,
845 2253 965 2293 cum
994 2246 1199 2294 tantum
1244 2238 1636 2308 priedicationis
1662 2247 1804 2293 esset
1837 2239 1922 2291 in-

330 2341 686 2396 crementum,
717 2329 1080 2400 disputaturos
1117 2344 1239 2385 eum
1271 2329 1705 2396 Atheniensibus,
1734 2345 1765 2384 a
1793 2329 1924 2384 visi-

333 2423 531 2477 bilibus
575 2423 869 2477 doctrinam
920 2421 1083 2490 cmpit
1119 2420 1204 2477 his
1246 2422 1427 2476 verbis
1468 2439 1483 2476 :
1523 2420 1660 2475 Deus
1694 2421 1779 2491 qui
1808 2421 1923 2491 fecit

331 2515 599 2579 mundum,
636 2524 682 2568 et
709 2515 879 2570 omnia
914 2530 1030 2584 qua
1065 2515 1117 2568 in
1155 2531 1213 2570 eo
1241 2524 1392 2578 sunt;
1429 2514 1512 2567 hic
1548 2514 1663 2568 eali
1697 2524 1743 2569 et
1778 2525 1925 2568 terra:

329 2621 448 2658 cum
475 2606 538 2659 sit
567 2603 847 2673 Dominus,
893 2622 994 2659 non
1031 2605 1084 2658 in
1120 2606 1426 2676 manufactis
1469 2605 1658 2658 habitat
1699 2605 1916 2676 templis,

331 2714 422 2751 nec
453 2698 685 2752 humanis
715 2699 943 2752 manibus
969 2699 1153 2752 colitur
1179 2697 1314 2768 (Act.
1347 2698 1434 2752 17.
1467 2697 1581 2769 24).
1619 2699 1752 2766 Quia
1775 2700 1917 2754 enim

331 2790 490 2843 talem
514 2790 590 2844 eis
616 2798 920 2859 competere
947 2791 1149 2844 sciebat
1184 2789 1502 2855 doctrinam,
1535 2791 1670 2845 hanc
1695 2791 1920 2846 docendi

331 2881 470 2934 viam
492 2881 733 2952 arripuit.
765 2881 845 2934 Ad
873 2896 966 2935 eos
990 2881 1132 2936 enim
1150 2882 1238 2951 qui
1260 2896 1408 2936 suam
1433 2882 1793 2952 suscipiebant
1818 2883 1917 2936 do-

327 2973 577 3038 ctrinam,
608 2989 635 3025 a
666 2973 864 3041 Spiritu
891 2974 959 3027 ita
987 2972 1336 3043 dirigebatur,
1365 2982 1418 3027 et
1445 2988 1539 3028 eos
1565 2973 1636 3028 ita
1673 2972 1916 3029 docebat.

330 3065 398 3120 Et
422 3074 478 3118 ut
498 3064 635 3118 scias
667 3063 822 3133 hujus
847 3063 921 3118 rei
947 3079 1161 3119 causam
1192 3063 1354 3119 luisse
1381 3079 1725 3134 personarum
1757 3065 1920 3119 varie-

328 3162 518 3219 tatem,
541 3163 594 3208 et
620 3153 922 3207 auditorum
942 3152 1372 3219 crassitudinem,
1392 3152 1514 3206 audi
1535 3152 1683 3206 illum
1707 3153 1875 3223 ipsum
1902 3170 1916 3206 :

327 3247 394 3300 ad
438 3246 787 3301 Colossenses
832 3245 973 3299 enim
1020 3245 1299 3316 epistolam
1357 3244 1638 3310 scribens,
1676 3257 1781 3298 non
1821 3243 1920 3300 hac

326 3337 566 3390 ambulat
609 3335 712 3401 via,
753 3333 847 3389 sed
885 3333 1040 3389 aliter
1079 3349 1200 3389 cum
1234 3333 1311 3389 eis
1351 3334 1620 3405 loquitur,
1659 3343 1714 3388 et
1750 3335 1915 3391 dicit:

331 3429 465 3497 Quia
497 3430 549 3482 in
577 3429 689 3497 ipso
714 3436 882 3482 creata
907 3435 1022 3481 sunt
1051 3427 1221 3481 omnia
1239 3469 1253 3491 ,
1301 3443 1414 3498 qua:
1440 3427 1492 3481 in
1521 3428 1658 3481 cadis
1697 3436 1832 3492 sunt,
1872 3435 1920 3480 et

326 3536 442 3590 quae
459 3520 511 3572 in
538 3529 691 3586 terra,
724 3518 936 3573 visibilia
965 3528 1011 3572 et
1032 3517 1319 3586 invisibilia,
1347 3519 1450 3572 sive
1477 3517 1667 3584 throni,
1698 3519 1799 3573 sive
1821 3519 1917 3570 do-

333 3612 650 3677 minationes,
691 3613 792 3666 sive
819 3612 1152 3682 principatus,
1185 3612 1287 3666 sive
1311 3620 1594 3680 potestates,
1632 3612 1801 3665 omnia
1831 3628 1920 3681 per

329 3705 496 3770 illum,
524 3704 644 3759 etin
682 3703 828 3757 illum
861 3712 1030 3757 creata
1055 3712 1170 3758 sunt
1209 3701 1424 3774 (Coloss.
1457 3704 1506 3757 l.
1543 3700 1654 3773 l6).
1684 3702 1918 3757 Joannes

328 3804 508 3851 autem
539 3795 755 3849 tonitrui
780 3795 920 3850 filius
946 3793 1228 3861 clamabat,
1255 3793 1474 3850 dicens:
1511 3793 1695 3847 Omnia
1723 3812 1811 3864 per
1838 3795 1919 3865 ip-

328 3904 440 3941 sum
465 3887 601 3955 facta
629 3895 766 3952 sunt,
799 3896 844 3940 et
876 3887 983 3941 sine
1005 3887 1115 3955 ipso
1144 3890 1334 3958 factum
1371 3895 1446 3939 est
1487 3886 1617 3939 nihil
1649 3884 1827 3955 (Joan.
1863 3888 1910 3941 ί.

327 3979 407 4050 3).
437 3981 504 4034 At
528 3992 638 4034 non
671 3980 748 4034 sic
777 3979 979 4045 Moses;
1008 3989 1062 4034 et
1088 3979 1278 4034 merito
1303 3995 1314 4033 :
1348 3992 1446 4033 nec
1467 3979 1610 4033 enim
1640 3987 1755 4033 erat
1783 3993 1914 4033 con—

328 4081 664 4133 sentaneum.
698 4079 751 4124 ut
786 4070 954 4125 solido
984 4079 1328 4140 pascerentur
1362 4071 1484 4125 cibo
1525 4069 1718 4140 quibus
1742 4069 1915 4126 adhuc

230 4188 238 4196 π
329 4162 480 4216 lactis
500 4159 744 4214 alimonia
780 4175 914 4229 opus
947 4170 1079 4215 erat.
1111 4159 1241 4214 Nam
1286 4160 1732 4231 quemadmodum
1779 4161 1916 4214 ludi-

329 4250 564 4322 magistri
586 4250 783 4320 pueris,
806 4252 940 4322 quia
957 4252 1260 4320 parentibus
1282 4253 1302 4282 '
1323 4252 1452 4320 ipsis
1472 4254 1916 4308 commendantur

328 4343 622 4408 erudiendi,
653 4343 820 4414 prima
861 4343 1074 4398 tradunt
1102 4345 1364 4398 elementa
1390 4385 1406 4411 ,
1439 4358 1572 4414 quos
1603 4359 1798 4415 pueros
1822 4345 1912 4415 qui

326 4437 395 4489 ab
426 4435 528 4490 illis
553 4443 737 4505 postea
769 4434 1081 4504 suscipiunt,
1111 4434 1507 4489 sublimioribus
1536 4445 1588 4490 et
1627 4435 1908 4506 perfectio-

327 4525 475 4580 ribus
503 4523 757 4579 doctrinis
795 4525 1034 4578 imbuunt
1067 4542 1079 4578 :
1113 4525 1180 4579 ita
1207 4533 1260 4578 et
1298 4524 1482 4580 beatus
1507 4525 1698 4592 Moses,
1729 4535 1782 4580 et
1815 4526 1909 4582 do-

325 4626 441 4670 ctor
466 4615 723 4686 gentium,
753 4630 816 4670 ac
841 4615 981 4669 illius
1011 4616 1223 4670 tonitrui
1268 4615 1526 4671 fecerunt.
1571 4617 1702 4671 Nam
1737 4618 1911 4677 Moses

325 4709 541 4779 quidem
572 4723 694 4763 cum
727 4709 927 4778 primus
955 4709 1190 4762 omnium
1221 4709 1600 4764 instituendam
1641 4711 1904 4780 suscepis'

325 4811 404 4855 set
437 4800 722 4853 humanam
764 4809 1025 4864 naturam,
1068 4800 1247 4854 docuit
1289 4801 1560 4856 auditores
1596 4803 1765 4872 prima
1797 4805 1906 4858 elc-

327 4901 502 4944 mcnta
533 4909 547 4946 :
577 4890 814 4945 Joannes
853 4899 1030 4943 autem
1062 4900 1115 4943 et
1158 4891 1352 4946 Paulus
1406 4892 1468 4945 iis
1503 4909 1636 4961 quos
1683 4910 1712 4948 a
1766 4895 1911 4949 lllosc

324 4992 660 5052 acreperaut,
703 4991 884 5051 postea
928 4984 1237 5051 perfectiora
1282 4984 1569 5040 tradidere.
1619 4986 1778 5056 Igitur
1800 4989 1908 5056 jam

323 5075 627 5138 didicimus,
668 5087 833 5143 quare
876 5074 946 5127 ita
993 5089 1050 5127 se
1091 5079 1526 5143 attemperaverit
1559 5078 1630 5148 ad
1674 5090 1906 5133 nostram

325 5167 658 5230 tenuitatem,
688 5173 890 5228 etcum
924 5164 1124 5234 Spiritu
1169 5177 1354 5220 sancto
1396 5168 1719 5236 loquentem,
1755 5181 1913 5239 prout

324 5255 656 5310 auditoribus
680 5255 1024 5325 congruebat,
1053 5256 1227 5311 omnia
1254 5261 1571 5328 exposuisse
1604 5278 1615 5313 :
1648 5261 1910 5332 simulque

325 5349 413 5403 ille
456 5361 642 5400 omnes
691 5344 944 5410 haereses,
989 5363 1106 5416 qua:
1149 5351 1285 5404 sicut
1328 5353 1526 5406 zizania
1578 5355 1910 5423 pullulatune

324 5453 477 5497 erant
516 5444 568 5498 in
615 5447 869 5515 Ecclesia,
902 5449 1134 5504 eradicat
1179 5466 1271 5521 per
1316 5451 1418 5507 hoc
1464 5454 1605 5522 quod
1645 5455 1812 5511 dicit:
1845 5453 1909 5508 In

323 5539 574 5607 principia
600 5543 714 5610 fecit
757 5540 888 5597 Deus
925 5544 1102 5599 eiciunt
1132 5557 1176 5600 ct
1215 5558 1417 5602 terram.
1462 5551 1611 5607 Unde
1656 5554 1699 5607 si
1747 5556 1912 5612 Mani-

324 5629 507 5684 chasus
531 5632 597 5686 ad
627 5643 676 5687 te
703 5639 986 5692 accesserit
1004 5638 1193 5698 dicens
1208 5643 1490 5697 materiam
1509 5647 1906 5717 pracexsistcro;

392 5870 407 5934 ξ
447 5867 500 5917 in
525 5870 642 5934 Et“...
670 5872 853 5934 καιτοι..
875 5876 1160 5929 cucurrerit.

389 5932 410 5962 ⁸
443 5932 583 5981 savii.
611 5941 661 5982 et
684 5935 819 5986 multi
840 5932 976 6000 £35.,
1004 5954 1034 5987 α
1057 5945 1269 6003 patribus
1290 5960 1306 6007 ,'
1335 5949 1513 6008 Morel”
1541 5964 1570 5997 α
1595 5956 1844 6005 matribus.

2037 588 2079 641 si
2112 587 2362 650 Marcion,
2392 589 2433 642 si
2470 588 2776 643 Valentinus
2807 590 2907 658 (ιι),
2932 591 2974 646 si
3003 591 3248 662 gentiles,
3281 591 3362 646 ilic
3394 595 3494 649 Illis
3521 616 3531 651 :
3566 597 3629 652 In

2036 679 2282 748 principio
2312 679 2428 748 fecit
2449 679 2589 733 Deus
2615 681 2794 734 (telum
2818 691 2865 734 et
2894 692 3098 735 terram.
3139 682 3243 740 Sed
3273 685 3418 754 quid,
3451 687 3494 739 si
3524 705 3627 742 non

2034 770 2201 824 credit
2245 771 2332 825 ille
2378 770 2701 842 Scriptum?
2741 772 2822 827 Tu
2863 775 3084 843 posthac
3118 790 3292 844 Ipsum
3339 780 3625 844 averseris,

2033 861 2176 916 velut
2203 861 2538 918 furibundum
2566 872 2621 918 et
2645 873 2821 918 mente
2847 874 3080 935 captum.
3113 867 3242 921 Nam
3270 869 3359 938 qui
3392 871 3627 923 omnium

2034 953 2221 1023 Opilici
2253 970 2359 1011 non
2389 956 2580 1021 credit,
2611 966 2665 1011 et
2690 959 2968 1012 veritatem
3001 958 3262 1014 mendacii
3301 961 3495 1031 arguit,
3525 977 3627 1031 qua

2035 1061 2284 1115 umquam
2314 1034 2613 1117 dignandus
2643 1057 2725 1102 est
2746 1050 2932 1104 venia?
2965 1050 3134 1106 liabet
3163 1051 3253 1108 ille
3280 1052 3512 1108 iocatum
3535 1069 3628 1109 co-

2036 1134 2200 1190 lorem
2245 1136 2284 1199 ¹.
2318 1146 2371 1191 et
2408 1147 2804 1194 mansuetorum
2848 1155 3104 1209 personas
3153 1143 3339 1209 induit,
3392 1146 3628 1216 legitque

2034 1227 2134 1280 sub
2160 1226 2318 1281 ovilla
2351 1229 2487 1296 pelle
2512 1228 2709 1300 lupum.
2745 1230 2850 1286 Sed
2879 1241 2933 1288 tu
2967 1249 3033 1289 ue
3055 1235 3358 1306 decipiaris,
3391 1237 3496 1294 imo
3526 1239 3628 1293 hac

2035 1320 2144 1387 ipsa
2174 1319 2239 1374 de
2265 1335 2424 1375 causa
2465 1322 2611 1376 illum
2650 1326 2816 1394 magis
2846 1339 3068 1381 exosum
3101 1328 3255 1394 habe,
3294 1330 3435 1398 quod
3476 1347 3628 1386 man-

2033 1411 2368 1468 suetudinem
2397 1413 2609 1484 quidem
2638 1430 2761 1485 erga
2796 1426 2846 1472 te
2875 1432 3196 1474 conservum
3225 1421 3456 1489 simulet,
3493 1440 3625 1479 cou-

2034 1509 2114 1556 tra
2145 1502 2423 1557 Dominum
2469 1513 2645 1559 autem
2695 1507 3062 1563 universorum
3109 1510 3270 1564 Deum
3304 1512 3499 1567 bellum
3531 1531 3625 1584 ge-

2032 1601 2133 1658 rat,
2163 1599 2217 1647 et
2243 1607 2412 1662 neque
2435 1594 2671 1664 seipsum
2700 1598 2925 1652 salutem
2951 1614 3101 1654 suam
3137 1602 3362 1668 prodere
3384 1605 3626 1659 animad-

2032 1693 2220 1738 vertat.
2253 1683 2517 1740 Catterum
2562 1701 2661 1741 nos
2688 1688 2895 1743 [inuam
2925 1699 3196 1745 teneamus
3224 1704 3448 1761 petram,
3476 1705 3524 1749 et
3558 1695 3624 1750 ad

2032 1775 2350 1845 principium
2397 1776 2588 1832 iterum
2640 1781 3005 1851 regrediamur
3052 1800 3065 1837 :
3111 1783 3179 1837 In
3218 1787 3470 1857 principio
3507 1790 3624 1856 fecit

2032 1870 2168 1924 Deus
2197 1872 2377 1925 calum
2416 1884 2461 1926 et
2501 1881 2706 1927 terram.
2753 1875 2982 1932 Attende
3026 1893 3165 1932 nunc
3189 1920 3203 1943 ,
3245 1883 3513 1948 quomodo
3556 1897 3620 1936 ex

2031 1960 2146 2030 ipso
2173 1961 2368 2030 opificii
2400 1963 2561 2018 modo
2589 1963 2783 2019 divina:
2831 1976 3031 2021 natum
3061 1967 3293 2037 dignitas
3327 1971 3618 2037 enitescat;

2029 2051 2298 2121 quomodo
2326 2053 2468 2108 Deus
2495 2064 2688 2124 praeter
2715 2056 3000 2110 humanum
3025 2072 3249 2127 morem,
3281 2075 3435 2114 suum
3461 2065 3620 2131 perli-

2028 2143 2175 2197 ciens
2204 2142 2505 2210 mdilicium,
2535 2145 2682 2214 prius
2706 2146 2892 2201 caelum
2911 2149 3162 2204 extendat
3181 2193 3195 2217 ,
3227 2161 3410 2221 postea
3441 2162 3492 2208 et
3516 2164 3621 2209 ter-

2029 2248 2141 2287 ram
2173 2234 2479 2290 substernat
2514 2254 2527 2290 :
2555 2237 2705 2308 prius
2735 2239 2967 2306 culmen,
3004 2250 3056 2296 et
3088 2251 3269 2311 postea
3303 2243 3617 2300 fundamen-

2031 2332 2162 2379 tum.
2193 2324 2322 2393 Quis
2363 2326 2466 2382 tale
2495 2327 2619 2398 quid
2649 2328 2814 2383 vidit?
2839 2331 2961 2400 quis
2989 2331 3223 2387 audivit?
3247 2333 3302 2388 lu
3342 2335 3616 2392 hominum

2027 2427 2157 2470 sane
2183 2416 2431 2484 operibus
2458 2418 2590 2473 nihil
2630 2419 2734 2474 tale
2761 2436 3009 2491 umquam
3042 2422 3198 2479 fuerit
3233 2443 3244 2479 :
3277 2427 3370 2480 sed
3393 2428 3617 2497 jubente

2027 2503 2159 2570 Deo,
2192 2506 2450 2562 voluntati
2473 2509 2589 2579 ejus
2622 2520 2806 2579 parent
2836 2521 2888 2568 et
2910 2513 3105 2569 cedunt
3127 2517 3326 2571 omnia.
3355 2517 3432 2574 Ne
3456 2518 3618 2589 igitur

2028 2596 2271 2653 humanis
2293 2600 2586 2656 rationibus
2603 2601 2775 2657 divina
2798 2619 2958 2674 opera
2979 2607 3242 2663 curiosius
3263 2611 3614 2679 excutiamus,

2027 2689 2119 2744 scd
2168 2705 2235 2744 ex
2277 2693 2527 2760 operibus
2575 2695 2917 2759 manuducti,
2960 2685 3286 2755 admiremur
3332 2703 3612 2758 artiticem.

2029 2779 2167 2833 Nam
2197 2781 2466 2835 invisibilia
2503 2787 2634 2854 ejus,
2668 2785 2857 2856 inquit,
2891 2803 2954 2841 ex
2987 2791 3237 2844 creatione
3266 2793 3462 2859 mundi,
3493 2793 3613 2847 dum

2026 2889 2114 2942 per
2139 2890 2294 2943 opera
2319 2877 2688 2948 intelliguntur,
2722 2880 3041 2948 pervidentur
3065 2881 3240 2954 (Rom.
3277 2885 3326 2938 l.
3355 2885 3470 2955 20).

2094 2966 2147 3020 4.
2182 2966 2368 3020 Contra
2397 2984 2481 3023 eos
2506 2971 2593 3038 qni
2615 2971 2844 3026 dicebant
2865 2983 3048 3027 terram
3063 2991 3126 3029 ea:
3152 2977 3376 3047 subjecta
3404 2981 3614 3036 materia

2024 3055 2250 3124 factam;
2271 3067 2404 3112 terra
2429 3060 2596 3129 patria
2635 3072 2807 3116 nostra
2833 3071 2923 3125 est,
2954 3075 2999 3118 et
3023 3081 3284 3120 commune
3303 3069 3609 3138 sepulcrum.

2026 3146 2239 3202 Horatia
2261 3149 2789 3220 «Mortalia—Quod
2806 3154 2849 3209 si
2870 3155 3107 3210 veritatis
3128 3157 3310 3215 hostes
3334 3161 3510 3216 adhuc
3533 3163 3614 3217 di-

2023 3247 2168 3302 cunt,
2202 3254 2307 3293 nou
2339 3256 2494 3310 posse
2529 3257 2594 3296 ex
2625 3241 2794 3300 nihilo
2824 3245 3018 3315 aliquid
3050 3248 3186 3316 ﬁeri,
3222 3249 3612 3322 interrogemus

2023 3343 2116 3383 eos
2147 3345 2160 3383 :
2189 3329 2466 3387 Primusue
2493 3331 2654 3388 homo
2683 3349 2747 3389 ex
2775 3344 2916 3390 terra
2962 3335 3221 3394 formatus
3241 3347 3353 3407 est;
3382 3358 3448 3396 an
3479 3345 3612 3401 forte

2023 3418 2274 3474 aliunde?
2303 3419 2532 3502 Omnino
2553 3423 2732 3480 dicent
2758 3440 2821 3479 ac
2851 3425 3174 3497 fatebuntur,
3193 3431 3333 3502 quod
3355 3448 3418 3488 ex
3447 3444 3607 3490 term.

2027 3509 2216 3564 Dicant
2257 3512 2417 3582 igitur
2442 3501 2616 3579 nobis,
2643 3515 2914 3585 quomodo
2953 3533 3018 3573 ex
3055 3501 3369 3578 terrafacta
3409 3525 3478 3579 sit
3519 3542 3613 3580 na-

2024 3610 2140 3656 tura
2171 3603 2365 3658 carnis.
2396 3603 2475 3659 Ex
2506 3613 2643 3660 terra
2672 3608 2814 3662 enim
2853 3609 3038 3675 lutum,
3073 3621 3128 3665 et
3157 3611 3369 3679 lateres,
3402 3624 3455 3671 et
3479 3616 3610 3687 ligu-

2022 3694 2185 3749 linum
2214 3711 2328 3760 vas,
2370 3705 2424 3750 et
2449 3705 2582 3752 testa
2618 3698 2734 3753 fieri
2763 3699 2901 3754 solet
2930 3717 2944 3754 :
2975 3703 3243 3771 quomodo
3270 3719 3396 3774 ergo
3421 3719 3608 3761 natura

2020 3788 2198 3842 carnis
2222 3788 2355 3842 laeta
2396 3790 2514 3843 est?
2539 3792 2806 3860 quomodo
2829 3807 2972 3860 ossa,
3009 3805 3063 3849 et
3098 3797 3269 3865 nervi,
3298 3808 3351 3852 et
3374 3801 3605 3866 arteriae,

2021 3886 2074 3931 et
2112 3876 2296 3946 adeps,
2339 3885 2392 3933 et
2421 3880 2576 3946 cutis,
2609 3889 2664 3936 et
2710 3897 2934 3953 ungues,
2980 3893 3034 3939 et
3062 3887 3258 3956 capilli,
3305 3896 3359 3943 et
3393 3905 3457 3945 ex
3505 3908 3606 3946 una

2018 3966 2330 4037 subjaeente
2369 3971 2588 4024 materia
2617 3971 2945 4028 diversarum
2989 3977 3405 4051 substantiarum
3438 3985 3608 4052 quali-

2021 4057 2193 4114 tates?
2223 4057 2328 4113 Sed
2353 4058 2418 4113 ad
2454 4059 2568 4114 hinc
2611 4076 2678 4116 ne
2705 4064 2899 4118 mutire
2927 4065 3138 4132 quidem
3175 4078 3444 4137 poterunt.
3468 4074 3604 4138 Quid

2019 4161 2193 4206 autem
2219 4151 2337 4206 dico
2361 4151 2430 4208 de
2454 4167 2678 4223 corpore
2710 4158 2929 4210 nostro?
2959 4158 3141 4214 Dicant
3169 4162 3325 4218 nobis
3352 4163 3419 4218 de
3447 4180 3603 4235 pane,

2018 4256 2124 4311 quo
2147 4241 2384 4312 quotidie
2415 4244 2704 4311 reficimur,
2737 4247 3026 4317 quomodo,
3057 4265 3178 4306 cum
3214 4255 3370 4310 unius
3409 4257 3606 4325 speciei

2018 4333 2105 4398 sit,
2135 4340 2516 4388 transmutatur
2538 4335 2589 4388 in
2611 4335 2947 4405 sanguinem,
2974 4347 3029 4394 et
3055 4342 3321 4410 pituitam,
3345 4352 3399 4398 et
3423 4345 3603 4412 bilem,

2017 4432 2070 4477 et
2099 4423 2149 4478 in
2179 4425 2353 4479 varios
2395 4424 2667 4482 humores.
2711 4427 2778 4482 Et
2829 4431 2982 4499 panis
3015 4434 3226 4503 quidem
3266 4451 3410 4506 sirpe
3449 4438 3608 4495 habet

2018 4519 2251 4572 colorem
2277 4517 2547 4583 inimenti;
2567 4522 2782 4591 sanguis
2800 4534 2976 4578 autem
3006 4526 3166 4580 ruber
3185 4528 3266 4583 vel
3292 4530 3440 4599 niger
3464 4534 3602 4587 est’.

2019 4611 2073 4663 Si
2117 4611 2274 4680 igitur
2314 4611 2449 4677 haec,
2482 4627 2601 4682 quae
2644 4616 2882 4683 quotidie
2924 4625 3048 4673 ante
3085 4619 3272 4674 oculos
3303 4632 3602 4687 versantur,

2019 4717 2304 4772 numquam
2349 4704 2503 4757 nobis
2540 4704 2720 4759 dicere
2761 4717 3023 4776 poterunt,
3068 4709 3332 4765 difﬁcilius
3378 4713 3444 4766 de
3487 4714 3605 4767 aliis

2020 4795 2109 4850 Dei
2155 4793 2378 4864 opiﬁciis
2416 4796 2570 4866 digna
2629 4798 2929 4868 loquentur.
2963 4801 3114 4868 Quod
3167 4803 3209 4857 si
3255 4817 3377 4875 post
3402 4813 3602 4862 tantum

2017 4886 2527 4943 demonstrationum
2556 4891 2762 4960 copiam
2810 4892 2984 4948 adhuc
3028 4910 3177 4948 suam
3208 4899 3600 4953 contentionem

2018 4980 2270 5036 roborare
2305 4981 2506 5047 volunt,
2553 4999 2723 5053 neque
2752 5001 2847 5040 nos
2875 4985 3200 5042 desistemus
3237 5005 3381 5059 sepe
3415 4992 3600 5046 eadem

2020 5070 2146 5138 ipsis
2175 5072 2427 5140 objicere,
2459 5075 2696 5131 dicentes
2730 5099 2741 5132 :
2767 5076 2830 5130 In
2850 5079 3098 5150 principio
3124 5081 3238 5151 fecit
3270 5081 3402 5136 Deus
3424 5084 3602 5136 actum

2017 5172 2062 5214 et
2084 5171 2288 5216 terram:
2320 5164 2429 5218 lloc
2462 5167 2603 5220 enim
2636 5170 2848 5224 unicum
2882 5171 3103 5225 verbum
3133 5172 3327 5228 sufficit
3357 5174 3508 5229 nobis
3534 5177 3601 5230 ad

2018 5254 2397 5311 subvertendas
2426 5271 2616 5314 omnes
2647 5261 3070 5318 adversariorum
3104 5275 3295 5330 turres,
3330 5276 3384 5320 et
3410 5267 3474 5320 ad
3513 5285 3600 5322 re-

2019 5344 2258 5399 vellenda
2304 5346 2372 5399 ah
2418 5349 2546 5418 ipsis
2603 5352 2958 5408 fundamentis
3005 5355 3232 5410 humana
3275 5358 3609 5423 ratiocinia;

2017 5446 2178 5508 atque
2205 5439 2246 5492 si
2271 5440 2466 5496 vellent
2488 5444 2568 5498 vel
2597 5460 2719 5500 sero
2743 5461 2772 5500 a
2809 5462 2905 5504 sua
2934 5449 3277 5505 contentione
3315 5450 3599 5517 desistere,

2081 5531 2097 5599 ξ
2131 5531 2339 5599 Coislin.,
2364 5532 2579 5594 fucatam
2597 5549 2787 5599 corpus.

2078 5593 2099 5622 θ
2113 5592 2248 5666 Coiin
2255 5609 2282 5641 ιι
2289 5592 2441 5666 ianus,
2453 5603 2503 5646 Et
2518 5598 2655 5657 panis
2666 5592 2874 5666 quidem,
2891 5606 2940 5650 nt
2951 5601 3227 5665 plurimum,
3240 5603 3378 5666 habet
3396 5603 3601 5654 colorem

2015 5653 2256 5762 manenti,
2276 5655 2444 5716 pituita
2464 5653 2622 5708 autem
2641 5653 2751 5710 alba
2766 5671 2850 5721 et,
2862 5653 3056 5727 sanguis
3079 5678 3189 5714 vero
3211 5653 3353 5715 ruber
3377 5667 3449 5714 vti
3465 5653 3600 5727 niger

2079 5775 2150 5828 (ai
2168 5777 2464 5839 .‘ttaniebaaus,
2489 5785 2706 5835 Marcion.
2731 5793 2778 5832 et
2800 5784 3086 5835 Valentinus
3101 5787 3328 5836 dicebant
3352 5789 3599 5836 materiam

2017 5849 2130 5904 ante
2155 5847 2371 5904 creatum
2395 5845 2622 5891 mundum
2644 5847 2904 5893 exstitisse.
2928 5855 2994 5895 De
3013 5849 3268 5904 Manio-luci,
3291 5851 3530 5896 Harrionis
3548 5858 3594 5897 et

2021 5897 2260 6007 Valentini
2285 5903 2510 5962 Opinione
2535 5907 2656 5953 circa
2697 5908 2857 5952 uumdi
2882 5910 3138 5966 primordza
3157 5897 3600 5970 videlipiphanium

2023 5971 2058 6004 fit
2098 5973 2238 6007 suum
2261 5977 2329 6007 ()5.

2023 5971 2077 6005 ait
2098 5971 2329 6020 singulos.
