4086 6486
491 520 551 572 $1

496 638 710 702 possent
739 640 835 696 per
866 623 965 675 hoc
995 620 1046 673 in
1084 612 1320 670 veritatis
1338 610 1478 662 viam
1501 597 1801 659 utanuduei.
1828 595 1882 648 ἓ.
1910 589 2065 646 Terra

494 685 659 778 autem
685 685 944 771 inuisibilia
971 719 1073 766 erat
1103 717 1145 762 et
1174 701 1520 771 incomposita.
1549 695 1716 764 Cujus
1735 688 1924 760 gratia,
1957 685 2064 747 dic,

493 823 696 881 quaeso,
727 805 915 861 cadum
951 801 1148 855 clarum
1182 802 1236 848 et
1278 788 1570 862 perfectum
1607 780 1834 843 creavit;
1874 786 2067 830 terram

496 869 670 958 autem
699 899 977 954 informem
1023 886 1231 944 eiiccit?
1262 884 1443 941 Neoue
1479 879 1580 933 hoc
1621 885 1820 930 temere
1852 869 2067 930 factum,

496 991 590 1048 sed
623 999 698 1054 nt,
727 1002 844 1041 cum
874 979 1120 1037 didiceris
1148 975 1427 1031 meliorem
1454 965 1740 1025 crcationis
1771 968 1975 1030 partem
2005 954 2073 1009 ah

497 1099 560 1139 eo
592 1051 867 1136 formatam
892 1081 944 1127 et
980 1067 1298 1129 absolutam,
1345 1061 1473 1116 nihil
1504 1065 1686 1128 postea
1708 1051 1949 1108 dubites:
1979 1061 2070 1101 ne-

495 1187 599 1244 que
651 1175 803 1240 putes
860 1163 912 1218 id
976 1177 1040 1216 ex
1104 1154 1382 1228 potestatis
1437 1144 1799 1204 imbecillitate
1855 1140 2071 1194 factum.

501 1230 579 1315 Ᾱά
628 1230 742 1313 haec
791 1265 846 1311 et
899 1253 1000 1307 alia
1040 1250 1243 1303 ratione
1288 1244 1567 1298 informem
1609 1245 1804 1291 terram
1851 1230 2072 1287 creavit.

500 1351 633 1420 Quia
669 1350 811 1404 enim
855 1345 969 1415 ipsa
1000 1349 1082 1396 cst
1122 1336 1321 1400 nutrix,
1365 1342 1420 1387 et
1469 1337 1638 1384 mater
1674 1333 1874 1390 nostra,
1911 1332 1967 1377 et
2011 1336 2078 1376 ex

503 1458 565 1498 ca
612 1439 734 1495 facti
782 1450 999 1498 sumus,
1046 1439 1205 1500 atque
1254 1427 1582 1485 educamur,
1629 1420 1848 1490 ipsaque
1901 1424 2080 1470 nostra

507 1533 672 1603 patria
700 1538 802 1595 est,
825 1537 879 1582 et
904 1537 1188 1582 commune
1216 1517 1551 1589 sepulcrum:
1587 1509 1786 1567 reditus
1811 1508 1953 1564 enim
1981 1522 2081 1562 no-

507 1597 618 1680 ster
644 1621 710 1677 ad
739 1635 856 1676 eam
886 1627 1070 1672 rursus
1091 1623 1210 1676 est;
1237 1618 1290 1666 et
1317 1607 1437 1678 quia
1471 1602 1643 1660 variis.
1661 1616 1755 1671 per
1783 1614 1900 1654 eam
1931 1597 2085 1652 bonis

512 1715 772 1769 fruimur:
805 1709 944 1770 ideo,
975 1713 1031 1758 ut
1070 1717 1136 1757 ne
1176 1699 1417 1754 homines
1445 1695 1515 1750 ob
1542 1705 1670 1748 usus
1710 1689 2083 1743 necessitatem

513 1805 631 1874 plus
655 1815 810 1872 quam
836 1799 1049 1866 dignum
1076 1800 1158 1848 est
1177 1804 1296 1845 eam
1319 1787 1575 1851 colerent,
1598 1782 1830 1838 ostendit
1856 1779 2085 1848 primum

515 1869 697 1952 rudem
735 1901 788 1950 et
832 1888 1131 1949 informem,
1187 1891 1245 1938 ut
1289 1895 1355 1937 ne
1399 1877 1654 1934 beneﬁcia
1697 1884 1851 1930 terra:
1889 1869 2090 1928 telluris

516 1996 715 2043 natura:
739 1983 988 2052 imputes,
1015 1975 1108 2032 sed
1139 1975 1189 2030 ei
1209 1973 1431 2038 tribuas,
1461 1969 1550 2040 qui
1578 1968 1720 2022 illam
1751 1980 1817 2020 ex
1840 1961 2009 2017 nihilo
2036 1969 2093 2015 ut

517 2087 661 2134 esset
686 2073 903 2130 creavit.
953 2070 1172 2139 Propter
1203 2065 1304 2120 hoc
1329 2062 1401 2117 ait
1437 2079 1450 2115 :
1483 2059 1641 2113 Terra
1684 2063 1848 2109 autem
1876 2061 1982 2106 erat
2011 2053 2092 2105 irt-

521 2167 724 2223 visibilis
770 2173 818 2219 et
877 2158 1221 2231 incomriosita.
1280 2153 1438 2208 Forte
1477 2150 1657 2206 statim
1710 2155 1764 2202 et
1825 2144 1894 2199 ab
1944 2140 2096 2198 initio

521 2266 755 2314 mentem
820 2261 1050 2308 vestram
1116 2242 1479 2303 subtilioribus
1529 2235 1808 2294 sententiis
1869 2231 2096 2289 nimium

521 2348 803 2410 torsimus;
838 2343 955 2398 ideo
981 2341 1065 2394 hic
1086 2349 1388 2393 sermonem
1421 2335 1613 2387 sistere
1639 2343 1734 2399 par
1773 2333 1877 2382 est.
1920 2324 2095 2394 Roga-

525 2455 642 2496 mus
667 2445 845 2493 autem
873 2433 1148 2489 caritatem
1169 2436 1424 2492 vestram,
1455 2431 1514 2478 ut
1539 2422 1802 2477 dictorum
1830 2415 1950 2472 sitis
1981 2430 2097 2470 me-

522 2543 725 2593 mores,
749 2536 803 2582 et
829 2537 1041 2592 semper
1069 2521 1181 2576 haec
1209 2515 1465 2573 memoria
1498 2510 1720 2568 teneatis
1751 2526 1764 2562 :
1796 2517 1956 2573 atque
1994 2519 2096 2558 una

524 2635 645 2676 cum
668 2615 920 2676 sensibili.
935 2625 1139 2677 mensa,
1171 2622 1292 2664 cum
1325 2606 1448 2660 hinc
1473 2601 1710 2657 ahieritis
1734 2640 1750 2666 ,
1777 2597 2028 2668 apponite
2047 2604 2100 2650 et

526 2709 854 2783 spiritualem
912 2717 1174 2759 mensam.
1229 2699 1376 2754 Dicat
1406 2695 1485 2750 vir
1532 2693 1706 2763 aliqua
1736 2703 1920 2745 eorum
1943 2727 1959 2756 ,
1985 2700 2103 2757 qua

529 2779 668 2861 nunc
696 2803 783 2858 hic
812 2807 936 2857 sunt
960 2797 1101 2852 dicta
1134 2813 1148 2849 :
1176 2790 1355 2848 audiat
1403 2787 1594 2843 mulier
1615 2827 1629 2850 ,
1658 2785 1865 2838 discant
1910 2779 2060 2850 pueri
2086 2818 2102 2845 ,

528 2896 737 2950 discant
763 2901 816 2947 et
839 2885 1117 2945 domestici
1151 2926 1167 2952 ,
1199 2883 1393 2952 ﬁatque
1427 2878 1616 2934 domus
1641 2873 1865 2931 ecclesia
1893 2911 1907 2936 ,
1940 2879 1998 2926 ut
2023 2867 2105 2924 ef-

532 2984 743 3054 fngetur
771 2979 1049 3044 diabolus,
1079 2976 1132 3028 in
1174 2973 1348 3043 fugam
1397 2975 1634 3024 vertatur
1675 2964 1845 3018 malus
1871 2961 1958 3015 ille
1998 2958 2108 3014 dat-

533 3090 656 3130 mon
680 3116 696 3138 ,
726 3082 779 3128 et
820 3069 1065 3125 inimicus
1106 3065 1292 3120 salutis
1318 3071 1515 3117 nostra
1544 3076 1556 3112 :
1591 3056 1889 3127 requiescat
1926 3062 2104 3107 autem

539 3167 614 3221 ibi
633 3163 863 3234 Spiritus
885 3158 1053 3215 sancti
1079 3154 1271 3227 gratia,
1302 3160 1358 3208 et
1393 3149 1568 3205 omnis
1606 3161 1709 3218 pax
1748 3155 1801 3200 et
1825 3142 2107 3199 concordia

459 3246 468 3252 ’
535 3232 736 3310 muniat
773 3249 1150 3306 inhabitantes.
1193 3242 1324 3298 Nam
1368 3240 1412 3294 si
1450 3252 1634 3294 eorum
1672 3250 1790 3303 θυῖε
1834 3234 1943 3304 jam
1971 3232 2112 3287 dicta

540 3355 683 3413 sunt,
708 3356 971 3398 memores
999 3336 1226 3403 fueritis,
1245 3342 1300 3389 et
1339 3330 1544 3400 majore
1555 3327 1956 3397 studioea,quae
1969 3337 2116 3399 ροει.

539 3443 642 3498 hac
681 3431 994 3494 seminaturi
1075 3441 1279 3493 sumus,
1325 3419 1703 3490 susceperitis,
1753 3431 1852 3471 nos
1904 3427 2114 3484 quoque

541 3527 728 3596 majori
749 3524 926 3580 studio
950 3528 1108 3591 atque
1133 3517 1373 3573 ubertate
1401 3514 1639 3567 dicemus
1667 3523 1785 3581 qua:
1802 3506 1957 3562 nobis
1982 3519 2110 3574 sup-

547 3618 800 3691 peditabit
823 3615 987 3687 gratia
1033 3611 1126 3666 Dei
1150 3650 1165 3677 ,
1191 3610 1234 3664 si
1269 3606 1569 3678 germinare
1594 3601 1882 3657 viderimus
1911 3613 1972 3652 ea
1997 3612 2117 3668 quat

546 3689 686 3767 nunc
715 3725 744 3763 a
794 3707 944 3762 nobis
989 3705 1130 3760 dicta
1176 3708 1318 3757 sunt.
1343 3693 1778 3766 Quandoquidem
1808 3699 1861 3746 et
1885 3689 2116 3761 agricola

547 3819 666 3859 cum
689 3799 878 3855 viderit
899 3797 1100 3852 semina
1121 3792 1285 3856 nasci,
1309 3789 1509 3858 majore
1534 3785 1805 3840 alacritate
1835 3796 1958 3836 arva
1986 3796 2116 3835 con-

547 3895 741 3950 siderat
771 3899 824 3945 et
852 3887 1066 3951 excolit,
1097 3894 1252 3955 atque
1277 3881 1379 3936 alia
1408 3893 1588 3933 serere
1622 3876 1799 3947 gestit.

621 3986 672 4041 ὕ.
716 3982 784 4039 Ut
808 3982 964 4049 igitur
985 3977 1272 4033 alacriores
1307 3985 1403 4026 nos
1427 3969 1659 4024 reddatis
1679 4009 1692 4033 ,
1717 3967 1825 4036 jam
1857 3966 2118 4022 dictorum

549 4085 750 4133 certam
802 4071 1095 4128 custodiam
1124 4067 1502 4128 demonstrate,
1535 4069 1586 4116 et
1635 4074 1756 4114 eum
1801 4067 1961 4113 rectae
2003 4055 2124 4110 fidei

552 4165 884 4238 dogmatibus
915 4165 1074 4216 vitam
1100 4173 1309 4228 quoque
1341 4164 1570 4209 vestram
1601 4151 1879 4222 diligenter
1920 4160 2124 4204 curate.

556 4262 742 4312 Luceat
770 4255 932 4312 enim.
978 4249 1160 4322 inquit,
1193 4249 1282 4302 lux
1319 4255 1482 4300 vestra
1512 4259 1683 4298 eorum
1730 4242 2032 4307 hominibus,
2074 4250 2128 4293 ut

555 4351 752 4404 videant
775 4360 925 4414 opera
947 4351 1105 4396 vestra
1122 4340 1270 4402 bona,
1295 4347 1341 4391 et
1359 4336 1638 4407 gloriﬁcent
1656 4332 1860 4386 Patrem
1888 4338 2125 4396 uestrum,

553 4440 640 4511 qui
678 4439 731 4492 in
763 4437 898 4491 aclis
925 4442 1002 4490 ast
1036 4431 1249 4502 (Matth.
1279 4430 1333 4484 5.
1367 4427 1456 4499 10)
1492 4445 1503 4480 :
1538 4436 1594 4481 ut
1633 4435 1688 4480 et
1727 4425 1831 4479 vita
1872 4432 2128 4480 consonet

558 4531 678 4584 fidei
705 4523 1053 4598 dogmatibus,
1083 4531 1137 4576 et
1160 4521 1405 4592 dogmata
1433 4515 1722 4588 praedicent
1750 4516 1932 4570 vitam.
1974 4512 2130 4568 Fides

558 4620 699 4674 enim
728 4619 834 4672 sine
868 4613 1102 4683 operibus
1139 4621 1336 4667 mortua
1364 4620 1436 4665 est
1467 4607 1607 4680 (Jac.
1626 4607 1682 4661 ἓ.
1713 4606 1839 4676 26),
1871 4615 1925 4662 et
1968 4621 2126 4676 opera

558 4713 672 4765 sine
720 4708 822 4764 fide
863 4714 1067 4761 mortua
1113 4712 1253 4758 sunt.
1284 4702 1415 4757 Nam
1460 4702 1584 4756 licet
1630 4714 1811 4754 sanam
1855 4707 2132 4754 teneamus

561 4798 885 4862 doctrinam,
924 4797 968 4848 si
997 4794 1156 4848 vitam
1199 4791 1549 4862 negligantus,
1600 4788 1732 4844 nihil
1760 4787 1912 4843 nobis
1939 4787 2132 4857 prode-

557 4889 627 4943 rit
651 4887 888 4942 doctrina
920 4901 932 4935 :
966 4898 1168 4948 rursus,
1191 4885 1236 4938 si
1262 4882 1384 4936 vita:
1411 4895 1592 4935 curam
1619 4879 1922 4950 diligentem
1951 4892 2135 4949 gesse-

558 4980 745 5041 rimus,
780 4975 832 5029 in
855 4974 973 5028 iidei
1004 4979 1178 5028 autem
1211 4972 1415 5042 placitis
1441 4969 1932 5036 claudicaverimus,
1962 4983 2134 5037 neque

559 5069 636 5121 sic
667 5064 819 5120 nobis
853 5063 1049 5133 aliquid
1076 5063 1208 5117 lucri
1259 5061 1432 5116 fuerit.
1463 5059 1586 5115 ideo
1611 5059 1857 5114 convenit
1888 5059 2134 5127 utrinque

562 5154 841 5208 aedilicium
870 5152 971 5208 hoc
1001 5161 1237 5206 nostrum
1270 5150 1541 5220 spirituale
1569 5149 1886 5204 communiri
1916 5165 1926 5199 :
1954 5145 2134 5201 Omnis

562 5245 725 5310 enim,
749 5245 933 5312 inquit,
963 5245 1046 5313 qui
1065 5242 1208 5296 audit
1237 5244 1326 5296 hos
1349 5257 1597 5295 sermones
1624 5257 1778 5304 meos,
1809 5250 1852 5294 et
1879 5241 2000 5308 facit
2026 5254 2131 5303 eos,

562 5334 914 5387 assimiiubitur
954 5335 1059 5387 viro
1089 5333 1320 5401 prudenti
1341 5317 1553 5399 (Matth.
1588 5333 1639 5383 7.
1669 5332 1786 5397 9-4).
1815 5330 1946 5386 Vide
2000 5346 2132 5400 quo-

562 5426 721 5478 modo
766 5440 868 5478 non
899 5427 1068 5479 solum
1118 5425 1298 5478 audire
1331 5439 1428 5478 nos
1455 5423 1600 5486 velit,
1644 5423 1734 5476 sed
1769 5425 1926 5477 etiam
1963 5423 2135 5476 facere

564 5527 617 5571 et
643 5518 885 5586 operibus
930 5517 1279 5571 obedientiam
1308 5516 1558 5570 exhibere
1589 5535 1601 5568 :
1640 5515 1779 5569 hunc
1825 5514 2136 5584 prudentem

565 5611 792 5675 vacavit,
821 5610 907 5679 qui
939 5609 1188 5678 operibus
1214 5621 1487 5661 sermones
1514 5605 1956 5675 subsequentibus
2000 5621 2123 5659 con-

566 5699 779 5769 spicuus
808 5703 872 5753 sit
908 5719 917 5752 :
954 5700 1040 5769 qui
1069 5713 1194 5753 vero
1227 5707 1426 5752 tantum
1468 5696 1531 5752 ad
1563 5710 1837 5752 sermones
1870 5697 2136 5765 pervenit,

567 5803 614 5841 et
651 5806 755 5844 non
779 5791 843 5844 ad
870 5804 1053 5858 Opera,
1076 5802 1194 5843 cum
1226 5789 1439 5842 stultum
1470 5788 1676 5842 vocavit
1703 5805 1715 5839 :
1751 5787 1940 5840 merito
1965 5795 2136 5842 certe:

570 5883 690 5953 quia
723 5882 808 5938 ille
836 5883 1049 5936 domum
1074 5896 1220 5935 suam
1249 5895 1404 5950 super
1434 5895 1648 5935 arenam
1670 5878 1976 5946 :cdiftcavit;
2019 5893 2141 5948 pro-

1267 493 1323 550 S.
1368 483 1643 547 JOANNIS
1679 463 2149 535 (lllRYSOSTOMl
2190 455 2503 518 ARCHIEP.
2541 445 3077 512 CONSTANTINOP.
3686 433 3757 488 δε

2179 590 2356 650 pterca
2379 591 2552 647 neque
2583 583 2859 629 ventorum
2905 572 3011 623 vim
3055 567 3191 622 ferre
3219 560 3410 635 potuit,
3451 557 3546 615 sed
3574 560 3753 613 statim

2174 673 2380 728 corruit
2403 669 2617 740 (Matth.
2646 669 2700 722 7.
2722 665 2840 734 26).
2869 661 3025 718 Tales
3048 661 3190 716 enim
3219 666 3341 712 sunt
3381 655 3593 709 desides
3638 651 3757 706 ani-

2177 779 2299 828 mas,
2323 777 2428 817 non
2459 760 2701 816 solidam
2730 769 2892 825 super
2921 754 3128 808 ﬁrmam
3158 760 3364 821 petram
3388 744 3755 816 spiritualem:

2179 869 2282 909 non
2309 852 2449 908 enim
2469 851 2537 906 de
2562 847 2787 903 :editicio
2813 844 2952 900 etde
2978 843 3138 899 domo
3165 854 3306 895 nunc
3329 847 3412 893 est
3436 850 3636 900 sermo,
3663 833 3759 889 sed

2179 943 2246 999 de
2275 941 2472 1008 anima,
2492 955 2610 1010 quae
2637 953 2667 992 a
2693 935 2985 992 tentatimie
3004 944 3189 1003 quavrs
3203 930 3453 1000 quatitur.
3477 925 3608 980 Nam
3635 939 3763 977 ven-

2182 1035 2239 1098 ti,
2266 1034 2475 1104 pluviae,
2527 1018 2886 1085 et'iluviorum
2919 1022 3220 1079 nominibus
3261 1019 3580 1075 tentationas
3609 1015 3763 1069 nobis

2181 1123 2552 1182 subindicavit.
2589 1123 2658 1176 At
2686 1120 2828 1175 enim
2865 1117 2954 1188 qni
2985 1123 3262 1177 constans,
3294 1111 3526 1181 vigil,et
3553 1106 3765 1162 sobrius

2182 1228 2287 1286 est,
2318 1218 2416 1272 hac
2444 1215 2650 1270 ratione
2677 1213 2882 1268 firmior
2905 1209 3106 1273 evadit;
3125 1215 3179 1262 et
3206 1213 3405 1275 quanto
3420 1200 3651 1272 majores
3677 1198 3762 1252 in-

2185 1318 2454 1367 tentantur
2482 1306 2816 1369 aiﬂictiones,
2847 1312 2994 1358 tanto
3021 1301 3139 1371 ejus
3169 1297 3391 1353 virilitas
3415 1303 3471 1350 et
3512 1289 3768 1348 fortitudo

2185 1401 2354 1474 magis
2381 1408 2640 1472 augentur
2680 1416 2693 1450 :
2740 1396 2896 1452 deses
2932 1403 3108 1447 autem
3139 1398 3193 1446 et
3221 1390 3463 1458 supinus,
3495 1383 3540 1440 si
3568 1385 3650 1439 vel
3682 1393 3759 1438 te-

2187 1473 2305 1550 nuis
2345 1491 2588 1563 quaedam
2619 1488 2969 1544 tentationum
2993 1497 3119 1538 aura
3151 1479 3365 1546 aﬂlaris,
3401 1477 3580 1532 statim
3603 1473 3769 1528 vacil-

2190 1587 2278 1651 lat,
2309 1593 2365 1640 et
2395 1584 2573 1638 animo
2597 1578 2849 1642 concidit,
2883 1592 2988 1631 non
3024 1573 3094 1629 ob
3121 1581 3364 1627 naturam
3396 1568 3766 1628 tentationum,

2189 1675 2282 1730 scd
2327 1675 2398 1730 ob
2423 1672 2706 1729 voluntatis
2734 1669 3116 1725 inﬁrmitatem.
3139 1661 3400 1730 Quocirca
3425 1665 3638 1728 oportet
3677 1670 3771 1710 so-

2191 1768 2336 1824 brios
2362 1780 2505 1832 esse,
2531 1773 2586 1820 et
2614 1763 2797 1842 vigiles
2816 1802 2831 1826 ,
2861 1770 2916 1814 et
2940 1757 3006 1812 ad
3038 1756 3215 1812 omnia
3246 1763 3570 1824 praeparatos
3600 1766 3612 1801 :
3642 1757 3775 1804 utet

2193 1859 2247 1914 in
2286 1855 2638 1927 prosperitate
2665 1839 2888 1908 modesti
2920 1861 2982 1902 ac
3009 1861 3115 1902 non
3145 1843 3321 1909 eﬂ'usi,
3349 1851 3403 1896 et
3442 1841 3496 1895 in
3525 1839 3774 1894 afflictio-

2196 1949 2354 2004 nibus
2368 1960 2487 2018 qua
2509 1943 2662 1999 nobis
2687 1939 3016 2010 intligantur,
3048 1934 3214 1992 sobrii
3239 1942 3294 1989 et
3319 1930 3630 2003 prudentes,
3650 1944 3774 1999 per-

2196 2047 2384 2114 petuas
2407 2035 2605 2108 gratias
2633 2032 2924 2088 referamus
2945 2026 3173 2097 benigno
3199 2023 3329 2079 Deo.
3359 2022 3416 2077 Si
3444 2022 3521 2076 sic
3555 2035 3643 2075 res
3676 2033 3779 2073 no-

2196 2142 2332 2187 stras
2349 2126 2755 2190 instituerlmus,
2775 2120 2996 2177 multum
3013 2117 3196 2187 gratia:
3207 2113 3398 2171 divina:
3412 2125 3777 2182 assequemur:

2199 2219 2596 2290 poterimusque
2616 2221 2934 2283 prasentem
2980 2207 3143 2262 vitam
3175 2218 3363 2261 secure
3395 2200 3780 2263 transmittere,

2201 2318 2255 2364 et
2280 2310 2332 2363 in
2361 2307 2536 2362 futura
2559 2306 2667 2358 vita
2693 2315 2898 2371 magna:
2917 2298 3122 2353 fiduciae
3143 2310 3272 2365 opes
3300 2306 3558 2363 reponere
3585 2306 3600 2342 :
3624 2305 3784 2360 quam

2202 2401 2356 2457 nobis
2383 2397 2631 2452 omnibus
2650 2392 2860 2464 assequi
2879 2391 3173 2460 contingat,
3194 2387 3362 2457 gratia
3385 2395 3438 2438 et
3459 2382 3787 2452 benignitate

2207 2490 2415 2546 Domini
2445 2486 2613 2544 nostri
2640 2485 2766 2541 Iesu
2791 2480 3008 2548 Christi,
3053 2495 3175 2536 cum
3223 2491 3329 2548 quo
3359 2470 3507 2528 Patri
3547 2472 3704 2528 simul
3733 2481 3790 2525 et

2204 2591 2388 2638 sancto
2404 2578 2620 2650 Spiritui
2647 2577 2834 2646 gloria,
2861 2571 3166 2643 imperium,
3191 2569 3384 2634 honor,
3409 2579 3550 2620 nunc
3575 2572 3630 2619 et
3649 2577 3789 2618 scuto

2207 2690 2323 2746 per,
2354 2682 2408 2729 et
2435 2673 2488 2727 in
2509 2669 2706 2726 secula
2732 2666 3072 2723 sreculorum.
3103 2664 3292 2718 Amen.

2789 2795 3070 2854 ιιοωιιΑ
3121 2792 3205 2850 In.

2214 2919 2291 2974 De
2306 2918 2372 2973 iis
2400 2931 2513 2988 qua
2532 2920 2802 2985 supeth
2825 2910 3038 2964 dicenda
3057 2909 3110 2962 in
3138 2905 3290 2971 illud,
3325 2903 3382 2958 In
3424 2900 3686 2974 principio
3714 2898 3792 2955 fe-

2281 3011 2354 3067 cit
2374 3010 2514 3064 Deus
2541 3005 2731 3061 caelum
2761 3012 2815 3059 et
2844 3011 3042 3058 terram
3077 2997 3228 3060 (Gen.
3259 2997 3310 3052 i.
3346 2997 3425 3066 i),
3453 2993 3696 3062 usquead
3722 2990 3793 3044 it-

2283 3101 2394 3167 lud,
2421 3100 2488 3154 Et
2514 3097 2710 3152 factum
2759 3103 2843 3149 est
2885 3105 3129 3162 vespere,
3179 3097 3232 3144 ct
3275 3087 3468 3142 factum
3499 3094 3582 3140 est
3607 3097 3796 3147 mane,

2282 3191 2398 3247 dies
2420 3205 2555 3244 unus
2576 3186 2724 3259 (Gen.
2756 3185 2806 3240 1.
2837 3183 2916 3255 5).

2288 3306 2339 3360 Ι.
2380 3303 2654 3358 Thesauro
2680 3299 2907 3368 cuipiam
2947 3305 3289 3364 comparatur
3315 3291 3616 3347 divinarum
3654 3288 3798 3345 Serio

2217 3403 2489 3466 pturarum
2539 3391 2716 3447 lectio.
2743 3389 2875 3444 Nam
2916 3389 3053 3443 sicut
3080 3401 3146 3441 ex
3178 3385 3268 3440 illo
3295 3383 3533 3453 quisquis
3562 3382 3643 3436 vel
3688 3380 3800 3434 fru-

2216 3485 2413 3542 stulum
2445 3497 2664 3553 carpere
2711 3480 2880 3546 valet,
2930 3478 3124 3532 multas
3149 3475 3250 3530 sibi
3280 3482 3428 3544 parat
3456 3471 3665 3526 divitias
3691 3488 3704 3538 :
3730 3471 3801 3523 ita

2219 3585 2274 3631 et
2293 3577 2348 3630 in
2373 3588 2521 3630 sacra
2544 3573 2836 3643 Scriptura,
2869 3569 3027 3625 etiam
3055 3569 3105 3621 in
3136 3566 3282 3621 brevi
3312 3565 3578 3628 dictione,
3609 3563 3798 3633 ingen-

2225 3676 2331 3721 tem
2360 3663 2743 3720 sententiarum
2786 3661 2892 3715 vim
2923 3671 2975 3714 et
3002 3659 3288 3713 immensas
3315 3644 3524 3710 divitias
3565 3652 3805 3707 invenire

2221 3759 2363 3814 licet.
2394 3757 2461 3812 Et
2505 3771 2612 3810 non
2639 3755 2807 3808 solum
2837 3751 3085 3807 thesauro
3115 3748 3305 3804 similia
3342 3756 3465 3802 sunt
3489 3745 3666 3799 divina
3690 3745 3804 3799 elo-

2222 3851 2364 3920 quia,
2380 3845 2475 3902 sed
2498 3845 2630 3901 fonti
2649 3859 2859 3916 quoque
2877 3841 3039 3912 largis
3056 3839 3481 3910 perennibusqne
3495 3834 3805 3892 scaturiqu

2226 3940 2473 3996 fluentis:
2511 3938 2561 3993 id
2600 3937 2741 4009 quod
2769 3952 2834 3991 ex
2866 3934 3024 3989 rebus
3053 3933 3180 4003 ipsis
3231 3931 3344 3984 heri
3381 3943 3568 3984 omnes
3613 3926 3803 3981 didici-

2229 4047 2365 4086 mus.
2393 4030 2524 4085 Nam
2554 4041 2611 4085 ut
2650 4028 2906 4099 prooemia
2931 4025 3050 4080 libri
3077 4024 3348 4080 Geneseos
3375 4021 3690 4089 iucepimus,
3747 4018 3803 4071 in

2230 4121 2559 4193 capianando
2589 4121 2691 4175 hoc
2731 4119 2894 4183 dicto,
2945 4116 3009 4170 1η
3041 4113 3288 4186 principio
3318 4112 3432 4182 fecit
3464 4110 3602 4164 Deus
3629 4107 3812 4162 cretum

2231 4225 2278 4269 et
2303 4223 2506 4275 terram,
2531 4221 2697 4264 totum
2723 4207 2992 4263 tradenda:
3031 4205 3286 4260 doctrina:
3329 4200 3648 4256 destinatum
3671 4207 3813 4252 tem-

2233 4321 2332 4377 pus
2353 4303 2750 4374 insumpsimus,
2793 4310 2848 4357 et
2870 4314 3041 4369 neque
3068 4298 3146 4352 sic
3171 4305 3336 4388 to}um
3363 4291 3615 4363 expedire
3645 4289 3815 4344 valui-

2232 4414 2371 4454 mus.
2410 4395 2596 4467 Magna
2621 4395 2764 4450 enim
2807 4401 2887 4447 est
2917 4391 3073 4459 hujus
3114 4383 3345 4442 theSauri
3375 4383 3716 4448 abundantia,
3758 4391 3815 4435 et

2233 4490 2374 4559 larga
2401 4487 2560 4542 fontis
2578 4484 2734 4555 hujus
2759 4479 3046 4553 Spiritualis
3077 4479 3291 4532 ﬂuenta.
3326 4474 3433 4530 Nec
3467 4472 3696 4539 mireris,
3721 4485 3814 4526 ca-

2234 4581 2461 4646 rissime,
2511 4577 2555 4631 si
2596 4574 2749 4630 nobis
2777 4573 2879 4628 hoc
2910 4568 3164 4626 accidat:
3199 4567 3360 4622 etiam
3407 4565 3500 4633 qui
3549 4572 3673 4618 ante
3715 4577 3815 4617 nos

2237 4675 2380 4729 fuere
2407 4685 2503 4742 pro
2532 4669 2730 4725 viribus
2752 4667 2861 4722 suis
2889 4679 3055 4734 aquas
3083 4660 3206 4717 inde
3228 4659 3540 4723 hauserunt,
3573 4664 3626 4711 et
3664 4654 3814 4709 simi-

2235 4761 2355 4818 liter
2381 4762 2468 4832 qui
2519 4767 2637 4830 post
2665 4772 2760 4812 nos
2789 4753 2955 4808 futuri
2978 4761 3102 4808 sunt
3153 4750 3292 4804 idem
3333 4746 3689 4811 attentahunt,
3718 4759 3813 4796 ne—

2235 4869 2339 4925 que
2367 4852 2445 4908 sic
2473 4859 2636 4905 totum
2677 4859 2936 4902 evacuare
2958 4851 3238 4913 poterunt;
3275 4838 3366 4893 sed
3398 4837 3566 4906 magis
3605 4832 3814 4889 interim

2239 4923 2524 5015 augescunt
2544 4940 2762 5003 fluenta,
2794 4945 2848 4992 et
2876 4941 3123 4989 crescunt
3161 4929 3317 4984 alvei.
3347 4929 3470 4982 llaec
3496 4925 3635 4979 enim
3665 4923 3820 4992 spiri-

2241 5039 2459 5094 tualium
2488 5033 2766 5090 ﬂuminum
2790 5037 2974 5084 natura
3005 5033 3106 5088 est,
3135 5032 3192 5076 ut
3220 5034 3285 5076 eo
3313 5019 3478 5088 magis
3504 5015 3816 5076 scaturiaut,

2242 5142 2297 5188 et
2341 5136 2608 5185 accrescat
2647 5121 2934 5194 spiritualis
2964 5117 3149 5187 gratia,
3209 5128 3316 5184 quo
3344 5112 3463 5180 quis
3497 5107 3659 5177 magis
3697 5102 3820 5158 inde

2245 5223 2458 5279 haurire
2483 5218 2680 5276 studet.
2712 5216 2934 5282 Propter
2962 5210 3063 5263 hoc
3100 5216 3154 5262 et
3197 5204 3438 5258 Christus
3465 5198 3675 5254 dicebat
3711 5214 3723 5250 :
3759 5195 3820 5250 Si

2244 5319 2352 5389 quis
2382 5317 2503 5379 sitit,
2533 5311 2692 5365 ueniat
2723 5308 2789 5360 ad
2820 5321 2915 5366 me,
2943 5314 2986 5356 ct
3009 5302 3156 5352 bibat.
3191 5295 3288 5360 Qui
3310 5291 3464 5346 credit
3486 5291 3538 5344 in
3567 5305 3669 5356 me,
3694 5289 3820 5340 sicut

2249 5377 2372 5466 dixit
2402 5377 2686 5475 Scriptura,
2711 5399 2920 5470 ﬂumina
2951 5396 3011 5448 de
3048 5401 3212 5444 ventre
3237 5389 3347 5456 ejus
3389 5383 3546 5452 ﬂuent
3570 5393 3716 5449 aqua:
3748 5377 3821 5429 ui-

2247 5505 2402 5560 uentis
2433 5473 2608 5574 (Joan.
2644 5495 2694 5554 7.
2713 5495 2799 5558 37,
2821 5489 2929 5556 58):
2948 5485 3144 5556 quibus
3165 5479 3341 5535 verbis
3379 5476 3566 5528 horum
3595 5473 3816 5525 fluento.

2249 5613 2369 5652 rum
2399 5559 2772 5646 abundantiam
2820 5580 2973 5634 nobis
3003 5575 3216 5627 indicat.
3249 5567 3509 5638 Quoniam
3536 5564 3691 5632 igitur
3716 5559 3818 5628 spi-

2253 5687 2520 5745 ritualium
2552 5681 2868 5734 ﬂuentorum
2906 5679 3089 5724 natura
3123 5665 3242 5718 talis
3269 5672 3378 5722 est,
3413 5674 3508 5728 age
3538 5656 3826 5711 afferamus

2251 5795 2438 5837 omnes
2485 5773 2678 5828 mentis
2721 5777 2916 5822 nostra:
2937 5777 3083 5825 vasa,
3113 5769 3168 5811 ut
3209 5754 3440 5825 impletis
3468 5751 3572 5805 illis
3612 5749 3826 5801 domum

2255 5878 2552 5929 redeamus.
2607 5861 2736 5918 Nam
2764 5855 2975 5930 quando
3011 5853 3148 5909 videt
3175 5850 3339 5919 gratia
3367 5843 3594 5913 Spiritus
3623 5839 3831 5893 fervens
