4086 6488
246 393 318 450 π
1377 386 1439 442 ΙΝ
1479 386 1631 444 CAP.
1675 386 1716 442 I.
1757 384 2008 441 GESES.
2045 381 2274 440 HOMIL.
2319 381 2402 436 lll.
3470 387 3543 441 Tit

243 501 599 566 desiderium,
617 499 896 569 etvigilcm
927 505 1185 566 mentem,
1215 506 1337 552 tunc
1366 506 1419 552 et
1442 497 1662 566 gratiam
1686 511 1836 551 suam

242 595 556 663 epulentam
597 591 874 647 liberalius
901 591 1138 661 largitur.
1173 589 1510 644 Abdueamus
1541 589 1699 660 igitur
1741 605 1840 643 nos

240 685 308 738 ab
353 684 609 738 omnibus
641 681 796 751 hujus
821 682 938 734 vitae
982 681 1146 745 curis,
1176 688 1230 734 et
1260 681 1478 736 resectis
1515 680 1580 733 iis
1607 693 1724 748 quae
1749 693 1839 735 co~

238 775 535 845 gitatioues
578 782 788 828 nostras
816 771 957 826 velut
983 771 1150 842 spinie
1172 771 1434 827 sulfocant
1453 812 1468 838 ,
1493 770 1561 826 ad
1591 771 1840 840 spiritua-

244 868 375 920 lium
429 864 756 920 desiderium
801 872 1035 918 mentem
1073 872 1310 917 nostram
1342 871 1509 917 totam
1546 862 1839 918 transfera-

241 971 386 1022 mus,
445 965 505 1010 ut
551 969 743 1024 magno
765 953 887 1007 inde
929 952 1400 1022 reportatoluero,
1427 961 1482 1008 et
1508 952 1707 1023 ingenti
1737 951 1839 1006 uti-

241 1051 391 1103 litate
415 1055 686 1116 percepta,
743 1046 814 1099 ita
851 1043 976 1098 hinc
1003 1043 1336 1099 recedamus.
1367 1042 1632 1098 Ceterum
1659 1052 1715 1098 ut
1741 1057 1834 1098 vo-

242 1139 323 1191 bis
355 1135 695 1191 manifestior
735 1135 806 1191 sit
829 1149 1029 1202 sermo,
1057 1149 1222 1203 pauca
1248 1133 1493 1204 qutedam
1518 1149 1584 1189 ex
1629 1133 1837 1188 hester-

240 1230 323 1283 nis
366 1229 530 1284 dictis
557 1229 608 1281 in
639 1225 950 1282 memoriam
984 1225 1194 1280 caritati
1221 1233 1413 1280 vestra:
1433 1226 1748 1288 referemus,
1781 1231 1838 1279 ut

238 1322 318 1376 sic
345 1320 415 1376 iis
443 1335 565 1390 quae
590 1319 704 1373 heri
741 1317 882 1373 dicta
908 1324 1057 1382 sunt,
1107 1319 1221 1372 haec
1249 1331 1390 1370 nunc
1415 1315 1641 1370 dicenda
1682 1314 1836 1386 quasi

239 1413 294 1465 in
323 1426 495 1465 unum
535 1424 728 1478 corpus
749 1408 1156 1479 conjungamus.
1175 1407 1519 1462 Ostendimus
1537 1407 1678 1461 enim
1697 1407 1830 1473 heri,

239 1516 294 1558 ut
319 1503 666 1565 meministis,
695 1500 964 1572 quomodo
991 1501 1176 1554 beatus
1195 1498 1366 1554 Moses
1393 1513 1650 1553 euarrans
1681 1498 1834 1553 nobis

240 1599 439 1652 horum
489 1593 773 1646 visibilium
829 1591 1212 1646 elementorum
1241 1589 1565 1644 creationem
1601 1597 1657 1643 et
1683 1587 1836 1659 Opill-

236 1691 404 1754 cium,
429 1685 624 1741 dixerit
652 1701 666 1738 :
694 1682 760 1736 In
777 1681 1026 1754 principio
1046 1683 1161 1753 fecit
1188 1680 1326 1734 Deus
1345 1680 1524 1735 cwlum
1545 1691 1588 1734 et
1611 1690 1834 1735 terram:

237 1791 374 1836 terra
401 1788 574 1833 autem
611 1786 716 1830 erat
738 1775 1000 1830 invisibilis
1028 1784 1073 1828 et
1103 1775 1473 1844 incomposita:
1506 1785 1560 1831 et
1585 1789 1676 1830 vos
1706 1789 1833 1830 cau-

237 1886 352 1928 sam
394 1868 699 1934 docuimus,
723 1882 888 1937 quare
916 1865 1058 1922 Deus
1085 1873 1278 1921 terram
1304 1863 1608 1931 informem,
1642 1873 1696 1920 et
1715 1865 1836 1919 nul-

236 1963 301 2018 lis
348 1961 536 2032 ﬁguris
557 1959 845 2029 expolitam
883 1957 1181 2021 creaverit;
1226 1972 1366 2027 qum,
1415 1958 1628 2027 opinor,
1652 1957 1830 2012 omnia

235 2061 419 2108 mente
451 2051 646 2106 tenetis
679 2068 692 2103 :
720 2049 1082 2105 necessarium
1114 2056 1198 2102 est
1227 2047 1387 2118 igitur
1409 2061 1506 2102 nos
1531 2047 1596 2101 ad
1628 2061 1689 2102 ea
1711 2062 1830 2117 quae

233 2138 536 2214 setiuuntur
561 2141 719 2197 hodie
739 2139 1008 2212 progredi.
1035 2138 1168 2194 Nam
1198 2146 1476 2209 postquam
1498 2137 1651 2204 dixit,
1672 2135 1832 2192 Terra

233 2247 406 2289 autem
446 2244 554 2288 erat
579 2233 840 2288 invisibilis
864 2248 924 2286 ac
951 2231 1300 2302 incomposita,
1332 2245 1430 2285 nos
1458 2240 1707 2284 accurate
1732 2227 1829 2284 do-

231 2338 339 2392 cet,
388 2327 533 2382 unde
560 2325 843 2380 invisibilis
880 2330 1108 2379 essetet
1136 2321 1356 2387 inculta,
1385 2321 1569 2377 dicens
1598 2337 1613 2372 :
1648 2319 1713 2375 Et
1756 2330 1830 2375 te-

234 2419 406 2474 uebra
447 2426 588 2472 erant
621 2433 774 2488 super
800 2416 1062 2487 abyssum,
1088 2424 1136 2468 et
1165 2413 1393 2485 Spiritus
1420 2413 1514 2467 Dei
1543 2418 1826 2485 superfere-

234 2512 386 2564 batur
410 2524 561 2578 super
584 2524 790 2578 quam.
827 2506 957 2562 Vide
975 2505 1082 2572 hic,
1127 2519 1284 2576 quam
1304 2505 1435 2560 nihil
1455 2505 1708 2576 superﬂui
1735 2504 1833 2560 ad-

234 2601 464 2655 misceat
503 2598 688 2653 beatus
746 2596 1029 2668 propheta,
1082 2606 1137 2650 et
1181 2594 1449 2666 quomodo
1493 2611 1598 2650 non
1650 2595 1826 2650 omnia

235 2687 593 2757 particulatim
625 2693 824 2750 narret,
853 2701 973 2755 qua
1001 2694 1179 2740 creata
1201 2693 1343 2750 sunt,
1367 2683 1462 2739 sed
1482 2699 1604 2739 cum
1624 2684 1825 2739 docue-

232 2781 302 2834 rit
328 2795 432 2835 nos
455 2779 523 2834 de
549 2779 683 2834 caelo
708 2788 756 2832 et
785 2789 946 2846 terra,
976 2792 1094 2848 qua:
1121 2778 1346 2848 plurima
1378 2777 1430 2830 in
1462 2792 1520 2832 se
1550 2777 1828 2832 continent

222 2869 532 2933 elementa,
565 2868 938 2937 prmtermittat
977 2867 1101 2922 alia.
1131 2866 1262 2920 Nam
1290 2881 1412 2920 cum
1454 2865 1522 2920 de
1567 2879 1823 2933 aquarum

229 2959 449 3028 opificio
475 2957 732 3013 nihildum
755 2957 998 3022 dixisset,
1019 2957 1095 3012 ait
1123 2975 1135 3011 :
1165 2957 1232 3010 Et
1263 2958 1480 3012 tenebrte
1502 2967 1644 3010 erant
1674 2972 1827 3026 super

233 3053 494 3120 abyssum,
525 3061 570 3104 et
592 3049 830 3118 'Spiritus
865 3048 962 3104 Dei
1007 3049 1412 3120 superferebatur
1437 3065 1589 3119 super
1617 3065 1818 3114 aquam.

235 3142 359 3195 llaec
385 3141 529 3195 enim
559 3140 807 3210 tegebant
833 3140 1020 3195 faciem
1051 3149 1210 3195 terrm
1231 3157 1245 3205 ;
1269 3140 1336 3195 de
1367 3139 1603 3194 tenebris
1634 3139 1825 3210 loquor

231 3243 283 3285 ct
310 3231 508 3302 abysso
536 3244 818 3301 aquarum.
842 3229 976 3284 ﬂinc
1001 3230 1303 3297 didicimus,
1327 3246 1486 3286 omne
1509 3230 1650 3301 quod
1676 3231 1828 3286 vide-

235 3321 390 3375 batur
422 3320 585 3375 fuisse
611 3319 866 3391 abyssum
901 3335 1157 3389 aquarum
1208 3320 1444 3375 tenebris
1479 3321 1735 3386 velatam,
1770 3331 1826 3376 et

232 3425 368 3479 opus
409 3410 656 3466 habuisse
676 3409 918 3479 sapiente
943 3409 1164 3479 Opiﬁce,
1195 3409 1287 3480 qui
1322 3425 1536 3465 omnem
1563 3409 1701 3466 hanc
1736 3409 1822 3465 in-

232 3501 560 3556 iormitatem
586 3500 855 3556 discutere
878 3542 894 3568 ,
922 3508 978 3554 et
1005 3510 1250 3555 ornatum
1283 3500 1512 3570 aliquem
1559 3501 1614 3554 in
1643 3500 1821 3554 omnia

235 3600 416 3657 posset
437 3590 705 3645 inducere.
727 3589 794 3644 Et
823 3591 1054 3652 tenebris,
1086 3589 1280 3660 inquit,
1309 3606 1460 3658 super
1485 3590 1741 3659 abyssum,
1773 3599 1821 3642 et

234 3682 458 3748 Spiritus
512 3679 610 3734 Dei
653 3681 1054 3750 superferebatur
1087 3696 1240 3750 super
1282 3697 1486 3749 aquam.
1537 3678 1674 3746 Quid
1719 3678 1818 3734 sibi

232 3770 343 3824 vult
381 3769 523 3839 quod
552 3769 720 3824 dicit:
755 3768 822 3822 Et
860 3769 1084 3839 Spiritus
1122 3768 1218 3823 Dei
1238 3767 1648 3840 superferebatur
1669 3784 1822 3838 super

231 3861 448 3930 siquam?
475 3859 837 3914 Mihi-videtur
867 3860 967 3914 hoc
994 3858 1291 3929 signiﬁcare
1311 3899 1326 3924 ,
1379 3859 1541 3915 fuisse
1574 3858 1626 3914 in
1666 3859 1820 3929 aquis

233 3951 504 4006 eliicacem
521 3950 805 4022 quamdam
831 3959 879 4006 et
903 3951 1115 4026 vitalem
1133 3951 1519 4020 operationem,
1535 3967 1635 4008 nec
1653 3951 1820 4007 fuisse

231 4043 542 4113 simpliciter
569 4057 762 4111 aquam
791 4050 1021 4096 stantem
1052 4050 1106 4096 et
1137 4042 1490 4109 immobilem,
1518 4041 1613 4097 sed
1642 4042 1816 4098 mobi-

235 4135 368 4200 lem,
399 4143 454 4188 et
495 4131 709 4187 vitalem
739 4132 1018 4202 quamdam
1052 4132 1156 4186 vim
1187 4131 1486 4189 habentem.
1513 4132 1646 4188 Nam
1674 4132 1816 4204 quod

233 4225 527 4289 immobile,
554 4226 773 4280 omnino
811 4225 996 4281 inutile
1021 4234 1132 4292 est;
1182 4227 1324 4296 quod
1373 4242 1501 4282 vero
1543 4236 1814 4293 movetur,

231 4317 297 4371 ad
328 4319 492 4372 multa
521 4317 789 4373 conducit.

299 4407 355 4462 ἓ.
397 4406 467 4462 Ut
496 4407 656 4476 igitur
672 4406 888 4462 doceret
913 4422 1012 4462 nos
1025 4407 1212 4462 beatus
1229 4407 1321 4462 ille
1349 4409 1603 4479 propheta
1623 4424 1814 4480 aquam

232 4500 372 4554 illam
409 4511 652 4568 magnam
697 4506 752 4552 et
796 4497 1115 4552 ineffabilem
1159 4497 1354 4554 habere
1384 4500 1491 4554 vim
1529 4499 1814 4570 quamdam

230 4588 465 4653 vitalem,
506 4585 676 4642 dicit:
716 4586 780 4641 Et
811 4586 1035 4657 Spiritus
1079 4587 1170 4641 Dei
1207 4590 1614 4659 superferebatur
1660 4606 1816 4660 super

231 4694 434 4746 liquam.
490 4676 654 4747 quue
700 4693 806 4731 non
855 4677 1055 4747 absque
1086 4679 1292 4732 ratione
1319 4679 1594 4748 Scriptura
1636 4679 1813 4734 divina

230 4769 607 4840 prazveniendo
652 4769 817 4834 dicit;
857 4769 954 4824 sed
985 4785 1050 4824 eo
1097 4770 1238 4841 quod
1269 4780 1451 4841 postea
1495 4773 1701 4827 dictura
1745 4771 1815 4828 sit

231 4863 381 4917 nobis
408 4861 680 4916 .animalia
709 4877 776 4916 ex
803 4863 955 4930 aquis
986 4863 1102 4918 istis
1134 4879 1200 4918 ex
1242 4875 1512 4934 praecepto
1559 4865 1651 4919 Dei
1698 4880 1814 4919 om-

231 4952 372 5003 nium
401 4950 695 5005 conditoris
715 4951 971 5020 producta
999 4951 1181 5016 fuisse,
1208 4964 1488 5023 prOpterea
1516 4955 1812 5010 auditorem

233 5040 313 5094 hic
344 5055 484 5094 nunc
513 5041 670 5096 decet
695 5056 799 5095 non
828 5041 943 5096 sine
968 5057 1125 5096 causa
1153 5058 1342 5114 aquam
1377 5045 1521 5099 illam
1545 5047 1816 5102 constitis-

231 5143 309 5197 se,
331 5130 426 5185 sed
451 5139 507 5185 ut
533 5140 857 5196 moveretur,
885 5130 1228 5200 discurreret,
1257 5142 1312 5189 et
1360 5137 1538 5190 omnia
1564 5136 1809 5192 allueret.

231 5221 663 5292 Quandoquidem
710 5222 866 5293 igitur
916 5223 1104 5280 diﬂ'usa
1172 5235 1287 5281 erat
1339 5245 1527 5300 magna
1577 5231 1808 5286 universi

231 5313 448 5368 visibilis
478 5312 797 5380 informitas,
826 5324 1092 5384 prmcepto
1119 5333 1218 5372 suo
1250 5319 1416 5385 Deus,
1460 5323 1693 5390 optimus
1726 5324 1812 5378 ille

231 5405 436 5469 artifex,
459 5405 850 5462 deformitatem
879 5407 1022 5462 illam
1045 5407 1265 5478 depulit,
1307 5421 1362 5467 et
1387 5413 1646 5469 immensa
1676 5415 1808 5470 lucis

231 5498 450 5552 visibilis
476 5497 814 5566 pulchritudo
847 5499 1100 5568 producta
1131 5501 1377 5557 tenebras
1405 5503 1603 5572 fugavit
1626 5506 1799 5560 sensi-

232 5588 381 5653 biles,
424 5589 810 5660 illustravitque
830 5591 1027 5645 omnia.
1059 5592 1110 5646 3.
1152 5590 1212 5646 Et
1243 5594 1396 5659 dixit,
1427 5597 1614 5666 inquit,
1650 5595 1808 5664 Deus,

232 5685 316 5749 [ias
339 5684 460 5745 lux;
491 5692 538 5737 et
573 5687 709 5752 facta
733 5692 804 5736 est
833 5684 940 5737 lux.
975 5684 1140 5748 Dixit,
1170 5695 1223 5740 et
1269 5685 1404 5742 faeta
1431 5698 1513 5742 est
1546 5705 1557 5741 :
1589 5690 1809 5744 manda-

234 5775 322 5843 vit,
353 5786 404 5833 ct
431 5776 664 5834 tenebrtc
693 5774 906 5844 quidem
937 5774 1126 5846 fugata:
1176 5787 1319 5848 sunt,
1350 5778 1436 5834 lux
1466 5789 1642 5837 autem
1675 5797 1804 5852 pro-

1947 495 2126 550 ducta.
2174 493 2332 565 Vides
2378 490 2700 548 ineﬂ'abilcm
2745 491 3077 562 potentiam?
3108 492 3306 547 Verum
3337 496 3426 564 qui
3454 511 3545 548 er-

1949 600 2068 640 rore
2095 584 2451 655 praeoccupati
2474 589 2616 647 sunt,
2638 599 2742 636 non
2763 582 3102 638 attendentes
3124 583 3386 638 dictorum
3416 599 3518 638 cost
3535 617 3547 624 -

1945 675 2305 746 sequentiam,
2356 689 2528 744 neque
2555 674 2832 730 audientes
2856 672 3072 729 beatum
3117 675 3319 730 Mosem
3359 677 3545 731 dicen-

1947 775 2056 823 tem
2087 785 2100 821 :
2131 765 2201 822 In
2249 767 2499 837 principio
2552 768 2670 836 fecit
2718 765 2856 822 Deus
2904 767 3088 822 calum
3139 779 3188 824 et
3241 779 3465 838 terram;
3489 783 3548 828 et

1945 873 2068 913 mox
2095 858 2410 915 subdentem
2437 876 2451 912 :
2485 859 2644 912 Terra
2668 871 2836 914 autem
2858 868 2964 913 erat
2986 860 3250 916 invisibilis
3277 871 3322 916 et
3350 863 3547 918 incont-

1946 950 2131 1015 posita,
2175 965 2240 1004 eo
2282 950 2422 1019 quod
2449 950 2684 1006 tenebris
2712 961 2766 1006 et
2807 955 2960 1022 aquis
2997 962 3142 1008 esset
3168 952 3416 1022 obtecta;
3462 955 3542 1010 sic

1943 1039 2085 1093 enim
2114 1041 2282 1094 visum
2306 1039 2408 1096 fuit
2436 1041 2660 1096 Domino
2679 1041 2749 1097 ab
2777 1042 2926 1097 initio
2943 1057 3061 1098 eam
3092 1045 3425 1113 producere:
3453 1046 3545 1102 di.

1942 1141 2071 1197 quut
2109 1139 2265 1187 antea
2291 1132 2454 1188 fuisse
2489 1133 2782 1202 subjectam
2831 1134 3108 1188 materiam
3131 1176 3146 1200 ,
3196 1145 3254 1190 ct
3292 1135 3544 1192 tenebras

1944 1223 2344 1291 prmexstitisse.
2378 1222 2516 1290 Quid
2539 1221 2639 1277 hac
2671 1224 2905 1278 amentia
2936 1224 3130 1294 pejus?
3157 1223 3324 1280 Audis
3375 1226 3543 1281 Deum

1942 1311 1995 1366 in
2030 1312 2292 1382 principio
2324 1312 2516 1368 fecisse
2551 1315 2739 1369 cmlum
2796 1323 2852 1369 et
2881 1322 3076 1369 terram
3097 1354 3115 1381 ,
3160 1323 3215 1370 et
3250 1330 3318 1370 ex
3367 1315 3540 1372 nihilo

1941 1419 2058 1473 quae
2079 1413 2204 1459 sunt
2233 1403 2372 1460 facta
2403 1405 2595 1471 fuisse,
2626 1416 2681 1462 et
2708 1406 2843 1460 dicis
2871 1407 3016 1477 prius
3064 1408 3336 1464 exstitisse
3364 1421 3535 1466 mate-

1941 1496 2112 1550 riam?
2141 1497 2270 1564 Quis
2297 1513 2487 1552 eorum
2516 1499 2605 1568 qui
2659 1508 2894 1555 mentem
2926 1499 3154 1564 habent,
3185 1509 3384 1554 tantam
3428 1500 3539 1556 fer-

1939 1595 2022 1642 ret
2045 1586 2338 1642 insaniam?
2360 1589 2638 1664 Numquid
2663 1589 2824 1646 homo
2851 1597 2934 1645 est
2960 1589 3146 1661 Upifex
3172 1589 3286 1656 ille,
3323 1603 3378 1646 ut
3404 1607 3540 1662 opus

1940 1675 2134 1732 habeat
2155 1677 2398 1748 subjecto
2440 1680 2621 1748 aliquo
2647 1677 2716 1734 ad
2744 1679 3215 1735 demonstrandam
3259 1697 3412 1736 suam
3451 1697 3540 1737 ar-

1941 1766 2094 1822 tem?
2123 1769 2263 1824 Deus
2289 1777 2371 1824 est
2397 1769 2482 1823 cui
2513 1770 2693 1824 omnia
2723 1770 2940 1835 cedunt,
2971 1771 3059 1842 qui
3089 1773 3253 1827 verbo
3299 1784 3357 1828 et
3399 1791 3539 1845 pra:-

1938 1866 2093 1927 cepto
2118 1873 2216 1913 suo
2241 1860 2421 1914 omnia
2441 1860 2700 1915 condidit.
2729 1861 2960 1916 Attende
2986 1862 3129 1916 enim
3156 1881 3168 1916 :
3197 1861 3539 1932 dicitsolum,

1938 1956 1990 2001 et
2020 1947 2275 2017 producta
2301 1958 2383 2004 est
2425 1949 2511 2005 lux
2531 1990 2548 2017 ,
2580 1958 2636 2006 et
2667 1950 3048 2006 abscesserunt
3095 1952 3352 2008 tenebrae.
3379 1955 3433 2009 ι.
3469 1954 3537 2010 Et

1938 2039 2167 2094 distinxit
2196 2039 2334 2096 Deus
2368 2042 2498 2097 inter
2537 2042 2700 2097 lucem
2729 2051 2776 2096 et
2814 2043 2947 2097 inter
2987 2045 3237 2097 tenebras.
3267 2044 3405 2111 Quid
3433 2058 3539 2115 est,

1937 2130 2226 2187 Distinxit?
2253 2133 2548 2205 Unicuique
2577 2134 2750 2190 locum
2780 2137 3051 2206 proprium
3081 2135 3373 2203 distribuit,
3405 2152 3540 2192 con~

1936 2239 2239 2295 gruensque
2267 2233 2478 2296 tempus
2498 2225 2760 2282 detinivit.
2795 2225 2862 2280 Et
2891 2235 3170 2296 postquam
3204 2226 3306 2282 hoc
3338 2226 3534 2283 factum

1936 2324 2039 2382 est,
2073 2325 2197 2370 tunc
2220 2331 2374 2370 suum
2426 2316 2620 2386 cuique
2646 2315 2964 2371 vocabulum
2995 2316 3204 2371 indidit.
3234 2317 3286 2371 5.
3328 2315 3540 2372 Vocarit

1934 2405 2100 2470 enim,
2132 2405 2340 2474 inquit,
2391 2405 2528 2460 Deus
2573 2406 2734 2460 lucem
2765 2405 2899 2460 diem
2941 2422 2954 2458 :
2992 2415 3041 2460 et
3077 2406 3304 2462 tenebras
3343 2411 3540 2463 vocarit

1934 2505 2148 2550 noctem.
2180 2495 2369 2552 Vidisti
2387 2497 2644 2567 optimam
2675 2496 3074 2552 distinctionem
3096 2538 3113 2566 ,
3143 2507 3199 2554 et
3223 2497 3539 2561 admirabile

1933 2587 2226 2662 epificium,
2275 2589 2418 2660 quod
2456 2604 2671 2644 omnem
2709 2591 2972 2646 rationem
3016 2591 3384 2658 transcendit,
3428 2608 3536 2648 uno

1936 2679 2102 2735 verbo
2146 2691 2201 2735 et
2247 2690 2514 2751 praecepto
2543 2680 2781 2735 factum?
2812 2681 3000 2737 Vidisti
3046 2692 3306 2754 quantum
3343 2700 3403 2740 se
3432 2702 3535 2739 no.

1933 2780 2165 2825 strorum
2182 2771 2515 2841 ingeniorum
2535 2771 2779 2840 parvitati
2793 2778 2956 2842 attem
2963 2787 3088 2842 pera
3097 2774 3236 2828 verit
3249 2774 3433 2829 beatus
3449 2774 3538 2830 ille

1933 2860 2212 2931 propheta,
2242 2861 2352 2917 imo
2375 2861 2636 2932 benignus
2687 2862 2828 2917 Deus
2868 2878 2962 2932 per
2990 2865 3264 2932 prozehetze
3296 2866 3529 2937 linguam

1931 2951 2226 3006 erudiendo
2252 2967 2413 3007 omne
2439 2952 2716 3008 hominum
2739 2967 2928 3023 genus,
2959 2961 3014 3008 ut
3047 2956 3180 3010 sciat
3204 2970 3392 3011 eorum
3415 2973 3535 3028 qua:

1931 3038 2071 3094 facta
2097 3048 2223 3095 sunt
2251 3042 2516 3109 ordinem,
2547 3043 2666 3113 quis
2695 3043 2930 3099 universi
2979 3045 3051 3101 sit
3090 3045 3289 3117 opifex,
3323 3057 3378 3103 et
3401 3064 3536 3119 quo-

1933 3129 2094 3185 modo
2139 3131 2557 3202 unumquodque
2587 3133 2905 3202 productum
2954 3133 3058 3189 sit?
3084 3136 3346 3203 Quoniam
3386 3140 3530 3194 enim

1930 3221 2104 3276 adhuc
2126 3221 2444 3278 imbecillius
2473 3233 2591 3278 erat
2621 3225 2911 3281 humanum
2940 3241 3301 3300 genus,quam
3325 3241 3381 3285 ut
3410 3247 3536 3302 per-

1932 3310 2153 3367 fectiora
2184 3328 2378 3383 capere
2406 3324 2622 3385 posset;
2655 3326 2936 3387 propterea
2967 3332 3065 3388 pro
3092 3321 3398 3378 auditorum
3423 3325 3526 3379 im-

1930 3402 2220 3458 becillitate
2240 3404 2514 3475 propheta:
2543 3407 2777 3478 linguam
2807 3423 3030 3464 movens
3050 3407 3284 3480 Spiritus
3310 3427 3532 3473 sanctus

1931 3494 1984 3549 in
2039 3494 2180 3550 lumc
2228 3495 2444 3550 modum
2473 3497 2629 3552 nobis
2658 3499 2837 3554 omnia
2865 3499 3216 3558 edisserebat.
3249 3505 3314 3558 Et
3355 3514 3412 3560 ut
3451 3507 3532 3562 di-

1927 3599 2047 3639 scas
2075 3586 2220 3639 illum
2251 3587 2320 3640 ob
2341 3587 2535 3642 mentis
2565 3599 2764 3643 nostra:
2793 3590 3211 3646 imbecillitatem
3238 3593 3340 3649 hoc
3366 3611 3524 3651 enar-

1928 3675 2150 3729 rationis
2200 3686 2623 3746 temperamento
2668 3677 2832 3734 fuisse
2879 3695 3057 3748 usum,
3107 3683 3231 3738 vide
3261 3687 3530 3756 quomodo

1929 3766 2147 3821 tonitrui
2177 3767 2337 3834 ﬁlius,
2369 3784 2488 3822 eum
2514 3769 2623 3838 jam
2656 3768 2930 3824 hominum
2967 3788 3134 3843 genus
3163 3775 3228 3829 ad
3278 3777 3526 3833 virtutem

1938 3856 2274 3926 profecisset,
2304 3873 2409 3912 non
2427 3858 2536 3928 jam
2559 3857 2660 3914 hac
2689 3860 2774 3914 via
2803 3860 3149 3931 ingrediatur,
3182 3866 3275 3920 sed
3313 3866 3367 3922 in
3395 3869 3527 3925 sub-

1932 3948 2192 4002 limiorem
2226 3947 2581 4004 eruditionem
2634 3950 2932 4007 auditorem
2978 3954 3258 4011 subducat.
3302 3958 3432 4013 Nam
3473 3970 3529 4015 ut

1925 4041 2058 4095 dixit
2090 4057 2103 4093 :
2141 4039 2206 4094 In
2237 4041 2489 4110 principio
2517 4051 2624 4096 erat
2665 4041 2899 4110 Verbum,
2925 4054 2970 4097 et
3024 4046 3236 4100 Verbum
3262 4061 3369 4104 erat
3388 4054 3528 4120 apud

1928 4131 2112 4199 Deum,
2136 4143 2182 4186 et
2201 4131 2342 4187 Deus
2368 4143 2472 4187 erat
2500 4132 2715 4188 Verbum
2734 4133 2914 4207 (Joan.
2941 4139 2990 4191 l.
3020 4139 3092 4206 l);
3111 4155 3239 4194 mox
3268 4141 3484 4209 subiicit
3510 4162 3522 4196 :

1927 4224 2053 4278 Erat
2079 4226 2169 4279 lua:
2208 4242 2350 4293 vera,
2377 4241 2488 4296 qua:
2514 4225 2772 4280 illuminat
2800 4245 3000 4282 omnem
3037 4231 3291 4286 hominem
3320 4237 3525 4290 venien-

1927 4327 2027 4370 tem
2053 4317 2370 4370 inmundum
2401 4315 2449 4388 (1
2459 4316 2566 4374 bid.
2595 4333 2643 4371 υ.
2673 4316 2753 4386 9).
2785 4317 2915 4376 Nam
2938 4322 3388 4391 quemadmodum
3423 4327 3522 4382 hoc

1926 4408 2046 4461 loco
2087 4407 2174 4462 lux
2205 4407 2306 4461 ista
2351 4407 2622 4462 sensibilis
2665 4419 2939 4480 prmeepto
2987 4413 3199 4468 Domini
3241 4416 3518 4486 producta,

1928 4499 2180 4554 tenebras
2210 4498 2331 4552 illas
2358 4498 2592 4552 visibiles
2617 4500 2898 4555 abscondit
2925 4520 2937 4556 :
2961 4503 3038 4558 sic
3063 4513 3118 4558 et
3155 4504 3243 4560 lux
3279 4508 3524 4564 mentalis

1926 4588 2175 4644 tenebras
2201 4603 2444 4643 errorum
2469 4587 2742 4658 eﬂ'ugavit,
2777 4600 2830 4646 et
2856 4591 2923 4647 ad
2951 4595 3229 4650 veritatem
3259 4597 3523 4652 errabuu.

1922 4681 2022 4736 dos
2048 4682 2380 4736 manuduxit.

1993 4773 2045 4827 5.
2078 4771 2440 4843 Suscipiamus
2467 4788 2595 4845 ergo
2618 4772 2920 4843 gratissimo
2949 4774 3127 4828 animo
3149 4775 3238 4830 illa
3265 4791 3294 4830 a
3321 4776 3516 4833 divinis

1922 4863 2214 4932 Scripturis
2261 4864 2618 4928 documenta,
2667 4871 2722 4918 et
2753 4879 2818 4917 ne
2871 4863 3220 4918 adversemur
3269 4867 3520 4931 veritati,

1923 4971 2098 5025 neque
2129 4954 2180 5008 in
2213 4955 2447 5010 tenebris
2479 4969 2791 5011 maneamus
2825 4972 2837 5007 :
2868 4955 2961 5010 sed
3003 4956 3068 5009 ad
3120 4957 3292 5012 lucem
3326 4974 3520 5028 prope-

1921 5061 2120 5112 remus,
2151 5060 2540 5116 operemnrque
2565 5045 2722 5116 digna
2747 5045 2864 5100 luce
2881 5056 2934 5100 et
2953 5045 3062 5110 die,
3087 5047 3225 5101 sicut
3254 5056 3307 5101 et
3327 5047 3521 5103 Paulus

1922 5141 2208 5204 admonet,
2249 5137 2434 5194 dicens
2486 5155 2498 5190 :
2551 5138 2698 5192 Sicut
2743 5138 2795 5191 in
2838 5139 2919 5192 die
2959 5140 3166 5192 honeste
3209 5138 3519 5194 ambulemus

1922 5234 2097 5304 (Rom.
2131 5233 2227 5288 l5.
2252 5231 2362 5302 l5),
2391 5241 2443 5286 et
2470 5246 2536 5286 ne
2561 5245 2846 5299 operemur
2871 5245 3030 5300 opera
3059 5230 3419 5286 tenebrarum.
3453 5229 3520 5283 Et

1921 5327 2135 5394 vocavit,
2193 5325 2362 5394 inquit
2383 5363 2399 5390 ,
2445 5323 2580 5377 Deus
2608 5325 2768 5377 lucem
2812 5323 2977 5386 diem,
3009 5333 3054 5376 et
3085 5325 3310 5376 tenebras
3331 5323 3518 5376 vocavit

1921 5426 2136 5471 noctem.
2169 5414 2274 5470 Sed
2301 5413 2444 5484 quod
2469 5413 2634 5467 ferme
2657 5427 2757 5466 nos
2781 5414 3128 5481 prmterierat,
3155 5413 3515 5466 necessarium

1920 5507 2079 5562 fuerit
2111 5509 2302 5560 iterum
2337 5516 2600 5572 repetere.
2656 5503 2786 5557 Nam
2818 5512 3093 5572 postquam
3125 5501 3366 5567 dixerat,
3401 5500 3513 5553 Fiat

1921 5601 2009 5652 lux
2034 5606 2079 5650 et
2106 5599 2240 5667 facta
2267 5604 2337 5648 est
2365 5593 2473 5658 lux,
2515 5593 2797 5662 subiunxit
2819 5609 2834 5646 :
2858 5594 2910 5647 4.
2948 5591 3011 5644 Et
3033 5592 3155 5645 vidit
3177 5591 3310 5645 Deus
3333 5591 3513 5656 lucem,

1919 5688 2051 5759 quod
2077 5688 2204 5740 bona
2235 5693 2381 5738 esset.
2413 5683 2548 5738 Vide
2575 5699 2758 5750 quaeso
2788 5682 2893 5745 hic,
2923 5682 3136 5745 dilecte,
3171 5696 3327 5750 quam
3377 5691 3501 5735 tem-

1926 5789 2104 5849 perata
2148 5776 2430 5832 verborum
2479 5775 2635 5831 ratio.
2673 5774 2813 5840 Quid
2850 5776 3050 5847 igitur?
3077 5792 3142 5831 an
3175 5775 3491 5845 priusquam
