4086 6490
580 376 646 428 53
1316 370 1371 428 S.
1414 365 1686 426 JOANNIS
1724 357 2196 419 CllllYSOSTOlII
2237 357 2554 417 ARCIIIEP.
2596 360 3129 419 CONSTANTINUP.
3779 358 3843 416 ει

582 494 727 546 tit-ret
760 489 847 545 lux
871 533 884 555 ,
920 486 1186 544 nesciebat
1215 499 1332 541 eam
1360 484 1549 538 bonam
1583 479 1810 534 futuram
1837 494 1851 541 ;
1882 476 1974 532 sed
2007 484 2153 547 post-

582 598 739 649 quam
781 580 1034 653 producta
1069 578 1184 644 fuit,
1226 592 1290 632 ex
1331 584 1547 644 aspectu
1575 572 1802 643 primtnn
1830 568 2015 639 Opifex
2047 567 2161 637 pul—

579 672 935 727 chritudinem
962 680 1014 726 et
1041 670 1328 724 bonitatem
1356 664 1473 735 ejus
1500 663 1768 734 producta:
1798 657 2071 730 percepit?
2094 658 2157 712 Et

576 764 695 831 quis
720 777 862 817 sanae
884 761 1075 815 mentis
1100 758 1202 813 tale
1226 754 1493 827 quidpiam
1524 753 1754 831 dixerit?
1774 750 1903 805 Nam
1928 750 1971 803 si
1996 749 2158 803 homo

577 830 665 924 qui
699 853 892 923 aliquid
926 866 1017 921 per
1041 858 1208 904 artem
1235 858 1506 919 operatur,
1536 830 1840 915 priusquam
1875 839 2159 896 fabricetur

578 944 719 1013 quod
753 944 862 997 vult
891 941 1063 996 facere
1086 982 1101 1006 ,
1132 947 1187 995 et
1218 938 1521 1010 priusquam
1562 933 1809 989 efformet
1831 972 1848 998 ,
1879 930 1978 985 scit
2008 944 2158 982 usum

582 1037 699 1102 ejus
736 1033 874 1105 quod
910 1033 1187 1088 elaborare
1216 1030 1401 1085 statuit
1432 1046 1446 1081 :
1480 1033 1675 1095 quanto
1719 1024 1887 1094 magis
1921 1021 2158 1079 omnium

580 1127 785 1197 Opifex,
816 1126 905 1196 qui
924 1125 1085 1181 verbo
1113 1123 1289 1179 omnia
1320 1136 1386 1175 ex
1412 1118 1576 1173 nihilo
1599 1126 1656 1171 ut
1688 1123 1871 1172 essent
1894 1113 2157 1183 produxit,

583 1220 784 1275 sciebat
809 1228 1090 1287 antequam
1137 1218 1305 1269 lucem
1354 1212 1585 1278 faceret,
1631 1224 1747 1264 eam
1779 1222 1899 1263 esse
1922 1206 2155 1262 bonam!

578 1311 753 1378 Quare
795 1325 921 1379 ergo
960 1310 1057 1363 hac
1100 1305 1328 1361 dictione
1379 1317 1508 1357 usus
1552 1301 1672 1355 est?
1718 1299 2076 1361 Demittitsc,
2108 1305 2161 1350 et

579 1399 866 1455 secundum
913 1397 1196 1450 humanam
1227 1390 1668 1447 consuetudinem
1715 1388 1827 1442 tunc
1868 1386 2043 1442 omnia
2078 1385 2155 1439 lo—

577 1491 755 1561 quitur
780 1489 962 1543 beatus
990 1487 1078 1541 ille
1108 1484 1380 1555 propheta.
1414 1481 1479 1534 Et
1508 1477 1953 1550 quemadmodum
1984 1476 2158 1529 homi-

579 1595 672 1635 nes
700 1595 821 1635 cum
850 1578 1042 1648 aliquid
1068 1590 1255 1645 magno
1292 1574 1467 1627 studio
1492 1570 1897 1634 elaboraverint,
1926 1576 1979 1623 et
2000 1566 2158 1621 finem

578 1670 846 1726 laboribus
870 1670 979 1724 suis
1028 1667 1370 1735 imposuerint
1394 1706 1407 1728 ,
1437 1674 1561 1721 tunc
1600 1663 1811 1717 tandem
1859 1675 1952 1731 per
1995 1674 2157 1729 expe-

580 1764 817 1817 rientiam
846 1770 898 1815 et
931 1759 1291 1829 probationem
1324 1770 1454 1825 opus
1485 1754 1729 1809 laudibus
1750 1754 2007 1809 extollunt
2043 1753 2149 1808 :ita

576 1862 633 1908 et
660 1854 834 1907 divina
867 1850 1136 1918 Scriptura
1171 1862 1332 1914 nunc,
1365 1863 1483 1901 cum
1517 1861 1573 1901 se
1623 1845 1692 1899 ad
1720 1854 2019 1899 nostrarum
2051 1858 2147 1897 au-

579 1947 716 2000 rium
741 1943 1102 1999 infirmitatem
1156 1940 1404 2004 demisit,
1462 1946 1517 1991 et
1563 1937 1695 1990 dixit
1726 1954 1739 1989 :
1770 1938 1837 1990 Et
1872 1936 1992 1988 vidit
2022 1934 2157 1990 Deus

578 2037 776 2098 lucem,
818 2031 951 2101 quod
978 2032 1105 2085 bona
1134 2037 1292 2094 esset,
1342 2036 1464 2081 tunc
1494 2026 1717 2095 euhjecit
1762 2044 1774 2078 :
1828 2024 1888 2077 Et
1935 2024 2162 2078 distinxit

580 2126 718 2181 Deus
745 2128 873 2179 inter
907 2125 1065 2178 lucem
1093 2165 1108 2188 ,
1162 2132 1208 2175 et
1250 2122 1379 2174 inter
1407 2117 1630 2172 tenebras
1671 2134 1687 2169 .·
1726 2127 1773 2171 et
1799 2116 1991 2169 vocavit
2027 2115 2162 2168 Deus

582 2223 743 2275 lucem
767 2220 919 2282 diem,
945 2228 989 2270 et
1021 2217 1242 2270 tenebras
1266 2214 1453 2267 vocarit
1480 2222 1689 2277 noctem,
1721 2220 1771 2265 et
1799 2226 1946 2264 suam
1971 2211 2161 2279 cuique

582 2311 851 2380 regionem
891 2308 1157 2363 distribuit
1202 2323 1215 2359 :
1260 2320 1380 2358 nam
1413 2303 1479 2356 ab
1507 2303 1657 2357 initio
1686 2302 1877 2371 cuique
1902 2316 2028 2355 suos
2059 2311 2163 2355 ter-

580 2405 755 2458 minos
784 2400 1008 2471 prtelixit
1032 2438 1047 2466 ,
1079 2411 1214 2468 quos
1254 2406 1508 2466 perpetuo
1550 2396 1750 2465 absque
1789 2395 2163 2464 impedimento

579 2491 889 2547 t'uslodircl.
920 2490 975 2544 ld
1005 2490 1141 2559 quod
1166 2488 1401 2552 cuilibet,
1426 2487 1515 2557 qui
1543 2496 1686 2540 recte
1712 2487 1897 2553 sapiat,
1924 2484 2162 2540 contueri

580 2585 743 2648 licet,
785 2580 1053 2652 quomodo
1098 2595 1166 2635 ex
1217 2592 1283 2633 eo
1332 2588 1567 2648 tempore
1611 2591 1776 2645 usque
1828 2578 1876 2629 in
1928 2592 2161 2647 prmsens

587 2686 758 2743 neque
815 2671 901 2724 lux
966 2670 1223 2724 terminos
1280 2683 1408 2723 suos
1464 2676 1789 2737 transgressa
1839 2667 1939 2731 sit,
1993 2682 2164 2737 neque

594 2763 825 2818 tenebrae
854 2776 1007 2815 suum
1038 2759 1276 2814 ordinem
1323 2758 1679 2828 prieterierint
1704 2798 1717 2821 ,
1762 2758 2072 2813 confusione
2110 2768 2164 2813 et

584 2852 979 2924 perturbatione
1023 2848 1249 2919 quadam
1295 2848 1615 2903 introducta.
1666 2849 1803 2904 Sine
1851 2848 1951 2903 hoc
1999 2864 2160 2903 unum

583 2944 800 3013 ingratis
828 2943 936 2997 illis
964 2941 1210 2996 sufticere
1240 2939 1457 2996 deberet
1477 2981 1492 3007 ,
1521 2948 1578 2993 ut
1601 2938 1880 2995 crederent
1904 2948 1958 2995 et
1980 2938 2164 2994 obedi-

583 3043 702 3090 rent
754 3035 819 3089 iis
862 3047 981 3102 qua
1023 3048 1052 3086 a
1092 3031 1267 3086 divina
1308 3030 1579 3100 Scriptura
1627 3030 1763 3084 dicta
1795 3039 1962 3085 sunt:
1996 3030 2068 3084 ita
2110 3040 2167 3084 ut

586 3124 669 3179 vel
735 3123 995 3179 elementa
1044 3121 1347 3185 imitantes,
1407 3136 1527 3190 qua:
1583 3135 1798 3174 cursum
1852 3118 2163 3175 inod‘enSum

585 3224 842 3285 perpetuo
896 3220 1154 3278 servant,
1210 3210 1481 3265 dimensos
1550 3210 1803 3265 terminos
1870 3224 1996 3265 suos
2059 3225 2164 3264 non

585 3305 1118 3377 prtetergrediantur,
1182 3304 1274 3358 sed
1331 3312 1619 3373 agnoscant
1682 3304 1953 3372 propriam
2014 3312 2166 3359 natu-

588 3414 723 3451 ram.
774 3395 909 3451 Exin
956 3404 1233 3465 postquam
1285 3393 1492 3462 utrique
1536 3406 1689 3445 suum
1740 3407 1932 3446 nomen
1974 3391 2163 3456 dedit,

586 3499 869 3557 utrumque
912 3486 965 3541 in
1005 3500 1167 3539 unum
1205 3483 1459 3553 eopulans
1488 3480 1644 3546 dicit,
1689 3483 1744 3537 5.
1779 3479 1846 3534 Et
1872 3487 2061 3552 factum
2096 3491 2165 3535 est

591 3593 810 3648 vespere,
838 3586 883 3629 et
924 3580 1114 3646 factum
1138 3584 1210 3629 est
1239 3589 1418 3637 mane,
1451 3571 1556 3625 dies
1587 3588 1734 3625 unus.
1768 3572 1951 3626 Finem
1979 3571 2082 3625 diei
2114 3582 2165 3627 ct

591 3671 750 3723 linem
790 3666 963 3722 noctis
992 3681 1154 3721 unum
1185 3678 1437 3734 expresse
1480 3662 1802 3726 nominavit,
1834 3670 1889 3715 ut
1927 3662 2163 3716 ordinem

588 3759 821 3829 aliquem
844 3767 897 3814 et
915 3757 1347 3828 consequentiam
1376 3763 1636 3809 statueret
1658 3752 1962 3820 visibilium,
1986 3754 2156 3808 nulla-

593 3863 698 3919 que
720 3848 868 3904 lieret
893 3846 1154 3905 confusio.

654 3938 757 3994 Cur
776 3938 916 3992 Deus
950 3954 1051 3993 non
1084 3938 1254 3991 omnia
1268 3935 1422 3991 simul
1437 3950 1537 3989 uno
1548 3934 1629 3989 die
1644 3934 1936 4003 produxerit
1949 3949 1970 3999 ;
1984 3942 2167 3990 contra

585 4046 667 4086 eos
690 4030 959 4101 quiomnia
976 4027 1180 4099 fortuito
1208 4025 1318 4096 ﬁeri
1354 4024 1546 4078 dicunt.
1573 4052 1645 4063 —
1680 4022 1874 4077 Verum
1894 4022 2163 4079 discamus

586 4129 795 4193 oportet
820 4135 851 4175 a
876 4120 1080 4189 Spiritu
1105 4126 1291 4173 sancto
1318 4131 1417 4185 per
1433 4115 1662 4186 linguam
1698 4115 1834 4170 beati
1866 4114 2020 4185 hujus
2043 4132 2167 4186 pro-

588 4214 781 4284 phctm,
814 4226 929 4280 qua:
948 4208 1117 4280 primo
1142 4208 1230 4263 die
1254 4204 1467 4261 condita
1496 4211 1639 4271 sunt,
1663 4212 1717 4259 et
1739 4219 1858 4275 quas
1876 4204 2013 4260 aliis.
2032 4205 2163 4261 Nam

590 4315 645 4362 et
670 4303 810 4359 istud
838 4303 1008 4373 ipsum
1039 4301 1358 4357 clementem
1383 4298 1548 4353 Deum
1573 4310 1692 4351 sese
1726 4304 2165 4365 attemperautem

592 4396 825 4454 exhibet.
843 4392 1023 4461 Neque
1048 4390 1191 4447 enim
1212 4389 1362 4459 inops
1386 4396 1502 4443 erat
1522 4387 1856 4455 omnipotens
1881 4387 2022 4442 illius
2050 4401 2166 4441 ma-

591 4501 690 4541 nus
715 4496 769 4539 et
797 4482 1003 4537 infinita
1048 4477 1326 4549 sapientia,
1354 4486 1413 4531 ut
1443 4492 1548 4532 non
1580 4483 1761 4546 posset
1785 4490 1889 4531 uno
1909 4475 1995 4532 die
2042 4490 2167 4546 pro-

590 4579 787 4632 ducere
823 4573 1020 4628 omnia.
1056 4570 1192 4637 Quid
1232 4568 1371 4633 dico,
1400 4584 1508 4623 uno
1530 4567 1660 4622 die?
1704 4568 1767 4622 Et
1796 4568 2022 4639 simplici
2050 4582 2165 4623 mo-

592 4676 771 4725 mento
800 4670 1024 4733 poterat.
1058 4659 1162 4717 Sed
1202 4657 1631 4729 quandoquidem
1660 4673 1744 4713 res
1773 4674 1878 4712 non
1919 4660 1989 4715 ob
2015 4674 2166 4714 suam

594 4756 877 4811 utilitatem
917 4750 1199 4822 produxit;
1229 4763 1398 4819 neque
1419 4749 1560 4803 enim
1590 4748 1691 4802 ulla
1721 4763 1778 4801 re
1806 4763 1939 4817 opus
1968 4748 2124 4803 habet
2149 4765 2163 4814 ;

591 4847 685 4904 sed
714 4846 782 4901 ob
809 4856 959 4899 suam
987 4840 1363 4911 benignitatem
1391 4847 1445 4893 et
1472 4838 1760 4893 bonitatem
1792 4838 2028 4893 condidit
2048 4855 2163 4893 om-

592 4940 677 4993 nia
721 4954 734 4990 :
774 4934 971 4993 idcirco
1000 4931 1332 4987 successione
1360 4929 1585 4999 quadam
1615 4939 1668 4984 et
1713 4944 1807 4998 per
1838 4940 2012 4999 partes
2036 4945 2161 4985 con-

591 5029 746 5097 didit,
768 5034 823 5081 et
850 5024 1144 5081 doctrinam
1183 5022 1337 5077 nobis
1378 5019 1710 5076 manifestam
1756 5020 1821 5075 de
1851 5021 2008 5076 rebus
2032 5036 2164 5074 con-

592 5121 719 5177 ditis
751 5133 848 5190 per
892 5117 1127 5187 linguam
1157 5113 1295 5170 beati
1322 5112 1479 5182 huius
1525 5110 1795 5181 prophetae
1841 5110 2076 5175 tradidit,
2111 5120 2168 5165 ut

596 5214 708 5266 haec
736 5217 982 5264 accurate
1008 5205 1168 5269 docti,
1198 5219 1303 5257 non
1346 5202 1636 5258 incidamus
1657 5201 1709 5255 in
1739 5215 1923 5254 eorum
1950 5211 2167 5256 senten-

598 5304 721 5358 tiam
746 5300 834 5371 qui
862 5296 1107 5352 humanis
1154 5293 1441 5349 ratiociniis
1483 5299 1783 5347 moventur.
1812 5290 1868 5346 Si
1918 5306 2164 5362 namque,

598 5394 681 5447 his
714 5393 803 5445 illo
840 5389 996 5443 modo
1037 5387 1286 5456 peractis,
1332 5398 1437 5439 non
1484 5384 1674 5439 desunt
1703 5382 1790 5453 qni
1820 5382 2035 5437 fortuito
2081 5397 2169 5438 res

601 5497 787 5536 omnes
816 5480 982 5535 factas
1008 5492 1128 5534 esse
1156 5484 1399 5531 asserant
1433 5494 1444 5529 :
1478 5476 1522 5530 si
1552 5489 1655 5528 non
1687 5485 1790 5527 tam
1823 5482 2166 5543 attemperata

603 5572 821 5628 docendi
855 5570 1057 5625 ratione
1086 5583 1182 5624 nos
1208 5567 1455 5637 dignatus
1469 5577 1632 5633 esset,
1666 5566 1790 5635 quid
1814 5581 1916 5619 non
1947 5565 2169 5620 fuissent

607 5662 742 5724 ausi,
792 5661 884 5727 qui
908 5658 1123 5712 adersus
1146 5657 1369 5713 salutem
1408 5670 1554 5713 suam
1576 5670 1798 5726 quaeque
1824 5665 1876 5709 et
1911 5654 2086 5713 dicere
2115 5665 2169 5713 ct

600 5752 769 5806 facere
798 5749 1004 5804 student
1040 5751 1060 5801 ?

2340 475 2391 530 4.
2434 474 2569 542 Quid
2597 476 2739 531 enim
2768 476 3015 532 miserius
3050 485 3104 533 et
3128 474 3463 547 insipientius
3479 476 3559 543 iis,
3591 477 3681 550 qui
3722 481 3846 535 talia

2263 565 2440 622 dicere
2480 572 2761 632 attentarit,
2791 575 2842 622 et
2872 568 3141 623 afﬁrmant
3177 582 3265 623 res
3291 568 3507 625 fortuito
3540 568 3673 635 ﬁeri,
3702 569 3847 625 frau-

2263 656 2493 727 dantque
2534 674 2747 714 omnem
2767 660 3092 715 creationem
3121 659 3297 715 divina
3320 653 3650 731 providentia
3675 663 3700 715 ?
3724 662 3847 728 Quo

2265 758 2420 816 pacto
2459 750 2600 804 enim
2646 752 2837 806 rationi
2878 763 3297 807 consentaneum
3333 752 3511 819 fuerit,
3560 753 3667 822 dic,
3718 770 3843 817 oro,

2266 848 2409 894 tanta
2456 840 2741 908 elementa,
2786 852 2840 899 et
2885 850 3089 898 tantum
3121 852 3367 899 ornatum
3418 844 3622 916 absque
3665 846 3848 916 aliqua

2265 932 2600 990 moderatore
2628 942 2683 989 et
2710 932 2885 990 omnia
2912 946 3262 991 conservante
3292 936 3576 1008 gubernari
3603 937 3628 993 ἲ
3654 937 3720 993 Et
3747 952 3847 992 na-

2264 1024 2345 1078 vis
2368 1040 2652 1095 numquam
2675 1027 2866 1095 poterit
2895 1028 3097 1097 absque
3139 1028 3492 1099 gubernatore
3532 1028 3695 1083 maris
3740 1027 3846 1082 ﬂu-

2263 1124 2381 1171 ctus
2417 1131 2711 1187 permeare,
2740 1118 2996 1189 milesque
3034 1118 3165 1173 nihil
3191 1128 3467 1175 strenuum
3492 1127 3547 1175 et
3571 1120 3846 1192 egregium

2264 1206 2464 1278 absque
2513 1212 2754 1277 praetoris
2802 1209 2963 1264 ductu
3008 1218 3061 1264 et
3089 1209 3339 1279 auspiciis
3381 1210 3538 1281 gerit,
3567 1219 3623 1267 et
3649 1209 3847 1266 domus

2263 1308 2510 1355 constare
2567 1300 2749 1370 nequit
2780 1340 2795 1365 ,
2837 1299 2937 1355 nisi
2991 1299 3130 1355 adsit
3157 1298 3246 1370 qui
3274 1315 3391 1355 eam
3417 1300 3749 1355 administret
3779 1300 3799 1331 ¹
3830 1318 3843 1351 :

2264 1392 2495 1447 mundus
2538 1401 2714 1447 autem
2746 1392 2832 1449 hic
2862 1393 3176 1459 immensus,
3209 1400 3265 1449 et
3303 1392 3690 1448 elementorum
3719 1392 3846 1446 illo-

2264 1498 2381 1537 rum
2427 1492 2663 1551 ornatus,
2698 1483 2914 1539 fortuito
2941 1493 2996 1539 et
3034 1494 3235 1540 temere
3262 1482 3384 1539 ferri
3429 1482 3657 1553 poterit,
3695 1482 3848 1537 nullo

2263 1574 2556 1629 cxsistente
2600 1576 2688 1644 qui
2731 1575 2905 1629 omnia
2960 1576 3127 1644 possit
3178 1574 3467 1642 moderari,
3511 1584 3567 1629 et
3613 1575 3702 1644 qui
3747 1585 3850 1640 per

2265 1680 2411 1721 suam
2455 1664 2767 1734 sapientiam
2797 1679 2860 1720 ea
2898 1666 3170 1719 contineat
3197 1674 3251 1720 et
3274 1665 3603 1721 conservet?
3647 1663 3845 1718 Verum

2264 1757 2390 1827 quid
2420 1758 2639 1812 ulterius
2680 1756 3052 1812 contendimus
3091 1756 3194 1811 illis
3230 1756 3454 1826 probare
3501 1770 3585 1822 ea,
3636 1771 3752 1826 qua:
3794 1766 3849 1811 et

2267 1848 2442 1915 czccis,
2485 1858 2542 1903 ut
2585 1848 2637 1904 in
2669 1847 2951 1917 proverbio
2976 1858 3076 1911 est,
3104 1847 3377 1917 perspicua
3404 1847 3568 1901 sunt?
3597 1847 3850 1901 Attamen

2268 1953 2334 1992 ne
2355 1938 2660 1994 omittamus
2682 1954 2981 2010 prepunere
3011 1941 3087 1993 eis
3115 1939 3410 1993 doctrinam
3428 1939 3847 2009 Scripturarum,

2268 2028 2359 2083 sed
2390 2043 2549 2083 omne
2585 2028 2954 2098 impendamus
3004 2030 3258 2096 studium,
3305 2038 3362 2085 ut
3403 2029 3472 2085 ab
3492 2045 3674 2085 errore
3713 2031 3852 2088 libe-

2267 2118 2388 2183 rati,
2411 2116 2479 2171 ad
2503 2120 2772 2173 veritatem
2793 2118 3135 2174 reducantur.
3160 2120 3287 2174 Nam
3311 2120 3615 2175 licetadhuc
3641 2136 3851 2189 procoe-

2266 2212 2441 2280 cupati
2472 2212 2745 2266 erroribus
2774 2211 2901 2279 sint,
2930 2211 3168 2282 ejusdem
3198 2221 3393 2276 tamen,
3426 2214 3577 2282 cujus
3606 2228 3723 2277 nus,
3748 2229 3851 2285 g3-

2268 2302 2410 2356 neris
2440 2312 2564 2355 sunt
2605 2319 2617 2355 :
2648 2311 2702 2357 et
2731 2316 2825 2371 par
2852 2312 2931 2357 est
2964 2313 3020 2357 ut
3049 2319 3293 2373 magnam
3324 2319 3508 2359 eorum
3539 2320 3720 2359 curam
3749 2306 3853 2361 ba—

2267 2392 2503 2457 beamus,
2535 2407 2820 2461 numquam
2838 2404 3216 2464 torpescentes,
3235 2394 3325 2449 sed
3344 2395 3613 2465 diligentia
3639 2411 3853 2451 summa

2268 2483 2522 2539 facientes
2543 2498 2605 2539 ea
2632 2500 2747 2553 qua:
2768 2485 2817 2538 iu
2846 2484 2998 2539 nobis
3027 2497 3169 2551 sunt,
3206 2487 3386 2541 utilem
3407 2484 3507 2541 illis
3529 2488 3854 2543 medicinam

2266 2574 2634 2639 adhibeamus,
2687 2585 2735 2629 ut
2788 2577 2973 2631 saltem
3021 2577 3231 2631 tandem
3263 2579 3547 2650 aliquando
3573 2581 3639 2633 ad
3667 2594 3854 2635 veram

2269 2668 2547 2723 sanitatem
2576 2668 2814 2723 redeant.
2846 2669 2985 2723 Nihil
3013 2672 3153 2725 enim
3184 2670 3251 2725 ita
3282 2680 3434 2726 curat
3460 2671 3618 2734 Deus,
3646 2681 3703 2724 ut
3728 2672 3850 2725 ani-

2271 2775 2473 2813 marum
2518 2762 2765 2815 salutem.
2801 2760 2854 2816 Id
2895 2762 3088 2816 clamat
3114 2763 3325 2830 Paulus,
3356 2762 3543 2818 dicens
3576 2780 3589 2814 :
3618 2764 3717 2830 Qui
3744 2764 3851 2817 vult

2268 2866 2438 2905 omnes
2483 2853 2705 2907 homines
2736 2855 2903 2908 salvos
2936 2855 3066 2922 ﬁeri,
3114 2864 3161 2909 et
3185 2856 3254 2908 ad
3282 2856 3584 2925 agnitione»:
3629 2857 3850 2912 veritatis

2270 2942 2435 2994 venire
2463 2943 2539 3012 (l.
2574 2940 2703 2995 Tim.
2744 2943 2796 2996 2.
2827 2944 2905 3012 ι).
2939 2944 3004 2998 Ει
3032 2945 3223 2999 iterum
3258 2946 3395 3000 Deus
3422 2948 3533 3014 ipse
3560 2949 3635 3001 ait
3664 2965 3678 3001 :
3712 2946 3849 3001 Nolo

2269 3040 2477 3085 mortem
2508 3034 2803 3100 peccatoris,
2842 3034 2930 3089 sed
2958 3050 3009 3088 ut
3036 3045 3373 3102 convertatur,
3406 3046 3452 3091 et
3474 3037 3606 3091 vivat
3633 3037 3845 3106 (Bacch.

2272 3122 2357 3177 18.
2380 3122 2496 3195 25).
2526 3125 2748 3193 Pr0ptcr
2768 3127 2867 3181 hoc
2891 3126 3049 3181 etiam
3074 3138 3313 3181 naturam
3344 3128 3479 3183 hanc
3495 3144 3708 3185 omnem
3729 3145 3847 3200 pro-

2269 3211 2442 3279 duxit,
2472 3224 2527 3269 et
2558 3228 2656 3267 nos
2681 3215 2953 3281 formavit,
2976 3231 3079 3270 non
3108 3224 3164 3271 ut
3190 3232 3492 3286 pereamus,
3526 3235 3698 3290 neque
3724 3223 3845 3275 utin

2268 3304 2581 3373 supplicium
2609 3318 2708 3359 nos
2732 3306 2939 3371 mittat;
2966 3307 3059 3361 sed
3091 3317 3146 3362 ut
3175 3308 3350 3362 salvos
3380 3308 3556 3375 faciat,
3589 3312 3736 3365 etab
3755 3326 3845 3367 er-

2270 3408 2391 3449 rore
2413 3394 2669 3461 liberatis,
2720 3412 2887 3467 regno
2924 3397 3026 3453 frui
3074 3400 3228 3455 nobis
3257 3403 3532 3456 concedat.
3565 3403 3676 3458 Hoc
3703 3404 3844 3460 enim

2271 3484 2425 3539 nobis
2450 3488 2783 3555 preparavit,
2815 3504 2922 3542 non
2968 3504 3110 3545 nunc
3146 3500 3422 3561 postquam
3464 3493 3588 3548 facti
3640 3510 3845 3561 sumus,

2270 3577 2363 3632 sed
2401 3586 2525 3631 ante
2559 3575 2701 3645 jacta
2749 3576 3091 3633 fundamenta
3134 3582 3338 3646 mundi,
3369 3583 3505 3637 sicut
3528 3582 3643 3653 ipse
3672 3585 3844 3640 dicit:

2279 3667 2470 3736 Venite,
2519 3668 2763 3724 benedicti
2806 3670 2976 3725 Patris
3019 3673 3137 3737 mei,
3179 3673 3232 3726 in
3261 3673 3600 3728 Iuereditatem
3637 3675 3850 3744 accipite

2274 3770 2613 3828 praporatum
2643 3761 2777 3814 vobis
2819 3776 3029 3829 regnum
3072 3770 3191 3816 ante
3226 3763 3631 3817 constitutionem
3672 3764 3849 3817 mundi

2274 3849 2483 3920 (Matth.
2510 3852 2600 3908 25.
2626 3854 2737 3922 δι).
2766 3852 2896 3908 Vide
2922 3853 3301 3924 benignitatem
3324 3856 3552 3923 Domini,
3578 3857 3849 3927 quomodo

2270 3951 2551 4011 antequam
2572 3941 2891 3999 formarctur
2911 3944 3161 4010 mundus,
3186 3953 3240 4001 et
3263 3953 3641 4015 produceretur
3663 3947 3845 4016 homo,

2271 4031 2476 4088 infinita
2508 4033 2606 4103 ipsi
2650 4033 2783 4089 bona
2813 4034 3195 4104 praeparaverit
3230 4052 3245 4087 :
3276 4036 3566 4093 ostendens
3591 4049 3847 4107 quantam

2271 4126 2437 4179 nostri
2466 4125 2677 4196 generis
2706 4126 3088 4197 providentiam
3111 4137 3281 4197 gerat,
3315 4138 3368 4182 et
3395 4143 3454 4184 se
3476 4132 3713 4185 omnium
3756 4147 3847 4188 sa-

2272 4221 2436 4277 lutem
2459 4221 2614 4277 velle.

2348 4311 2467 4367 Non
2496 4321 2719 4389 nostram
2761 4311 2945 4377 solum,
2978 4312 3069 4366 sed
3098 4320 3145 4365 et
3182 4311 3400 4366 aliorum
3437 4312 3651 4367 salutem
3671 4329 3857 4373 curare

2274 4402 2825 4458 dcbcmus.—'l'alem
2867 4402 3025 4471 igitur
3074 4400 3330 4457 habentes
3383 4402 3684 4473 Dominum,
3741 4414 3850 4461 tam

2273 4494 2689 4555 misericordem,
2720 4504 2826 4548 tam
2854 4492 3160 4563 benignum,
3192 4503 3296 4546 tam
3328 4503 3686 4560 mansuetum,
3727 4510 3847 4551 cum

2273 4592 2490 4648 nostrae,
2524 4593 2631 4638 tum
2668 4584 2883 4637 fratrum
2913 4594 3215 4639 nostrorum
3244 4587 3428 4639 salutis
3473 4600 3653 4640 curam
3693 4603 3841 4657 gera-

2274 4693 2411 4732 mus.
2442 4676 2571 4731 Nam
2602 4684 2655 4731 et
2682 4676 2781 4730 hoc
2818 4686 3014 4731 nostrai
3057 4676 3243 4729 salutis
3271 4688 3639 4746 argumentum
3669 4681 3769 4734 erit
3794 4692 3847 4738 et

2272 4769 2503 4834 occasio,
2534 4767 2579 4821 si
2621 4783 2726 4821 non
2752 4768 2922 4821 solum
2949 4782 3045 4835 pro
3071 4767 3224 4821 nobis
3251 4766 3381 4835 ipsis
3406 4767 3639 4833 solliciti,
3675 4772 3766 4827 sed
3795 4781 3844 4827 et

2273 4861 2515 4931 proximo
2558 4858 2711 4935 utiles
2750 4857 3026 4922 fuerimus,
3068 4867 3118 4913 et
3148 4858 3316 4926 ipsum
3343 4857 3409 4911 ad
3437 4858 3575 4913 viam
3607 4862 3844 4918 veritatis

2272 4954 2612 5008 deducamus.
2668 4949 2735 5005 Et
2784 4958 2840 5004 ut
2879 4949 3054 5005 discas
3093 4958 3347 5019 quantum
3393 4950 3590 5005 bonum
3621 4952 3688 5005 sit
3727 4966 3849 5007 cum

2274 5052 2457 5099 nostra
2482 5043 2703 5097 aliorum
2726 5042 2885 5096 etiam
2908 5042 3135 5095 salutem
3158 5040 3373 5105 lucrari,
3392 5040 3512 5093 audi
3539 5042 3849 5111 prophetam

2272 5152 2342 5191 ex
2373 5149 2593 5207 persona
2624 5134 2714 5188 Dei
2740 5132 3004 5186 dicentem
3040 5148 3053 5183 :
3084 5130 3184 5197 Qui
3209 5132 3373 5184 educit
3399 5132 3667 5201 pretiosum
3692 5150 3724 5186 a
3744 5134 3847 5198 vili,

2270 5231 2413 5301 quasi
2440 5245 2496 5283 os
2537 5243 2699 5282 meum
2748 5227 2839 5283 erit
2883 5224 3015 5297 (Jer.
3046 5225 3131 5280 l5.
3165 5224 3272 5291 19).
3301 5223 3436 5290 Quid
3466 5224 3567 5279 hoc
3595 5236 3677 5280 est
3705 5225 3845 5295 ἵρυὲ

2336 5390 2349 5421 ¹
2389 5394 2515 5436 Unus
2534 5384 2834 5433 Colbcrtinus
2856 5381 3015 5430 Codex
3047 5380 3193 5429 habet
3216 5392 3397 5433 vocem,
3424 5378 3743 5429 adminitrct.
3766 5381 3846 5430 ttlti

2270 5462 2443 5498 omnes
2464 5459 2571 5496 eum
2596 5446 2709 5493 ε’Λίιὶ
2729 5455 2828 5491 tum
2854 5450 2958 5492 Mss.
2982 5443 3158 5499 ferunt,
3182 5438 3408 5501 (edi/ica.
3436 5440 3524 5489 Sed
3550 5454 3715 5489 Veram
3740 5454 3855 5491 esse

2273 5510 2532 5560 lectionem
2546 5506 2802 5553 Colhertini
2822 5506 3005 5552 Culicis
3025 5505 3266 5553 existimo.
3283 5502 3551 5550 secundum
3574 5503 3714 5551 aliam
3736 5516 3855 5549 vero

2273 5571 2532 5621 lectionem
2557 5580 2651 5617 non
2675 5574 2832 5627 potest
2853 5567 3093 5615 sententia
3118 5564 3369 5627 quadrare.
3415 5572 3530 5611 Num
3554 5566 3671 5613 dicat
3682 5578 3740 5627 ιι(
3754 5578 3850 5613 nnn

2275 5645 2415 5693 posse
2436 5631 2631 5693 domum
2656 5624 2939 5693 consistere,
2963 5627 3049 5674 nisi
3064 5626 3188 5693 adsit
3203 5629 3292 5693 qui
3321 5624 3449 5693 illam
3469 5625 3745 5693 construant?
3766 5628 3855 5693 llic
3938 5674 3945 5677 μ

2273 5683 2347 5803 Et};
2358 5696 2498 5741 domo
2510 5692 2606 5751 jam
2629 5697 2807 5739 structa
2829 5692 3004 5751 agitur,
3029 5689 3107 5734 ubi
3136 5683 3293 5733 nullus
3316 5686 3439 5736 ultra
3451 5685 3743 5737 architectus
3767 5690 3853 5738 αρ’

2278 5766 2316 5803 st
2352 5763 2532 5803 cratur.

2278 5763 2512 5804 ειαοινθιιιτ
2519 5787 2532 5801 .
