4084 6500
457 415 522 470 37
1268 409 1322 464 S.
1361 405 1643 462 JOANNIS
1679 397 2168 459 CIIRYSOSTOMI
2208 398 2525 457 Ah'ClllEP.
2565 402 3109 461 CONSTANTINUP.
3806 402 3866 457 38

453 527 610 598 φησι,
638 524 1008 596 χειραγωγῶν,
1047 524 1078 593 ἦ
1113 523 1218 576 ἀπὸ
1245 523 1340 591 τῆς
1366 520 1559 583 κακίας
1590 517 1724 590 πρὸς
1759 516 1960 590 ἀρετὴν
1985 515 2103 584 όδη-

454 613 567 680 γῶν
594 613 684 666 τὸν
723 611 968 682 πλησίον,
995 610 1141 681 ,κατὰ
1167 608 1392 676 δύναμιν
1419 605 1762 682 ἀνθρωπίνην
1795 601 1893 673 ἐμὲ
1919 605 2104 672 μιμεῖ-

455 715 559 751 ται.
601 699 708 750 Καὶ
744 697 850 767 1&9
880 698 971 749 καὶ
999 695 1158 757 αὑτὸς
1194 693 1260 746 δι’
1293 693 1442 746 οὐδὲν
1473 692 1678 762 ἕτερον,
1709 689 1839 752 Θεὸς
1878 686 1974 749 ὣν,
2007 687 2106 756 τὴν

457 784 725 854 ἡμετέραν
755 777 919 836 ὑπέδυ
954 783 1150 853 σάρκα,
1193 781 1285 833 καὶ
1311 779 1398 832 διὰ
1424 780 1522 848 τὴν
1567 775 1833 846 σωτηρίαν
1860 773 1955 826 τοῦ
1981 773 2104 854 ,τῶν

455 852 753 939 ἀνθρώπων
785 870 967 937 γένους
1004 869 1220 936 γέγονεν
1246 866 1546 935 ἄνθρωπος.
1580 863 1686 916 Καὶ
1721 861 1772 914 τί
1818 852 2104 929 λέγω,“τὴν

455 956 727 1026 ἡμετέραν
770 956 931 1009 ὑπέδυ
960 956 1157 1026 σάρκα,
1202 953 1295 1006 καὶ
1323 953 1388 1006 τά
1415 952 1549 1005 ἀλλα
1576 949 1752 1004 πάντα
1795 948 1862 1001 τά
1892 945 2102 1018 ἀνθρώο

455 1058 586 1096 πινα
618 1044 924 1113 ὑπέμεινεν,
956 1042 1088 1094 ὅπου
1126 1056 1190 1109 γε
1234 1040 1329 1092 καὶ
1369 1035 1459 1089 τὸν
1500 1035 1728 1105 σταυρὸν
1761 1031 2101 1098 κατεδέξατο,

455 1126 542 1180 ἵνα
573 1129 718 1197 ἡμᾶς
742 1128 866 1190 τοὺς
899 1127 1003 1180 ὑπὸ
1045 1125 1323 1197 ἁμαρτιῶν
1351 1121 1768 1192 προδεδομένους
1807 1119 1906 1189 τῆς
1937 1117 2103 1171 κατά⁹

455 1229 550 1280 ρας
576 1211 914 1287 ἐλευθερώσῃ
933 1231 947 1278 ς
973 1213 1079 1266 Καὶ
1102 1211 1196 1281 βοᾷ
1219 1210 1374 1263 τοῦτο
1398 1207 1604 1271 Παῦλος
1623 1207 1793 1275 λέγων
1813 1223 1827 1237 ·
1850 1204 2101 1273 Χριστὸς

453 1294 606 1364 ἡμᾶς
636 1296 1009 1366 ἐξηγόρασεν
1046 1297 1114 1349 ἐκ
1145 1294 1252 1361 τῆς
1283 1293 1541 1361 κατάρας
1568 1289 1673 1347 τοῦ
1703 1293 1907 1360 νόμου,
1935 1291 2102 1358 τενόο

370 1401 376 1408 ‘
448 1399 628 1451 μενος
658 1385 808 1451 ὑπὲρ
854 1381 1020 1452 ἡμῶν
1045 1381 1289 1450 κατάρα.
1333 1382 1396 1434 El
1436 1381 1613 1434 τοίνυν
1652 1379 1832 1440 αὑτὸς,
1862 1376 1993 1438 Θεὸς
2028 1373 2102 1428 ῶν

453 1469 669 1538 καὶτῆς
713 1470 898 1532 οὑσίας
933 1469 1146 1539 ἐκείνης
1177 1468 1276 1538 τῆς
1320 1468 1628 1538 ἀπορρήτου
1671 1464 1970 1534 τυγχάνων,
2015 1461 2104 1515 διά

454 1555 858 1630 φιλανθρωπίαν
880 1555 1086 1625 ἀφατον
1102 1555 1272 1610 ταῦτα
1293 1556 1508 1609 ἅπαντα
1530 1550 1848 1616 κατεδέξατο
1870 1551 1936 1603 δι’
1954 1551 2102 1620 ἡμᾶς

454 1643 544 1696 καὶ
569 1643 667 1712 τὴν
695 1643 966 1712 σωτηρίαν
993 1643 1093 1714 τὴν
1119 1641 1389 1713 ἡμετέραν
1409 1655 1424 1670 ⁸
1453 1640 1505 1693 τί
1531 1639 1628 1692 οὑκ
1645 1638 1712 1692 ἂν
1743 1638 1931 1706 εῖημεν
1951 1636 2103 1689 αὑτοὶ

451 1727 649 1781 δίκαιοι
676 1732 803 1800 περὶ
828 1732 952 1793 τοὺς
976 1732 1251 1800 ὁμογενεῖς
1274 1726 1636 1793 ἐπιδείξασθαι
1659 1723 1752 1778 καὶ
1776 1724 1843 1776 τά
1872 1722 2008 1791 μέλη
2033 1720 2102 1774 τὰ

453 1812 714 1883 ἡμέτερα,
748 1814 884 1868 ὥστε
937 1815 1029 1868 καὶ
1068 1818 1166 1885 τῆς
1207 1813 1484 1884 φάρυγγος
1512 1811 1708 1874 αὑτοὺς
1741 1820 1767 1848 ι
1797 1809 2102 1879 ἐξαρπάσαι

450 1896 544 1949 τοῦ
571 1897 834 1963 διαϐόλου,
867 1902 961 1969 καὶ
990 1902 1126 1969 πρὸς
1165 1901 1262 1970 τὴν
1307 1900 1405 1968 τῆς
1438 1897 1639 1969 ἀρετῆς
1685 1896 1800 1948 ὁδὸν
1831 1910 2100 1965 χειραγω-

451 1982 650 2051 Υῆσαιὲ
679 1981 829 2054 Ὀσφ
873 1984 980 2056 1&9
1027 1985 1173 2056 ψυχὴ
1220 1985 1467 2055 σώματος
1514 1983 1815 2054 κρείσσων,
1865 1980 2102 2049 τοσούτῳ

445 2068 558 2120 τῶν
594 2071 836 2139 χρήμασι
868 2071 1200 2140 βοηθούντων
1227 2073 1336 2133 τοῖς
1372 2070 1641 2139 δεομένοις
1672 2062 1814 2122 οὗτοι
1841 2065 2102 2135 μειζόνων

451 2154 725 2218 ἀξιοῦνται
752 2155 860 2208 τῶν
889 2156 1130 2227 άμοιϐῶν
1164 2158 1214 2209 οί
1247 2157 1334 2209 διά
1361 2156 1460 2224 τῆς
1487 2153 1858 2226 παραινέσεως
1885 2153 1976 2205 καὶ
2003 2152 2100 2221 τῆς

453 2242 706 2312 συνεχοῦς
725 2243 1063 2306 διδασκαλίας
1083 2245 1204 2307 τοὺς
1239 2243 1513 2314 ῥᾳθύμους
1531 2243 1625 2294 καὶ
1643 2237 2100 2301 ἀναπεπτωκότας

450 2328 736 2393 ἀνάγοντες
763 2329 855 2380 ἐπὶ
880 2329 978 2399 τὴν
1005 2329 1217 2382 εὐθεῖαν
1248 2329 1386 2391 ὁδὸν,
1411 2329 1504 2382 καὶ
1537 2326 1841 2389 δεικνύντες
1868 2326 1967 2396 τῆς
2003 2324 2099 2394 μὲν

451 2413 644 2477 κακίας
673 2415 732 2467 τὸ
753 2415 1006 2482 δυσειδὲς,
1035 2416 1132 2486 τῆς
1153 2416 1209 2470 δέ
1237 2417 1375 2470 κατὰ
1399 2417 1530 2470 Θεὸν
1553 2415 1753 2486 ἀρετῆς
1777 2413 1876 2484 τὴν
1901 2410 2100 2482 πολλὴν

449 2499 747 2570 εὐμορφίαν
771 2502 818 2556 δ.

488 2609 548 2655 ε’.
564 2603 747 2658 Ταῦτα
761 2605 936 2658 τοίνυν
955 2607 1165 2660 ἃπαντα
1183 2605 1401 2671 εἰδότες,
1420 2605 1525 2677 πρὸ
1543 2603 1650 2659 τῶν
1661 2604 1832 2659 ἀλλων
1848 2603 2099 2658 ἀπάντων

448 2701 555 2753 τῶν
583 2700 848 2770 βιωτικῶν
878 2702 1005 2773 περὶ
1034 2702 1133 2772 τῆς
1164 2703 1303 2757 κατὰ
1333 2703 1510 2772 ψυχὴν
1538 2701 1809 2774 σωτηρίας
1842 2699 2098 2767 διαλεγώ-

448 2793 586 2861 μεθα
623 2793 736 2856 τοῖς
773 2792 1032 2863 πλησίον,
1080 2794 1160 2857 είς
1202 2793 1406 2863 ταύτην
1439 2794 1635 2856 αὑτοὺς
1679 2794 1959 2861 ἐνάγοντες
2001 2790 2100 2859 τὴν

448 2888 733 2960 μέριμναν.
778 2889 1083 2959 ’Δγαπητὸν
1136 2889 1272 2960 1&9,
1306 2889 1619 2960 ἀγαπητὸν,
1661 2888 1898 2958 συνεχῶς
1929 2888 2100 2942 ταῦτα

448 2983 809 3055 ένηχουμένην
845 2984 942 3054 τὴν
988 2983 1166 3056 ψυχὴν
1212 2982 1505 3052 δυνηθῆναι
1547 2984 1858 3051 ἀνενεγκεῖν
1893 2984 1958 3036 ἐκ
1999 2983 2098 3052 τῆς

449 3071 682 3126 ἀϐύσσου
711 3073 819 3126 τῶν
855 3074 1040 3128 κακῶν
1066 3075 1175 3127 τῶν
1209 3075 1265 3126 ἐν
1292 3072 1370 3143 τῷ
1401 3073 1550 3143 μέσῳ
1583 3073 1982 3143 στρεφομένων,
2007 3073 2100 3125 καὶ

449 3160 826 3230 περιγενέσθαι
858 3161 956 3231 τῆς
993 3161 1101 3213 τῶν
1135 3161 1321 3214 παθῶν
1349 3159 1796 3224 ἐπαναστάσεως,
1845 3159 1985 3227 άπερ
2023 3158 2102 3210 δι-

447 3249 653 3318 ηνεκῶς
687 3249 960 3320 πολιορκεῖ
1007 3247 1104 3319 τὴν
1146 3250 1415 3319 ἡμετέραν
1461 3248 1659 3318 ψυχήν.
1682 3247 1789 3299 Καὶ
1824 3245 1912 3300 διὰ
1943 3245 2101 3299 τοῦτο

446 3335 601 3403 χρεία
624 3337 752 3405 ἡμῖν
796 3335 992 3404 πολλῆς
1016 3335 1115 3404 τῆς
1144 3336 1466 3405 ἀγρυπνίας,
1505 3334 1692 3404 ἐπειδὴ
1722 3335 1815 3388 καὶ
1849 3332 2099 3402 διηνεκὴς

448 3423 576 3491 ἡμῖν
607 3422 751 3474 ἐστιν
781 3423 810 3474 6
831 3422 1082 3491 πόλεμος,
1115 3422 1207 3474 καὶ
1236 3421 1524 3492 ἀπκωχὴν
1545 3421 1796 3473 οὐδέποτε
1825 3419 1963 3488 ἔχων
1983 3436 1995 3449 ·
2019 3418 2099 3471 διὸ

446 3507 538 3559 καὶ
577 3506 785 3570 Παῦλος
811 3506 992 3574 ἔλεγεν
1030 3507 1294 3575 Ἐφεσίοις
1322 3507 1546 3576 γράφων
1565 3523 1579 3538 ο
1612 3507 1731 3559 υύκ
1760 3507 1930 3558 ἐστιν
1955 3504 2100 3573 ἡμῖν

447 3595 484 3659 ἡ
508 3594 668 3660 πάλη
701 3593 849 3661 πρὸς
871 3591 1012 3662 algu
1036 3594 1136 3646 και
1163 3593 1378 3660 σάρκα,
1408 3592 1567 3646 ἀλλὰ
1586 3591 1734 3658 πρὸς
1761 3591 1866 3656 τὰς
1889 3591 2096 3659 ἀρχὰς,

448 3677 562 3749 ['20]
593 3679 741 3746 πρὸς
774 3681 878 3744 τὰς
908 3678 1213 3744 ἐξουσίας,
1256 3680 1403 3745 πρὸς
1435 3677 1575 3742 τοὺς
1615 3675 2096 3745 κοσμοκράτορας

446 3765 550 3818 τοῦ
589 3766 849 3830 σκότους
881 3763 987 3817 τοῦ
1015 3763 1227 3828 αίῶνος
1268 3764 1502 3825 τούτου,
1537 3761 1686 3829 πρὸς
1735 3763 1806 3815 τὰ
1839 3779 2098 3832 πνευμαρ

447 3849 578 3903 τικὰ
602 3849 710 3916 τῆς
734 3851 1023 3918 πονηρίας
1043 3850 1112 3902 ὲν
1137 3849 1258 3914 τοῖς
1279 3850 1675 3915 ἐπουρανίοις.
1706 3849 1796 3919 Μὴ
1819 3851 2095 3920 νομίσητε,

447 3935 600 4003 φησι,
623 3936 712 3988 τὸν
737 3936 962 4006 τυχόντα
983 3937 1116 4006 ἡμῖν
1146 3935 1461 4005 προκεῖσθαι
1489 3934 1674 4003 ἀγῶνα
1695 3951 1709 3965 ⁸
1727 3937 1790 3988 οὑ
1812 3935 1946 4005 πρὸς
1970 3937 2098 4006 ὁμο-

449 4025 620 4090 γενεῖς
643 4024 771 4092 ἡμῖν
801 4025 946 4077 ἐστιν
985 4025 1017 4093 ἡ
1048 4023 1214 4093 πάλη,
1238 4023 1358 4076 οὑδὲ
1384 4023 1566 4095 έξίσης
1594 4025 1726 4093 ἡμῖν
1757 4025 1872 4075 ἐστι
1900 4024 1967 4077 τὰ
1997 4024 2098 4093 τῆς

451 4110 816 4181 παρατάξεως.
868 4111 976 4163 Καὶ
1007 4111 1114 4181 1&9
1163 4109 1370 4180 σώματι
1430 4110 1929 4180 συμπεπλεγμένοι,
1977 4115 2097 4175 ταῖς

444 4197 752 4265 ἀσωμάτοις
786 4196 1034 4248 παλαίειν
1064 4197 1322 4266 δυνάμεσι
1347 4197 1823 4268 προστετάγμεθαο
1857 4196 1992 4250 ἀλλά
2021 4200 2095 4270 μὴ

433 4281 686 4350 δείσητε⁹
724 4283 773 4333 εί
801 4282 907 4351 1&9
940 4283 1032 4334 καὶ
1084 4282 1368 4352 ἀνώμαλος
1409 4286 1442 4354 ἡ
1485 4284 1666 4354 μάχη,
1713 4282 1847 4335 άλλά
1887 4284 2094 4355 μεγάλη

449 4367 550 4422 τῶν
595 4368 771 4421 ὅπλων
816 4368 922 4420 τῶν
965 4368 1247 4439 ἡμετέρων
1297 4371 1329 4439 ἡ
1366 4369 1612 4439 δύναμις.
1669 4370 1944 4439 Ἑπήγαγε
1988 4372 2095 4443 1&9

450 4455 721 4525 μονονουχὶ
752 4454 944 4524 λέγων,
975 4455 1161 4525 ἐπειδὴ
1191 4454 1388 4524 ἔγνωτε
1422 4456 1531 4508 τῶν
1570 4456 1841 4526 πολεμίων
1871 4456 1967 4528 τὴν
1992 4459 2094 4527 φύ-

448 4559 550 4606 σιν,
578 4544 649 4613 μὴ
679 4543 1045 4614 καταπέσητε,
1078 4544 1210 4613 μηδέ
1235 4544 1546 4614 ναρκήσητε
1583 4543 1718 4614 πρὸς
1750 4543 1847 4614 τὴν
1882 4546 2057 4612 πάλην
2076 4564 2089 4578 ⁸

447 4629 582 4683 ἀλλά
612 4632 709 4682 Διὰ
738 4631 911 4686 τοῦτο
940 4631 1267 4686 ἀναλάϐετε
1288 4630 1402 4697 τὴν
1425 4632 1768 4686 πανοπλίαν
1787 4631 1891 4686 τοῦ
1922 4633 2090 4699 Θεοῦ,

446 4715 593 4782 πρὸς
627 4715 691 4768 τὸ
728 4716 1020 4772 δύνασθαι
1048 4715 1201 4786 ὑμᾶς
1229 4716 1449 4785 στῆναι
1476 4718 1624 4784 πρὸς
1659 4718 1760 4783 τὰς
1784 4719 2084 4787 μεθοδείας

448 4802 549 4854 τοῦ
579 4801 874 4855 διαϐόλου.
905 4802 1100 4855 Πολλαὶ
1133 4802 1241 4872 1&9
1268 4813 1289 4840 ο
1321 4805 1374 4855 αἱ
1407 4803 1592 4854 τούτου
1627 4803 1916 4872 μεθοδεῖαι,
1949 4805 2091 4859 τοῦτ’

447 4887 589 4940 εστιν
615 4887 742 4950 ὁδοὶ,
761 4888 828 4940 δι’
848 4883 922 4940 ὦν
949 4887 1318 4952 ὑποσκελίζειν
1341 4889 1610 4959 ἐπιχειρεῖ
1644 4889 1769 4952 τοὺς
1794 4890 2094 4962 ῥᾳθυμοτέ-

448 4989 596 5043 ρους,
629 4975 720 5025 καὶ
743 4973 822 5025 δεῖ
848 4974 1049 5036 ταύτας
1076 4973 1316 5044 ἀκριϐῶς
1346 4974 1690 5039 ἐπίστασθαι,
1724 4975 1863 5030 ὥστε
1898 4977 2090 5047 διαφυ-

447 5062 561 5126 γεῖν
590 5059 751 5113 αὑτοῦ
793 5061 889 5123 τὰς
918 5061 1106 5124 λαϐάς,
1142 5062 1233 5114 καὶ
1265 5061 1534 5131 μηδεμίαν
1561 5061 1708 5132 αὑτῴ
1744 5065 2091 5134 παρείσδυσιν

445 5143 682 5213 ἀφιέναι,
709 5145 842 5199 ἀλλά
870 5147 960 5199 καὶ
984 5146 1227 5215 γλώττης
1257 5146 1538 5216 ἀκρίϐειαν
1563 5149 1973 5214 ἐπιδείκνυσθαι,
1997 5151 2090 5203 καὶ

435 5229 730 5300 ὀφθαλμῶν
786 5233 1117 5300 ἀσφάλειαν,
1165 5234 1258 5285 καὶ
1291 5232 1526 5295 διανοίας
1575 5234 1954 5306 καθαρότητα,
2001 5237 2091 5289 καὶ

429 5317 702 5385 διηνεκῶς
735 5317 1020 5384 ἐναγώνιον
1043 5315 1202 5381 εἶναι,
1242 5320 1493 5389 καθάπερ
1525 5318 1714 5388 θηρίου
1741 5321 1882 5383 τινὸς
1915 5323 2092 5376 ἐπιόν-

445 5420 553 5464 τος,
593 5404 684 5455 καὶ
705 5404 1041 5473 λυμήνασθαι
1075 5407 1203 5475 ἡμῖν
1232 5405 1650 5478 ἐπιχειροῦντος.
1687 5407 1783 5459 Διὰ
1810 5409 1916 5478 γὰρ
1935 5410 2091 5464 τοῦτο

438 5490 536 5544 ,καὶ
562 5491 593 5557 ἡ
629 5490 1004 5562 οὐρανομήκης
1033 5492 1214 5563 ἐκείνη
1243 5495 1406 5564 ψυχὴ,
1445 5495 1472 5545 ὁ
1506 5493 1611 5545 τῶν
1642 5492 1810 5545 ἐθνῶν
1844 5494 2090 5548 διδάσκα-

444 5574 551 5638 λος,
586 5577 616 5644 ἡ
652 5575 862 5654 γλῶττα
894 5578 987 5646 τῆς
1017 5579 1362 5648 οἰκουμένης,
1402 5580 1430 5631 6
1463 5579 1602 5648 ὑπὲρ
1637 5579 1738 5648 τῆς
1775 5579 1882 5632 τῶν
1913 5579 2089 5650 μαθη-

505 5729 530 5758 ⁸
552 5730 630 5776 Sic
652 5729 799 5778 Savil.
826 5731 948 5791 Reg.
971 5739 1021 5780 el
1039 5732 1239 5782 Coislin.
1261 5747 1270 5790 ;
1301 5733 1475 5780 Morel.
1498 5733 1660 5782 αὑτοῦ.

507 5791 773 5893 bgju‘inquc
801 5805 912 5839 mss.
938 5793 1020 5838 τὴν
1047 5796 1220 5848 πολλὴν
1246 5795 1460 5843 εὐωδίαν.
1488 5795 1614 5846 Infra
1645 5796 1842 5845 Coislin.
1868 5803 1948 5855 τῆς
1967 5799 2088 5846 κατὰ

511 5868 533 5893 Ὶ
560 5870 594 5893 ,ν
613 5868 788 5893 αοετηε-

481 5868 594 5898 ’δγην
613 5868 788 5898 unum.

444 5851 594 5909 ψυχὴν
613 5853 788 5912 ἀρετῆς.

509 5916 528 5940 τ
555 5912 751 5960 (ἷκιιείίιι.
781 5913 922 5960 πόσαι
957 5912 1061 5974 γάρ.

2213 515 2516 583 τευομένων
2549 518 2820 588 σωτηρίας
2859 517 3072 573 ἅπαντα
3104 518 3639 588 πραγματευόμενος,
3677 515 3865 578 εἰπὼν,

2224 601 2575 656 Ἀναλάσετε
2604 603 2716 671 τὴν
2733 607 3078 659 πανοπλίαν
3092 603 3194 659 τοῦ
3218 603 3384 669 Θεοῦ,
3415 605 3574 657 πάλιν
3598 605 3867 674 ἐπήγαγε,

2211 686 2474 740 πάντοθεν
2511 691 2659 758 ἡμᾶς
2695 691 3076 761 περιφράττων
3099 731 3113 756 ,
3149 691 3242 744 καὶ
3273 689 3602 760 ἀχειρὼτους
3643 689 3870 760 ἐργαζό-

2213 788 2392 840 μενος,
2444 774 2586 828 οὑτω
2630 775 2834 846 λέγων·
2887 777 3076 846 Στῆτε
3121 772 3234 832 οὖν
3273 773 3720 845 περιεζωσμένοι
3754 774 3870 842 τὴν

2211 859 2413 928 έσφὺν
2447 863 2616 931 ὑμῶν
2642 863 2711 917 ἐν
2742 864 3008 931 ἀληθείᾳ,
3049 865 3145 920 καί
3179 861 3575 932 ἐνδυσάμενοι
3619 861 3726 915 τὸν
3761 860 3870 915 θώ-

2201 962 2361 1012 ρακα
2391 946 2502 1014 τῆς
2529 950 2784 1016 πίστεως
2807 947 2854 1017 δ,
2896 951 2992 1004 καί
3027 950 3474 1019 ὑποδησάμενοι
3499 949 3640 1014 τοὺς
3676 945 3870 1013 πόδας

2206 1031 2278 1085 ἐν
2297 1033 2604 1103 ἑτοιμασίᾳ
2625 1035 2732 1089 τοῦ
2759 1037 3109 1106 εὐαγγελίου
3137 1036 3248 1106 τῆς
3266 1025 3530 1105 είρήνής,
3555 1034 3652 1089 ἐπὶ
3677 1031 3877 1089 πᾶσιν.

2208 1118 2611 1188 ἀναλαϐόντες
2637 1123 2746 1177 τόν
2787 1126 3003 1192 θυρεὸν
3037 1123 3147 1191 τῆς
3178 1123 3454 1188 πίστεως,
3490 1123 3562 1176 έν
3596 1113 3644 1187 ᾧ
3687 1117 3870 1186 δυνή-

2206 1211 2392 1262 σεσθε
2423 1207 2620 1263 πάντα
2653 1212 2722 1265 τὰ
2744 1211 2903 1278 ,βέλη
2931 1211 3036 1265 τοῦ
3066 1211 3331 1280 πονηροῦ
3368 1209 3439 1264 τὰ
3471 1207 3868 1276 πεπυρωμένα

2206 1295 2441 1358 σϐέσαι,
2469 1295 2564 1348 καί
2601 1295 2723 1362 τὴν
2745 1299 3214 1366 περικεφαῖαίαν
3230 1296 3337 1350 τοῦ
3370 1295 3662 1363 σωτηρίου
3689 1293 3866 1357 δέξα-

2205 1382 2335 1442 σθε,
2371 1381 2469 1434 καί
2498 1381 2612 1450 τὴν
2631 1382 2932 1451 μάχαιραν
2955 1384 3059 1436 τοῦ
3094 1385 3452 1452 Πνεύματος,
3491 1383 3524 1435 6
3549 1382 3678 1435 ἐστι
3699 1378 3866 1448 ῥῆμα

2208 1467 2376 1520 Θεοῦ.
2394 1463 2548 1530 Εἶδες
2577 1471 2751 1522 πάντα
2771 1470 2838 1524 τὰ
2869 1469 3004 1540 μέλη
3032 1471 3178 1532 ὅπως
3208 1466 3557 1540 περιέφραξε,
3576 1465 3866 1520 καὶικαθάο

2207 1569 2313 1622 περ
2343 1570 2427 1616 τις
2457 1554 2537 1617 είς
2564 1555 2798 1624 πόλεμόν
2825 1571 2945 1608 τινα
2975 1555 3184 1625 μέλλων
3209 1554 3518 1623 ἐξαγαγεῖν,
3544 1552 3687 1606 οὕτω
3717 1551 3865 1623 πρῶ-

2204 1655 2296 1691 τον
2328 1640 2425 1708 μὲν
2452 1643 2520 1711 τῇ
2551 1639 2694 1712 ζώνη
2739 1641 3093 1710 ἠσφαλίσατο,
3127 1641 3268 1694 ὥστε
3295 1640 3513 1695 εὑκολον
3554 1635 3692 1693 εἶναι
3733 1639 3867 1708 ἡμῖν

2205 1725 2294 1777 τὸν
2323 1725 2542 1797 δρόμον,
2575 1726 2763 1779 ἔπειτα
2813 1727 2904 1780 τὸν
2933 1725 3157 1798 θώρακα
3187 1727 3429 1780 ἐνέδυσεν
3449 1766 3467 1793 ,
3512 1727 3600 1778 ἵνα
3641 1726 3716 1795 μὴ
3760 1724 3866 1777 ὑπὸ

2204 1811 2313 1864 τῶν
2359 1812 2528 1882 βελῶν
2555 1812 2940 1885 πληττώμεθα,
2985 1815 3081 1868 καὶ
3125 1814 3250 1879 τοὺς
3296 1814 3457 1877 πόδας
3509 1813 3863 1882 ἠσφαλίσατο,

2205 1896 2301 1949 καὶ
2329 1898 2662 1968 πανταχόθεν
2683 1902 2749 1970 τῇ
2771 1900 2950 1952 πίστει
2970 1902 3359 1971 περιέφραξενς
3387 1900 3531 1970 Αῦτη
3553 1899 3681 1969 1&9.
3701 1899 3863 1968 αὕτην

2207 1984 2360 2053 φησι,
2391 1987 2486 2038 καὶ
2513 1985 2582 2038 τά
2611 1985 2738 2056 βέλη
2767 1985 2860 2040 τοῦ
2897 1987 3133 2057 πονηροῦ
3167 1987 3234 2039 τά
3267 1986 3637 2057 πεπυρωμένα
3675 1983 3864 2036 σϐέσαι

2204 2069 2514 2145 δυνήσεται.
2540 2072 2674 2126 Τίνα
2720 2072 2778 2124 δέ
2809 2074 2925 2125 ἐστι
2967 2071 3059 2126 τοῦ
3093 2072 3336 2126 διαϐόλου
3384 2072 3453 2125 τά
3484 2071 3645 2142 βέλη;
3675 2070 3740 2122 Δί
3769 2086 3866 2121 πο-

2205 2156 2366 2225 νηραὶ
2410 2157 2717 2227 ἐπιθυμίαι,
2747 2159 2796 2210 οί
2842 2158 3140 2229 ἀκάθαρτοι
3187 2159 3451 2229 λογισμοὶ,
3484 2157 3555 2211 τά
3601 2155 3747 2226 πάθη
3795 2154 3866 2207 τά

2204 2240 2446 2310 ὀλέθρια,
2486 2242 2678 2313 θυμὸς,
2711 2243 3011 2313 βασκανία,
3041 2245 3260 2314 φθόνος,
3301 2244 3470 2316 ὀργὴ,
3509 2246 3691 2314 μῖσος.
3723 2257 3864 2312 χρηο

2208 2327 2392 2396 μάτων
2437 2328 2700 2398 ἐπιθυμία
2745 2331 2838 2383 καὶ
2883 2332 2915 2400 ἡ
2959 2330 3090 2402 άλλη
3122 2331 3308 2385 ἅπασα
3342 2330 3602 2401 ῥᾳθυμία.
3643 2327 3866 2389 Ταῦτα,

2206 2412 2391 2482 φησὶν,
2427 2415 2642 2468 ἅπαντα
2673 2415 2863 2470 σϐέσαι
2892 2416 3182 2486 δυνήσεται
3206 2419 3239 2486 ἡ
3287 2418 3528 2488 μάχαιρα
3566 2414 3658 2467 τοῦ
3694 2411 3868 2466 Πνεύ-

2208 2517 2397 2570 ματος.
2438 2503 2549 2555 Καὶ
2589 2503 2642 2555 τί
2684 2502 2827 2571 λέγω
2870 2502 3092 2569 σϐέσαι;
3143 2503 3251 2557 Καὶ
3281 2503 3380 2574 τὴν
3421 2500 3658 2571 κεφαλὴν
3694 2498 3868 2567 αὑτὴν

2203 2586 2297 2638 τοῦ
2324 2587 2582 2657 πολεμίου
2608 2589 2902 2660 ἀποτεμεῖν
2929 2589 3236 2660 δυνήσεται.
3267 2585 3417 2652 Εἶδες
3449 2587 3564 2649 πῶς
3592 2585 3866 2654 ὲνεύρωσε

2201 2673 2328 2734 τοὺς
2358 2673 2865 2744 μαθητευομένους;
2905 2673 3023 2738 πῶς
3062 2674 3232 2746 κηροῦ
3263 2670 3868 2745 μαλακωτέρους-δντας

2205 2757 2420 2829 σιδήρου
2456 2761 2840 2832 στερροτέρους
2878 2763 3203 2833 εἰργάσατο;
3255 2761 3468 2831 Ἐπειδὴ
3503 2759 3611 2829 γάρ
3636 2759 3768 2828 ἡμῖν
3799 2759 3865 2810 οὑ

2204 2845 2340 2916 πρὸς
2369 2841 2504 2916 αἷμα
2529 2847 2624 2899 καὶ
2654 2847 2830 2917 σάρκα
2854 2848 2882 2901 6
2911 2848 3161 2917 πόλεμος,
3192 2847 3326 2901 ἀλλά
3361 2847 3494 2919 πρὸς
3524 2844 3620 2908 τάς
3642 2844 3870 2914 ἀσωμά-

2202 2946 2330 2993 τους
2361 2930 2638 3002 δυνάμεις,
2687 2934 2774 2986 διά
2805 2933 2963 2986 τοῦτο
2999 2933 3119 2986 οὑδὲ
3164 2933 3234 2986 τὰ
3283 2932 3421 2986 δπλα
3467 2935 3596 3002 ἡμῖν
3627 2930 3866 3001 σαρκικὰ

2203 3017 2546 3088 περιέθηκεν,
2577 3019 2713 3071 ἀλλά
2756 3020 2932 3073 πάντα
2981 3019 3324 3090 πνευματικὰ
3345 3058 3360 3081 ,
3392 3020 3486 3072 καὶ
3523 3018 3694 3080 οὑτως
3729 3018 3868 3070 ἀπο-

2205 3102 2506 3170 στίλϐοντα,
2552 3102 2692 3157 ὥστε
2727 3105 2859 3176 μηδέ
2887 3106 2986 3176 τὴν
3026 3105 3091 3158 ἐκ
3141 3106 3346 3159 τούτων
3377 3105 3570 3174 αίγλην
3618 3105 3863 3172 ἐνεγκεῖν

2202 3187 2462 3241 δύνασθαι
2492 3189 2586 3240 τὸν
2623 3190 2855 3259 πονηρὸν
2889 3191 3093 3244 ἐκεῖνον
3129 3191 3375 3261 δαίμονα.

2275 3291 2389 3363 [ει]
2409 3298 2468 3354 ς’.
2489 3291 2726 3346 Τοιαῦτα
2743 3292 2920 3346 τοίνυν
2935 3294 3074 3347 ὅπλα
3089 3295 3425 3365 ἐνδεδυμένοι
3456 3295 3530 3367 μὴ
3549 3295 3866 3367 φρίττωμεν

2201 3387 2299 3454 τὴν
2328 3387 2524 3458 πάλην,
2558 3387 2693 3459 μηδὲ
2731 3389 2830 3459 τὴν
2861 3389 3174 3461 συμπλοκὴν
3217 3391 3522 3462 φεύγωμεν,
3563 3391 3696 3445 ἀλλά
3727 3395 3866 3463 μηδὲ

2204 3484 2553 3556 ρᾳθυμῶμεν.
2605 3487 2812 3557 Ὠσπερ
2851 3487 2956 3559 1&9
2997 3489 3273 3558 νηφόντων
3305 3489 3461 3560 ἡμῶν
3489 3490 3589 3542 οὑκ
3626 3490 3691 3543 ἀν
3732 3507 3868 3544 ποτε

2203 3581 2537 3652 περιγένοιτο
2572 3585 2601 3637 6
2634 3583 2868 3654 πονηρὸς
2907 3584 3114 3655 δαίμων
3157 3587 3360 3650 ἐκεῖνος
3401 3586 3496 3655 τῆς
3531 3586 3639 3640 τῶν
3684 3585 3869 3640 ὅπλων

2201 3675 2500 3745 δυνάμεως,
2544 3679 2638 3733 ἐὰν
2685 3678 2996 3751 βουλώμεθα
3044 3681 3220 3752 ἀκυρα
3267 3682 3431 3734 αὑτοῦ
3482 3683 3702 3754 ποιῆσαι
3745 3683 3867 3737 τάο

2203 3773 2568 3842 μηχανήματα
2589 3789 2601 3800 '
2630 3772 2800 3838 οὕτως
2827 3774 2919 3828 ὲάν
2949 3777 3298 3846 ρᾳθυμῶμεν,
3323 3778 3472 3830 οὐδὲν
3504 3779 3634 3848 ἡμῖν
3669 3777 3868 3847 ὄφελος

2201 3865 2376 3930 ἔσται,
2404 3865 2498 3920 τοῦ
2550 3869 2805 3939 πολεμίου
2843 3870 2944 3940 τῆς
2988 3871 3261 3944 ἡμετέρας
3292 3873 3563 3944 σωτηρίας
3599 3876 3868 3945 διηνεκῶς

2197 3961 2582 4030 ἐγρηγορότος,
2616 3964 2710 4018 καὶ
2742 3966 2916 4018 πάντα
2948 3965 3087 4019 κατά
3119 3967 3217 4037 τῆς
3252 3969 3522 4039 σωτηρίας
3551 3969 3710 4039 ἡμῶν
3742 3970 3860 4022 δια-

2201 4049 2599 4117 πραττομένου.
2649 4051 2986 4122 Πανταχόθεν
3021 4053 3198 4106 τοίνυν
3242 4055 3550 4125 ὁπλίζωμεν
3594 4056 3824 4118 ἐαυτοὺς
3849 4098 3864 4122 ,

2201 4135 2292 4186 καὶ
2339 4137 2601 4206 ῥημάτων
2653 4138 2976 4207 φειδόμενοι,
3020 4140 3114 4192 καὶ
3153 4142 3489 4211 πραγμάτων
3533 4143 3867 4213 ἀπεχόμενοι

2196 4230 2306 4283 τῶν
2341 4231 2596 4300 βλάπτειν
2648 4233 2794 4302 ἡμᾶς
2829 4233 3137 4302 δυναμένων
3159 4273 3172 4297 ,
3209 4237 3301 4288 καὶ
3339 4237 3474 4306 μετὰ
3506 4237 3605 4306 τῆς
3646 4239 3868 4308 ἀποχῆς

2197 4315 2306 4369 τῶν
2332 4317 2656 4388 βρωμάτων,
2680 4319 2773 4371 καὶ
2800 4321 2898 4387 τῆς
2922 4319 3085 4388 ἀλλης
3108 4322 3326 4392 ἀρετῆς,
3347 4324 3439 4376 καὶ
3458 4323 3556 4392 τὴν
3581 4325 3708 4395 περὶ
3733 4327 3866 4391 τοὺς

2198 4405 2434 4474 πένητας
2469 4404 2747 4472 δαψίλειαν
2787 4406 3251 4477 ἐπιδεικνυώμεθα
3284 4408 3327 4474 ί,
3370 4411 3568 4474 εἰδότες
3613 4412 3711 4481 ὅση
3757 4412 3866 4483 τῆς

2200 4490 2328 4560 περὶ
2366 4491 2585 4553 τούτους
2624 4491 2918 4562 θεραπείας
2969 4494 3100 4561 ἡμῖν
3143 4495 3382 4547 κείσεται
3421 4498 3452 4565 ἡ
3485 4497 3862 4564 ἀνταπόδοσις.

2209 4575 2274 4627 '0
2315 4576 2421 4643 γὰρ
2465 4575 2685 4641 ἐλεῶν,
2724 4581 2892 4647 φησι,
2934 4579 3200 4647 πτωχὸν,
3241 4579 3486 4640 δανείζει
3531 4581 3669 4647 Θεῷ.
3713 4584 3864 4654 Ὅρα

2197 4661 2407 4716 δανείου
2458 4663 2618 4732 φύσιν
2671 4664 2824 4734 ξένην
2879 4665 2970 4717 καὶ
3019 4665 3335 4737 παράδοξον.
3366 4669 3590 4738 Ἐτερός
3640 4671 3786 4723 ἐστιν
3833 4677 3866 4726 6

2197 4751 2506 4821 λαμϐάνων,
2555 4751 2649 4804 καὶ
2694 4751 2877 4822 ἕτερος
2914 4755 2944 4804 6
2979 4752 3057 4821 τῷ
3103 4753 3296 4822 δανείῳ
3329 4756 3519 4808 ἑαυτὸν
3559 4756 3864 4810 ὑπεύθυνον

2197 4836 2488 4899 καθιστάςο
2523 4836 2617 4888 καὶ
2641 4836 2700 4888 οὑ
2751 4837 2909 4889 τοῦτο
2937 4837 3114 4907 μόνον,
3157 4838 3268 4892 ἀλλ’
3309 4840 3387 4892 ὅτι
3417 4841 3510 4892 ἐπὶ
3533 4842 3722 4895 τούτου
3759 4845 3862 4898 τοῦ

2196 4924 2404 4976 δανείου
2435 4924 2535 4976 οὑκ
2564 4922 2710 4975 ἐστιν
2742 4923 3133 4995 ἀγνωμοσύνην
3162 4925 3478 4996 ὑποστῆναι,
3507 4928 3626 4982 οὐδὲ
3663 4929 3862 5000 ἑτέραν

2195 5010 2316 5062 τινὰ
2358 5009 2578 5079 ζημίαν.
2611 5009 2745 5062 Οὑδέ
2795 5009 2935 5079 1&9,
2971 5011 3218 5082 καθάπερ
3249 5011 3512 5078 ἐνταῦθα,
3560 5015 3861 5088 ἑκατοστὴν

2199 5095 2356 5165 μόνον
2385 5096 2722 5163 ὑπισχνεῖται
2748 5095 2937 5147 δώσειν
2960 5099 3006 5162 ε,
3031 5096 3167 5149 ἀλλὰ
3195 5100 3720 5154 ἑκατονταπλασίονα
3742 5103 3861 5158 τῶν

2193 5182 2504 5252 διδομένων,
2546 5182 2638 5232 καὶ
2669 5180 2788 5234 οὑδὲ
2819 5182 2980 5251 μέχρι
3010 5182 3201 5237 τούτου
3242 5185 3474 5252 ἵσταται,
3507 5187 3641 5241 ἀλλά
3681 5188 3860 5244 ταῦτα

2199 5270 2293 5337 μὲν
2317 5270 2373 5320 ἐν
2406 5267 2483 5336 τῷ
2507 5267 2754 5338 παρόντι,
2777 5268 2869 5321 καὶ
2907 5271 2962 5320 ὲν
2987 5268 3064 5338 τῷ
3095 5270 3341 5339 μέλλοντι
3369 5273 3423 5325 δὲ
3451 5273 3594 5345 ζωὴν
3616 5275 3858 5333 αίὼνιον.

2196 5355 2303 5407 Καὶ
2332 5354 2423 5406 ἐπὶ
2480 5353 2579 5424 μὲν
2611 5353 2704 5406 τοῦ
2757 5356 3016 5425 παρόντος
3049 5357 3162 5425 βίου
3211 5359 3261 5412 εί
3297 5377 3379 5422 τις
3425 5363 3555 5429 ἡμῖν
3589 5361 3860 5431 ὑπέσχετο

2193 5443 2508 5496 διπλασίονα
2543 5443 2702 5512 μόνον
2733 5441 2844 5496 τῶν
2890 5443 3176 5515 διδομένων
3209 5447 3297 5515 ὑφ’
3341 5447 3497 5517 ἡμῶν
3527 5454 3858 5519 παρασχεῖν,

2195 5531 2486 5602 προθύμως
2526 5532 2591 5584 ἂν
2617 5531 2832 5587 ἃπασαν
2859 5533 3014 5604 ἡμῶν
3048 5535 3142 5606 τὴν
3176 5536 3404 5607 ὓπαρξιν
3434 5539 3858 5610 προσηκάμεθα,

2256 5671 2282 5710 δ
2304 5673 2502 5736 ῼοίσιίη.
2525 5673 2606 5721 τὸν
2633 5674 2823 5736 θώρακα
2846 5681 2927 5732 τῆς
2953 5677 3266 5735 δικαιοσύνης.

2262 5748 2284 5770 e
2306 5733 2385 5781 Sic
2405 5737 2624 5794 quinque
2665 5733 2779 5784 "iss.
2806 5742 2851 5784 ει
2887 5738 3036 5787 Savil.
3065 5733 3230 5787 Morel".
3275 5761 3284 5787 :

2199 5796 2580 5860 βουλῴιιεθα,καὶ
2610 5797 2759 5858 ἄκυρα
2778 5797 2922 5845 αὑτοῦ
2950 5801 3206 5860 ποιήσομεν
3230 5803 3306 5848 τά.

2268 5855 2285 5919 ί
2309 5855 2521 5919 ίξοιὺοτι.
2549 5862 2598 5902 ιιι
2625 5855 2819 5907 (Συίειὶιι.
2844 5855 3209 5919 ἐπιδεικνύμεθα.

2265 5918 2286 5958 ε
2312 5916 2430 5979 lleg.
2462 5924 2515 5966 cl
2537 5919 2731 5968 Coislin.
2758 5921 3048 5982 ὑπισχνεῖται
3080 5916 3230 5971 ’δόσιν-
3265 5923 3358 5974 Alii
3386 5924 3566 5972 δώσειν.

3333 5740 3586 5802 δυνάμεως,
3627 5742 3730 5791 ἀλλ’
3757 5743 3858 5794 ’ἐὰν
