4086 6490
105 438 160 492 37
1232 427 1295 483 1N
1333 427 1484 484 CAP.
1529 425 1566 483 Ι.
1607 425 1677 483 οι

1787 425 1853 482 :s.
1896 425 2127 482 ιιωίιι.
2172 425 2257 482 ltl.
3313 437 3382 494 δι,

105 545 161 601 ab
184 558 362 601 errore
382 541 449 596 ad
464 541 762 604 veritatem,
781 539 873 602 ait,
896 537 1288 603 manuduxcrit,
1308 539 1388 593 vel
1411 554 1438 590 a
1459 546 1678 608 peccato

105 639 160 691 ad
190 643 434 691 virtutem
467 635 768 704 proximum
797 631 1084 692 induxerit.
1118 645 1213 700 pro
1241 631 1376 683 virili
1411 639 1559 698 parte
1582 629 1671 682 hu-

104 743 241 783 mana
273 742 358 781 me
385 726 647 781 imitatur.
679 725 885 781 Etenim
909 723 1021 794 ipse
1047 737 1166 779 cum
1191 722 1330 777 Dens
1349 723 1436 782 sit,
1459 731 1679 791 promer

103 819 217 872 nihil
240 819 382 872 aliud
412 826 652 871 nostram
675 815 846 870 induit
872 829 1111 879 carnem,
1135 823 1191 868 et
1219 823 1434 883 propter
1459 812 1677 866 humani

101 909 293 977 generis
334 908 569 962 salutem
612 906 784 962 factus
808 916 890 960 est
928 905 1109 960 homo.
1141 903 1247 960 Sed
1286 903 1412 972 quid
1453 918 1556 973 ego
1580 917 1678 956 no-

101 1012 246 1052 stram
288 998 438 1052 illum
470 997 708 1052 induisse
748 996 1134 1061 mrnctmdico,
1173 1005 1471 1064 cmteraque
1497 993 1677 1048 onmia

99 1089 405 1144 sustinuisse
453 1089 706 1152 humana,
737 1086 950 1157 quando
985 1086 1144 1140 etiam
1173 1099 1392 1140 crucem
1421 1084 1674 1154 suscepit,

99 1192 145 1233 ut
163 1196 252 1234 nos
273 1187 498 1250 peccato
524 1179 785 1234 obnoxios
805 1194 834 1232 a
861 1177 1143 1233 maledicto
1170 1177 1460 1232 liberaret?
1491 1177 1556 1231 Et
1577 1175 1677 1230 hoc

99 1287 289 1340 qtrmjue
335 1270 536 1325 Paulus
585 1270 799 1337 clamat,
843 1269 1070 1324 dicens:
1123 1267 1350 1323 Christus
1397 1284 1488 1321 nos
1530 1267 1678 1321 rede-

100 1365 176 1414 mit
221 1380 251 1416 a
299 1363 573 1416 maledicto
619 1362 762 1433 legis,
805 1366 970 1433 {actus
1019 1377 1112 1430 pro
1164 1359 1306 1414 nobis
1354 1358 1678 1413 maledictum

99 1452 224 1523 (Gal.
257 1454 311 1508 5.
339 1455 456 1524 15).
486 1453 542 1510 Si
573 1455 732 1524 igitur
759 1454 893 1523 ipse,
915 1453 1004 1524 qui
1037 1453 1175 1507 Deus
1203 1462 1288 1507 est
1311 1463 1365 1507 et
1394 1450 1678 1506 ineﬂ‘abilis

98 1545 363 1611 essentia,
409 1545 486 1600 ob
539 1545 921 1616 benignitatem
964 1545 1284 1600 ineffabilem
1336 1545 1452 1602 hinc
1498 1544 1676 1601 omnia

100 1644 300 1702 propter
342 1650 446 1691 nos
490 1645 544 1690 et
582 1646 800 1705 propter
841 1637 1067 1692 salutem
1108 1645 1348 1691 nostram
1392 1637 1672 1706 suscepit:

100 1725 210 1792 quid
240 1740 344 1780 non
393 1741 426 1781 ι
481 1727 636 1782 nobis
663 1742 874 1798 tequum
901 1735 983 1783 est
1009 1735 1264 1797 pnestare
1289 1743 1414 1799 erga
1439 1741 1554 1792 eos,
1587 1729 1675 1797 qui

99 1818 288 1885 cognati
314 1826 444 1873 sunt
468 1833 533 1874 ac
553 1819 789 1874 membra
822 1829 1024 1882 nostra,
1047 1829 1105 1874 ut
1131 1829 1347 1889 ereptos
1363 1833 1456 1874 eos
1481 1836 1545 1874 cs
1566 1819 1679 1874 dia-

101 1905 190 1958 buli
235 1905 500 1972 faucibus,
532 1908 586 1962 in
615 1908 752 1962 viam
795 1908 1012 1962 virtutis
1039 1907 1402 1964 inducamus?
1442 1908 1576 1963 Nam
1622 1918 1679 1964 ut

100 1996 258 2052 anima
297 2010 532 2068 corpore
560 1997 898 2066 praestantior
923 2007 1024 2063 est,
1059 1999 1129 2053 ita
1161 2000 1243 2064 iis,
1270 1999 1360 2069 qui
1391 1999 1672 2069 indigenti-

101 2087 186 2142 bus
228 2091 490 2160 pecunias
537 2099 591 2146 et
635 2090 911 2146 facultates
962 2091 1330 2161 suppeditant,
1387 2092 1678 2162 majoribus

100 2182 315 2245 prmmiis
361 2178 511 2252 digni
558 2191 682 2237 sunt
723 2181 782 2248 ii,
826 2181 914 2253 qui
962 2182 1302 2238 admonendo
1337 2191 1392 2238 et
1421 2183 1674 2238 continue

100 2271 324 2327 docendo
351 2274 404 2328 in
433 2274 576 2329 viam
607 2285 808 2330 rectam
838 2275 1056 2344 supinos
1082 2275 1366 2330 etdesides
1397 2274 1673 2343 inducunt,

101 2363 434 2417 monstrando
462 2364 542 2418 eis
575 2373 630 2419 et
651 2363 901 2418 vitiorum
931 2362 1326 2419 deformitatem
1356 2404 1371 2431 ,
1404 2374 1458 2420 et
1479 2364 1682 2422 divinas.

102 2452 294 2507 virtutis
318 2469 568 2526 magnam
597 2453 1042 2526 pulchritudinem
1066 2454 1106 2508 ³.

160 2545 206 2599 5.
239 2543 456 2602 ltoralis
509 2547 812 2602 exhortatio.
857 2577 928 2587 —
973 2548 1096 2602 llaec
1137 2547 1297 2617 igitur
1326 2547 1503 2602 omnia
1543 2562 1665 2604 cum

99 2635 330 2704 sciamus,
357 2655 469 2708 pra:
495 2640 742 2694 omnibus
767 2639 889 2695 aliis
907 2639 1062 2709 hujus
1088 2640 1208 2694 vita:
1229 2641 1373 2694 curis
1402 2640 1470 2695 de
1498 2640 1671 2696 Salute

100 2728 271 2783 anima:
301 2732 575 2800 proximos
615 2731 967 2802 alloquamur,
1000 2730 1245 2786 eamdem
1275 2731 1378 2786 illis
1419 2731 1672 2787 sollicitu-

100 2819 260 2874 dinem
285 2821 609 2892 ingerentes.
639 2822 884 2892 Optabile
912 2823 1054 2878 enim
1083 2862 1100 2888 ,
1133 2823 1362 2892 optabile
1396 2823 1570 2892 plane,
1617 2831 1677 2877 ut

101 2909 279 2976 anima,
310 2911 397 2965 cui
446 2910 563 2965 lucc
600 2911 854 2966 continuo
903 2911 1258 2974 inculcantur,
1292 2911 1461 2981 possit
1489 2911 1675 2966 reduci

99 3010 159 3049 es
194 2998 382 3068 abysso
408 3000 698 3068 malorum,
728 3000 780 3054 in
813 3015 1038 3070 quorum
1073 2999 1253 3056 medio
1297 3015 1596 3067 versamur,
1622 3010 1678 3056 et

101 3102 424 3158 compescere
467 3091 752 3147 all’ectuum
779 3131 796 3157 ,
842 3093 930 3160 qui
984 3100 1246 3160 perpetuo
1293 3090 1528 3146 animam
1581 3106 1680 3146 no-

105 3187 250 3232 stram
291 3180 565 3246 infestant,
611 3180 976 3236 rebellionem.
1006 3179 1210 3235 Idcirco
1256 3181 1411 3236 nobis
1434 3195 1570 3250 opus
1595 3189 1680 3237 est

105 3281 272 3336 magna
314 3271 608 3340 vigilantia,
645 3271 898 3340 quoniam
937 3279 991 3326 et
1031 3271 1346 3326 continuum
1390 3272 1546 3327 nobis
1592 3281 1678 3327 est

107 3357 305 3424 bellum,
350 3370 406 3418 et
454 3361 681 3416 induciae
722 3361 884 3416 nulla:
915 3379 928 3416 ε
961 3361 1188 3432 ideoque
1224 3361 1424 3416 Paulus
1464 3362 1677 3417 dicebat

107 3450 328 3521 Ephesiis
367 3456 612 3511 stribens
653 3474 667 3510 :
700 3455 819 3510 Non
847 3465 918 3510 est
951 3457 1094 3510 nobis
1124 3457 1416 3512 colluctatio
1435 3457 1677 3514 adversus

104 3547 374 3612 sanguinem
404 3558 449 3602 et
494 3565 718 3615 carnem,
744 3549 835 3603 sed
863 3549 1099 3603 adversus
1125 3550 1459 3621 principatus,
1489 3550 1673 3604 adver-

104 3651 175 3688 stts
195 3648 472 3706 potestates,
501 3641 740 3695 adversus
783 3640 960 3693 mundi
987 3641 1242 3705 dominos,
1273 3651 1488 3696 rectores
1534 3651 1675 3696 teste-

103 3725 286 3781 bramm
321 3732 491 3784 seculi
521 3731 694 3801 hujus,
726 3731 971 3784 adversus
998 3731 1289 3802 spirituales
1332 3733 1577 3800 nequitias
1623 3733 1676 3786 in

102 3818 356 3872 crtlrstt'btrs
381 3819 598 3890 (Ephes.
632 3819 685 3874 6.
719 3820 832 3889 19.).
867 3820 942 3874 Ne
969 3821 1308 3887 exiSIimetis,
1340 3822 1433 3886 ait,
1459 3821 1676 3892 vulgare

105 3904 238 3959 nobis
263 3918 530 3964 certamen
560 3911 783 3979 proponi
816 3928 829 3964 :
862 3924 966 3963 non
999 3910 1258 3965 adversus
1305 3910 1547 3979 ejusdem
1575 3926 1675 3982 ge-

105 3997 228 4050 neris
255 3999 588 4056 adversarios
617 4002 771 4056 nobis
796 4009 881 4056 est
905 4008 1200 4066 certamen,
1234 4017 1407 4072 neque
1433 4018 1498 4058 ex
1521 4017 1676 4074 atquo

108 4089 350 4145 exercitus
376 4101 562 4146 noster
591 4092 883 4147 instructus
912 4101 1016 4146 est.
1046 4091 1155 4147 Nos
1184 4094 1325 4148 enim
1361 4095 1451 4164 qui
1482 4109 1676 4164 corpo-

106 4177 232 4234 ribus
255 4197 439 4239 sumus
467 4185 686 4251 annexi,
719 4186 770 4238 in
808 4199 925 4239 acte
951 4183 1201 4240 collocati
1234 4200 1438 4252 sumus,
1471 4196 1527 4240 ut
1551 4202 1675 4242 eum

109 4266 418 4340 incorporeis
445 4273 727 4329 virtutibus
759 4275 1110 4345 confligamus
1140 4292 1152 4327 :
1180 4274 1276 4330 sed
1304 4291 1371 4330 ne
1404 4276 1673 4332 timeatis:

107 4374 215 4414 nam
237 4361 356 4418 licet
385 4365 664 4435 inaequalis
709 4363 779 4419 sit
819 4379 1016 4436 pug-aa,
1063 4379 1253 4434 magna
1287 4373 1463 4421 tamen
1492 4381 1676 4422 armo-

111 4463 214 4502 rum
239 4465 538 4508 nustrorutn
559 4457 727 4508 virtus
751 4465 853 4510 est.
886 4455 1170 4526 Subjungit
1196 4457 1339 4510 enim
1367 4458 1502 4524 huic,
1527 4459 1677 4525 quasi

107 4537 320 4597 diceret:
344 4546 605 4613 Quoniam
624 4548 847 4602 novistis
872 4547 1102 4603 hostium
1130 4559 1394 4614 naturam,
1419 4566 1485 4604 ne
1502 4552 1681 4606 animo

110 4634 393 4704 concidatis,
423 4653 490 4693 ne
517 4640 826 4708 torpescatis
845 4639 908 4694 ad
922 4655 1181 4710 pugnam;
1206 4641 1322 4706 scd,
1352 4640 1569 4712 Propter
1588 4643 1682 4697 hoc

109 4726 318 4793 suscipite
326 4740 635 4785 armaturam
653 4730 827 4799 Dei,ut
838 4733 1035 4798 possitis
1050 4733 1275 4786 resistere
1289 4733 1484 4788 insidiis
1496 4735 1684 4789 diaboli

111 4813 304 4884 (Ephes.
344 4823 399 4878 6.
430 4821 542 4890 11).
574 4821 750 4877 Multae
802 4824 944 4877 enim
987 4823 1104 4893 ejus
1151 4834 1277 4878 sunt
1310 4823 1538 4889 insidias,
1574 4823 1678 4880 hoc

113 4915 183 4958 cst
210 4909 318 4976 vim,
350 4927 446 4981 per
483 4927 615 4982 quas
639 4913 1053 4983 negligentiores
1083 4914 1422 4983 supplantare
1449 4915 1636 4969 nititur
1664 4933 1680 4971 :

113 5007 227 5061 quas
265 4997 545 5072 diligenter
574 5016 903 5072 cognoscere
926 5017 1101 5070 operm
1129 5004 1355 5072 pretium
1385 5012 1484 5068 est,
1518 5006 1586 5059 ita
1620 5014 1678 5060 ut

116 5084 399 5156 el'l’ugiamus
421 5091 535 5161 ejus
553 5100 796 5158 conatus,
819 5101 873 5147 et
893 5093 1096 5146 nullum
1122 5093 1222 5162 ipsi
1246 5095 1541 5163 ingressum
1563 5111 1687 5167 per-

116 5176 378 5236 mittamus.
395 5182 534 5250 Quin
550 5192 604 5238 et
619 5183 813 5253 lingua:
828 5183 1055 5253 diligens
1066 5181 1310 5239 habenda
1322 5195 1403 5240 est
1420 5186 1684 5254 custodia,

119 5277 161 5319 el
177 5273 298 5325 oculi
325 5274 600 5328 muniendi
625 5283 770 5341 sunt,
793 5285 846 5329 et
872 5291 1022 5328 mens
1037 5275 1329 5346 purganda,
1355 5287 1407 5332 et
1425 5288 1684 5349 perpetuo

121 5359 174 5410 ad
204 5377 419 5433 pugnam
459 5374 678 5436 paratos
709 5379 828 5420 esse
873 5367 1149 5428 convenit,
1190 5368 1342 5436 quasi
1368 5368 1475 5421 fera
1505 5369 1683 5436 aliqua

126 5464 206 5502 nos
231 5452 437 5509 invadat
459 5496 475 5520 ,
506 5465 560 5510 et
585 5455 781 5510 ledere
806 5464 1048 5510 conetur.
1086 5456 1312 5525 Propter
1340 5456 1482 5527 quod
1525 5457 1684 5511 carie-

124 5542 206 5596 stis
231 5546 307 5601 illa
324 5549 524 5614 anima,
550 5547 738 5603 doctor
758 5548 1015 5618 gentium,
1042 5548 1217 5618 lingua
1235 5550 1400 5613 orbis,
1429 5549 1558 5603 nihil
1582 5564 1681 5603 nor

130 5644 267 5701 agens
289 5655 382 5708 pro
409 5639 586 5696 salute
614 5638 1018 5711 discipulorum,
1049 5651 1328 5711 postquam
1362 5640 1514 5705 dixit,
1549 5641 1669 5694 Acci

182 5809 195 5837 "
224 5818 427 5885 Quinque
453 5825 581 5876 ttss.,
606 5817 775 5866 bonum
795 5817 1008 5874 odorem,
1035 5829 1137 5878 pro,
1164 5815 1589 5880 pulchritudinem.

1792 547 1898 607 ptte
1915 547 2232 591 armaturam
2275 535 2370 593 Dei
2394 557 2412 603 ,°
2443 540 2635 596 iterum
2665 539 2902 613 subiicit,
2930 553 2986 602 et
3014 560 3113 602 nos
3143 550 3379 621 undique

1786 628 2053 693 muniens,
2109 640 2157 684 ct
2210 631 2435 686 invictos
2482 632 2706 700 faciens,
2740 636 2818 691 sic
2840 635 2970 691 dtcit
3009 655 3022 693 :
3060 638 3206 695 State
3225 643 3378 713 igitur

1784 719 1997 773 accincti
2044 722 2228 776 lumbis
2269 725 2442 778 vestris
2481 726 2533 779 in
2576 728 2812 795 veritate,
2843 736 2888 782 et
2916 729 3083 784 induti
3123 734 3376 789 thoracem

1785 810 1906 879 ﬁdei
1933 812 1972 875 ⁸,
2001 820 2047 864 et
2075 813 2285 868 calceati
2325 816 2474 885 pedes
2511 826 2698 873 vestros
2722 820 2774 872 in
2806 822 3179 891 preparations
3219 841 3374 878 euan-

1782 902 1902 972 gelii
1944 905 2104 972 pacis.
2153 903 2218 958 In
2267 907 2495 961 omnibus
2538 909 2777 964 assumite
2801 918 2998 964 scutum
3033 913 3173 977 ﬁdei,
3201 913 3254 967 in
3282 932 3380 982 quo

1784 995 1986 1064 possitis
2023 995 2193 1049 omnia
2227 998 2327 1052 tela
2371 999 2511 1054 illius
2554 1001 2714 1070 ignita
2739 1003 3074 1074 exstinguere,
3104 1015 3152 1060 et
3175 1008 3376 1076 galeam

1782 1083 2024 1138 salutaris
2053 1085 2284 1155 accipite,
2307 1096 2353 1140 et
2379 1088 2606 1156 gladium
2637 1089 2882 1158 Spiritus,
2914 1092 3050 1160 quod
3074 1103 3148 1148 est
3175 1097 3377 1150 verbum

1785 1173 1881 1229 Dei
1927 1173 2144 1247 (Ephes.
2185 1177 2237 1232 6.
2288 1177 2522 1249 11-17).
2572 1179 2763 1236 Vidisti
2817 1185 3089 1252 quomodo
3136 1187 3376 1242 omnium

1785 1267 2025 1320 membra
2071 1269 2390 1334 muniverit,
2421 1280 2475 1324 et
2500 1270 2650 1340 quasi
2691 1272 2744 1325 in
2776 1274 3016 1340 praelium
3066 1292 3376 1348 egressuros

1786 1355 2015 1426 primum
2042 1373 2177 1412 zona
2202 1358 2401 1429 cingat,
2429 1374 2537 1429 quo
2567 1362 2936 1430 expeditiores
2959 1365 3128 1422 simus
3168 1369 3234 1424 ad
3254 1384 3376 1424 cur-

1783 1460 1938 1512 sum;
1969 1447 2092 1502 dein
2134 1448 2319 1504 induat
2345 1463 2444 1504 nos
2485 1450 2725 1517 thorace,
2754 1468 2821 1508 ne
2849 1469 2878 1507 a
2904 1453 3096 1524 jaculis
3126 1459 3378 1514 vulnere-

1783 1552 1923 1602 mur,
1957 1536 2051 1594 sed
2075 1548 2129 1594 et
2155 1538 2319 1608 pedes
2348 1541 2592 1606 munivit,
2624 1550 2679 1596 et
2704 1543 2942 1614 undique
2967 1549 3200 1602 armavit
3227 1548 3374 1605 ﬁde?
3473 1556 3480 1562 ‘

1786 1627 1932 1694 ilmc,
1967 1629 2062 1694 ait,
2112 1629 2226 1684 haec
2254 1629 2416 1699 ignita
2443 1631 2545 1686 tela
2576 1630 2748 1688 hostis
2783 1635 3126 1705 exstinguere
3158 1641 3373 1708 poterit.

1783 1718 2038 1785 Quaenam
2061 1728 2238 1774 autem
2259 1729 2385 1775 sunt
2416 1721 2519 1776 tela
2546 1722 2785 1778 diaboli?
2812 1725 2962 1780 Malzc
2988 1729 3374 1797 concupiscen-

1785 1809 1891 1873 tize,
1923 1809 2210 1865 immunda:
2228 1813 2600 1881 cogitationes,
2625 1817 2915 1885 perniciosi
2937 1817 3181 1883 affectus,
3206 1819 3376 1887 furor,

1785 1899 2100 1966 invidentia,
2131 1901 2349 1983 invidia,
2375 1903 2474 1970 ira,
2499 1904 2704 1972 odium,
2728 1909 2971 1976 pecunia:
2990 1913 3376 1982 concupiscen-

1786 1993 1876 2059 tia,
1906 2003 1961 2048 et
1997 2003 2190 2049 caetera
2217 1997 2392 2050 omnis
2422 1996 2648 2066 ignavia.
2682 1999 2826 2064 Hac,
2854 2002 2948 2065 ait,
2976 2004 3155 2057 omnia
3180 2006 3378 2060 exstin-

1781 2098 1948 2153 guere
1987 2084 2178 2153 poterit
2218 2085 2431 2155 gladius
2471 2086 2718 2160 Spiritus.
2751 2089 2820 2145 Et
2843 2089 2972 2161 quid
3000 2093 3141 2160 dico,
3167 2097 3376 2150 exstin-

1783 2174 1984 2243 guere?
2031 2173 2205 2228 Etiam
2245 2175 2418 2245 ipsum
2464 2175 2634 2232 hostis
2675 2189 2834 2249 caput
2855 2189 3135 2256 amputare
3158 2183 3376 2239 valebit.

1789 2265 1974 2320 Vidisti
2017 2266 2289 2336 quomodo
2319 2267 2589 2324 roboravit
2620 2269 2910 2341 discipulus
2936 2273 2960 2327 ἲ
2987 2274 3258 2344 quomodo
3286 2292 3380 2332 eos

1782 2367 1937 2412 antea
1963 2372 2084 2413 cera
2109 2359 2406 2426 molliores,
2437 2360 2579 2415 ferro
2602 2359 2851 2418 fortiores
2871 2363 3046 2420 etl‘ecit
3067 2365 3090 2417 ἲ
3113 2365 3378 2432 Quoniam

1782 2450 1924 2504 enim
1951 2449 2106 2504 nobis
2131 2450 2326 2504 bellum
2344 2459 2446 2515 est,
2478 2466 2584 2506 non
2607 2451 2863 2507 adversus
2909 2469 3128 2512 carnem
3154 2467 3208 2512 ct
3250 2471 3379 2513 san-

1781 2540 2015 2610 guinem,
2035 2539 2129 2594 sed
2146 2540 2403 2595 adversus
2422 2540 2764 2610 incorporeas
2785 2543 3042 2601 virtutes:
3073 2546 3194 2601 ideo
3211 2563 3384 2617 neque

1783 2630 2085 2686 carnalibus
2107 2643 2205 2685 nos
2232 2631 2399 2686 armis
2415 2633 2661 2700 munivit,
2693 2634 2786 2689 sed
2814 2649 2962 2691 arma
2991 2647 3171 2692 nostra
3203 2641 3382 2695 omnia

1784 2721 2083 2792 spiritualia
2129 2731 2274 2788 sunt,
2324 2725 2404 2779 sic
2445 2723 2730 2794 radiantia,
2781 2737 2839 2784 ut
2883 2743 3071 2786 eorum
3113 2731 3378 2804 fulgorem

1783 2813 1995 2870 daemon
2029 2817 2114 2871 ille
2140 2817 2312 2872 malus
2338 2816 2479 2874 ferre
2507 2827 2759 2889 nequeat.

1856 2909 1910 2962 6.
1943 2907 2164 2964 Talibus
2200 2909 2360 2980 igitur
2396 2911 2563 2970 armis
2589 2911 2756 2967 induti
2783 2954 2796 2976 ,
2827 2928 2895 2969 ne
2934 2915 3250 2972 horreamus
3279 2933 3380 2988 pu-

1783 3014 1967 3069 gnam,
2016 3015 2083 3054 ne
2126 3001 2390 3070 fugiamus
2426 3016 2818 3072 congressum;
2863 3005 2958 3059 sed
3002 3021 3176 3075 neque
3210 3009 3384 3079 ignavi

1788 3089 1980 3143 simus.
2011 3088 2146 3143 Nam
2198 3089 2356 3157 sicut,
2387 3090 2543 3146 nobis
2576 3091 2935 3162 vigilantibus,
2985 3095 3251 3166 malignus
3277 3099 3386 3153 dm-

1783 3193 1910 3233 mon
1941 3193 2231 3250 numquam
2258 3194 2530 3237 armorum
2563 3192 2870 3239 nostrorum
2911 3185 3090 3240 virtuti
3123 3189 3382 3257 pmvale-

1785 3268 1884 3334 bit,
1912 3268 1958 3323 si
1993 3269 2316 3351 voluerimus
2346 3271 2525 3327 irritas
2549 3271 2729 3330 facere
2757 3275 2872 3346 ejus
2901 3277 3322 3335 machinationes
3341 3285 3382 3334 ‘2

1782 3354 1859 3409 sic
1913 3353 1960 3407 si
2005 3353 2222 3408 desides
2265 3355 2540 3421 fuerimus,
2598 3357 2746 3413 nulla
2787 3359 2943 3414 nobis
2991 3361 3191 3417 utilitas
3243 3366 3384 3430 erit;

1782 3444 2213 3516 quandoquidem
2236 3445 2482 3502 inimicus
2503 3447 2690 3503 salutis
2717 3458 2916 3504 nostra:
2949 3467 3237 3522 numquam
3260 3454 3386 3509 dor-

1783 3535 1954 3602 mitat,
1977 3544 2032 3590 et
2053 3537 2256 3606 omnia,
2285 3552 2404 3607 quae
2433 3538 2592 3593 saluti
2624 3550 2823 3596 nostra:
2858 3542 3074 3611 obsunt,
3104 3555 3377 3614 Operutur.

1785 3625 2031 3694 Undique
2079 3626 2242 3696 igitur
2291 3641 2563 3684 armemus
2625 3645 2724 3686 nos
2770 3631 2917 3700 ipsos
2954 3675 2970 3700 ,
3022 3640 3078 3690 et
3120 3651 3150 3689 a
3203 3638 3387 3695 verbis

1786 3723 2168 3784 temperemus,
2200 3725 2254 3771 et
2293 3716 2363 3772 ab
2408 3719 2662 3787 operibus
2707 3721 3090 3788 abstineamus,
3143 3741 3261 3796 qum
3289 3742 3387 3784 nos

1782 3803 1980 3858 laedere
2028 3815 2286 3874 possunt;
2339 3815 2393 3861 et
2440 3823 2563 3862 cum
2616 3809 2938 3865 abstinentia
2980 3828 3010 3867 a
3061 3814 3215 3878 cibis,
3275 3825 3384 3871 tum

1781 3893 2006 3948 aliarum
2036 3894 2290 3950 virtutum
2316 3935 2334 3964 ,
2382 3904 2492 3952 tum
2524 3897 2856 3955 liberalitatis
2885 3903 2940 3956 in
2971 3919 3231 3974 pauperes
3259 3922 3355 3978 spe

1781 3985 1955 4041 cimen
1983 3985 2332 4041 exhibeamus
2363 4004 2376 4041 :
2405 3988 2635 4044 scientes
2673 3999 2870 4061 quanta
2903 3993 3058 4048 nobis
3087 4011 3296 4052 merces
3317 3997 3387 4052 ob

1781 4088 1966 4130 curam
1995 4074 2101 4130 illis
2118 4075 2407 4130 exhibitam
2437 4079 2668 4146 reposita
2694 4080 2781 4134 sit.
2801 4080 2955 4145 Nam,
2980 4082 3083 4150 Qut
3102 4087 3385 4152 miseretur,

1783 4167 1894 4232 ait,
1940 4166 2184 4237 pauperi,
2235 4169 2511 4238 [cunctatur
2554 4167 2662 4224 Deo
2717 4170 2914 4238 (Prov.
2947 4173 3034 4228 19.
3067 4176 3192 4246 17).
3256 4177 3391 4234 Vide

1785 4270 1962 4310 usura:
1989 4271 2166 4311 raram
2195 4265 2437 4312 naturam
2458 4299 2474 4324 ,
2507 4266 2563 4313 et
2589 4260 2981 4319 admirabilem.
3011 4266 3162 4321 Alius
3189 4278 3270 4323 est
3298 4271 3387 4340 qni

1784 4348 1998 4414 accipit,
2030 4357 2084 4403 et
2110 4349 2244 4404 alius
2265 4350 2354 4419 qui
2385 4363 2446 4404 se
2475 4350 2654 4406 dando
2683 4351 2875 4408 fmnori
2901 4356 3191 4413 obnoxium
3222 4361 3346 4416 facit
3372 4379 3386 4426 ;

1786 4455 1961 4510 neque
2004 4440 2108 4494 hoc
2151 4441 2326 4495 solum
2361 4443 2734 4511 spectandum,
2782 4445 2875 4500 sed
2926 4448 3088 4503 etiam
3137 4451 3280 4519 quod
3335 4453 3388 4507 in

1790 4529 1893 4586 hoc
1940 4546 2115 4585 usurae
2153 4546 2352 4602 genere
2397 4547 2574 4602 neque
2604 4534 2867 4604 ingratum
2895 4537 3168 4604 animum,
3214 4555 3391 4612 neque

1790 4621 1955 4674 ullum
1977 4621 2119 4675 aliud
2143 4622 2396 4678 damnum
2413 4624 2774 4694 experiamur.
2799 4627 2981 4698 Neque
3007 4630 3173 4694 enim,
3196 4647 3389 4701 quem-

1788 4711 2075 4766 admodum
2108 4712 2214 4780 hic,
2257 4716 2603 4771 centesimam
2651 4716 2726 4789 (a)
2779 4719 2952 4774 solum
2985 4724 3266 4791 promittit,
3293 4727 3389 4781 sed

1791 4803 2041 4874 ceutuplo
2080 4805 2230 4873 plura
2261 4805 2424 4873 datis,
2459 4822 2559 4862 nec
2585 4809 2759 4864 solum
2791 4813 3044 4882 ecntuplo
3071 4813 3242 4882 plura,
3292 4817 3390 4872 sed

1790 4897 1907 4952 bmc
1935 4897 2131 4952 dantur
2160 4898 2211 4953 in
2238 4899 2489 4968 praesenti
2532 4900 2659 4966 vita,
2714 4901 2767 4956 in
2814 4901 2992 4958 futuro
3044 4915 3223 4961 autem
3281 4908 3389 4963 vita

1791 5000 2013 5044 aeterna.
2070 4989 2136 5044 Et
2175 4991 2228 5044 in
2277 4992 2525 5060 praesenti
2575 4993 2790 5063 quidem
2818 4995 2943 5060 vita,
2988 4997 3034 5052 si
3070 4999 3191 5067 quis
3235 5001 3394 5056 nobis

1793 5082 1964 5136 solum
1993 5080 2221 5150 duplicia
2265 5081 2609 5149 polliceretur
2638 5099 2737 5152 pro
2772 5084 2836 5140 iis
2875 5102 2994 5156 quas
3023 5103 3052 5142 a
3081 5089 3234 5144 nobis
3261 5089 3394 5146 dau-

1793 5185 1902 5242 tur,
1935 5173 2105 5244 parati
2143 5187 2385 5228 essemus
2415 5174 2490 5228 illi
2519 5189 2732 5231 omnem
2764 5187 2998 5234 nostram
3039 5181 3390 5238 substantiam

1859 5375 1876 5407 ¹
1913 5371 2126 5428 Coislin.,
2151 5367 2366 5426 iustitia,
2395 5383 2498 5430 pro,
2524 5369 2659 5433 ﬁdei.

1859 5440 1881 5470 ε
1914 5435 2229 5504 sic_quinque
2250 5439 2434 5506 assae}
2458 5433 2600 5506 δεξεμ.
2627 5441 2679 5502 tn
2715 5433 2880 5506 μοι-(τι.
2902 5444 3075 5504 autem.
3086 5437 3150 5506 ita
3177 5435 3394 5506 legem.

1795 5504 1876 5550 tur
1901 5511 1914 5546 :
1949 5489 2122 5560 t'ir'tuti
2146 5489 2440 5560 prmisit,
2463 5494 2570 5552 sed,
2594 5493 2637 5544 si
2659 5495 2963 5552 voluerimus,
2985 5493 3150 5547 irritus
3165 5489 3394 5560 faciemus

1795 5561 1902 5622 ejus
1924 5555 2316 5624 machinationes.

1863 5626 1935 5682 (a)
1964 5623 2281 5688 Centesimam
2315 5623 2418 5686 (Gr.
2452 5625 2756 5685 ἑκατοστήν).
2795 5639 2813 5672 s
2852 5625 3071 5684 Alludit,
3098 5627 3261 5688 inquit
3295 5631 3374 5681 Ss.

1802 5683 1992 5750 vil.,_ad
2019 5699 2181 5750 usuris
2213 5683 2374 5750 genus
2419 5683 2793 5750 usitatissimum
2839 5690 3014 5748 priscis
3052 5683 3363 5750 temporibus

1799 5746 1933 5805 quod
1956 5747 2211 5795 centesima
2237 5746 2510 5797 dicebatur.
2540 5746 2670 5807 quod
2695 5746 2896 5796 centum
2921 5746 3174 5800 mensibus
3195 5763 3375 5802 SOl'lt'lt

1802 5814 2034 5870 aequaret.
2070 5823 2086 5855 ι
2116 5807 2241 5858 Vide
2264 5809 2403 5858 Tomi
2431 5810 2576 5870 hujus
2602 5809 2741 5856 ι’τδεῖ.
2768 5810 2794 5872 §
2819 5809 2876 5858 ν.
