4086 6484
696 392 763 449 39
1448 382 1507 441 3.
1536 381 1813 442 JOANNIS
1847 376 2276 439 CllllYSOS'l‘Oi

2384 382 2677 442 illCHlEP.
2707 386 3239 449 CQNSTANTINOP.

693 502 923 568 oll‘erre,
974 497 1183 555 tametsi
1226 512 1367 568 sa:pe
1412 497 1561 552 multi
1587 496 1781 567 ingrati
1807 496 1937 562 sint,
1983 494 2271 563 multusque

695 593 805 649 sint
825 604 1109 647 avarorum
1137 588 1371 646 fraudes.
1395 588 1603 644 Etenim
1633 586 1848 657 plurimi
1878 586 1967 655 qui
1997 583 2147 655 probi
2177 582 2271 637 ha-

696 684 907 749 bentur,
954 680 1191 737 debitum
1236 676 1343 737 non
1378 679 1611 745 solvunt,
1639 677 1724 733 vel
1752 675 1894 749 quod
1924 675 2113 748 Ingrati
2142 674 2271 740 sint,

695 775 777 831 vel
821 789 968 844 ssi-pe
1006 774 1181 842 inopia
1225 771 1559 843 prohibente.
1604 769 1759 826 Circa
1792 770 2068 825 Dominum
2093 775 2270 823 autem

688 866 931 921 omnium
957 864 1087 920 nihil
1117 860 1846 934 huiusmodlsuspieandum,
1888 858 1981 916 sed
2023 867 2079 914 et
2120 860 2269 930 capi-

688 957 812 1016 talis
840 971 1046 1013 summa
1074 956 1127 1010 in
1156 962 1268 1009 tuto
1291 961 1394 1021 est,
1438 962 1493 1009 et
1516 953 1816 1022 centuplum
1843 951 1929 1006 llic
1952 949 2274 1020 promittitur

688 1050 961 1115 dantibus,
999 1048 1135 1104 etin
1185 1046 1420 1102 luturum
1466 1045 1572 1101 vita
1613 1054 1812 1100 a-terna
1842 1043 1995 1098 nobis
2023 1055 2271 1098 reserva-

691 1154 800 1201 tur.
845 1141 987 1209 Qua:
1019 1141 1179 1211 igitur
1223 1140 1379 1194 nobis
1418 1136 1661 1193 defensio
1701 1136 1823 1200 erit,
1858 1136 1902 1190 si
1942 1135 2271 1205 negligentes

689 1233 963 1297 fuerimus,
994 1238 1052 1286 et
1076 1245 1181 1285 non
1197 1228 1634 1285 .festinarerimus
1670 1224 1915 1297 centupla
1956 1240 2053 1296 pro
2088 1224 2271 1295 paucis

690 1326 954 1394 accipere,
996 1333 1052 1379 et
1081 1337 1176 1392 pro
1204 1318 1550 1388 pnesentibus
1578 1317 1773 1383 futura,
1799 1326 1854 1373 et
1878 1332 1973 1386 pro
2004 1326 2271 1386 temmra-

688 1414 829 1470 libus
847 1423 1048 1469 nterim
1073 1428 1088 1477 ;
1118 1411 1211 1466 sed
1237 1409 1444 1480 placide
1474 1408 1724 1478 pecunias
1750 1408 1925 1477 januis
1950 1415 2006 1462 et
2036 1407 2273 1463 vectibus

690 1507 1083 1567 incluserimtts.
1125 1512 1179 1559 et
1206 1501 1561 1573 indigentibus
1606 1514 1712 1556 non
1753 1499 2164 1570 expenderimus
2210 1514 2272 1554 ea

688 1612 809 1668 qua:
847 1595 917 1650 ibi
967 1594 1113 1649 nullo
1169 1606 1270 1648 nsu
1316 1602 1367 1649 et
1418 1600 1620 1648 temere
1656 1592 1856 1661 iacent,
1908 1602 1965 1645 ut
2015 1592 2068 1645 in
2095 1589 2272 1645 futuro

691 1687 889 1742 smculo
927 1701 1112 1741 eorum
1152 1683 1386 1740 subsidia
1424 1682 1797 1740 inveniamus?
1851 1680 2048 1748 Facite,
2080 1683 2269 1754 inquit,

691 1776 829 1831 vobis
872 1776 1061 1828 amicos
1106 1790 1168 1828 ea;
1207 1789 1495 1827 mammona
1530 1772 1807 1843 iniquitatis
1835 1787 1856 1825 :
1881 1782 1937 1826 ut
1980 1788 2097 1827 cunt
2134 1773 2269 1841 defe-

689 1868 879 1931 caitis,
920 1864 1164 1930 recipiant
1190 1879 1275 1918 eos
1304 1863 1355 1916 in
1379 1873 1568 1918 eterna
1598 1862 1923 1917 uerrucula
1974 1861 2143 1932 (Luc.
2184 1863 2271 1918 lli.

691 1956 772 2027 9).
818 1957 962 2019 Scio,
1009 1956 1204 2010 multos
1234 1970 1341 2008 non
1377 1953 1537 2009 modo
1562 1968 1667 2008 non
1692 1952 2003 2023 adstipulari
2032 1953 2115 2013 iis.
2157 1969 2274 2023 quas

690 2062 720 2101 a
751 2047 904 2101 nobis
928 2058 1068 2100 nunc
1095 2054 1222 2099 sunt
1248 2044 1415 2108 dicta,
1450 2043 1543 2099 sed
1581 2043 1743 2099 etiam
1771 2059 1833 2099 ea
1861 2053 1917 2098 ut
1948 2044 2193 2099 delirium
2222 2054 2277 2099 et

692 2136 919 2189 fabulam
965 2134 1265 2199 audientes,
1313 2133 1489 2187 verbis
1535 2134 1730 2188 nostris
1773 2133 1990 2189 minime
2034 2148 2155 2189 esse
2197 2145 2275 2189 at-

694 2238 891 2285 tentos.
916 2228 1065 2283 Unde
1093 2226 1421 2297 ego,crucior
1447 2235 1501 2280 et
1525 2225 1705 2292 doleo,
1730 2224 1869 2294 quod
1898 2240 2069 2297 neque
2097 2241 2274 2281 rerum

692 2318 1042 2388 experientia,
1096 2297 1268 2386 neque
1305 2323 1466 2369 tantm
1506 2315 1597 2370 Dei
1643 2315 2043 2385 promissmnes,
2102 2330 2277 2385 neque

692 2412 850 2465 timor
903 2410 1243 2474 futurorum,
1308 2423 1480 2477 neque
1526 2406 1848 2479 quatidiante
1889 2407 2278 2464 admonitiones

693 2510 889 2555 tiostra:
927 2499 1068 2569 apud
1115 2499 1246 2553 tales
1274 2497 1560 2569 quidquam
1589 2498 1884 2567 proﬁciant.
1934 2497 2051 2554 Non
2100 2509 2275 2556 tamen

691 2589 935 2653 cessabo,
987 2590 1147 2645 etiam
1198 2587 1295 2653 sic,
1343 2589 1411 2643 ab
1460 2586 1562 2643 hoc
1602 2587 1778 2643 dando
1818 2588 2065 2653 consilio,
2107 2590 2277 2646 donec

694 2696 788 2737 eos
834 2681 1125 2748 frequentia
1170 2679 1489 2733 monitorum
1535 2688 1850 2748 superatos,
1914 2689 2145 2736 attentos
2192 2692 2246 2736 at

691 2787 795 2839 quc
824 2770 1101 2841 vigilantes
1130 2768 1445 2832 reddidero,
1492 2777 1651 2837 atque
1694 2784 1758 2823 es
1798 2769 2016 2838 crapula
2045 2780 2099 2825 et
2126 2771 2272 2825 ebri-

694 2871 855 2927 etate,
883 2874 1040 2930 quam
1072 2861 1123 2913 in
1149 2858 1550 2914 obtenebratam
1588 2858 1801 2913 illorum
1840 2869 2075 2915 mentem
2104 2862 2274 2915 avidi-

695 2965 775 3007 tas
814 2953 1157 3022 pecuniarum
1200 2950 1416 3015 invexit,
1462 2964 1651 3005 eruere
1679 2949 1914 3005 valuero.
1956 2950 2082 3008 Scio
2100 2953 2276 3017 enim,

694 3045 807 3099 scio
851 3042 962 3097 fore
1011 3049 1069 3095 ut
1109 3055 1202 3109 per
1245 3040 1467 3109 gratiam
1501 3041 1591 3095 Dei
1631 3055 1934 3095 sermonum
1978 3051 2277 3099 nostrorum

697 3132 1013 3202 frequentia,
1062 3139 1117 3185 et
1162 3130 1350 3200 jejunii
1400 3130 1634 3186 studium
1684 3132 1829 3201 ipsos
1866 3133 1946 3187 vel
1974 3133 2279 3189 seroadil-

698 3224 818 3279 licili
848 3225 945 3277 hoc
974 3226 1160 3284 morbo
1182 3218 1409 3278 liberare
1432 3264 1447 3287 ,
1496 3222 1850 3295 perfectisque
1882 3226 2095 3280 sanitati
2122 3228 2278 3282 resti-

696 3324 845 3369 tuere
897 3314 1095 3382 possit,
1126 3321 1185 3367 ut
1211 3322 1265 3368 et
1290 3314 1385 3379 ipsi
1414 3328 1444 3367 a
1471 3314 1777 3383 suppliciis,
1830 3330 1949 3386 qua:
1997 3318 2061 3372 iis
2100 3326 2277 3387 parata

697 3414 839 3469 sunt,
880 3405 1188 3472 liberentur,
1218 3414 1273 3460 et
1302 3422 1400 3460 nos
1430 3420 1459 3457 a
1490 3406 1701 3460 tristitia
1740 3422 2023 3476 eruamur,
2077 3420 2132 3467 ct
2186 3427 2282 3481 pro

695 3494 940 3549 omnibus
977 3493 1199 3563 gloriam
1246 3492 1542 3549 referamus
1596 3495 1704 3550 Deo
1732 3495 1899 3563 Patri,
1952 3507 2007 3554 et
2036 3499 2194 3566 Filio,
2227 3511 2282 3557 et

696 3584 917 3655 Spiritui
956 3594 1160 3651 sancto,
1194 3600 1334 3641 nunc
1362 3595 1417 3641 et
1460 3601 1692 3657 semper,
1738 3599 1793 3645 et
1842 3590 1894 3645 in
1940 3592 2133 3647 stecula
2180 3610 2284 3650 sa:-

695 3678 954 3732 culorum.
996 3677 1184 3733 Amen.

1284 3786 1563 3845 llOMlLlA
1610 3789 1698 3845 IV.

700 3896 841 3952 Dixit
859 3913 1049 3967 quoque
1076 3894 1209 3952 Deus
1240 3913 1260 3952 :
1286 3898 1401 3954 Fiat
1426 3898 1814 3956 firmamentum
1834 3904 1886 3957 in
1910 3906 2086 3961 medio
2105 3922 2280 3977 aquae,

768 4000 825 4045 et
846 3989 1045 4044 dividat
1071 3989 1208 4045 inter
1231 4004 1421 4061 aquam
1448 4000 1503 4047 et
1528 4006 1722 4063 aquam
1753 4012 1765 4047 :
1797 3998 1853 4051 et
1876 3994 2073 4053 factum
2096 4008 2181 4055 est
2211 4000 2283 4055 ita

769 4078 936 4148 (Gen.
971 4081 1022 4134 l.
1049 4076 1146 4151 ϐ).

775 4214 826 4266 l.
873 4211 1067 4266 Videtis
1109 4226 1229 4282 ego,
1278 4212 1629 4283 dilectissimi,
1677 4219 1909 4278 alacrem
1936 4233 1991 4279 et
2019 4228 2282 4296 quotidia-

705 4318 829 4357 num
859 4311 1093 4358 vestrum
1122 4314 1464 4374 conventum,
1511 4324 1756 4383 magnam
1787 4316 2020 4387 percipio
2042 4323 2283 4391 volupta-

705 4402 831 4457 tem,
870 4400 925 4447 et
964 4393 1211 4449 clementi
1239 4394 1347 4452 Deo
1373 4396 1597 4467 gloriam
1621 4400 1690 4457 de
1719 4403 1956 4472 profectu
1984 4418 2164 4465 vestro
2192 4427 2283 4467 re—

706 4482 905 4539 ferendi
944 4475 1121 4539 llnem'
1145 4501 1250 4539 non
1296 4485 1450 4543 facio.
1505 4490 1637 4546 Nam
1683 4494 1822 4551 sicut
1857 4500 2060 4553 esurire
2087 4516 2281 4572 corpo-

705 4572 829 4627 ralis
858 4573 1099 4631 sanitatis
1120 4574 1368 4632 lndicium
1396 4587 1498 4644 est,
1518 4580 1585 4635 ita
1613 4594 1668 4637 et
1693 4585 1868 4640 studio
1892 4603 2085 4659 magno
2099 4593 2284 4649 audire

704 4664 885 4718 divina
930 4664 1139 4734 eloquia
1184 4665 1339 4722 bonae
1380 4671 1542 4725 animi
1587 4674 1902 4733 valetudinis
1930 4681 2281 4738 certissimum

704 4762 783 4807 est
814 4762 1208 4822 argumentum.
1233 4754 1357 4813 Ideo
1382 4767 1438 4814 et
1464 4760 1716 4818 Dominus
1744 4777 1924 4823 noster
1943 4768 2100 4827 Jesus
2123 4774 2286 4830 Chria

706 4854 820 4900 stus
880 4844 932 4898 in
971 4844 1083 4900 suis
1128 4844 1557 4917 beatitudinibns,
1588 4868 1723 4923 quas
1756 4857 1807 4911 in
1834 4870 2017 4916 monte
2045 4867 2280 4933 protulit,

705 4936 913 4991 dicebat
939 4954 952 4989 :
980 4935 1126 4991 Beati
1150 4939 1235 5007 qui
1258 4942 1480 4995 esuriant
1504 4952 1549 4997 et
1568 4944 1741 5001 sitiant
1758 4950 2031 5019 justitiam,
2049 4960 2285 5026 quoniam

709 5027 1196 5118 ipsigaaturubuntur
1217 5030 1426 5100 (Matth.
1450 5036 1505 5091 5.
1537 5036 1613 5105 6).
1646 5040 1773 5107 Quis
1808 5042 1965 5113 igitur
1996 5046 2154 5118 digne
2190 5067 2285 5107 vos

698 5116 927 5173 laudare
950 5119 1143 5187 valeat,
1182 5121 1273 5191 qui
1319 5126 1483 5181 semel
1523 5126 1589 5182 ab
1637 5134 1872 5188 omnium
1904 5116 2126 5193 Domino
2155 5140 2285 5197 bea-

708 5206 983 5261 titudinem
1013 5210 1307 5278 accepistis,
1357 5223 1411 5269 et
1448 5216 1515 5271 ab
1562 5233 1627 5273 eo
1675 5220 1875 5277 inllnita
1920 5225 2055 5282 bona
2096 5245 2284 5301 exspe-

709 5295 912 5350 ctatis?
948 5296 995 5351 ls
1023 5300 1164 5355 enim
1211 5300 1418 5359 Domini
1462 5310 1629 5363 nostri
1670 5327 1787 5367 mos
1824 5324 1926 5381 est,
1973 5327 2031 5371 ut
2076 5295 2286 5389 quoties

712 5385 853 5439 ridet
896 5388 1123 5442 animam
1175 5390 1402 5461 aliquam
1456 5398 1623 5454 multo
1681 5403 1948 5460 desiderio
2004 5385 2284 5484 studioque

712 5479 946 5531 maximo
1011 5482 1375 5549 spiritualibus
1436 5489 1764 5560 inhiantem,
1813 5498 2098 5557 liberaliter
2143 5479 2283 5561 illam

714 5571 880 5638 gratia
919 5580 973 5625 et
1024 5575 1286 5641 epulentis
1337 5578 1491 5635 donis
1539 5585 1651 5638 suis
1704 5588 2007 5658 locupletet.
2064 5596 2209 5653 [inde
2236 5611 2289 5656 et

715 5663 814 5728 ego
843 5662 891 5714 in
924 5672 1154 5719 vestram
1181 5666 1455 5723 utilitatem
1483 5682 1535 5726 et
1578 5676 1980 5736 mdiﬁcationcm
2010 5699 2284 5756 exspecto,

717 5762 769 5804 ut
814 5752 1025 5808 uberior
1076 5765 1128 5809 et
1190 5758 1341 5815 nobis
1394 5762 1646 5821 doctrina:
1697 5785 1874 5825 sermo
1946 5752 2281 5838 concedatur.

3897 419 3966 473 40

2384 495 2607 568 Propter
2656 516 2750 557 vos
2795 503 2959 569 enim.
3014 514 3072 562 et
3113 519 3333 577 propter
3365 516 3596 567 vestrum
3647 515 3961 584 proiectam.

2378 601 2591 644 omnem
2636 589 2776 648 hunc
2815 593 3054 651 laborem
3097 598 3408 665 toleramus,
3457 610 3516 656 ut
3562 611 3620 659 et
3671 618 3767 660 vos
3810 606 3967 663 citius

2377 679 2443 733 ad
2484 680 2659 750 ipsum
2698 682 2906 741 virtutis
2948 685 3215 759 fastigium
3267 690 3587 761 aseendatis,
3631 695 3798 751 futuri
3846 699 3965 753 vita

2377 769 2570 826 divinat
2605 775 2844 847 magistri
2890 762 3267 851 otunibus'qui
3297 796 3393 837 vos
3426 784 3740 853 respiciunt,
3770 796 3829 843 et
3871 803 3965 842 no-

2378 861 2458 917 bis
2502 864 2674 936 major
2707 866 2920 923 dicendi
2967 869 3158 926 llducia
3200 873 3439 939 accedat.
3468 876 3557 945 qui
3583 876 3833 934 videmus
3862 894 3966 935 non

2378 954 2431 1035 in
2475 970 2691 1023 vanum,
2743 974 2843 1015 nec
2868 959 3225 1037 ,frustranos
3274 962 3555 1031 laborare;
3604 966 3967 1037 sedquotldie

2373 1059 2561 1101 semen
2591 1046 2694 1103 hoc
2719 1049 2992 1118 spirituale
3020 1051 3073 1107 in
3102 1052 3252 1107 vobis
3288 1069 3557 1123 crescere,
3609 1072 3786 1127 neque
3831 1060 3967 1115 sicut

2378 1137 2430 1193 in
2476 1141 2758 1211 evangelio
2802 1144 3086 1199 seminauti
3130 1146 3331 1212 evenit,
3404 1147 3477 1202 ita
3520 1157 3575 1204 et
3620 1150 3777 1205 nobis
3831 1165 3965 1206 con-

2377 1230 2599 1300 tingere.
2645 1230 2720 1284 lbi
2771 1232 2918 1287 enim
2954 1247 3059 1288 una
3104 1244 3307 1290 tantum
3360 1252 3482 1307 pars
3505 1239 3659 1295 salva
3702 1240 3826 1307 fuit,
3861 1251 3967 1299 tres

2378 1322 2668 1388 perierunt.
2717 1321 2851 1390 Quia
2896 1338 3102 1391 semen,
3171 1327 3314 1396 quod
3364 1343 3519 1384 secus
3569 1331 3708 1384 viam
3748 1332 3965 1398 cecidit,

2377 1413 2494 1465 sine
2545 1407 2721 1465 fructu
2775 1414 2993 1479 mansit,
3046 1423 3099 1469 et
3144 1417 3289 1487 quod
3335 1416 3475 1472 inter
3527 1420 3743 1487 spinas,
3795 1421 3963 1476 δυσο-

2376 1508 2553 1555 catum
2601 1502 2899 1573 est;un
2950 1512 3131 1559 autem
3187 1505 3240 1559 in
3292 1516 3526 1575 petram,
3578 1509 3631 1562 iu
3680 1513 3967 1578 superﬁcie

2377 1607 2620 1659 manens,
2664 1593 2895 1651 fructum
2943 1597 3137 1654 all'erre
3181 1601 3417 1670 nequivit
3439 1601 3646 1674 (Matth.
3672 1604 3761 1659 l3.
3791 1603 3965 1674 4-7):

2378 1685 2463 1741 hic
2505 1684 2560 1740 in
2610 1688 2780 1756 gratia
2835 1689 2926 1743 Dei
2970 1704 3095 1760 spes
3148 1701 3265 1756 est,
3326 1693 3477 1760 fore,
3538 1705 3593 1750 ut
3637 1710 3760 1751 cum
3807 1711 3968 1753 omne

2378 1778 2430 1833 in
2483 1787 2679 1834 terram
2746 1780 2939 1835 bonam
2982 1782 3270 1850 ceciderit,
3325 1785 3413 1839 alii
3456 1786 3681 1843 reddant
3737 1788 3966 1844 fnietnm

2374 1870 2705 1939 centuplum,
2734 1870 2822 1925 alii
2866 1874 3275 1942 sexagesimum,
3318 1877 3406 1931 alii
3460 1876 3813 1946 trigesimum.
3860 1880 3970 1934 lloc

2379 1968 2615 2016 nostram
2661 1962 2991 2018 alacritatem
3044 1963 3227 2030 fovet,
3283 1966 3385 2021 hoc
3432 1978 3665 2023 mentem
3727 1971 3969 2037 excitat,

2379 2054 2519 2123 quod
2564 2055 2795 2110 sciamus
2842 2071 2947 2111 non
2998 2058 3050 2111 in
3093 2073 3323 2123 vanum,
3371 2076 3469 2115 nec
3521 2060 3715 2116 frustra
3764 2077 3975 2118 seruio-

2379 2158 2475 2197 nes
2504 2157 2600 2199 nos
2633 2144 2824 2210 facere,
2859 2146 2953 2201 sed
2999 2150 3222 2203 arrectis
3253 2150 3467 2205 auribus
3491 2160 3544 2207 et
3567 2152 3767 2208 intenta
3792 2162 3973 2208 mente

2380 2232 2521 2287 dicta
2556 2242 2737 2288 nostra
2766 2236 2953 2307 accipi.
2994 2239 3165 2307 Atque
3197 2239 3309 2294 b;cc
3337 2257 3440 2295 non
3467 2242 3733 2297 adulando
3758 2245 3970 2299 caritati

2386 2334 2577 2378 vestra:
2599 2324 2740 2390 dico,
2780 2326 2872 2380 sed
2903 2330 3146 2397 eonjecto
3174 2331 3498 2387 alacritatem
3520 2348 3585 2389 ex
3609 2335 3674 2389 iis
3700 2350 3825 2404 qua:
3858 2335 3971 2392 beri

2379 2427 2408 2466 a
2442 2415 2593 2469 nobis
2622 2414 2761 2470 dicta
2792 2430 2932 2472 sunt.
2985 2419 3238 2476 Videbam
3270 2424 3411 2477 enim
3442 2439 3537 2480 vos
3561 2438 3752 2481 omnes
3789 2429 3975 2483 avidos

2382 2507 2637 2567 doctrina:
2664 2510 2732 2565 ab
2761 2528 2856 2566 ore
2885 2528 3006 2569 meo
3037 2514 3351 2584 pendentes.
3400 2526 3457 2572 et
3482 2519 3658 2573 omnia
3689 2520 3973 2587 facientes,

2382 2616 2449 2655 ne
2476 2601 2601 2671 quid
2631 2617 2725 2657 vos
2752 2603 3014 2659 dictorum
3056 2606 3383 2676 praeteriret;
3433 2619 3689 2677 pmterea
3733 2612 3975 2668 continui

2382 2694 2595 2762 plausus
2634 2696 2870 2751 maxime
2900 2697 3253 2764 testabantur,
3300 2714 3395 2754 vos
3431 2701 3569 2755 dicta
3599 2717 3789 2773 magna
3820 2705 3974 2759 volu-

2383 2794 2524 2854 ptate
2566 2785 2857 2854 suscipere.
2935 2788 3034 2853 Qui
3083 2798 3260 2843 autem
3298 2790 3497 2860 aliquid
3548 2790 3973 2862 rolupe'audit,

2381 2886 2585 2932 certum
2614 2886 2697 2932 est
2738 2878 2865 2933 illud
2906 2880 3167 2949 profunde
3213 2882 3266 2935 in
3312 2883 3491 2936 animo
3533 2882 3696 2953 ligere
3726 2903 3741 2939 :
3775 2886 3975 2958 ubique

2381 2966 2538 3020 altius
2582 2981 2869 3036 reponens,
2921 2969 3048 3023 facit
3090 2985 3160 3026 ne
3203 2972 3611 3030 eradidelerive
3628 2986 3813 3044 queat.
3847 2976 3979 3045 Quis

2384 3056 2543 3126 igitur
2586 3056 2744 3128 digne
2786 3072 2883 3113 vos
2920 3058 3171 3126 laudare,
3221 3072 3275 3116 et
3314 3076 3412 3118 nos
3457 3061 3643 3118 beatos
3682 3064 3979 3133 praedicare

2386 3157 2586 3218 posset,
2634 3150 2723 3220 qui
2770 3151 2823 3205 in
2870 3166 3030 3207 aures
3067 3151 3334 3223 loquimur
3379 3154 3748 3211 audientium?
3788 3157 3980 3213 Beatus

2385 3240 2549 3304 enim,
2579 3242 2673 3303 ait,
2709 3242 2798 3312 qui
2824 3241 3049 3311 loquitur
3070 3243 3125 3297 in
3152 3260 3300 3299 aures
3328 3245 3641 3300 audientiam
3670 3246 3861 3319 (Eccli.
3886 3250 3975 3305 εδ.

2385 3328 2496 3399 12).
2525 3330 2636 3385 Hoc
2676 3331 2987 3399 praclarum
3027 3349 3162 3404 opus
3196 3334 3400 3403 jejunio
3442 3347 3718 3406 acceptum
3759 3340 3977 3407 refero,

2387 3420 2487 3476 hoc
2532 3420 2825 3476 remedium
2868 3423 3093 3479 salutem
3134 3434 3413 3495 operatum
3438 3435 3523 3483 est
3546 3429 3851 3487 animarum
3883 3449 3979 3488 no-

2386 3520 2635 3565 strarum.
2661 3511 2813 3578 Quod
2844 3513 2888 3566 si
2916 3513 2984 3567 ab
3015 3514 3166 3569 initio
3189 3520 3368 3572 statim
3399 3527 3599 3574 tantum
3629 3522 3787 3577 nobis
3816 3524 3981 3580 robur

2386 3601 2642 3669 ostendit,
2686 3604 3097 3672 procedentibus
3139 3607 3329 3663 diebus
3372 3622 3567 3680 quanta
3614 3617 3976 3684 exspectanda

2386 3694 2588 3749 utilitas
2614 3694 2887 3751 atlntural
2922 3696 3093 3753 Unum
3118 3699 3219 3755 hoc
3245 3715 3340 3757 vos
3366 3700 3610 3769 obsecro,
3642 3704 3707 3760 In
3727 3708 3912 3765 timere
3933 3720 3979 3765 st

2386 3796 2598 3841 tremore
2639 3788 2852 3843 salutent
2895 3798 3109 3845 vestram
3148 3793 3423 3862 operamini
3474 3793 3643 3866 (Phil.
3670 3796 3727 3851 2.
3762 3798 3881 3871 12).
3929 3812 3981 3856 et

2387 3877 2589 3932 nullum
2615 3878 2813 3933 aditum
2842 3880 3119 3937 concedite
3148 3882 3366 3939 inimico
3388 3884 3574 3941 salutis
3602 3897 3821 3946 vestrae.
3845 3890 3977 3948 Nam

2388 3968 2574 4025 videns
2618 3986 2758 4027 nunc
2804 3973 3109 4041 spirituales
3157 3984 3363 4032 vestras
3408 3976 3637 4044 divitias,
3677 3979 3881 4038 insanit
3927 3994 3981 4039 et

2390 4060 2611 4128 fcrocit,
2684 4072 2739 4118 et
2782 4064 2917 4119 sicut
2976 4065 3061 4122 leo
3113 4066 3329 4137 rugiens
3388 4069 3674 4137 circumit,
3725 4087 3976 4144 quarens

2388 4167 2547 4222 quem
2585 4151 2908 4223 devci-ctu.
2941 4154 3053 4209 Pet.
3084 4157 3135 4211 5.
3165 4158 3243 4224 8).
3302 4158 3498 4213 Verum
3531 4162 3577 4215 si
3611 4162 3776 4217 sobrii
3810 4163 3975 4222 iueri-

2389 4256 2529 4305 tnus,
2559 4240 2685 4295 nulli
2714 4243 3025 4311 prazvalebit
3063 4259 3155 4313 per
3179 4248 3400 4314 gratiam
3432 4248 3541 4304 Dei.

2457 4330 2511 4384 2.
2564 4330 2710 4386 Talia
2738 4334 2879 4387 enim
2909 4344 3033 4389 sunt
3056 4350 3203 4390 arma
3229 4346 3407 4403 nostra
3433 4340 3745 4407 spiritualia,
3784 4345 3981 4412 quibus

2388 4434 2486 4474 nos
2532 4420 2700 4475 induit
2740 4421 2971 4491 Spiritus
2998 4425 3185 4493 gratia,
3227 4428 3363 4482 sicut
3409 4427 3522 4484 beri
3563 4433 3841 4488 caritatem
3882 4450 3978 4493 ve-

2390 4517 2553 4563 stram
2596 4509 2894 4566 docuimus.
2945 4511 3001 4567 Si
3030 4514 3187 4584 igitur
3217 4514 3299 4570 bis
3326 4518 3581 4575 continuo
3606 4521 3846 4578 membra
3877 4540 3978 4580 ιω·-

2391 4609 2499 4653 stra
2539 4601 2906 4665 muniet-imus,
2959 4605 3098 4660 nulla
3149 4608 3249 4661 tela
3294 4608 3365 4663 ab
3404 4611 3493 4665 illo
3534 4613 3726 4668 emissa
3767 4617 3835 4671 ad
3879 4632 3980 4672 nos

2389 4690 2693 4760 pertingere
2738 4699 3006 4760 poterunt,
3058 4694 3152 4748 sed
3202 4696 3351 4751 irrita
3405 4698 3472 4753 ad
3520 4699 3691 4771 ipsum
3739 4705 3975 4761 reditura

2388 4788 2514 4835 sunt
2541 4799 2553 4835 :
2588 4784 2867 4837 adamante
2895 4786 3037 4839 enim
3060 4785 3341 4843 solidiores
3367 4788 3457 4843 Dei
3479 4792 3645 4859 gratia
3664 4809 3762 4848 nos
3793 4798 3976 4862 elticit,

2389 4879 2444 4926 et
2469 4871 2514 4925 si
2545 4872 2806 4939 volumus,
2854 4876 3074 4930 omnino
3103 4876 3346 4933 invictos.
3393 4879 3573 4951 Itaque
3600 4884 3739 4939 sicut
3764 4887 3855 4955 qui
3886 4890 3978 4942 ad-

2390 4973 2655 5019 amantem
2701 4965 2891 5030 tundit,
2935 4967 3067 5022 nihil
3104 4967 3370 5025 adamauti
3414 4983 3591 5041 nocet,
3621 4976 3715 5031 sed
3742 4978 3975 5047 seipsum

2391 5054 2597 5125 fatigat,
2640 5065 2693 5110 et
2735 5057 2900 5111 robur
2929 5074 3083 5113 suum
3114 5061 3414 5128 imminuit;
3454 5072 3509 5117 et
3546 5066 3633 5133 qni
3672 5077 3858 5122 contra
3884 5070 3977 5123 sti.

2392 5147 2563 5200 mulos
2586 5146 2845 5213 calcitrat,
2877 5162 3003 5201 suos
3030 5148 3193 5218 pedes
3213 5162 3457 5207 cruentat
3481 5171 3494 5209 :
3518 5153 3570 5210 in
3596 5154 3736 5211 hunc
3759 5158 3975 5213 modum

2391 5252 2477 5293 res
2521 5251 2578 5291 se
2605 5237 2802 5292 habent
2828 5248 3025 5293 nostra:
3051 5255 3170 5294 cum
3196 5242 3381 5298 salutis
3407 5255 3604 5300 nostra:
3646 5248 3975 5317 adversario,

2392 5328 2435 5383 si
2462 5327 2645 5391 armis,
2697 5343 2816 5399 quae
2857 5329 3013 5384 nobis
3042 5331 3270 5401 Spiritus
3309 5336 3479 5389 sancti
3527 5338 3693 5406 gratia
3736 5340 3973 5403 exhibet,

2392 5422 2645 5475 continuo
2672 5437 2768 5477 nos
2797 5423 3119 5479 muniamus.
3167 5424 3333 5480 Tanta
3376 5430 3520 5483 enim
3561 5430 3769 5485 illorum
3814 5433 3978 5487 virtus

2392 5522 2493 5575 est,
2537 5522 2596 5568 ut
2634 5515 2810 5569 radios
2839 5514 2963 5570 inde
2999 5515 3323 5585 fulgurantes
3348 5519 3686 5574 adversarius
3711 5525 3978 5577 sustinere

2395 5618 2498 5657 non
2541 5605 2728 5673 possit.
2772 5604 2865 5660 sed
2917 5606 3020 5660 illis
3074 5608 3211 5661 oculi
3253 5610 3367 5677 ejus
3413 5622 3771 5667 enascentur.
3848 5614 3976 5679 llis,

2394 5710 2595 5765 quaeso,
2643 5697 2807 5751 armis
2845 5711 3057 5766 semper
3103 5712 3199 5753 nos
3245 5702 3565 5769 muniamus,
3597 5714 3648 5757 et
3676 5707 3754 5758 sic
3794 5706 3977 5759 muniti

2398 5787 2447 5841 in
2481 5785 2649 5843 lorum
2679 5800 2775 5842 nos
2819 5789 3189 5845 conferamus:
3239 5790 3315 5847 sic
3362 5791 3501 5863 apud
3540 5794 3737 5853 amicos
3780 5798 3972 5859 simus.
