4086 6494
229 485 291 540 ιι
1405 469 1467 526 ιδ
1508 455 1660 525 car.
1705 466 1744 522 ι.
1779 467 1819 522 c

1928 466 2022 522 ss.
2066 468 2296 527 ttoutL.
2343 471 2429 527 tv.
3466 493 3536 547 η

225 602 311 653 sic
358 610 520 666 epera
572 593 963 666 aggrediamur.
1035 588 1100 643 Et
1146 586 1270 659 quid
1323 585 1444 642 dico
1498 585 1549 638 in
1605 581 1828 638 forum?

225 689 408 744 Etiam
453 690 504 743 in
552 687 837 745 ecclesiam
881 686 1162 755 pergentes
1206 678 1450 736 instructi
1492 677 1598 732 illis
1640 675 1825 742 simus,

225 796 287 842 et
337 785 560 842 domum
611 783 920 846 redeuntes,
974 789 1030 836 et
1072 775 1424 843 dormientes,
1469 782 1524 830 et
1569 770 1826 842 evigilan-

224 885 334 940 tes,
391 890 565 946 neque
609 887 860 944 umquam
917 884 1011 942 per
1053 878 1220 925 totam
1265 867 1428 922 vitam
1463 873 1699 920 nostram
1739 862 1826 917 illa

220 967 597 1038 deponamus;
625 963 978 1033 commigrent
1003 961 1146 1018 enim
1178 958 1474 1024 nobiscum,
1503 963 1559 1012 ct
1595 955 1662 1009 ad
1686 953 1827 1008 illam

225 1061 396 1114 vitam
423 1072 673 1128 maguum
701 1055 909 1111 fiduciae
939 1053 1092 1108 nobis
1120 1057 1491 1121 argumentum
1520 1054 1663 1102 sunt.
1712 1045 1826 1101 Non

192 1153 377 1206 aeuim
398 1152 533 1206 sicut
557 1130 829 1207 sensibilia
856 1162 1002 1202 arma
1022 1161 1216 1217 corpus
1241 1153 1462 1216 gravant
1494 1160 1508 1197 :
1533 1142 1628 1198 sed
1659 1141 1830 1197 levius

225 1243 465 1298 reddunt
508 1251 562 1296 et
609 1240 935 1310 expeditius,
983 1249 1046 1292 ac
1088 1235 1392 1298 sublimius,
1437 1233 1706 1304 roburque
1729 1248 1826 1289 au~

223 1342 362 1402 gent
393 1348 408 1385 :
447 1342 648 1386 tantum
675 1343 817 1385 cura:
840 1328 929 1395 sit,
956 1336 1013 1382 ut
1041 1328 1154 1397 ipsa
1174 1323 1410 1396 quotidie
1436 1324 1826 1394 abstergamns,

225 1429 300 1480 ita
347 1435 404 1481 ut
434 1423 629 1495 fulgida
661 1424 786 1485 sint,
813 1431 868 1478 et
897 1419 1057 1475 radiis
1085 1426 1358 1476 excmcent
1384 1416 1569 1473 oculos
1612 1415 1825 1485 maligni

223 1515 519 1577 dzemonis,
563 1513 739 1567 omnia
777 1520 960 1575 contra
1003 1508 1226 1564 salutem
1258 1517 1491 1561 nostram
1517 1502 1816 1561 machinan.

227 1607 319 1659 tis.
354 1607 488 1674 Age,
517 1605 765 1674 quoniam
806 1601 936 1657 satis
981 1613 1076 1654 vos
1101 1598 1266 1654 armis
1296 1596 1665 1664 instruximus,
1692 1609 1824 1650 con-

227 1709 442 1752 suetam
486 1709 624 1750 nunc
655 1696 805 1750 vobis
843 1708 1080 1748 mensam
1117 1705 1467 1762 apponamus,
1518 1698 1572 1744 et
1606 1703 1671 1744 ea
1707 1704 1827 1758 qua:

228 1789 540 1845 hesternam
591 1787 872 1842 lectionem
929 1793 1261 1855 sequuntur,
1316 1781 1571 1850 deinceps
1617 1778 1824 1836 caritati

225 1891 424 1936 vestra:
454 1892 836 1948 proponamus,
869 1891 1079 1931 rursum
1119 1873 1490 1930 admirabilem
1521 1871 1667 1926 illum
1697 1884 1828 1924 con-

227 1971 360 2024 vivii
394 1967 749 2025 exbibitorem
793 1968 1002 2022 beatum
1038 1965 1262 2032 Mosem,
1295 1978 1546 2032 maguum
1597 1959 1826 2031 prophe-

227 2073 364 2129 tam,
408 2062 562 2116 bona:
595 2060 751 2130 hujus
789 2058 1046 2114 doctrinze
1088 2056 1278 2111 ducem
1328 2053 1600 2110 iacientes.
1629 2051 1824 2107 Videa-

228 2168 351 2207 mus
390 2153 547 2223 igitur
592 2165 834 2221 quamam
884 2149 991 2203 sint
1037 2162 1098 2202 ca
1129 2162 1248 2217 quae
1293 2145 1449 2200 hodie
1482 2159 1582 2200 nos
1629 2142 1825 2198 docere

228 2244 362 2309 vult,
413 2251 466 2298 et
498 2242 781 2312 diligenter
816 2240 969 2295 dictis
996 2239 1112 2309 ejus
1141 2237 1503 2293 attendamus.
1534 2236 1650 2291 Non
1679 2235 1823 2290 enirn

224 2349 325 2389 sua
377 2333 570 2389 virtute
617 2332 882 2404 loquitur,
940 2331 1033 2386 sed
1075 2344 1426 2401 quaecumque
1469 2327 1544 2383 illi
1596 2326 1823 2398 Spiritus

224 2430 399 2484 sancti
449 2428 618 2498 gratia
673 2426 921 2489 insonat,
960 2439 1023 2478 ea
1065 2438 1158 2493 per
1194 2435 1346 2477 suam
1391 2420 1661 2490 linguam,
1726 2419 1826 2474 do-

223 2519 399 2575 cendo
429 2518 716 2572 humanum
740 2531 930 2587 genus,
979 2513 1196 2586 profert.
1245 2512 1628 2567 Consumtnato
1665 2510 1825 2582 igitur

222 2609 294 2664 de
347 2608 436 2663 die
466 2609 638 2678 primo
671 2620 940 2671 sermone,
975 2613 1254 2676 postquam
1278 2602 1501 2658 formata
1532 2602 1652 2658 luce
1667 2601 1821 2669 dixit,

226 2700 447 2754 Factum
484 2710 556 2754 est
597 2714 815 2769 uespere,
867 2706 915 2752 et
961 2699 1152 2768 factum
1196 2704 1264 2749 est
1303 2710 1469 2758 mane,
1515 2693 1623 2748 dies
1667 2709 1819 2760 unus,

224 2793 420 2849 iterum
451 2791 580 2846 dicit
613 2807 625 2845 :
659 2791 713 2845 6.
757 2790 993 2859 Dixitque
1031 2787 1170 2842 Deus
1219 2802 1238 2842 :
1282 2785 1403 2840 Fiat
1446 2786 1823 2856 ﬁrmamentum

222 2883 277 2935 in
325 2883 488 2936 medio
541 2897 721 2954 aquae,
784 2890 829 2934 et
891 2881 955 2934 sit
1014 2878 1327 2948 distinguens
1365 2876 1497 2930 inter
1541 2891 1726 2946 aquam
1775 2884 1822 2928 et

221 2991 428 3045 aquam.
493 2972 722 3028 Attende
773 2972 893 3041 hic,
949 2973 1264 3037 carissime,
1321 2969 1580 3024 doctrina:
1629 2983 1823 3024 conse-

221 3067 519 3135 quentiam.
552 3065 810 3132 Quoniam
862 3064 1214 3119 enim'antea
1267 3062 1421 3118 nobis
1468 3063 1637 3124 dixit,
1700 3070 1822 3132 post

221 3155 340 3210 εωιὶ
388 3163 443 3209 et
488 3165 644 3209 teme
675 3135 1019 3209 creationem
1073 3172 1086 3207 :
1140 3153 1294 3207 Terra
1322 3161 1487 3207 autem
1515 3161 1624 3207 erat
1655 3152 1820 3206 invisi-

221 3246 342 3300 οδω
377 3256 424 3298 et
472 3246 848 3316 incomposita;
900 3255 955 3301 et
995 3259 1211 3299 causam
1265 3244 1550 3314 apposuit,
1601 3254 1820 3314 propter

223 3338 328 3390 hoc
370 3335 533 3391 luisse
581 3335 918 3402 invisibilem,
969 3335 1094 3406 quia
1144 3335 1381 3391 tenebris
1417 3345 1470 3390 et
1516 3336 1672 3406 aquis
1720 3337 1821 3392 ob—

221 3428 502 3498 tegebatur
537 3445 553 3483 :
591 3429 766 3482 omnia
801 3429 945 3483 enim
996 3439 1148 3484 erant
1189 3443 1324 3498 aqua
1373 3437 1429 3484 et
1468 3430 1723 3497 tenebrat,
1763 3438 1818 3485 et

222 3521 356 3575 nihil
404 3532 699 3592 praeterea;
760 3531 813 3576 et
864 3529 1045 3591 postea
1105 3530 1370 3592 praecepto
1423 3522 1635 3576 Domini
1691 3538 1813 3592 pro-

219 3612 436 3668 duczam
483 3627 602 3668 esse
643 3612 814 3668 lucem
870 3611 1173 3684 factamque
1224 3613 1623 3669 distinctionem
1679 3614 1814 3670 lucis

220 3713 276 3758 et
334 3702 710 3767 tenebrarum;
779 3704 847 3757 ita
888 3713 943 3757 ut
984 3705 1069 3757 illa
1107 3704 1212 3758 diei
1253 3704 1676 3773 appellationem
1719 3720 1814 3761 ac-

219 3793 449 3861 ceperit,
504 3793 619 3848 ha:c
659 3809 785 3848 vero
825 3795 997 3848 noctis
1029 3810 1043 3849 :
1074 3794 1266 3849 iterum
1313 3809 1410 3849 nos
1444 3794 1640 3850 docere
1680 3795 1812 3862 vult,

219 3898 370 3948 eum,
405 3884 540 3938 sicut
566 3883 812 3939 tenebras
837 3885 1100 3954 separavit
1131 3884 1384 3954 producta
1412 3884 1551 3948 luce,
1575 3893 1631 3939 et
1655 3886 1816 3939 utris-

219 3990 328 4043 qne
369 3988 658 4044 congruum
707 3974 1022 4029 vocabulum
1073 3974 1296 4042 indidit,
1346 3975 1416 4029 ita
1475 3985 1530 4031 et
1573 3977 1814 4032 multitu-

219 4065 405 4119 dinem
441 4079 700 4133 aquarum
745 4075 1012 4134 praecepto
1062 4077 1366 4135 segregare.

297 4155 350 4208 5.
395 4153 632 4208 Potentia
659 4147 754 4208 Dei
783 4155 976 4209 nullam
1001 4171 1195 4209 moram
1238 4155 1496 4223 admittit;
1523 4157 1811 4225 ﬁrmamen-

222 4258 330 4300 tum
355 4248 476 4318 quid
491 4249 576 4314 sit,
608 4249 691 4301 vix
715 4249 835 4302 sciri
860 4256 1058 4318 potest;
1083 4247 1268 4302 multos
1292 4249 1442 4303 caelos
1462 4265 1567 4303 esse
1592 4266 1692 4303 non
1721 4266 1816 4318 pu-

222 4349 298 4392 tat
353 4337 414 4391 B.
469 4337 874 4409 Chrysostomus.
909 4369 980 4380 —
1008 4340 1071 4394 Et
1114 4339 1236 4395 vide
1273 4339 1596 4396 ineffabilem
1627 4350 1810 4412 poten-

223 4429 376 4495 tiam,
397 4443 516 4499 quze
542 4443 756 4485 omnem
799 4429 1087 4484 humanam
1125 4429 1336 4487 excedit
1363 4431 1650 4486 rationem.
1679 4431 1814 4487 Nam

221 4521 397 4575 solum
421 4519 592 4589 jubet.
634 4530 689 4574 ct
721 4521 930 4576 secedit
967 4520 1110 4576 aliud
1138 4521 1548 4589 elementorum,
1579 4533 1634 4579 et
1672 4523 1814 4578 aliud

220 4612 452 4667 decedit.
479 4611 738 4682 Dixitque,
761 4613 855 4677 ait,
883 4611 1016 4666 Deus
1039 4627 1059 4667 :
1089 4611 1206 4666 Fiat
1228 4613 1603 4683 ﬁrmamentum
1634 4616 1688 4669 in
1713 4631 1818 4669 me-

220 4705 309 4758 dio
334 4720 498 4773 aqua,
528 4714 573 4758 et
596 4705 660 4759 sit
681 4705 992 4774 distinguens
1017 4704 1145 4758 inter
1165 4720 1350 4775 aquam
1375 4714 1423 4759 et
1445 4721 1649 4775 aquam.
1675 4705 1814 4772 Quid

220 4807 328 4857 cst,
357 4795 474 4849 Fiat
504 4795 920 4864 ﬁrmamentum?
954 4795 1114 4862 Quasi
1135 4795 1255 4864 quis
1280 4795 1424 4850 dicat
1446 4795 1675 4851 humana
1709 4796 1816 4850 lin-

220 4905 323 4960 gua
355 4910 368 4945 :
399 4887 514 4943 Fiat
536 4889 709 4958 paries
736 4887 950 4958 quidam
978 4897 1032 4943 et
1056 4896 1264 4957 septum
1288 4889 1340 4942 in
1371 4888 1547 4944 medio
1568 4887 1816 4944 dividens

221 4990 278 5034 et
308 4980 700 5047 separationem
728 4978 1006 5033 inducens.
1048 4978 1115 5033 Et
1142 4988 1196 5034 ut
1219 4979 1395 5034 discas
1422 4995 1670 5050 magnam
1698 4979 1815 5036 ele-

224 5081 527 5127 mentorum
591 5069 988 5137 obedientiam,
1051 5071 1512 5141 excellentemque
1563 5073 1814 5128 virtutem

221 5161 463 5232 Opillcis,
501 5161 576 5215 ait
600 5178 614 5214 :
640 5159 706 5214 Et
730 5161 922 5232 factum
951 5162 1141 5216 estita.
1174 5161 1316 5215 Dixit
1358 5161 1555 5228 solum,
1601 5171 1652 5218 et
1681 5178 1817 5233 epus

223 5263 509 5322 sequutum
549 5261 649 5307 est.
683 5252 736 5305 7.
772 5250 836 5305 Et
866 5251 1002 5322 fecit,
1033 5251 1126 5315 ait,
1165 5251 1302 5306 Deus
1340 5253 1736 5321 ﬁrmamentum,
1768 5265 1816 5307 et

224 5343 395 5395 divisit
436 5340 574 5396 Deus
617 5342 745 5395 inter
769 5350 976 5412 aquam,
999 5358 1111 5413 qua:
1136 5353 1245 5397 erat
1273 5342 1364 5397 sub
1393 5344 1738 5412 ﬁrmamento,
1769 5354 1817 5399 et

223 5435 358 5486 inter
381 5447 585 5500 aquam,
625 5447 741 5501 qua:
765 5440 871 5486 erat
913 5447 1066 5501 super
1097 5432 1490 5502 ﬁrmamentum.
1531 5433 1697 5489 Facto
1728 5435 1816 5489 lir-

225 5531 520 5586 mamento,
552 5520 742 5592 inquit,
767 5521 928 5592 jussit
951 5537 1115 5592 aquas
1138 5523 1271 5578 alias
1297 5523 1398 5577 sub
1419 5516 1815 5581 ﬁrmamentum

228 5611 380 5677 ferri,
411 5613 543 5667 alias
558 5623 735 5668 autem
763 5628 921 5682 supra
949 5613 1168 5669 dorsum
1189 5628 1311 5669 esse
1338 5615 1680 5671 tirmamenti.
1712 5617 1816 5672 Sed

225 5703 353 5773 quid
372 5704 582 5758 tandem
607 5719 728 5760 esse
744 5704 986 5762 dicemus
1004 5707 1102 5762 hoc
1120 5709 1554 5764 ﬁrmamentum?
1580 5712 1816 5782 Aquam-

229 5813 295 5854 ne
339 5797 636 5864 densatam,
669 5798 754 5853 vel
780 5811 959 5854 aerem
998 5800 1283 5869 quemdam
1321 5802 1692 5872 convolutum,
1732 5807 1813 5861 vel

228 5890 382 5943 aliam
408 5889 792 5944 substantiam?
820 5889 985 5946 Nemo
1011 5892 1349 5961 prudentium
1374 5892 1477 5949 hoc
1509 5905 1709 5952 temere
1733 5913 1815 5952 as-

1944 588 2292 684 severarcrit.
2325 586 2546 684 Oportet
2587 593 2731 648 enim
2777 610 2965 668 magna
3011 602 3269 664 modestia
3298 619 3351 666 et
3379 627 3536 684 grato

1940 676 2121 730 animo
2160 694 2225 734 es
2247 696 2367 751 qua:
2389 681 2643 741 dicuntur
2680 703 2710 742 a
2757 691 2910 748 nobis
2936 696 3127 766 accipi,
3160 709 3215 755 et
3257 718 3363 760 non
3381 676 3531 763 ultra

1940 777 2184 826 naturam
2207 781 2446 830 nostram
2467 780 2737 850 progredi,
2769 792 2824 838 et
2848 788 3073 842 scrutari
3099 805 3218 859 qua:
3242 807 3401 865 supra
3435 815 3536 856 nos

1939 876 2096 922 sunt:
2124 867 2220 965 sed
2248 868 2349 965 hoc
2375 874 2548 928 solum
2582 876 2724 933 scire
2763 890 2818 935 et
2859 889 3041 939 tenere
3065 887 3206 957 apud
3239 907 3356 960 nos,
3389 909 3531 965 prae-

1936 968 2093 1056 cepto
2124 959 2333 1016 Domini
2362 965 2678 1033 productum
2706 985 2829 1027 esse
2857 973 3273 1049 firmamentum,
3299 982 3351 1038 in
3379 959 3534 1056 sepa-

1939 1050 2203 1106 rationem
2244 1068 2526 1124 aquarum,
2571 1062 2714 1129 quod
2745 1065 2917 1121 valeat
2959 1067 3090 1123 alias
3133 1072 3233 1128 sub
3278 1090 3337 1129 se
3366 1050 3531 1134 conti-

1936 1156 2085 1206 nere,
2118 1144 2251 1201 alias
2275 1162 2403 1202 vero
2440 1164 2652 1207 sursum
2685 1158 2737 1210 in
2768 1155 2931 1213 dorso
2959 1173 3057 1216 suo
3086 1161 3227 1219 ferre
3250 1167 3528 1228 sublimes.

1934 1232 1990 1288 8.
2040 1233 2104 1287 Et
2147 1239 2364 1304 voravit,
2413 1241 2510 1308 ait,
2557 1242 2695 1298 Deus
2732 1247 3112 1315 ﬁrmamentum
3149 1257 3350 1312 mlum.
3397 1259 3533 1319 Vide

1934 1325 2202 1392 quomodo
2253 1327 2441 1385 eadem
2499 1340 2881 1406 consequentia
2937 1342 3098 1397 etiam
3153 1361 3295 1402 nunc
3345 1349 3527 1407 divina

1933 1412 2205 1486 Scriptura
2239 1434 2331 1473 usa
2359 1430 2462 1476 est.
2491 1422 2624 1480 Nam
2664 1428 2802 1483 sicut
2827 1429 2962 1484 dixit
3006 1432 3146 1500 beri,
3180 1432 3300 1491 Fiat
3328 1439 3438 1508 lux,
3467 1453 3524 1497 et

1931 1515 2212 1600 postquam
2241 1508 2496 1578 producta
2533 1511 2792 1581 fuit,tunc
2815 1517 3046 1590 subjecit
3071 1544 3083 1580 :
3108 1526 3188 1582 Sit
3204 1531 3530 1600 distinguens

1933 1595 2065 1649 inter
2093 1595 2257 1652 lucem
2281 1610 2330 1654 et
2359 1602 2491 1657 inter
2514 1607 2763 1672 tenebras,
2806 1619 2862 1666 et
2887 1613 2964 1668 sic
2989 1613 3162 1671 lucem
3194 1617 3334 1674 diem
3364 1595 3526 1678 voca-

1931 1688 2048 1743 vit:
2083 1689 2153 1744 ita
2200 1701 2251 1746 et
2286 1694 2448 1750 hodie
2483 1696 2656 1752 dixit:
2688 1699 2808 1754 Fiat
2849 1705 3228 1772 ﬁrmamentum
3269 1713 3322 1766 in
3363 1716 3529 1770 medio

1931 1795 2097 1852 aqum.
2127 1782 2256 1838 Dein
2279 1787 2418 1841 sicut
2444 1788 2514 1844 de
2544 1790 2662 1846 luce
2686 1791 2916 1862 dixerat,
2941 1797 3012 1850 ita
3037 1809 3090 1853 et
3114 1793 3199 1856 hic
3227 1801 3409 1859 docuit
3429 1823 3530 1862 nos

1933 1889 2085 1929 usum
2132 1876 2472 1946 firmamenti,
2531 1881 2600 1938 Ut
2649 1884 2865 1954 dividat,
2927 1891 3022 1956 ait,
3067 1894 3200 1948 inter
3247 1912 3429 1967 aquam
3478 1911 3529 1954 et

1931 1982 2133 2037 aquam.
2170 1967 2236 2023 Et
2263 1979 2543 2042 postquam
2572 1973 2716 2031 hunc
2733 1980 2849 2045 ejus
2873 1995 3026 2034 usum
3054 1982 3362 2054 declaravit,
3400 1997 3526 2045 tunc

1930 2059 2068 2113 sicut
2095 2060 2197 2114 luci
2227 2077 2419 2117 nomen
2451 2063 2622 2128 dedit,
2667 2066 2737 2122 ita
2779 2078 2834 2124 et
2866 2069 3203 2129 firmamento
3239 2093 3394 2132 suum
3425 2096 3527 2134 no-

1932 2165 2053 2205 men
2086 2151 2358 2221 imposuit.
2410 2155 2476 2209 Et
2513 2160 2728 2226 vocavit,
2774 2161 2868 2230 ait,
2900 2164 3278 2234 ﬁrmamentum
3319 2173 3524 2241 caelum,

1932 2241 2032 2298 hoc
2057 2247 2198 2314 quod
2223 2247 2450 2304 videtur.
2472 2249 2839 2330 thuomodo,
2869 2256 3097 2326 inquies,
3128 2262 3312 2318 volunt
3339 2265 3523 2333 aliqui,

1931 2333 2098 2392 factos
2120 2339 2317 2394 multos
2343 2342 2539 2396 cados?
2566 2357 2672 2398 non
2698 2359 2766 2399 ex
2795 2345 2974 2402 divina
3010 2348 3283 2420 Scriptura
3315 2352 3415 2410 hoc
3443 2356 3526 2411 di-

1929 2428 2197 2495 dicerunt,
2229 2431 2321 2486 sed
2346 2448 2411 2486 ex
2441 2434 2553 2488 suis
2583 2437 2879 2494 ratiociniis
2907 2439 3012 2497 hoc
3044 2442 3300 2500 inferunt.
3332 2447 3526 2506 Beatus

1927 2532 2106 2576 autem
2137 2522 2310 2580 Moses
2340 2525 2470 2580 nihil
2510 2527 2594 2582 bis
2619 2531 2851 2600 amplius
2873 2536 3030 2590 docet
3058 2553 3072 2590 :
3107 2553 3228 2592 nam
3272 2550 3331 2595 ut
3367 2541 3520 2610 dixit,

1927 2610 1995 2666 In
2017 2614 2270 2685 principio
2291 2617 2409 2686 fecit
2443 2617 2582 2673 Deus
2608 2621 2792 2675 celum
2820 2634 2868 2678 et
2904 2634 3089 2684 terram
3121 2644 3140 2683 :
3163 2639 3218 2685 et
3237 2631 3361 2688 dein
3391 2648 3523 2689 cau-

1927 2717 2042 2758 sam
2066 2704 2248 2761 docuit
2274 2722 2439 2777 quare
2471 2717 2608 2764 terra
2638 2724 2781 2769 esset
2811 2713 3115 2784 invisibilis,
3160 2736 3353 2792 nempe
3380 2726 3524 2794 quod

1927 2795 2140 2852 obtecta
2162 2811 2191 2852 a
2215 2800 2452 2855 tenebris
2482 2813 2536 2859 et
2561 2805 2715 2876 aquis
2748 2805 2964 2880 abyssi;
2995 2822 3116 2880 post
3144 2811 3521 2874 formationem

1927 2884 2081 2978 lucis,
2110 2888 2298 2945 ordine
2324 2900 2378 2946 et
2406 2898 2789 2965 Consequentia
2825 2899 3056 2969 quadam
3101 2913 3276 2972 utens,
3307 2907 3478 2978 inquit
3505 2928 3520 2965 :

1929 2975 1995 3068 ξι
2039 2977 2169 3032 dixit
2200 2979 2361 3047 Deus,
2410 2981 2534 3037 Fiat
2575 2986 2974 3055 ﬁrmamentum.
3011 2993 3210 3050 Deinde
3241 2975 3522 3068 postquam

1924 3065 2105 3122 docuit
2129 3068 2414 3140 diligenter
2440 3089 2593 3129 usum
2632 3076 2786 3132 istius
2803 3078 3148 3151 ﬁrmamenti,
3173 3065 3416 3157 et—dixit,
3453 3093 3522 3148 Ut

1923 3157 2250 3231 distingueret
2289 3163 2418 3219 inter
2437 3181 2623 3233 aquam
2651 3179 2698 3223 et
2726 3187 2931 3242 aquam,
2966 3175 3102 3231 istud
3135 3179 3306 3249 ipsum
3339 3183 3518 3238 firma-

1925 3260 2162 3307 mentum
2190 3255 2330 3324 quod
2357 3272 2616 3328 aquarum
2637 3265 3029 3332 separationem
3055 3269 3300 3340 faciebat,
3330 3277 3520 3332 cadum

1922 3345 2153 3400 vocavit.
2185 3345 2316 3414 Quis
2350 3347 2509 3419 igitur
2546 3361 2666 3421 post
2695 3362 2894 3410 tantam
2931 3356 3230 3416 doctrinam
3259 3362 3395 3420 feret
3428 3383 3522 3423 eos

1921 3438 2011 3507 qui
2039 3453 2104 3494 ex
2149 3453 2246 3495 sua
2275 3452 2456 3497 mente
2486 3443 2650 3514 loqui,
2685 3457 2738 3501 et
2776 3459 2965 3504 contra
3008 3451 3242 3509 divinam
3274 3456 3521 3528 Scriptu-

1922 3543 2036 3583 ram
2064 3530 2261 3587 multos
2286 3533 2451 3589 caelos
2471 3535 2651 3592 dicere
2681 3540 2919 3595 audent?
2958 3543 3028 3597 At
3054 3545 3301 3614 inquiunt
3335 3566 3348 3602 :
3381 3551 3520 3606 Ecce

1923 3619 2110 3675 beatus
2161 3623 2324 3679 David
2371 3625 2582 3682 laudem
2627 3629 2737 3684 Deo
2776 3631 3029 3699 offerens,
3066 3635 3247 3693 dixit:
3290 3639 3522 3697 Laudato

1922 3729 2057 3779 eum,
2087 3716 2199 3769 ccli
2225 3717 2466 3771 ctelornm
2493 3718 2665 3789 (Psaf.
2689 3722 2811 3777 M8.
2837 3725 2914 3795 4).
2941 3725 3017 3781 Ne
3039 3728 3520 3798 turberis,dilccte,

1922 3820 2095 3876 neque
2125 3816 2280 3876 putes
2313 3823 2518 3864 sacram
2549 3811 2879 3882 Scripturam
2911 3816 3118 3888 sibiipsi
3161 3820 3355 3876 alicubi
3383 3839 3515 3879 con-

1923 3898 2138 3953 trariam
2176 3918 2188 3952 :
2219 3900 2315 3956 sed
2342 3901 2486 3958 disce
2514 3905 2690 3972 potius
2716 3905 2978 3962 dictorum
3004 3910 3279 3966 veritatem
3300 3956 3314 3980 ,
3356 3927 3412 3970 et
3439 3927 3520 3971 te-

1924 4005 2055 4047 nens
2097 3990 2382 4061 diligenter
2431 3993 2574 4048 illius
2613 3995 2937 4066 doctrinam,
2989 4000 3182 4056 obtura
3221 4018 3381 4062 aures
3438 4009 3515 4064 illi

1921 4086 2191 4140 contraria
2214 4085 2536 4141 dicentibus.

1990 4178 2044 4231 4.
2091 4173 2398 4232 Ptoletmeus
2425 4189 2664 4232 convocat
2684 4178 2838 4235 LXX
2858 4179 3187 4254 Interpretes.
3211 4215 3282 4226 —
3298 4185 3365 4242 Et
3385 4189 3514 4259 quid

1923 4265 2024 4322 hoc
2049 4267 2139 4334 sit,
2171 4267 2313 4339 quod
2342 4269 2521 4324 dicere
2567 4269 2711 4336 volo,
2741 4270 2922 4327 audite
2966 4289 3153 4343 magna
3196 4279 3515 4346 attentione,

1921 4369 1978 4415 ut
2005 4375 2073 4417 ne
2098 4360 2254 4416 facile
2275 4362 2592 4416 moveamini
2616 4377 2646 4416 a
2677 4363 2976 4420 volentibus
2998 4367 3253 4437 quidquid
3287 4369 3338 4424 in
3366 4385 3519 4427 meu-

1923 4461 2029 4509 tem
2058 4453 2263 4508 venerit
2293 4451 2492 4508 dicere.
2519 4453 2721 4510 Omnes
2745 4454 2911 4510 divini
2943 4457 3062 4510 libri
3095 4457 3304 4514 Veteris
3333 4461 3527 4516 Testae

1922 4544 2087 4600 menti
2118 4543 2466 4600 Hebraeorum
2493 4545 2671 4614 lingua
2715 4545 2784 4600 ab
2831 4545 2982 4601 initio
3029 4548 3179 4604 fuere
3208 4554 3517 4621 compositi,

1921 4645 1975 4690 et
2004 4635 2057 4690 in
2089 4638 2191 4691 hoc
2218 4635 2495 4689 uobiscum
2538 4637 2912 4691 consenserint
2949 4651 3160 4693 omnes.
3191 4638 3305 4694 Non
3337 4642 3522 4699 multis

1921 4735 2099 4780 autem
2126 4725 2282 4781 anuis
2311 4734 2436 4780 ante
2468 4723 2759 4780 adventum
2788 4725 2988 4782 Christi
3017 4743 3114 4784 rex
3141 4730 3357 4799 quidam
3385 4731 3514 4787 Pto-

1922 4818 2138 4873 lemmus
2169 4817 2269 4892 (a),
2302 4819 2356 4873 in
2377 4818 2695 4889 colligendis
2732 4819 2881 4874 libris
2905 4821 3193 4876 admodum
3219 4823 3516 4892 studiosus;

1921 4910 2105 4964 multis
2128 4911 2249 4966 aliis
2277 4909 2611 4980 diversisque
2643 4911 2868 4976 coactis,
2897 4927 3075 4982 operae
3098 4916 3327 4984 pretium
3355 4926 3515 4986 puta--

1921 5002 1999 5056 vit
2027 5003 2125 5057 hos
2149 5003 2312 5059 etiam
2353 5001 2521 5057 libros
2559 4998 2831 5071 colligere.
2869 5002 2945 5058 Ea
2971 5003 3039 5060 de
3067 5019 3226 5060 causa
3252 5006 3522 5076 quosdam

1920 5093 2227 5148 Judaeorum
2273 5091 2847 5164 Jerosolymitanorum
2901 5095 3122 5162 accivit,
3166 5097 3254 5166 qui
3307 5112 3403 5153 eos
3458 5101 3513 5154 in

1921 5183 2161 5238 Graecam
2190 5183 2422 5254 linguam
2446 5191 2719 5238 verterent
2743 5202 2756 5239 :
2786 5185 2928 5255 quod
2955 5187 3115 5241 etiam
3148 5187 3439 5257 perfectum
3466 5201 3526 5247 et

1920 5275 2222 5330 absolutum
2255 5273 2370 5328 fuit.
2405 5273 2624 5328 Factum
2647 5285 2826 5329 autem
2850 5284 2933 5331 est
2955 5277 3056 5332 hoc
3073 5277 3268 5333 divinae
3300 5281 3522 5351 dispen-

1923 5367 2146 5421 sationis
2177 5380 2332 5436 opus,
2365 5373 2424 5420 ut
2450 5381 2554 5420 non
2596 5365 2770 5421 solum
2816 5366 3090 5421 llebraica:
3122 5369 3314 5440 linguas
3338 5373 3526 5442 periti,

1926 5457 2018 5512 sed
2047 5467 2100 5514 et
2128 5471 2318 5512 omnes
2343 5457 2432 5528 qui
2463 5466 2631 5512 totum
2659 5457 2846 5511 orbem
2874 5456 3194 5524 inhabitant,
3218 5476 3283 5515 ex
3310 5461 3388 5516 eis
3416 5464 3528 5517 uti-

1984 5657 2056 5722 (η)
2090 5654 2482 5722 νωιεςωωιξεςβθ
2505 5665 2603 5722 quo
2625 5651 2703 5722 hic
2729 5649 3341 5722 ιρίιυιιιθτᾼειιηεοξιοηῑειβ.
3367 5658 3529 5707 unum

1923 5715 2019 5782 del,
2039 5715 2131 5769 ltus
2153 5718 2302 5767 fuisse
2325 5718 2501 5782 dicitur
2523 5715 2572 5782 in
2607 5715 3054 5782 Historianristeae,
3079 5716 3218 5776 cujus
3251 5718 3394 5767 fidem
3431 5735 3523 5768 cas-

1927 5779 2129 5846 teraque
2151 5782 2309 5846 onmia
2332 5779 2393 5846 ad
2417 5780 2715 5846 versionem.
2723 5779 3026 5846 septuaginta
3054 5782 3370 5846 Interpretmn
3409 5795 3520 5846 [νυν.

1923 5837 2126 5906 liuentia
2145 5839 2509 5906 exploravimus
2529 5841 2574 5906 in
2601 5837 3002 5888 t'raelimiuaribus
3034 5837 3092 5886 ad
3119 5837 3331 5903 tlexapla
3351 5837 3520 5903 origin

1930 5898 2006 5950 nis
2028 5912 2130 5958 cap.
2155 5898 2314 5955 3.'ubl
2338 5900 2447 5951 vide
2469 5898 2556 5950 sis.
