  <div class='ocr_page' id='page_1' title='image "/cluster/home/n/w/nwhite01/storage/ocr_20150623/53/uva.x030486927/045.png"; bbox 0 0 4086 6486; ppageno 0'>
   <div class='ocr_carea' id='block_1_1' title="bbox 602 445 3878 515">
    <p class='ocr_par' dir='ltr' id='par_1_1' title="bbox 602 445 3878 515">
     <span class='ocr_line' id='line_1_1' title="bbox 602 445 3878 515; baseline -0.002 -5"><span class='ocrx_word' id='word_1_1' title='bbox 602 446 671 500; x_wconf 67' lang='grc'><strong>6³</strong></span> <span class='ocrx_word' id='word_1_2' title='bbox 1440 448 1499 504; x_wconf 86' lang='lat' dir='ltr'><strong>S.</strong></span> <span class='ocrx_word' id='word_1_3' title='bbox 1528 446 1802 503; x_wconf 79' lang='lat' dir='ltr'><strong>JO.\NNlS</strong></span> <span class='ocrx_word' id='word_1_4' title='bbox 1843 445 2312 503; x_wconf 60' lang='lat' dir='ltr'><strong>CHRYSOSTOIII</strong></span> <span class='ocrx_word' id='word_1_5' title='bbox 2354 446 2667 503; x_wconf 76' lang='lat' dir='ltr'><strong>ARCIIIEP.</strong></span> <span class='ocrx_word' id='word_1_6' title='bbox 2709 448 3239 508; x_wconf 77' lang='lat' dir='ltr'><strong>CONSTANTINOP.</strong></span> <span class='ocrx_word' id='word_1_7' title='bbox 3813 461 3878 515; x_wconf 64' lang='lat'><strong>45</strong></span> 
     </span>
    </p>
   </div>
   <div class='ocr_carea' id='block_1_2' title="bbox 604 557 2170 628">
    <p class='ocr_par' dir='ltr' id='par_1_2' title="bbox 604 557 2170 628">
     <span class='ocr_line' id='line_1_2' title="bbox 604 557 2170 628; baseline 0.001 -18"><span class='ocrx_word' id='word_1_8' title='bbox 604 557 804 610; x_wconf 84' lang='lat' dir='ltr'><strong>litatem</strong></span> <span class='ocrx_word' id='word_1_9' title='bbox 838 558 1191 628; x_wconf 89' lang='lat' dir='ltr'><strong>perciperent.</strong></span> <span class='ocrx_word' id='word_1_10' title='bbox 1231 557 1490 628; x_wconf 80' lang='lat' dir='ltr'><strong>Quodque</strong></span> <span class='ocrx_word' id='word_1_11' title='bbox 1528 558 1838 614; x_wconf 87' lang='lat' dir='ltr'><strong>admirabile</strong></span> <span class='ocrx_word' id='word_1_12' title='bbox 1863 575 1926 614; x_wconf 89' lang='lat' dir='ltr'><strong>ac</strong></span> <span class='ocrx_word' id='word_1_13' title='bbox 1961 569 2170 628; x_wconf 85' lang='lat' dir='ltr'><strong>stupen-</strong></span> 
     </span>
    </p>
   </div>
   <div class='ocr_carea' id='block_1_3' title="bbox 600 646 2179 719">
    <p class='ocr_par' dir='ltr' id='par_1_3' title="bbox 600 646 2179 719">
     <span class='ocr_line' id='line_1_3' title="bbox 600 646 2179 719; baseline 0.001 -20"><span class='ocrx_word' id='word_1_14' title='bbox 600 646 726 701; x_wconf 88' lang='lat' dir='ltr'><strong>dum</strong></span> <span class='ocrx_word' id='word_1_15' title='bbox 769 655 868 711; x_wconf 82' lang='lat' dir='ltr'><strong>est,</strong></span> <span class='ocrx_word' id='word_1_16' title='bbox 902 651 991 717; x_wconf 86' lang='lat' dir='ltr'><strong>qui</strong></span> <span class='ocrx_word' id='word_1_17' title='bbox 1039 649 1166 704; x_wconf 91' lang='lat' dir='ltr'><strong>illud</strong></span> <span class='ocrx_word' id='word_1_18' title='bbox 1205 651 1334 719; x_wconf 86' lang='lat' dir='ltr'><strong>egit,</strong></span> <span class='ocrx_word' id='word_1_19' title='bbox 1384 663 1486 702; x_wconf 90' lang='lat' dir='ltr'><strong>non</strong></span> <span class='ocrx_word' id='word_1_20' title='bbox 1521 647 1825 703; x_wconf 69' lang='lat' dir='ltr'><strong>Judmorum</strong></span> <span class='ocrx_word' id='word_1_21' title='bbox 1873 649 2179 718; x_wconf 83' lang='lat' dir='ltr'><strong>religionem</strong></span> 
     </span>
    </p>
   </div>
   <div class='ocr_carea' id='block_1_4' title="bbox 600 735 2180 808">
    <p class='ocr_par' dir='ltr' id='par_1_4' title="bbox 600 735 2180 808">
     <span class='ocr_line' id='line_1_4' title="bbox 600 735 2180 808; baseline 0.003 -21"><span class='ocrx_word' id='word_1_22' title='bbox 600 735 923 800; x_wconf 79' lang='lat' dir='ltr'><strong>sectabatur,</strong></span> <span class='ocrx_word' id='word_1_23' title='bbox 957 738 1049 792; x_wconf 87' lang='lat' dir='ltr'><strong>sed</strong></span> <span class='ocrx_word' id='word_1_24' title='bbox 1078 739 1337 793; x_wconf 88' lang='lat' dir='ltr'><strong>idolorum</strong></span> <span class='ocrx_word' id='word_1_25' title='bbox 1375 737 1537 799; x_wconf 87' lang='lat' dir='ltr'><strong>cultui</strong></span> <span class='ocrx_word' id='word_1_26' title='bbox 1563 737 1772 792; x_wconf 86' lang='lat' dir='ltr'><strong>deditus</strong></span> <span class='ocrx_word' id='word_1_27' title='bbox 1801 748 1936 802; x_wconf 89' lang='lat' dir='ltr'><strong>erat,</strong></span> <span class='ocrx_word' id='word_1_28' title='bbox 1967 749 2020 793; x_wconf 91' lang='lat' dir='ltr'><strong>et</strong></span> <span class='ocrx_word' id='word_1_29' title='bbox 2053 739 2180 808; x_wconf 86' lang='lat' dir='ltr'><strong>ipsis</strong></span> 
     </span>
    </p>
   </div>
   <div class='ocr_carea' id='block_1_5' title="bbox 599 827 2180 886">
    <p class='ocr_par' dir='ltr' id='par_1_5' title="bbox 599 827 2180 886">
     <span class='ocr_line' id='line_1_5' title="bbox 599 827 2180 886; baseline 0.005 -9"><span class='ocrx_word' id='word_1_30' title='bbox 599 827 864 880; x_wconf 85' lang='lat' dir='ltr'><strong>contraria</strong></span> <span class='ocrx_word' id='word_1_31' title='bbox 893 829 1173 882; x_wconf 91' lang='lat' dir='ltr'><strong>sentiebat.</strong></span> <span class='ocrx_word' id='word_1_32' title='bbox 1206 829 1316 884; x_wconf 88' lang='lat' dir='ltr'><strong>lloc</strong></span> <span class='ocrx_word' id='word_1_33' title='bbox 1337 830 1478 884; x_wconf 90' lang='lat' dir='ltr'><strong>enim</strong></span> <span class='ocrx_word' id='word_1_34' title='bbox 1501 830 1662 884; x_wconf 90' lang='lat' dir='ltr'><strong>modo</strong></span> <span class='ocrx_word' id='word_1_35' title='bbox 1696 846 1756 884; x_wconf 89' lang='lat' dir='ltr'><strong>se</strong></span> <span class='ocrx_word' id='word_1_36' title='bbox 1780 831 1978 886; x_wconf 86' lang='lat' dir='ltr'><strong>habent</strong></span> <span class='ocrx_word' id='word_1_37' title='bbox 2004 832 2180 885; x_wconf 84' lang='lat' dir='ltr'><strong>omnia</strong></span> 
     </span>
    </p>
   </div>
   <div class='ocr_carea' id='block_1_6' title="bbox 600 915 2181 990">
    <p class='ocr_par' dir='ltr' id='par_1_6' title="bbox 600 915 2181 990">
     <span class='ocr_line' id='line_1_6' title="bbox 600 915 2181 990; baseline 0.004 -23"><span class='ocrx_word' id='word_1_38' title='bbox 600 932 718 984; x_wconf 69' lang='lat' dir='ltr'><strong>qum</strong></span> <span class='ocrx_word' id='word_1_39' title='bbox 741 931 770 970; x_wconf 88' lang='lat' dir='ltr'><strong>a</strong></span> <span class='ocrx_word' id='word_1_40' title='bbox 803 915 1024 971; x_wconf 90' lang='lat' dir='ltr'><strong>Domino</strong></span> <span class='ocrx_word' id='word_1_41' title='bbox 1055 927 1240 972; x_wconf 89' lang='lat' dir='ltr'><strong>nostro</strong></span> <span class='ocrx_word' id='word_1_42' title='bbox 1278 919 1679 989; x_wconf 85' lang='lat' dir='ltr'><strong>dispensantur,</strong></span> <span class='ocrx_word' id='word_1_43' title='bbox 1714 930 1769 974; x_wconf 93' lang='lat' dir='ltr'><strong>ut</strong></span> <span class='ocrx_word' id='word_1_44' title='bbox 1806 937 1898 990; x_wconf 87' lang='lat' dir='ltr'><strong>per</strong></span> <span class='ocrx_word' id='word_1_45' title='bbox 1925 922 2181 976; x_wconf 87' lang='lat' dir='ltr'><strong>adversa-</strong></span> 
     </span>
    </p>
   </div>
   <div class='ocr_carea' id='block_1_7' title="bbox 600 1011 2179 1082">
    <p class='ocr_par' dir='ltr' id='par_1_7' title="bbox 600 1011 2179 1082">
     <span class='ocr_line' id='line_1_7' title="bbox 600 1011 2179 1082; baseline 0.003 -21"><span class='ocrx_word' id='word_1_46' title='bbox 600 1013 708 1062; x_wconf 74' lang='lat' dir='ltr'><strong>rios</strong></span> <span class='ocrx_word' id='word_1_47' title='bbox 739 1023 950 1077; x_wconf 75' lang='lat' dir='ltr'><strong>seniper</strong></span> <span class='ocrx_word' id='word_1_48' title='bbox 977 1019 1220 1064; x_wconf 86' lang='lat' dir='ltr'><strong>crescant</strong></span> <span class='ocrx_word' id='word_1_49' title='bbox 1253 1011 1489 1066; x_wconf 73' lang='lat' dir='ltr'><strong>veritatis</strong></span> <span class='ocrx_word' id='word_1_50' title='bbox 1516 1023 1803 1082; x_wconf 71' lang='lat' dir='ltr'><strong>praecepta.</strong></span> <span class='ocrx_word' id='word_1_51' title='bbox 1845 1013 1969 1069; x_wconf 69' lang='lat' dir='ltr'><strong>llaec</strong></span> <span class='ocrx_word' id='word_1_52' title='bbox 2001 1023 2179 1068; x_wconf 88' lang='lat' dir='ltr'><strong>autem</strong></span> 
     </span>
    </p>
   </div>
   <div class='ocr_carea' id='block_1_8' title="bbox 598 1101 2181 1169">
    <p class='ocr_par' dir='ltr' id='par_1_8' title="bbox 598 1101 2181 1169">
     <span class='ocr_line' id='line_1_8' title="bbox 598 1101 2181 1169; baseline 0.005 -19"><span class='ocrx_word' id='word_1_53' title='bbox 598 1114 704 1152; x_wconf 75' lang='lat' dir='ltr'><strong>nan</strong></span> <span class='ocrx_word' id='word_1_54' title='bbox 735 1107 933 1153; x_wconf 85' lang='lat' dir='ltr'><strong>temere</strong></span> <span class='ocrx_word' id='word_1_55' title='bbox 966 1109 1156 1155; x_wconf 74' lang='lat' dir='ltr'><strong>vestra:</strong></span> <span class='ocrx_word' id='word_1_56' title='bbox 1197 1101 1403 1156; x_wconf 79' lang='lat' dir='ltr'><strong>caritati</strong></span> <span class='ocrx_word' id='word_1_57' title='bbox 1436 1103 1786 1169; x_wconf 89' lang='lat' dir='ltr'><strong>narraverim,</strong></span> <span class='ocrx_word' id='word_1_58' title='bbox 1829 1103 1923 1158; x_wconf 87' lang='lat' dir='ltr'><strong>sed</strong></span> <span class='ocrx_word' id='word_1_59' title='bbox 1960 1112 2015 1158; x_wconf 95' lang='lat' dir='ltr'><strong>ut</strong></span> <span class='ocrx_word' id='word_1_60' title='bbox 2042 1104 2181 1158; x_wconf 89' lang='lat' dir='ltr'><strong>scire</strong></span> 
     </span>
    </p>
   </div>
   <div class='ocr_carea' id='block_1_9' title="bbox 601 1186 2179 1261">
    <p class='ocr_par' dir='ltr' id='par_1_9' title="bbox 601 1186 2179 1261">
     <span class='ocr_line' id='line_1_9' title="bbox 601 1186 2179 1261; baseline 0.003 -21"><span class='ocrx_word' id='word_1_61' title='bbox 601 1186 835 1254; x_wconf 79' lang='lat' dir='ltr'><strong>possitis,</strong></span> <span class='ocrx_word' id='word_1_62' title='bbox 886 1200 992 1242; x_wconf 88' lang='lat' dir='ltr'><strong>non</strong></span> <span class='ocrx_word' id='word_1_63' title='bbox 1024 1188 1124 1243; x_wconf 89' lang='lat' dir='ltr'><strong>hac</strong></span> <span class='ocrx_word' id='word_1_64' title='bbox 1170 1189 1370 1260; x_wconf 88' lang='lat' dir='ltr'><strong>lingua,</strong></span> <span class='ocrx_word' id='word_1_65' title='bbox 1417 1199 1622 1256; x_wconf 87' lang='lat' dir='ltr'><strong>nostra,</strong></span> <span class='ocrx_word' id='word_1_66' title='bbox 1669 1191 1902 1261; x_wconf 86' lang='lat' dir='ltr'><strong>inquam,</strong></span> <span class='ocrx_word' id='word_1_67' title='bbox 1953 1191 2046 1245; x_wconf 88' lang='lat' dir='ltr'><strong>sed</strong></span> <span class='ocrx_word' id='word_1_68' title='bbox 2078 1191 2179 1246; x_wconf 89' lang='lat' dir='ltr'><strong>lle-</strong></span> 
     </span>
    </p>
   </div>
   <div class='ocr_carea' id='block_1_10' title="bbox 597 1275 2178 1352">
    <p class='ocr_par' dir='ltr' id='par_1_10' title="bbox 597 1275 2178 1352">
     <span class='ocr_line' id='line_1_10' title="bbox 597 1275 2178 1352; baseline 0.006 -26"><span class='ocrx_word' id='word_1_69' title='bbox 597 1275 799 1340; x_wconf 86' lang='lat' dir='ltr'><strong>bralca,</strong></span> <span class='ocrx_word' id='word_1_70' title='bbox 823 1275 984 1331; x_wconf 78' lang='lat' dir='ltr'><strong>fuisse</strong></span> <span class='ocrx_word' id='word_1_71' title='bbox 1011 1276 1109 1332; x_wconf 89' lang='lat' dir='ltr'><strong>hos</strong></span> <span class='ocrx_word' id='word_1_72' title='bbox 1128 1279 1292 1333; x_wconf 89' lang='lat' dir='ltr'><strong>libros</strong></span> <span class='ocrx_word' id='word_1_73' title='bbox 1315 1280 1660 1348; x_wconf 89' lang='lat' dir='ltr'><strong>compositos.</strong></span> <span class='ocrx_word' id='word_1_74' title='bbox 1686 1280 1876 1335; x_wconf 90' lang='lat' dir='ltr'><strong>Dicunt</strong></span> <span class='ocrx_word' id='word_1_75' title='bbox 1901 1281 2063 1351; x_wconf 90' lang='lat' dir='ltr'><strong>igitur</strong></span> <span class='ocrx_word' id='word_1_76' title='bbox 2091 1283 2178 1352; x_wconf 85' lang='lat' dir='ltr'><strong>qui</strong></span> 
     </span>
    </p>
   </div>
   <div class='ocr_carea' id='block_1_11' title="bbox 597 1362 2177 1440">
    <p class='ocr_par' dir='ltr' id='par_1_11' title="bbox 597 1362 2177 1440">
     <span class='ocr_line' id='line_1_11' title="bbox 597 1362 2177 1440; baseline 0.006 -24"><span class='ocrx_word' id='word_1_77' title='bbox 597 1362 790 1433; x_wconf 63' lang='lat' dir='ltr'><strong>lingua</strong></span> <span class='ocrx_word' id='word_1_78' title='bbox 816 1364 935 1435; x_wconf 84' lang='lat' dir='ltr'><strong>ejus</strong></span> <span class='ocrx_word' id='word_1_79' title='bbox 972 1367 1212 1436; x_wconf 88' lang='lat' dir='ltr'><strong>apprime</strong></span> <span class='ocrx_word' id='word_1_80' title='bbox 1239 1368 1389 1440; x_wconf 86' lang='lat' dir='ltr'><strong>gnari</strong></span> <span class='ocrx_word' id='word_1_81' title='bbox 1421 1377 1564 1436; x_wconf 89' lang='lat' dir='ltr'><strong>sunt,</strong></span> <span class='ocrx_word' id='word_1_82' title='bbox 1603 1369 1720 1424; x_wconf 65' lang='lat' dir='ltr'><strong>celi</strong></span> <span class='ocrx_word' id='word_1_83' title='bbox 1760 1385 1956 1426; x_wconf 89' lang='lat' dir='ltr'><strong>nomen</strong></span> <span class='ocrx_word' id='word_1_84' title='bbox 1989 1372 2177 1440; x_wconf 86' lang='lat' dir='ltr'><strong>plurali</strong></span> 
     </span>
    </p>
   </div>
   <div class='ocr_carea' id='block_1_12' title="bbox 596 1455 2176 1528">
    <p class='ocr_par' dir='ltr' id='par_1_12' title="bbox 596 1455 2176 1528">
     <span class='ocr_line' id='line_1_12' title="bbox 596 1455 2176 1528; baseline 0.007 -23"><span class='ocrx_word' id='word_1_85' title='bbox 596 1468 822 1508; x_wconf 84' lang='lat' dir='ltr'><strong>numero</strong></span> <span class='ocrx_word' id='word_1_86' title='bbox 864 1455 931 1509; x_wconf 89' lang='lat' dir='ltr'><strong>ab</strong></span> <span class='ocrx_word' id='word_1_87' title='bbox 970 1455 1208 1512; x_wconf 62' lang='lat' dir='ltr'><strong>Hebraeis</strong></span> <span class='ocrx_word' id='word_1_88' title='bbox 1237 1459 1438 1526; x_wconf 88' lang='lat' dir='ltr'><strong>vocari,</strong></span> <span class='ocrx_word' id='word_1_89' title='bbox 1469 1457 1612 1528; x_wconf 86' lang='lat' dir='ltr'><strong>quod</strong></span> <span class='ocrx_word' id='word_1_90' title='bbox 1652 1460 1973 1516; x_wconf 90' lang='lat' dir='ltr'><strong>conﬁtentur</strong></span> <span class='ocrx_word' id='word_1_91' title='bbox 2015 1461 2176 1516; x_wconf 89' lang='lat' dir='ltr'><strong>etiam</strong></span> 
     </span>
    </p>
   </div>
   <div class='ocr_carea' id='block_1_13' title="bbox 595 1543 2180 1621">
    <p class='ocr_par' dir='ltr' id='par_1_13' title="bbox 595 1543 2180 1621">
     <span class='ocr_line' id='line_1_13' title="bbox 595 1543 2180 1621; baseline 0.007 -27"><span class='ocrx_word' id='word_1_92' title='bbox 595 1545 682 1613; x_wconf 86' lang='lat' dir='ltr'><strong>qui</strong></span> <span class='ocrx_word' id='word_1_93' title='bbox 715 1543 971 1616; x_wconf 78' lang='lat' dir='ltr'><strong>Syrorum</strong></span> <span class='ocrx_word' id='word_1_94' title='bbox 1002 1546 1234 1616; x_wconf 77' lang='lat' dir='ltr'><strong>linguam</strong></span> <span class='ocrx_word' id='word_1_95' title='bbox 1256 1549 1452 1602; x_wconf 88' lang='lat' dir='ltr'><strong>sciunt.</strong></span> <span class='ocrx_word' id='word_1_96' title='bbox 1479 1549 1546 1602; x_wconf 86' lang='lat' dir='ltr'><strong>Et</strong></span> <span class='ocrx_word' id='word_1_97' title='bbox 1576 1565 1734 1605; x_wconf 90' lang='lat' dir='ltr'><strong>nemo</strong></span> <span class='ocrx_word' id='word_1_98' title='bbox 1760 1566 1822 1605; x_wconf 89' lang='lat' dir='ltr'><strong>ea</strong></span> <span class='ocrx_word' id='word_1_99' title='bbox 1847 1551 2023 1621; x_wconf 90' lang='lat' dir='ltr'><strong>lingua</strong></span> <span class='ocrx_word' id='word_1_100' title='bbox 2047 1551 2180 1605; x_wconf 86' lang='lat' dir='ltr'><strong>dicit</strong></span> 
     </span>
    </p>
   </div>
   <div class='ocr_carea' id='block_1_14' title="bbox 593 1633 2182 1707">
    <p class='ocr_par' dir='ltr' id='par_1_14' title="bbox 593 1633 2182 1707">
     <span class='ocr_line' id='line_1_14' title="bbox 593 1633 2182 1707; baseline 0.004 -19"><span class='ocrx_word' id='word_1_101' title='bbox 593 1633 804 1702; x_wconf 62' lang='lat' dir='ltr'><strong>malum,</strong></span> <span class='ocrx_word' id='word_1_102' title='bbox 833 1636 924 1690; x_wconf 88' lang='lat' dir='ltr'><strong>sed</strong></span> <span class='ocrx_word' id='word_1_103' title='bbox 947 1637 1082 1691; x_wconf 70' lang='lat' dir='ltr'><strong>cazli.</strong></span> <span class='ocrx_word' id='word_1_104' title='bbox 1114 1638 1288 1707; x_wconf 83' lang='lat' dir='ltr'><strong>Atque</strong></span> <span class='ocrx_word' id='word_1_105' title='bbox 1314 1638 1514 1694; x_wconf 91' lang='lat' dir='ltr'><strong>idcirco</strong></span> <span class='ocrx_word' id='word_1_106' title='bbox 1542 1640 1621 1694; x_wconf 86' lang='lat' dir='ltr'><strong>sic</strong></span> <span class='ocrx_word' id='word_1_107' title='bbox 1639 1639 1838 1694; x_wconf 90' lang='lat' dir='ltr'><strong>dictum</strong></span> <span class='ocrx_word' id='word_1_108' title='bbox 1868 1649 1952 1695; x_wconf 89' lang='lat' dir='ltr'><strong>est</strong></span> <span class='ocrx_word' id='word_1_109' title='bbox 1975 1655 2005 1693; x_wconf 87' lang='lat' dir='ltr'><strong>a</strong></span> <span class='ocrx_word' id='word_1_110' title='bbox 2027 1641 2182 1695; x_wconf 87' lang='lat' dir='ltr'><strong>beato</strong></span> 
     </span>
    </p>
   </div>
   <div class='ocr_carea' id='block_1_15' title="bbox 599 1723 2176 1797">
    <p class='ocr_par' dir='ltr' id='par_1_15' title="bbox 599 1723 2176 1797">
     <span class='ocr_line' id='line_1_15' title="bbox 599 1723 2176 1797; baseline 0.004 -19"><span class='ocrx_word' id='word_1_111' title='bbox 599 1725 816 1794; x_wconf 88' lang='lat' dir='ltr'><strong>Davidc,</strong></span> <span class='ocrx_word' id='word_1_112' title='bbox 859 1723 982 1781; x_wconf 76' lang='lat' dir='ltr'><strong>Cesti</strong></span> <span class='ocrx_word' id='word_1_113' title='bbox 1018 1728 1296 1782; x_wconf 71' lang='lat' dir='ltr'><strong>calorum:</strong></span> <span class='ocrx_word' id='word_1_114' title='bbox 1323 1744 1429 1783; x_wconf 91' lang='lat' dir='ltr'><strong>non</strong></span> <span class='ocrx_word' id='word_1_115' title='bbox 1476 1729 1618 1797; x_wconf 89' lang='lat' dir='ltr'><strong>quod</strong></span> <span class='ocrx_word' id='word_1_116' title='bbox 1661 1729 1808 1783; x_wconf 87' lang='lat' dir='ltr'><strong>multi</strong></span> <span class='ocrx_word' id='word_1_117' title='bbox 1862 1730 1972 1784; x_wconf 89' lang='lat' dir='ltr'><strong>sint</strong></span> <span class='ocrx_word' id='word_1_118' title='bbox 2012 1730 2176 1786; x_wconf 72' lang='lat' dir='ltr'><strong>cteli:</strong></span> 
     </span>
    </p>
   </div>
   <div class='ocr_carea' id='block_1_16' title="bbox 597 1816 2183 1888">
    <p class='ocr_par' dir='ltr' id='par_1_16' title="bbox 597 1816 2183 1888">
     <span class='ocr_line' id='line_1_16' title="bbox 597 1816 2183 1888; baseline 0.003 -20"><span class='ocrx_word' id='word_1_119' title='bbox 597 1830 700 1870; x_wconf 89' lang='lat' dir='ltr'><strong>non</strong></span> <span class='ocrx_word' id='word_1_120' title='bbox 729 1817 870 1869; x_wconf 90' lang='lat' dir='ltr'><strong>enim</strong></span> <span class='ocrx_word' id='word_1_121' title='bbox 906 1817 1006 1870; x_wconf 90' lang='lat' dir='ltr'><strong>hoc</strong></span> <span class='ocrx_word' id='word_1_122' title='bbox 1038 1831 1134 1869; x_wconf 90' lang='lat' dir='ltr'><strong>nos</strong></span> <span class='ocrx_word' id='word_1_123' title='bbox 1157 1817 1336 1870; x_wconf 85' lang='lat' dir='ltr'><strong>docuit</strong></span> <span class='ocrx_word' id='word_1_124' title='bbox 1360 1817 1548 1871; x_wconf 80' lang='lat' dir='ltr'><strong>beatus</strong></span> <span class='ocrx_word' id='word_1_125' title='bbox 1567 1816 1774 1880; x_wconf 77' lang='lat' dir='ltr'><strong>Moses;</strong></span> <span class='ocrx_word' id='word_1_126' title='bbox 1803 1817 1898 1872; x_wconf 84' lang='lat' dir='ltr'><strong>sed</strong></span> <span class='ocrx_word' id='word_1_127' title='bbox 1920 1818 2041 1888; x_wconf 89' lang='lat' dir='ltr'><strong>quia</strong></span> <span class='ocrx_word' id='word_1_128' title='bbox 2065 1832 2183 1873; x_wconf 83' lang='lat' dir='ltr'><strong>mos</strong></span> 
     </span>
    </p>
   </div>
   <div class='ocr_carea' id='block_1_17' title="bbox 592 1905 2181 1978">
    <p class='ocr_par' dir='ltr' id='par_1_17' title="bbox 592 1905 2181 1978">
     <span class='ocr_line' id='line_1_17' title="bbox 592 1905 2181 1978; baseline 0.004 -21"><span class='ocrx_word' id='word_1_129' title='bbox 592 1915 672 1958; x_wconf 78' lang='lat' dir='ltr'><strong>est</strong></span> <span class='ocrx_word' id='word_1_130' title='bbox 716 1905 904 1974; x_wconf 75' lang='lat' dir='ltr'><strong>lingttze</strong></span> <span class='ocrx_word' id='word_1_131' title='bbox 937 1905 1208 1960; x_wconf 62' lang='lat' dir='ltr'><strong>lli-braicce</strong></span> <span class='ocrx_word' id='word_1_132' title='bbox 1238 1921 1394 1960; x_wconf 90' lang='lat' dir='ltr'><strong>uuam</strong></span> <span class='ocrx_word' id='word_1_133' title='bbox 1429 1921 1540 1960; x_wconf 90' lang='lat' dir='ltr'><strong>rem</strong></span> <span class='ocrx_word' id='word_1_134' title='bbox 1571 1909 1847 1963; x_wconf 89' lang='lat' dir='ltr'><strong>nominare</strong></span> <span class='ocrx_word' id='word_1_135' title='bbox 1872 1909 2060 1978; x_wconf 85' lang='lat' dir='ltr'><strong>plurali</strong></span> <span class='ocrx_word' id='word_1_136' title='bbox 2089 1925 2181 1964; x_wconf 82' lang='lat' dir='ltr'><strong>nu-</strong></span> 
     </span>
    </p>
   </div>
   <div class='ocr_carea' id='block_1_18' title="bbox 594 1993 2172 2068">
    <p class='ocr_par' dir='ltr' id='par_1_18' title="bbox 594 1993 2172 2068">
     <span class='ocr_line' id='line_1_18' title="bbox 594 1993 2172 2068; baseline 0.004 -22"><span class='ocrx_word' id='word_1_137' title='bbox 594 2007 743 2048; x_wconf 90' lang='lat' dir='ltr'><strong>mero</strong></span> <span class='ocrx_word' id='word_1_138' title='bbox 769 1993 845 2064; x_wconf 77' lang='grc' dir='ltr'><strong>(ιι)</strong></span> <span class='ocrx_word' id='word_1_139' title='bbox 876 2011 888 2045; x_wconf 89' lang='lat'>:</span> <span class='ocrx_word' id='word_1_140' title='bbox 923 1995 1042 2063; x_wconf 83' lang='lat' dir='ltr'><strong>quia</strong></span> <span class='ocrx_word' id='word_1_141' title='bbox 1073 1995 1118 2049; x_wconf 89' lang='lat' dir='ltr'><strong>si</strong></span> <span class='ocrx_word' id='word_1_142' title='bbox 1159 1995 1309 2049; x_wconf 89' lang='lat' dir='ltr'><strong>multi</strong></span> <span class='ocrx_word' id='word_1_143' title='bbox 1336 2003 1536 2064; x_wconf 89' lang='lat' dir='ltr'><strong>essent,</strong></span> <span class='ocrx_word' id='word_1_144' title='bbox 1572 2012 1676 2050; x_wconf 90' lang='lat' dir='ltr'><strong>non</strong></span> <span class='ocrx_word' id='word_1_145' title='bbox 1707 1997 1977 2052; x_wconf 84' lang='lat' dir='ltr'><strong>omisisset</strong></span> <span class='ocrx_word' id='word_1_146' title='bbox 2002 1998 2172 2068; x_wconf 83' lang='lat' dir='ltr'><strong>Spiri-</strong></span> 
     </span>
    </p>
   </div>
   <div class='ocr_carea' id='block_1_19' title="bbox 597 2085 2182 2157">
    <p class='ocr_par' dir='ltr' id='par_1_19' title="bbox 597 2085 2182 2157">
     <span class='ocr_line' id='line_1_19' title="bbox 597 2085 2182 2157; baseline 0.004 -19"><span class='ocrx_word' id='word_1_147' title='bbox 597 2093 682 2138; x_wconf 88' lang='lat' dir='ltr'><strong>tus</strong></span> <span class='ocrx_word' id='word_1_148' title='bbox 722 2095 938 2138; x_wconf 86' lang='lat' dir='ltr'><strong>sanctus</strong></span> <span class='ocrx_word' id='word_1_149' title='bbox 966 2102 1062 2156; x_wconf 90' lang='lat' dir='ltr'><strong>per</strong></span> <span class='ocrx_word' id='word_1_150' title='bbox 1101 2085 1330 2156; x_wconf 81' lang='lat' dir='ltr'><strong>linguam</strong></span> <span class='ocrx_word' id='word_1_151' title='bbox 1373 2086 1510 2140; x_wconf 85' lang='lat' dir='ltr'><strong>beati</strong></span> <span class='ocrx_word' id='word_1_152' title='bbox 1563 2087 1784 2155; x_wconf 88' lang='lat' dir='ltr'><strong>hujusce</strong></span> <span class='ocrx_word' id='word_1_153' title='bbox 1810 2087 2085 2157; x_wconf 69' lang='lat' dir='ltr'><strong>prOphette</strong></span> <span class='ocrx_word' id='word_1_154' title='bbox 2123 2098 2182 2144; x_wconf 90' lang='lat' dir='ltr'><strong>et</strong></span> 
     </span>
    </p>
   </div>
   <div class='ocr_carea' id='block_1_20' title="bbox 592 2175 2182 2246">
    <p class='ocr_par' dir='ltr' id='par_1_20' title="bbox 592 2175 2182 2246">
     <span class='ocr_line' id='line_1_20' title="bbox 592 2175 2182 2246; baseline 0.003 -18"><span class='ocrx_word' id='word_1_155' title='bbox 592 2175 814 2229; x_wconf 88' lang='lat' dir='ltr'><strong>aliorum</strong></span> <span class='ocrx_word' id='word_1_156' title='bbox 848 2175 1215 2230; x_wconf 80' lang='lat' dir='ltr'><strong>formationem</strong></span> <span class='ocrx_word' id='word_1_157' title='bbox 1255 2190 1353 2230; x_wconf 87' lang='lat' dir='ltr'><strong>nos</strong></span> <span class='ocrx_word' id='word_1_158' title='bbox 1381 2175 1594 2230; x_wconf 89' lang='lat' dir='ltr'><strong>docere.</strong></span> <span class='ocrx_word' id='word_1_159' title='bbox 1642 2176 1766 2231; x_wconf 66' lang='lat' dir='ltr'><strong>ﬂare</strong></span> <span class='ocrx_word' id='word_1_160' title='bbox 1786 2176 2066 2246; x_wconf 88' lang='lat' dir='ltr'><strong>diligenter</strong></span> <span class='ocrx_word' id='word_1_161' title='bbox 2091 2194 2182 2233; x_wconf 80' lang='lat' dir='ltr'><strong>rc-</strong></span> 
     </span>
    </p>
   </div>
   <div class='ocr_carea' id='block_1_21' title="bbox 595 2262 2182 2335">
    <p class='ocr_par' dir='ltr' id='par_1_21' title="bbox 595 2262 2182 2335">
     <span class='ocr_line' id='line_1_21' title="bbox 595 2262 2182 2335; baseline 0.002 -19"><span class='ocrx_word' id='word_1_162' title='bbox 595 2263 782 2330; x_wconf 79' lang='lat' dir='ltr'><strong>tincto,</strong></span> <span class='ocrx_word' id='word_1_163' title='bbox 815 2264 1058 2327; x_wconf 88' lang='lat' dir='ltr'><strong>obsecro,</strong></span> <span class='ocrx_word' id='word_1_164' title='bbox 1097 2273 1150 2315; x_wconf 91' lang='lat' dir='ltr'><strong>ut</strong></span> <span class='ocrx_word' id='word_1_165' title='bbox 1181 2263 1396 2332; x_wconf 81' lang='lat' dir='ltr'><strong>possitis</strong></span> <span class='ocrx_word' id='word_1_166' title='bbox 1439 2262 1720 2317; x_wconf 81' lang='lat' dir='ltr'><strong>obstruere</strong></span> <span class='ocrx_word' id='word_1_167' title='bbox 1748 2277 1840 2318; x_wconf 89' lang='lat' dir='ltr'><strong>ora</strong></span> <span class='ocrx_word' id='word_1_168' title='bbox 1879 2268 2064 2319; x_wconf 87' lang='lat' dir='ltr'><strong>eorum</strong></span> <span class='ocrx_word' id='word_1_169' title='bbox 2089 2265 2182 2335; x_wconf 87' lang='lat' dir='ltr'><strong>qui</strong></span> 
     </span>
    </p>
   </div>
   <div class='ocr_carea' id='block_1_22' title="bbox 591 2352 2182 2418">
    <p class='ocr_par' dir='ltr' id='par_1_22' title="bbox 591 2352 2182 2418">
     <span class='ocr_line' id='line_1_22' title="bbox 591 2352 2182 2418; baseline 0.002 -12"><span class='ocrx_word' id='word_1_170' title='bbox 591 2352 861 2407; x_wconf 88' lang='lat' dir='ltr'><strong>contraria</strong></span> <span class='ocrx_word' id='word_1_171' title='bbox 890 2352 1266 2408; x_wconf 72' lang='lat' dir='ltr'><strong>ecclesiasticis</strong></span> <span class='ocrx_word' id='word_1_172' title='bbox 1305 2352 1564 2408; x_wconf 85' lang='lat' dir='ltr'><strong>doctrinis</strong></span> <span class='ocrx_word' id='word_1_173' title='bbox 1605 2353 1855 2418; x_wconf 71' lang='lat' dir='ltr'><strong>atterunt,</strong></span> <span class='ocrx_word' id='word_1_174' title='bbox 1888 2363 1942 2408; x_wconf 79' lang='lat' dir='ltr'><strong>et</strong></span> <span class='ocrx_word' id='word_1_175' title='bbox 1981 2353 2032 2407; x_wconf 91' lang='lat' dir='ltr'><strong>in</strong></span> <span class='ocrx_word' id='word_1_176' title='bbox 2069 2363 2182 2409; x_wconf 85' lang='lat' dir='ltr'><strong>tuto</strong></span> 
     </span>
    </p>
   </div>
   <div class='ocr_carea' id='block_1_23' title="bbox 593 2441 2184 2513">
    <p class='ocr_par' dir='ltr' id='par_1_23' title="bbox 593 2441 2184 2513">
     <span class='ocr_line' id='line_1_23' title="bbox 593 2441 2184 2513; baseline 0.002 -18"><span class='ocrx_word' id='word_1_177' title='bbox 593 2441 816 2496; x_wconf 78' lang='lat' dir='ltr'><strong>videatis</strong></span> <span class='ocrx_word' id='word_1_178' title='bbox 842 2443 1090 2497; x_wconf 75' lang='lat' dir='ltr'><strong>virtutem</strong></span> <span class='ocrx_word' id='word_1_179' title='bbox 1135 2458 1319 2496; x_wconf 87' lang='lat' dir='ltr'><strong>eorum</strong></span> <span class='ocrx_word' id='word_1_180' title='bbox 1346 2458 1466 2512; x_wconf 64' lang='lat' dir='ltr'><strong>quae</strong></span> <span class='ocrx_word' id='word_1_181' title='bbox 1515 2441 1568 2496; x_wconf 91' lang='lat' dir='ltr'><strong>in</strong></span> <span class='ocrx_word' id='word_1_182' title='bbox 1599 2441 1872 2513; x_wconf 87' lang='lat' dir='ltr'><strong>Scriptura</strong></span> <span class='ocrx_word' id='word_1_183' title='bbox 1901 2444 2184 2498; x_wconf 85' lang='lat' dir='ltr'><strong>continen-</strong></span> 
     </span>
    </p>
   </div>
   <div class='ocr_carea' id='block_1_24' title="bbox 592 2531 2184 2602">
    <p class='ocr_par' dir='ltr' id='par_1_24' title="bbox 592 2531 2184 2602">
     <span class='ocr_line' id='line_1_24' title="bbox 592 2531 2184 2602; baseline 0.002 -14"><span class='ocrx_word' id='word_1_184' title='bbox 592 2542 697 2588; x_wconf 91' lang='lat' dir='ltr'><strong>tur.</strong></span> <span class='ocrx_word' id='word_1_185' title='bbox 731 2531 862 2587; x_wconf 78' lang='lat' dir='ltr'><strong>Nam</strong></span> <span class='ocrx_word' id='word_1_186' title='bbox 906 2533 1105 2588; x_wconf 92' lang='lat' dir='ltr'><strong>idcirco</strong></span> <span class='ocrx_word' id='word_1_187' title='bbox 1147 2534 1461 2602; x_wconf 78' lang='lat' dir='ltr'><strong>frequenter</strong></span> <span class='ocrx_word' id='word_1_188' title='bbox 1492 2534 1578 2588; x_wconf 89' lang='lat' dir='ltr'><strong>hic</strong></span> <span class='ocrx_word' id='word_1_189' title='bbox 1625 2535 1942 2599; x_wconf 80' lang='lat' dir='ltr'><strong>convenitis,</strong></span> <span class='ocrx_word' id='word_1_190' title='bbox 1990 2545 2045 2591; x_wconf 89' lang='lat' dir='ltr'><strong>et</strong></span> <span class='ocrx_word' id='word_1_191' title='bbox 2083 2552 2184 2592; x_wconf 92' lang='lat' dir='ltr'><strong>nos</strong></span> 
     </span>
    </p>
   </div>
   <div class='ocr_carea' id='block_1_25' title="bbox 591 2623 2181 2694">
    <p class='ocr_par' dir='ltr' id='par_1_25' title="bbox 591 2623 2181 2694">
     <span class='ocr_line' id='line_1_25' title="bbox 591 2623 2181 2694; baseline 0.005 -18"><span class='ocrx_word' id='word_1_192' title='bbox 591 2623 894 2678; x_wconf 85' lang='lat' dir='ltr'><strong>uberiorem</strong></span> <span class='ocrx_word' id='word_1_193' title='bbox 919 2623 1221 2678; x_wconf 88' lang='lat' dir='ltr'><strong>doctrinam</strong></span> <span class='ocrx_word' id='word_1_194' title='bbox 1248 2625 1726 2690; x_wconf 85' lang='lat' dir='ltr'><strong>communicamus,</strong></span> <span class='ocrx_word' id='word_1_195' title='bbox 1750 2635 1807 2679; x_wconf 94' lang='lat' dir='ltr'><strong>ut</strong></span> <span class='ocrx_word' id='word_1_196' title='bbox 1836 2628 2003 2694; x_wconf 80' lang='lat' dir='ltr'><strong>parati</strong></span> <span class='ocrx_word' id='word_1_197' title='bbox 2066 2629 2181 2684; x_wconf 78' lang='lat' dir='ltr'><strong>sitis</strong></span> 
     </span>
    </p>
   </div>
   <div class='ocr_carea' id='block_1_26' title="bbox 592 2714 2178 2788">
    <p class='ocr_par' dir='ltr' id='par_1_26' title="bbox 592 2714 2178 2788">
     <span class='ocr_line' id='line_1_26' title="bbox 592 2714 2178 2788; baseline 0.005 -22"><span class='ocrx_word' id='word_1_198' title='bbox 592 2714 739 2768; x_wconf 91' lang='lat' dir='ltr'><strong>omni</strong></span> <span class='ocrx_word' id='word_1_199' title='bbox 762 2715 1001 2784; x_wconf 85' lang='lat' dir='ltr'><strong>poscenti</strong></span> <span class='ocrx_word' id='word_1_200' title='bbox 1033 2729 1129 2770; x_wconf 88' lang='lat' dir='ltr'><strong>vos</strong></span> <span class='ocrx_word' id='word_1_201' title='bbox 1157 2715 1421 2770; x_wconf 88' lang='lat' dir='ltr'><strong>rationem</strong></span> <span class='ocrx_word' id='word_1_202' title='bbox 1453 2714 1681 2770; x_wconf 85' lang='lat' dir='ltr'><strong>reddere</strong></span> <span class='ocrx_word' id='word_1_203' title='bbox 1712 2715 1787 2788; x_wconf 85' lang='lat' dir='ltr'><strong>(l.</strong></span> <span class='ocrx_word' id='word_1_204' title='bbox 1824 2715 1940 2770; x_wconf 82' lang='lat' dir='ltr'><strong>Pet.</strong></span> <span class='ocrx_word' id='word_1_205' title='bbox 1973 2718 2026 2772; x_wconf 76' lang='grc'><strong>5.</strong></span> <span class='ocrx_word' id='word_1_206' title='bbox 2067 2719 2178 2788; x_wconf 77' lang='grc'><strong>15).</strong></span> 
     </span>
    </p>
   </div>
   <div class='ocr_carea' id='block_1_27' title="bbox 592 2805 2184 2875">
    <p class='ocr_par' dir='ltr' id='par_1_27' title="bbox 592 2805 2184 2875">
     <span class='ocr_line' id='line_1_27' title="bbox 592 2805 2184 2875; baseline 0.002 -15"><span class='ocrx_word' id='word_1_207' title='bbox 592 2805 698 2860; x_wconf 89' lang='lat' dir='ltr'><strong>Sed</strong></span> <span class='ocrx_word' id='word_1_208' title='bbox 725 2805 788 2859; x_wconf 89' lang='lat' dir='ltr'><strong>ad</strong></span> <span class='ocrx_word' id='word_1_209' title='bbox 811 2805 1195 2875; x_wconf 83' lang='lat' dir='ltr'><strong>consequentia</strong></span> <span class='ocrx_word' id='word_1_210' title='bbox 1223 2805 1529 2872; x_wconf 88' lang='lat' dir='ltr'><strong>redeamus,</strong></span> <span class='ocrx_word' id='word_1_211' title='bbox 1562 2807 1605 2861; x_wconf 87' lang='lat' dir='ltr'><strong>si</strong></span> <span class='ocrx_word' id='word_1_212' title='bbox 1636 2806 1827 2874; x_wconf 84' lang='lat' dir='ltr'><strong>placet.</strong></span> <span class='ocrx_word' id='word_1_213' title='bbox 1865 2807 1920 2862; x_wconf 91' lang='lat'><strong>8.</strong></span> <span class='ocrx_word' id='word_1_214' title='bbox 1949 2806 2014 2861; x_wconf 82' lang='lat' dir='ltr'><strong>Et</strong></span> <span class='ocrx_word' id='word_1_215' title='bbox 2044 2823 2184 2863; x_wconf 80' lang='lat' dir='ltr'><strong>reca-</strong></span> 
     </span>
    </p>
   </div>
   <div class='ocr_carea' id='block_1_28' title="bbox 591 2895 2178 2963">
    <p class='ocr_par' dir='ltr' id='par_1_28' title="bbox 591 2895 2178 2963">
     <span class='ocr_line' id='line_1_28' title="bbox 591 2895 2178 2963; baseline 0.003 -15"><span class='ocrx_word' id='word_1_216' title='bbox 591 2899 679 2957; x_wconf 77' lang='lat' dir='ltr'><strong>eit,</strong></span> <span class='ocrx_word' id='word_1_217' title='bbox 720 2896 834 2960; x_wconf 87' lang='lat' dir='ltr'><strong>ait,</strong></span> <span class='ocrx_word' id='word_1_218' title='bbox 882 2895 1023 2949; x_wconf 85' lang='lat' dir='ltr'><strong>Deus</strong></span> <span class='ocrx_word' id='word_1_219' title='bbox 1074 2896 1448 2963; x_wconf 79' lang='lat' dir='ltr'><strong>ﬁrmamentum</strong></span> <span class='ocrx_word' id='word_1_220' title='bbox 1496 2895 1698 2950; x_wconf 72' lang='lat' dir='ltr'><strong>etclam.</strong></span> <span class='ocrx_word' id='word_1_221' title='bbox 1737 2895 1805 2949; x_wconf 83' lang='lat' dir='ltr'><strong>Et</strong></span> <span class='ocrx_word' id='word_1_222' title='bbox 1852 2896 1976 2950; x_wconf 73' lang='lat' dir='ltr'><strong>vidit</strong></span> <span class='ocrx_word' id='word_1_223' title='bbox 2016 2895 2178 2963; x_wconf 80' lang='lat' dir='ltr'><strong>Deus,</strong></span> 
     </span>
    </p>
   </div>
   <div class='ocr_carea' id='block_1_29' title="bbox 589 2985 2182 3056">
    <p class='ocr_par' dir='ltr' id='par_1_29' title="bbox 589 2985 2182 3056">
     <span class='ocr_line' id='line_1_29' title="bbox 589 2985 2182 3056; baseline 0.002 -17"><span class='ocrx_word' id='word_1_224' title='bbox 589 2988 726 3054; x_wconf 83' lang='lat' dir='ltr'><strong>quod</strong></span> <span class='ocrx_word' id='word_1_225' title='bbox 751 2996 874 3041; x_wconf 81' lang='lat' dir='ltr'><strong>esset</strong></span> <span class='ocrx_word' id='word_1_226' title='bbox 903 2989 1107 3040; x_wconf 87' lang='lat' dir='ltr'><strong>bonum.</strong></span> <span class='ocrx_word' id='word_1_227' title='bbox 1138 2985 1372 3040; x_wconf 82' lang='lat' dir='ltr'><strong>Attende</strong></span> <span class='ocrx_word' id='word_1_228' title='bbox 1392 2995 1649 3056; x_wconf 90' lang='lat' dir='ltr'><strong>quantum</strong></span> <span class='ocrx_word' id='word_1_229' title='bbox 1678 2985 1760 3039; x_wconf 87' lang='lat' dir='ltr'><strong>his</strong></span> <span class='ocrx_word' id='word_1_230' title='bbox 1787 2986 1965 3041; x_wconf 80' lang='lat' dir='ltr'><strong>verbis</strong></span> <span class='ocrx_word' id='word_1_231' title='bbox 1994 2987 2182 3042; x_wconf 88' lang='lat' dir='ltr'><strong>huma-</strong></span> 
     </span>
    </p>
   </div>
   <div class='ocr_carea' id='block_1_30' title="bbox 592 3077 2178 3146">
    <p class='ocr_par' dir='ltr' id='par_1_30' title="bbox 592 3077 2178 3146">
     <span class='ocr_line' id='line_1_30' title="bbox 592 3077 2178 3146; baseline 0.001 -14"><span class='ocrx_word' id='word_1_232' title='bbox 592 3094 674 3132; x_wconf 84' lang='lat' dir='ltr'><strong>n:e</strong></span> <span class='ocrx_word' id='word_1_233' title='bbox 701 3093 761 3132; x_wconf 80' lang='lat' dir='ltr'><strong>se</strong></span> <span class='ocrx_word' id='word_1_234' title='bbox 780 3086 1099 3146; x_wconf 88' lang='lat' dir='ltr'><strong>attcmperet</strong></span> <span class='ocrx_word' id='word_1_235' title='bbox 1121 3077 1436 3132; x_wconf 89' lang='lat' dir='ltr'><strong>inﬁrmitati.</strong></span> <span class='ocrx_word' id='word_1_236' title='bbox 1459 3077 1593 3132; x_wconf 80' lang='lat' dir='ltr'><strong>Nam</strong></span> <span class='ocrx_word' id='word_1_237' title='bbox 1623 3079 1761 3131; x_wconf 87' lang='lat' dir='ltr'><strong>sicut</strong></span> <span class='ocrx_word' id='word_1_238' title='bbox 1784 3077 1850 3132; x_wconf 91' lang='lat' dir='ltr'><strong>de</strong></span> <span class='ocrx_word' id='word_1_239' title='bbox 1878 3079 1996 3133; x_wconf 91' lang='lat' dir='ltr'><strong>luce</strong></span> <span class='ocrx_word' id='word_1_240' title='bbox 2016 3079 2178 3134; x_wconf 82' lang='lat' dir='ltr'><strong>dixit:</strong></span> 
     </span>
    </p>
   </div>
   <div class='ocr_carea' id='block_1_31' title="bbox 603 3166 2180 3238">
    <p class='ocr_par' dir='ltr' id='par_1_31' title="bbox 603 3166 2180 3238">
     <span class='ocr_line' id='line_1_31' title="bbox 603 3166 2180 3238; baseline 0.006 -18"><span class='ocrx_word' id='word_1_241' title='bbox 603 3166 740 3220; x_wconf 80' lang='lat' dir='ltr'><strong>Vidit</strong></span> <span class='ocrx_word' id='word_1_242' title='bbox 768 3169 904 3238; x_wconf 72' lang='lat' dir='ltr'><strong>quod</strong></span> <span class='ocrx_word' id='word_1_243' title='bbox 929 3177 1058 3221; x_wconf 81' lang='lat' dir='ltr'><strong>esset</strong></span> <span class='ocrx_word' id='word_1_244' title='bbox 1082 3167 1214 3221; x_wconf 80' lang='lat' dir='ltr'><strong>bona</strong></span> <span class='ocrx_word' id='word_1_245' title='bbox 1244 3183 1264 3221; x_wconf 90' lang='lat'><strong><em>:</em></strong></span> <span class='ocrx_word' id='word_1_246' title='bbox 1288 3169 1357 3221; x_wconf 91' lang='lat' dir='ltr'><strong>ita</strong></span> <span class='ocrx_word' id='word_1_247' title='bbox 1399 3177 1452 3222; x_wconf 89' lang='lat' dir='ltr'><strong>et</strong></span> <span class='ocrx_word' id='word_1_248' title='bbox 1482 3185 1623 3223; x_wconf 88' lang='lat' dir='ltr'><strong>nune</strong></span> <span class='ocrx_word' id='word_1_249' title='bbox 1652 3168 1719 3224; x_wconf 87' lang='lat' dir='ltr'><strong>de</strong></span> <span class='ocrx_word' id='word_1_250' title='bbox 1744 3169 1876 3226; x_wconf 63' lang='lat' dir='ltr'><strong>calo</strong></span> <span class='ocrx_word' id='word_1_251' title='bbox 1899 3169 2049 3238; x_wconf 90' lang='lat' dir='ltr'><strong>dicit,</strong></span> <span class='ocrx_word' id='word_1_252' title='bbox 2079 3171 2180 3229; x_wconf 88' lang='lat' dir='ltr'><strong>hoc</strong></span> 
     </span>
    </p>
   </div>
   <div class='ocr_carea' id='block_1_32' title="bbox 588 3258 2181 3332">
    <p class='ocr_par' dir='ltr' id='par_1_32' title="bbox 588 3258 2181 3332">
     <span class='ocr_line' id='line_1_32' title="bbox 588 3258 2181 3332; baseline 0.005 -20"><span class='ocrx_word' id='word_1_253' title='bbox 588 3267 692 3325; x_wconf 88' lang='lat' dir='ltr'><strong>est,</strong></span> <span class='ocrx_word' id='word_1_254' title='bbox 721 3258 789 3313; x_wconf 87' lang='lat' dir='ltr'><strong>de</strong></span> <span class='ocrx_word' id='word_1_255' title='bbox 813 3259 1145 3314; x_wconf 85' lang='lat' dir='ltr'><strong>ﬁrmamento</strong></span> <span class='ocrx_word' id='word_1_256' title='bbox 1173 3276 1188 3312; x_wconf 88' lang='lat'><strong>:</strong></span> <span class='ocrx_word' id='word_1_257' title='bbox 1220 3259 1287 3312; x_wconf 81' lang='lat' dir='ltr'><strong>Et</strong></span> <span class='ocrx_word' id='word_1_258' title='bbox 1313 3260 1457 3322; x_wconf 72' lang='lat' dir='ltr'><strong>vidit,</strong></span> <span class='ocrx_word' id='word_1_259' title='bbox 1494 3261 1685 3331; x_wconf 84' lang='lat' dir='ltr'><strong>inquit,</strong></span> <span class='ocrx_word' id='word_1_260' title='bbox 1717 3261 1872 3326; x_wconf 83' lang='lat' dir='ltr'><strong>Deus,</strong></span> <span class='ocrx_word' id='word_1_261' title='bbox 1893 3264 2028 3332; x_wconf 81' lang='lat' dir='ltr'><strong>quod</strong></span> <span class='ocrx_word' id='word_1_262' title='bbox 2056 3275 2181 3320; x_wconf 83' lang='lat' dir='ltr'><strong>esset</strong></span> 
     </span>
    </p>
   </div>
   <div class='ocr_carea' id='block_1_33' title="bbox 588 3350 2179 3422">
    <p class='ocr_par' dir='ltr' id='par_1_33' title="bbox 588 3350 2179 3422">
     <span class='ocr_line' id='line_1_33' title="bbox 588 3350 2179 3422; baseline 0.004 -19"><span class='ocrx_word' id='word_1_263' title='bbox 588 3351 772 3404; x_wconf 77' lang='lat' dir='ltr'><strong>bonum</strong></span> <span class='ocrx_word' id='word_1_264' title='bbox 794 3367 814 3404; x_wconf 91' lang='lat'><strong><em>:</em></strong></span> <span class='ocrx_word' id='word_1_265' title='bbox 835 3351 1033 3405; x_wconf 89' lang='lat' dir='ltr'><strong>docens</strong></span> <span class='ocrx_word' id='word_1_266' title='bbox 1053 3365 1152 3406; x_wconf 92' lang='lat' dir='ltr'><strong>nos</strong></span> <span class='ocrx_word' id='word_1_267' title='bbox 1183 3365 1276 3420; x_wconf 89' lang='lat' dir='ltr'><strong>per</strong></span> <span class='ocrx_word' id='word_1_268' title='bbox 1304 3350 1446 3404; x_wconf 89' lang='lat' dir='ltr'><strong>istud</strong></span> <span class='ocrx_word' id='word_1_269' title='bbox 1475 3353 1790 3406; x_wconf 89' lang='lat' dir='ltr'><strong>immensam</strong></span> <span class='ocrx_word' id='word_1_270' title='bbox 1822 3354 2179 3422; x_wconf 84' lang='lat' dir='ltr'><strong>pulchritudi-</strong></span> 
     </span>
    </p>
   </div>
   <div class='ocr_carea' id='block_1_34' title="bbox 590 3440 2179 3513">
    <p class='ocr_par' dir='ltr' id='par_1_34' title="bbox 590 3440 2179 3513">
     <span class='ocr_line' id='line_1_34' title="bbox 590 3440 2179 3513; baseline 0.004 -20"><span class='ocrx_word' id='word_1_271' title='bbox 590 3455 709 3494; x_wconf 91' lang='lat' dir='ltr'><strong>ncm</strong></span> <span class='ocrx_word' id='word_1_272' title='bbox 739 3441 874 3508; x_wconf 86' lang='lat' dir='ltr'><strong>ejus.</strong></span> <span class='ocrx_word' id='word_1_273' title='bbox 907 3440 1038 3506; x_wconf 87' lang='lat' dir='ltr'><strong>Quis</strong></span> <span class='ocrx_word' id='word_1_274' title='bbox 1065 3441 1210 3493; x_wconf 90' lang='lat' dir='ltr'><strong>enim</strong></span> <span class='ocrx_word' id='word_1_275' title='bbox 1242 3455 1348 3494; x_wconf 92' lang='lat' dir='ltr'><strong>non</strong></span> <span class='ocrx_word' id='word_1_276' title='bbox 1377 3441 1784 3511; x_wconf 83' lang='lat' dir='ltr'><strong>obstupesceret</strong></span> <span class='ocrx_word' id='word_1_277' title='bbox 1816 3454 1977 3513; x_wconf 87' lang='lat' dir='ltr'><strong>atque</strong></span> <span class='ocrx_word' id='word_1_278' title='bbox 2007 3447 2179 3500; x_wconf 92' lang='lat' dir='ltr'><strong>admi-</strong></span> 
     </span>
    </p>
   </div>
   <div class='ocr_carea' id='block_1_35' title="bbox 588 3529 2178 3605">
    <p class='ocr_par' dir='ltr' id='par_1_35' title="bbox 588 3529 2178 3605">
     <span class='ocr_line' id='line_1_35' title="bbox 588 3529 2178 3605; baseline 0.004 -22"><span class='ocrx_word' id='word_1_279' title='bbox 588 3540 796 3585; x_wconf 83' lang='lat' dir='ltr'><strong>raretur</strong></span> <span class='ocrx_word' id='word_1_280' title='bbox 816 3529 958 3600; x_wconf 90' lang='lat' dir='ltr'><strong>quod</strong></span> <span class='ocrx_word' id='word_1_281' title='bbox 993 3531 1389 3585; x_wconf 85' lang='lat' dir='ltr'><strong>ﬁrmamentum</strong></span> <span class='ocrx_word' id='word_1_282' title='bbox 1438 3540 1585 3585; x_wconf 90' lang='lat' dir='ltr'><strong>tanto</strong></span> <span class='ocrx_word' id='word_1_283' title='bbox 1629 3541 1872 3603; x_wconf 90' lang='lat' dir='ltr'><strong>tempore</strong></span> <span class='ocrx_word' id='word_1_284' title='bbox 1912 3535 2178 3605; x_wconf 78' lang='lat' dir='ltr'><strong>vigentem</strong></span> 
     </span>
    </p>
   </div>
   <div class='ocr_carea' id='block_1_36' title="bbox 588 3620 2182 3695">
    <p class='ocr_par' dir='ltr' id='par_1_36' title="bbox 588 3620 2182 3695">
     <span class='ocr_line' id='line_1_36' title="bbox 588 3620 2182 3695; baseline 0.004 -21"><span class='ocrx_word' id='word_1_285' title='bbox 588 3629 766 3674; x_wconf 83' lang='lat' dir='ltr'><strong>servet</strong></span> <span class='ocrx_word' id='word_1_286' title='bbox 793 3620 1266 3690; x_wconf 82' lang='lat' dir='ltr'><strong>pulchritudinem,</strong></span> <span class='ocrx_word' id='word_1_287' title='bbox 1309 3629 1362 3674; x_wconf 92' lang='lat' dir='ltr'><strong>ct</strong></span> <span class='ocrx_word' id='word_1_288' title='bbox 1388 3621 1528 3690; x_wconf 92' lang='lat' dir='ltr'><strong>quod</strong></span> <span class='ocrx_word' id='word_1_289' title='bbox 1556 3632 1812 3692; x_wconf 91' lang='lat' dir='ltr'><strong>quantum</strong></span> <span class='ocrx_word' id='word_1_290' title='bbox 1841 3626 2182 3695; x_wconf 89' lang='lat' dir='ltr'><strong>progreditur</strong></span> 
     </span>
    </p>
   </div>
   <div class='ocr_carea' id='block_1_37' title="bbox 588 3713 2178 3783">
    <p class='ocr_par' dir='ltr' id='par_1_37' title="bbox 588 3713 2178 3783">
     <span class='ocr_line' id='line_1_37' title="bbox 588 3713 2178 3783; baseline 0.004 -18"><span class='ocrx_word' id='word_1_291' title='bbox 588 3721 820 3783; x_wconf 86' lang='lat' dir='ltr'><strong>tempus,</strong></span> <span class='ocrx_word' id='word_1_292' title='bbox 851 3721 1056 3765; x_wconf 88' lang='lat' dir='ltr'><strong>tantum</strong></span> <span class='ocrx_word' id='word_1_293' title='bbox 1083 3721 1342 3781; x_wconf 81' lang='lat' dir='ltr'><strong>augeatur</strong></span> <span class='ocrx_word' id='word_1_294' title='bbox 1369 3721 1425 3766; x_wconf 89' lang='lat' dir='ltr'><strong>et</strong></span> <span class='ocrx_word' id='word_1_295' title='bbox 1461 3713 1842 3782; x_wconf 80' lang='lat' dir='ltr'><strong>pulchritudo?</strong></span> <span class='ocrx_word' id='word_1_296' title='bbox 1873 3716 2010 3782; x_wconf 89' lang='lat' dir='ltr'><strong>Quid</strong></span> <span class='ocrx_word' id='word_1_297' title='bbox 2034 3719 2178 3773; x_wconf 89' lang='lat' dir='ltr'><strong>enim</strong></span> 
     </span>
    </p>
   </div>
   <div class='ocr_carea' id='block_1_38' title="bbox 587 3802 2182 3879">
    <p class='ocr_par' dir='ltr' id='par_1_38' title="bbox 587 3802 2182 3879">
     <span class='ocr_line' id='line_1_38' title="bbox 587 3802 2182 3879; baseline 0.004 -23"><span class='ocrx_word' id='word_1_298' title='bbox 587 3805 882 3870; x_wconf 88' lang='lat' dir='ltr'><strong>speciosius</strong></span> <span class='ocrx_word' id='word_1_299' title='bbox 906 3818 990 3867; x_wconf 90' lang='lat' dir='ltr'><strong>co,</strong></span> <span class='ocrx_word' id='word_1_300' title='bbox 1015 3802 1157 3873; x_wconf 85' lang='lat' dir='ltr'><strong>quod</strong></span> <span class='ocrx_word' id='word_1_301' title='bbox 1186 3803 1392 3858; x_wconf 89' lang='lat' dir='ltr'><strong>laudem</strong></span> <span class='ocrx_word' id='word_1_302' title='bbox 1420 3806 1486 3858; x_wconf 90' lang='lat' dir='ltr'><strong>ab</strong></span> <span class='ocrx_word' id='word_1_303' title='bbox 1530 3806 1644 3874; x_wconf 90' lang='lat' dir='ltr'><strong>ipso</strong></span> <span class='ocrx_word' id='word_1_304' title='bbox 1683 3805 1890 3876; x_wconf 86' lang='lat' dir='ltr'><strong>Opiﬁce</strong></span> <span class='ocrx_word' id='word_1_305' title='bbox 1936 3810 2182 3879; x_wconf 71' lang='lat' dir='ltr'><strong>accepit!</strong></span> 
     </span>
    </p>
   </div>
   <div class='ocr_carea' id='block_1_39' title="bbox 589 3894 2180 3967">
    <p class='ocr_par' dir='ltr' id='par_1_39' title="bbox 589 3894 2180 3967">
     <span class='ocr_line' id='line_1_39' title="bbox 589 3894 2180 3967; baseline 0.006 -20"><span class='ocrx_word' id='word_1_306' title='bbox 589 3895 718 3948; x_wconf 86' lang='lat' dir='ltr'><strong>Nam</strong></span> <span class='ocrx_word' id='word_1_307' title='bbox 750 3898 792 3949; x_wconf 92' lang='lat' dir='ltr'><strong>si</strong></span> <span class='ocrx_word' id='word_1_308' title='bbox 825 3910 926 3949; x_wconf 90' lang='lat' dir='ltr'><strong>nos</strong></span> <span class='ocrx_word' id='word_1_309' title='bbox 955 3894 1187 3949; x_wconf 86' lang='lat' dir='ltr'><strong>hominis</strong></span> <span class='ocrx_word' id='word_1_310' title='bbox 1214 3909 1352 3964; x_wconf 90' lang='lat' dir='ltr'><strong>opus</strong></span> <span class='ocrx_word' id='word_1_311' title='bbox 1379 3896 1623 3950; x_wconf 86' lang='lat' dir='ltr'><strong>videntes</strong></span> <span class='ocrx_word' id='word_1_312' title='bbox 1644 3899 1972 3967; x_wconf 89' lang='lat' dir='ltr'><strong>absolutum,</strong></span> <span class='ocrx_word' id='word_1_313' title='bbox 2003 3901 2180 3956; x_wconf 86' lang='lat' dir='ltr'><strong>admi-</strong></span> 
     </span>
    </p>
   </div>
   <div class='ocr_carea' id='block_1_40' title="bbox 589 3985 2178 4060">
    <p class='ocr_par' dir='ltr' id='par_1_40' title="bbox 589 3985 2178 4060">
     <span class='ocr_line' id='line_1_40' title="bbox 589 3985 2178 4060; baseline 0.004 -20"><span class='ocrx_word' id='word_1_314' title='bbox 589 4001 768 4042; x_wconf 88' lang='lat' dir='ltr'><strong>ramur</strong></span> <span class='ocrx_word' id='word_1_315' title='bbox 786 3989 1026 4057; x_wconf 85' lang='lat' dir='ltr'><strong>ﬁguram,</strong></span> <span class='ocrx_word' id='word_1_316' title='bbox 1051 3985 1233 4048; x_wconf 91' lang='lat' dir='ltr'><strong>situm,</strong></span> <span class='ocrx_word' id='word_1_317' title='bbox 1260 3985 1733 4054; x_wconf 82' lang='lat' dir='ltr'><strong>pulchritudinem,</strong></span> <span class='ocrx_word' id='word_1_318' title='bbox 1753 3992 2178 4060; x_wconf 85' lang='lat' dir='ltr'><strong>proportionem,</strong></span> 
     </span>
    </p>
   </div>
   <div class='ocr_carea' id='block_1_41' title="bbox 588 4077 2181 4148">
    <p class='ocr_par' dir='ltr' id='par_1_41' title="bbox 588 4077 2181 4148">
     <span class='ocr_line' id='line_1_41' title="bbox 588 4077 2181 4148; baseline 0.004 -16"><span class='ocrx_word' id='word_1_319' title='bbox 588 4080 928 4148; x_wconf 88' lang='lat' dir='ltr'><strong>elegantiam,</strong></span> <span class='ocrx_word' id='word_1_320' title='bbox 971 4077 1184 4147; x_wconf 89' lang='lat' dir='ltr'><strong>aliaque</strong></span> <span class='ocrx_word' id='word_1_321' title='bbox 1214 4078 1394 4132; x_wconf 89' lang='lat' dir='ltr'><strong>omnia</strong></span> <span class='ocrx_word' id='word_1_322' title='bbox 1423 4094 1437 4131; x_wconf 90' lang='lat'><strong>:</strong></span> <span class='ocrx_word' id='word_1_323' title='bbox 1467 4079 1608 4148; x_wconf 90' lang='lat' dir='ltr'><strong>quod</strong></span> <span class='ocrx_word' id='word_1_324' title='bbox 1651 4079 1849 4135; x_wconf 78' lang='lat' dir='ltr'><strong>factum</strong></span> <span class='ocrx_word' id='word_1_325' title='bbox 1891 4091 1976 4136; x_wconf 82' lang='lat' dir='ltr'><strong>est</strong></span> <span class='ocrx_word' id='word_1_326' title='bbox 2009 4099 2039 4138; x_wconf 86' lang='lat' dir='ltr'><strong>a</strong></span> <span class='ocrx_word' id='word_1_327' title='bbox 2069 4084 2181 4138; x_wconf 89' lang='lat' dir='ltr'><strong>Deo</strong></span> 
     </span>
    </p>
   </div>
   <div class='ocr_carea' id='block_1_42' title="bbox 587 4168 2180 4242">
    <p class='ocr_par' dir='ltr' id='par_1_42' title="bbox 587 4168 2180 4242">
     <span class='ocr_line' id='line_1_42' title="bbox 587 4168 2180 4242; baseline 0.006 -23"><span class='ocrx_word' id='word_1_328' title='bbox 587 4169 706 4238; x_wconf 83' lang='lat' dir='ltr'><strong>quis</strong></span> <span class='ocrx_word' id='word_1_329' title='bbox 732 4170 892 4239; x_wconf 84' lang='lat' dir='ltr'><strong>digne</strong></span> <span class='ocrx_word' id='word_1_330' title='bbox 925 4168 1171 4233; x_wconf 90' lang='lat' dir='ltr'><strong>laudarit,</strong></span> <span class='ocrx_word' id='word_1_331' title='bbox 1207 4170 1506 4237; x_wconf 67' lang='lat' dir='ltr'><strong>praesertim</strong></span> <span class='ocrx_word' id='word_1_332' title='bbox 1542 4185 1663 4224; x_wconf 88' lang='lat' dir='ltr'><strong>cum</strong></span> <span class='ocrx_word' id='word_1_333' title='bbox 1707 4171 1776 4226; x_wconf 89' lang='lat' dir='ltr'><strong>ab</strong></span> <span class='ocrx_word' id='word_1_334' title='bbox 1809 4172 1923 4242; x_wconf 89' lang='lat' dir='ltr'><strong>ipso</strong></span> <span class='ocrx_word' id='word_1_335' title='bbox 1952 4174 2180 4229; x_wconf 91' lang='lat' dir='ltr'><strong>Domino</strong></span> 
     </span>
    </p>
   </div>
   <div class='ocr_carea' id='block_1_43' title="bbox 591 4258 2178 4330">
    <p class='ocr_par' dir='ltr' id='par_1_43' title="bbox 591 4258 2178 4330">
     <span class='ocr_line' id='line_1_43' title="bbox 591 4258 2178 4330; baseline 0.006 -18"><span class='ocrx_word' id='word_1_336' title='bbox 591 4259 800 4313; x_wconf 88' lang='lat' dir='ltr'><strong>laudem</strong></span> <span class='ocrx_word' id='word_1_337' title='bbox 849 4259 1088 4328; x_wconf 87' lang='lat' dir='ltr'><strong>accepit?</strong></span> <span class='ocrx_word' id='word_1_338' title='bbox 1125 4259 1250 4313; x_wconf 67' lang='lat' dir='ltr'><strong>Haec</strong></span> <span class='ocrx_word' id='word_1_339' title='bbox 1277 4260 1417 4313; x_wconf 87' lang='lat' dir='ltr'><strong>enim</strong></span> <span class='ocrx_word' id='word_1_340' title='bbox 1449 4258 1588 4314; x_wconf 91' lang='lat' dir='ltr'><strong>dicta</strong></span> <span class='ocrx_word' id='word_1_341' title='bbox 1631 4259 1702 4314; x_wconf 88' lang='lat' dir='ltr'><strong>ita</strong></span> <span class='ocrx_word' id='word_1_342' title='bbox 1733 4271 1878 4330; x_wconf 90' lang='lat' dir='ltr'><strong>sunt,</strong></span> <span class='ocrx_word' id='word_1_343' title='bbox 1923 4272 1980 4317; x_wconf 93' lang='lat' dir='ltr'><strong>ut</strong></span> <span class='ocrx_word' id='word_1_344' title='bbox 2009 4279 2068 4321; x_wconf 91' lang='lat' dir='ltr'><strong>se</strong></span> <span class='ocrx_word' id='word_1_345' title='bbox 2094 4277 2178 4321; x_wconf 86' lang='lat' dir='ltr'><strong>at-</strong></span> 
     </span>
    </p>
   </div>
   <div class='ocr_carea' id='block_1_44' title="bbox 592 4348 2181 4426">
    <p class='ocr_par' dir='ltr' id='par_1_44' title="bbox 592 4348 2181 4426">
     <span class='ocr_line' id='line_1_44' title="bbox 592 4348 2181 4426; baseline 0.007 -24"><span class='ocrx_word' id='word_1_346' title='bbox 592 4349 916 4418; x_wconf 73' lang='lat' dir='ltr'><strong>temperaret</strong></span> <span class='ocrx_word' id='word_1_347' title='bbox 969 4356 1166 4402; x_wconf 63' lang='lat' dir='ltr'><strong>nostra!</strong></span> <span class='ocrx_word' id='word_1_348' title='bbox 1213 4348 1516 4418; x_wconf 80' lang='lat' dir='ltr'><strong>fragilitati,</strong></span> <span class='ocrx_word' id='word_1_349' title='bbox 1573 4349 1887 4423; x_wconf 87' lang='lat' dir='ltr'><strong>videbisque</strong></span> <span class='ocrx_word' id='word_1_350' title='bbox 1939 4355 2042 4410; x_wconf 86' lang='lat' dir='ltr'><strong>hoc</strong></span> <span class='ocrx_word' id='word_1_351' title='bbox 2086 4372 2181 4426; x_wconf 90' lang='lat' dir='ltr'><strong>per</strong></span> 
     </span>
    </p>
   </div>
   <div class='ocr_carea' id='block_1_45' title="bbox 590 4435 2181 4508">
    <p class='ocr_par' dir='ltr' id='par_1_45' title="bbox 590 4435 2181 4508">
     <span class='ocr_line' id='line_1_45' title="bbox 590 4435 2181 4508; baseline 0.008 -17"><span class='ocrx_word' id='word_1_352' title='bbox 590 4439 825 4508; x_wconf 82' lang='lat' dir='ltr'><strong>singulas</strong></span> <span class='ocrx_word' id='word_1_353' title='bbox 868 4447 1140 4493; x_wconf 88' lang='lat' dir='ltr'><strong>creaturas</strong></span> <span class='ocrx_word' id='word_1_354' title='bbox 1165 4437 1292 4505; x_wconf 91' lang='lat' dir='ltr'><strong>dici,</strong></span> <span class='ocrx_word' id='word_1_355' title='bbox 1336 4449 1390 4494; x_wconf 89' lang='lat' dir='ltr'><strong>et</strong></span> <span class='ocrx_word' id='word_1_356' title='bbox 1436 4441 1505 4493; x_wconf 90' lang='lat' dir='ltr'><strong>ita</strong></span> <span class='ocrx_word' id='word_1_357' title='bbox 1549 4435 1729 4496; x_wconf 78' lang='lat' dir='ltr'><strong>mullis</strong></span> <span class='ocrx_word' id='word_1_358' title='bbox 1769 4453 1924 4499; x_wconf 85' lang='lat' dir='ltr'><strong>antea</strong></span> <span class='ocrx_word' id='word_1_359' title='bbox 1965 4449 2181 4504; x_wconf 68' lang='lat' dir='ltr'><strong>saeculis</strong></span> 
     </span>
    </p>
   </div>
   <div class='ocr_carea' id='block_1_46' title="bbox 589 4531 2177 4602">
    <p class='ocr_par' dir='ltr' id='par_1_46' title="bbox 589 4531 2177 4602">
     <span class='ocr_line' id='line_1_46' title="bbox 589 4531 2177 4602; baseline 0.007 -17"><span class='ocrx_word' id='word_1_360' title='bbox 589 4531 854 4602; x_wconf 78' lang='lat' dir='ltr'><strong>proﬂigari</strong></span> <span class='ocrx_word' id='word_1_361' title='bbox 892 4546 1078 4586; x_wconf 87' lang='lat' dir='ltr'><strong>ausum</strong></span> <span class='ocrx_word' id='word_1_362' title='bbox 1127 4547 1336 4598; x_wconf 91' lang='lat' dir='ltr'><strong>eorum,</strong></span> <span class='ocrx_word' id='word_1_363' title='bbox 1381 4532 1468 4602; x_wconf 86' lang='lat' dir='ltr'><strong>qui</strong></span> <span class='ocrx_word' id='word_1_364' title='bbox 1501 4532 1732 4602; x_wconf 90' lang='lat' dir='ltr'><strong>linguam</strong></span> <span class='ocrx_word' id='word_1_365' title='bbox 1763 4549 1915 4591; x_wconf 88' lang='lat' dir='ltr'><strong>suam</strong></span> <span class='ocrx_word' id='word_1_366' title='bbox 1971 4543 2177 4596; x_wconf 84' lang='lat' dir='ltr'><strong>acuturi</strong></span> 
     </span>
    </p>
   </div>
   <div class='ocr_carea' id='block_1_47' title="bbox 586 4625 2178 4695">
    <p class='ocr_par' dir='ltr' id='par_1_47' title="bbox 586 4625 2178 4695">
     <span class='ocr_line' id='line_1_47' title="bbox 586 4625 2178 4695; baseline 0.006 -17"><span class='ocrx_word' id='word_1_367' title='bbox 586 4637 738 4678; x_wconf 84' lang='lat' dir='ltr'><strong>erant</strong></span> <span class='ocrx_word' id='word_1_368' title='bbox 769 4635 952 4679; x_wconf 82' lang='lat' dir='ltr'><strong>contra</strong></span> <span class='ocrx_word' id='word_1_369' title='bbox 982 4625 1248 4693; x_wconf 89' lang='lat' dir='ltr'><strong>opiﬁcium</strong></span> <span class='ocrx_word' id='word_1_370' title='bbox 1279 4625 1394 4690; x_wconf 87' lang='lat' dir='ltr'><strong>Dei,</strong></span> <span class='ocrx_word' id='word_1_371' title='bbox 1430 4635 1483 4680; x_wconf 85' lang='lat' dir='ltr'><strong>et</strong></span> <span class='ocrx_word' id='word_1_372' title='bbox 1507 4626 1701 4681; x_wconf 85' lang='lat' dir='ltr'><strong>dicturi</strong></span> <span class='ocrx_word' id='word_1_373' title='bbox 1729 4644 1741 4681; x_wconf 93' lang='lat'>:</span> <span class='ocrx_word' id='word_1_374' title='bbox 1774 4629 1952 4695; x_wconf 85' lang='lat' dir='ltr'><strong>Quare</strong></span> <span class='ocrx_word' id='word_1_375' title='bbox 1996 4631 2097 4687; x_wconf 91' lang='lat' dir='ltr'><strong>hoc</strong></span> <span class='ocrx_word' id='word_1_376' title='bbox 2124 4643 2178 4688; x_wconf 90' lang='lat' dir='ltr'><strong>et</strong></span> 
     </span>
    </p>
   </div>
   <div class='ocr_carea' id='block_1_48' title="bbox 588 4717 2172 4792">
    <p class='ocr_par' dir='ltr' id='par_1_48' title="bbox 588 4717 2172 4792">
     <span class='ocr_line' id='line_1_48' title="bbox 588 4717 2172 4792; baseline 0.005 -22"><span class='ocrx_word' id='word_1_377' title='bbox 588 4718 688 4772; x_wconf 85' lang='lat' dir='ltr'><strong>hoc</strong></span> <span class='ocrx_word' id='word_1_378' title='bbox 715 4718 905 4772; x_wconf 76' lang='lat' dir='ltr'><strong>factum</strong></span> <span class='ocrx_word' id='word_1_379' title='bbox 934 4718 1051 4772; x_wconf 76' lang='lat' dir='ltr'><strong>est?</strong></span> <span class='ocrx_word' id='word_1_380' title='bbox 1077 4717 1221 4770; x_wconf 86' lang='lat' dir='ltr'><strong>Talia</strong></span> <span class='ocrx_word' id='word_1_381' title='bbox 1258 4718 1673 4786; x_wconf 81' lang='lat' dir='ltr'><strong>igiturdicturos</strong></span> <span class='ocrx_word' id='word_1_382' title='bbox 1699 4728 1823 4775; x_wconf 88' lang='lat' dir='ltr'><strong>ante</strong></span> <span class='ocrx_word' id='word_1_383' title='bbox 1848 4726 2172 4792; x_wconf 87' lang='lat' dir='ltr'><strong>comprimit,</strong></span> 
     </span>
    </p>
   </div>
   <div class='ocr_carea' id='block_1_49' title="bbox 584 4808 2175 4878">
    <p class='ocr_par' dir='ltr' id='par_1_49' title="bbox 584 4808 2175 4878">
     <span class='ocr_line' id='line_1_49' title="bbox 584 4808 2175 4878; baseline 0.004 -13"><span class='ocrx_word' id='word_1_384' title='bbox 584 4809 807 4865; x_wconf 89' lang='lat' dir='ltr'><strong>dicens:</strong></span> <span class='ocrx_word' id='word_1_385' title='bbox 835 4808 898 4862; x_wconf 86' lang='lat' dir='ltr'><strong>Et</strong></span> <span class='ocrx_word' id='word_1_386' title='bbox 925 4810 1048 4862; x_wconf 82' lang='lat' dir='ltr'><strong>vidit</strong></span> <span class='ocrx_word' id='word_1_387' title='bbox 1085 4810 1220 4862; x_wconf 86' lang='lat' dir='ltr'><strong>Deus</strong></span> <span class='ocrx_word' id='word_1_388' title='bbox 1244 4808 1380 4878; x_wconf 81' lang='lat' dir='ltr'><strong>quod</strong></span> <span class='ocrx_word' id='word_1_389' title='bbox 1403 4817 1530 4862; x_wconf 86' lang='lat' dir='ltr'><strong>esset</strong></span> <span class='ocrx_word' id='word_1_390' title='bbox 1571 4810 1775 4863; x_wconf 86' lang='lat' dir='ltr'><strong>bonum.</strong></span> <span class='ocrx_word' id='word_1_391' title='bbox 1809 4812 2032 4878; x_wconf 88' lang='lat' dir='ltr'><strong>Quando</strong></span> <span class='ocrx_word' id='word_1_392' title='bbox 2076 4831 2175 4870; x_wconf 90' lang='lat' dir='ltr'><strong>au-</strong></span> 
     </span>
    </p>
   </div>
   <div class='ocr_carea' id='block_1_50' title="bbox 588 4899 2171 4971">
    <p class='ocr_par' dir='ltr' id='par_1_50' title="bbox 588 4899 2171 4971">
     <span class='ocr_line' id='line_1_50' title="bbox 588 4899 2171 4971; baseline 0.003 -17"><span class='ocrx_word' id='word_1_393' title='bbox 588 4911 693 4956; x_wconf 89' lang='lat' dir='ltr'><strong>tem</strong></span> <span class='ocrx_word' id='word_1_394' title='bbox 733 4901 906 4966; x_wconf 86' lang='lat' dir='ltr'><strong>audis,</strong></span> <span class='ocrx_word' id='word_1_395' title='bbox 941 4900 1080 4954; x_wconf 75' lang='lat' dir='ltr'><strong>Vidit</strong></span> <span class='ocrx_word' id='word_1_396' title='bbox 1112 4901 1249 4954; x_wconf 89' lang='lat' dir='ltr'><strong>Deus</strong></span> <span class='ocrx_word' id='word_1_397' title='bbox 1289 4907 1342 4952; x_wconf 89' lang='lat' dir='ltr'><strong>et</strong></span> <span class='ocrx_word' id='word_1_398' title='bbox 1385 4899 1639 4963; x_wconf 81' lang='lat' dir='ltr'><strong>laudavit,</strong></span> <span class='ocrx_word' id='word_1_399' title='bbox 1683 4901 1918 4971; x_wconf 86' lang='lat' dir='ltr'><strong>intellige</strong></span> <span class='ocrx_word' id='word_1_400' title='bbox 1946 4904 2171 4971; x_wconf 90' lang='lat' dir='ltr'><strong>dictum,</strong></span> 
     </span>
    </p>
   </div>
   <div class='ocr_carea' id='block_1_51' title="bbox 588 4989 2174 5064">
    <p class='ocr_par' dir='ltr' id='par_1_51' title="bbox 588 4989 2174 5064">
     <span class='ocr_line' id='line_1_51' title="bbox 588 4989 2174 5064; baseline 0.004 -20"><span class='ocrx_word' id='word_1_401' title='bbox 588 5000 744 5061; x_wconf 84' lang='lat' dir='ltr'><strong>prout</strong></span> <span class='ocrx_word' id='word_1_402' title='bbox 771 4990 988 5060; x_wconf 84' lang='lat' dir='ltr'><strong>dignum</strong></span> <span class='ocrx_word' id='word_1_403' title='bbox 1030 4998 1108 5045; x_wconf 81' lang='lat' dir='ltr'><strong>est</strong></span> <span class='ocrx_word' id='word_1_404' title='bbox 1138 4991 1206 5046; x_wconf 89' lang='lat' dir='ltr'><strong>de</strong></span> <span class='ocrx_word' id='word_1_405' title='bbox 1255 4989 1364 5044; x_wconf 86' lang='lat' dir='ltr'><strong>Deo</strong></span> <span class='ocrx_word' id='word_1_406' title='bbox 1399 4990 1565 5057; x_wconf 82' lang='lat' dir='ltr'><strong>loqui.</strong></span> <span class='ocrx_word' id='word_1_407' title='bbox 1601 4989 1732 5045; x_wconf 82' lang='lat' dir='ltr'><strong>Nam</strong></span> <span class='ocrx_word' id='word_1_408' title='bbox 1757 4993 1865 5061; x_wconf 75' lang='lat' dir='ltr'><strong>&#39;qui</strong></span> <span class='ocrx_word' id='word_1_409' title='bbox 1905 4996 2174 5064; x_wconf 73' lang='lat' dir='ltr'><strong>produxit,</strong></span> 
     </span>
    </p>
   </div>
   <div class='ocr_carea' id='block_1_52' title="bbox 585 5078 2176 5155">
    <p class='ocr_par' dir='ltr' id='par_1_52' title="bbox 585 5078 2176 5155">
     <span class='ocr_line' id='line_1_52' title="bbox 585 5078 2176 5155; baseline 0.004 -21"><span class='ocrx_word' id='word_1_410' title='bbox 585 5083 745 5136; x_wconf 80' lang='lat' dir='ltr'><strong>etiam</strong></span> <span class='ocrx_word' id='word_1_411' title='bbox 774 5083 1079 5151; x_wconf 78' lang='lat' dir='ltr'><strong>priusquam</strong></span> <span class='ocrx_word' id='word_1_412' title='bbox 1113 5081 1386 5143; x_wconf 81' lang='lat' dir='ltr'><strong>formaret,</strong></span> <span class='ocrx_word' id='word_1_413' title='bbox 1413 5079 1613 5134; x_wconf 88' lang='lat' dir='ltr'><strong>sciebat</strong></span> <span class='ocrx_word' id='word_1_414' title='bbox 1639 5078 1931 5137; x_wconf 66' lang='lat' dir='ltr'><strong>formandte</strong></span> <span class='ocrx_word' id='word_1_415' title='bbox 1959 5086 2032 5140; x_wconf 91' lang='lat' dir='ltr'><strong>rei</strong></span> <span class='ocrx_word' id='word_1_416' title='bbox 2063 5088 2176 5155; x_wconf 89' lang='lat' dir='ltr'><strong>pul-</strong></span> 
     </span>
    </p>
   </div>
   <div class='ocr_carea' id='block_1_53' title="bbox 586 5170 2174 5243">
    <p class='ocr_par' dir='ltr' id='par_1_53' title="bbox 586 5170 2174 5243">
     <span class='ocr_line' id='line_1_53' title="bbox 586 5170 2174 5243; baseline 0.004 -16"><span class='ocrx_word' id='word_1_417' title='bbox 586 5175 983 5238; x_wconf 50' lang='lat' dir='ltr'><strong>chritudinem;</strong></span> <span class='ocrx_word' id='word_1_418' title='bbox 1035 5174 1128 5228; x_wconf 91' lang='lat' dir='ltr'><strong>sed</strong></span> <span class='ocrx_word' id='word_1_419' title='bbox 1176 5172 1298 5242; x_wconf 90' lang='lat' dir='ltr'><strong>quia</strong></span> <span class='ocrx_word' id='word_1_420' title='bbox 1350 5186 1450 5225; x_wconf 90' lang='lat' dir='ltr'><strong>nos</strong></span> <span class='ocrx_word' id='word_1_421' title='bbox 1493 5170 1738 5226; x_wconf 89' lang='lat' dir='ltr'><strong>homines</strong></span> <span class='ocrx_word' id='word_1_422' title='bbox 1775 5173 1942 5243; x_wconf 91' lang='lat' dir='ltr'><strong>(tanta</strong></span> <span class='ocrx_word' id='word_1_423' title='bbox 1991 5191 2174 5233; x_wconf 88' lang='lat' dir='ltr'><strong>sumus</strong></span> 
     </span>
    </p>
   </div>
   <div class='ocr_carea' id='block_1_54' title="bbox 586 5262 2170 5338">
    <p class='ocr_par' dir='ltr' id='par_1_54' title="bbox 586 5262 2170 5338">
     <span class='ocr_line' id='line_1_54' title="bbox 586 5262 2170 5338; baseline 0.006 -22"><span class='ocrx_word' id='word_1_424' title='bbox 586 5264 951 5319; x_wconf 85' lang='lat' dir='ltr'><strong>imbeciliitate</strong></span> <span class='ocrx_word' id='word_1_425' title='bbox 983 5264 1324 5332; x_wconf 87' lang='lat' dir='ltr'><strong>circumdati)</strong></span> <span class='ocrx_word' id='word_1_426' title='bbox 1373 5262 1530 5317; x_wconf 86' lang='lat' dir='ltr'><strong>aliter</strong></span> <span class='ocrx_word' id='word_1_427' title='bbox 1568 5262 1670 5318; x_wconf 88' lang='lat' dir='ltr'><strong>hoc</strong></span> <span class='ocrx_word' id='word_1_428' title='bbox 1717 5264 2018 5338; x_wconf 77' lang='lat' dir='ltr'><strong>intelligere</strong></span> <span class='ocrx_word' id='word_1_429' title='bbox 2065 5284 2170 5325; x_wconf 92' lang='lat' dir='ltr'><strong>non</strong></span> 
     </span>
    </p>
   </div>
   <div class='ocr_carea' id='block_1_55' title="bbox 585 5354 2170 5430">
    <p class='ocr_par' dir='ltr' id='par_1_55' title="bbox 585 5354 2170 5430">
     <span class='ocr_line' id='line_1_55' title="bbox 585 5354 2170 5430; baseline 0.004 -22"><span class='ocrx_word' id='word_1_430' title='bbox 585 5358 876 5427; x_wconf 71' lang='lat' dir='ltr'><strong>potuimus,</strong></span> <span class='ocrx_word' id='word_1_431' title='bbox 921 5357 1053 5411; x_wconf 84' lang='lat' dir='ltr'><strong>ideo</strong></span> <span class='ocrx_word' id='word_1_432' title='bbox 1087 5357 1167 5410; x_wconf 91' lang='lat' dir='ltr'><strong>sic</strong></span> <span class='ocrx_word' id='word_1_433' title='bbox 1198 5354 1397 5410; x_wconf 80' lang='lat' dir='ltr'><strong>direxit</strong></span> <span class='ocrx_word' id='word_1_434' title='bbox 1437 5354 1574 5408; x_wconf 87' lang='lat' dir='ltr'><strong>beati</strong></span> <span class='ocrx_word' id='word_1_435' title='bbox 1607 5359 1882 5424; x_wconf 84' lang='lat' dir='ltr'><strong>prephetae</strong></span> <span class='ocrx_word' id='word_1_436' title='bbox 1915 5359 2170 5430; x_wconf 80' lang='lat' dir='ltr'><strong>linguam,</strong></span> 
     </span>
    </p>
   </div>
   <div class='ocr_carea' id='block_1_56' title="bbox 585 5447 2172 5516">
    <p class='ocr_par' dir='ltr' id='par_1_56' title="bbox 585 5447 2172 5516">
     <span class='ocr_line' id='line_1_56' title="bbox 585 5447 2172 5516; baseline 0.006 -17"><span class='ocrx_word' id='word_1_437' title='bbox 585 5458 640 5501; x_wconf 89' lang='lat' dir='ltr'><strong>ut</strong></span> <span class='ocrx_word' id='word_1_438' title='bbox 683 5447 750 5501; x_wconf 85' lang='lat' dir='ltr'><strong>ad</strong></span> <span class='ocrx_word' id='word_1_439' title='bbox 780 5447 1126 5503; x_wconf 85' lang='lat' dir='ltr'><strong>erudiendum</strong></span> <span class='ocrx_word' id='word_1_440' title='bbox 1157 5447 1448 5502; x_wconf 89' lang='lat' dir='ltr'><strong>humanum</strong></span> <span class='ocrx_word' id='word_1_441' title='bbox 1495 5459 1662 5516; x_wconf 87' lang='lat' dir='ltr'><strong>genus</strong></span> <span class='ocrx_word' id='word_1_442' title='bbox 1704 5457 1846 5503; x_wconf 90' lang='lat' dir='ltr'><strong>tanta</strong></span> <span class='ocrx_word' id='word_1_443' title='bbox 1889 5453 2172 5508; x_wconf 88' lang='lat' dir='ltr'><strong>verborum</strong></span> 
     </span>
    </p>
   </div>
   <div class='ocr_carea' id='block_1_57' title="bbox 585 5538 1223 5594">
    <p class='ocr_par' dir='ltr' id='par_1_57' title="bbox 585 5538 1223 5594">
     <span class='ocr_line' id='line_1_57' title="bbox 585 5538 1223 5594; baseline 0.003 -2"><span class='ocrx_word' id='word_1_444' title='bbox 585 5550 822 5594; x_wconf 82' lang='lat' dir='ltr'><strong>uteretur</strong></span> <span class='ocrx_word' id='word_1_445' title='bbox 852 5538 1223 5594; x_wconf 87' lang='lat' dir='ltr'><strong>crassitudine.</strong></span> 
     </span>
    </p>
   </div>
   <div class='ocr_carea' id='block_1_58' title="bbox 644 5652 2171 5713">
    <p class='ocr_par' dir='ltr' id='par_1_58' title="bbox 644 5652 2171 5713">
     <span class='ocr_line' id='line_1_58' title="bbox 644 5652 2171 5713; baseline 0.007 -16"><span class='ocrx_word' id='word_1_446' title='bbox 644 5657 719 5713; x_wconf 76' lang='grc' dir='ltr'><strong>(η)</strong></span> <span class='ocrx_word' id='word_1_447' title='bbox 754 5653 984 5701; x_wconf 69' lang='lat' dir='ltr'><strong>Cselmurn</strong></span> <span class='ocrx_word' id='word_1_448' title='bbox 1031 5667 1208 5702; x_wconf 84' lang='lat' dir='ltr'><strong>nomen</strong></span> <span class='ocrx_word' id='word_1_449' title='bbox 1255 5652 1488 5702; x_wconf 79' lang='lat' dir='ltr'><strong>behraice</strong></span> <span class='ocrx_word' id='word_1_450' title='bbox 1523 5655 1711 5707; x_wconf 70' lang='lat' dir='ltr'><strong>om.</strong></span> <span class='ocrx_word' id='word_1_451' title='bbox 1759 5659 1953 5705; x_wconf 72' lang='lat' dir='ltr'><strong>Unicum</strong></span> <span class='ocrx_word' id='word_1_452' title='bbox 2000 5657 2171 5708; x_wconf 71' lang='lat' dir='ltr'><strong>cmlum</strong></span> 
     </span>
    </p>
   </div>
   <div class='ocr_carea' id='block_1_59' title="bbox 582 5714 2172 5784">
    <p class='ocr_par' dir='ltr' id='par_1_59' title="bbox 582 5714 2172 5784">
     <span class='ocr_line' id='line_1_59' title="bbox 582 5714 2172 5784; baseline 0.001 -17"><span class='ocrx_word' id='word_1_453' title='bbox 582 5714 1183 5784; x_wconf 56' lang='lat' dir='ltr'><strong>admittitLllt&#39;yst)§l0m|15.</strong></span> <span class='ocrx_word' id='word_1_454' title='bbox 1212 5725 1262 5764; x_wconf 65' lang='lat' dir='ltr'><strong>et</strong></span> <span class='ocrx_word' id='word_1_455' title='bbox 1281 5719 1544 5784; x_wconf 63' lang='lat' dir='ltr'><strong>resPOlldet</strong></span> <span class='ocrx_word' id='word_1_456' title='bbox 1565 5728 1863 5784; x_wconf 81' lang='lat' dir='ltr'><strong>argumento</strong></span> <span class='ocrx_word' id='word_1_457' title='bbox 1887 5733 1946 5767; x_wconf 86' lang='lat' dir='ltr'><strong>ex</strong></span> <span class='ocrx_word' id='word_1_458' title='bbox 1976 5721 2172 5784; x_wconf 61' lang='lat' dir='ltr'><strong>lfsalmis</strong></span> 
     </span>
    </p>
   </div>
   <div class='ocr_carea' id='block_1_60' title="bbox 579 5777 2172 5842">
    <p class='ocr_par' dir='ltr' id='par_1_60' title="bbox 579 5777 2172 5842">
     <span class='ocr_line' id='line_1_60' title="bbox 579 5777 2172 5842; baseline 0.007 -21"><span class='ocrx_word' id='word_1_459' title='bbox 579 5779 804 5842; x_wconf 70' lang='lat' dir='ltr'><strong>deducto,</strong></span> <span class='ocrx_word' id='word_1_460' title='bbox 828 5777 925 5838; x_wconf 81' lang='lat' dir='ltr'><strong>qiio</strong></span> <span class='ocrx_word' id='word_1_461' title='bbox 952 5778 1118 5840; x_wconf 86' lang='lat' dir='ltr'><strong>plures</strong></span> <span class='ocrx_word' id='word_1_462' title='bbox 1158 5777 1456 5837; x_wconf 80' lang='lat' dir='ltr'><strong>comprobari</strong></span> <span class='ocrx_word' id='word_1_463' title='bbox 1501 5777 1722 5830; x_wconf 60' lang='lat' dir='ltr'><strong>videntur</strong></span> <span class='ocrx_word' id='word_1_464' title='bbox 1762 5782 1886 5842; x_wconf 58' lang='lat' dir='ltr'><strong>cst-li;</strong></span> <span class='ocrx_word' id='word_1_465' title='bbox 1914 5782 2002 5830; x_wconf 84' lang='lat' dir='ltr'><strong>sed</strong></span> <span class='ocrx_word' id='word_1_466' title='bbox 2043 5791 2172 5832; x_wconf 77' lang='lat' dir='ltr'><strong>tacet</strong></span> 
     </span>
    </p>
   </div>
   <div class='ocr_carea' id='block_1_61' title="bbox 575 5838 1686 5902">
    <p class='ocr_par' dir='ltr' id='par_1_61' title="bbox 575 5838 1686 5902">
     <span class='ocr_line' id='line_1_61' title="bbox 575 5838 1686 5902; baseline 0.007 -18"><span class='ocrx_word' id='word_1_467' title='bbox 575 5838 777 5890; x_wconf 72' lang='lat' dir='ltr'><strong>l‘anlum</strong></span> <span class='ocrx_word' id='word_1_468' title='bbox 799 5838 980 5901; x_wconf 66' lang='lat' dir='ltr'><strong>raptum</strong></span> <span class='ocrx_word' id='word_1_469' title='bbox 1007 5853 1160 5902; x_wconf 75' lang='lat' dir='ltr'><strong>usque</strong></span> <span class='ocrx_word' id='word_1_470' title='bbox 1187 5842 1244 5888; x_wconf 84' lang='lat' dir='ltr'><strong>ad</strong></span> <span class='ocrx_word' id='word_1_471' title='bbox 1267 5849 1464 5889; x_wconf 78' lang='lat' dir='ltr'><strong>tertium</strong></span> <span class='ocrx_word' id='word_1_472' title='bbox 1498 5847 1686 5893; x_wconf 69' lang='lat' dir='ltr'><strong>escium.</strong></span> 
     </span>
    </p>
   </div>
   <div class='ocr_carea' id='block_1_62' title="bbox 2359 559 3876 635">
    <p class='ocr_par' dir='ltr' id='par_1_62' title="bbox 2359 559 3876 635">
     <span class='ocr_line' id='line_1_62' title="bbox 2359 559 3876 635; baseline 0.009 -21"><span class='ocrx_word' id='word_1_473' title='bbox 2359 560 2413 614; x_wconf 85' lang='lat'><strong>5.</strong></span> <span class='ocrx_word' id='word_1_474' title='bbox 2456 559 2680 626; x_wconf 88' lang='lat' dir='ltr'><strong>Quando</strong></span> <span class='ocrx_word' id='word_1_475' title='bbox 2726 561 2882 630; x_wconf 88' lang='lat' dir='ltr'><strong>igitur</strong></span> <span class='ocrx_word' id='word_1_476' title='bbox 2910 563 3159 618; x_wconf 85' lang='lat' dir='ltr'><strong>sublevas</strong></span> <span class='ocrx_word' id='word_1_477' title='bbox 3194 564 3401 630; x_wconf 85' lang='lat' dir='ltr'><strong>oculos,</strong></span> <span class='ocrx_word' id='word_1_478' title='bbox 3433 577 3484 620; x_wconf 89' lang='lat' dir='ltr'><strong>et</strong></span> <span class='ocrx_word' id='word_1_479' title='bbox 3516 581 3732 635; x_wconf 81' lang='lat' dir='ltr'><strong>spectas</strong></span> <span class='ocrx_word' id='word_1_480' title='bbox 3759 572 3876 626; x_wconf 68' lang='lat' dir='ltr'><strong>cadi</strong></span> 
     </span>
    </p>
   </div>
   <div class='ocr_carea' id='block_1_63' title="bbox 2286 650 3877 722">
    <p class='ocr_par' dir='ltr' id='par_1_63' title="bbox 2286 650 3877 722">
     <span class='ocr_line' id='line_1_63' title="bbox 2286 650 3877 722; baseline 0.009 -20"><span class='ocrx_word' id='word_1_481' title='bbox 2286 650 2759 718; x_wconf 83' lang='lat' dir='ltr'><strong>pulchritudinem,</strong></span> <span class='ocrx_word' id='word_1_482' title='bbox 2792 653 3231 722; x_wconf 85' lang='lat' dir='ltr'><strong>magnitudinem,</strong></span> <span class='ocrx_word' id='word_1_483' title='bbox 3264 656 3565 720; x_wconf 88' lang='lat' dir='ltr'><strong>utilitatem.</strong></span> <span class='ocrx_word' id='word_1_484' title='bbox 3597 667 3724 714; x_wconf 88' lang='lat' dir='ltr'><strong>tunc</strong></span> <span class='ocrx_word' id='word_1_485' title='bbox 3752 661 3877 716; x_wconf 87' lang='lat' dir='ltr'><strong>inde</strong></span> 
     </span>
    </p>
   </div>
   <div class='ocr_carea' id='block_1_64' title="bbox 2284 740 3880 820">
    <p class='ocr_par' dir='ltr' id='par_1_64' title="bbox 2284 740 3880 820">
     <span class='ocr_line' id='line_1_64' title="bbox 2284 740 3880 820; baseline 0.009 -26"><span class='ocrx_word' id='word_1_486' title='bbox 2284 741 2351 795; x_wconf 91' lang='lat' dir='ltr'><strong>ad</strong></span> <span class='ocrx_word' id='word_1_487' title='bbox 2395 740 2655 811; x_wconf 88' lang='lat' dir='ltr'><strong>Opiﬁcem</strong></span> <span class='ocrx_word' id='word_1_488' title='bbox 2699 743 2970 809; x_wconf 84' lang='lat' dir='ltr'><strong>ascende,</strong></span> <span class='ocrx_word' id='word_1_489' title='bbox 3013 747 3155 801; x_wconf 87' lang='lat' dir='ltr'><strong>sicut</strong></span> <span class='ocrx_word' id='word_1_490' title='bbox 3201 757 3255 803; x_wconf 91' lang='lat' dir='ltr'><strong>et</strong></span> <span class='ocrx_word' id='word_1_491' title='bbox 3289 751 3502 817; x_wconf 86' lang='lat' dir='ltr'><strong>sapiens</strong></span> <span class='ocrx_word' id='word_1_492' title='bbox 3528 751 3745 820; x_wconf 88' lang='lat' dir='ltr'><strong>quidam</strong></span> <span class='ocrx_word' id='word_1_493' title='bbox 3794 753 3880 809; x_wconf 86' lang='lat' dir='ltr'><strong>di-</strong></span> 
     </span>
    </p>
   </div>
   <div class='ocr_carea' id='block_1_65' title="bbox 2282 829 3879 905">
    <p class='ocr_par' dir='ltr' id='par_1_65' title="bbox 2282 829 3879 905">
     <span class='ocr_line' id='line_1_65' title="bbox 2282 829 3879 905; baseline 0.01 -23"><span class='ocrx_word' id='word_1_494' title='bbox 2282 829 2439 884; x_wconf 88' lang='lat' dir='ltr'><strong>cebat</strong></span> <span class='ocrx_word' id='word_1_495' title='bbox 2489 848 2502 884; x_wconf 89' lang='lat'><strong>:</strong></span> <span class='ocrx_word' id='word_1_496' title='bbox 2551 831 2634 885; x_wconf 79' lang='lat' dir='ltr'><strong>Ea:</strong></span> <span class='ocrx_word' id='word_1_497' title='bbox 2694 833 3040 902; x_wconf 76' lang='lat' dir='ltr'><strong>magnitudine</strong></span> <span class='ocrx_word' id='word_1_498' title='bbox 3094 845 3141 888; x_wconf 82' lang='lat' dir='ltr'><strong>et</strong></span> <span class='ocrx_word' id='word_1_499' title='bbox 3198 839 3574 905; x_wconf 67' lang='lat' dir='ltr'><strong>pulchritudine</strong></span> <span class='ocrx_word' id='word_1_500' title='bbox 3624 853 3879 896; x_wconf 72' lang='lat' dir='ltr'><strong>creatura-</strong></span> 
     </span>
    </p>
   </div>
   <div class='ocr_carea' id='block_1_66' title="bbox 2285 921 3885 993">
    <p class='ocr_par' dir='ltr' id='par_1_66' title="bbox 2285 921 3885 993">
     <span class='ocr_line' id='line_1_66' title="bbox 2285 921 3885 993; baseline 0.01 -22"><span class='ocrx_word' id='word_1_501' title='bbox 2285 934 2399 971; x_wconf 83' lang='lat' dir='ltr'><strong>rum</strong></span> <span class='ocrx_word' id='word_1_502' title='bbox 2444 922 2661 976; x_wconf 81' lang='lat' dir='ltr'><strong>universi</strong></span> <span class='ocrx_word' id='word_1_503' title='bbox 2702 921 2947 978; x_wconf 82' lang='lat' dir='ltr'><strong>Conditor</strong></span> <span class='ocrx_word' id='word_1_504' title='bbox 2981 941 3070 992; x_wconf 81' lang='lat' dir='ltr'><strong>per</strong></span> <span class='ocrx_word' id='word_1_505' title='bbox 3109 928 3486 993; x_wconf 73' lang='lat' dir='ltr'><strong>proportidnem</strong></span> <span class='ocrx_word' id='word_1_506' title='bbox 3522 932 3885 989; x_wconf 75' lang='lat' dir='ltr'><strong>consideratur</strong></span> 
     </span>
    </p>
   </div>
   <div class='ocr_carea' id='block_1_67' title="bbox 2289 1007 3877 1082">
    <p class='ocr_par' dir='ltr' id='par_1_67' title="bbox 2289 1007 3877 1082">
     <span class='ocr_line' id='line_1_67' title="bbox 2289 1007 3877 1082; baseline 0.011 -20"><span class='ocrx_word' id='word_1_507' title='bbox 2289 1007 2444 1078; x_wconf 84' lang='lat' dir='ltr'><strong>(Sup.</strong></span> <span class='ocrx_word' id='word_1_508' title='bbox 2480 1012 2564 1066; x_wconf 73' lang='grc'><strong>15.</strong></span> <span class='ocrx_word' id='word_1_509' title='bbox 2595 1013 2671 1082; x_wconf 83' lang='grc'><strong>5).</strong></span> <span class='ocrx_word' id='word_1_510' title='bbox 2705 1013 2772 1068; x_wconf 82' lang='lat' dir='ltr'><strong>Et</strong></span> <span class='ocrx_word' id='word_1_511' title='bbox 2812 1011 2932 1070; x_wconf 89' lang='lat' dir='ltr'><strong>vide</strong></span> <span class='ocrx_word' id='word_1_512' title='bbox 2959 1015 3117 1069; x_wconf 90' lang='lat' dir='ltr'><strong>etiam</strong></span> <span class='ocrx_word' id='word_1_513' title='bbox 3147 1032 3210 1070; x_wconf 82' lang='lat' dir='ltr'><strong>ex</strong></span> <span class='ocrx_word' id='word_1_514' title='bbox 3251 1016 3440 1074; x_wconf 87' lang='lat' dir='ltr'><strong>horum</strong></span> <span class='ocrx_word' id='word_1_515' title='bbox 3483 1023 3877 1080; x_wconf 82' lang='lat' dir='ltr'><strong>elementorum</strong></span> 
     </span>
    </p>
   </div>
   <div class='ocr_carea' id='block_1_68' title="bbox 2286 1098 3880 1173">
    <p class='ocr_par' dir='ltr' id='par_1_68' title="bbox 2286 1098 3880 1173">
     <span class='ocr_line' id='line_1_68' title="bbox 2286 1098 3880 1173; baseline 0.014 -23"><span class='ocrx_word' id='word_1_516' title='bbox 2286 1098 2624 1167; x_wconf 77' lang='lat' dir='ltr'><strong>fortnatione,</strong></span> <span class='ocrx_word' id='word_1_517' title='bbox 2669 1114 2864 1173; x_wconf 90' lang='lat' dir='ltr'><strong>quanta</strong></span> <span class='ocrx_word' id='word_1_518' title='bbox 2906 1106 2976 1161; x_wconf 85' lang='lat' dir='ltr'><strong>sit</strong></span> <span class='ocrx_word' id='word_1_519' title='bbox 3019 1107 3228 1163; x_wconf 89' lang='lat' dir='ltr'><strong>Domini</strong></span> <span class='ocrx_word' id='word_1_520' title='bbox 3273 1109 3346 1164; x_wconf 94' lang='lat' dir='ltr'><strong>tui</strong></span> <span class='ocrx_word' id='word_1_521' title='bbox 3376 1112 3562 1167; x_wconf 90' lang='lat' dir='ltr'><strong>virtus.</strong></span> <span class='ocrx_word' id='word_1_522' title='bbox 3606 1114 3738 1170; x_wconf 77' lang='lat' dir='ltr'><strong>Nam</strong></span> <span class='ocrx_word' id='word_1_523' title='bbox 3788 1121 3880 1172; x_wconf 80' lang='lat' dir='ltr'><strong>cui</strong></span> 
     </span>
    </p>
   </div>
   <div class='ocr_carea' id='block_1_69' title="bbox 2285 1192 3878 1274">
    <p class='ocr_par' dir='ltr' id='par_1_69' title="bbox 2285 1192 3878 1274">
     <span class='ocr_line' id='line_1_69' title="bbox 2285 1192 3878 1274; baseline 0.012 -32"><span class='ocrx_word' id='word_1_524' title='bbox 2285 1202 2446 1258; x_wconf 77' lang='lat' dir='ltr'><strong>sagas</strong></span> <span class='ocrx_word' id='word_1_525' title='bbox 2470 1200 2526 1245; x_wconf 91' lang='lat' dir='ltr'><strong>et</strong></span> <span class='ocrx_word' id='word_1_526' title='bbox 2555 1192 2752 1260; x_wconf 88' lang='lat' dir='ltr'><strong>probus</strong></span> <span class='ocrx_word' id='word_1_527' title='bbox 2797 1207 2879 1248; x_wconf 91' lang='lat' dir='ltr'><strong>est</strong></span> <span class='ocrx_word' id='word_1_528' title='bbox 2906 1197 3138 1264; x_wconf 87' lang='lat' dir='ltr'><strong>animus,</strong></span> <span class='ocrx_word' id='word_1_529' title='bbox 3184 1198 3231 1254; x_wconf 89' lang='lat' dir='ltr'><strong>si</strong></span> <span class='ocrx_word' id='word_1_530' title='bbox 3257 1201 3485 1257; x_wconf 87' lang='lat' dir='ltr'><strong>voluerit</strong></span> <span class='ocrx_word' id='word_1_531' title='bbox 3511 1204 3716 1274; x_wconf 88' lang='lat' dir='ltr'><strong>singula</strong></span> <span class='ocrx_word' id='word_1_532' title='bbox 3748 1207 3878 1261; x_wconf 86' lang='lat' dir='ltr'><strong>visi-</strong></span> 
     </span>
    </p>
   </div>
   <div class='ocr_carea' id='block_1_70' title="bbox 2288 1277 3880 1362">
    <p class='ocr_par' dir='ltr' id='par_1_70' title="bbox 2288 1277 3880 1362">
     <span class='ocr_line' id='line_1_70' title="bbox 2288 1277 3880 1362; baseline 0.011 -30"><span class='ocrx_word' id='word_1_533' title='bbox 2288 1277 2410 1332; x_wconf 87' lang='lat' dir='ltr'><strong>bilia</strong></span> <span class='ocrx_word' id='word_1_534' title='bbox 2438 1283 2663 1335; x_wconf 88' lang='lat' dir='ltr'><strong>scrutari</strong></span> <span class='ocrx_word' id='word_1_535' title='bbox 2689 1297 2703 1345; x_wconf 91' lang='lat'><strong>;</strong></span> <span class='ocrx_word' id='word_1_536' title='bbox 2732 1290 2788 1338; x_wconf 89' lang='lat' dir='ltr'><strong>et</strong></span> <span class='ocrx_word' id='word_1_537' title='bbox 2825 1285 2951 1352; x_wconf 92' lang='lat' dir='ltr'><strong>quid</strong></span> <span class='ocrx_word' id='word_1_538' title='bbox 2991 1285 3135 1351; x_wconf 87' lang='lat' dir='ltr'><strong>dico,</strong></span> <span class='ocrx_word' id='word_1_539' title='bbox 3165 1290 3370 1360; x_wconf 86' lang='lat' dir='ltr'><strong>singula</strong></span> <span class='ocrx_word' id='word_1_540' title='bbox 3398 1307 3516 1362; x_wconf 67' lang='lat' dir='ltr'><strong>quae</strong></span> <span class='ocrx_word' id='word_1_541' title='bbox 3544 1291 3679 1349; x_wconf 79' lang='lat' dir='ltr'><strong>facta</strong></span> <span class='ocrx_word' id='word_1_542' title='bbox 3709 1297 3880 1349; x_wconf 79' lang='lat' dir='ltr'><strong>sunt?</strong></span> 
     </span>
    </p>
   </div>
   <div class='ocr_carea' id='block_1_71' title="bbox 2286 1371 3878 1443">
    <p class='ocr_par' dir='ltr' id='par_1_71' title="bbox 2286 1371 3878 1443">
     <span class='ocr_line' id='line_1_71' title="bbox 2286 1371 3878 1443; baseline 0.014 -22"><span class='ocrx_word' id='word_1_543' title='bbox 2286 1384 2437 1424; x_wconf 87' lang='lat' dir='ltr'><strong>suam</strong></span> <span class='ocrx_word' id='word_1_544' title='bbox 2471 1371 2638 1426; x_wconf 89' lang='lat' dir='ltr'><strong>solam</strong></span> <span class='ocrx_word' id='word_1_545' title='bbox 2667 1371 3040 1430; x_wconf 77' lang='lat' dir='ltr'><strong>formationem</strong></span> <span class='ocrx_word' id='word_1_546' title='bbox 3086 1379 3129 1432; x_wconf 92' lang='lat' dir='ltr'><strong>si</strong></span> <span class='ocrx_word' id='word_1_547' title='bbox 3161 1390 3411 1438; x_wconf 88' lang='lat' dir='ltr'><strong>accurate</strong></span> <span class='ocrx_word' id='word_1_548' title='bbox 3440 1385 3664 1441; x_wconf 90' lang='lat' dir='ltr'><strong>voluerit</strong></span> <span class='ocrx_word' id='word_1_549' title='bbox 3691 1391 3878 1443; x_wconf 85' lang='lat' dir='ltr'><strong>consi-</strong></span> 
     </span>
    </p>
   </div>
   <div class='ocr_carea' id='block_1_72' title="bbox 2287 1459 3876 1534">
    <p class='ocr_par' dir='ltr' id='par_1_72' title="bbox 2287 1459 3876 1534">
     <span class='ocr_line' id='line_1_72' title="bbox 2287 1459 3876 1534; baseline 0.011 -22"><span class='ocrx_word' id='word_1_550' title='bbox 2287 1459 2498 1527; x_wconf 90' lang='lat' dir='ltr'><strong>dcrare,</strong></span> <span class='ocrx_word' id='word_1_551' title='bbox 2531 1462 2729 1518; x_wconf 89' lang='lat' dir='ltr'><strong>videbit</strong></span> <span class='ocrx_word' id='word_1_552' title='bbox 2751 1479 2813 1518; x_wconf 79' lang='lat' dir='ltr'><strong>es</strong></span> <span class='ocrx_word' id='word_1_553' title='bbox 2845 1466 3021 1533; x_wconf 88' lang='lat' dir='ltr'><strong>parvis</strong></span> <span class='ocrx_word' id='word_1_554' title='bbox 3061 1467 3168 1522; x_wconf 91' lang='lat' dir='ltr'><strong>illis</strong></span> <span class='ocrx_word' id='word_1_555' title='bbox 3200 1470 3512 1527; x_wconf 89' lang='lat' dir='ltr'><strong>immensam</strong></span> <span class='ocrx_word' id='word_1_556' title='bbox 3543 1481 3599 1529; x_wconf 89' lang='lat' dir='ltr'><strong>et</strong></span> <span class='ocrx_word' id='word_1_557' title='bbox 3628 1475 3876 1534; x_wconf 74' lang='lat' dir='ltr'><strong>inetfabi-</strong></span> 
     </span>
    </p>
   </div>
   <div class='ocr_carea' id='block_1_73' title="bbox 2285 1547 3882 1622">
    <p class='ocr_par' dir='ltr' id='par_1_73' title="bbox 2285 1547 3882 1622">
     <span class='ocr_line' id='line_1_73' title="bbox 2285 1547 3882 1622; baseline 0.013 -20"><span class='ocrx_word' id='word_1_558' title='bbox 2285 1547 2390 1603; x_wconf 90' lang='lat' dir='ltr'><strong>lem</strong></span> <span class='ocrx_word' id='word_1_559' title='bbox 2428 1551 2516 1604; x_wconf 89' lang='lat' dir='ltr'><strong>Dei</strong></span> <span class='ocrx_word' id='word_1_560' title='bbox 2567 1555 2876 1622; x_wconf 88' lang='lat' dir='ltr'><strong>potentiam.</strong></span> <span class='ocrx_word' id='word_1_561' title='bbox 2904 1557 3057 1622; x_wconf 82' lang='lat' dir='ltr'><strong>Quod</strong></span> <span class='ocrx_word' id='word_1_562' title='bbox 3101 1559 3146 1612; x_wconf 87' lang='lat' dir='ltr'><strong>si</strong></span> <span class='ocrx_word' id='word_1_563' title='bbox 3177 1560 3402 1616; x_wconf 90' lang='lat' dir='ltr'><strong>visibilia</strong></span> <span class='ocrx_word' id='word_1_564' title='bbox 3446 1563 3557 1618; x_wconf 89' lang='lat' dir='ltr'><strong>sola</strong></span> <span class='ocrx_word' id='word_1_565' title='bbox 3601 1565 3882 1622; x_wconf 79' lang='lat' dir='ltr'><strong>sufﬁciunt</strong></span> 
     </span>
    </p>
   </div>
   <div class='ocr_carea' id='block_1_74' title="bbox 2286 1640 3882 1728">
    <p class='ocr_par' dir='ltr' id='par_1_74' title="bbox 2286 1640 3882 1728">
     <span class='ocr_line' id='line_1_74' title="bbox 2286 1640 3882 1728; baseline 0.014 -36"><span class='ocrx_word' id='word_1_566' title='bbox 2286 1640 2440 1694; x_wconf 88' lang='lat' dir='ltr'><strong>nobis</strong></span> <span class='ocrx_word' id='word_1_567' title='bbox 2476 1641 2540 1695; x_wconf 90' lang='lat' dir='ltr'><strong>ad</strong></span> <span class='ocrx_word' id='word_1_568' title='bbox 2583 1643 2877 1700; x_wconf 88' lang='lat' dir='ltr'><strong>docendam</strong></span> <span class='ocrx_word' id='word_1_569' title='bbox 2917 1650 3168 1718; x_wconf 66' lang='lat' dir='ltr'><strong>potentia:</strong></span> <span class='ocrx_word' id='word_1_570' title='bbox 3208 1650 3512 1710; x_wconf 83' lang='lat' dir='ltr'><strong>Conditoris</strong></span> <span class='ocrx_word' id='word_1_571' title='bbox 3553 1657 3882 1728; x_wconf 81' lang='lat' dir='ltr'><strong>magnitudi-</strong></span> 
     </span>
    </p>
   </div>
   <div class='ocr_carea' id='block_1_75' title="bbox 2287 1732 3878 1810">
    <p class='ocr_par' dir='ltr' id='par_1_75' title="bbox 2287 1732 3878 1810">
     <span class='ocr_line' id='line_1_75' title="bbox 2287 1732 3878 1810; baseline 0.015 -30"><span class='ocrx_word' id='word_1_572' title='bbox 2287 1742 2433 1793; x_wconf 90' lang='lat' dir='ltr'><strong>nem,</strong></span> <span class='ocrx_word' id='word_1_573' title='bbox 2476 1732 2518 1783; x_wconf 90' lang='lat' dir='ltr'><strong>si</strong></span> <span class='ocrx_word' id='word_1_574' title='bbox 2558 1741 2610 1784; x_wconf 90' lang='lat' dir='ltr'><strong>et</strong></span> <span class='ocrx_word' id='word_1_575' title='bbox 2638 1733 2702 1785; x_wconf 88' lang='lat' dir='ltr'><strong>ad</strong></span> <span class='ocrx_word' id='word_1_576' title='bbox 2733 1735 3022 1790; x_wconf 74' lang='lat' dir='ltr'><strong>invisibiles</strong></span> <span class='ocrx_word' id='word_1_577' title='bbox 3056 1740 3262 1794; x_wconf 80' lang='lat' dir='ltr'><strong>veneris</strong></span> <span class='ocrx_word' id='word_1_578' title='bbox 3290 1742 3533 1810; x_wconf 87' lang='lat' dir='ltr'><strong>virtutes,</strong></span> <span class='ocrx_word' id='word_1_579' title='bbox 3560 1755 3615 1800; x_wconf 91' lang='lat' dir='ltr'><strong>et</strong></span> <span class='ocrx_word' id='word_1_580' title='bbox 3642 1758 3878 1803; x_wconf 86' lang='lat' dir='ltr'><strong>mentem</strong></span> 
     </span>
    </p>
   </div>
   <div class='ocr_carea' id='block_1_76' title="bbox 2287 1821 3878 1905">
    <p class='ocr_par' dir='ltr' id='par_1_76' title="bbox 2287 1821 3878 1905">
     <span class='ocr_line' id='line_1_76' title="bbox 2287 1821 3878 1905; baseline 0.009 -30"><span class='ocrx_word' id='word_1_581' title='bbox 2287 1821 2591 1876; x_wconf 75' lang='lat' dir='ltr'><strong>ostenderis</strong></span> <span class='ocrx_word' id='word_1_582' title='bbox 2621 1821 2686 1877; x_wconf 89' lang='lat' dir='ltr'><strong>ad</strong></span> <span class='ocrx_word' id='word_1_583' title='bbox 2730 1825 3039 1894; x_wconf 83' lang='lat' dir='ltr'><strong>angelorum</strong></span> <span class='ocrx_word' id='word_1_584' title='bbox 3083 1831 3369 1899; x_wconf 77' lang='lat' dir='ltr'><strong>exercitus,</strong></span> <span class='ocrx_word' id='word_1_585' title='bbox 3411 1833 3878 1905; x_wconf 78' lang='lat' dir='ltr'><strong>archangelorum,</strong></span> 
     </span>
    </p>
   </div>
   <div class='ocr_carea' id='block_1_77' title="bbox 2287 1914 3876 1992">
    <p class='ocr_par' dir='ltr' id='par_1_77' title="bbox 2287 1914 3876 1992">
     <span class='ocr_line' id='line_1_77' title="bbox 2287 1914 3876 1992; baseline 0.011 -27"><span class='ocrx_word' id='word_1_586' title='bbox 2287 1925 2640 1980; x_wconf 89' lang='lat' dir='ltr'><strong>supernarum</strong></span> <span class='ocrx_word' id='word_1_587' title='bbox 2693 1914 2969 1982; x_wconf 90' lang='lat' dir='ltr'><strong>virtutum,</strong></span> <span class='ocrx_word' id='word_1_588' title='bbox 3034 1919 3373 1988; x_wconf 89' lang='lat' dir='ltr'><strong>thronorum,</strong></span> <span class='ocrx_word' id='word_1_589' title='bbox 3429 1922 3876 1992; x_wconf 86' lang='lat' dir='ltr'><strong>dominationum,</strong></span> 
     </span>
    </p>
   </div>
   <div class='ocr_carea' id='block_1_78' title="bbox 2287 2001 3882 2088">
    <p class='ocr_par' dir='ltr' id='par_1_78' title="bbox 2287 2001 3882 2088">
     <span class='ocr_line' id='line_1_78' title="bbox 2287 2001 3882 2088; baseline 0.014 -35"><span class='ocrx_word' id='word_1_590' title='bbox 2287 2001 2698 2071; x_wconf 84' lang='lat' dir='ltr'><strong>principatuum,</strong></span> <span class='ocrx_word' id='word_1_591' title='bbox 2720 2014 3058 2074; x_wconf 84' lang='lat' dir='ltr'><strong>potestatum,</strong></span> <span class='ocrx_word' id='word_1_592' title='bbox 3085 2007 3396 2075; x_wconf 84' lang='lat' dir='ltr'><strong>Cherubim,</strong></span> <span class='ocrx_word' id='word_1_593' title='bbox 3429 2013 3709 2084; x_wconf 87' lang='lat' dir='ltr'><strong>Seraphitn</strong></span> <span class='ocrx_word' id='word_1_594' title='bbox 3733 2035 3882 2088; x_wconf 77' lang='lat' dir='ltr'><strong>:qnzl:</strong></span> 
     </span>
    </p>
   </div>
   <div class='ocr_carea' id='block_1_79' title="bbox 2289 2097 3880 2180">
    <p class='ocr_par' dir='ltr' id='par_1_79' title="bbox 2289 2097 3880 2180">
     <span class='ocr_line' id='line_1_79' title="bbox 2289 2097 3880 2180; baseline 0.012 -34"><span class='ocrx_word' id='word_1_595' title='bbox 2289 2108 2462 2160; x_wconf 88' lang='lat' dir='ltr'><strong>mens,</strong></span> <span class='ocrx_word' id='word_1_596' title='bbox 2486 2097 2573 2163; x_wconf 90' lang='lat' dir='ltr'><strong>qui</strong></span> <span class='ocrx_word' id='word_1_597' title='bbox 2596 2111 2774 2151; x_wconf 89' lang='lat' dir='ltr'><strong>sermo</strong></span> <span class='ocrx_word' id='word_1_598' title='bbox 2796 2099 2988 2166; x_wconf 89' lang='lat' dir='ltr'><strong>poterit</strong></span> <span class='ocrx_word' id='word_1_599' title='bbox 3007 2114 3260 2157; x_wconf 88' lang='lat' dir='ltr'><strong>enarrare</strong></span> <span class='ocrx_word' id='word_1_600' title='bbox 3287 2105 3732 2173; x_wconf 86' lang='lat' dir='ltr'><strong>magniﬁcentiam</strong></span> <span class='ocrx_word' id='word_1_601' title='bbox 3760 2111 3880 2180; x_wconf 89' lang='lat' dir='ltr'><strong>ejus</strong></span> 
     </span>
    </p>
   </div>
   <div class='ocr_carea' id='block_1_80' title="bbox 2288 2180 3878 2263">
    <p class='ocr_par' dir='ltr' id='par_1_80' title="bbox 2288 2180 3878 2263">
     <span class='ocr_line' id='line_1_80' title="bbox 2288 2180 3878 2263; baseline 0.013 -29"><span class='ocrx_word' id='word_1_602' title='bbox 2288 2180 2647 2237; x_wconf 72' lang='lat' dir='ltr'><strong>ineﬂabilem?</strong></span> <span class='ocrx_word' id='word_1_603' title='bbox 2694 2185 2824 2238; x_wconf 77' lang='lat' dir='ltr'><strong>Nam</strong></span> <span class='ocrx_word' id='word_1_604' title='bbox 2871 2188 2915 2240; x_wconf 90' lang='lat' dir='ltr'><strong>si</strong></span> <span class='ocrx_word' id='word_1_605' title='bbox 2972 2187 3158 2244; x_wconf 87' lang='lat' dir='ltr'><strong>beatus</strong></span> <span class='ocrx_word' id='word_1_606' title='bbox 3211 2193 3469 2260; x_wconf 89' lang='lat' dir='ltr'><strong>propheta</strong></span> <span class='ocrx_word' id='word_1_607' title='bbox 3518 2197 3702 2263; x_wconf 88' lang='lat' dir='ltr'><strong>David,</strong></span> <span class='ocrx_word' id='word_1_608' title='bbox 3754 2215 3878 2255; x_wconf 90' lang='lat' dir='ltr'><strong>cum</strong></span> 
     </span>
    </p>
   </div>
   <div class='ocr_carea' id='block_1_81' title="bbox 2286 2269 3881 2356">
    <p class='ocr_par' dir='ltr' id='par_1_81' title="bbox 2286 2269 3881 2356">
     <span class='ocr_line' id='line_1_81' title="bbox 2286 2269 3881 2356; baseline 0.013 -32"><span class='ocrx_word' id='word_1_609' title='bbox 2286 2269 2690 2340; x_wconf 75' lang='lat' dir='ltr'><strong>dispositionem</strong></span> <span class='ocrx_word' id='word_1_610' title='bbox 2735 2275 3022 2332; x_wconf 85' lang='lat' dir='ltr'><strong>visibilium</strong></span> <span class='ocrx_word' id='word_1_611' title='bbox 3061 2280 3474 2348; x_wconf 87' lang='lat' dir='ltr'><strong>considerasset,</strong></span> <span class='ocrx_word' id='word_1_612' title='bbox 3521 2287 3881 2356; x_wconf 78' lang='lat' dir='ltr'><strong>exclamabat,</strong></span> 
     </span>
    </p>
   </div>
   <div class='ocr_carea' id='block_1_82' title="bbox 2289 2360 3886 2441">
    <p class='ocr_par' dir='ltr' id='par_1_82' title="bbox 2289 2360 3886 2441">
     <span class='ocr_line' id='line_1_82' title="bbox 2289 2360 3886 2441; baseline 0.011 -27"><span class='ocrx_word' id='word_1_613' title='bbox 2289 2360 2512 2416; x_wconf 84' lang='lat' dir='ltr'><strong>dicens:</strong></span> <span class='ocrx_word' id='word_1_614' title='bbox 2548 2363 2715 2428; x_wconf 84' lang='lat' dir='ltr'><strong>Quam</strong></span> <span class='ocrx_word' id='word_1_615' title='bbox 2757 2368 3083 2434; x_wconf 78' lang='lat' dir='ltr'><strong>magniﬁcam</strong></span> <span class='ocrx_word' id='word_1_616' title='bbox 3123 2382 3238 2423; x_wconf 83' lang='lat' dir='ltr'><strong>sunt</strong></span> <span class='ocrx_word' id='word_1_617' title='bbox 3289 2387 3440 2440; x_wconf 83' lang='lat' dir='ltr'><strong>Opera</strong></span> <span class='ocrx_word' id='word_1_618' title='bbox 3481 2385 3591 2441; x_wconf 85' lang='lat' dir='ltr'><strong>tua,</strong></span> <span class='ocrx_word' id='word_1_619' title='bbox 3625 2375 3886 2432; x_wconf 74' lang='lat' dir='ltr'><strong>Domine!</strong></span> 
     </span>
    </p>
   </div>
   <div class='ocr_carea' id='block_1_83' title="bbox 2288 2453 3878 2538">
    <p class='ocr_par' dir='ltr' id='par_1_83' title="bbox 2288 2453 3878 2538">
     <span class='ocr_line' id='line_1_83' title="bbox 2288 2453 3878 2538; baseline 0.014 -35"><span class='ocrx_word' id='word_1_620' title='bbox 2288 2453 2458 2505; x_wconf 83' lang='lat' dir='ltr'><strong>omnia</strong></span> <span class='ocrx_word' id='word_1_621' title='bbox 2483 2453 2536 2506; x_wconf 87' lang='lat' dir='ltr'><strong>in</strong></span> <span class='ocrx_word' id='word_1_622' title='bbox 2563 2456 2810 2524; x_wconf 81' lang='lat' dir='ltr'><strong>sapientia</strong></span> <span class='ocrx_word' id='word_1_623' title='bbox 2839 2457 3004 2526; x_wconf 75' lang='lat' dir='ltr'><strong>feciin</strong></span> <span class='ocrx_word' id='word_1_624' title='bbox 3026 2458 3194 2527; x_wconf 78' lang='lat' dir='ltr'><strong>(Psal.</strong></span> <span class='ocrx_word' id='word_1_625' title='bbox 3224 2461 3342 2515; x_wconf 78' lang='grc'><strong>103.</strong></span> <span class='ocrx_word' id='word_1_626' title='bbox 3369 2462 3464 2534; x_wconf 62' lang='lat'><strong>9.!)</strong></span> <span class='ocrx_word' id='word_1_627' title='bbox 3494 2481 3508 2520; x_wconf 91' lang='lat'>:</span> <span class='ocrx_word' id='word_1_628' title='bbox 3541 2467 3608 2530; x_wconf 89' lang='lat' dir='ltr'><strong>si,</strong></span> <span class='ocrx_word' id='word_1_629' title='bbox 3637 2467 3878 2538; x_wconf 86' lang='lat' dir='ltr'><strong>inquam,</strong></span> 
     </span>
    </p>
   </div>
   <div class='ocr_carea' id='block_1_84' title="bbox 2289 2541 3885 2622">
    <p class='ocr_par' dir='ltr' id='par_1_84' title="bbox 2289 2541 3885 2622">
     <span class='ocr_line' id='line_1_84' title="bbox 2289 2541 3885 2622; baseline 0.014 -28"><span class='ocrx_word' id='word_1_630' title='bbox 2289 2541 2370 2596; x_wconf 87' lang='lat' dir='ltr'><strong>vir</strong></span> <span class='ocrx_word' id='word_1_631' title='bbox 2398 2549 2545 2597; x_wconf 86' lang='lat' dir='ltr'><strong>tanto</strong></span> <span class='ocrx_word' id='word_1_632' title='bbox 2573 2544 2768 2614; x_wconf 76' lang='lat' dir='ltr'><strong>Spiritu</strong></span> <span class='ocrx_word' id='word_1_633' title='bbox 2801 2548 3072 2615; x_wconf 83' lang='lat' dir='ltr'><strong>praeditus,</strong></span> <span class='ocrx_word' id='word_1_634' title='bbox 3101 2559 3154 2604; x_wconf 93' lang='lat' dir='ltr'><strong>et</strong></span> <span class='ocrx_word' id='word_1_635' title='bbox 3195 2551 3383 2621; x_wconf 86' lang='lat' dir='ltr'><strong>dignus</strong></span> <span class='ocrx_word' id='word_1_636' title='bbox 3414 2554 3644 2622; x_wconf 84' lang='lat' dir='ltr'><strong>habitus,</strong></span> <span class='ocrx_word' id='word_1_637' title='bbox 3686 2561 3772 2614; x_wconf 86' lang='lat' dir='ltr'><strong>cui</strong></span> <span class='ocrx_word' id='word_1_638' title='bbox 3804 2561 3885 2615; x_wconf 79' lang='lat' dir='ltr'><strong>iu-</strong></span> 
     </span>
    </p>
   </div>
   <div class='ocr_carea' id='block_1_85' title="bbox 2286 2636 3883 2714">
    <p class='ocr_par' dir='ltr' id='par_1_85' title="bbox 2286 2636 3883 2714">
     <span class='ocr_line' id='line_1_85' title="bbox 2286 2636 3883 2714; baseline 0.014 -29"><span class='ocrx_word' id='word_1_639' title='bbox 2286 2642 2433 2686; x_wconf 88' lang='lat' dir='ltr'><strong>cerla</strong></span> <span class='ocrx_word' id='word_1_640' title='bbox 2459 2642 2512 2688; x_wconf 90' lang='lat' dir='ltr'><strong>et</strong></span> <span class='ocrx_word' id='word_1_641' title='bbox 2536 2636 2741 2689; x_wconf 86' lang='lat' dir='ltr'><strong>occulta</strong></span> <span class='ocrx_word' id='word_1_642' title='bbox 2768 2638 3044 2707; x_wconf 71' lang='lat' dir='ltr'><strong>sapientiae</strong></span> <span class='ocrx_word' id='word_1_643' title='bbox 3065 2641 3256 2696; x_wconf 80' lang='lat' dir='ltr'><strong>divime</strong></span> <span class='ocrx_word' id='word_1_644' title='bbox 3279 2644 3766 2714; x_wconf 78' lang='lat' dir='ltr'><strong>manifestarentur,</strong></span> <span class='ocrx_word' id='word_1_645' title='bbox 3802 2653 3883 2708; x_wconf 87' lang='lat' dir='ltr'><strong>sic</strong></span> 
     </span>
    </p>
   </div>
   <div class='ocr_carea' id='block_1_86' title="bbox 2287 2723 3886 2806">
    <p class='ocr_par' dir='ltr' id='par_1_86' title="bbox 2287 2723 3886 2806">
     <span class='ocr_line' id='line_1_86' title="bbox 2287 2723 3886 2806; baseline 0.013 -30"><span class='ocrx_word' id='word_1_646' title='bbox 2287 2723 2621 2777; x_wconf 82' lang='lat' dir='ltr'><strong>exclamabat</strong></span> <span class='ocrx_word' id='word_1_647' title='bbox 2653 2742 2666 2780; x_wconf 92' lang='lat'>:</span> <span class='ocrx_word' id='word_1_648' title='bbox 2698 2727 2824 2796; x_wconf 91' lang='lat' dir='ltr'><strong>quid</strong></span> <span class='ocrx_word' id='word_1_649' title='bbox 2867 2728 3168 2786; x_wconf 89' lang='lat' dir='ltr'><strong>diceremus</strong></span> <span class='ocrx_word' id='word_1_650' title='bbox 3207 2748 3305 2788; x_wconf 90' lang='lat' dir='ltr'><strong>nos</strong></span> <span class='ocrx_word' id='word_1_651' title='bbox 3347 2735 3435 2806; x_wconf 91' lang='lat' dir='ltr'><strong>qui</strong></span> <span class='ocrx_word' id='word_1_652' title='bbox 3466 2745 3606 2792; x_wconf 90' lang='lat' dir='ltr'><strong>terra</strong></span> <span class='ocrx_word' id='word_1_653' title='bbox 3655 2751 3710 2794; x_wconf 89' lang='lat' dir='ltr'><strong>et</strong></span> <span class='ocrx_word' id='word_1_654' title='bbox 3745 2743 3886 2797; x_wconf 88' lang='lat' dir='ltr'><strong>cinis</strong></span> 
     </span>
    </p>
   </div>
   <div class='ocr_carea' id='block_1_87' title="bbox 2287 2817 3886 2901">
    <p class='ocr_par' dir='ltr' id='par_1_87' title="bbox 2287 2817 3886 2901">
     <span class='ocr_line' id='line_1_87' title="bbox 2287 2817 3886 2901; baseline 0.013 -31"><span class='ocrx_word' id='word_1_655' title='bbox 2287 2830 2494 2882; x_wconf 88' lang='lat' dir='ltr'><strong>sumus,</strong></span> <span class='ocrx_word' id='word_1_656' title='bbox 2540 2828 2595 2873; x_wconf 91' lang='lat' dir='ltr'><strong>et</strong></span> <span class='ocrx_word' id='word_1_657' title='bbox 2621 2817 2878 2876; x_wconf 88' lang='lat' dir='ltr'><strong>debemus</strong></span> <span class='ocrx_word' id='word_1_658' title='bbox 2906 2824 3164 2879; x_wconf 90' lang='lat' dir='ltr'><strong>continuo</strong></span> <span class='ocrx_word' id='word_1_659' title='bbox 3193 2827 3396 2882; x_wconf 83' lang='lat' dir='ltr'><strong>vultum</strong></span> <span class='ocrx_word' id='word_1_660' title='bbox 3443 2830 3786 2901; x_wconf 87' lang='lat' dir='ltr'><strong>submittere,</strong></span> <span class='ocrx_word' id='word_1_661' title='bbox 3829 2845 3886 2892; x_wconf 88' lang='lat' dir='ltr'><strong>et</strong></span> 
     </span>
    </p>
   </div>
   <div class='ocr_carea' id='block_1_88' title="bbox 2287 2907 3884 2983">
    <p class='ocr_par' dir='ltr' id='par_1_88' title="bbox 2287 2907 3884 2983">
     <span class='ocr_line' id='line_1_88' title="bbox 2287 2907 3884 2983; baseline 0.014 -21"><span class='ocrx_word' id='word_1_662' title='bbox 2287 2907 2671 2980; x_wconf 86' lang='lat' dir='ltr'><strong>obstupescere</strong></span> <span class='ocrx_word' id='word_1_663' title='bbox 2705 2911 3076 2970; x_wconf 89' lang='lat' dir='ltr'><strong>universorum</strong></span> <span class='ocrx_word' id='word_1_664' title='bbox 3127 2915 3336 2973; x_wconf 90' lang='lat' dir='ltr'><strong>Domini</strong></span> <span class='ocrx_word' id='word_1_665' title='bbox 3375 2920 3696 2979; x_wconf 85' lang='lat' dir='ltr'><strong>inell‘abilem</strong></span> <span class='ocrx_word' id='word_1_666' title='bbox 3727 2925 3884 2983; x_wconf 85' lang='lat' dir='ltr'><strong>beni-</strong></span> 
     </span>
    </p>
   </div>
   <div class='ocr_carea' id='block_1_89' title="bbox 2286 2999 3888 3085">
    <p class='ocr_par' dir='ltr' id='par_1_89' title="bbox 2286 2999 3888 3085">
     <span class='ocr_line' id='line_1_89' title="bbox 2286 2999 3888 3085; baseline 0.013 -34"><span class='ocrx_word' id='word_1_667' title='bbox 2286 2999 2586 3068; x_wconf 75' lang='lat' dir='ltr'><strong>gnitatem?</strong></span> <span class='ocrx_word' id='word_1_668' title='bbox 2657 3001 2724 3056; x_wconf 88' lang='lat' dir='ltr'><strong>Et</strong></span> <span class='ocrx_word' id='word_1_669' title='bbox 2759 3003 2886 3072; x_wconf 89' lang='lat' dir='ltr'><strong>quid</strong></span> <span class='ocrx_word' id='word_1_670' title='bbox 2931 3005 3054 3059; x_wconf 90' lang='lat' dir='ltr'><strong>dico</strong></span> <span class='ocrx_word' id='word_1_671' title='bbox 3117 3008 3466 3077; x_wconf 80' lang='lat' dir='ltr'><strong>prophetam?</strong></span> <span class='ocrx_word' id='word_1_672' title='bbox 3516 3001 3711 3072; x_wconf 77' lang='lat' dir='ltr'><strong>Beatus</strong></span> <span class='ocrx_word' id='word_1_673' title='bbox 3768 3015 3888 3085; x_wconf 84' lang='lat' dir='ltr'><strong>ipse</strong></span> 
     </span>
    </p>
   </div>
   <div class='ocr_carea' id='block_1_90' title="bbox 2288 3088 3885 3176">
    <p class='ocr_par' dir='ltr' id='par_1_90' title="bbox 2288 3088 3885 3176">
     <span class='ocr_line' id='line_1_90' title="bbox 2288 3088 3885 3176; baseline 0.014 -34"><span class='ocrx_word' id='word_1_674' title='bbox 2288 3088 2504 3156; x_wconf 89' lang='lat' dir='ltr'><strong>Paulus,</strong></span> <span class='ocrx_word' id='word_1_675' title='bbox 2526 3092 2702 3147; x_wconf 90' lang='lat' dir='ltr'><strong>anima</strong></span> <span class='ocrx_word' id='word_1_676' title='bbox 2730 3093 2816 3148; x_wconf 91' lang='lat' dir='ltr'><strong>illa</strong></span> <span class='ocrx_word' id='word_1_677' title='bbox 2862 3095 2927 3149; x_wconf 86' lang='lat' dir='ltr'><strong>ad</strong></span> <span class='ocrx_word' id='word_1_678' title='bbox 2963 3096 3124 3152; x_wconf 64' lang='lat' dir='ltr'><strong>caelos</strong></span> <span class='ocrx_word' id='word_1_679' title='bbox 3154 3114 3322 3169; x_wconf 89' lang='lat' dir='ltr'><strong>usque</strong></span> <span class='ocrx_word' id='word_1_680' title='bbox 3348 3101 3613 3170; x_wconf 87' lang='lat' dir='ltr'><strong>sublimis,</strong></span> <span class='ocrx_word' id='word_1_681' title='bbox 3654 3120 3885 3176; x_wconf 79' lang='lat' dir='ltr'><strong>corpore</strong></span> 
     </span>
    </p>
   </div>
   <div class='ocr_carea' id='block_1_91' title="bbox 2285 3184 3884 3269">
    <p class='ocr_par' dir='ltr' id='par_1_91' title="bbox 2285 3184 3884 3269">
     <span class='ocr_line' id='line_1_91' title="bbox 2285 3184 3884 3269; baseline 0.01 -31"><span class='ocrx_word' id='word_1_682' title='bbox 2285 3184 2668 3255; x_wconf 89' lang='lat' dir='ltr'><strong>circumdatus,</strong></span> <span class='ocrx_word' id='word_1_683' title='bbox 2701 3199 2755 3244; x_wconf 91' lang='lat' dir='ltr'><strong>et</strong></span> <span class='ocrx_word' id='word_1_684' title='bbox 2784 3205 2905 3245; x_wconf 91' lang='lat' dir='ltr'><strong>cum</strong></span> <span class='ocrx_word' id='word_1_685' title='bbox 2957 3191 3287 3263; x_wconf 89' lang='lat' dir='ltr'><strong>incorporeis</strong></span> <span class='ocrx_word' id='word_1_686' title='bbox 3312 3197 3596 3253; x_wconf 89' lang='lat' dir='ltr'><strong>virtutibus</strong></span> <span class='ocrx_word' id='word_1_687' title='bbox 3643 3211 3884 3269; x_wconf 86' lang='lat' dir='ltr'><strong>certans,</strong></span> 
     </span>
    </p>
   </div>
   <div class='ocr_carea' id='block_1_92' title="bbox 2289 3276 3886 3362">
    <p class='ocr_par' dir='ltr' id='par_1_92' title="bbox 2289 3276 3886 3362">
     <span class='ocr_line' id='line_1_92' title="bbox 2289 3276 3886 3362; baseline 0.011 -32"><span class='ocrx_word' id='word_1_688' title='bbox 2289 3276 2341 3331; x_wconf 93' lang='lat' dir='ltr'><strong>in</strong></span> <span class='ocrx_word' id='word_1_689' title='bbox 2370 3285 2511 3333; x_wconf 87' lang='lat' dir='ltr'><strong>terra</strong></span> <span class='ocrx_word' id='word_1_690' title='bbox 2541 3281 2842 3347; x_wconf 87' lang='lat' dir='ltr'><strong>ambulans,</strong></span> <span class='ocrx_word' id='word_1_691' title='bbox 2875 3294 2927 3339; x_wconf 92' lang='lat' dir='ltr'><strong>et</strong></span> <span class='ocrx_word' id='word_1_692' title='bbox 2959 3287 3120 3340; x_wconf 89' lang='lat' dir='ltr'><strong>animi</strong></span> <span class='ocrx_word' id='word_1_693' title='bbox 3148 3287 3326 3342; x_wconf 91' lang='lat' dir='ltr'><strong>studio</strong></span> <span class='ocrx_word' id='word_1_694' title='bbox 3354 3290 3540 3344; x_wconf 69' lang='lat' dir='ltr'><strong>caelum</strong></span> <span class='ocrx_word' id='word_1_695' title='bbox 3571 3306 3886 3362; x_wconf 86' lang='lat' dir='ltr'><strong>peragrans.</strong></span> 
     </span>
    </p>
   </div>
   <div class='ocr_carea' id='block_1_93' title="bbox 2285 3371 3887 3446">
    <p class='ocr_par' dir='ltr' id='par_1_93' title="bbox 2285 3371 3887 3446">
     <span class='ocr_line' id='line_1_93' title="bbox 2285 3371 3887 3446; baseline 0.011 -23"><span class='ocrx_word' id='word_1_696' title='bbox 2285 3383 2406 3423; x_wconf 91' lang='lat' dir='ltr'><strong>cum</strong></span> <span class='ocrx_word' id='word_1_697' title='bbox 2450 3371 2500 3424; x_wconf 92' lang='lat' dir='ltr'><strong>in</strong></span> <span class='ocrx_word' id='word_1_698' title='bbox 2551 3388 2708 3426; x_wconf 87' lang='lat' dir='ltr'><strong>unam</strong></span> <span class='ocrx_word' id='word_1_699' title='bbox 2741 3384 2942 3442; x_wconf 90' lang='lat' dir='ltr'><strong>partem</strong></span> <span class='ocrx_word' id='word_1_700' title='bbox 2974 3377 3430 3446; x_wconf 77' lang='lat' dir='ltr'><strong>diapensationum</strong></span> <span class='ocrx_word' id='word_1_701' title='bbox 3482 3381 3572 3436; x_wconf 82' lang='lat' dir='ltr'><strong>Dei</strong></span> <span class='ocrx_word' id='word_1_702' title='bbox 3620 3385 3887 3441; x_wconf 81' lang='lat' dir='ltr'><strong>incideret</strong></span> 
     </span>
    </p>
   </div>
   <div class='ocr_carea' id='block_1_94' title="bbox 2291 3456 3885 3543">
    <p class='ocr_par' dir='ltr' id='par_1_94' title="bbox 2291 3456 3885 3543">
     <span class='ocr_line' id='line_1_94' title="bbox 2291 3456 3885 3543; baseline 0.013 -32"><span class='ocrx_word' id='word_1_703' title='bbox 2291 3456 2380 3529; x_wconf 91' lang='lat' dir='ltr'><strong>(de</strong></span> <span class='ocrx_word' id='word_1_704' title='bbox 2427 3458 2626 3516; x_wconf 69' lang='lat' dir='ltr'><strong>Judaais</strong></span> <span class='ocrx_word' id='word_1_705' title='bbox 2666 3473 2721 3518; x_wconf 87' lang='lat' dir='ltr'><strong>et</strong></span> <span class='ocrx_word' id='word_1_706' title='bbox 2769 3465 3056 3534; x_wconf 82' lang='lat' dir='ltr'><strong>gentilibus</strong></span> <span class='ocrx_word' id='word_1_707' title='bbox 3095 3467 3311 3538; x_wconf 90' lang='lat' dir='ltr'><strong>loquor,</strong></span> <span class='ocrx_word' id='word_1_708' title='bbox 3357 3471 3499 3540; x_wconf 88' lang='lat' dir='ltr'><strong>quod</strong></span> <span class='ocrx_word' id='word_1_709' title='bbox 3545 3473 3617 3526; x_wconf 93' lang='lat' dir='ltr'><strong>illi</strong></span> <span class='ocrx_word' id='word_1_710' title='bbox 3663 3475 3885 3543; x_wconf 88' lang='lat' dir='ltr'><strong>quidem</strong></span> 
     </span>
    </p>
   </div>
   <div class='ocr_carea' id='block_1_95' title="bbox 2285 3549 3885 3634">
    <p class='ocr_par' dir='ltr' id='par_1_95' title="bbox 2285 3549 3885 3634">
     <span class='ocr_line' id='line_1_95' title="bbox 2285 3549 3885 3634; baseline 0.011 -32"><span class='ocrx_word' id='word_1_711' title='bbox 2285 3549 2467 3619; x_wconf 89' lang='lat' dir='ltr'><strong>cjccti,</strong></span> <span class='ocrx_word' id='word_1_712' title='bbox 2497 3553 2547 3605; x_wconf 88' lang='lat' dir='ltr'><strong>hi</strong></span> <span class='ocrx_word' id='word_1_713' title='bbox 2571 3563 2747 3608; x_wconf 84' lang='lat' dir='ltr'><strong>autem</strong></span> <span class='ocrx_word' id='word_1_714' title='bbox 2777 3555 2827 3609; x_wconf 92' lang='lat' dir='ltr'><strong>in</strong></span> <span class='ocrx_word' id='word_1_715' title='bbox 2853 3556 3026 3610; x_wconf 91' lang='lat' dir='ltr'><strong>locum</strong></span> <span class='ocrx_word' id='word_1_716' title='bbox 3056 3558 3268 3614; x_wconf 89' lang='lat' dir='ltr'><strong>illorum</strong></span> <span class='ocrx_word' id='word_1_717' title='bbox 3299 3561 3582 3618; x_wconf 90' lang='lat' dir='ltr'><strong>introducti</strong></span> <span class='ocrx_word' id='word_1_718' title='bbox 3604 3565 3885 3634; x_wconf 81' lang='lat' dir='ltr'><strong>fuissent),</strong></span> 
     </span>
    </p>
   </div>
   <div class='ocr_carea' id='block_1_96' title="bbox 2285 3643 3870 3710">
    <p class='ocr_par' dir='ltr' id='par_1_96' title="bbox 2285 3643 3870 3710">
     <span class='ocr_line' id='line_1_96' title="bbox 2285 3643 3870 3710; baseline 0.01 -17"><span class='ocrx_word' id='word_1_719' title='bbox 2285 3650 2339 3694; x_wconf 90' lang='lat' dir='ltr'><strong>et</strong></span> <span class='ocrx_word' id='word_1_720' title='bbox 2369 3655 2550 3696; x_wconf 86' lang='lat' dir='ltr'><strong>secum</strong></span> <span class='ocrx_word' id='word_1_721' title='bbox 2595 3643 2877 3710; x_wconf 85' lang='lat' dir='ltr'><strong>dubitaret,</strong></span> <span class='ocrx_word' id='word_1_722' title='bbox 2925 3656 2979 3702; x_wconf 89' lang='lat' dir='ltr'><strong>et</strong></span> <span class='ocrx_word' id='word_1_723' title='bbox 3025 3650 3353 3706; x_wconf 85' lang='lat' dir='ltr'><strong>ittternorum</strong></span> <span class='ocrx_word' id='word_1_724' title='bbox 3397 3655 3672 3710; x_wconf 88' lang='lat' dir='ltr'><strong>oculorum</strong></span> <span class='ocrx_word' id='word_1_725' title='bbox 3709 3659 3870 3710; x_wconf 86' lang='lat' dir='ltr'><strong>verti-</strong></span> 
     </span>
    </p>
   </div>
   <div class='ocr_carea' id='block_1_97' title="bbox 2284 3731 3886 3806">
    <p class='ocr_par' dir='ltr' id='par_1_97' title="bbox 2284 3731 3886 3806">
     <span class='ocr_line' id='line_1_97' title="bbox 2284 3731 3886 3806; baseline 0.011 -22"><span class='ocrx_word' id='word_1_726' title='bbox 2284 3731 2408 3799; x_wconf 87' lang='lat' dir='ltr'><strong>gine</strong></span> <span class='ocrx_word' id='word_1_727' title='bbox 2439 3733 2725 3804; x_wconf 89' lang='lat' dir='ltr'><strong>laboraret,</strong></span> <span class='ocrx_word' id='word_1_728' title='bbox 2777 3739 3109 3806; x_wconf 76' lang='lat' dir='ltr'><strong>exclamavit,</strong></span> <span class='ocrx_word' id='word_1_729' title='bbox 3155 3742 3378 3799; x_wconf 88' lang='lat' dir='ltr'><strong>dicens:</strong></span> <span class='ocrx_word' id='word_1_730' title='bbox 3417 3745 3462 3800; x_wconf 90' lang='lat'><em>0</em></span> <span class='ocrx_word' id='word_1_731' title='bbox 3502 3749 3720 3802; x_wconf 82' lang='lat' dir='ltr'><strong>altitudo</strong></span> <span class='ocrx_word' id='word_1_732' title='bbox 3750 3750 3886 3802; x_wconf 81' lang='lat' dir='ltr'><strong>diui-</strong></span> 
     </span>
    </p>
   </div>
   <div class='ocr_carea' id='block_1_98' title="bbox 2288 3822 3887 3905">
    <p class='ocr_par' dir='ltr' id='par_1_98' title="bbox 2288 3822 3887 3905">
     <span class='ocr_line' id='line_1_98' title="bbox 2288 3822 3887 3905; baseline 0.013 -33"><span class='ocrx_word' id='word_1_733' title='bbox 2288 3822 2473 3876; x_wconf 82' lang='lat' dir='ltr'><strong>tiarum</strong></span> <span class='ocrx_word' id='word_1_734' title='bbox 2499 3832 2544 3877; x_wconf 90' lang='lat' dir='ltr'><strong>et</strong></span> <span class='ocrx_word' id='word_1_735' title='bbox 2569 3827 2851 3894; x_wconf 65' lang='lat' dir='ltr'><strong>sapientior,</strong></span> <span class='ocrx_word' id='word_1_736' title='bbox 2881 3840 2927 3881; x_wconf 81' lang='lat' dir='ltr'><strong>et</strong></span> <span class='ocrx_word' id='word_1_737' title='bbox 2955 3832 3178 3885; x_wconf 74' lang='lat' dir='ltr'><strong>scientia:</strong></span> <span class='ocrx_word' id='word_1_738' title='bbox 3211 3831 3323 3898; x_wconf 86' lang='lat' dir='ltr'><strong>Dei,</strong></span> <span class='ocrx_word' id='word_1_739' title='bbox 3351 3852 3503 3905; x_wconf 78' lang='lat' dir='ltr'><strong>quam</strong></span> <span class='ocrx_word' id='word_1_740' title='bbox 3535 3839 3887 3892; x_wconf 77' lang='lat' dir='ltr'><strong>inseratubilia</strong></span> 
     </span>
    </p>
   </div>
   <div class='ocr_carea' id='block_1_99' title="bbox 2285 3917 3880 3998">
    <p class='ocr_par' dir='ltr' id='par_1_99' title="bbox 2285 3917 3880 3998">
     <span class='ocr_line' id='line_1_99' title="bbox 2285 3917 3880 3998; baseline 0.011 -32"><span class='ocrx_word' id='word_1_741' title='bbox 2285 3924 2404 3967; x_wconf 88' lang='lat' dir='ltr'><strong>sunt</strong></span> <span class='ocrx_word' id='word_1_742' title='bbox 2433 3917 2628 3983; x_wconf 78' lang='lat' dir='ltr'><strong>iudicia</strong></span> <span class='ocrx_word' id='word_1_743' title='bbox 2655 3920 2783 3988; x_wconf 83' lang='lat' dir='ltr'><strong>ejus,</strong></span> <span class='ocrx_word' id='word_1_744' title='bbox 2817 3931 2864 3972; x_wconf 84' lang='lat' dir='ltr'><strong>et</strong></span> <span class='ocrx_word' id='word_1_745' title='bbox 2905 3921 3272 3992; x_wconf 83' lang='lat' dir='ltr'><strong>investigabiles</strong></span> <span class='ocrx_word' id='word_1_746' title='bbox 3311 3927 3406 3980; x_wconf 72' lang='lat' dir='ltr'><strong>vite</strong></span> <span class='ocrx_word' id='word_1_747' title='bbox 3433 3929 3541 3998; x_wconf 82' lang='lat' dir='ltr'><strong>ejus</strong></span> <span class='ocrx_word' id='word_1_748' title='bbox 3573 3928 3753 3996; x_wconf 81' lang='lat' dir='ltr'><strong>(Rom.</strong></span> <span class='ocrx_word' id='word_1_749' title='bbox 3790 3930 3880 3983; x_wconf 78' lang='lat' dir='ltr'><strong>il.</strong></span> 
     </span>
    </p>
   </div>
   <div class='ocr_carea' id='block_1_100' title="bbox 2285 4004 3884 4087">
    <p class='ocr_par' dir='ltr' id='par_1_100' title="bbox 2285 4004 3884 4087">
     <span class='ocr_line' id='line_1_100' title="bbox 2285 4004 3884 4087; baseline 0.009 -29"><span class='ocrx_word' id='word_1_750' title='bbox 2285 4004 2415 4074; x_wconf 77' lang='lat'><strong>35)!</strong></span> <span class='ocrx_word' id='word_1_751' title='bbox 2448 4006 2554 4061; x_wconf 86' lang='lat' dir='ltr'><strong>Sed</strong></span> <span class='ocrx_word' id='word_1_752' title='bbox 2605 4007 2691 4062; x_wconf 87' lang='lat' dir='ltr'><strong>hic</strong></span> <span class='ocrx_word' id='word_1_753' title='bbox 2732 4009 2963 4066; x_wconf 88' lang='lat' dir='ltr'><strong>libenter</strong></span> <span class='ocrx_word' id='word_1_754' title='bbox 2992 4015 3224 4082; x_wconf 86' lang='lat' dir='ltr'><strong>rogarim</strong></span> <span class='ocrx_word' id='word_1_755' title='bbox 3276 4029 3392 4081; x_wconf 88' lang='lat' dir='ltr'><strong>eos,</strong></span> <span class='ocrx_word' id='word_1_756' title='bbox 3425 4017 3513 4086; x_wconf 92' lang='lat' dir='ltr'><strong>qui</strong></span> <span class='ocrx_word' id='word_1_757' title='bbox 3546 4018 3614 4073; x_wconf 89' lang='lat' dir='ltr'><strong>de</strong></span> <span class='ocrx_word' id='word_1_758' title='bbox 3650 4033 3884 4087; x_wconf 77' lang='lat' dir='ltr'><strong>genera-</strong></span> 
     </span>
    </p>
   </div>
   <div class='ocr_carea' id='block_1_101' title="bbox 2289 4097 3882 4178">
    <p class='ocr_par' dir='ltr' id='par_1_101' title="bbox 2289 4097 3882 4178">
     <span class='ocr_line' id='line_1_101' title="bbox 2289 4097 3882 4178; baseline 0.009 -30"><span class='ocrx_word' id='word_1_759' title='bbox 2289 4097 2432 4150; x_wconf 88' lang='lat' dir='ltr'><strong>tione</strong></span> <span class='ocrx_word' id='word_1_760' title='bbox 2467 4098 2586 4153; x_wconf 85' lang='lat' dir='ltr'><strong>Filii</strong></span> <span class='ocrx_word' id='word_1_761' title='bbox 2616 4099 2708 4155; x_wconf 90' lang='lat' dir='ltr'><strong>Dei</strong></span> <span class='ocrx_word' id='word_1_762' title='bbox 2739 4103 3000 4157; x_wconf 86' lang='lat' dir='ltr'><strong>curiosius</strong></span> <span class='ocrx_word' id='word_1_763' title='bbox 3030 4105 3336 4174; x_wconf 83' lang='lat' dir='ltr'><strong>quuirunt,</strong></span> <span class='ocrx_word' id='word_1_764' title='bbox 3366 4117 3419 4161; x_wconf 91' lang='lat' dir='ltr'><strong>et</strong></span> <span class='ocrx_word' id='word_1_765' title='bbox 3445 4109 3616 4162; x_wconf 85' lang='lat' dir='ltr'><strong>sancti</strong></span> <span class='ocrx_word' id='word_1_766' title='bbox 3646 4109 3882 4178; x_wconf 86' lang='lat' dir='ltr'><strong>Spiritus</strong></span> 
     </span>
    </p>
   </div>
   <div class='ocr_carea' id='block_1_102' title="bbox 2286 4188 3881 4263">
    <p class='ocr_par' dir='ltr' id='par_1_102' title="bbox 2286 4188 3881 4263">
     <span class='ocr_line' id='line_1_102' title="bbox 2286 4188 3881 4263; baseline 0.009 -22"><span class='ocrx_word' id='word_1_767' title='bbox 2286 4188 2597 4257; x_wconf 90' lang='lat' dir='ltr'><strong>dignitatem</strong></span> <span class='ocrx_word' id='word_1_768' title='bbox 2651 4191 2862 4247; x_wconf 76' lang='lat' dir='ltr'><strong>auferre</strong></span> <span class='ocrx_word' id='word_1_769' title='bbox 2903 4201 3108 4248; x_wconf 86' lang='lat' dir='ltr'><strong>tentant</strong></span> <span class='ocrx_word' id='word_1_770' title='bbox 3153 4213 3165 4250; x_wconf 89' lang='lat'>:</span> <span class='ocrx_word' id='word_1_771' title='bbox 3211 4195 3365 4252; x_wconf 86' lang='lat' dir='ltr'><strong>Unde</strong></span> <span class='ocrx_word' id='word_1_772' title='bbox 3405 4197 3573 4262; x_wconf 87' lang='lat' dir='ltr'><strong>vobis,</strong></span> <span class='ocrx_word' id='word_1_773' title='bbox 3629 4199 3881 4263; x_wconf 87' lang='lat' dir='ltr'><strong>obsecro,</strong></span> 
     </span>
    </p>
   </div>
   <div class='ocr_carea' id='block_1_103' title="bbox 2289 4281 3884 4354">
    <p class='ocr_par' dir='ltr' id='par_1_103' title="bbox 2289 4281 3884 4354">
     <span class='ocr_line' id='line_1_103' title="bbox 2289 4281 3884 4354; baseline 0.008 -22"><span class='ocrx_word' id='word_1_774' title='bbox 2289 4285 2452 4334; x_wconf 77' lang='lat' dir='ltr'><strong>tanta:</strong></span> <span class='ocrx_word' id='word_1_775' title='bbox 2482 4281 2721 4336; x_wconf 83' lang='lat' dir='ltr'><strong>audaciae</strong></span> <span class='ocrx_word' id='word_1_776' title='bbox 2753 4285 3061 4339; x_wconf 81' lang='lat' dir='ltr'><strong>temeritas?</strong></span> <span class='ocrx_word' id='word_1_777' title='bbox 3082 4301 3110 4339; x_wconf 90' lang='lat' dir='ltr'><strong>a</strong></span> <span class='ocrx_word' id='word_1_778' title='bbox 3139 4300 3241 4354; x_wconf 90' lang='lat' dir='ltr'><strong>qua</strong></span> <span class='ocrx_word' id='word_1_779' title='bbox 3270 4287 3566 4341; x_wconf 88' lang='lat' dir='ltr'><strong>temeritate</strong></span> <span class='ocrx_word' id='word_1_780' title='bbox 3599 4289 3650 4341; x_wconf 91' lang='lat' dir='ltr'><strong>in</strong></span> <span class='ocrx_word' id='word_1_781' title='bbox 3679 4297 3884 4345; x_wconf 84' lang='lat' dir='ltr'><strong>tantam</strong></span> 
     </span>
    </p>
   </div>
   <div class='ocr_carea' id='block_1_104' title="bbox 2286 4371 3886 4437">
    <p class='ocr_par' dir='ltr' id='par_1_104' title="bbox 2286 4371 3886 4437">
     <span class='ocr_line' id='line_1_104' title="bbox 2286 4371 3886 4437; baseline 0.009 -14"><span class='ocrx_word' id='word_1_782' title='bbox 2286 4371 2466 4424; x_wconf 88' lang='lat' dir='ltr'><strong>ruistis</strong></span> <span class='ocrx_word' id='word_1_783' title='bbox 2509 4373 2808 4426; x_wconf 73' lang='lat' dir='ltr'><strong>insaniam?</strong></span> <span class='ocrx_word' id='word_1_784' title='bbox 2851 4374 2983 4428; x_wconf 83' lang='lat' dir='ltr'><strong>Nam</strong></span> <span class='ocrx_word' id='word_1_785' title='bbox 3014 4377 3057 4429; x_wconf 89' lang='lat' dir='ltr'><strong>si</strong></span> <span class='ocrx_word' id='word_1_786' title='bbox 3089 4375 3285 4430; x_wconf 85' lang='lat' dir='ltr'><strong>Paulus</strong></span> <span class='ocrx_word' id='word_1_787' title='bbox 3330 4377 3419 4432; x_wconf 87' lang='lat' dir='ltr'><strong>ille</strong></span> <span class='ocrx_word' id='word_1_788' title='bbox 3471 4389 3650 4433; x_wconf 73' lang='lat' dir='ltr'><strong>Lautus</strong></span> <span class='ocrx_word' id='word_1_789' title='bbox 3679 4389 3733 4434; x_wconf 86' lang='lat' dir='ltr'><strong>et</strong></span> <span class='ocrx_word' id='word_1_790' title='bbox 3760 4382 3886 4437; x_wconf 86' lang='lat' dir='ltr'><strong>talis</strong></span> 
     </span>
    </p>
   </div>
   <div class='ocr_carea' id='block_1_105' title="bbox 2281 4460 3879 4540">
    <p class='ocr_par' dir='ltr' id='par_1_105' title="bbox 2281 4460 3879 4540">
     <span class='ocr_line' id='line_1_105' title="bbox 2281 4460 3879 4540; baseline 0.009 -28"><span class='ocrx_word' id='word_1_791' title='bbox 2281 4460 2478 4527; x_wconf 88' lang='lat' dir='ltr'><strong>judicia</strong></span> <span class='ocrx_word' id='word_1_792' title='bbox 2502 4461 2635 4530; x_wconf 85' lang='lat' dir='ltr'><strong>ejus,</strong></span> <span class='ocrx_word' id='word_1_793' title='bbox 2671 4462 2771 4519; x_wconf 84' lang='lat' dir='ltr'><strong>hoc</strong></span> <span class='ocrx_word' id='word_1_794' title='bbox 2796 4475 2898 4531; x_wconf 87' lang='lat' dir='ltr'><strong>est,</strong></span> <span class='ocrx_word' id='word_1_795' title='bbox 2922 4465 3346 4536; x_wconf 88' lang='lat' dir='ltr'><strong>dispensationes</strong></span> <span class='ocrx_word' id='word_1_796' title='bbox 3367 4477 3420 4523; x_wconf 93' lang='lat' dir='ltr'><strong>et</strong></span> <span class='ocrx_word' id='word_1_797' title='bbox 3439 4468 3879 4540; x_wconf 89' lang='lat' dir='ltr'><strong>gubernationcs,</strong></span> 
     </span>
    </p>
   </div>
   <div class='ocr_carea' id='block_1_106' title="bbox 2288 4552 3878 4628">
    <p class='ocr_par' dir='ltr' id='par_1_106' title="bbox 2288 4552 3878 4628">
     <span class='ocr_line' id='line_1_106' title="bbox 2288 4552 3878 4628; baseline 0.007 -24"><span class='ocrx_word' id='word_1_798' title='bbox 2288 4552 2651 4609; x_wconf 86' lang='lat' dir='ltr'><strong>inscrutabilia</strong></span> <span class='ocrx_word' id='word_1_799' title='bbox 2679 4569 2799 4608; x_wconf 91' lang='lat' dir='ltr'><strong>esse</strong></span> <span class='ocrx_word' id='word_1_800' title='bbox 2823 4554 2952 4609; x_wconf 84' lang='lat' dir='ltr'><strong>dicit</strong></span> <span class='ocrx_word' id='word_1_801' title='bbox 2981 4573 2995 4607; x_wconf 89' lang='lat'><strong>:</strong></span> <span class='ocrx_word' id='word_1_802' title='bbox 3026 4565 3080 4610; x_wconf 93' lang='lat' dir='ltr'><strong>et</strong></span> <span class='ocrx_word' id='word_1_803' title='bbox 3106 4572 3212 4611; x_wconf 90' lang='lat' dir='ltr'><strong>non</strong></span> <span class='ocrx_word' id='word_1_804' title='bbox 3251 4557 3381 4611; x_wconf 91' lang='lat' dir='ltr'><strong>dicit</strong></span> <span class='ocrx_word' id='word_1_805' title='bbox 3411 4559 3878 4628; x_wconf 82' lang='lat' dir='ltr'><strong>incomprehensi-</strong></span> 
     </span>
    </p>
   </div>
   <div class='ocr_carea' id='block_1_107' title="bbox 2285 4641 3884 4720">
    <p class='ocr_par' dir='ltr' id='par_1_107' title="bbox 2285 4641 3884 4720">
     <span class='ocr_line' id='line_1_107' title="bbox 2285 4641 3884 4720; baseline 0.007 -25"><span class='ocrx_word' id='word_1_806' title='bbox 2285 4641 2431 4708; x_wconf 87' lang='lat' dir='ltr'><strong>bilia,</strong></span> <span class='ocrx_word' id='word_1_807' title='bbox 2471 4644 2564 4698; x_wconf 89' lang='lat' dir='ltr'><strong>sed</strong></span> <span class='ocrx_word' id='word_1_808' title='bbox 2598 4645 2980 4712; x_wconf 87' lang='lat' dir='ltr'><strong>inscrutabilia,</strong></span> <span class='ocrx_word' id='word_1_809' title='bbox 3027 4647 3093 4700; x_wconf 86' lang='lat' dir='ltr'><strong>ita</strong></span> <span class='ocrx_word' id='word_1_810' title='bbox 3125 4657 3180 4701; x_wconf 90' lang='lat' dir='ltr'><strong>ut</strong></span> <span class='ocrx_word' id='word_1_811' title='bbox 3219 4651 3444 4702; x_wconf 87' lang='lat' dir='ltr'><strong>scrutari</strong></span> <span class='ocrx_word' id='word_1_812' title='bbox 3475 4666 3535 4703; x_wconf 88' lang='lat' dir='ltr'><strong>ea</strong></span> <span class='ocrx_word' id='word_1_813' title='bbox 3568 4665 3726 4705; x_wconf 84' lang='lat' dir='ltr'><strong>nemo</strong></span> <span class='ocrx_word' id='word_1_814' title='bbox 3757 4667 3884 4720; x_wconf 81' lang='lat' dir='ltr'><strong>pos-</strong></span> 
     </span>
    </p>
   </div>
   <div class='ocr_carea' id='block_1_108' title="bbox 2283 4733 3881 4809">
    <p class='ocr_par' dir='ltr' id='par_1_108' title="bbox 2283 4733 3881 4809">
     <span class='ocr_line' id='line_1_108' title="bbox 2283 4733 3881 4809; baseline 0.006 -22"><span class='ocrx_word' id='word_1_815' title='bbox 2283 4733 2388 4799; x_wconf 87' lang='lat' dir='ltr'><strong>sit;</strong></span> <span class='ocrx_word' id='word_1_816' title='bbox 2429 4743 2483 4790; x_wconf 89' lang='lat' dir='ltr'><strong>et</strong></span> <span class='ocrx_word' id='word_1_817' title='bbox 2529 4735 2925 4806; x_wconf 80' lang='lat' dir='ltr'><strong>investigahiles</strong></span> <span class='ocrx_word' id='word_1_818' title='bbox 2974 4738 3104 4792; x_wconf 90' lang='lat' dir='ltr'><strong>dicit</strong></span> <span class='ocrx_word' id='word_1_819' title='bbox 3146 4740 3262 4794; x_wconf 85' lang='lat' dir='ltr'><strong>vias</strong></span> <span class='ocrx_word' id='word_1_820' title='bbox 3306 4740 3452 4809; x_wconf 84' lang='lat' dir='ltr'><strong>ejus;</strong></span> <span class='ocrx_word' id='word_1_821' title='bbox 3499 4740 3694 4795; x_wconf 88' lang='lat' dir='ltr'><strong>iterum</strong></span> <span class='ocrx_word' id='word_1_822' title='bbox 3736 4743 3881 4797; x_wconf 85' lang='lat' dir='ltr'><strong>idem</strong></span> 
     </span>
    </p>
   </div>
   <div class='ocr_carea' id='block_1_109' title="bbox 2284 4827 3881 4904">
    <p class='ocr_par' dir='ltr' id='par_1_109' title="bbox 2284 4827 3881 4904">
     <span class='ocr_line' id='line_1_109' title="bbox 2284 4827 3881 4904; baseline 0.007 -24"><span class='ocrx_word' id='word_1_823' title='bbox 2284 4827 2486 4892; x_wconf 85' lang='lat' dir='ltr'><strong>dicens,</strong></span> <span class='ocrx_word' id='word_1_824' title='bbox 2519 4829 2629 4883; x_wconf 89' lang='lat' dir='ltr'><strong>vias</strong></span> <span class='ocrx_word' id='word_1_825' title='bbox 2670 4830 2916 4885; x_wconf 89' lang='lat' dir='ltr'><strong>mandata</strong></span> <span class='ocrx_word' id='word_1_826' title='bbox 2947 4846 3146 4886; x_wconf 85' lang='lat' dir='ltr'><strong>vocans</strong></span> <span class='ocrx_word' id='word_1_827' title='bbox 3175 4841 3228 4886; x_wconf 88' lang='lat' dir='ltr'><strong>et</strong></span> <span class='ocrx_word' id='word_1_828' title='bbox 3270 4843 3531 4903; x_wconf 69' lang='lat' dir='ltr'><strong>praecepta</strong></span> <span class='ocrx_word' id='word_1_829' title='bbox 3560 4852 3573 4890; x_wconf 92' lang='lat'>:</span> <span class='ocrx_word' id='word_1_830' title='bbox 3604 4836 3881 4904; x_wconf 88' lang='lat' dir='ltr'><strong>quomodo</strong></span> 
     </span>
    </p>
   </div>
   <div class='ocr_carea' id='block_1_110' title="bbox 2283 4922 3879 4997">
    <p class='ocr_par' dir='ltr' id='par_1_110' title="bbox 2283 4922 3879 4997">
     <span class='ocr_line' id='line_1_110' title="bbox 2283 4922 3879 4997; baseline 0.006 -23"><span class='ocrx_word' id='word_1_831' title='bbox 2283 4935 2378 4975; x_wconf 82' lang='lat' dir='ltr'><strong>vos</strong></span> <span class='ocrx_word' id='word_1_832' title='bbox 2408 4922 2755 4977; x_wconf 88' lang='lat' dir='ltr'><strong>substantiam</strong></span> <span class='ocrx_word' id='word_1_833' title='bbox 2789 4925 2954 4992; x_wconf 88' lang='lat' dir='ltr'><strong>ipsam</strong></span> <span class='ocrx_word' id='word_1_834' title='bbox 2982 4925 3249 4994; x_wconf 80' lang='lat' dir='ltr'><strong>Unigcniti</strong></span> <span class='ocrx_word' id='word_1_835' title='bbox 3273 4926 3534 4980; x_wconf 82' lang='lat' dir='ltr'><strong>curiosius</strong></span> <span class='ocrx_word' id='word_1_836' title='bbox 3570 4931 3879 4997; x_wconf 66' lang='lat' dir='ltr'><strong>explorare,</strong></span> 
     </span>
    </p>
   </div>
   <div class='ocr_carea' id='block_1_111' title="bbox 2283 5013 3881 5088">
    <p class='ocr_par' dir='ltr' id='par_1_111' title="bbox 2283 5013 3881 5088">
     <span class='ocr_line' id='line_1_111' title="bbox 2283 5013 3881 5088; baseline 0.006 -22"><span class='ocrx_word' id='word_1_837' title='bbox 2283 5023 2337 5067; x_wconf 90' lang='lat' dir='ltr'><strong>et</strong></span> <span class='ocrx_word' id='word_1_838' title='bbox 2370 5013 2602 5084; x_wconf 87' lang='lat' dir='ltr'><strong>Spiritus</strong></span> <span class='ocrx_word' id='word_1_839' title='bbox 2630 5015 2800 5069; x_wconf 89' lang='lat' dir='ltr'><strong>sancti</strong></span> <span class='ocrx_word' id='word_1_840' title='bbox 2831 5016 3165 5085; x_wconf 86' lang='lat' dir='ltr'><strong>dignitatem,</strong></span> <span class='ocrx_word' id='word_1_841' title='bbox 3213 5029 3470 5087; x_wconf 80' lang='lat' dir='ltr'><strong>quantum</strong></span> <span class='ocrx_word' id='word_1_842' title='bbox 3514 5022 3565 5073; x_wconf 89' lang='lat' dir='ltr'><strong>in</strong></span> <span class='ocrx_word' id='word_1_843' title='bbox 3595 5022 3747 5074; x_wconf 84' lang='lat' dir='ltr'><strong>vobis</strong></span> <span class='ocrx_word' id='word_1_844' title='bbox 3772 5032 3881 5088; x_wconf 87' lang='lat' dir='ltr'><strong>est,</strong></span> 
     </span>
    </p>
   </div>
   <div class='ocr_carea' id='block_1_112' title="bbox 2284 5107 3881 5180">
    <p class='ocr_par' dir='ltr' id='par_1_112' title="bbox 2284 5107 3881 5180">
     <span class='ocr_line' id='line_1_112' title="bbox 2284 5107 3881 5180; baseline 0.006 -20"><span class='ocrx_word' id='word_1_845' title='bbox 2284 5107 2600 5161; x_wconf 86' lang='lat' dir='ltr'><strong>imminuere</strong></span> <span class='ocrx_word' id='word_1_846' title='bbox 2625 5107 2829 5160; x_wconf 86' lang='lat' dir='ltr'><strong>audetis</strong></span> <span class='ocrx_word' id='word_1_847' title='bbox 2857 5109 2968 5179; x_wconf 80' lang='lat' dir='ltr'><strong>(a)?</strong></span> <span class='ocrx_word' id='word_1_848' title='bbox 2999 5109 3197 5175; x_wconf 79' lang='lat' dir='ltr'><strong>Videte,</strong></span> <span class='ocrx_word' id='word_1_849' title='bbox 3230 5110 3582 5174; x_wconf 86' lang='lat' dir='ltr'><strong>dilectissimi,</strong></span> <span class='ocrx_word' id='word_1_850' title='bbox 3613 5125 3881 5180; x_wconf 79' lang='lat' dir='ltr'><strong>quantum</strong></span> 
     </span>
    </p>
   </div>
   <div class='ocr_carea' id='block_1_113' title="bbox 2284 5198 3878 5271">
    <p class='ocr_par' dir='ltr' id='par_1_113' title="bbox 2284 5198 3878 5271">
     <span class='ocr_line' id='line_1_113' title="bbox 2284 5198 3878 5271; baseline 0.005 -19"><span class='ocrx_word' id='word_1_851' title='bbox 2284 5199 2479 5252; x_wconf 89' lang='lat' dir='ltr'><strong>malum</strong></span> <span class='ocrx_word' id='word_1_852' title='bbox 2520 5200 2589 5252; x_wconf 90' lang='lat' dir='ltr'><strong>sit</strong></span> <span class='ocrx_word' id='word_1_853' title='bbox 2619 5215 2724 5252; x_wconf 90' lang='lat' dir='ltr'><strong>non</strong></span> <span class='ocrx_word' id='word_1_854' title='bbox 2753 5198 3036 5269; x_wconf 76' lang='lat' dir='ltr'><strong>diligenter</strong></span> <span class='ocrx_word' id='word_1_855' title='bbox 3066 5200 3343 5255; x_wconf 86' lang='lat' dir='ltr'><strong>attendere</strong></span> <span class='ocrx_word' id='word_1_856' title='bbox 3375 5202 3440 5255; x_wconf 91' lang='lat' dir='ltr'><strong>ad</strong></span> <span class='ocrx_word' id='word_1_857' title='bbox 3468 5218 3527 5256; x_wconf 86' lang='lat' dir='ltr'><strong>ea</strong></span> <span class='ocrx_word' id='word_1_858' title='bbox 3561 5219 3678 5271; x_wconf 75' lang='lat' dir='ltr'><strong>qua:</strong></span> <span class='ocrx_word' id='word_1_859' title='bbox 3708 5207 3758 5257; x_wconf 91' lang='lat' dir='ltr'><strong>iu</strong></span> <span class='ocrx_word' id='word_1_860' title='bbox 3790 5205 3878 5259; x_wconf 89' lang='lat' dir='ltr'><strong>di-</strong></span> 
     </span>
    </p>
   </div>
   <div class='ocr_carea' id='block_1_114' title="bbox 2283 5290 3877 5365">
    <p class='ocr_par' dir='ltr' id='par_1_114' title="bbox 2283 5290 3877 5365">
     <span class='ocr_line' id='line_1_114' title="bbox 2283 5290 3877 5365; baseline 0.006 -23"><span class='ocrx_word' id='word_1_861' title='bbox 2283 5290 2418 5344; x_wconf 85' lang='lat' dir='ltr'><strong>vinis</strong></span> <span class='ocrx_word' id='word_1_862' title='bbox 2442 5291 2730 5360; x_wconf 87' lang='lat' dir='ltr'><strong>Scripturis</strong></span> <span class='ocrx_word' id='word_1_863' title='bbox 2761 5300 2884 5343; x_wconf 90' lang='lat' dir='ltr'><strong>sunt</strong></span> <span class='ocrx_word' id='word_1_864' title='bbox 2905 5300 3174 5346; x_wconf 85' lang='lat' dir='ltr'><strong>contenta.</strong></span> <span class='ocrx_word' id='word_1_865' title='bbox 3209 5290 3271 5345; x_wconf 88' lang='lat' dir='ltr'><strong>lli</strong></span> <span class='ocrx_word' id='word_1_866' title='bbox 3301 5292 3440 5346; x_wconf 88' lang='lat' dir='ltr'><strong>enim</strong></span> <span class='ocrx_word' id='word_1_867' title='bbox 3468 5295 3510 5348; x_wconf 89' lang='lat' dir='ltr'><strong>si</strong></span> <span class='ocrx_word' id='word_1_868' title='bbox 3543 5310 3664 5348; x_wconf 89' lang='lat' dir='ltr'><strong>cum</strong></span> <span class='ocrx_word' id='word_1_869' title='bbox 3697 5301 3877 5365; x_wconf 78' lang='lat' dir='ltr'><strong>sagaci</strong></span> 
     </span>
    </p>
   </div>
   <div class='ocr_carea' id='block_1_115' title="bbox 2280 5382 3878 5456">
    <p class='ocr_par' dir='ltr' id='par_1_115' title="bbox 2280 5382 3878 5456">
     <span class='ocr_line' id='line_1_115' title="bbox 2280 5382 3878 5456; baseline 0.001 -17"><span class='ocrx_word' id='word_1_870' title='bbox 2280 5393 2334 5439; x_wconf 92' lang='lat' dir='ltr'><strong>et</strong></span> <span class='ocrx_word' id='word_1_871' title='bbox 2366 5385 2528 5454; x_wconf 88' lang='lat' dir='ltr'><strong>proba</strong></span> <span class='ocrx_word' id='word_1_872' title='bbox 2558 5393 2736 5438; x_wconf 89' lang='lat' dir='ltr'><strong>mente</strong></span> <span class='ocrx_word' id='word_1_873' title='bbox 2765 5383 3063 5438; x_wconf 89' lang='lat' dir='ltr'><strong>doctrinam</strong></span> <span class='ocrx_word' id='word_1_874' title='bbox 3094 5383 3286 5437; x_wconf 73' lang='lat' dir='ltr'><strong>divinm</strong></span> <span class='ocrx_word' id='word_1_875' title='bbox 3311 5382 3600 5453; x_wconf 72' lang='lat' dir='ltr'><strong>Scriptura:</strong></span> <span class='ocrx_word' id='word_1_876' title='bbox 3629 5388 3878 5456; x_wconf 86' lang='lat' dir='ltr'><strong>accepis-</strong></span> 
     </span>
    </p>
   </div>
   <div class='ocr_carea' id='block_1_116' title="bbox 2279 5475 3874 5548">
    <p class='ocr_par' dir='ltr' id='par_1_116' title="bbox 2279 5475 3874 5548">
     <span class='ocr_line' id='line_1_116' title="bbox 2279 5475 3874 5548; baseline -0.001 -16"><span class='ocrx_word' id='word_1_877' title='bbox 2279 5487 2418 5544; x_wconf 77' lang='lat' dir='ltr'><strong>sent,</strong></span> <span class='ocrx_word' id='word_1_878' title='bbox 2456 5486 2510 5531; x_wconf 90' lang='lat' dir='ltr'><strong>et</strong></span> <span class='ocrx_word' id='word_1_879' title='bbox 2551 5490 2656 5530; x_wconf 89' lang='lat' dir='ltr'><strong>non</strong></span> <span class='ocrx_word' id='word_1_880' title='bbox 2684 5489 2778 5528; x_wconf 89' lang='lat' dir='ltr'><strong>sua</strong></span> <span class='ocrx_word' id='word_1_881' title='bbox 2811 5490 2875 5530; x_wconf 84' lang='lat' dir='ltr'><strong>ex</strong></span> <span class='ocrx_word' id='word_1_882' title='bbox 2905 5476 3120 5544; x_wconf 89' lang='lat' dir='ltr'><strong>proprio</strong></span> <span class='ocrx_word' id='word_1_883' title='bbox 3149 5475 3429 5531; x_wconf 88' lang='lat' dir='ltr'><strong>ratiocinio</strong></span> <span class='ocrx_word' id='word_1_884' title='bbox 3455 5477 3874 5548; x_wconf 77' lang='lat' dir='ltr'><strong>exCOgitasscnt,</strong></span> 
     </span>
    </p>
   </div>
   <div class='ocr_carea' id='block_1_117' title="bbox 2341 5652 3874 5715">
    <p class='ocr_par' dir='ltr' id='par_1_117' title="bbox 2341 5652 3874 5715">
     <span class='ocr_line' id='line_1_117' title="bbox 2341 5652 3874 5715; baseline -0.005 -13"><span class='ocrx_word' id='word_1_885' title='bbox 2341 5655 2412 5715; x_wconf 78' lang='grc' dir='ltr'><strong>(α)</strong></span> <span class='ocrx_word' id='word_1_886' title='bbox 2445 5654 2667 5703; x_wconf 67' lang='lat' dir='ltr'><strong>tta-retiei</strong></span> <span class='ocrx_word' id='word_1_887' title='bbox 2706 5654 2786 5715; x_wconf 87' lang='lat' dir='ltr'><strong>qui</strong></span> <span class='ocrx_word' id='word_1_888' title='bbox 2816 5654 3131 5703; x_wconf 78' lang='lat' dir='ltr'><strong>substantiam</strong></span> <span class='ocrx_word' id='word_1_889' title='bbox 3155 5653 3399 5714; x_wconf 73' lang='lat' dir='ltr'><strong>l&#39;nigemtt</strong></span> <span class='ocrx_word' id='word_1_890' title='bbox 3438 5652 3677 5702; x_wconf 79' lang='lat' dir='ltr'><strong>curiosius</strong></span> <span class='ocrx_word' id='word_1_891' title='bbox 3701 5652 3874 5715; x_wconf 52' lang='lat' dir='ltr'><strong>ovillo.</strong></span> 
     </span>
    </p>
   </div>
   <div class='ocr_carea' id='block_1_118' title="bbox 2277 5714 3868 5785">
    <p class='ocr_par' dir='ltr' id='par_1_118' title="bbox 2277 5714 3868 5785">
     <span class='ocr_line' id='line_1_118' title="bbox 2277 5714 3868 5785; baseline -0.003 -22"><span class='ocrx_word' id='word_1_892' title='bbox 2277 5719 2465 5772; x_wconf 84' lang='lat' dir='ltr'><strong>rabant,</strong></span> <span class='ocrx_word' id='word_1_893' title='bbox 2492 5723 2540 5763; x_wconf 85' lang='lat' dir='ltr'><strong>et</strong></span> <span class='ocrx_word' id='word_1_894' title='bbox 2564 5714 2936 5785; x_wconf 66' lang='lat' dir='ltr'><strong>Sl&#39;tiritussancti</strong></span> <span class='ocrx_word' id='word_1_895' title='bbox 2967 5718 3254 5785; x_wconf 68' lang='lat' dir='ltr'><strong>dignitatem</strong></span> <span class='ocrx_word' id='word_1_896' title='bbox 3297 5716 3597 5785; x_wconf 73' lang='lat' dir='ltr'><strong>minuebant,</strong></span> <span class='ocrx_word' id='word_1_897' title='bbox 3643 5714 3868 5785; x_wconf 65' lang='grc' dir='ltr'><strong>Δαρεική</strong></span> 
     </span>
    </p>
   </div>
   <div class='ocr_carea' id='block_1_119' title="bbox 2280 5778 3869 5844">
    <p class='ocr_par' dir='ltr' id='par_1_119' title="bbox 2280 5778 3869 5844">
     <span class='ocr_line' id='line_1_119' title="bbox 2280 5778 3869 5844; baseline 0.001 -18"><span class='ocrx_word' id='word_1_898' title='bbox 2280 5788 2417 5828; x_wconf 79' lang='lat' dir='ltr'><strong>erant</strong></span> <span class='ocrx_word' id='word_1_899' title='bbox 2458 5786 2509 5826; x_wconf 92' lang='lat' dir='ltr'><strong>ct</strong></span> <span class='ocrx_word' id='word_1_900' title='bbox 2549 5778 2884 5844; x_wconf 70' lang='lat' dir='ltr'><strong>macedoniani.</strong></span> <span class='ocrx_word' id='word_1_901' title='bbox 2910 5785 3081 5844; x_wconf 72' lang='lat' dir='ltr'><strong>Contra</strong></span> <span class='ocrx_word' id='word_1_902' title='bbox 3110 5778 3370 5826; x_wconf 76' lang='lat' dir='ltr'><strong>Anmnmos</strong></span> <span class='ocrx_word' id='word_1_903' title='bbox 3414 5778 3869 5844; x_wconf 34' lang='lat' dir='ltr'><strong>multas‘orationcs</strong></span> 
     </span>
    </p>
   </div>
   <div class='ocr_carea' id='block_1_120' title="bbox 2282 5840 3627 5902">
    <p class='ocr_par' dir='ltr' id='par_1_120' title="bbox 2282 5840 3627 5902">
     <span class='ocr_line' id='line_1_120' title="bbox 2282 5840 3627 5902; baseline -0.001 -17"><span class='ocrx_word' id='word_1_904' title='bbox 2282 5841 2445 5889; x_wconf 80' lang='lat' dir='ltr'><strong>habuit</strong></span> <span class='ocrx_word' id='word_1_905' title='bbox 2467 5845 2826 5902; x_wconf 67' lang='lat' dir='ltr'><strong>chrysosunnus</strong></span> <span class='ocrx_word' id='word_1_906' title='bbox 2847 5840 3109 5890; x_wconf 60' lang='lat' dir='ltr'><strong>Antiochus</strong></span> <span class='ocrx_word' id='word_1_907' title='bbox 3133 5848 3183 5888; x_wconf 84' lang='lat' dir='ltr'><strong>et</strong></span> <span class='ocrx_word' id='word_1_908' title='bbox 3207 5840 3627 5900; x_wconf 56' lang='lat' dir='ltr'><strong>consumturi-oti.</strong></span> 
     </span>
    </p>
   </div>
  </div>
