4086 6538
223 408 288 468 68
1362 404 1425 462 IN
1459 402 1617 462 CAP.
1657 400 1700 458 Ι.
1739 398 1826 458 6E

1934 397 1986 454 S.
2027 396 2259 456 ηοκιι..
2301 395 2390 455 IV.
3445 393 3518 453 ιο

222 520 522 592 neutiquam
574 520 628 577 in
670 529 873 578 tantam
923 519 1202 576 venissent
1239 519 1559 573 amentiam.
1601 515 1669 569 At
1711 526 1811 570 nos

221 627 392 683 neque
415 614 488 668 sic
520 626 797 668 cessemus
823 612 1018 667 divinzc
1038 611 1327 682 Seriptura:
1356 607 1656 664 testimonia
1685 605 1814 676 ipsis

218 705 474 775 objieere,
517 714 573 760 ct
609 719 768 760 aures
815 715 1027 759 nostras
1054 704 1121 758 ad
1149 702 1465 774 pestilentes
1493 715 1679 756 eorum
1721 698 1814 754 do-

217 802 420 858 etriuas
447 801 717 873 obsepire.

289 893 345 949 6.
376 892 480 950 Sed
516 893 699 949 nescio
735 891 1008 964 quomodo
1036 892 1231 947 iterum
1255 889 1326 945 ab
1358 888 1567 960 impetu
1613 896 1816 942 oratio-

222 984 305 1038 nis
337 985 391 1039 in
420 985 534 1041 haec
578 986 752 1042 evecti
797 1000 986 1040 sunms
1005 1023 1021 1049 ,
1055 993 1108 1038 ct
1142 999 1172 1038 a
1197 991 1452 1039 contextu
1475 980 1769 1036 excidimus
1799 995 1816 1034 :

227 1077 348 1131 ideo
381 1078 572 1134 iterum
597 1079 664 1133 ad
702 1079 876 1149 priora
901 1078 1086 1134 redeat
1109 1092 1308 1134 sermo.
1351 1074 1416 1129 Et
1445 1073 1636 1130 romit
1654 1113 1670 1135 ,
1708 1071 1783 1127 ait
1800 1111 1825 1137 ,-

227 1167 366 1224 Deus
400 1170 776 1240 ﬁrmamentum
834 1171 1018 1226 calum
1035 1211 1051 1232 ,
1094 1179 1142 1225 et
1172 1169 1296 1225 vidit
1336 1166 1478 1222 Deus
1521 1165 1660 1238 quod
1692 1174 1821 1219 esset

224 1260 410 1314 bonum
472 1259 541 1314 Et
567 1263 757 1332 factum
778 1273 856 1317 est
885 1277 1106 1332 uespere,
1131 1269 1178 1314 et
1208 1259 1399 1332 factum
1419 1267 1494 1313 est
1515 1271 1691 1322 marte,
1714 1255 1822 1310 dies

226 1350 499 1404 «cupidus.
521 1351 898 1422 Appellationo
921 1352 1090 1407 indita
1131 1350 1469 1406 firmamento
1489 1390 1505 1414 ,
1531 1357 1588 1404 et
1609 1347 1824 1402 laudato

225 1458 414 1511 opere,
444 1441 604 1500 linem
636 1443 888 1515 imposuit
929 1443 1036 1499 dici
1066 1442 1308 1499 secundo
1327 1483 1344 1508 ,
1371 1450 1426 1497 et
1447 1440 1581 1496 dixit
1605 1457 1619 1495 ς
1647 1437 1716 1492 Et
1741 1441 1824 1508 fa-

225 1544 364 1586 ctum
390 1542 462 1587 est
508 1550 748 1604 vespere,
773 1545 818 1590 et
852 1538 1047 1608 facturn
1092 1546 1166 1590 est
1193 1551 1377 1600 mane,
1404 1534 1512 1589 dies
1552 1533 1823 1589 secundus.

230 1623 418 1679 Vidisti
443 1635 639 1696 quanta
659 1626 930 1697 diligentia
956 1641 1055 1682 nos
1073 1626 1252 1692 docet,
1286 1626 1447 1682 linem
1475 1625 1610 1680 lucis
1634 1638 1826 1694 vespe-

227 1730 343 1769 r.un
390 1731 616 1783 vomas,
645 1726 698 1772 et
737 1718 896 1774 linem
940 1719 1114 1774 noctis
1162 1731 1356 1783 mane,
1398 1726 1453 1772 et
1482 1726 1650 1771 totum
1698 1714 1824 1770 illud

227 1805 373 1860 diem
396 1849 411 1872 ,
442 1815 503 1863 ut
542 1823 611 1864 ne
636 1821 879 1865 erremus
907 1825 1005 1866 nos
1024 1851 1039 1875 ,
1067 1825 1241 1881 neque
1273 1819 1519 1881 putemus
1545 1824 1825 1878 vesperam

230 1898 391 1951 linem
433 1912 556 1954 esse
602 1897 748 1967 diei,
794 1888 892 1956 sed
940 1901 1222 1957 manifeste
1269 1901 1503 1957 sciamus
1553 1900 1828 1971 utriusque

229 1989 465 2056 spatium
494 2005 660 2046 unum
704 1990 847 2048 diem
879 1992 1139 2065 implere?
1166 1993 1234 2048 Et
1258 2009 1482 2064 vespere
1505 1993 1665 2050 finem
1695 1992 1828 2048 lucis

231 2085 380 2133 nete
420 2079 542 2150 quis
588 2079 818 2149 dixerit,
884 2097 1043 2138 mane
1086 2090 1305 2150 autem,
1360 2082 1464 2138 hoc
1517 2092 1630 2148 est,
1666 2081 1828 2137 linem

231 2167 440 2234 noctis,
481 2169 932 2240 complementum
980 2172 1112 2228 diei.
1156 2171 1268 2229 Hoc
1311 2173 1456 2229 enim
1499 2174 1612 2228 vult
1650 2171 1827 2228 divina

230 2259 509 2332 Scriptura
541 2261 908 2331 manifestare,
939 2263 1126 2320 dicens
1151 2284 1166 2319 :
1197 2265 1263 2320 Et
1288 2267 1479 2337 factum
1502 2273 1576 2320 est
1604 2281 1824 2336 vespere,

231 2361 278 2404 et
332 2351 527 2419 factum
553 2361 626 2407 est
668 2370 815 2408 tuane
837 2395 852 2418 ,
893 2355 1001 2409 dies
1040 2355 1311 2411 secundus.
1359 2355 1523 2412 Forte
1567 2357 1830 2426 prolixius

230 2455 541 2498 sermonem
564 2445 924 2514 extendimus,
959 2462 1062 2503 nou
1089 2448 1210 2504 data
1235 2463 1400 2519 opera
1417 2489 1433 2513 ,
1465 2448 1559 2504 sed
1585 2447 1654 2503 ab
1679 2449 1792 2519 ipsa
1811 2492 1828 2513 ,

233 2543 293 2588 ut
340 2535 546 2591 dixerit
579 2538 842 2609 quispiam
864 2581 880 2606 ,
909 2539 1194 2595 verborum
1236 2541 1616 2611 consequentia
1641 2581 1656 2608 ,
1682 2540 1828 2612 quasi

231 2625 426 2697 rapido
465 2628 694 2699 quodam
722 2646 881 2687 amne
923 2632 970 2685 vi
1001 2630 1278 2687 abstracti.
1320 2631 1537 2703 Vosque
1567 2631 1724 2700 hujus
1750 2631 1827 2686 rei

230 2733 398 2772 causa
441 2721 599 2786 estis,
627 2722 717 2792 qui
762 2739 955 2793 magna
996 2739 1119 2779 cum
1149 2725 1424 2794 voluptate
1468 2723 1610 2779 dicta
1646 2737 1830 2780 nostra

230 2809 453 2864 auditis.
497 2811 640 2868 Nihil
669 2814 813 2870 enim
852 2820 930 2871 sic
973 2817 1211 2872 excitare
1240 2825 1416 2887 potest
1442 2816 1710 2872 dicentem
1733 2859 1749 2882 ,
1779 2827 1832 2872 et

231 2900 622 2957 sententiarum
667 2919 916 2974 magnam
964 2907 1174 2977 cupiam
1229 2905 1305 2960 illi
1345 2906 1577 2975 all‘erre,
1628 2916 1685 2961 ut
1732 2923 1831 2962 au-

232 2989 471 3045 ditorum
499 2992 768 3048 alacritas.
795 2995 861 3049 Et
885 2996 1022 3050 sicut
1049 2996 1223 3065 supini
1247 3005 1302 3051 et
1329 2995 1543 3051 desides
1563 2997 1833 3052 auditores

231 3081 402 3135 etiam
432 3083 654 3138 multum
687 3085 902 3155 eloquio
928 3086 1192 3143 valentem
1225 3085 1453 3142 reddunt
1481 3087 1786 3157 segniorem
1816 3105 1829 3143 :

232 3172 311 3226 ita
343 3187 436 3226 vos
463 3188 556 3241 per
597 3174 689 3229 Dei
729 3177 958 3245 gratiam
981 3216 999 3243 ,
1028 3177 1237 3231 etiamsi
1266 3177 1396 3230 muti
1441 3191 1684 3232 essemus
1715 3177 1834 3246 plus

232 3278 396 3332 quam
417 3264 619 3335 lapides
641 3266 682 3333 ‘,
707 3266 937 3336 possetis
965 3277 1204 3322 nostrum
1225 3275 1498 3338 stuporem
1520 3268 1830 3334 emendare,

232 3367 289 3409 et
315 3357 730 3413 somnolentiam
760 3359 1030 3416 discutere
1049 3400 1064 3424 ,
1096 3374 1396 3431 cogereque
1417 3370 1474 3416 ut
1504 3360 1748 3416 dicamus
1769 3376 1833 3416 ea

235 3465 361 3520 qua:
391 3449 542 3504 vobis
583 3451 926 3517 conducunt,
959 3461 1013 3507 et
1055 3452 1124 3506 ad
1165 3460 1401 3508 vestram
1444 3452 1833 3507 institutionem

235 3542 533 3610 pertinent.
573 3543 837 3612 Quoniam
869 3544 1028 3615 igitur
1057 3544 1192 3599 tales
1233 3544 1399 3611 estis,
1434 3553 1619 3614 utpote
1647 3560 1676 3598 a
1727 3545 1834 3599 lleo

233 3637 385 3692 docti
411 3679 427 3701 ,
453 3650 508 3694 et
549 3639 840 3694 secundum
887 3637 1101 3692 beatum
1148 3637 1404 3704 Paulum,
1435 3639 1660 3709 potestis
1699 3639 1834 3693 alios

234 3737 540 3791 admonere
570 3732 748 3804 (Rom.
774 3733 859 3788 l5.
886 3733 1019 3802 ll):
1040 3748 1157 3806 age,
1181 3736 1540 3794 obsecramus
1560 3754 1678 3808 vos,
1700 3751 1757 3795 ut
1780 3743 1826 3797 si

239 3842 342 3896 per
380 3823 526 3896 quod
566 3824 740 3890 aliud,
785 3825 1020 3880 maxime
1070 3841 1170 3895 per
1197 3825 1396 3897 jejuuii
1437 3835 1676 3899 tempus.
1710 3848 1827 3887 ma-

236 3931 411 3988 gnam
439 3916 576 3969 bene
621 3914 838 3969 vivendi
889 3929 1078 3969 curam
1121 3917 1360 3986 geratis,
1418 3933 1518 3972 nec
1555 3919 1644 3973 liat
1673 3921 1827 3978 vobis

237 4020 433 4064 sermo
461 4004 805 4070 fastidiosos,
840 4005 886 4060 si
909 4005 1156 4075 quotidie
1171 4007 1240 4063 de
1260 4007 1467 4064 eisdem
1503 4010 1821 4082 loquamur:

231 4099 433 4154 tndem
459 4098 604 4153 enim
641 4097 821 4152 dicere
865 4097 993 4152 mihi
1029 4098 1243 4168 quidem
1269 4113 1378 4154 non
1401 4113 1565 4170 grave
1589 4140 1603 4163 .
1635 4115 1833 4156 secun-

229 4189 368 4243 dum
400 4186 614 4242 beatum
638 4186 881 4253 Paulum,
911 4187 1065 4243 vobis
1092 4197 1272 4244 autem
1295 4198 1466 4245 tutttm
1490 4190 1749 4262 (Philipp.
1777 4193 1830 4247 3.

236 4284 318 4349 1).
347 4280 412 4348 0,
435 4295 498 4335 ns
519 4279 662 4335 enim
704 4279 864 4334 habet
904 4279 1078 4334 anima
1104 4291 1284 4336 nustra
1307 4321 1325 4347 ,
1353 4282 1536 4353 segnis
1578 4298 1698 4338 cum
1731 4283 1829 4349 sit,

230 4371 492 4427 continua
535 4369 920 4454 admonitione.
965 4371 1033 4427 Et
1071 4371 1208 4427 sicut
1245 4386 1441 4442 corpus
1470 4373 1574 4428 hoc
1593 4375 1832 4445 quotidie

231 4476 377 4532 opus
404 4460 560 4516 habet
578 4462 841 4532 corporali
863 4462 1138 4530 alimento,
1163 4471 1221 4518 ut
1248 4479 1315 4520 ne
1334 4464 1386 4518 in
1412 4480 1655 4536 magnam
1673 4467 1830 4536 a-gri-

231 4552 482 4607 tudinem
502 4551 760 4620 incidens,
779 4552 1102 4610 nihilfacere
1124 4554 1289 4624 possit
1309 4577 1322 4612 :
1343 4557 1412 4611 ita
1430 4566 1484 4612 et
1502 4557 1676 4613 anima
1698 4573 1832 4628 opus

231 4645 403 4700 habet
438 4645 700 4714 spirituali
729 4646 886 4714 cibo,
914 4656 969 4702 et
1007 4647 1207 4717 Optima
1233 4649 1355 4704 vita:
1394 4651 1601 4705 ratione
1623 4693 1639 4717 ,
1675 4661 1730 4705 ut
1777 4653 1828 4706 in

227 4737 683 4794 tzoitsuetudiuem
712 4737 942 4808 aliquam
965 4739 1224 4795 bonorum
1257 4744 1569 4811 perveniens
1592 4784 1606 4808 ,
1637 4744 1829 4798 invicta

224 4831 297 4884 sit
321 4870 339 4893 ,
369 4835 426 4882 et
449 4829 701 4885 resistere
728 4830 896 4900 possit
919 4830 1134 4900 maligni
1165 4830 1331 4886 hostis
1381 4832 1605 4888 insidiis.

305 4921 363 4974 7.
395 4912 608 4972 Mor-alis
631 4920 936 4983 ahartatio;
953 4920 1153 4974 ludatis
1164 4923 1421 4991 jejunium
1449 4941 1550 4978 non
1571 4926 1829 4994 proderat;

224 5020 486 5085 quartum
501 5011 686 5066 bouum
701 5013 764 5067 sit
781 5013 1099 5067 inimicorum
1121 5013 1659 5082 dilectio.-—Quotidic
1671 5019 1831 5088 igitur

224 5107 353 5175 ejus
374 5105 621 5160 virtutem
638 5119 863 5176 operose
877 5120 1148 5170 curemus,
1171 5115 1227 5161 et
1242 5123 1339 5161 nos
1356 5108 1499 5176 ipSns
1514 5111 1828 5164 examinan-

226 5207 314 5251 tvs
337 5235 354 5259 .
389 5209 678 5265 numquam
698 5194 1042 5262 deﬁciamus;
1069 5195 1413 5252 rationarium
1435 5214 1646 5270 quoque
1673 5201 1829 5255 nobis

223 5286 589 5344 coniiciamus
609 5302 792 5343 eorum
815 5303 932 5358 qua:
966 5287 1280 5358 accipimus,
1301 5298 1354 5344 et
1372 5303 1558 5345 eorum
1587 5307 1706 5361 qua:
1730 5308 1828 5347 ex-

226 5380 556 5451 pendimus,
581 5381 834 5457 quidnam
867 5378 1069 5435 utiliter
1083 5389 1137 5434 et
1159 5380 1294 5436 bene
1315 5382 1514 5452 loquuti
1544 5384 1741 5448 simus,
1773 5393 1828 5438 et

220 5471 378 5544 quod
403 5471 631 5526 otiosum
660 5471 882 5526 verbum
911 5471 1314 5540 protuleriinus,
1344 5481 1399 5527 et
1430 5473 1649 5538 iterum,
1692 5475 1821 5544 quid

223 5566 370 5620 utile
408 5577 506 5633 per
528 5575 689 5618 aures
718 5563 771 5617 in
817 5563 1048 5617 animam
1077 5562 1558 5630 intromiserimus,
1588 5574 1638 5619 et
1667 5565 1820 5635 quid,

220 5655 378 5730 quod
400 5655 782 5713 detrimentum
812 5656 1007 5712 afferre
1036 5654 1222 5728 possit.
1254 5654 1518 5712 Pratterea
1548 5665 1601 5711 et
1632 5657 1824 5727 lingua:

220 5788 336 5890 m‘l‘
351 5775 799 5895 ῗὲιὶἱὲιςιιιιαιιιοτ
824 5781 925 5823 uss.
969 5773 1168 5829 habent.
1207 5773 1393 5824 etiamsi
1433 5772 1683 5837 inferiora
1705 5789 1826 5826 ease-

1924 509 2138 584 regulas
2161 511 2366 584 aliquas
2395 519 2451 569 ct
2477 525 2714 570 canones
2735 526 3001 586 ponamus
3021 555 3037 581 ,
3062 510 3136 570 ita
3162 524 3220 570 ut
3248 514 3396 586 tit-lus
3424 530 3514 572 ru-

1924 607 2194 662 minentur
2217 615 2276 662 et
2306 605 2672 677 ponderentur
2696 607 2859 663 verba
2882 646 2901 674 ,
2930 615 2986 663 et
3023 615 3206 678 posta
3233 608 3514 678 [Inferam-

1923 705 2009 751 tur
2049 711 2364 763 sermones;
2392 706 2627 754 mentem
2669 710 2803 754 vero
2851 697 2922 754 ita
2948 699 3327 758 instituamus.
3361 709 3516 757 utne

1921 788 2048 861 quid
2075 787 2392 845 damnosum
2422 797 2652 862 promat,
2678 798 2734 847 et
2751 789 2797 846 si
2824 788 2962 846 forte
2986 789 3186 862 aliquid
3208 789 3314 845 tale
3343 787 3514 845 forin-

1923 895 2078 937 secus
2107 880 2385 950 inferatur,
2418 882 2469 937 id
2499 882 2679 938 statim
2716 892 2777 939 ut
2814 881 3142 952 superﬂuum
3164 890 3221 938 et
3249 881 3521 954 pernicio-

1924 989 2044 1028 sum
2069 988 2449 1042 amovcamua,
2475 984 2535 1032 et
2575 974 2622 1031 si
2663 975 2988 1031 intrinsecus
3041 984 3308 1042 nascatur,
3337 975 3519 1030 statim

1926 1063 2011 1136 pia
2033 1065 2357 1138 cogitatione
2383 1065 2510 1121 illud
2541 1067 2805 1138 fugemus,
2833 1076 2887 1122 et
2913 1081 2980 1123 ne
3007 1066 3380 1122 existimcnms
3409 1067 3525 1121 itte-

1925 1153 2068 1209 diam
2099 1171 2269 1226 usqoe
2297 1156 2362 1211 ad
2391 1172 2666 1226 vesperam
2693 1156 2758 1212 ad
2799 1157 3024 1214 salutem
3056 1158 3210 1219 nobis
3250 1157 3522 1215 sufficere.

1927 1244 2059 1301 Nam
2080 1247 2125 1302 si
2169 1249 2437 1317 perversis
2475 1248 2682 1304 Judaeis
2709 1249 2924 1306 dicebat
2960 1250 3222 1321 benignus
3268 1251 3524 1306 Dominus

1929 1352 2025 1406 per
2051 1338 2365 1408 prOpbetam
2396 1357 2411 1394 :
2444 1339 2574 1395 Ecce
2613 1341 2737 1395 anui
2783 1342 3108 1414 septuaginta
3130 1355 3151 1396 :
3172 1342 3415 1413 numquid
3432 1343 3522 1413 je-

1927 1427 2194 1496 innaristis
2242 1429 2365 1483 mihi
2398 1430 2656 1500 jejunium
2676 1431 2703 1486 f
2729 1429 2794 1486 Et
2841 1433 2888 1486 si
2911 1432 3227 1487 comederitis
3253 1443 3302 1488 et
3338 1433 3524 1487 biberi-

1930 1523 2012 1587 tis.
2042 1539 2208 1577 nonne
2229 1539 2314 1579 ros
2343 1525 2604 1579 comeditis
2629 1534 2676 1579 et
2702 1523 2921 1580 bibitis?
2952 1523 3079 1580 "ac
3120 1525 3245 1580 dicit
3274 1525 3525 1580 Dominus

1930 1617 2247 1686 omnipotens
2269 1632 2288 1669 :
2312 1615 2575 1671 Iudicium
2593 1618 2793 1688 justum
2823 1617 3060 1688 judicotr
3079 1659 3095 1681 .
3127 1618 3527 1673 misericordiam

1931 1717 1976 1762 et
2005 1707 2374 1762 miserationem
2406 1709 2560 1779 [iaciat
2604 1708 2947 1779 unusquisque
2982 1726 3095 1763 cum
3129 1709 3362 1779 proximo
3386 1726 3480 1764 suo
3506 1724 3529 1764 :

1930 1808 1978 1853 et
2014 1798 2238 1862 uiduam,
2269 1810 2316 1852 et
2342 1800 2629 1871 orphannm
2653 1841 2667 1863 ,
2691 1813 2736 1854 et
2764 1799 3028 1863 advenam,
3058 1813 3102 1854 et
3130 1817 3400 1872 pauperem
3423 1819 3526 1856 non

1931 1891 2233 1961 apprimutia
2264 1906 2284 1946 .‘
2312 1902 2359 1944 et
2397 1896 2590 1944 malum
2627 1892 2972 1962 nmisquisque
3011 1903 3228 1946 uestrum
3260 1909 3381 1963 erga
3417 1895 3528 1965 fra-

1933 1991 2059 2036 trem
2083 1998 2233 2036 snum
2270 1998 2370 2036 non
2399 1984 2578 2054 cogitet
2604 1985 2656 2036 in
2695 1983 2930 2038 cordibus
2951 1984 3056 2037 suis
3083 1982 3270 2055 (Zuclt.
3300 1985 3354 2039 ’1.
3388 1985 3442 2039 5.
3470 1985 3525 2039 6.

1932 2072 1989 2129 9.
2020 2073 2132 2145 10).
2165 2073 2223 2129 Si
2250 2073 2408 2144 igitur
2437 2075 2539 2130 illis
2566 2075 2654 2146 qui
2686 2075 2739 2129 in
2771 2074 2956 2129 umbra
2997 2076 3254 2130 sedebant
3295 2084 3349 2130 ct
3379 2085 3528 2131 tenes

1933 2165 2044 2221 bris
2067 2180 2313 2221 errorum
2354 2165 2498 2221 aflixi
2523 2176 2675 2222 erant
2700 2208 2717 2234 ,
2752 2167 2881 2221 nihil
2907 2169 3160 2238 proderat
3191 2167 3528 2238 solumjeju-

1934 2258 2102 2323 nium,
2133 2273 2256 2315 cum
2283 2257 2398 2314 ltzcc
2435 2258 2570 2314 bona
2598 2274 2762 2328 opera
2800 2275 2904 2313 non
2927 2259 3161 2314 facerent
3182 2301 3195 2323 ,
3225 2269 3280 2315 et
3308 2275 3339 2315 e
3364 2259 3530 2315 corde

1936 2349 2134 2404 malum
2160 2363 2286 2420 erga
2314 2350 2614 2419 proximum
2659 2366 2763 2404 non
2786 2349 3068 2404 eliminare
3110 2360 3163 2415 t,
3196 2351 3405 2419 qualem
3434 2350 3530 2406 ha-

1937 2442 2096 2497 bituri
2121 2457 2219 2496 nos
2245 2455 2430 2496 sumus
2455 2441 2822 2498 defensionem
2855 2485 2869 2509 ,
2899 2457 2928 2495 a
2959 2443 3151 2513 quibus
3182 2442 3383 2513 majora
3411 2446 3530 2499 exi-

1935 2544 2151 2606 guntur,
2181 2546 2234 2591 et
2262 2551 2370 2592 non
2391 2536 2565 2592 solum
2599 2535 2906 2592 lucetacere
2929 2536 3198 2606 jubcmur,
3228 2536 3321 2591 sed
3348 2545 3404 2593 et
3431 2537 3531 2593 ini-

1937 2630 2104 2684 micos
2147 2630 2370 2700 diligere
2394 2671 2410 2695 ,
2440 2639 2494 2685 et
2521 2644 2616 2686 eos
2662 2629 2968 2685 demereri!
2996 2631 3124 2701 quid
3165 2629 3319 2695 dito,
3345 2630 3533 2686 dente-

1937 2723 2040 2777 reri
2071 2721 2220 2792 (an.
2244 2721 2297 2777 6.
2331 2720 2466 2794 27)?
2499 2723 2606 2777 imo
2625 2723 2787 2778 etiam
2813 2737 2910 2793 pro
2937 2722 3067 2794 ipsis
3095 2723 3374 2778 hominum
3408 2737 3532 2793 pre-

1936 2815 2076 2877 cari,
2112 2823 2165 2869 et
2203 2829 2360 2870 orare
2387 2823 2442 2870 ut
2484 2814 2675 2869 salutis
2725 2814 2938 2870 illorum
2982 2829 3166 2870 curam
3202 2815 3393 2886 gerat?
3423 2815 3533 2870 lloc

1938 2906 2081 2961 enim
2114 2905 2270 2960 nobis
2302 2906 2638 2976 potissimum
2671 2905 2723 2960 in
2773 2904 2864 2960 die
2891 2905 2984 2959 illo
3023 2905 3251 2960 terribili
3303 2906 3534 2975 patrm-i.

1940 2994 2171 3061 nabi'nr,
2204 3004 2259 3051 ct
2289 2997 2586 3067 redemptio
2627 2997 2858 3051 maxima
2899 2997 3005 3052 erit
3057 3008 3395 3067 peccatorum
3437 3013 3534 3051 no-

1939 3099 2170 3142 Slt’ut'ttttt
2197 3128 2211 3148 .
2245 3088 2289 3141 si
2338 3089 2417 3141 sic
2462 3088 2638 3143 affecti
2688 3086 2950 3143 fuerimus
2997 3087 3255 3143 adversus
3287 3087 3534 3143 inimicos

1939 3189 2171 3234 nostros.
2217 3179 2366 3234 Licet
2395 3175 2538 3234 enim
2569 3194 2818 3250 magnum
2878 3179 2950 3233 sit
2988 3188 3043 3234 et
3071 3179 3295 3233 ardumn
3333 3194 3534 3249 praece-

1939 3282 2087 3344 ptum
2111 3315 2127 3337 ,
2158 3273 2203 3328 si
2234 3283 2410 3328 tzuncn
2437 3274 2716 3344 pnemium
2746 3273 2949 3344 cogites
2977 3271 3272 3343 repositum
3315 3281 3535 3327 sttenuc

1941 3366 1991 3420 id
2035 3365 2488 3436 exsequentibus,
2520 3361 2654 3419 nihil
2705 3365 2927 3419 omnino
2971 3364 3270 3428 videbitur,
3316 3363 3528 3418 etiamsi

1939 3458 2095 3514 valde
2109 3457 2332 3514 arduum
2350 3458 2438 3512 sit.
2451 3455 2729 3524 Quodnam
2749 3466 2835 3513 est
2845 3454 2985 3513 hoc?
3001 3455 3060 3512 Si
3076 3460 3170 3511 hoc
3182 3456 3418 3527 feceritis,
3438 3455 3535 3520 ait,

1938 3553 2128 3608 similes
2153 3552 2293 3606 eritis
2322 3549 2470 3607 Patri
2495 3560 2656 3605 uestro
2677 3591 2693 3616 ,
2735 3551 2824 3621 qui
2865 3551 2920 3604 in
2947 3550 3086 3604 cretis
3130 3560 3202 3604 est
3230 3547 3446 3619 (.lluttlt.
3477 3547 3533 3602 5.

1938 3643 2032 3711 45)
2084 3641 2152 3696 Et
2197 3653 2253 3696 ut
2285 3643 2616 3696 manifestius
2656 3638 2800 3695 hunc
2828 3656 3134 3696 sermonem
3167 3640 3322 3694 nobis
3349 3639 3536 3695 decla-

1939 3742 2055 3797 ret,
2078 3732 2315 3788 subdidit
2341 3775 2358 3796 ,
2389 3733 2520 3800 Quia
2541 3731 2700 3787 solum
2726 3749 2874 3788 suum
2899 3733 3020 3786 oriri
3047 3733 3169 3802 facit
3199 3749 3351 3803 super
3374 3733 3537 3786 mulos

1938 3835 1986 3878 et
2038 3824 2229 3890 bonos,
2272 3833 2318 3878 et
2365 3824 2492 3894 pluit
2540 3841 2692 3894 super
2733 3825 2894 3890 iustos
2937 3833 2984 3878 et
3023 3824 3260 3895 injustas.
3306 3821 3537 3878 lmitaris

1937 3915 2103 3983 enim,
2133 3917 2325 3985 inquit,
2358 3932 2452 3985 pro
2497 3918 2745 3970 luunauis
2772 3916 2974 3971 viribus
3019 3916 3204 3971 llctun.
3237 3915 3366 3970 Nam
3396 3917 3536 3970 sit-ut

1939 4009 2030 4063 ille
2077 4023 2183 4062 non
2213 4007 2387 4061 solum
2414 4007 2572 4076 justis
2597 4047 2612 4071 ,
2653 4006 2747 4061 sed
2770 4016 2822 4062 et
2845 4006 2912 4061 iis
2937 4007 3026 4076 qui
3057 4007 3193 4060 mala
3239 4017 3532 4075 operantur

1936 4100 2105 4155 solem
2137 4100 2266 4154 oriri
2320 4099 2476 4162 facit,
2507 4107 2560 4154 ct
2588 4097 2816 4168 pluiiam
2856 4107 2911 4153 et
2957 4097 3153 4152 imbres
3193 4113 3402 4152 annuos
3425 4113 3530 4152 non

1940 4193 2094 4248 bouis
2136 4193 2310 4249 solum
2348 4193 2681 4262 suppeditat,
2711 4191 2804 4246 sed
2832 4199 2888 4246 et
2917 4191 3174 4260 improbis
3207 4209 3221 4247 :
3250 4192 3327 4246 sic
3353 4201 3405 4246 et
3436 4202 3489 4245 tu
3515 4231 3531 4256 ,

1937 4287 1980 4340 si
2012 4302 2118 4341 non
2150 4287 2324 4340 solum
2350 4285 2634 4355 diligentes
2660 4285 2922 4354 tediligis,
2946 4283 3038 4339 sed
3067 4285 3228 4338 eti..m
3258 4284 3526 4349 inimicos,

1940 4394 2035 4442 pro
2065 4378 2200 4432 virili
2243 4377 2523 4432 Dominum
2558 4387 2704 4430 tuum
2748 4376 2994 4431 imitaris.
3034 4377 3217 4430 Vidisti
3261 4377 3530 4446 quomodo

1939 4471 1990 4524 in
2041 4485 2352 4539 suprenmm
2387 4470 2598 4523 culmen
2629 4469 2961 4524 cduxiteum
3007 4471 3094 4541 qui
3141 4469 3275 4521 hanc
3317 4469 3528 4537 operari

1938 4562 2077 4616 Valet
2125 4561 2420 4614 virtutem?
2447 4559 2827 4614 Verumtamen
2873 4574 2942 4614 ne
2985 4558 3352 4614 difficultatem
3398 4561 3472 4615 rei
3511 4562 3528 4592 ί

1934 4659 2108 4711 solum
2164 4655 2646 4726 cogites,dilcete.
2681 4654 2774 4708 sed
2831 4653 2975 4724 prius
3027 4663 3255 4722 supputa
3312 4664 3525 4713 tecum.

1935 4757 2134 4820 quanto
2182 4749 2388 4804 honore
2427 4749 2726 4819 dignaudus
2770 4747 2888 4802 sis:
2921 4745 3120 4801 etlncc
3171 4745 3389 4799 honoris
3432 4761 3527 4800 uc-

1935 4841 2081 4898 casio
2113 4843 2228 4897 leve
2280 4843 2374 4896 tibi
2425 4841 2583 4896 faciat
2608 4839 2865 4911 quidquid
2901 4854 3068 4909 grave
3113 4848 3196 4893 cst
3225 4847 3279 4892 et
3325 4853 3526 4893 onero-

1934 4951 2076 4990 sum.
2104 4935 2294 4988 Annon
2344 4949 2438 5002 pro
2465 4930 2725 4987 bent-licio
2766 4929 3069 4985 habendum
3091 4969 3106 4994 ,
3135 4927 3277 4998 quod
3315 4928 3530 4983 occasio

1934 5028 2028 5081 tibi
2057 5027 2359 5097 praebeatur
2375 5023 2501 5078 dum
2549 5023 2764 5077 inimico
2794 5021 3064 5076 benefacis
3085 5062 3100 5084 ,
3131 5031 3187 5073 ut
3217 5019 3529 5090 aperiantur

1937 5121 2028 5175 tibi
2052 5119 2230 5188 janu.e
2270 5115 2480 5171 ﬁduciae
2510 5115 2757 5171 veniendi
2799 5113 2864 5168 ad
2903 5114 3103 5179 Deum,
3136 5122 3209 5166 ct'
3232 5111 3525 5166 redimendi

1939 5221 2151 5282 peccata
2203 5212 2335 5264 tua?
2370 5211 2437 5264 At
2467 5209 2602 5264 forte
2633 5208 2906 5263 inimicum
2954 5206 3135 5260 ulcisci
3160 5247 3174 5270 ,
3203 5215 3256 5260 et
3284 5219 3407 5260 eum
3433 5202 3522 5273 qui

1937 5303 2088 5358 malis
2134 5311 2184 5357 Ic
2210 5300 2376 5356 afficit
2413 5300 2629 5370 paribus
2658 5299 2738 5354 vel
2784 5299 3075 5364 majoribus
3121 5297 3275 5366 plecti
3309 5294 3426 5350 vis?
3459 5292 3526 5348 Et

1935 5394 2060 5464 quid
2093 5392 2214 5447 imlc
2243 5391 2532 5456 connuodi,
2560 5406 2684 5446 cum
2715 5406 2888 5458 neque
2920 5399 2974 5444 tu
2995 5388 3193 5458 aliquid
3224 5388 3346 5442 inde
3374 5385 3523 5442 utili-

1937 5489 2062 5543 tatis
2092 5485 2370 5540 babitorus
2413 5485 2489 5538 sis
2513 5525 2526 5548 ,
2549 5484 2641 5538 sed
2673 5496 2887 5553 propter
2911 5484 3011 5538 hoc
3057 5485 3132 5536 sis
3157 5495 3346 5552 punias
3369 5479 3528 5536 datu-

1938 5595 2027 5635 rus
2081 5578 2219 5649 apud
2276 5575 2606 5633 horrendum
2647 5575 2773 5631 illud
2821 5574 3081 5638 tribunal,
3129 5581 3188 5627 ut
3239 5567 3331 5642 qui
3378 5571 3526 5640 leges

1937 5673 2066 5727 tanti
2101 5671 2292 5740 iudicis
2321 5668 2688 5723 obliteraveris
2714 5676 2767 5722 et
2796 5663 3119 5736 infregeris?
3152 5661 3246 5718 Dic
3265 5705 3280 5730 ,
3309 5675 3409 5717 oro
3429 5700 3445 5728 ,
3477 5664 3525 5718 si

2006 5833 2018 5864 ⁸
2055 5831 2125 5880 sic
2147 5829 2252 5879 fere
2277 5841 2462 5879 omnes.
2493 5824 2590 5884 .tlii.
2617 5822 2846 5882 mandati,
2874 5837 2976 5886 Iro,
3002 5824 3093 5872 rei.
