4086 6500
619 395 684 450 67
1315 397 1372 452 S.
1413 397 1688 453 JO.\N.\'lS
1727 398 2200 458 CllliYSOSTOMI
2243 402 2561 462 AllClllEP.
2601 405 3139 466 CONSTANTINOP.
3824 405 3890 464 ιε

616 542 707 583 γει
738 527 928 600 aliquis
971 537 1214 586 terrenus
1260 531 1430 602 legem
1473 534 1767 601 pOeuissct,
1803 546 1859 590 ttt
1887 537 1966 591 vel
2013 536 2190 590 inimi-

617 635 800 675 corum
826 635 1130 678 nostrorum
1160 637 1341 679 curam
1384 640 1629 694 geramus
1655 666 1671 691 ,
1698 629 1778 681 vel
1810 639 1980 682 morte
2008 629 2194 692 punia-

615 728 754 780 mur,
787 729 964 769 annon
1015 725 1155 771 metu
1203 717 1387 770 mortis
1415 720 1707 786 curporalis
1733 734 1919 774 omnes
1945 735 2191 776 accurre-

613 817 732 860 rent
760 807 826 860 ad
856 807 1174 878 implendam
1203 809 1398 879 legent?
1421 810 1628 878 Quanta
1653 812 1810 884 igitur
1825 814 2194 871 criminatione

612 897 803 968 dignus
835 898 990 954 fuerit
1018 900 1062 954 is
1083 941 1098 966 ,
1128 901 1218 971 qui
1246 900 1317 956 ob
1362 905 1692 973 corporalem
1742 915 1966 960 mortem
1995 949 2007 967 .
2034 921 2192 975 quam

613 990 810 1060 alioqui
843 1001 1042 1045 natura:
1070 994 1362 1049 necessitas
1387 995 1589 1060 all'eret,
1621 997 1796 1051 omnia
1818 998 2068 1066 amplecti
2093 1013 2189 1068 pa-

613 1088 779 1144 ratus,
799 1083 1065 1150 praposita
1095 1095 1272 1138 autem
1303 1099 1455 1155 [mna
1481 1086 1665 1140 mortis
1685 1126 1700 1150 ,
1733 1101 1852 1156 qua:
1882 1087 2079 1141 nullam
2109 1088 2192 1141 iu-

611 1170 816 1221 vcnerit
857 1173 1276 1226 consolationem
1301 1215 1313 1236 ,
1349 1173 1524 1227 minus
1568 1185 1716 1230 curat
1766 1176 1934 1244 legem
1962 1176 2029 1230 ab
2078 1178 2191 1230 uui-

611 1272 888 1313 versurum
919 1261 1140 1316 Domino
1168 1263 1368 1317 latam?

678 1346 732 1404 8.
759 1348 867 1403 Sed
895 1351 997 1405 mei
1038 1351 1234 1408 oblitus
1270 1367 1390 1408 sum
1418 1396 1432 1418 ,
1459 1353 1584 1409 dum
1609 1355 1722 1410 lure
1751 1355 1936 1427 loquor
1971 1358 2032 1411 iis
2055 1400 2068 1423 ,
2100 1359 2189 1427 qui

607 1452 707 1492 nec
746 1439 1197 1498 bettel'acientibus
1238 1459 1418 1514 parem
1453 1447 1674 1516 gratiam
1721 1448 2037 1516 rependunt.
2064 1448 2190 1516 Quis

607 1527 767 1596 igi:ur
789 1530 1010 1600 posthac
1033 1549 1063 1588 e
1083 1534 1348 1603 supplicio
1371 1535 1461 1590 illo
1485 1552 1581 1590 nos
1613 1536 1822 1606 eripiet,
1848 1540 2060 1607 quando
2085 1556 2187 1592 nun

597 1620 779 1674 solum
801 1622 868 1676 ab
889 1621 988 1678 hoc
1020 1625 1269 1680 mandato
1293 1626 1446 1698 longe
1485 1627 1744 1682 distamus
1765 1669 1778 1689 ,
1808 1629 1898 1683 sed
1929 1645 2097 1699 neque
2127 1647 2188 1684 ea

606 1711 829 1766 facimus
879 1729 997 1783 qua:
1046 1716 1351 1784 publicani?
1405 1716 1464 1771 Si
1508 1717 1638 1771 enim
1681 1719 1890 1788 diligitis
1929 1721 2189 1790 diligentes

606 1817 727 1868 vos,
749 1803 863 1866 ait,
895 1806 1016 1873 quid
1058 1807 1230 1877 magni
1257 1807 1466 1876 facitis?
1507 1825 1671 1863 nonne
1697 1819 1743 1863 et
1789 1811 2047 1880 publicani
2095 1813 2190 1865 Itl‘c

605 1894 738 1948 idem
766 1897 959 1966 {ticiuat
989 1898 1199 1971 (Matth.
1223 1901 1276 1955 5.
1319 1901 1456 1970 46)?
1505 1900 1635 1957 Cum
1674 1903 1830 1974 igitur
1875 1920 2045 1973 neque
2091 1907 2192 1958 hoc

606 1999 643 2036 a
666 1999 699 2038 η
724 1985 819 2040 ibis
851 1987 968 2052 liat,
998 2005 1116 2058 qua:
1159 1992 1345 2046 salutis
1388 2001 1583 2047 nostra:
1624 1993 1788 2063 spes?
1833 1995 1955 2048 Iden
1985 2011 2096 2058 oro,
2125 2011 2190 2050 ne

606 2076 774 2130 simus
785 2076 1132 2134 imutisericm
1144 2081 1239 2137 des
1256 2082 1295 2146 ‘,
1311 2081 1401 2136 sed
1426 2093 1562 2136 nosti
1577 2098 1636 2136 as
1651 2085 1999 2154 cogitationes
2017 2088 2190 2142 donic-

611 2182 730 2222 mus
753 2208 767 2232 ,
797 2178 851 2224 et
871 2172 1096 2240 primum
1120 2171 1330 2238 quidem
1357 2171 1472 2228 disc
1507 2189 1624 2228 mus
1645 2174 1857 2230 vincere
1884 2192 1917 2246 p
1947 2177 2187 2232 ovinum

602 2259 824 2313 caritate
843 2271 933 2325 ,οι
959 2261 1249 2317 secundum
1281 2262 1493 2318 beatum
1521 2266 1850 2334 aposmlum,
1893 2268 2051 2321 alium
2076 2269 2189 2324 sin-

604 2347 711 2416 guli
741 2362 800 2404 se
840 2350 1041 2408 honore
1072 2355 1494 2422 praestantiorem
1538 2357 1856 2412 arbitrantes
1881 2357 2100 2429 (Philip.
2131 2359 2185 2412 Ξ.

607 2438 688 2504 5),
722 2440 772 2493 in
797 2440 899 2496 hoc
927 2442 1065 2498 vinci
1094 2460 1198 2498 non
1227 2445 1478 2512 feramus,
1509 2447 1601 2500 sed
1630 2447 1902 2502 vincamus
1941 2457 1992 2503 et
2034 2465 2190 2519 supe-

601 2544 810 2596 retnus,
835 2532 926 2588 sed
945 2544 996 2589 et
1019 2535 1272 2604 majorem
1299 2545 1351 2591 et
1368 2535 1743 2591 lerventiorcm
1765 2553 1887 2608 erga
1909 2539 2190 2609 diligentes

607 2623 852 2681 allectum
879 2627 1326 2684 demonstremus.
1357 2629 1468 2686 Hoc
1516 2631 1657 2685 enim
1691 2630 1920 2685 maxime
1951 2631 2187 2684 omnium

604 2717 769 2770 vitam
802 2727 1035 2774 nostram
1061 2720 1299 2775 continet
1323 2730 1377 2776 et
1399 2729 1716 2787 conservat,
1748 2732 1802 2776 et
1832 2722 1931 2776 hoc
1959 2737 1989 2774 a
2019 2722 2188 2777 brutis

607 2806 840 2879 ferisque
887 2811 1145 2867 distamus
1169 2854 1183 2878 ,
1205 2813 1346 2883 quod
1396 2819 1660 2884 possimus
1679 2855 1697 2882 ,
1746 2817 1791 2870 si
1823 2815 2147 2872 voluerimus
2173 2858 2186 2881 ,

609 2909 988 2970 congruentem
1017 2903 1172 2959 nobis
1199 2918 1518 2960 conservare
1543 2904 1788 2961 ordinem
1811 2946 1826 2971 ,
1854 2915 1908 2960 et
1945 2921 2189 2976 magnam

609 3003 731 3043 cum
765 2991 1018 3058 proximis
1043 2993 1378 3048 concordiam
1400 2993 1655 3050 exhibere
1679 3012 1692 3048 :
1725 2995 1917 3050 deinde
1947 3010 2073 3051 vero
2101 3011 2192 3050 co-

607 3081 918 3150 gitationem
960 3091 1194 3138 nostram
1240 3100 1520 3149 coercere,
1563 3100 1624 3140 ac
1650 3086 2002 3140 truculentam
2049 3085 2190 3139 illam

613 3173 775 3225 [erant
805 3214 819 3234 ,
855 3173 983 3226 iram
1012 3173 1164 3240 dico,
1203 3175 1474 3230 lancinare
1500 3217 1514 3238 ,
1542 3191 1603 3230 ac
1635 3176 1892 3230 tremendi
1924 3175 2065 3232 illius
2095 3177 2189 3230 tri-

614 3260 822 3315 lntnalis
851 3261 1124 3317 horrorem
1152 3264 1246 3332 ipsi
1275 3276 1679 3334 repraesentare,
1706 3265 1952 3336 illamque
1975 3266 2192 3333 docere,

616 3353 662 3404 si
690 3352 878 3406 adduci
914 3355 1081 3422 possit
1107 3365 1161 3409 ut
1190 3355 1416 3410 inimicis
1443 3357 1816 3411 reconcilietur
1835 3400 1848 3420 ,
1879 3356 1991 3412 fore
2017 3367 2073 3411 ut
2102 3357 2200 3411 bo-

618 3442 702 3495 nis
732 3441 1033 3511 ingentibus
1061 3445 1382 3510 cmnuletur;
1414 3447 1496 3500 sin
1537 3455 1715 3501 autem
1757 3447 1807 3500 in
1853 3447 2196 3502 contentione

615 3543 953 3597 mmcvcret,
973 3535 1119 3601 gravi
1151 3535 1410 3605 supplicio
1443 3536 1706 3605 puniatur.
1744 3535 1924 3606 Neque
1948 3538 2088 3592 enim
2113 3546 2193 3590 te-

618 3636 766 3677 mere
790 3633 841 3677 et
868 3622 1125 3678 inutiliter
1153 3618 1364 3694 tempus
1383 3627 1688 3695 expendere
1715 3641 1812 3681 nos
1841 3636 2069 3695 oportet,
2101 3627 2195 3682 sed

614 3713 835 3782 singulis
861 3715 1048 3769 diebus
1077 3725 1130 3769 et
1181 3716 1326 3771 horis
1359 3727 1482 3773 ante
1525 3719 1711 3773 oculos
1740 3729 1951 3774 nostros
1998 3734 2194 3790 propo-

620 3817 750 3858 nere
782 3803 990 3857 Domini
1025 3805 1320 3875 judicium;
1352 3817 1404 3862 ct
1426 3823 1544 3879 qua:
1570 3809 1677 3862 sint
1719 3823 1780 3863 ea
1809 3824 1928 3879 qua:
1953 3824 2195 3880 magnam

621 3895 772 3948 nobis
803 3896 1044 3950 tidui-iam
1065 3897 1256 3952 afferre
1281 3909 1491 3968 queant,
1517 3915 1759 3969 quasnam
1787 3900 1910 3954 item
1937 3915 2055 3970 qua!
2083 3916 2195 3970 pos-

624 3999 742 4036 natn
772 3984 1017 4040 inierant.
1050 3989 1219 4056 Atque
1242 3988 1352 4044 lta‘c
1397 3991 1464 4042 ita
1495 4000 1768 4045 versantes
1797 3991 1849 4044 in
1891 3995 2086 4045 nostris
2110 4007 2201 4046 co-

619 4075 964 4143 gitationibus
990 4119 1005 4144 ,
1033 4093 1342 4146 superemus
1369 4079 1590 4135 allectus
1607 4119 1624 4146 ,
1651 4095 2058 4151 compcseamus
2078 4097 2198 4136 car-

624 4166 706 4218 nis
728 4166 990 4232 lascivias,
1010 4177 1064 4222 ct
1087 4170 1486 4235 tttortillcemns,
1509 4171 1799 4226 secundum
1829 4172 2041 4226 beatum
2067 4173 2196 4227 Pau-

625 4256 754 4320 lum,
786 4257 1012 4311 Membra
1055 4269 1222 4314 nostra
1247 4276 1360 4331 qua:
1385 4272 1501 4314 sunt
1545 4278 1694 4332 super
1722 4273 1906 4316 terram
1929 4305 1945 4328 ,
1973 4265 2198 4334 fornica-

624 4350 807 4402 tionem
837 4389 853 4414 ,
914 4349 1283 4404 inmunditiam
1312 4390 1330 4418 ,
1385 4353 1641 4406 mollitiem
1669 4393 1684 4418 ,
1746 4355 2200 4423 concupiscentiam

625 4439 808 4492 malum
834 4438 1009 4508 (Calas
1033 4445 1234 4499 sena.3.
1261 4442 1335 4507 5),
1371 4442 1602 4497 furorem
1628 4485 1644 4510 ,
1671 4444 1939 4497 avaritiam
1959 4486 1974 4509 ,
2007 4460 2197 4498 vanam

611 4531 860 4598 gloriam,
878 4532 1392 4602 invidentiam.Quotl
1409 4536 1452 4590 si
1472 4535 1553 4590 his
1567 4537 1930 4592 all'ectiouibus
1946 4553 2041 4591 nos
2055 4555 2200 4592 mor-

612 4636 742 4677 tuos
773 4625 1178 4693 reddideritnus,
1215 4627 1284 4682 ita
1329 4639 1386 4683 ut
1431 4629 1482 4681 in
1514 4629 1667 4683 nobis
1706 4631 1834 4684 nihil
1861 4633 2066 4700 operari
2107 4647 2195 4684 va-

623 4714 781 4778 leant,
801 4718 1088 4784 poterimus
1104 4720 1343 4787 accipere
1360 4720 1557 4774 fructus
1573 4719 1913 4793 Spiritus,qui
1930 4731 2053 4776 sunt
2067 4723 2203 4777 Cari-

623 4816 720 4874 tas,
743 4808 1002 4875 gaudium,
1023 4825 1144 4876 pax,
1167 4811 1538 4880 longanimitas.
1564 4811 1859 4883 benignitas,
1891 4813 2106 4876 bonitas,
2138 4815 2205 4878 ﬁ-

608 4899 728 4959 tdes,
749 4901 1094 4955 nnntsnelttdo.
1111 4903 1410 4955 continentia
1428 4905 1444 4972 (
1456 4902 1570 4957 Gal.
1590 4905 1640 4959 5.
1656 4904 1773 4974 22).
1793 4905 1904 4961 Huc
1917 4905 2203 4960 Christiani

614 4986 692 5040 ab
719 4988 914 5044 inﬁdeli
947 4991 1226 5045 discrimen
1270 4993 1336 5046 sit
1373 5011 1385 5045 :
1417 4993 1499 5046 bis
1539 4995 1825 5064 signaculis
1867 4995 2201 5050 internosca-

614 5093 764 5142 ntur,
799 5094 862 5131 ne
883 5081 992 5134 sola
1023 5081 1375 5151 appellatione
1399 5098 1676 5149 ornemur,
1701 5100 1872 5155 neque
1899 5085 2079 5139 habitu
2110 5101 2206 5139 ea-

621 5177 780 5221 terno
821 5169 1062 5225 inﬂentur
1094 5183 1150 5227 et
1174 5174 1550 5243 superbiamus
1574 5216 1587 5236 ,
1619 5176 1725 5228 imo
1752 5176 1874 5230 licet
1902 5176 2203 5245 possidere-

614 5273 746 5311 anus
773 5261 946 5313 omnia
971 5302 987 5328 ,
1016 5278 1133 5331 qua:
1178 5279 1318 5318 nunc
1357 5266 1702 5331 enumeravi,
1736 5281 1804 5320 ne
1834 5266 2203 5335 superbiamus

621 5364 904 5417 umquam,
943 5352 1050 5404 imo
1094 5355 1259 5424 magis
1312 5369 1408 5409 nos
1459 5355 1816 5410 humiliemus.
1865 5355 2030 5422 Nam,
2079 5359 2202 5409 Cum

626 5443 796 5496 omnia
826 5444 1058 5512 feceritis,
1091 5445 1183 5512 ait,
1215 5447 1367 5500 dicite
1399 5463 1414 5500 :
1443 5448 1588 5502 Servi
1615 5447 1822 5503 inutiles
1845 5465 2019 5506 sumus
2049 5449 2202 5522 (Lar.

627 5535 714 5588 17.
752 5527 841 5602 ill)
884 5533 944 5590 Si
974 5537 1042 5590 ita
1065 5537 1275 5592 solliciti
1300 5548 1535 5592 nostram
1561 5541 1780 5595 salutem
1814 5539 2199 5606 curaverimus,

689 5692 702 5720 ο
743 5689 823 5738 ttic
844 5687 1043 5754 multum
1066 5691 1244 5754 variant
1264 5691 1576 5752 exemplaria.
1597 5692 1734 5743 Savil.
1759 5703 1805 5742 et
1828 5691 2038 5742 (Liberi.
2063 5708 2201 5754 mus,

627 5760 682 5793 tte
706 5765 850 5796 mnus
877 5750 1030 5811 δίναιιὶ
1053 5751 1182 5800 t't'rt'tt
1206 5750 1572 5802 obserent—tonent
1595 5765 1944 5803 tttttn.tut.n'ttm.
1995 5764 2033 5800 (η.
2056 5757 2160 5802 laiiit
2187 5750 2197 5812 ξ

625 5821 680 5859 δῖε
698 5811 962 5879 publicanis
979 5813 1126 5863 simus
1145 5813 1336 5865 titttilcs.
1358 5815 1535 5877 ttorel.,
1551 5829 1603 5866 uc
1623 5818 1769 5867 simas
1788 5817 1919 5868 immt'
1934 5819 2200 5867 .t't‘it'ci'tlcs.

2311 521 2605 587 poterimus
2628 530 2682 576 et
2707 521 2859 576 nobis
2885 522 3015 592 ipsis
3049 521 3304 592 prodesse
3335 523 3642 594 plurimum,
3670 534 3720 581 et
3750 542 3779 579 ι
3811 525 3885 580 fu-

2309 619 2426 664 turo
2449 613 2708 681 supplicio
2735 613 2865 683 eripi
2891 653 2906 679 ,
2929 624 2985 668 et
3009 614 3073 668 iis
3107 615 3194 684 qui
3224 631 3324 669 nos
3350 615 3614 681 viderint,
3648 619 3886 686 magistri

2304 718 2422 758 (εδει-
2463 719 2640 758 rerum
2674 705 2880 759 utilium
2913 724 2925 758 :
2956 716 3013 759 ttt
3057 707 3342 777 diligenter
3371 718 3556 763 exacta
3608 708 3708 764 bac
3734 711 3844 764 vita
3872 754 3882 772 .

2302 806 2649 862 assequamur
2675 809 2817 860 eam,
2845 811 2964 866 quae
2995 795 3047 850 itt
3072 795 3250 850 l‘uturo
3279 798 3476 853 smculo
3498 800 3618 866 erit,
3643 799 3882 870 benigni-

2303 890 2489 950 tatem,
2517 901 2672 955 quam
2690 887 2842 942 nobis
2866 889 3114 943 omnibus
3136 889 3394 945 concedat
3409 891 3574 959 gratia
3601 900 3658 947 et
3675 893 3884 946 miseri-

2301 975 2483 1030 cordia
2509 977 2714 1033 Domiui
2743 980 2910 1036 nostri
2933 979 3058 1034 .Icsu
3085 979 3303 1046 Christi,
3327 995 3448 1036 eum
3469 997 3578 1052 quo
3606 983 3748 1037 l‘atri
3766 984 3883 1054 glo-

2302 1068 2399 1132 ria,
2429 1069 2732 1138 imperiutn,
2758 1070 2929 1126 honor
2947 1073 2999 1126 in
3030 1073 3220 1126 sa‘cula
3238 1074 3765 1132 stcculorumdmeu
3785 1076 3883 1145 (υ).

2865 1180 3141 1237 ΙΙΟΜΙῌΑ
3185 1182 3249 1238 γ.

2304 1305 2365 1358 Et
2401 1307 2527 1360 dixit
2558 1305 2601 1360 ι)
2634 1324 2691 1361 tu
2723 1325 2734 1360 :
2764 1307 3130 1378 Congregctur
3165 1323 3299 1379 aqua
3327 1325 3450 1380 qum
3479 1310 3581 1366 sub
3603 1311 3738 1366 cado
3766 1322 3847 1366 est
3873 1353 3888 1376 ,

2301 1398 2350 1450 in
2376 1399 2836 1468 ccttgrcgatintem
2857 1417 2904 1454 ut
2926 1415 3031 1463 aut,
3056 1409 3108 1454 et
3125 1413 3374 1470 appareat
3392 1400 3535 1455 arida
3559 1400 3714 1473 (Gen.
3743 1405 3790 1456 l.
3812 1406 3890 1468 9).

2373 1528 2420 1581 l.
2447 1528 2714 1597 Scriptura
2737 1531 3042 1599 anrifodmis
3067 1543 3414 1601 comparatur.
3435 1559 3506 1572 —
3525 1532 3636 1602 Age
3657 1541 3710 1585 ct
3733 1532 3888 1586 hodie

2296 1634 2361 1673 ex
2392 1619 2531 1674 beati
2560 1620 2767 1676 Moseos
2801 1624 2981 1677 verbis
3002 1624 3303 1678 convivium
3335 1625 3658 1680 instruamus
3697 1637 3889 1680 vestra:

2295 1712 2537 1777 caritati,
2568 1722 2622 1766 ct
2646 1728 2764 1782 qua:
2799 1731 2826 1766 κ
2860 1713 3088 1768 Domino
3121 1714 3210 1769 die
3243 1715 3400 1769 tertio
3425 1715 3560 1769 facta
3590 1717 3696 1769 sint
3718 1756 3735 1780 ,
3767 1716 3889 1770 dili-

2296 1810 2482 1870 genter
2496 1801 2917 1856 consideremus.
2943 1802 3072 1857 Nam
3099 1803 3143 1858 si
3172 1803 3203 1857 ii
3221 1804 3380 1874 quijn
3399 1803 3716 1859 aurifodinis
3740 1805 3889 1858 labo-

2298 1901 2411 1946 rant
2440 1889 2513 1964 (ιι)
2533 1935 2548 1958 ,
2578 1893 2663 1947 ubi
2697 1909 2856 1948 vinas
2881 1895 3137 1963 quasdam
3170 1905 3408 1951 ramenta
3440 1911 3549 1966 pra:
3578 1912 3637 1952 se
3656 1896 3892 1952 ferentes

2295 1985 2587 2054 conspicati
2630 1985 2816 2040 iuerint
2847 2029 2860 2049 ,
2893 2003 2920 2040 ει
2957 1987 3208 2042 fodiendo
3238 2003 3342 2043 non
3375 1989 3638 2044 desistunt
3660 2031 3678 2056 ,
3721 1991 3891 2045 donec

2295 2090 2415 2146 qua:
2431 2076 2644 2132 obstant
2659 2079 2976 2145 amaverint,
2997 2089 3052 2133 et
3071 2080 3120 2133 in
3144 2078 3462 2149 profundum
3480 2081 3889 2143 descendentes.

2297 2181 2426 2235 opes
2449 2167 2570 2222 inde
2595 2183 2812 2238 magnas
2848 2171 3222 2240 perceperint:
3252 2171 3420 2225 multo
3459 2173 3627 2242 magis
3661 2187 3762 2225 nos
3786 2190 3890 2226 non

2295 2256 2408 2310 auri
2427 2267 2663 2313 ramenta
2681 2259 3026 2330 inquirentes,
3047 2261 3140 2316 sed
3160 2261 3562 2316 inenarrabilem
3581 2263 3888 2318 thesaurum

2297 2349 2607 2405 inventuros
2627 2362 2926 2421 sperantes,
2947 2353 3104 2407 decet
3123 2353 3360 2424 quotidie
3383 2354 3529 2409 illum
3548 2355 3890 2425 investigare,

2305 2453 2362 2495 ut
2393 2443 2569 2498 multis
2600 2445 2961 2514 spiritualibus
2987 2445 3185 2499 divitiis
3220 2443 3342 2500 inde
3368 2446 3632 2510 collectis,
3672 2446 3891 2500 domum

2298 2533 2599 2588 redeamus.
2619 2534 2747 2588 Nam
2769 2535 2873 2590 illic
2900 2534 3114 2606 quidem
3131 2535 3330 2591 divitiae
3354 2535 3636 2592 sensibiles
3661 2537 3895 2590 dominis

2293 2624 2405 2678 suis
2436 2625 2743 2695 frequenter
2766 2625 3054 2681 multorum
3085 2627 3443 2697 periculorum
3469 2641 3629 2682 causa
3655 2626 3893 2689 l‘nentnt.

2297 2722 2352 2768 et
2393 2723 2516 2768 ante
2545 2715 2780 2789 pericula
2810 2716 3025 2772 brevem
3061 2718 3385 2785 voluptatem
3421 2716 3726 2787 pra-beantes
3753 2716 3892 2780 illis,

2298 2805 2480 2858 statim
2502 2859 2504 2864 _
2525 2805 2803 2859 avolarunt
2827 2845 2843 2871 ,
2871 2806 2954 2860 vel
2983 2805 3328 2876 sycophantiis
3371 2805 3744 2860 insidiantibus
3765 2847 3780 2868 ,
3811 2806 3894 2859 vel

2299 2893 2519 2954 furibus,
2552 2895 2634 2950 vel
2666 2895 2962 2950 latronibus
2987 2895 3218 2967 parietes
3236 2895 3654 2966 t-ll‘ringcnlibus,
3687 2898 3769 2952 vel
3799 2914 3897 2951 cu-

2298 2983 2543 3038 stodibus
2569 2983 2776 3038 famulis
2803 2986 3216 3055 surripientibus
3243 3027 3257 3048 ,
3297 2995 3351 3041 et
3381 2986 3499 3057 luga
3537 2988 3894 3044 elabentibus.

2300 3075 2398 3130 Hic
2441 3085 2618 3130 autem
2647 3077 2774 3130 nihil
2805 3077 2909 3131 tale
2948 3079 3205 3148 suspicari
3239 3079 3395 3134 l'cet:
3428 3079 3582 3150 diripi
3611 3081 3754 3134 enim
3783 3081 3896 3151 spi-

2304 3168 2512 3221 ritualis
2540 3167 2638 3222 iste
2665 3167 2944 3222 thesaurus
2988 3169 3198 3238 nequit,
3233 3180 3285 3223 et
3318 3170 3405 3223 ubi
3436 3169 3487 3223 in
3521 3172 3898 3238 prottn-ttmriis

2302 3259 2495 3313 mentis
2520 3267 2714 3312 nostrze
2745 3258 3060 3313 reconditus
3101 3258 3289 3323 fuerit,
3319 3260 3385 3314 ab
3415 3262 3662 3316 omnibus
3691 3262 3897 3316 insidiis

2300 3361 2382 3405 est
2411 3351 2854 3406 seettrns:modo
2901 3365 3006 3404 non
3052 3366 3150 3421 per
3177 3351 3442 3420 ignaviam
3483 3351 3658 3406 locum
3705 3352 3898 3407 demus

2303 3443 2350 3495 ci
2381 3430 2479 3510 qui
2519 3442 2667 3495 illum
2699 3441 2853 3496 nobis
2884 3441 3096 3496 auferre
3129 3442 3299 3512 cupit.
3329 3441 3767 3513 Quandoquidem
3797 3443 3897 3498 ini-

2303 3532 2471 3587 micus
2504 3542 2705 3597 noster,
2735 3534 3021 3603 malignus,
3048 3533 3263 3604 inquam
3288 3575 3303 3599 ,
3334 3534 3575 3596 dmmon,
3603 3551 3721 3589 cum
3754 3536 3900 3591 videt

2299 3625 2598 3694 quempiam
2649 3625 2952 3693 Spirituales
3003 3625 3282 3694 collegisse
3335 3625 3547 3678 divitias
3578 3668 3594 3692 ,
3653 3624 3783 3681 furit
3840 3637 3895 3682 ct

2301 3715 2544 3770 dentibus
2576 3713 2751 3770 fremit
2778 3757 2790 3776 ,
2819 3717 3148 3785 multumque
3189 3715 3403 3784 vigilat,
3435 3725 3490 3768 ut
3531 3727 3892 3785 Opportunum

2303 3816 2510 3878 tempus
2537 3816 2748 3877 captet,
2778 3823 2884 3878 quo
2921 3808 3084 3861 iurari
3115 3817 3273 3878 queat
3303 3807 3500 3878 aliquid
3539 3824 3601 3861 es
3633 3809 3778 3862 intus
3807 3825 3897 3863 re-

2306 3898 2557 3952 conditis.
2586 3896 2798 3952 Nullum
2843 3907 3022 3951 autem
3045 3897 3388 3951 commodum
3421 3897 3493 3951 illi
3525 3907 3729 3966 tempus
3771 3910 3855 3953 est
3879 3940 3898 3964 ,

2307 3996 2658 4058 prazterquam
2688 3988 2812 4041 dum
2842 3988 3014 4057 ignavi
3045 4001 3229 4041 sumus
3262 4005 3274 4040 :
3310 3987 3429 4042 ideo
3459 3998 3709 4058 perpetua
3741 3989 3901 4044 nubis

2306 4079 2571 4149 vigilantia
2600 4095 2733 4147 opus
2767 4088 2850 4132 est
2889 4079 2954 4131 ad
2985 4077 3343 4132 excludendas
3368 4078 3506 4131 illius
3526 4075 3896 4134 «int‘ltrsiottes.
3969 4117 3978 4126 .

2307 4171 2436 4226 Nam
2478 4185 2572 4226 eos
2613 4185 2750 4240 quos
2797 4169 2988 4223 viderit
3017 4167 3309 4222 admodum
3351 4168 3559 4222 sobrios
3585 4178 3641 4221 et
3668 4170 3898 4238 vigiles,

2305 4277 2426 4315 eum
2453 4259 2621 4314 semel
2647 4269 2807 4328 atque
2834 4258 3025 4312 iterum
3069 4271 3350 4327 aggressus
3374 4297 3389 4320 ,
3413 4257 3616 4312 irritum
3642 4271 3900 4313 Cultulttttt

2304 4351 2482 4416 videt,
2525 4350 2779 4419 relinquit
2824 4348 3034 4403 tandem
3066 4346 3272 4417 pudore
3310 4346 3566 4408 aﬂ‘eetus,
3597 4362 3796 4417 gnarus
3839 4364 3902 4402 se

2309 4443 2438 4497 nihil
2469 4441 2729 4511 proﬁc-ere
2749 4481 2764 4506 ,
2795 4440 2838 4493 si
2871 4439 2923 4492 in
2952 4439 3191 4493 custodia
3221 4437 3627 4508 perstiterimns.
3668 4437 3901 4495 Proinde

2305 4549 2424 4588 cum
2455 4533 2687 4585 sciamus
2719 4546 2811 4598 per
2844 4539 3006 4583 totam
3041 4529 3177 4583 hanc
3217 4530 3378 4583 vitam
3409 4530 3562 4583 nobis
3582 4533 3898 4584 certandum

2307 4639 2448 4685 esse,
2486 4625 2560 4676 sit:
2587 4637 2686 4674 nos
2711 4636 2978 4674 armemus
2999 4659 3013 4684 ,
3044 4621 3193 4689 quasi
3223 4629 3537 4689 praesentem
3565 4635 3778 4687 semper
3807 4628 3899 4674 La-

2309 4717 2524 4768 bt-amus
2552 4714 2844 4774 inimicum,
2874 4713 2960 4781 qui
2989 4712 3189 4781 absque
3211 4711 3604 4766 intermissione
3622 4713 3894 4779 observet,

2309 4821 2433 4858 num
2482 4804 2764 4871 aliquando
2810 4803 2888 4854 vel
2937 4817 3120 4871 [lLrl'lltlt
3172 4801 3560 4867 dormitantes,
3613 4802 3898 4857 insidiandi

2309 4898 2639 4952 occasionem
2666 4897 2712 4949 ei
2747 4895 3100 4966 {tradit-amns.

2393 4989 2636 5042 l’iaticmn
2664 4989 2730 5041 ad
2753 4990 2904 5041 vitam
2933 4990 3160 5055 futuram
3187 4986 3328 5040 nobis
3365 4986 3761 5055 comparandum
3787 4998 3860 5042 est
3878 5029 3896 5052 ,

2356 5092 2428 5153 (a)
2461 5091 2708 5144 Conclusio
2730 5091 2938 5158 humilia:
2978 5095 3025 5142 in
3060 5099 3166 5158 uss.
3194 5099 3245 5141 et
3267 5093 3407 5158 Savil‘.
3433 5095 3585 5145 variat
3607 5109 3694 5158 pro
3717 5111 3812 5145 mm
3827 5117 3876 5148 ω.

2291 5162 2401 5218 llaec
2424 5163 2587 5218 autem
2612 5156 2832 5218 apposite
2858 5161 2990 5218 notat
3023 5153 3224 5218 Savilius
3247 5169 3258 5202 :
3303 5173 3324 5200 ι
3350 5155 3456 5218 Mira
3499 5164 3577 5205 est
3601 5153 3783 5218 ubique
3824 5162 3877 5210 tu

2292 5215 2520 5266 clausulis
2554 5215 2858 5281 hou‘nliarunt
2884 5216 3205 5281 immnstautia
3245 5217 3290 5262 in
3317 5217 3459 5281 Codd.
3500 5223 3625 5276 mss,
3662 5215 3880 5281 nimique

2295 5291 2379 5327 eas
2403 5291 2496 5327 non
2521 5278 2677 5326 semel
2701 5291 2726 5323 a
2751 5278 2922 5326 scribis
2945 5279 3118 5338 mlius,
3145 5289 3288 5338 quam
3328 5279 3390 5325 ab
3420 5281 3630 5329 auctoris
3667 5278 3880 5330 coruino

2295 5348 2462 5388 citatas
2483 5341 2644 5399 |-ulavi
2672 5353 2682 5386 :
2712 5346 2763 5385 ut
2787 5352 2879 5385 non
2906 5339 3073 5388 inscite
3096 5338 3206 5386 mihi
3233 5338 3409 5399 fecisse
3433 5341 3684 5389 videantur
3717 5343 3878 5390 Vero-

2295 5415 2432 5449 nens.
2459 5397 2574 5447 tida.
2601 5400 2914 5459 Lbrysustmni
2943 5399 2988 5446 in
3016 5401 3155 5461 Epist.
3173 5397 3642 5460 t‘aulinasauetures,
3666 5406 3880 5464 quitum

2296 5475 2494 5535 ventum
2522 5473 2598 5535 est
2621 5467 2678 5512 ad
2714 5464 2850 5535 illud,
2881 5466 3040 5535 gratit
3080 5476 3124 5516 ct
3148 5467 3506 5535 misericordia
3530 5508 3542 5527 ,
3585 5475 3738 5535 χάριτι
3782 5475 3874 5522 κατ

2303 5529 2630 5595 φιλανθρωπίᾳ,
2659 5527 2844 5586 reliqua
2871 5543 2956 5588 pro
2988 5533 3054 5577 let
3066 5532 3184 5578 toris
3209 5531 3414 5581 arbitrio
3436 5527 3681 5595 expianda
3709 5539 3867 5583 rcitn-

2293 5593 2470 5650 quunL
2513 5602 2534 5636 ν

2356 5656 2424 5728 (ὁ)
2461 5659 2574 5704 ttinc
2595 5656 2898 5728 «insumptum
2925 5668 2996 5708 est
3025 5661 3435 5728 initiuntllowilize
3459 5663 3585 5712 illius
3605 5681 3714 5728 qu.c
3749 5671 3880 5720 inter

2292 5733 2328 5776 s;
2352 5721 2450 5765 uria
2485 5732 2527 5763 δ.
2573 5721 2714 5788 atltan
2735 5723 2799 5765 uti
2839 5737 2880 5777 in,
2904 5736 2959 5765 ns
2978 5737 2999 5788 ’.ι
3025 5727 3064 5769 lzt
3091 5725 3438 5788 circumfertur,
3468 5735 3518 5775 et
3553 5721 3696 5788 quam
3720 5732 3878 5781 edidi-

2296 5795 2400 5855 mus
2434 5789 2566 5826 tom
2601 5781 2634 5826 ll
2676 5796 2722 5840 il|
2745 5797 2880 5826 t-t'uin
2938 5784 3161 5830 tlinum.
3207 5800 3249 5845 ιι.
3286 5787 3386 5835 im.
3419 5788 3524 5848 [jus
3552 5781 3736 5841 initium
3772 5803 3871 5854 es"

2301 5863 2415 5902 Nam,
2442 5856 2472 5891 ιζ
2498 5867 2555 5899 τηε
2581 5869 2725 5902 “ante
2759 5870 2814 5902 τι..
2839 5871 2922 5902 ειμι
2956 5871 3076 5893 ἰιι-,ι-
