4086 6486
2203 383 2230 408 ᾳ

193 522 253 578 ιο
1332 486 1395 542 ιιι
1431 482 1584 540 can.
1627 481 1668 539 t.
1708 481 1790 540 cs

1895 481 1950 536 S.
1993 476 2226 537 ιιοιιιι..
2269 474 2335 535 Υ.
3402 483 3476 539 σο

173 632 535 683 autumnoue
561 620 803 676 circumiit
830 625 876 671 et
900 611 1110 670 assidu
1130 622 1446 683 peccatorum
1477 603 1758 676 confessio-

183 713 449 769 tto—Non
467 711 624 766 rides
649 707 966 780 pecuniosos
981 703 1118 768 illos,
1140 715 1262 758 cum
1282 697 1512 754 hostium
1530 701 1772 751 metuunt

186 807 568 869 incursionem,
591 809 790 873 quanta
815 796 1020 855 scilicet
1041 809 1170 852 cura
1198 807 1286 848 res
1306 804 1430 846 suas
1449 781 1774 843 custodiant?

187 896 310 949 .‘iam
338 895 429 949 alii
456 893 602 949 seris
629 899 684 947 et
711 889 982 962 repagulis
1003 886 1196 958 januas
1223 881 1486 943 muniunt,
1520 887 1576 932 ut
1601 891 1694 932 eas
1719 873 1772 929 in

186 1002 293 1043 toto
312 985 587 1043 collucent
607 1001 622 1039 :
645 984 734 1040 alii
759 984 812 1038 in
833 991 1029 1038 terram
1055 975 1408 1040 abscondunt,
1437 972 1508 1028 ita
1533 980 1586 1026 ut
1615 981 1775 1024 nemo

185 1081 314 1134 seire
341 1079 515 1150 possit
554 1078 643 1132 ubi
671 1077 892 1133 lateant.
921 1072 1120 1129 Eadem
1149 1067 1423 1140 diligentia
1447 1074 1504 1122 et
1537 1078 1636 1121 nos
1660 1065 1774 1117 eot-

189 1171 375 1226 leetam
405 1169 668 1225 virtutum
693 1180 876 1238 gazam
899 1161 1170 1220 custodire
1197 1175 1292 1231 par
1311 1167 1413 1224 cst,
1439 1167 1494 1214 et
1518 1170 1624 1212 non
1652 1161 1778 1208 ante

187 1262 425 1319 omnium
453 1261 644 1316 oeulos
691 1270 993 1331 proponere
1016 1297 1033 1322 ,
1061 1251 1155 1309 sed
1193 1251 1248 1308 in
1276 1249 1540 1306 tutissimo
1583 1243 1779 1301 mentis

191 1357 556 1427 prommuario
585 1367 844 1424 reponere
867 1391 883 1417 ,
911 1361 966 1405 et
988 1361 1180 1405 omnes
1205 1358 1397 1415 rapere
1425 1340 1657 1396 volentis
1694 1338 1776 1392 in-

189 1447 349 1502 sidias
375 1445 701 1510 excludere,
733 1451 790 1499 ιιι
817 1457 937 1498 οιιιιι
968 1455 998 1494 a
1030 1436 1281 1510 praedone
1307 1443 1474 1491 tutam
1499 1446 1617 1487 cam
1661 1443 1781 1485 ser.

192 1537 494 1592 ravcritnus
519 1575 536 1603 ,
563 1536 632 1590 sit
657 1534 810 1589 nobis
838 1531 1085 1586 viaticum
1115 1527 1181 1583 ad
1213 1527 1440 1582 futuram
1466 1523 1629 1577 vitam
1657 1519 1783 1576 hinc

193 1626 564 1697 migrantibus.
609 1623 818 1680 Etenim
844 1623 980 1677 sicut
1007 1619 1044 1675 ii
1069 1619 1161 1691 qui
1191 1617 1244 1673 in
1269 1624 1410 1672 terra
1435 1613 1606 1670 aliena
1635 1617 1780 1677 sunt,

193 1717 402 1788 quando
431 1719 487 1773 in
517 1717 744 1788 patriam
775 1729 927 1770 suam
957 1711 1136 1770 redire
1169 1708 1429 1781 cupiunt,
1454 1705 1624 1762 multo
1649 1712 1785 1759 tem-

197 1825 320 1880 pore
365 1811 626 1882 paulatim
672 1807 888 1864 student
914 1814 969 1862 et
1012 1811 1202 1860 curant
1246 1811 1453 1858 tantum
1497 1795 1787 1853 corradere

196 1902 363 1958 viatici
389 1943 406 1970 ,
453 1910 714 1974 quantum
758 1899 826 1954 ad
855 1899 954 1954 vim
998 1894 1382 1968 longitudinem
1421 1892 1502 1948 cis
1541 1889 1786 1947 sufﬁcere

197 2005 394 2066 queat,
425 2004 486 2049 ut
518 2009 588 2049 ne
618 1992 823 2048 incuria
848 1989 990 2046 fume
1031 1989 1238 2060 seipsos
1261 1985 1487 2059 perdant
1515 2001 1529 2040 :
1559 1985 1628 2039 ita
1655 1997 1786 2038 sane

198 2089 366 2142 facere
409 2097 464 2142 et
505 2100 606 2140 nos
650 2093 904 2153 oportet,
942 2082 1063 2153 quia
1094 2079 1357 2152 peregrini
1396 2077 1484 2134 hic
1523 2092 1706 2132 sumus
1733 2083 1789 2131 et

197 2179 411 2234 advena:
439 2223 453 2242 ,
501 2186 559 2232 ιιι
585 2175 957 2246 provideamus
981 2182 1030 2230 et
1077 2183 1408 2244 reponamus
1438 2167 1593 2224 nobis
1632 2165 1789 2238 spiri-

199 2269 410 2323 tualium
442 2269 699 2322 virtutum
725 2266 914 2322 viatica
939 2282 954 2320 :
984 2272 1040 2318 ut
1060 2262 1272 2335 quando
1285 2259 1606 2336 prmceperit
1625 2257 1782 2314 nobis

201 2360 452 2416 Dominus
474 2360 528 2415 in
558 2370 794 2414 nostram
822 2357 1002 2414 redire
1031 2356 1274 2427 patriam.
1309 2353 1476 2424 parati
1515 2351 1705 2418 simus,
1733 2357 1792 2407 et

198 2451 295 2506 alia
316 2453 532 2522 quidem
555 2451 831 2506 nobiscum
854 2448 1158 2514 aderamus,
1191 2447 1293 2503 alia
1313 2454 1494 2502 autem
1515 2444 1626 2516 iam
1649 2457 1788 2516 pros»

201 2542 356 2597 missa
385 2539 706 2597 habeamus.
739 2539 938 2595 llorum
960 2538 1103 2593 enim
1124 2536 1436 2592 viaticorum
1463 2534 1584 2590 talis
1604 2543 1792 2590 natura

199 2642 298 2697 est,
324 2643 383 2687 ut
409 2648 473 2689 ea
503 2648 626 2704 qua:
654 2648 751 2704 per
778 2631 1039 2687 bonorum
1069 2629 1438 2697 operationem
1459 2625 1790 2682 voluerimus

203 2732 320 2779 ante
361 2737 461 2778 nos
510 2724 837 2794 premittere
861 2762 878 2789 ,
924 2736 1048 2777 cum
1095 2720 1222 2776 illuc
1262 2733 1362 2775 nos
1389 2718 1745 2789 pracvenerint
1771 2756 1790 2783 ,

199 2812 382 2882 ianuas
409 2814 566 2869 nobis
594 2813 838 2884 aperiant
881 2811 1087 2867 fiducia
1114 2810 1180 2866 ad
1210 2810 1490 2866 Dominum
1518 2818 1572 2865 et
1602 2808 1801 2863 iutroi-v

205 2912 308 2958 nun
333 2903 568 2968 facilem,
595 2913 650 2958 ct
677 2903 877 2973 absque
905 2917 1106 2974 pavore
1123 2943 1139 2967 ,
1165 2909 1222 2958 et
1250 2915 1496 2973 magnam
1523 2899 1662 2972 apud
1692 2899 1790 2955 Ju-

202 2991 367 3050 dicem
397 2991 819 3049 benevolentiam
848 2992 1150 3048 concilient.

267 3083 321 3139 ‘2.
355 3084 417 3138 Et
463 3095 522 3139 ut
550 3083 727 3138 discas
754 3123 768 3147 ,
795 3082 994 3139 dilecte
1015 3123 1030 3148 ,
1063 3081 1259 3137 ltzcc'in
1292 3083 1435 3136 hunc
1476 3095 1537 3136 se
1576 3079 1792 3135 modum

207 3173 412 3238 habere,
434 3174 628 3243 collige
655 3172 799 3240 hinc,
816 3172 955 3243 quod
978 3173 1068 3241 qui
1085 3171 1378 3227 liberaliter
1395 3170 1796 3242 eleetnosynatn

208 3265 433 3333 impertit
453 3305 468 3329 ,
501 3273 558 3320 et
587 3263 672 3318 hic
701 3277 823 3318 cum
857 3263 996 3318 bona
1038 3260 1366 3316 conscientia
1396 3268 1674 3326 versatur,
1704 3260 1792 3314 ubi

208 3355 319 3408 Itin:-
346 3355 634 3409 translatus
664 3353 840 3420 fuerit,
873 3368 1119 3423 magnam
1146 3353 1285 3422 apud
1313 3351 1554 3409 Iudicem
1586 3352 1796 3408 miseri-

207 3445 431 3499 cordiam
461 3445 732 3510 inveniat,
763 3454 926 3516 atque
953 3445 1106 3500 beata
1135 3445 1220 3498 illa
1249 3445 1410 3501 verba
1435 3461 1555 3500 cum
1585 3447 1795 3502 caeteris

207 3536 376 3592 audiat
401 3556 416 3592 :
459 3536 657 3604 Venite,
684 3537 929 3592 benedicti
957 3536 1134 3592 Patris
1171 3538 1268 3592 mei
1286 3579 1301 3604 ,
1330 3539 1543 3608 accipite
1564 3540 1616 3594 in
1637 3544 1795 3594 licere-

207 3631 403 3684 ditateni
430 3647 666 3703 regnum,
693 3630 984 3703 quodoobis
1008 3641 1354 3702 praparatum
1384 3640 1457 3686 est
1491 3648 1522 3684 a
1557 3634 1794 3687 constitu-

210 3724 332 3777 tione
359 3723 537 3778 mundi
558 3739 576 3776 :
594 3723 712 3794 quia
745 3723 965 3788 esuriai',
1014 3731 1060 3777 et
1086 3722 1299 3778 dedistis
1333 3724 1458 3778 mihi
1488 3725 1794 3778 manducare

209 3813 230 3886 (
248 3801 541 3870 Mattio-25.
568 3815 658 3871 3i.
689 3815 816 3885 55).
847 3814 1079 3884 ldipsum
1107 3823 1256 3870 certe
1296 3825 1350 3868 et
1375 3813 1427 3868 in
1469 3814 1590 3869 aliis
1619 3813 1790 3868 virtu-

213 3905 342 3961 tibus
367 3907 680 3977 contingere
707 3905 966 3960 invenias.
997 3905 1087 3961 Sic
1116 3915 1170 3960 et
1206 3905 1258 3960 in
1303 3903 1644 3960 confessione
1670 3919 1795 3974 pec-

209 4005 436 4050 catorum
464 4037 480 4063 ,
512 4007 568 4051 et
611 3997 663 4051 in
707 3996 1019 4053 assiduitate
1062 3995 1382 4066 fervoreque
1427 3997 1792 4066 prceationum

217 4098 523 4142 eventurum
569 4096 670 4144 est.
718 4087 943 4157 Quando
984 4087 1126 4142 enim
1172 4086 1225 4141 in
1273 4087 1521 4156 praesenti
1550 4086 1654 4141 vita
1702 4102 1798 4156 per

210 4177 591 4234 confessionem
623 4188 834 4248 peccata
864 4179 1110 4245 abluere,
1145 4187 1200 4234 ct
1228 4179 1595 4234 remissionem
1627 4194 1656 4234 a
1690 4179 1794 4234 Do-

223 4275 357 4326 utan
383 4272 594 4343 assequi
638 4271 965 4342 potuerimus
989 4310 1004 4336 ,
1049 4271 1310 4326 abibimus
1340 4271 1464 4325 illuc
1508 4287 1537 4323 a
1567 4270 1798 4340 peccatis

215 4361 341 4428 puri,
371 4373 422 4417 ct
447 4378 715 4432 magnam,
741 4378 860 4434 qua:
886 4373 1011 4417 tunc
1035 4361 1190 4416 nobis
1213 4360 1518 4430 donabitur,
1551 4361 1796 4417 fiduciam

216 4450 558 4509 inveniemus.
585 4453 767 4524 Neque
782 4451 1050 4508 enim-fieri
1082 4460 1253 4521 potest
1275 4460 1333 4507 ut
1361 4453 1441 4517 iis,
1470 4452 1558 4524 qui
1589 4452 1639 4507 in
1663 4469 1799 4524 pra:-

215 4547 338 4600 senti
366 4549 465 4600 vita
496 4555 711 4616 peccata
740 4562 843 4601 non
873 4545 1101 4601 abluerit
1119 4588 1133 4609 ,
1168 4553 1348 4615 postea
1376 4546 1796 4602 consolationem

215 4636 428 4707 aliquam
462 4640 568 4693 illic
598 4638 909 4692 inventurus
933 4637 1021 4692 sit.
1055 4637 1120 4691 In
1149 4637 1346 4708 inferno
1371 4638 1535 4704 enim,
1565 4637 1659 4702 ait,
1688 4638 1800 4706 quis

215 4729 517 4797 conﬁtebitur
541 4730 629 4784 tibi
653 4730 672 4802 (
693 4729 841 4785 Psal.
868 4730 921 4786 6.
942 4729 976 4786 6
999 4730 1056 4800 )‘l
1087 4731 1152 4784 Ει
1183 4730 1370 4784 merito
1395 4747 1408 4782 :
1437 4728 1538 4784 hoc
1559 4729 1699 4784 enim
1718 4738 1799 4785 est

217 4822 492 4879 stadiorum
522 4831 751 4893 tempus,
786 4833 839 4878 et
866 4821 1228 4888 conﬂictuum,
1256 4830 1310 4876 et
1327 4821 1709 4878 certaminum:
1737 4821 1802 4877 il-

221 4915 300 4970 lnd
327 4932 448 4972 vero
465 4932 806 4981 coronarum,
821 4915 1104 4978 mercedis,
1120 4923 1174 4970 et
1192 4915 1553 4985 przcmiorum.
1572 4914 1802 4972 Proinde

219 5009 467 5061 certemus
491 5007 620 5060 dum
647 5005 820 5061 adhuc
845 5007 896 5060 ιιι
919 5004 1090 5060 stadio
1106 5020 1400 5070 versamur,
1434 5021 1498 5060 ne
1522 5015 1791 5075 tempore,

220 5109 316 5164 quo
331 5111 542 5153 corona:
568 5107 622 5153 et
659 5097 898 5152 laborum
930 5097 1146 5168 prtemia
1183 5109 1464 5152 sumuntur
1484 5139 1500 5164 ,
1531 5099 1671 5154 inter
1706 5112 1802 5154 cos

221 5186 393 5253 simus,
422 5190 512 5260 qui
546 5189 749 5258 pudore
775 5187 1116 5255 afficientur;
1148 5189 1242 5245 sed
1274 5188 1417 5246 inter
1445 5204 1539 5245 eos
1564 5191 1652 5259 qui
1677 5206 1800 5246 cum

224 5275 394 5333 lidncia
410 5281 671 5351 capitibus
693 5294 922 5336 coronas
940 5281 1224 5352 excipient.
1248 5281 1359 5337 lloc
1376 5283 1638 5352 prooemio
1661 5283 1802 5353 apud

222 5368 476 5426 caritatem
496 5382 724 5427 vestram
741 5387 847 5427 non
873 5381 1095 5440 temere,
1114 5388 1285 5444 neque
1301 5373 1354 5429 in
1372 5389 1563 5430 vanum
1583 5375 1799 5429 utimur:

223 5458 308 5513 sed
326 5462 558 5531 quotidie
579 5461 646 5518 de
668 5462 819 5518 bonis
841 5463 1089 5533 operibus
1109 5479 1206 5520 vos
1221 5466 1512 5521 admonere
1533 5467 1798 5536 cupimus,

226 5559 276 5603 ιιι
298 5552 513 5621 perfecti
535 5593 552 5618 ,
577 5554 974 5620 consummati,
1015 5554 1406 5627 virtutibusque
1436 5557 1657 5627 praedita
1696 5557 1802 5613 vita

227 5646 527 5710 spectabiles
557 5645 703 5716 facti,
721 5647 840 5703 sitis
860 5645 1352 5719 irreprcltensibiles
1378 5660 1430 5706 ct
1461 5651 1677 5717 sinceri,
1699 5651 1802 5705 itn-

229 5739 458 5794 tnacnlati
490 5738 582 5794 lilii
613 5739 704 5794 Dei
738 5755 753 5794 :
782 5749 837 5795 et
861 5737 1081 5796 lucentis
1101 5739 1241 5797 sicut
1261 5741 1542 5798 luminaria
1572 5743 1624 5797 in
1647 5757 1804 5796 mun-

229 5825 291 5880 ιΙη
313 5871 326 5888 .
367 5846 667 5888 sermonem
703 5831 824 5887 vita:
855 5831 1114 5889 habentes
1141 5833 1194 5888 in
1236 5835 1405 5889 nostri
1433 5833 1800 5905 gloriationcm

232 5914 277 5972 in
294 5920 374 5977 die
392 5922 607 5990 Christi,
641 5932 698 5978 ιιι
719 5923 800 5979 vel
831 5923 945 5981 solo
969 5934 1185 5997 aspectu
1215 5925 1278 5982 iis
1309 5925 1561 5998 prodesse
1587 5921 1800 5996 possitis

1880 601 1969 672 qui
1991 599 2268 658 vobiscum
2291 609 2592 671 versantur,
2623 610 2678 658 ut
2701 611 2893 659 vestra:
2912 601 3200 675 spiritualis
3230 601 3476 672 fragran-

1879 693 1965 747 tia:
1988 734 2004 758 ,
2039 702 2335 764 vestrasque
2359 693 2576 762 optima:
2601 692 2723 750 vitae
2751 694 2974 751 rationh
2993 708 3062 751 es
3089 690 3477 750 vestris-collo-

1877 785 2018 855 quiis
2043 783 2173 840 flant
2200 784 2520 856 participesa
2534 785 2744 843 Etenim
2767 785 2921 842 sicut
2949 784 3316 858 impmborum
3345 799 3484 842 conv

1885 877 2638 936 suetudo-familiaribussuis
2666 879 2891 936 multum
2917 888 3096 947 nocet,
3123 877 3480 950 quemadmoo

1880 969 2007 1025 dum
2048 971 2233 1027 beatus
2267 971 2464 1028 Paulus
2493 971 2702 1044 inquit:
2730 970 3080 1041 Corrumpunt
3119 969 3277 1026 bonos
3312 985 3480 1025 tuerer

1879 1060 2135 1133 colloquia
2161 1077 2317 1134 praua
2341 1063 2361 1134 (
2385 1065 2436 1119 ι.
2467 1062 2588 1118 Cor.
2621 1063 2707 1120 l5.
2740 1063 2811 1120 53
2835 1065 2853 1135 )
2876 1079 2892 1118 :
2917 1061 2996 1119 sic
3019 1071 3074 1119 et
3101 1060 3367 1118 bonorum
3397 1057 3481 1114 fa-

1885 1154 2165 1213 miliaritas
2201 1172 2305 1213 una
2335 1157 2674 1213 versantibus
2699 1157 2935 1212 maxima
2978 1153 3258 1212 commoda
3300 1154 3478 1210 all'ert.

1883 1249 2243 1316 Quamobrem
2291 1250 2553 1322 benignos
2601 1249 2856 1306 Dominus
2895 1256 3078 1304 noster
3121 1246 3260 1303 inter
3309 1245 3482 1302 malos

1885 1340 2128 1410 permisit
2172 1341 2343 1397 bonos
2383 1343 2567 1398 vivere
2592 1383 2606 1408 ,
2645 1350 2701 1398 ut
2747 1340 2976 1411 improbi
3019 1340 3224 1396 lucrum
3265 1336 3485 1410 aliquod

1885 1429 2120 1486 habeant
2142 1446 2206 1486 es
2235 1447 2297 1487 ea
2323 1432 2711 1488 consuetudine
2729 1472 2746 1499 ,
2779 1446 2879 1488 nec
2915 1447 3132 1502 semper
3157 1430 3208 1485 in
3237 1444 3332 1486 sua
3359 1444 3484 1502 pcr-

1887 1530 2137 1578 maneant
2180 1522 2381 1580 malitia
2422 1540 2436 1578 :
2480 1522 2579 1580 sed
2625 1523 2798 1580 bonos
2839 1524 3094 1579 continuo
3131 1533 3256 1579 ante
3295 1521 3485 1578 oculos

1886 1623 2212 1683 spectantes,
2239 1614 2439 1686 aliquid
2467 1615 2706 1671 utilitatis
2726 1631 2793 1672 es
2813 1631 3001 1672 eorum
3021 1616 3229 1686 capiant
3259 1613 3488 1670 familia-

1889 1704 2066 1760 ritate.
2096 1702 2264 1760 Tanta
2293 1705 2436 1762 enim
2461 1706 2673 1762 virtutis
2699 1706 2935 1778 potentia
2960 1713 3040 1762 est
3061 1747 3076 1771 ,
3111 1715 3164 1760 ιιι
3199 1717 3488 1761 revereari-

1891 1805 1978 1852 tttr
2015 1806 2070 1852 et
2112 1798 2336 1853 inultum
2363 1797 2579 1855 laudent
2620 1814 2741 1855 eam
2764 1837 2786 1866 ,
2829 1797 2992 1855 etiam
3020 1797 3110 1868 qui
3141 1797 3230 1852 illa
3277 1802 3486 1852 carent.

1889 1886 2039 1944 Sicut
2078 1896 2136 1944 et
2161 1889 2344 1944 vitium
2381 1890 2544 1946 etiam
2581 1889 2658 1945 ab
2675 1890 2738 1945 iis
2757 1933 2774 1958 ,
2797 1889 2888 1961 qui
2919 1889 3042 1946 mali
3069 1897 3193 1944 sunt
3213 1931 3228 1955 ,
3257 1884 3500 1944 subindo

1890 1987 2168 2035 accusatur
2195 1988 2253 2036 et
2279 1980 2516 2050 carpitur
2535 1998 2549 2035 :
2567 1981 2704 2037 adeo
2724 1981 2910 2037 vitium
2931 1979 3181 2036 omnibus
3202 1987 3288 2035 est
3314 1977 3490 2034 mani-

1890 2069 2084 2127 festum
2113 2080 2169 2127 et
2209 2073 2547 2143 perspicuum
2574 2115 2588 2137 ,
2618 2088 2790 2145 neque
2818 2073 2986 2129 ullum
3034 2086 3284 2142 umquam
3332 2069 3492 2127 facile

1891 2162 2129 2234 reperias
2170 2163 2262 2234 qui
2302 2163 2467 2220 libere
2509 2165 2706 2220 malum
2750 2180 2811 2221 se
2850 2162 3321 2235 esseprotiteatur
3348 2179 3364 2218 :
3393 2161 3494 2217 sed

1893 2254 2033 2326 quod
2062 2256 2256 2311 mirum
2304 2263 2388 2312 est
2409 2297 2426 2323 ,
2471 2256 2686 2324 ipsimet
2721 2270 2784 2312 ea
2811 2297 2827 2322 ,
2853 2270 2976 2327 qua:
3013 2255 3268 2327 operibus
3312 2253 3492 2310 facere

1899 2355 2177 2411 intentant,
2208 2347 2391 2402 verbis
2414 2347 2552 2402 mala
2575 2361 2697 2402 esse
2723 2345 2980 2412 fatentur,
3007 2360 3074 2403 ac
3097 2345 3368 2418 plerisque
3391 2358 3490 2401 oc-

1893 2441 2034 2496 culta
2051 2455 2174 2497 esse
2193 2440 2412 2497 vellent.
2440 2440 2592 2508 Quod
2616 2450 2671 2497 et
2695 2440 2869 2512 ipsum
2892 2440 3091 2496 divinas
3107 2437 3493 2497 misericordia:

1894 2541 1996 2595 est,
2025 2547 2144 2603 qua:
2175 2531 2450 2587 hominum
2479 2532 2661 2603 generi
2687 2531 2977 2598 concessit,
3009 2540 3067 2587 ιιι
3086 2531 3372 2614 unicuique
3396 2545 3495 2587 no-

1895 2632 2065 2678 strum
2095 2623 2308 2679 insitum
2337 2623 2407 2678 sit
2427 2623 2793 2694 incorruptum
2816 2621 3090 2692 judicium
3106 2622 3455 2680 conscientia:
3474 2662 3491 2687 .

1895 2715 2036 2785 quod
2059 2723 2304 2770 accurate
2327 2723 2504 2786 potest
2525 2729 2554 2767 a
2578 2713 2720 2769 malo
2742 2713 2938 2769 bonum
2962 2713 3276 2769 discernere
3297 2730 3312 2780 ;
3335 2713 3498 2786 idque

1898 2804 2234 2875 potissimum
2278 2820 2492 2860 omnem
2533 2805 2690 2860 nobis
2729 2803 3098 2860 defensionem
3129 2805 3306 2872 tollit,
3349 2805 3499 2883 quod

1899 2911 2003 2950 non
2036 2910 2130 2965 per
2159 2894 2510 2965 ignorantiam
2553 2894 2605 2950 in
2637 2905 2851 2966 peccata
2895 2893 3192 2951 incidamus
3215 2935 3231 2960 ,
3279 2894 3374 2951 sed
3399 2909 3498 2967 per

1897 2989 2090 3044 anima:
2114 2987 2374 3045 desidiam
2399 2998 2452 3044 et
2480 2988 2690 3045 virtutis
2716 2996 3100 3060 contemptum.

1968 3083 2022 3136 3.
2064 3081 2190 3137 ιιιιιιι
2219 3081 2443 3152 singulis
2468 3081 2613 3138 horis
2639 3091 2826 3136 nostro
2844 3095 3121 3138 versemus
3145 3081 3344 3148 animo,
3377 3096 3496 3137 ma-

1897 3189 2053 3243 gnam
2103 3173 2290 3229 salutis
2334 3182 2533 3229 nostra:
2585 3173 2840 3229 habentes
2886 3172 3338 3240 sollicitudinem,
3388 3190 3494 3242 ne,
3599 3215 3604 3226 ..

1899 3273 2252 3336 pra-tcreunte
2291 3273 2553 3336 tempore,
2599 3263 2927 3338 ignorantes,
2972 3265 3128 3322 nobis
3173 3265 3302 3335 ipsis
3329 3268 3498 3322 matti-

1899 3371 2042 3410 mum
2087 3354 2380 3411 inferamus
2423 3354 2700 3411 damnum.
2746 3355 2850 3410 Sed
2895 3355 3277 3426 proatniorum
3323 3357 3494 3413 satis:

1897 3446 2175 3502 audiamus
2199 3454 2377 3501 autem
2399 3488 2415 3510 ,
2448 3445 2491 3502 si
2523 3445 2714 3517 placet,
2746 3462 2866 3516 quzc
2895 3457 2948 3502 et
2973 3446 3132 3502 hodie
3172 3463 3268 3502 nos
3297 3446 3498 3503 docere

1899 3539 2012 3593 vult
2036 3538 2267 3609 Spiritus
2291 3539 2460 3594 sancti
2487 3539 2655 3610 gratia
2685 3554 2779 3609 per
2807 3540 2945 3595 beati
2975 3539 3139 3596 Musis
3160 3541 3412 3612 linguam.
3436 3540 3494 3597 9.

1901 3630 1967 3684 Et
1997 3632 2150 3696 dixit,
2172 3629 2364 3701 inquit,
2398 3628 2534 3686 Deus
2555 3647 2574 3685 :
2599 3630 2942 3703 Congregetur
2963 3647 3096 3701 aqua
3119 3647 3234 3701 qua:
3258 3631 3349 3686 sub
3369 3633 3498 3688 calo

1898 3735 2001 3789 est,
2034 3724 2095 3778 in
2129 3726 2568 3794 congregationem
2612 3740 2789 3790 unam,
2837 3733 2882 3778 et
2925 3735 3170 3794 appareat
3214 3725 3383 3782 arida.
3432 3724 3498 3780 Et

1898 3817 2091 3884 factum
2113 3823 2186 3868 est
2207 3814 2299 3867 ita.
2329 3812 2460 3869 Vide
2485 3811 2604 3880 hic,
2633 3814 2857 3869 obsecro
2875 3855 2889 3876 .
2916 3813 3144 3875 dilecte.
3169 3815 3412 3872 ordinem
3441 3829 3491 3872 et

1899 3904 2334 3975 consequentiam
2375 3903 2652 3974 optimam.
2685 3903 2818 3972 Quia
2861 3904 3068 3960 dixerat
3107 3905 3158 3960 in
3198 3907 3492 3977 principio:

1899 3994 2059 4050 Terra
2087 4009 2196 4051 erat
2218 3995 2482 4050 invisibilis
2511 4004 2557 4050 et
2595 3996 2954 4066 incomposita,
2985 4012 3051 4052 co
3090 3999 3230 4068 quod
3261 3999 3494 4054 tenebris

1901 4095 1955 4141 et
1982 4087 2134 4157 aquis
2153 4087 2498 4158 obtegeretur
2521 4105 2535 4141 :
2562 4095 2616 4142 et
2640 4087 2833 4142 deinde
2857 4089 3114 4159 praecepit
3134 4090 3222 4147 die
3237 4092 3492 4158 secundo,

1903 4190 1958 4232 ut
2005 4187 2148 4234 esset
2202 4178 2636 4245 firmamentum,
2694 4187 2748 4232 et
2792 4193 3054 4248 aquarum
3102 4182 3494 4249 scparationcm

1902 4268 2045 4335 fecit,
2075 4271 2387 4342 vocavitque
2430 4270 2824 4325 firmamentum
2861 4271 3047 4325 caelum
3079 4289 3092 4326 :
3122 4288 3261 4328 nunc
3302 4274 3496 4330 iterum

1900 4361 2056 4417 docet
2083 4377 2181 4418 nos
2201 4403 2216 4429 ,
2256 4375 2316 4416 se
2351 4361 2440 4417 die
2471 4362 2630 4417 tertio
2657 4363 2975 4432 przecepisse
3015 4379 3168 4435 aqua:
3189 4407 3204 4432 ,
3233 4381 3353 4436 qua:
3399 4368 3500 4423 sub

1901 4455 2064 4520 ctelo,
2095 4453 2196 4509 Itoe
2231 4461 2344 4520 est,
2375 4454 2732 4520 firmamento,
2767 4461 2823 4507 ut
2851 4452 2908 4508 in
2929 4469 3085 4508 uuam
3127 4459 3494 4530 congregatio-

1903 4562 2026 4601 nem
2068 4547 2410 4612 conveniret,
2455 4555 2511 4602 et
2553 4546 2726 4600 locum
2769 4545 2958 4610 daret,
3004 4557 3163 4618 atque
3215 4561 3497 4620 appareret

1902 4637 2087 4693 arida:
2133 4646 2187 4694 et
2227 4636 2434 4693 factum
2453 4645 2537 4692 est
2575 4637 2666 4692 ita.
2694 4637 2828 4705 Quia
2863 4638 3009 4694 enim
3054 4639 3232 4694 omnia
3279 4640 3495 4712 impleta

1903 4735 2058 4784 erant
2090 4727 2243 4799 aquis
2265 4770 2280 4795 ,
2299 4727 2455 4798 jussit
2483 4727 2534 4783 in
2561 4743 2721 4784 unam
2747 4733 3212 4800 congregationem
3236 4747 3495 4804 aquarum

1904 4817 2300 4873 multitudinem
2327 4819 2643 4884 concedere,
2669 4830 2725 4874 ιιι
2751 4820 2832 4875 sic
2857 4833 3135 4892 appareret
3163 4823 3333 4879 arida.
3361 4824 3496 4880 Vide

1903 4908 2172 4979 quomodo
2223 4909 2477 4982 paulatim
2537 4911 2678 4966 illius
2731 4911 2886 4968 nobis
2941 4913 3388 4983 pulchritudinem
3443 4927 3499 4971 et

1904 5012 2149 5056 ornatum
2177 5001 2427 5057 ostendit.
2461 5001 2524 5056 Et
2567 5007 2757 5074 factum
2791 5013 2893 5070 est,
2921 5004 3028 5071 ait,
3060 5005 3148 5058 ita.
3177 5005 3501 5073 Quomodo?

1903 5094 2051 5152 Sicut
2104 5105 2427 5166 praeceperat
2480 5095 2752 5150 Dominus.
2817 5096 2955 5151 Dixit
2998 5096 3170 5151 solum
3194 5137 3211 5164 ,
3258 5104 3316 5154 et
3364 5113 3500 5170 opus

1904 5187 2287 5257 sultsequutum
2335 5195 2437 5241 est.
2486 5186 2597 5242 Hoc
2632 5187 2774 5242 enim
2819 5187 3085 5257 peculiare
3135 5187 3226 5242 Dei
3283 5197 3384 5254 est,
3433 5198 3494 5244 ut

1906 5277 2198 5336 secundum
2229 5277 2556 5333 voluntatem
2587 5293 2736 5333 suam
2771 5290 3045 5335 creaturas
3074 5265 3396 5336 moderetur;
3430 5277 3498 5334 Et

1906 5379 2210 5442 congregata
2248 5378 2318 5425 eat
2336 5409 2351 5435 ,
2381 5369 2581 5440 inquit,
2613 5386 2744 5439 aqua
2768 5385 2882 5440 quo
2904 5370 2995 5425 sub
3019 5372 3144 5425 acto
3163 5412 3176 5433 ,
3206 5372 3257 5425 in
3283 5386 3498 5443 congre-

1907 5462 2130 5534 gationes
2160 5476 2300 5528 suas,
2347 5470 2394 5515 et
2442 5462 2682 5532 apparuit
2727 5461 2897 5515 arida.
2942 5461 3399 5528 Quemadmodum
3428 5461 3504 5518 de

1903 5555 2025 5610 lucc
2052 5553 2250 5608 dictant
2281 5561 2363 5608 est
2385 5592 2402 5619 ,
2431 5552 2572 5622 quod
2602 5567 2723 5608 cum
2765 5561 2946 5609 essent
2983 5551 3178 5622 ubique
3227 5553 3462 5610 tenebrae
3482 5593 3502 5620 ,

1905 5645 2121 5718 jusserit
2150 5644 2367 5716 produci
2397 5645 2569 5700 lucem
2591 5687 2606 5712 ,
2638 5653 2692 5700 et
2720 5646 3110 5716 separatiouem
3143 5644 3329 5701 fecerit
3367 5647 3500 5702 lucis

1906 5752 1969 5794 ac
1991 5738 2350 5803 tenebrarum,
2373 5746 2428 5794 et
2450 5738 2586 5794 hanc
2612 5737 2857 5794 tribuerit
2876 5736 3002 5804 diei,
3017 5733 3156 5812 istas
3174 5745 3303 5787 vero
3323 5733 3469 5792 nocti
3492 5750 3503 5798 ;

1907 5831 2150 5888 similiter
2180 5831 2378 5887 dictum
2407 5839 2488 5886 est
2510 5875 2524 5898 ,
2552 5830 2691 5902 quod
2736 5842 2862 5887 cutI
2897 5827 3152 5901 produxit
3187 5827 3499 5884 lit-mamen-

1910 5934 2043 5993 tum,
2069 5940 2323 5998 aquarum
2353 5925 2482 5980 alias
2509 5921 2837 5996 superiorem
2861 5921 3035 5978 locum
3057 5935 3345 5991 occupare,
3367 5924 3497 5981 alia:
