4086 6490
591 435 655 496 II
1240 439 1296 496 S.
1335 438 1610 497 JOANNIS
1644 389 2114 495 ωιιιέςοδτωη
2161 435 2177 490 ι

2281 432 2474 492 IlllEl’.
2513 437 3044 496 CONSTANTINOP.
3775 442 3841 496 εἴ

591 559 767 606 autem
791 551 890 607 sub
917 551 1250 608 ﬁrmamento
1281 570 1400 610 esse
1422 555 1674 623 jusserit:
1699 555 1775 610 sic
1799 563 1853 609 et
1878 568 2016 608 nitnc
2045 550 2162 606 illas

595 645 734 710 ipsas
774 659 970 714 aquas,
998 659 1114 714 qua:
1161 645 1260 699 sub
1300 644 1634 700 ﬁrmamento
1679 657 1866 707 erant,
1923 645 1973 698 in
2001 657 2159 697 unam

593 737 1052 804 congregationem
1069 736 1219 805 jubet
1243 738 1404 800 coire,
1429 748 1482 792 ut
1505 747 1757 807 appareat
1775 737 1940 798 arida,
1964 749 2016 791 et
2041 748 2168 794 tunc

598 823 718 876 buic
747 827 905 879 etiam
936 840 1087 880 suum
1129 841 1318 880 nomen
1358 827 1628 898 imponat;
1671 831 1805 882 sicut
1841 827 1908 882 de
1951 826 2066 881 luce
2109 836 2166 886 et,

599 913 832 969 tenebris
860 915 1053 971 dictum
1079 928 1177 972 cst.
1208 918 1534 991 Congregatc
1555 921 1682 975 enim
1706 931 1847 986 sunt,
1875 921 1983 984 ait,
2019 935 2165 990 aqua

597 1022 709 1073 qua:
733 1008 824 1060 sub
850 1010 972 1062 calo
995 1020 1158 1076 eram,
1185 1012 1240 1065 in
1270 1015 1671 1084 congregationes
1695 1029 1831 1075 suas,
1857 1024 1901 1068 et
1929 1014 2166 1081 apparuit

598 1099 783 1152 milia:
836 1099 919 1153 10.
967 1111 1012 1152 et
1057 1103 1244 1155 vocarit
1288 1103 1423 1158 Deus
1463 1105 1658 1158 aridam
1703 1111 1906 1157 terram.
1938 1105 2163 1166 Vidisti,

599 1186 807 1248 dilecte.
832 1191 1098 1257 quomodo
1131 1193 1265 1247 Deus
1289 1204 1500 1258 terram,
1528 1211 1646 1263 qua:
1678 1196 1950 1250 invisibilis
1978 1207 2089 1249 erat
2113 1207 2166 1249 et

603 1277 967 1347 incomposita,
998 1289 1050 1333 et
1088 1282 1233 1348 aquis
1273 1283 1419 1351 quasi
1472 1285 1816 1340 velaminibus
1854 1285 2165 1355 quihusdam

600 1365 962 1435 obtegebatur,
988 1369 1316 1438 despoliavit,
1341 1381 1398 1425 ut
1421 1373 1497 1426 sic
1520 1373 1715 1437 dicam,
1744 1383 1797 1429 et
1821 1375 2006 1430 faciem
2031 1374 2172 1429 illius

604 1457 756 1511 nobis
789 1461 1115 1525 menstravit,
1141 1463 1352 1530 preprio
1376 1464 1533 1517 etiam
1563 1465 1775 1519 nomine
1799 1464 2081 1534 imposito?
2103 1463 2168 1517 lat

604 1551 1029 1620 congregationes,
1056 1553 1164 1618 ait,
1208 1570 1449 1623 aquarum
1491 1556 1678 1608 vocavit
1726 1556 1906 1608 maria.
1955 1555 2092 1608 Ecce
2117 1564 2172 1609 et

602 1655 752 1710 aqua:
783 1657 971 1697 nomen
1003 1659 1154 1697 suum
1183 1647 1381 1699 sortita.-
1411 1657 1550 1698 snnt.
1575 1645 1702 1699 Nam
1731 1645 2170 1714 quemadmodum

601 1731 839 1800 optimus
871 1734 1053 1789 artifex
1093 1745 1206 1788 arte
1244 1752 1337 1790 sua
1381 1751 1471 1790 vas
1510 1736 1719 1805 aliquod
1762 1735 2016 1799 facturus,
2066 1752 2170 1789 non

605 1835 757 1878 antea
782 1824 855 1878 illi
881 1840 1068 1879 nomen
1101 1827 1341 1894 imponit,
1363 1828 1530 1881 donec
1553 1829 1822 1883 absolvat:
1850 1827 1918 1881 ita
1943 1837 1996 1881 et
2027 1827 2173 1881 beni-

604 1927 740 1982 gnns
783 1913 1029 1967 Dominus
1056 1917 1264 1968 nomina
1295 1918 1571 1970 eletnent‘s
1608 1931 1713 1970 non
1742 1926 1892 1970 antea
1929 1917 2174 1985 itttpOt.il,

603 2003 775 2058 donec
809 2018 868 2058 ea
903 2005 957 2058 in
992 2007 1214 2075 propriis
1243 2007 1372 2062 locis
1401 2022 1497 2061 suo
1524 2017 1784 2077 prmcepto
1810 2019 1986 2078 ponat.
2019 2008 2174 2077 Igitur

607 2105 881 2164 postquam
909 2105 1046 2150 terra
1073 2114 1264 2152 nomen
1302 2113 1454 2152 suum
1481 2101 1701 2168 accepit,
1733 2110 1787 2154 et
1812 2100 1875 2153 ad
1911 2101 2172 2169 propriam

609 2185 829 2237 formam
878 2187 1151 2254 pervenit,
1187 2189 1345 2241 etiarn
1387 2204 1536 2256 aqua:
1581 2199 1910 2258 congregata:
1962 2192 2176 2258 proprio

609 2273 861 2328 vocabulo
900 2276 1178 2330 nominata:
1219 2286 1361 2331 sunt.
1407 2276 1606 2331 Vocavit
1631 2277 1803 2344 enim,
1835 2279 1944 2347 ait,
1969 2294 2176 2348 congre-

605 2363 828 2433 gutioues
872 2381 1117 2431 aquarum
1155 2368 1334 2420 maria.
1380 2367 1624 2422 Subdidit
1676 2369 1904 2424 iterum:
1953 2369 2014 2422 Et
2056 2370 2176 2422 vidit

611 2454 744 2508 Ihm
768 2457 899 2524 quod
929 2459 1132 2512 bonum.
1161 2459 1289 2514 Nam
1314 2460 1433 2530 quia
1462 2459 1690 2515 humana
1727 2471 1908 2516 natura
1940 2461 2177 2516 imbeci-

611 2545 674 2598 lis
720 2556 822 2608 est,
869 2557 924 2618 et
978 2563 1138 2616 opera
1193 2550 1284 2603 Dei
1329 2549 1488 2620 digne
1529 2550 1743 2606 laudare
1791 2567 1894 2604 non
1934 2561 2176 2618 poterat,

612 2651 983 2704 praeoccupans
1009 2638 1182 2692 divina
1212 2639 1480 2710 Scriptura
1511 2651 1777 2710 acceptam
1809 2642 1876 2696 ab
1904 2642 2016 2710 ipso
2048 2641 2177 2719 Opi-

611 2725 709 2782 Ioc
733 2727 936 2782 laudem
960 2743 1054 2783 nos
1083 2728 1252 2784 ducet.

679 2818 732 2873 4.
775 2805 934 2887 igitur
969 2820 1179 2890 quando
1215 2821 1413 2886 discis,
1465 2822 1560 2892 ipsi
1599 2821 1872 2877 Conditori
1911 2832 2179 2877 creaturas

611 2909 776 2964 bonas
804 2911 941 2965 visas
969 2926 1119 2977 esse,
1171 2913 1424 2982 majorem
1453 2913 1664 2983 quidem
1694 2915 1744 2968 in
1773 2913 1982 2968 modum
2007 2915 2179 2967 admi-

610 3002 744 3055 rcris
766 3017 980 3058 necesse
995 3013 1076 3058 est
1100 3020 1115 3067 ;
1144 3003 1271 3058 nihil
1293 3014 1467 3060 tamen
1488 3007 1552 3059 ad
1575 3005 1782 3061 laudem
1803 3015 1855 3060 et
1881 3005 2178 3061 encomimn

610 3094 834 3162 amplius
867 3095 1054 3151 afferre
1083 3099 1300 3163 p02eris.
1329 3097 1509 3150 Talem
1539 3099 1680 3151 enim
1727 3097 1943 3151 sortitus
1981 3112 2041 3150 es
2074 3096 2179 3149 Do-

613 3185 832 3248 minum,
859 3186 948 3254 qui
977 3187 1235 3252 ejusmodi
1263 3201 1422 3254 opera
1455 3185 1598 3247 facit,
1625 3203 1743 3256 qua:
1769 3205 1795 3238 a
1828 3185 1980 3240 nobis
2009 3200 2180 3254 neque

612 3273 810 3329 laudari
851 3276 978 3328 satis
1001 3284 1242 3344 possunt.
1273 3275 1551 3342 Quomodo
1575 3277 1714 3331 enim
1759 3291 2005 3346 umquam
2052 3291 2183 3346 opus

613 3370 704 3423 liei
753 3385 849 3438 pro
887 3371 1138 3440 dignitate
1190 3373 1402 3428 laudare
1452 3385 1627 3444 poset
1676 3374 1900 3430 humana
1958 3375 2183 3429 natura?

613 3460 876 3514 Ca'terum
905 3476 998 3529 per
1017 3476 1076 3515 ea
1103 3478 1220 3530 qua:
1255 3463 1658 3532 subjunguntur,
1687 3465 1964 3519 considera
1994 3465 2178 3519 ineffa-

615 3550 772 3605 bilem
797 3549 887 3604 Dei
912 3552 1109 3621 egregii
1131 3552 1345 3606 artiﬁcis
1373 3554 1704 3623 sapientiam.
1737 3555 2018 3624 Postquam
2039 3555 2181 3609 enim

612 3643 764 3696 nobis
788 3653 1021 3711 apertam
1047 3653 1200 3698 teme
1227 3645 1410 3699 faciem
1437 3645 1764 3706 monstravit,
1795 3655 2175 3712 couscqucntet

613 3748 711 3788 suo
740 3744 1004 3804 prtecepto
1025 3734 1298 3789 decentem
1325 3737 1372 3790 ei
1401 3736 1642 3790 concedit
1662 3737 1916 3806 speciem,
1945 3749 1998 3791 ct
2017 3738 2182 3790 semi-

613 3839 738 3876 num
765 3824 1018 3878 varietate
1043 3823 1156 3892 ejus
1183 3824 1403 3878 adornat
1433 3825 1638 3880 faciem.
1673 3827 1755 3882 ll,
1785 3825 1849 3878 Et
1876 3827 2002 3880 dixit
2023 3869 2035 3887 ,
2069 3828 2181 3892 ait,

615 3913 792 3968 Deus:
837 3914 1088 3970 (ierminet
1135 3926 1266 3968 terra
1317 3916 1517 3969 herbam
1554 3918 1702 3986 fami,
1735 3918 1984 3971 seminans
2021 3935 2183 3971 semen

612 4005 883 4058 secundum
903 4023 1057 4076 genus
1077 4016 1123 4059 et
1145 4007 1555 4060 similitudinem:
1576 4017 1621 4060 et
1650 4008 1839 4075 lignum
1861 4007 2182 4077 frugiferum,

613 4098 802 4167 faciens
838 4098 1055 4167 fructum
1079 4139 1094 4161 ,
1121 4099 1264 4166 cujus
1306 4115 1472 4152 semen
1521 4099 1571 4152 in
1613 4100 1877 4168 semetipso
1910 4099 2184 4152 secundant

612 4187 1009 4252 similitudinem,
1033 4189 1301 4241 secundum
1327 4205 1482 4258 genus
1506 4206 1655 4258 super
1676 4200 1877 4241 terram.
1904 4189 1966 4242 Et
1996 4194 2062 4259 [ac
2077 4199 2183 4240 tum

612 4290 685 4333 est
710 4281 800 4334 ita.
829 4280 966 4347 Quid
1005 4291 1084 4333 est
1129 4280 1255 4334 illud
1282 4322 1296 4345 ,
1332 4280 1396 4332 Et
1426 4283 1612 4351 factum
1642 4289 1712 4334 est
1748 4281 1859 4334 ita?
1887 4280 2140 4348 Prii-cepit
2167 4322 2180 4344 ,

616 4368 818 4433 inquit,
852 4369 1136 4431 Dominus,
1167 4379 1222 4422 et
1255 4369 1431 4424 statim
1467 4379 1604 4422 terra
1641 4385 1765 4423 suos
1795 4381 1976 4439 partus
2013 4380 2184 4422 ntnltt-

615 4473 755 4519 rans.
789 4461 853 4514 ad
883 4461 1141 4516 seminum
1172 4477 1386 4531 germen
1414 4461 1641 4530 seipsam
1671 4461 1967 4514 adornavit.
2003 4460 2086 4513 Η.
2119 4458 2182 4513 Et

614 4551 818 4617 protulit
867 4561 998 4603 terra
1045 4551 1245 4604 herbam
1289 4551 1408 4619 [cui
1433 4592 1446 4611 ,
1499 4551 1688 4619 inquit,
1732 4551 1982 4604 seminans
2021 4567 2185 4604 semen

611 4643 883 4695 secundum
906 4657 1082 4711 genus,
1109 4652 1154 4695 et
1181 4643 1453 4694 secundum
1481 4642 1895 4695 similitudinem:
1923 4649 1968 4693 et
1993 4641 2184 4711 lignum

613 4732 912 4802 frugiferum
938 4732 1129 4801 {oriens
1154 4733 1373 4800 [metum
1397 4771 1410 4795 ,
1438 4732 1583 4801 cujus
1611 4747 1776 4784 semen
1805 4747 1949 4786 suum
1977 4731 2030 4784 in
2075 4732 2185 4798 ipso

611 4821 885 4875 secundum
925 4839 1082 4891 genus
1106 4839 1256 4891 super
1285 4832 1488 4876 terram.
1535 4819 1630 4874 llic
1672 4819 2030 4876 animadverte
2053 4861 2066 4882 ,
2100 4821 2183 4873 tli-

616 4912 774 4977 Iectc,
802 4913 1068 4983 quomodo
1091 4913 1252 4966 verbo
1281 4913 1484 4967 Domini
1511 4913 1686 4966 omnia
1719 4912 1851 4967 facta
1879 4921 1996 4965 sunt
2027 4926 2186 4980 super

615 5013 828 5056 terram.
861 5002 974 5056 Non
1031 5003 1174 5056 enim
1215 5013 1326 5057 erat
1374 5004 1531 5057 homo
1559 5002 1649 5072 qui
1699 5013 2026 5074 operaretur,
2081 5018 2184 5056 non

614 5103 844 5146 aratrum
870 5135 886 5159 ,
917 5109 1021 5147 non
1065 5093 1221 5146 bomn
1247 5094 1554 5161 eonperatio
1576 5134 1592 5160 ,
1620 5109 1724 5148 non
1762 5093 1901 5147 aliud
1922 5093 2183 5161 ejusmodi

613 5184 842 5237 studium
874 5202 888 5238 :
919 5184 1011 5239 sed
1051 5185 1221 5239 solum
1270 5185 1468 5238 audivit
1514 5194 1854 5255 przeeeptum,
1901 5195 1956 5240 et
2006 5189 2184 5239 statim

613 5272 754 5340 quod
797 5283 947 5327 suum
978 5283 1090 5328 erat
1133 5273 1273 5328 fecit.
1317 5274 1389 5328 Ex
1418 5289 1524 5344 quo
1558 5273 1832 5339 discimus,
1855 5275 2014 5329 etiam
2047 5289 2187 5329 nunc

615 5379 787 5432 neque
830 5379 1011 5418 curant
1055 5366 1400 5433 agricolarum
1427 5409 1442 5431 ,
1488 5381 1658 5437 neque
1703 5365 1972 5431 laborem,
2018 5382 2187 5437 neque

613 5456 747 5510 alias
789 5456 843 5510 iu
891 5456 1131 5511 colendis
1178 5458 1318 5526 agris
1361 5473 1664 5520 :rrumnas,
1722 5455 1985 5512 fructuum
2037 5457 2192 5512 nubis

619 5555 926 5618 proventum
980 5563 1262 5619 promere;
1295 5548 1385 5602 sed
1433 5559 1555 5604 ante
1587 5549 1699 5603 lucc
1736 5548 1914 5602 omnia
1968 5549 2185 5602 verbum

619 5639 745 5705 Dei,
777 5639 916 5709 quod
953 5640 1020 5693 ab
1064 5642 1212 5696 initio
1250 5640 1319 5694 ad
1366 5651 1558 5696 terram
1606 5641 1801 5697 factum
1842 5650 1943 5696 est.
1971 5642 2110 5707 Quin
2136 5651 2190 5697 et

617 5733 846 5792 futuram
885 5734 1135 5804 ingratam
1189 5734 1459 5791 hominum
1513 5746 1742 5790 utentem
1791 5735 2062 5804 corrigens
2106 5733 2188 5789 di-

613 5827 732 5885 vina
791 5826 1105 5898 Scriptura,
1151 5826 1427 5898 diligenter
1472 5826 1648 5883 omnia
1697 5824 1848 5884 nobis
1897 5823 2187 5884 secundum

2267 551 2510 608 ordinem
2539 553 2794 608 factorum
2824 565 3038 617 narrat,
3067 565 3122 608 ut
3149 563 3444 622 compescat
3485 555 3844 609 temeritatem

2266 652 2321 697 et
2355 643 2696 699 deliramenta
2725 659 2908 698 eorum
2935 645 3022 714 qui
3065 643 3307 713 ﬁgmenta
3345 658 3438 698 sua
3477 644 3758 699 venditant
3793 655 3846 700 et

2266 732 2445 790 dicere
2465 734 2680 797 audent,
2703 735 2829 788 solis
2848 734 3220 802 cooperatione
3239 734 3303 788 ad
3331 734 3592 788 fructuum
3616 749 3848 803 proven-

2268 831 2378 878 tum
2407 838 2541 892 Opus
2569 839 2708 879 esse.
2738 823 2872 879 Sunt
2899 836 2947 879 et
2988 825 3099 890 alii,
3129 825 3216 894 qui
3248 824 3360 878 hi-c
3395 823 3553 878 astris
3580 824 3850 893 aliquibus

2267 914 2568 970 adscribere
2595 916 2828 968 nituntttr
2861 914 2954 984 (η).
2986 914 3268 982 Propterea
3297 915 3453 969 ducet
3487 931 3583 970 nos
3612 914 3851 982 Spiritus

2267 1016 2503 1071 sanctus,
2530 1015 2650 1060 ante
2690 1006 3052 1061 formationem
3083 1006 3269 1059 horum
3307 1007 3693 1060 elementorum
3735 1020 3851 1058 ser-

2270 1098 2410 1152 moni
2432 1108 2483 1151 et
2509 1107 2772 1166 praeepto
2797 1099 2884 1152 Dei
2913 1099 3362 1165 obtemperantem
3391 1095 3635 1150 tellurem
3665 1095 3848 1148 nimia

2269 1188 2470 1242 semina
2508 1187 2757 1252 edidisse,
2803 1189 2948 1241 nullo
2991 1189 3096 1242 alio
3131 1188 3197 1240 ad
3240 1187 3667 1256 cooperationern
3714 1199 3851 1252 opus

2271 1278 2571 1332 habentem.
2598 1277 2903 1332 Sufliciebat
2940 1279 3079 1331 enim
3115 1281 3163 1331 ei
3209 1292 3302 1345 pro
3343 1275 3591 1332 onmilms
3617 1276 3848 1330 verbum

2273 1369 2440 1424 illud:
2489 1369 2738 1423 Ccrminet
2777 1379 2910 1423 terra
2954 1369 3155 1422 herbam
3184 1369 3324 1435 farti.
3365 1365 3621 1432 Quocirca
3649 1367 3848 1420 divina

2272 1461 2556 1531 Scriptura:
2586 1460 2800 1530 vestigia
2841 1475 3146 1529 sequamur,
3183 1474 3350 1528 neque
3378 1458 3609 1511 feramus
3636 1472 3735 1510 eos
3760 1457 3848 1523 qui

2275 1551 2494 1606 adversa
2533 1552 2638 1606 illis
2667 1563 2865 1606 temere
2895 1552 3170 1606 blaterant.
3201 1551 3331 1606 Nam
3368 1550 3572 1604 etiamsi
3601 1550 3848 1602 homines

2276 1649 2468 1696 terram
2499 1652 2803 1712 operentur,
2830 1643 3256 1712 ctjumcntorum
3285 1640 3478 1694 auxilio
3501 1639 3764 1700 fruantur,
3796 1648 3849 1691 et

2274 1748 2516 1804 magnam
2560 1743 2715 1788 terra:
2747 1750 2926 1789 curam
2971 1734 3216 1791 habeant.
3256 1737 3364 1791 etsi
3397 1745 3584 1799 magna
3625 1729 3696 1782 sit
3732 1729 3846 1782 επιειὶ

2277 1826 2582 1896 temperies,
2614 1836 2662 1879 et
2695 1825 2870 1879 omnia
2913 1824 3015 1877 alia
3043 1833 3381 1882 concurrant.
3427 1821 3524 1874 nisi
3556 1831 3712 1872 nutus
3745 1819 3849 1870 Do-

2277 1917 2402 1971 mini
2429 1915 2642 1970 accedat
2664 1955 2679 1978 ,
2709 1915 2885 1970 omnia
2915 1914 3015 1968 alia
3046 1913 3234 1968 frustra
3263 1921 3313 1966 et
3342 1911 3392 1964 in
3421 1925 3614 1963 vanum
3635 1908 3847 1962 cedent.

2277 2017 2327 2064 et
2359 2008 2487 2062 nihil
2533 2006 2771 2077 proﬁciet
2808 2006 2979 2076 quivis
3026 2005 3174 2059 labor
3208 2012 3259 2058 et
3303 2004 3486 2065 sudor.
3519 2002 3620 2056 nisi
3663 2014 3853 2054 manus

2281 2099 2484 2153 Domini
2515 2113 2743 2167 superno
2785 2097 3017 2165 adjuvet,
3062 2105 3113 2151 et
3152 2095 3527 2164 perfectimiem
3574 2093 3656 2146 his
3698 2093 3856 2146 rebus

2280 2191 2492 2245 tribuat.
2519 2191 2648 2258 Quis
2678 2206 2784 2244 non
2807 2190 3202 2257 obstupesceret
3224 2196 3277 2240 et
3299 2185 3649 2239 admiraretur
3669 2225 3683 2244 ,
3706 2183 3850 2250 cogi-

2280 2289 2394 2334 tans
2423 2280 2688 2350 quomodo
2719 2280 2936 2334 verbum
2979 2278 3183 2332 Βυιηίηἰ
3229 2278 3391 2344 illud,
3437 2274 3687 2329 Carmine!
3725 2283 3859 2327 terra

2278 2371 2480 2424 herbam
2509 2373 2649 2441 finiti,
2680 2371 2729 2424 in
2757 2371 2865 2440 ipsa
2895 2371 3092 2423 viscera
3119 2379 3272 2422 terra:
3293 2365 3598 2429 descendat,
3623 2375 3675 2417 et
3705 2365 3856 2433 quasi

2280 2464 2573 2518 admirabili
2601 2463 2826 2534 quodam
2858 2463 3029 2533 peplo,
3053 2473 3209 2518 terrae
3239 2463 3422 2517 faciem
3453 2461 3610 2516 variis
3637 2460 3860 2513 ﬁoribus

2281 2553 2542 2609 adornet?
2567 2553 2857 2624 Videreque
2879 2565 2994 2608 erat
3019 2555 3191 2609 subito
3218 2562 3430 2616 terram,
3460 2568 3578 2621 qum
3603 2561 3756 2604 antea
3783 2552 3858 2602 in-

2283 2644 2465 2699 formis
2493 2655 2545 2698 et
2582 2644 2776 2699 int-ulta
2803 2655 2916 2698 erat
2941 2686 2955 2709 ,
2984 2656 3182 2697 tantam
3219 2644 3487 2710 accepisse
3515 2641 3860 2710 puleln-ittnli-

2281 2749 2424 2796 nem,
2458 2743 2514 2786 ut
2550 2733 2701 2802 quasi
2733 2749 2852 2787 cum
2893 2735 3024 2787 (3:1th
3063 2741 3312 2787 certaret.
3349 2731 3478 2786 Nam
3505 2732 3639 2784 sicut
3667 2729 3858 2782 ea-luiu

2283 2824 2436 2891 paulo
2463 2833 2582 2892 post
2623 2823 2916 2877 ornandum
2947 2833 3058 2877 erat
3095 2835 3356 2876 astrorum
3385 2821 3663 2883 varietate,
3693 2820 3770 2872 sic
3808 2828 3861 2871 et

2284 2914 2437 2968 tellus
2462 2914 2648 2968 ﬂorum
2682 2914 2954 2983 multijuga
2986 2915 3241 2968 varietate
3265 2913 3582 2971 ornabatur,
3611 2911 3681 2982 ita
3712 2920 3768 2962 ut
3809 2918 3862 2962 et

2283 3004 2466 3073 Opifes
2515 3005 2565 3059 in
2610 3003 2815 3059 laudem
2853 3007 2967 3073 ejus
3011 3012 3418 3074 prorumperet:
3464 3002 3657 3057 etenim
3699 2999 3860 3064 Vidit,

2282 3097 2386 3160 ait,
2417 3094 2569 3152 Deus.
2597 3095 2732 3164 quod
2758 3105 2882 3149 esset
2911 3095 3113 3149 bonum.

2356 3190 2410 3244 5.
2455 3188 2636 3241 Vidisti
2680 3187 2946 3258 quomodo
2984 3202 3076 3256 rer
3120 3186 3324 3256 singula
3377 3199 3494 3254 qum
3537 3186 3669 3238 facta
3701 3192 3861 3246 sunt.

2286 3279 2528 3334 ostendat
2552 3279 2848 3333 laudantem
2870 3277 3142 3345 Opiﬁecm,
3167 3287 3224 3330 ut
3243 3276 3486 3330 homines
3511 3285 3712 3344 postea,
3745 3275 3864 3329 haec

2285 3369 2480 3434 edocti,
2505 3384 2568 3423 ex
2595 3369 2850 3424 creaturis
2875 3368 2939 3422 ad
2977 3367 3281 3422 Creatorem
3323 3367 3701 3421 recurrerent?
3727 3365 3860 3420 Nam

2286 3461 2330 3515 si
2357 3469 2614 3515 creatura:
2654 3458 2953 3529 hujusmodi
2985 3460 3088 3512 sint
3111 3500 3124 3520 .
3154 3465 3212 3512 ut
3234 3457 3300 3510 ab
3326 3456 3538 3510 homine
3569 3471 3666 3526 pro
3690 3456 3865 3525 digni-

2288 3561 2395 3606 tate
2432 3551 2630 3605 laudari
2671 3559 2971 3619 nequeant:
3013 3548 3138 3619 quid
3181 3547 3248 3603 de
3287 3548 3476 3616 opiﬁee
3526 3548 3640 3617 ipso
3682 3547 3866 3602 dicere

2286 3643 2406 3712 quis
2427 3643 2656 3712 poterit?
2684 3641 2745 3696 Et
2771 3641 2921 3704 sidit,
2952 3640 3052 3701 ait,
3082 3638 3218 3694 Deus
3243 3640 3376 3707 quod
3397 3649 3521 3693 esset
3542 3639 3744 3692 bonum.
3777 3640 3861 3692 l5.

2289 3737 2356 3788 Et
2384 3741 2569 3804 factum
2599 3746 2669 3790 est
2695 3750 2891 3804 vespere
2911 3774 2926 3795 ,
2958 3739 3006 3787 et
3035 3735 3223 3804 factum
3252 3742 3322 3786 est
3344 3748 3510 3793 mane,
3533 3731 3638 3785 dies
3666 3734 3863 3784 tertius.

2289 3827 2446 3882 Vides
2465 3827 2733 3897 quomodo
2763 3824 3004 3880 iterando
3031 3824 3333 3894 frequenter
3354 3823 3670 3885 iloetrinam,
3698 3824 3866 3875 menti

2289 3928 2480 3972 no~tr.e
2518 3917 2782 3972 dictorum
2815 3917 2917 3970 vim
2953 3917 3172 3987 infigere
3202 3914 3346 3968 vult?
3391 3911 3682 3982 Oportebat
3720 3911 3865 3965 enim

2287 4009 2464 4064 dcere
2488 4027 2499 4060 :
2536 4009 2598 4062 Et
2627 4010 2791 4062 laetus
2818 4016 2899 4061 Cal
2931 4005 3046 4061 dies
3075 4007 3284 4060 tertius.
3314 4004 3418 4058 Sed
3443 4002 3562 4057 vide
3595 4000 3870 4071 quomodo

2287 4100 2355 4155 de
2381 4085 2598 4169 singulis
2625 4099 2811 4153 diebus
2837 4101 2914 4153 sic
2939 4099 3079 4153 dicat
3104 4117 3115 4151 :
3149 4097 3214 4151 Et
3243 4095 3432 4166 factum
3458 4105 3529 4148 est
3554 4109 3790 4162 vespere,
3819 4105 3869 4146 es

2288 4197 2476 4264 factum
2515 4202 2585 4246 est
2625 4207 2789 4254 uiuus.
2836 4192 2940 4245 dies
2987 4192 3196 4244 tertius:
3241 4205 3347 4242 non
3392 4187 3723 4256 simpliciter,
3767 4201 3872 4240 nec

2287 4285 2488 4355 absque
2515 4298 2708 4340 causa:
2741 4283 2834 4338 sed
2867 4298 2932 4336 ne
2961 4283 3202 4336 ordinent
3236 4278 3620 4334 coufundamus
3643 4319 3660 4342 ,
3692 4293 3871 4347 neque

2287 4387 2532 4445 putemus
2577 4390 2796 4446 vespera
2843 4376 3120 4444 ingruente
3172 4373 3328 4427 ﬁnem
3367 4370 3633 4440 accepisse
3683 4369 3867 4431 diem;

2287 4468 2379 4525 sed
2422 4469 2652 4523 sciamus
2694 4481 2967 4534 vesperam
3009 4465 3164 4518 ﬁnem
3207 4479 3327 4518 esse
3372 4463 3522 4530 lucis,
3569 4471 3620 4516 et
3672 4463 3873 4530 princi-

2289 4563 2430 4631 pium
2457 4560 2666 4615 nuctis:
2700 4574 2854 4613 mane
2891 4566 3067 4610 autem
3112 4555 3268 4609 ﬁnem
3310 4553 3513 4619 noctis,
3547 4562 3602 4606 et
3627 4553 3870 4621 eunple-

2290 4661 2524 4707 mentum
2547 4649 2675 4705 dici.
2699 4650 2811 4704 lloc
2829 4650 2968 4702 enim
2990 4648 3183 4701 docere
3206 4660 3303 4699 nos
3326 4645 3436 4698 vult
3463 4644 3648 4698 beatus
3672 4643 3868 4706 Moses,

2289 4745 2470 4798 dicens
2494 4760 2508 4797 :
2540 4741 2608 4795 Et
2632 4741 2818 4809 factum
2840 4750 2911 4793 est
2939 4754 3158 4808 vespere.
3190 4746 3235 4790 et
3265 4740 3453 4805 factum
3477 4743 3549 4788 est
3576 4749 3740 4795 mane,
3760 4734 3871 4788 dies

2289 4836 2478 4888 tertius.
2510 4834 2575 4888 Et
2594 4847 2659 4887 ne
2684 4832 2913 4896 mireris,
2941 4829 3154 4891 dilecte,
3179 4827 3223 4882 si
3247 4827 3358 4882 hree
3383 4841 3524 4894 smpe
3543 4835 3593 4878 et
3614 4825 3873 4880 continuo

2289 4927 2427 4980 dicat
2476 4924 2650 4979 divina
2699 4922 2990 4991 Scriptura.
3037 4919 3092 4975 Si
3140 4918 3281 4974 enim
3329 4925 3449 4986 post
3494 4925 3691 4970 tantam
3738 4915 3872 4969 dicti

2293 5019 2638 5088 frequentiam
2665 5014 2829 5070 Judmi
2869 5013 3043 5068 adhuc
3068 5025 3254 5066 errore
3281 5007 3630 5079 pr:eoecnpati
3653 5048 3667 5069 ,
3695 5022 3870 5061 esea:-

2290 5123 2410 5166 eato
2429 5109 2591 5167 corde
2611 5106 2960 5167 contendunt,
2984 5114 3039 5159 et
3060 5118 3331 5172 vesperam
3361 5100 3566 5154 initium
3597 5099 3875 5166 sequentis

2291 5203 2394 5256 diei
2437 5217 2558 5257 esse
2601 5197 3019 5270 npinantur(b),
3059 5194 3387 5263 decipientes
3432 5190 3771 5256 semetipsos,
3819 5199 3875 5244 et

2291 5294 2466 5348 adhuc
2495 5293 2547 5347 in
2577 5291 2763 5345 mnhra
2794 5287 2980 5344 sedent
3003 5328 3017 5350 ,
3051 5286 3270 5340 veritate
3295 5283 3541 5338 omnibus
3569 5280 3831 5348 patefacta
3858 5324 3873 5343 ,

2291 5395 2344 5440 et
2372 5384 2437 5438 ad
2468 5384 2734 5438 lucernam
2776 5378 3008 5434 assident
3029 5419 3044 5440 ,
3071 5376 3184 5430 sole
3217 5374 3432 5443 justitia:
3475 5382 3640 5425 lutum
3684 5371 3874 5424 orbem

2293 5475 2523 5544 Undique
2546 5474 2858 5531 illustrante,
2884 5469 2982 5522 nisi
3007 5476 3148 5520 tanta
3174 5465 3441 5534 diligentia
3463 5474 3513 5518 et
3535 5461 3878 5515 atrcuratione

2293 5567 2584 5631 docuisset,
2616 5563 2772 5632 aliqui
2820 5572 2927 5616 tam
2972 5557 3277 5613 indoeilinin
3323 5555 3719 5608 conten'ioncm
3771 5551 3875 5607 fer-

2293 5651 2429 5715 rent.

2356 5770 2428 5826 (η)
2461 5775 2602 5818 Erant
2623 5779 2705 5821 qui
2729 5768 2870 5815 astris
2892 5773 3037 5814 terra:
3063 5763 3286 5824 regimen
3312 5743 3660 5810 adscriberent.
3693 5817 3715 5826 γ’
3774 5813 3804 5826 υ
3844 5816 3853 5824 ο

2357 5777 2406 5826 (n
2461 5775 2602 5818 Erant
2623 5779 2705 5821 qui
2729 5770 2870 5815 astris
2892 5773 3037 5814 terra:
3063 5770 3286 5824 regimen
3312 5770 3660 5810 adseruit-rem.
3709 5817 3715 5826 ἱ
3796 5818 3804 5825 ⁸
3844 5816 3853 5824 ο

2357 5770 2431 5896 (bi
2455 5830 2600 5883 ωω
2624 5829 2848 5879 dicebant
2871 5837 3127 5891 vesperam
3151 5825 3336 5874 initium
3360 5833 3472 5873 esse
3495 5825 3750 5883 sequentis
3759 5813 3874 5868 dies.
