4086 6494
208 491 272 546 53
1367 484 1431 546 IN
1466 486 1619 543 ων.
1663 481 1702 539 I.
1742 478 1799 539 Gl

1905 479 1984 538 is.
2028 481 2258 543 nouit.
2297 479 2386 542 t't.
3446 485 3521 545 ω

275 601 585 661 Adhortdio
609 604 680 658 ad
701 600 1144 674 obtemperatum
1167 597 1468 670 Scripturis,
1497 608 1547 653 et
1583 594 1652 650 ad
1682 596 1790 664 gla-

207 697 335 752 rietn
357 695 829 760 conmmendat;
857 692 1023 766 leria
1047 693 1273 749 humana
1296 691 1526 748 uirtutem
1551 689 1798 762 sequitur.

203 817 273 831 —
297 789 366 845 At
398 787 476 845 illi
517 786 736 859 quidem
769 786 1019 860 amentia:
1054 801 1168 842 sum
1201 784 1417 858 praemia
1452 790 1801 854 exspectent:

205 893 302 935 nos
327 885 536 941 autem,
581 878 776 949 quibus
814 875 1080 932 donatum
1109 885 1193 932 est
1223 874 1354 932 solis
1382 873 1604 946 justitize
1640 870 1808 928 radiis

205 971 484 1039 illustrari,
510 969 812 1026 divinarum
835 968 1227 1041 Scripturarum
1251 967 1512 1024 doctrina:
1530 965 1805 1036 obtempe-

204 1079 421 1122 remus:
450 1075 511 1122 et
538 1065 680 1120 hunc
703 1079 963 1121 canonem
987 1072 1294 1134 sequentes,
1315 1075 1443 1119 sana
1471 1059 1719 1131 dogmata
1751 1058 1804 1114 in

205 1155 396 1213 mentis
421 1163 630 1212 nostrae
655 1153 1021 1226 promptuario
1049 1166 1390 1224 reponamus,
1412 1159 1467 1206 et
1490 1165 1594 1206 una
1617 1163 1803 1205 eorum

203 1261 386 1302 esram
405 1286 423 1311 .
453 1254 514 1302 et
553 1255 750 1302 nostra:
776 1244 964 1300 salutis
991 1258 1237 1316 magnam
1267 1240 1678 1300 sollicitudinem
1714 1254 1807 1312 ge-

205 1349 384 1395 rentes
406 1381 423 1404 ,
456 1353 525 1395 ea
551 1352 672 1408 qua:
694 1337 887 1393 animae
923 1345 1121 1392 nostra-
1156 1336 1436 1392 sanitatem
1477 1333 1692 1398 kedunt,
1727 1330 1807 1387 fu-

205 1428 431 1497 giamus,
475 1427 551 1484 ab
589 1426 892 1498 huiusmodi
932 1426 1184 1483 munibus
1229 1426 1381 1497 quasi
1426 1441 1456 1480 a
1493 1422 1806 1496 perniciosis

206 1518 482 1574 veneficiis
501 1518 851 1574 abstinentes.
878 1516 1041 1573 Ilulto
1060 1517 1232 1587 majus
1259 1514 1401 1572 cnim
1424 1514 1527 1570 hoc
1547 1514 1803 1569 damnum

205 1620 304 1672 est.
348 1619 407 1664 et
453 1617 607 1664 tanto
642 1608 837 1679 majus,
867 1619 1070 1679 quanto
1099 1606 1276 1664 anima
1322 1620 1551 1677 corpore
1591 1604 1802 1660 melior.

208 1699 295 1755 Illa
323 1703 472 1758 enim
505 1715 710 1757 venena
733 1701 1066 1771 carpentem
1097 1700 1234 1756 hanc
1261 1709 1486 1755 mortem
1512 1696 1802 1753 inducunt:

207 1795 318 1849 luce
359 1803 548 1850 autem
595 1795 877 1850 sanitatem
916 1795 1111 1850 animm
1155 1793 1495 1856 oﬂendentia,
1545 1800 1802 1847 :eternam

206 1884 358 1939 nobis
412 1893 648 1940 mortem
701 1885 947 1940 silerent.
999 1884 1255 1952 Qozenam
1310 1892 1489 1940 autem
1535 1891 1663 1937 sunt
1713 1880 1802 1937 illa

206 1975 360 2030 nobis
385 1975 401 2007 ¹
435 1973 778 2046 perniciosa?
800 1975 957 2031 ﬁnita
995 1985 1051 2032 et
1078 1975 1246 2041 varia,
1276 1975 1508 2030 maxime
1529 1982 1708 2028 autem
1734 1971 1803 2028 ad

207 2065 498 2123 humanam
556 2068 780 2138 gloriam
835 2077 1080 2139 spectare
1130 2077 1186 2124 et
1237 2068 1447 2124 nescire
1501 2082 1622 2124 eam
1673 2080 1806 2121 con-

205 2165 469 2214 temnere.
501 2159 612 2214 lloc
636 2161 778 2216 enim
819 2161 1106 2214 multorum
1143 2159 1298 2214 nobis
1339 2158 1597 2215 malorum
1640 2171 1802 2214 causa

204 2260 284 2305 cat
311 2267 326 2305 :
355 2259 415 2306 ct
437 2250 485 2305 si
511 2267 646 2322 quas
673 2251 978 2322 spirituales
1008 2251 1269 2306 habemus
1292 2249 1526 2319 divitias,
1555 2265 1649 2306 eas
1673 2264 1802 2305 eva-

205 2348 348 2408 cnat,
375 2351 432 2397 et
462 2341 692 2397 utilitate
715 2383 730 2407 ,
762 2358 881 2413 qua:
906 2359 970 2398 ex
998 2344 1080 2398 eis
1112 2342 1228 2413 capi
1263 2349 1470 2413 potest,
1498 2356 1596 2396 nos
1629 2341 1800 2395 desti-

206 2433 322 2488 tuit.
377 2434 521 2503 Quid
575 2434 736 2506 igitur
781 2434 941 2491 luerit
993 2435 1191 2491 damno
1247 2435 1351 2491 hoc
1406 2431 1802 2506 perniciosius?

205 2524 647 2598 Quandoquidem
691 2525 742 2582 id
771 2534 1015 2598 praestat,
1059 2535 1117 2582 ut
1155 2541 1187 2583 a
1221 2527 1376 2582 nobis
1404 2526 1615 2581 avolent
1639 2524 1800 2581 etiam

206 2631 266 2671 ea
295 2633 416 2687 qu:e
464 2633 564 2672 nos
605 2617 798 2673 habere
824 2625 1091 2689 putamus.
1123 2617 1213 2674 Sic
1257 2617 1558 2673 Pharisteus
1584 2617 1671 2672 ille
1701 2633 1800 2687 pu-

208 2705 420 2762 blicano
447 2709 624 2762 minor
657 2706 826 2763 factus
852 2716 966 2775 est,
999 2723 1064 2765 eo
1087 2709 1228 2779 quod
1259 2709 1453 2778 lingua:
1485 2723 1598 2762 sum
1634 2707 1803 2776 impe-

209 2813 326 2855 rare
359 2815 470 2854 non
511 2800 680 2870 potuit
707 2797 856 2871 (Luc.
897 2801 1028 2872 l8):
1077 2800 1170 2856 sed
1214 2815 1308 2870 per
1349 2800 1491 2855 illam
1530 2799 1669 2854 sicut
1708 2814 1803 2868 per

212 2887 498 2947 hsitcstram
528 2891 758 2961 aliquam
786 2907 975 2948 omnes
1008 2891 1220 2947 divitias
1261 2907 1386 2948 suas
1418 2890 1624 2946 eﬂ’udit.
1655 2890 1800 2945 Tan-

213 2992 318 3037 tum
348 2994 435 3039 cst
464 2983 639 3039 inanis
658 2983 841 3055 glorize
865 2983 1082 3039 malum.

277 3073 330 3129 d.
375 3073 510 3137 Dic,
540 3073 805 3143 obsecro,
847 3073 1016 3142 mihi,
1047 3089 1142 3129 cur
1182 3083 1237 3131 et
1278 3088 1380 3145 qua
1424 3074 1492 3130 de
1535 3089 1693 3130 causa
1731 3073 1801 3128 ita

214 3161 488 3218 hominum
519 3163 675 3219 laude
715 3165 951 3220 teneris?
977 3164 1161 3219 Nescis
1183 3204 1199 3229 ,
1239 3164 1379 3235 quod
1409 3164 1539 3218 sicut
1572 3164 1757 3218 umbra
1783 3204 1799 3229 ,

212 3264 262 3308 ct
288 3257 331 3310 si
355 3256 486 3327 quid
515 3256 601 3311 illa
634 3255 810 3321 vilius,
841 3256 911 3310 ita
935 3256 1147 3310 illorum
1175 3256 1288 3310 laus
1319 3254 1371 3310 in
1400 3269 1579 3310 aerem
1609 3253 1800 3308 diffusa

213 3346 535 3402 evanescat?
562 3345 807 3415 Alioquin
834 3345 1142 3401 inconstans
1165 3353 1220 3400 et
1245 3344 1501 3399 mutabile
1521 3354 1604 3399 est
1629 3343 1802 3398 homi-

215 3451 336 3490 num
362 3451 555 3508 genus.
602 3446 656 3491 et
685 3435 758 3490 illi
789 3436 887 3507 ipsi
914 3436 1183 3502 eumdem,
1210 3452 1367 3508 quem
1395 3451 1538 3492 nune
1563 3435 1800 3501 laudant,

217 3545 316 3583 non
360 3529 532 3584 multo
572 3538 688 3598 post
729 3527 1077 3597 vituperant:
1116 3528 1260 3600 quod
1300 3528 1352 3583 in
1398 3529 1664 3584 sententia
1709 3529 1800 3583 Dei

217 3637 508 3692 tntinqnuu
554 3621 824 3677 usuvenit.
856 3620 935 3677 Ne
961 3621 1118 3691 igitur
1150 3622 1218 3675 ita
1247 3621 1593 3692 desipiamus,
1625 3636 1694 3676 ne
1719 3630 1800 3676 tc-

217 3730 360 3770 mere
399 3724 455 3770 et
492 3713 694 3784 absque
733 3711 904 3770 fructu
933 3712 1176 3769 fallamus
1204 3729 1302 3769 nos
1332 3713 1495 3782 ipsos.
1539 3712 1672 3768 Nam
1701 3714 1803 3770 etsi

216 3804 409 3859 homno
437 3802 689 3875 quiddam
721 3805 968 3872 facimus,
994 3820 1101 3859 non
1125 3814 1304 3860 autem
1335 3815 1554 3876 propter
1582 3805 1682 3860 hoc
1709 3821 1800 3860 so-

217 3894 321 3950 lum
347 3896 574 3966 agimus,
604 3903 662 3950 ut
686 3895 992 3950 mandatum
1023 3895 1232 3951 Domini
1261 3896 1428 3951 nostri
1461 3896 1799 3967 impleamus,

213 3987 369 4059 eique
406 3989 504 4044 soli
549 3989 742 4060 cogniti
773 3989 940 4044 simus
963 4031 979 4055 ,
1007 3988 1242 4045 laborem
1280 3989 1422 4046 hunc
1451 3990 1645 4047 frustra
1675 4009 1801 4047 sus-

213 4080 439 4149 cipimus
459 4123 474 4144 .
510 4097 713 4152 uosque
743 4081 1012 4152 privamus
1065 4080 1236 4137 fructu
1259 4123 1276 4149 ,
1305 4097 1461 4154 quem
1499 4083 1624 4139 inde
1649 4099 1800 4139 asse-

215 4173 300 4243 qui
348 4173 555 4229 liceret.
605 4173 737 4228 Nam
785 4175 831 4230 is
877 4175 964 4245 qui
1013 4185 1072 4229 ut
1111 4174 1182 4229 ab
1224 4174 1528 4231 hominibus
1574 4177 1799 4247 gloriam

216 4276 455 4327 venetur.
479 4267 606 4338 quid
635 4267 757 4323 boni
781 4278 1054 4337 operatur.
1084 4268 1198 4324 sive
1224 4284 1286 4324 ea
1319 4269 1417 4323 frui
1447 4269 1662 4339 poterit,
1689 4270 1802 4327 sive

217 4373 354 4425 non;
384 4373 528 4427 saepe
553 4359 693 4413 enim
716 4368 770 4413 et
788 4357 876 4430 qui
903 4367 1117 4430 propter
1140 4358 1351 4416 inanem
1376 4360 1599 4431 gloriam
1621 4362 1799 4417 omnia

218 4447 339 4504 facit
361 4491 376 4513 ,
404 4448 564 4504 etiam
605 4450 716 4520 ipsa
745 4449 1064 4516 frustratur;
1109 4451 1224 4508 sive
1251 4451 1409 4524 igitur
1434 4469 1494 4508 ea
1529 4454 1760 4524 patiatur
1780 4497 1794 4518 ,

215 4540 324 4594 sive
353 4554 458 4593 non
478 4578 495 4604 ,
522 4541 653 4594 satis
699 4539 785 4595 hic
814 4541 1182 4598 retributionis
1215 4544 1416 4614 accepit
1437 4585 1452 4608 ,
1481 4553 1537 4600 et
1572 4547 1640 4601 ibi
1670 4547 1798 4602 nihil

217 4629 440 4699 accipiet
465 4631 825 4700 przcntiorum.
855 4631 1032 4700 Quare
1062 4632 1204 4690 hoc?
1229 4634 1361 4702 Quia
1394 4636 1684 4706 pra-ferens
1712 4636 1797 4690 fn-

217 4719 346 4774 turis
396 4721 713 4788 prnsentia,
755 4729 812 4777 ct
843 4722 971 4792 justi
1016 4722 1218 4779 Judicis
1261 4726 1468 4780 calculo
1511 4727 1797 4783 humanam

211 4807 455 4877 gloriam,
484 4809 755 4881 indignum
785 4827 846 4867 se
886 4813 1058 4869 reddit
1092 4815 1179 4885 qui
1205 4831 1236 4871 a
1261 4816 1446 4873 indice
1484 4818 1790 4874 honoretur.

211 4897 407 4954 Contra
433 4899 478 4954 si
509 4910 722 4972 propter
749 4901 851 4958 hoc
877 4903 1048 4959 solum
1079 4919 1364 4976 operemur
1391 4909 1666 4976 spirituale
1695 4911 1794 4965 ali-

211 4987 349 5057 quod
380 4989 577 5046 bonnm
604 5031 619 5054 ,
649 5003 705 5046 ut
741 4994 1041 5062 placeamus
1067 4998 1220 5051 oculo
1248 4999 1320 5053 illi
1349 5001 1446 5055 soli
1472 5042 1486 5067 ,
1516 5004 1603 5072 qui
1632 5003 1795 5074 sopiri

213 5082 408 5146 nescit,
431 5089 484 5135 et
508 5081 596 5135 cui
624 5082 760 5136 nuda
791 5092 846 5138 et
872 5096 1051 5153 aperta
1078 5098 1202 5142 sunt
1227 5091 1404 5144 omnia
1450 5109 1466 5146 :
1496 5103 1549 5148 et
1580 5094 1795 5150 thesau-

211 5185 300 5225 rus
331 5181 513 5227 uoster
539 5173 590 5227 in
619 5182 730 5227 tuto
755 5175 876 5238 erit,
899 5184 952 5230 et
978 5176 1297 5249 incorrupta:
1329 5197 1425 5236 nos
1455 5199 1662 5241 merces
1683 5203 1796 5242 ma-

212 5262 440 5327 nebunt,
471 5272 526 5318 et
562 5281 626 5318 es
673 5265 783 5334 ipsa
823 5281 1006 5321 earum
1039 5271 1187 5324 suavi
1216 5274 1614 5342 exspectatione
1641 5278 1795 5334 nobis

211 5353 374 5407 multa
395 5355 692 5410 consolatio
711 5359 832 5419 erit.
851 5357 976 5414 dum
1001 5359 1052 5414 in
1076 5373 1286 5432 prompt
1308 5365 1459 5431 tario,
1477 5369 1618 5437 quod
1635 5385 1795 5426 nemo

208 5443 437 5515 diripere
464 5447 689 5514 poterit,
727 5449 814 5502 illa
845 5449 998 5504 nobis
1032 5455 1176 5507 salva
1213 5457 1508 5512 cu..toditur
1535 5475 1743 5518 merces
1775 5483 1789 5520 :

209 5534 316 5590 imo
360 5537 598 5602 sequitur
639 5538 800 5593 etiam
842 5539 1008 5610 gloria
1051 5541 1300 5601 humana.
1349 5547 1500 5604 Tunc
1528 5553 1671 5607 enim
1703 5555 1791 5611 illa

210 5625 376 5680 multo
398 5625 610 5681 uberius
633 5627 873 5694 fruitnur,
895 5631 1107 5700 quando
1127 5648 1242 5689 eam
1262 5636 1604 5710 despicimus,
1624 5659 1794 5716 quan-

208 5719 278 5776 do
317 5734 437 5777 eam
479 5735 584 5776 non
613 5723 898 5792 quaerimus
919 5765 935 5791 ,
967 5726 1180 5796 quando
1208 5744 1326 5788 eam
1362 5747 1468 5789 non
1499 5745 1786 5793 sectamur.

275 5903 296 5938 ⁸
326 5903 468 5957 savii.
493 5911 548 5964 et
565 5903 755 5969 quidam
774 5910 868 5958 itas
887 5945 901 5966 .
924 5906 1072 5962 t‘obt's.

1914 590 1980 650 Et
2027 593 2152 666 quid
2193 594 2444 660 miraris,
2472 594 2521 652 si
2562 592 2666 654 hee
2703 593 2922 653 eveniat
2967 595 3036 653 iis
3076 595 3167 670 qui
3207 599 3515 670 spirimates

1912 683 2264 757 philosopho.
2303 695 2468 758 mut
2487 726 2506 752 ,
2533 701 2656 743 eum
2695 695 2754 745 et
2794 687 2946 744 multi
2989 701 3177 744 eorum
3219 689 3310 760 qui
3351 689 3514 762 hujus

1912 773 2096 831 mundi
2136 775 2314 832 studia
2349 787 2640 844 sectantur,
2671 792 2772 835 eos
2805 777 3039 835 maxime
3076 789 3427 838 contemnant
3452 793 3510 839 cs

1909 865 2230 938 despiciant,
2257 870 2348 940 qui
2377 868 2445 926 ab
2469 869 2774 927 hominibus
2796 870 3021 942 gloriam
3043 881 3291 944 quterunt
3311 913 3326 939 ,
3357 873 3509 930 inv-e-

1912 963 2136 1032 ntesque
2159 960 2227 1018 sb
2251 962 2500 1019 omnibus
2521 961 2761 1020 dicteriis
2791 963 2984 1020 incessi
3019 977 3118 1020 eos
3143 963 3234 1037 qui
3263 964 3517 1021 humanm

1909 1054 2097 1126 gloria:
2125 1054 2372 1112 inhiant?
2395 1055 2534 1127 Quid
2564 1056 2723 1128 igitur
2750 1057 3004 1113 miserius
3025 1056 3200 1126 nobis,
3227 1057 3318 1129 qui
3346 1058 3509 1128 spiri-

1912 1145 2071 1202 tualia
2101 1156 2370 1203 sectamur
2387 1189 2403 1215 ,
2429 1148 2473 1203 si
2501 1147 2706 1204 similes
2737 1147 2840 1204 illis
2859 1189 2874 1214 ,
2899 1148 3160 1205 celebrari
3187 1150 3255 1207 ab
3283 1149 3514 1206 homini-

1911 1235 2012 1293 bus
2031 1238 2331 1308 cupiamus,
2351 1249 2407 1295 et
2429 1239 2474 1293 si
2499 1254 2615 1294 non
2630 1248 2713 1294 sat
2734 1237 2887 1295 fuerit
2912 1240 3066 1297 nobis
3082 1256 3116 1295 a
3138 1241 3248 1296 Deo
3271 1241 3472 1297 laudari
3486 1242 3513 1296 ?

1910 1327 2052 1384 sicut
2070 1338 2125 1383 et
2155 1327 2348 1384 Paulus
2373 1329 2501 1386 dicit
2535 1347 2550 1384 :
2579 1329 2738 1401 Cujus
2769 1330 2933 1403 gloria
2963 1348 3064 1386 non
3092 1332 3468 1388 es-honsinibtss
3488 1375 3507 1401 ,

1910 1421 2000 1474 sed
2040 1436 2106 1475 ea:
2149 1420 2255 1475 Deo
2285 1422 2305 1492 (
2326 1421 2480 1478 Rom.
2517 1421 2572 1476 2.
2613 1421 2725 1494 29)
2792 1423 2906 1478 Non
2951 1423 3100 1478 vides
3126 1465 3142 1488 ,
3181 1423 3410 1489 dilecte,
3455 1425 3508 1480 in

1909 1509 2254 1568 Circensibus
2279 1513 2436 1581 ludis,
2467 1513 2738 1585 quonmdo
2771 1513 2802 1567 ii
2831 1514 2920 1585 qui
2947 1528 3116 1585 equos
3146 1515 3370 1584 agizant,
3401 1529 3510 1571 non

1910 1601 2199 1659 advertunt
2249 1605 2490 1676 plausum
2535 1615 2590 1662 et
2638 1605 2874 1661 Pavorem
2917 1605 3099 1678 populi
3140 1607 3429 1663 assidentis
3454 1618 3508 1664 et

1909 1696 2276 1765 acclamantis,
2304 1715 2476 1770 neque
2501 1714 2568 1755 ex
2591 1713 2657 1755 ce
2685 1699 2870 1770 plausu
2899 1699 3225 1769 voluptatem
3250 1699 3465 1770 capiunt
3491 1718 3504 1754 :

1909 1787 2004 1843 sed
2033 1788 2100 1844 ad
2132 1804 2294 1844 unum
2336 1790 2509 1845 solum
2536 1799 2780 1860 spectant
2817 1788 3200 1860 imperatorem
3231 1790 3286 1846 in
3330 1789 3508 1845 medio

1908 1878 2207 1946 scdeutem,
2233 1887 2289 1936 et
2311 1879 2377 1936 ad
2406 1888 2594 1936 nutum
2625 1881 2772 1937 illius
2793 1883 3152 1950 attendentes,
3177 1889 3342 1938 totam
3369 1882 3508 1937 mul-

1910 1971 2189 2028 titudinem
2219 1971 2561 2044 despiciunt,
2592 1982 2647 2029 et
2676 1983 2802 2029 tunc
2827 1975 3000 2029 solum
3027 1974 3210 2029 animo
3236 1973 3506 2030 extollun-

1910 2071 2016 2128 tur,
2034 2079 2153 2120 cum
2172 2063 2263 2120 ille
2279 2079 2375 2120 eos
2392 2066 2767 2122 coronaverit?
2790 2064 2900 2120 llos
2921 2065 3081 2136 igitur
3099 2074 3154 2120 et
3174 2074 3228 2120 tu
3247 2066 3500 2133 imitatus,

1907 2171 2014 2212 non
2056 2157 2229 2230 magni
2259 2158 2516 2215 momenti
2560 2156 2723 2214 facito
2753 2159 3028 2215 hominum
3069 2157 3263 2214 famam
3287 2199 3302 2223 ,
3332 2173 3507 2230 neque

1910 2257 2130 2320 propter
2172 2265 2290 2305 eam
2333 2238 2581 2306 virtutem
2620 2261 2878 2307 exerceas
2902 2291 2918 2318 ,
2951 2249 3045 2306 sed
3075 2266 3106 2304 a
3141 2250 3289 2320 justo
3319 2249 3511 2307 Judiee

1905 2339 2224 2398 sententiam
2250 2349 2522 2412 exspecta,
2545 2351 2602 2398 et
2624 2342 2691 2396 ad
2719 2341 2862 2398 illius
2889 2351 3074 2398 nutum
3105 2342 3340 2398 intentus
3363 2352 3502 2398 esto.

1905 2430 1995 2488 Sic
2020 2448 2234 2488 omnem
2268 2434 2430 2488 vitam
2463 2441 2607 2488 tuam
2635 2433 2917 2505 dispenso,
2947 2443 3003 2488 ut
3026 2443 3080 2488 et
3105 2433 3193 2490 hic
3219 2432 3508 2488 continen-

1908 2531 1991 2579 ter
2017 2525 2156 2580 bona
2196 2539 2294 2594 spe
2334 2524 2569 2595 pascaris
2591 2565 2608 2593 ,
2639 2533 2695 2580 ct
2733 2525 2840 2581 illic
2865 2524 3084 2581 aeternis
3112 2525 3288 2581 fruare
3316 2525 3468 2581 bonis
3487 2563 3502 2591 ,

1905 2628 2026 2685 quae
2066 2623 2122 2669 ut
2151 2629 2248 2668 nos
2277 2629 2468 2670 omnes
2493 2628 2878 2685 assequamur,
2906 2612 3036 2670 faxit
3066 2615 3233 2687 gratia
3259 2625 3312 2670 et
3342 2615 3504 2671 mise-

1905 2707 2135 2762 ricordia
2179 2707 2386 2762 Domini
2427 2707 2594 2762 uestri
2635 2706 2761 2763 Jesu
2791 2707 3030 2773 Christi,
3061 2721 3187 2763 cum
3218 2723 3326 2779 quo
3361 2707 3505 2763 Patri

1904 2808 1960 2855 et
1988 2797 2208 2870 Spiritui
2244 2807 2432 2854 sancto
2458 2800 2526 2856 sit
2551 2800 2720 2872 gloria
2747 2842 2761 2863 .
2791 2813 2842 2856 e:
2877 2800 3160 2871 imperium
3196 2809 3253 2856 et
3293 2799 3463 2854 honor
3485 2841 3503 2867 ,

1905 2903 2049 2946 nunc
2069 2898 2125 2945 et
2151 2903 2394 2960 semper,
2423 2900 2478 2945 et
2505 2889 2558 2946 in
2589 2891 2784 2946 sa-cula
2813 2891 3155 2947 smeulorutn.
3188 2891 3380 2947 Amen.

2495 3005 2776 3060 llOMiLIA
2820 3006 2907 3060 Vl.

1907 3118 1972 3173 Et
1995 3116 2130 3172 dixit
2159 3116 2302 3172 Deus
2329 3134 2344 3172 :
2377 3114 2532 3170 Fiant
2558 3117 2837 3170 luminaria
2865 3118 2919 3171 in
2946 3117 3266 3186 ﬁrmmuenlo
3297 3117 3412 3174 ccli
3433 3119 3502 3171 ad
3583 3155 3602 3165 κ

1976 3208 2400 3264 illummatiouem
2425 3222 2576 3276 super
2602 3217 2788 3262 terram
2832 3249 2849 3275 ,
2874 3218 2929 3262 sit
2957 3207 3186 3263 dividant
3212 3209 3342 3264 inter
3368 3209 3503 3263 diem

1976 3312 2022 3355 et
2050 3303 2183 3355 inter
2204 3309 2421 3364 noctem,
2448 3309 2495 3354 et
2523 3299 2622 3354 sint
2648 3300 2700 3353 in
2723 3300 2870 3369 signa
2894 3341 2909 3367 ,
2937 3311 2984 3355 et
3010 3299 3065 3355 in
3092 3309 3320 3372 tempora
3341 3343 3358 3367 ,
3381 3312 3426 3355 et
3450 3302 3502 3355 iu

1978 3393 2104 3460 dies,
2135 3402 2182 3448 et
2208 3393 2262 3447 in
2288 3408 2448 3448 annos
2470 3389 2624 3464 (Gen.
2660 3391 2710 3446 l.
2747 3391 2856 3463 ιι).

1979 3529 2031 3584 l.
2077 3527 2210 3583 Volo
2247 3527 2458 3584 solitam
2500 3534 2729 3582 tractare
2767 3525 3064 3581 doctrinam
3089 3567 3104 3589 .
3132 3533 3189 3582 et
3229 3535 3415 3597 torpeo
3441 3543 3505 3584 ae

1905 3620 2190 3674 detrecto:
2220 3628 2454 3674 mentem
2499 3617 2642 3673 enim
2687 3631 2859 3672 meam
2904 3615 3145 3673 confudit
3186 3626 3243 3672 et
3281 3626 3501 3672 conturo

1907 3712 2053 3767 bavit
2092 3710 2476 3781 superveniens
2520 3709 2752 3764 tristitia:
2791 3707 2962 3763 nubes
2995 3726 3009 3763 :
3042 3708 3149 3763 imo
3189 3724 3294 3763 non
3329 3708 3502 3763 solum

1908 3801 2166 3867 tristitiai,
2197 3799 2291 3855 sed
2319 3811 2368 3855 et
2397 3800 2488 3855 ine
2509 3841 2524 3864 ,
2552 3799 2622 3854 ita
2654 3807 2712 3854 ut
2739 3797 2972 3853 nesciam
3002 3796 3128 3868 quid
3156 3797 3452 3852 faciendum
3485 3815 3498 3852 :

1907 3903 2140 3950 mentem
2181 3893 2324 3949 enim
2354 3901 2581 3964 occupat
2611 3891 2898 3949 limitatio.
2950 3890 3083 3945 Cum
3111 3890 3254 3945 enim
3283 3881 3460 3960 cogite
3484 3929 3501 3956 ,

1905 4000 2003 4041 vos
2029 4001 2244 4040 omnem
2276 3984 2420 4039 illam
2451 3993 2687 4039 nostram
2715 3980 3037 4047 doctrinam,
3060 3990 3114 4035 et
3138 3979 3503 4050 quotid'anant

1905 4077 2323 4134 admoniiouem
2363 4075 2429 4132 ad
2475 4073 2743 4130 modicum
2788 4073 2983 4130 diaboli
3028 4073 3211 4128 flatum
3242 4072 3501 4129 oblivioni

1907 4171 2188 4226 tradidisse
2212 4212 2228 4237 ,
2253 4178 2309 4225 et
2353 4168 2419 4224 ad
2450 4169 2745 4224 satanicum
2785 4167 2936 4222 illum
2975 4176 3280 4237 equestrem
3315 4164 3499 4220 ludum

1905 4275 2094 4317 omnes
2120 4260 2484 4329 concurrisse,
2515 4275 2617 4331 qua
2648 4258 2922 4314 alacritate
2962 4268 3154 4328 potero
3180 4257 3369 4314 ilermn
3397 4257 3497 4312 do-

1904 4355 2129 4409 ctrinam
2162 4351 2371 4409 tradere
2395 4393 2411 4417 ,
2437 4366 2557 4408 cum
2596 4349 2774 4420 priora
2802 4358 2908 4404 tam
2939 4349 3048 4404 cito
3076 4351 3257 4403 animo
3280 4349 3498 4404 excide-

1905 4445 2048 4499 rint?
2091 4444 2200 4498 lloc
2227 4444 2369 4499 enim
2397 4451 2479 4498 est
2506 4439 2647 4512 quod
2679 4440 3012 4510 potissimum
3052 4454 3136 4493 mc
3165 4447 3415 4508 torquet,
3445 4449 3498 4493 et

1903 4536 1968 4591 ad
2013 4537 2143 4590 iram
2188 4545 2489 4591 commovet
2515 4573 2530 4598 ,
2572 4532 2714 4604 quod
2745 4547 2865 4588 eum
2909 4540 3090 4586 nostra
3136 4530 3497 4586 admonitione

1904 4628 2256 4684 reverentiam
2284 4627 2442 4682 etiam
2461 4669 2476 4693 ,
2499 4641 2658 4697 quam
2680 4639 2848 4680 sacra:
2873 4621 3304 4693 Quadragcsimre
3329 4621 3497 4677 debe-

1905 4720 1988 4784 tis,
2022 4735 2086 4773 (ιι
2117 4719 2296 4772 animo
2318 4726 2500 4772 vestro
2528 4715 2684 4771 simul
2714 4714 2979 4786 ejeecritis
3001 4753 3018 4779 ,
3048 4728 3249 4784 vosque
3276 4714 3353 4768 sic
3378 4713 3431 4768 di
3451 4734 3496 4765 l-

1903 4808 2008 4864 boli
2041 4808 2240 4864 retibus
2267 4806 2615 4863 involvcritis.
2646 4805 2923 4873 Quomodo
2944 4804 3062 4875 quis
3092 4804 3305 4874 poterit.
3333 4804 3499 4860 etiam

1901 4901 1984 4954 cui
2012 4915 2205 4956 sucus
2225 4900 2433 4954 animus
2449 4941 2463 4964 ,
2491 4907 2698 4954 tantum
2723 4905 3084 4967 contemptum
3110 4912 3214 4950 non
3235 4899 3495 4968 gravatim

1901 4991 2080 5049 ferre?
2109 4993 2316 5049 Pudore
2343 4991 2571 5061 afficior,
2598 4993 2836 5059 credite;
2866 5002 2921 5048 et
2945 4992 3227 5059 erubesco,
3259 5007 3380 5046 cum
3411 4992 3492 5045 vi-

1899 5084 2001 5140 deo
2025 5100 2122 5139 nos
2145 5087 2335 5140 frustra
2359 5084 2626 5150 laborare,
2649 5095 2703 5140 et
2725 5085 2775 5140 in
2803 5097 2949 5154 petra
2971 5092 3267 5139 sementem
3285 5081 3495 5152 jacere.

1899 5180 1969 5233 At
1998 5178 2127 5234 mihi
2156 5179 2370 5249 quidem
2400 5179 2513 5234 sive
2540 5177 2678 5233 dicta
2727 5193 2844 5233 mea
2869 5177 3096 5233 audiatis
3122 5217 3136 5242 ,
3167 5175 3278 5230 sive
3307 5175 3494 5232 audire

1898 5274 2292 5340 contemnatis,
2335 5286 2546 5328 merces
2594 5287 2709 5327 mea
2753 5273 2955 5342 integra
3000 5271 3121 5328 erit.
3165 5271 3296 5326 Nam
3333 5284 3495 5325 omne

1897 5363 2036 5434 quod
2065 5379 2240 5419 meum
2266 5373 2403 5431 erat,
2437 5365 2536 5421 feci
2567 5382 2581 5420 :
2610 5365 2888 5435 pecuniam
2917 5362 3271 5424 dinumeravi.
3301 5361 3489 5416 admo-

1899 5457 2131 5512 nitiones
2156 5456 2372 5512 adhibui
2399 5476 2412 5512 :
2435 5458 2600 5514 timeo
2624 5467 2822 5524 autem,
2846 5466 2900 5512 et
2920 5457 3111 5511 anxius
3136 5470 3276 5519 sum,
3303 5469 3367 5508 ne
3389 5453 3491 5508 hoc

1898 5549 2052 5604 vobis
2087 5547 2154 5604 ad
2190 5549 2448 5618 majorem
2491 5549 2885 5605 accusationem
2927 5547 3100 5603 cedat.
3137 5545 3326 5601 Servus
3356 5543 3491 5597 enim

1895 5641 2012 5706 ille,
2040 5641 2136 5706 ait,
2166 5641 2252 5710 qui
2279 5641 2373 5696 scit
2417 5641 2723 5696 voluntatem
2762 5639 2951 5695 domini
2989 5639 3103 5702 sui,
3124 5646 3170 5690 et
3197 5653 3297 5690 non
3327 5638 3451 5708 facit
3471 5677 3488 5702 ,

1897 5730 2151 5801 vapulabit
2178 5732 2347 5787 multis
2381 5731 2531 5803 (Luc.
2563 5731 2652 5788 19..
2683 5729 2797 5804 47).
2828 5729 3040 5786 Nullum
3066 5727 3208 5782 enim
3235 5727 3486 5796 cuiquam

1897 5836 2128 5879 Vestrum
2158 5824 2224 5880 ad
2267 5824 2619 5896 ignorantiam
2647 5825 2749 5880 erit
2777 5822 3038 5892 refugium
3065 5861 3081 5888 ,
3113 5835 3235 5877 cum
3267 5834 3365 5874 nos
3391 5833 3486 5873 ca-

1899 5915 2018 5974 Jcm
2058 5916 2293 5990 qu-ztidic
2337 5917 2676 5985 insoncmus,
2716 5923 2769 5973 ct
2809 5913 3154 5972 ostendamus
3193 5908 3488 5967 diabotieos
