4086 6496
594 457 664 515 85
1353 453 1408 511 S.
1449 451 1722 511 10.“le
1759 416 2235 509 ειιιιιδοέτοιιι
2276 451 2598 511 ΔΒΕΙΙΙΕΡ.
2636 450 3172 511 εοκςτιιιτιιηοιι.

596 571 832 642 laqueos,
864 582 910 621 et
943 584 1182 641 magnam
1213 571 1419 626 virtutis
1448 568 1776 635 facilitatem,
1808 569 1852 623 si
1883 579 2057 622 tamen
2088 567 2167 618 vi-

591 664 725 733 giles
761 676 882 718 esse
917 662 1256 717 voluerimus.
1305 663 1384 716 An
1430 660 1642 714 nescitis
1665 673 1760 713 eos
1800 660 1888 729 qui
1918 657 1995 714 sic
2021 672 2171 711 suam

595 756 819 807 salutem
851 753 1140 823 negligunt,
1173 761 1226 805 et
1245 749 1526 821 aliquando
1555 750 1658 804 huc
1684 749 1920 815 veniunt,
1942 747 2174 818 aliquan-

602 844 673 898 do
699 856 877 898 autem
911 846 960 898 in
989 844 1286 899 da‘monum
1312 843 1442 898 retia
1470 857 1527 896 se
1557 841 1816 912 injiciuut,
1845 857 1878 896 a
1901 840 2174 912 Scriptura

595 935 770 990 divina
803 936 1023 989 canibus
1064 934 1396 1003 comparari?
1442 933 1610 989 Homo
1643 934 1782 988 enim
1807 971 1825 997 ,
1853 931 2059 1003 inquit,
2091 932 2174 998 qui

593 1028 896 1079 convenitur
923 1043 953 1078 a
980 1035 1182 1095 peccato
1208 1042 1298 1078 suo
1315 1067 1330 1090 ,
1357 1036 1402 1079 et
1443 1027 1621 1080 iterum
1647 1025 1698 1077 in
1739 1023 1959 1092 idipsunt
2002 1023 2132 1077 redit
2158 1063 2172 1088 ,

595 1115 776 1170 similis
813 1126 884 1169 cst
919 1115 1036 1168 cani
1077 1115 1144 1168 ad
1184 1115 1424 1170 ventitant
1454 1131 1599 1170 uani
1636 1113 2061 1186 rcdcanti(Pros.
2082 1112 2174 1168 26.

598 1206 708 1275 ll).
743 1205 900 1260 Vides
923 1206 1008 1259 cui
1036 1205 1237 1260 similes
1265 1204 1387 1260 facti
1426 1213 1550 1259 sunt
1573 1205 1660 1275 qui
1700 1205 1765 1259 ad
1806 1205 2045 1260 illicitum
2077 1203 2178 1261 hoc

597 1296 958 1367 spectaculum
1005 1296 1392 1350 aceurrerunt?
1434 1295 1546 1350 Non
1593 1295 1818 1350 audistis
1864 1293 2131 1350 Christum
2158 1335 2173 1359 ,

597 1386 864 1442 dicentem
899 1405 910 1440 :
945 1387 1119 1440 Omnis
1150 1387 1235 1458 qui
1257 1388 1398 1440 audit
1427 1388 1518 1440 llos
1547 1402 1798 1440 sermones
1825 1403 1980 1450 meos,
2003 1396 2050 1439 et
2077 1401 2176 1440 non

599 1477 724 1546 facit
751 1495 833 1532 eos
853 1519 867 1541 ,
895 1478 1072 1531 similis
1104 1479 1198 1531 erit
1225 1479 1329 1532 viro
1354 1477 1508 1532 stulto
1527 1519 1542 1542 ,
1571 1478 1657 1546 qui
1679 1478 1947 1547 adiﬁcarit
1971 1478 2179 1531 domum

598 1586 744 1624 suam
770 1585 921 1639 super
949 1584 1193 1634 arenam;
1233 1584 1280 1624 ct
1319 1579 1555 1624 venerant
1582 1571 1795 1639 ﬂamina
1818 1609 1833 1632 ,
1862 1578 1908 1624 ct
1935 1571 2181 1639 [lacerarat

599 1663 733 1718 venti
753 1702 770 1728 ,
807 1672 852 1715 ct
882 1663 1136 1716 irrncrunt
1173 1663 1223 1716 in
1256 1663 1461 1717 domum
1487 1662 1659 1726 illam,
1692 1673 1738 1715 et
1776 1661 1986 1728 cecidit,
2013 1671 2059 1716 ct
2084 1661 2181 1732 fuit

599 1755 750 1808 ruina
787 1755 923 1808 illius
953 1771 1136 1825 magna
1163 1753 1372 1825 (Matth.
1403 1755 1454 1808 7.
1482 1753 1570 1808 26.
1601 1753 1738 1824 27)?
1767 1754 1835 1808 At
1859 1753 1948 1824 qui
1979 1753 2044 1807 ad
2070 1753 2178 1806 cir-

600 1859 792 1898 censes
831 1844 983 1898 ludos
1013 1844 1217 1906 ierunt,
1249 1844 1338 1898 illo
1377 1844 1531 1913 longe
1553 1843 1846 1900 deteriores
1872 1844 1993 1900 facti
2033 1855 2176 1901 sunt.

605 1934 746 1990 Illius
785 1935 928 1990 enim
953 1934 1142 1990 domus
1169 1934 1372 2004 dejecta
1397 1946 1477 1990 est
1500 1976 1515 2001 ,
1547 1935 1641 1991 st-d
1670 1945 1789 2006 post
1821 1935 2048 1990 validam
2079 1935 2181 1989 im-

602 2025 945 2095 pulsionem;
991 2027 1207 2081 flumina
1247 2028 1388 2082 enim
1437 2039 1492 2082 et
1535 2037 1722 2082 ventos
1761 2027 1931 2095 dixit,
1976 2043 2082 2082 non
2129 2035 2185 2082 ut

604 2126 882 2172 ventorum
923 2119 1153 2187 impetus
1179 2128 1232 2172 et
1258 2134 1514 2188 aquarum
1547 2108 1913 2175 multitudines
1946 2119 2171 2186 indicet,

603 2209 700 2265 sed
743 2219 800 2264 ut
844 2211 1189 2265 tentatiouum
1231 2211 1536 2266 violentiam
1579 2213 1842 2277 insinuet;
1881 2221 1933 2266 et
1974 2213 2183 2267 ruinam

603 2300 795 2355 domus
819 2342 833 2362 ,
865 2316 972 2354 non
1014 2308 1070 2354 ut
1093 2301 1403 2356 sensibilem
1441 2301 1656 2355 domum
1688 2301 2038 2372 imagincmur
2068 2320 2081 2354 :
2118 2301 2185 2357 de

601 2389 778 2444 anima
807 2391 949 2445 enim
996 2405 1173 2446 set-mo
1211 2400 1291 2446 est
1316 2432 1332 2457 ,
1363 2407 1481 2462 qua:
1525 2391 1772 2460 gravibus
1810 2392 2182 2448 afﬂictionibus

603 2485 851 2555 dejicitur
873 2527 891 2554 ,
923 2503 1091 2556 neque
1117 2487 1220 2543 illis
1257 2487 1505 2542 resistere
1541 2495 1751 2556 potest;
1799 2487 1851 2541 in
1881 2503 1976 2541 vos
2005 2497 2184 2542 autem

607 2591 780 2647 neque
826 2586 1014 2632 ventus
1055 2576 1292 2643 afﬂavit,
1337 2592 1506 2648 neque
1545 2579 1688 2632 fluvii
1734 2578 2041 2642 irrucrunt;
2089 2577 2184 2633 sed

606 2668 884 2724 dumtaxat
922 2669 1094 2724 tenuis
1131 2671 1372 2740 qua-dam
1400 2685 1528 2725 aura
1559 2669 1819 2726 diabolica
1848 2671 2103 2740 spiravit,
2129 2681 2186 2726 et

605 2776 794 2817 omnes
831 2777 926 2816 vos
963 2763 1242 2818 subvertit.
1287 2763 1423 2831 Quid
1468 2763 1567 2819 hac
1609 2764 1908 2834 insipientia
1949 2763 2184 2818 deterius

604 2849 797 2906 fuerit?
825 2867 940 2920 qua:
963 2851 1148 2922 jejunii
1179 2853 1414 2908 utilitas?
1437 2853 1541 2919 dic,
1568 2868 1694 2919 oro;
1726 2853 1866 2923 quod
1895 2853 2095 2907 lucrum
2118 2868 2184 2908 ex

606 2942 704 2996 hac
746 2943 1194 3013 congregatione?
1237 2943 1366 3010 Quis
1394 2960 1500 2999 non
1541 2955 1598 3000 et
1635 2959 1730 3000 vos
1753 2944 2090 3014 dt-pforaret,
2131 2953 2188 3000 et

604 3047 702 3086 nos
734 3034 956 3087 miseros
982 3033 1224 3089 diceret?
1252 3033 1361 3091 Vos
1384 3075 1400 3100 ,
1435 3036 1644 3105 inquam
1670 3075 1686 3102 ,
1718 3035 1836 3105 quia
1863 3036 2038 3088 omnia
2064 3049 2184 3104 quae

601 3123 926 3192 collegistis,
955 3126 1112 3180 simul
1136 3125 1396 3182 effudistis
1416 3168 1431 3193 ,
1459 3136 1511 3182 et
1534 3127 1724 3198 januas
1759 3129 1952 3182 mentis
1989 3137 2182 3184 vestra:

603 3229 768 3286 pravo
792 3215 1020 3271 dzemrni
1046 3219 1328 3286 aperuistis
1347 3260 1364 3286 ,
1395 3230 1448 3275 ut
1479 3220 1646 3276 facilis
1671 3221 1719 3276 ei
1748 3220 1922 3276 aditus
1947 3229 2091 3277 esset
2117 3220 2184 3274 ad

604 3305 900 3361 cﬂ’ercndas
928 3323 1116 3364 omnes
1145 3319 1350 3366 vestras
1373 3311 1676 3380 spirituales
1699 3311 1944 3378 divitias;
1974 3328 2071 3369 nos
2093 3329 2186 3368 ve-

607 3411 668 3451 ro
692 3397 917 3452 miseros
941 3399 1059 3468 quis
1081 3401 1203 3469 jure
1227 3399 1440 3470 dixerit,
1464 3402 1606 3472 quod
1630 3403 1698 3458 ita
1723 3402 1946 3459 mortuis
1967 3403 2184 3460 auribus

603 3489 986 3545 concionemur
1007 3531 1022 3557 ,
1055 3507 1117 3547 ac
1142 3501 1339 3548 tantam
1364 3493 1623 3564 iacturam
1649 3495 1905 3552 faciamus
1925 3538 1938 3558 .
1967 3506 2020 3551 et
2049 3513 2182 3568 quo-

604 3579 730 3634 tidie
749 3579 1090 3644 seminantes,
1116 3582 1318 3636 nullum
1343 3585 1619 3654 percipere
1645 3585 1869 3640 fructum
1895 3585 2179 3656 possimus.

602 3667 736 3724 Num
759 3670 857 3726 hac
877 3672 986 3726 sola
1008 3673 1075 3729 de
1094 3688 1250 3728 causa
1277 3683 1382 3730 tam
1407 3675 1628 3731 studiosi
1651 3677 1704 3731 in
1726 3677 1953 3732 dicendo
1973 3693 2180 3746 smnus,

601 3771 659 3814 ut
687 3777 843 3817 aures
873 3773 1078 3819 vestras
1103 3765 1454 3834 oblectemus,
1481 3769 1561 3823 vel
1585 3767 1727 3839 quod
1752 3769 1950 3825 laudari
1974 3786 2005 3826 a
2031 3771 2182 3826 vobis

597 3853 912 3922 cupiamus?
937 3853 1046 3909 Nisi
1089 3855 1292 3910 lucrum
1321 3857 1472 3913 vobis
1508 3858 1576 3914 sit
1608 3875 1673 3914 ex
1711 3862 2046 3916 sermonibus
2085 3877 2182 3916 no-

601 3944 728 3998 stris
753 3985 767 4008 ,
798 3944 965 4000 satius
991 3945 1146 4000 fuerit
1184 3961 1282 4002 nos
1320 3947 1539 4017 posthac
1567 3949 1742 4004 silere.
1793 3949 1996 4006 Nollem
2037 3951 2180 4006 enim

600 4034 750 4090 vobis
774 4035 988 4104 majoris
1013 4037 1366 4092 damnationis
1385 4053 1542 4094 causa
1570 4040 1702 4096 fieri.
1729 4041 2016 4097 Enimvero
2044 4043 2182 4097 sicut

599 4127 897 4196 negotiator
917 4168 930 4191 ,
961 4129 1050 4197 qui
1089 4144 1209 4183 cum
1238 4130 1415 4184 multis
1449 4132 1716 4187 mercibus
1753 4140 1808 4188 et
1831 4133 2022 4203 opibus
2045 4149 2175 4188 con-

599 4218 830 4287 gregatis
860 4233 1047 4272 navem
1076 4219 1395 4288 impleverit,
1428 4223 1602 4276 subito
1625 4235 1738 4278 orta
1765 4235 2102 4294 tempestate,
2125 4235 2181 4281 et

600 4307 919 4375 prtevalente
942 4317 1216 4363 ventorum
1239 4311 1485 4366 violentia
1502 4352 1518 4376 ,
1543 4328 1716 4368 mersa
1739 4329 1858 4370 cum
1879 4317 2180 4371 vectoribus

598 4412 754 4463 nave,
783 4398 839 4452 lit
866 4398 1113 4454 omnibus
1139 4401 1440 4458 miserabile
1476 4405 1860 4474 spectaculum,
1889 4407 2060 4463 nudus
2086 4423 2176 4464 re-

598 4497 757 4558 pente
783 4503 1045 4559 apparens
1068 4532 1083 4556 ,
1113 4501 1165 4547 et
1195 4503 1312 4563 post
1343 4494 1593 4562 plurimas
1621 4495 2008 4568 immensasque
2033 4500 2174 4555 divi-

597 4579 699 4632 tias
721 4579 772 4634 in
798 4589 1088 4636 extremam
1115 4585 1358 4640 redactus
1385 4597 1692 4657 egestatem.
1723 4589 1790 4644 ita
1820 4601 1871 4646 et
1901 4593 2172 4647 vobiscum

593 4671 836 4727 diabolus
867 4689 1005 4729 nunc
1029 4676 1156 4746 egit.
1187 4676 1317 4731 Nam
1345 4679 1465 4747 quia
1499 4680 1699 4736 invenit
1723 4697 1908 4741 navem
1937 4696 2166 4739 vestram

593 4763 921 4831 spiritualem
950 4765 1129 4820 multis
1153 4765 1351 4822 ιιιινίιὶίς
1379 4777 1668 4836 oneratam,
1695 4782 1748 4826 et
1768 4774 1893 4828 vidit
1917 4776 2170 4845 grandem

599 4853 928 4922 thesaurum,
957 4872 1113 4927 quem
1155 4875 1222 4913 ex
1260 4859 1478 4929 jejuniis
1515 4871 1570 4917 et
1612 4866 1878 4920 continuis
1915 4868 2171 4924 doctrinis

591 4944 841 5015 coll‘gere
869 4947 1110 5015 potuistis
1139 4966 1152 5001 :
1179 4951 1326 5019 quasi
1355 4961 1669 5022 tempestate
1697 4958 1940 5026 quapiam
1971 4959 2170 5014 immis-

596 5051 651 5090 sn
684 5077 698 5102 ,
731 5036 914 5092 inutile
957 5049 1009 5094 et
1057 5040 1409 5108 perniciosum
1455 5045 1580 5099 illud
1627 5058 1872 5118 equestre
1899 5061 2166 5106 certxmcn

592 5127 713 5182 dico
737 5169 752 5194 ,
786 5146 882 5200 per
921 5131 1046 5187 illud
1093 5133 1261 5204 ipsum
1304 5137 1549 5192 omnibus
1577 5154 1669 5195 vos
1708 5140 1902 5198 divitiis
1930 5143 2170 5199 destituit

593 5232 637 5274 ct
668 5222 932 5290 spoliat“.

660 5313 715 5365 ‘2.
773 5313 897 5370 Scio
943 5330 1028 5371 me
1077 5317 1469 5376 vehementiore
1512 5321 1867 5394 increpatione
1908 5329 1978 5383 uti
2005 5371 2020 5395 ,
2071 5330 2164 5385 sed

588 5410 896 5477 ignoscatis,
922 5423 1018 5464 oro
1042 5429 1054 5463 :
1082 5412 1150 5466 ita
1178 5415 1371 5484 quippe
1391 5416 1577 5472 dolens
1605 5419 1780 5473 anima
1807 5422 1956 5477 solet.
1984 5423 2164 5494 Neque

595 5501 728 5552 cnim
759 5515 822 5554 ex
854 5503 1064 5557 mimico
1095 5515 1308 5574 pectore
1334 5507 1447 5564 hmo
1477 5509 1664 5579 loquor
1683 5553 1698 5576 ,
1729 5512 1822 5566 sed
1851 5529 1914 5568 ex
1941 5517 2162 5571 sollicita

593 5589 856 5659 vestrique
876 5595 1230 5649 amantissima
1253 5597 1424 5650 anima
1450 5615 1464 5652 :
1490 5611 1772 5670 propterea
1793 5619 1858 5657 ex
1884 5609 2164 5662 severitate

591 5681 782 5752 aliquid
817 5684 1026 5740 remitto
1046 5728 1061 5750 ,
1089 5697 1142 5741 et
1166 5690 1287 5759 quia
1316 5690 1462 5744 ulcus
1492 5707 1712 5762 serpens
1739 5693 1950 5749 cobibui
1977 5738 1990 5759 ,
2023 5700 2161 5752 cari-

590 5783 745 5827 tatetn
773 5786 998 5829 vestram
1027 5779 1213 5833 iterum
1238 5782 1372 5836 bona
1399 5798 1494 5852 spe
1522 5785 1759 5840 animare
1786 5788 1907 5841 volo
1927 5829 1942 5853 ,
1974 5803 2038 5844 ne
2062 5791 2158 5844 dc-

605 5860 853 5926 sperctis,
890 5876 988 5917 nec
1013 5865 1250 5922 animum
1283 5869 1678 5938 despondeatis.
1712 5877 1826 5936 Non
1857 5880 1997 5938 cnim
2026 5881 2163 5938 sicut

2282 566 2333 620 in
2359 568 2705 624 sensibilibus
2734 569 2909 634 rebus,
2942 569 3012 623 ita
3040 579 3092 624 et
3119 567 3204 624 hic
3230 584 3326 624 usu
3351 569 3561 633 evenit;
3587 568 3698 623 illic
3727 583 3891 622 nam-

2277 673 2384 727 que
2425 659 2472 714 is
2515 659 2607 730 qui
2653 674 2719 716 ex
2763 659 2963 715 divitiis
2999 659 3052 714 in
3082 672 3376 716 extremam
3419 659 3667 714 redactus
3717 658 3895 712 fuerit

2281 747 2513 820 impiam
2537 791 2553 816 ,
2582 751 2728 807 brevi
2767 765 2860 806 eas
2892 766 3141 821 reparare
3173 752 3392 821 nequit;
3443 750 3527 805 hic
3565 758 3748 803 autem
3783 764 3891 818 per

2282 841 2701 898 misericordiam
2728 843 2846 909 Dei,
2875 844 2918 898 si
2946 843 3103 898 modo
3121 827 3476 898 c0udenmare
3501 842 3637 896 facta
3663 851 3886 904 nostra,

2283 942 2333 987 et
2361 933 2471 1002 jam
2499 935 2691 990 sistere
2711 935 2970 1004 ignaviam
2999 935 3344 992 voluerimus.
3370 934 3662 1002 mterhnus
3690 934 3888 988 statim

2281 1023 2348 1078 ad
2373 1025 2652 1097 pristinam
2680 1027 3057 1082 abund.mtiam
3089 1027 3282 1082 redire.
3311 1026 3456 1080 Talis
3483 1025 3626 1080 enim
3657 1035 3742 1078 est
3769 1025 3888 1077 lio-

2282 1116 2460 1170 minus
2500 1125 2686 1171 noster
2708 1100 2734 1184 ,'
2758 1127 2969 1188 tamque
3000 1117 3308 1188 magnificus
3337 1126 3391 1172 et
3421 1116 3656 1170 liberalis
3689 1132 3702 1169 :
3735 1131 3770 1167 ιι
3817 1115 3892 1169 de

2282 1215 2336 1260 ct
2381 1207 2574 1261 clamat
2615 1223 2710 1278 per
2757 1208 3108 1279 prophetam,
3155 1207 3338 1262 dicens
3378 1223 3394 1262 :
3446 1204 3716 1260 Volunth
3757 1204 3892 1258 uolo

2283 1306 2494 1349 mortem
2519 1297 2796 1366 peccatoris
2815 1338 2831 1364 ,
2857 1297 2947 1352 sed
2974 1308 3028 1350 ut
3057 1307 3393 1361 conrertatttr,
3420 1307 3467 1354 et
3493 1298 3626 1351 visat
3655 1295 3884 1368 (Exerit.

2287 1387 2371 1442 l8.
2413 1387 2484 1443 25
2506 1387 2544 1456 ).
2574 1388 2696 1443 Scio
2723 1404 2816 1443 vos
2843 1389 2977 1460 frugi
3008 1389 3251 1443 homines
3275 1404 3396 1444 esse
3417 1430 3434 1455 ,
3463 1399 3518 1443 et
3543 1389 3751 1459 lapsum
3786 1401 3888 1442 vc-

2283 1489 2452 1532 strum
2482 1493 2516 1548 p
2535 1479 2890 1535 -rsentiscere.
2921 1479 3038 1534 Non
3066 1488 3244 1534 autem
3273 1493 3432 1549 parva
3457 1479 3523 1533 ad
3554 1479 3768 1534 virtutis
3800 1494 3892 1532 re-

2285 1567 2453 1623 ditum
2495 1569 2576 1623 via
2605 1579 2714 1634 est,
2746 1570 2886 1625 scire
2917 1581 3256 1640 peccatorum
3282 1567 3722 1640 magnitudinem.
3755 1567 3888 1624 1am

2234 1708 2247 1722 ,
2287 1676 2354 1715 ne
2378 1662 2499 1732 quis
2539 1661 2666 1716 mihi
2709 1664 2899 1718 iterum
2926 1663 3173 1719 diabolici
3205 1663 3349 1718 illius
3375 1662 3574 1718 erroris
3602 1661 3767 1716 verba
3798 1661 3888 1714 af-

2286 1751 2456 1818 ferat,
2481 1752 2663 1807 dicens
2704 1773 2716 1808 :
2747 1755 2912 1820 Quale
2942 1766 3214 1825 peccaturo
3239 1764 3356 1819 est,
3387 1753 3568 1809 videre
3594 1761 3890 1808 currentes

2284 1847 2491 1913 equos?
2517 1845 2572 1898 Si
2603 1845 2834 1900 Volueris
2876 1846 3164 1914 prudenter
3201 1846 3379 1902 omnia
3410 1845 3618 1902 discere
3650 1861 3776 1914 qua:
3812 1845 3887 1898 ibi

2287 1933 2442 2000 fiunt,
2480 1933 2719 1990 invenies
2757 1936 2934 1990 omnia
2969 1951 3034 1991 ex
3074 1936 3309 1990 sataniea
3348 1935 3660 2007 operatione
3693 1935 3887 2003 prndi-

2286 2038 2346 2078 re
2373 2024 2468 2094 (ιι).
2500 2022 2616 2080 Non
2646 2026 2786 2080 enim
2813 2026 3058 2082 videntur
3083 2027 3180 2082 soli
3209 2025 3332 2098 equi
3359 2036 3634 2082 currentes
3655 2069 3670 2092 ,
3699 2026 3798 2080 sed
3832 2037 3889 2080 et

2287 2117 2551 2172 clamores
2574 2160 2588 2182 ,
2619 2128 2672 2173 et
2703 2119 3043 2189 blasphemia:
3068 2161 3084 2186 ,
3111 2128 3166 2175 et
3191 2119 3340 2174 multi
3381 2118 3736 2188 intempestivi
3766 2133 3889 2172 ser-

2288 2221 2475 2263 mones
2501 2208 2786 2264 audiuntur
2807 2250 2824 2275 ,
2855 2220 2908 2266 et
2937 2211 3188 2266 innlieres
3214 2211 3516 2280 prostituta:
3555 2209 3608 2263 in
3641 2208 3888 2263 medium

2288 2300 2586 2368 prodeunt,
2617 2310 2671 2355 et
2711 2311 3018 2370 spectantur
3057 2301 3245 2356 molles
3282 2310 3336 2356 et
3373 2301 3662 2356 eil’eminati
3705 2303 3886 2371 μισ-τί.

2287 2387 2420 2442 Num
2451 2404 2608 2458 parva
2641 2391 2732 2445 tibi
2767 2391 2879 2447 lucc
2910 2391 3175 2458 videntur,
3203 2402 3255 2447 et
3281 2407 3404 2463 qua:
3431 2391 3497 2446 ad
3523 2393 3766 2462 captivas
3790 2392 3888 2445 ab.

2287 2479 2559 2535 ducendas
2583 2483 2787 2537 animas
2816 2498 3000 2553 parum
3032 2483 3266 2538 faciant?
3292 2482 3422 2537 Nam
3445 2483 3488 2538 si
3517 2482 3720 2538 fortuiti
3749 2497 3888 2539 con-

2289 2581 2479 2624 ventus
2506 2570 2747 2627 incautos
2773 2587 2916 2642 sa‘pc
2945 2575 3372 2644 supplantarnnl,
3399 2584 3452 2629 et
3483 2573 3533 2627 in
3564 2573 3889 2643 perditionis

2289 2660 2605 2730 profundum
2624 2680 2763 2734 sa-pe
2786 2674 3084 2732 traxerunt,
3101 2666 3224 2735 quid
3247 2664 3531 2721 verisimile
3541 2677 3617 2721 est
3631 2666 3887 2722 accidere

2289 2751 2414 2815 illis,
2448 2753 2536 2823 qui
2566 2754 2690 2811 illuc
2713 2771 2775 2809 ea
2804 2756 2872 2809 de
2901 2771 3060 2809 causa
3091 2757 3329 2821 veniunt,
3357 2767 3410 2811 ct
3438 2758 3622 2812 oculos
3655 2769 3882 2825 μσιςιξιιιιι

2287 2841 2482 2898 iliicitis
2508 2845 2653 2900 hisce
2679 2846 3083 2916 spectaculis,e.t
3109 2847 3230 2901 inde
3258 2847 3473 2916 perfecti
3502 2847 3727 2901 adulteri
3757 2847 3847 2902 dis
3867 2880 3882 2888 -

2285 2937 2524 2991 cedunt?
2569 2937 2836 3008 Beniguus
2875 2939 3018 2993 enim
3068 2939 3320 2993 Dominus
3369 2949 3548 2994 noster
3572 2939 3753 2993 sciens
3781 2956 3881 2992 na-

2287 3039 2460 3084 turam
2491 3038 2725 3084 nostram
2745 3031 3016 3084 tentationi
3047 3031 3364 3100 expositam,
3386 3039 3439 3084 et
3466 3030 3727 3083 damonis
3750 3045 3877 3082 ver-

2285 3129 2459 3174 sutam
2505 3129 2560 3174 et
2605 3120 2803 3173 variam
2853 3121 3146 3187 malitiam,
3202 3120 3336 3174 bene
3385 3135 3485 3174 nos
3535 3120 3782 3174 muniens
3825 3129 3880 3174 et

2287 3209 2724 3288 inexpugnabiles
2761 3209 2983 3265 reddere
3023 3210 3208 3265 volens
3232 3250 3248 3276 ,
3281 3209 3452 3281 legem
3495 3212 3629 3265 hanc
3660 3212 3878 3281 posuit,

2285 3302 2469 3357 dicens
2501 3321 2515 3358 :
2551 3302 2649 3369 Qui
2677 3304 2876 3372 inspicit
2905 3305 3161 3357 mulierem
3187 3313 3240 3358 ut
3261 3304 3578 3375 concupiscat
3607 3321 3742 3372 eam,
3757 3305 3875 3374 jam

2285 3394 2602 3448 adulteratus
2625 3404 2698 3448 cst
2724 3411 2833 3448 eam
2858 3397 2910 3448 in
2941 3396 3092 3450 corde
3117 3411 3209 3450 suo
3229 3394 3446 3465 (Matth.
3471 3396 3526 3452 5.
3553 3396 3648 3467 28)
3668 3439 3683 3464 ,
3714 3398 3872 3451 adul-

2288 3486 2478 3540 torium
2509 3497 2934 3542 consmnmatum
2966 3487 3205 3543 vocando
3234 3495 3510 3557 aspectum
3539 3504 3660 3544 cum
3688 3491 3872 3545 curio-

2285 3577 2442 3632 sitate
2488 3577 2702 3632 factmn.
2750 3578 2826 3633 Ne
2857 3578 3015 3649 igitur
3041 3578 3126 3633 die
3157 3579 3290 3633 ultra
3322 3596 3335 3632 :
3364 3579 3499 3647 Quid
3530 3580 3651 3634 mali
3681 3596 3744 3636 ex
3779 3581 3867 3635 illa

2286 3665 2746 3736 frequentatione?
2794 3668 2933 3722 Istud
2981 3670 3149 3738 ipsum
3197 3670 3340 3724 enim
3383 3671 3564 3726 videre
3607 3687 3865 3740 equorum

2283 3767 2558 3811 certamen
2582 3798 2597 3822 ,
2625 3757 2815 3812 sufficit
2845 3757 2908 3811 ad
2938 3758 3157 3812 multam
3185 3759 3474 3828 perniciem
3501 3761 3692 3815 anima:
3731 3761 3868 3816 infe-

2284 3846 2525 3902 rendam.
2551 3846 2682 3902 Nam
2713 3863 2833 3903 cum
2867 3850 2917 3903 in
2947 3849 3146 3904 inutilia
3166 3891 3180 3915 ,
3209 3857 3262 3905 et
3285 3865 3350 3906 ea
3374 3866 3496 3922 qua:
3519 3853 3710 3907 anima:
3737 3853 3867 3910 nihil

2282 3939 2605 4007 conducunt,
2628 3941 2722 3996 sed
2749 3951 2802 3996 et
2829 3941 3083 3997 damnosa
3110 3955 3262 4011 sunt,
3287 3953 3497 4016 tempus
3518 3945 3830 4002 insumimus
3849 3991 3866 4013 ,

2283 4033 2635 4100 altercamur,
2667 4045 2720 4088 et
2765 4037 3041 4090 innumera
3088 4037 3285 4104 verba,
3317 4047 3373 4095 et
3413 4053 3533 4110 qua;
3575 4040 3717 4110 loqui
3761 4056 3864 4096 non

2283 4132 2492 4193 Oportet
2517 4165 2532 4189 ,
2563 4124 2828 4195 loquimur
2857 4145 2868 4179 :
2900 4142 3057 4197 quam
3088 4127 3402 4184 habebimus
3429 4128 3638 4185 veniam
3659 4133 3683 4183 τ
3707 4147 3862 4201 qnam

2282 4214 2723 4270 excusationem?
2775 4217 2840 4270 Et
2869 4217 2954 4272 hic
2979 4218 3190 4287 quidem
3219 4219 3266 4273 si
3300 4219 3455 4288 paulo
3487 4221 3741 4289 prolixius
3766 4221 3860 4276 do-

2281 4322 2489 4374 cemus,
2519 4302 2668 4362 nmlti
2699 4320 3011 4364 succensent
3038 4320 3091 4365 et
3120 4326 3262 4381 a‘gre
3287 4310 3481 4374 ferunt.
3507 4321 3562 4366 et
3592 4313 3862 4368 infirmita-

2283 4409 2388 4456 tem
2427 4402 2670 4472 corporis
2705 4411 2758 4458 et
2787 4401 2994 4458 labores
3027 4411 3321 4472 prmtexunt
3346 4442 3363 4470 ,
3395 4403 3518 4458 licet
3553 4404 3860 4462 admirabile

2281 4491 2438 4560 hujus
2466 4493 2644 4562 templi
2679 4502 2873 4548 tectum
2904 4494 3123 4548 multum
3154 4493 3392 4559 soletur;
3425 4495 3552 4550 nihil
3581 4498 3720 4550 enim
3750 4514 3858 4551 nu)-

2278 4585 2444 4640 lestim
2466 4587 2603 4654 parit
2625 4585 2812 4656 frigus,
2834 4585 2916 4640 vel
2939 4587 3133 4656 pluvia,
3158 4597 3248 4640 aut
3271 4597 3548 4640 ventorum
3567 4590 3852 4657 asperitas;

2279 4677 2383 4731 illic
2414 4693 2561 4741 vero,
2594 4677 2713 4731 licet
2739 4679 2960 4732 multum
2992 4679 3384 4748 eompluautur,
3415 4694 3443 4732 a
3475 4680 3646 4734 vomis
3671 4682 3854 4736 validis

2277 4777 2554 4827 vexentur.
2575 4779 2627 4822 et
2648 4769 2826 4823 calore
2844 4771 2971 4824 solis
2988 4770 3265 4838 aliquando
3283 4779 3527 4834 asstuent,
3549 4786 3653 4824 non
3677 4787 3849 4838 unam,

2278 4875 2450 4928 neque
2488 4859 2622 4914 duas
2665 4869 2867 4914 tantum
2909 4861 3066 4913 horas
3091 4901 3105 4924 ,
3139 4860 3230 4915 sed
3279 4861 3468 4915 bonam
3509 4861 3611 4915 diei
3658 4873 3850 4931 partem

2277 4962 2572 5014 versantur,
2592 4960 2643 5004 et
2666 4967 2836 5022 nequc
2857 4966 3018 5008 senex
3041 4967 3203 5007 canos
3227 4968 3352 5005 suos
3374 4964 3664 5014 reveretur.
3687 4969 3850 5024 neque

2269 5041 2521 5110 juvenem
2553 5044 2711 5112 pudet
2734 5045 2800 5098 ad
2825 5059 3077 5099 canorum
3106 5043 3430 5099 irritamenta
3460 5045 3573 5100 ire:
3598 5045 3690 5101 sed
3713 5057 3844 5103 tanta

2273 5146 2354 5190 εει
2390 5135 2500 5189 ha-c
2530 5136 2771 5203 deceptio
2795 5177 2810 5203 ,
2843 5146 2900 5190 ut
2923 5151 3042 5190 cum
3073 5137 3339 5206 voluptate
3368 5136 3484 5192 hac
3507 5152 3629 5194 esca
3655 5141 3844 5193 anima-

2276 5241 2390 5280 rum
2420 5225 2746 5292 admittatur,
2775 5239 2873 5280 nec
2898 5227 3181 5296 cogitetur,
3203 5225 3515 5284 damnosam
3545 5225 3681 5282 hanc
3705 5227 3845 5283 volu-

2275 5327 2470 5386 ptatem
2512 5318 2724 5372 brevem
2763 5331 2885 5372 esse
2919 5327 2972 5372 ct
3013 5317 3384 5386 temporariam
3409 5358 3426 5385 ,
3455 5316 3695 5374 dolorem
3725 5334 3842 5375 vero

2275 5422 2623 5480 perpetuum.
2673 5420 2725 5464 et
2767 5410 2998 5478 graviter
3039 5416 3404 5463 accusatnram
3445 5411 3839 5465 conscientiam.

2276 5499 2442 5554 Video
2467 5501 2609 5554 enim
2637 5515 2775 5554 nunc
2803 5500 3098 5568 aliquorum
3131 5499 3312 5561 facies,
3338 5509 3392 5554 et
3419 5499 3660 5568 conjecto
3679 5502 3842 5570 qualis

2269 5594 2460 5646 animm
2490 5608 2673 5646 eorum
2701 5603 2868 5647 status
2887 5632 2902 5656 ,
2934 5602 3234 5662 quantaque
3265 5605 3402 5645 nunc
3429 5591 3736 5662 pauitantia
3765 5599 3839 5646 te-

2271 5695 2514 5741 nca;.tur.
2552 5683 2746 5740 Verum
2779 5701 2844 5740 ne
2875 5685 3061 5739 itcrtun
3093 5685 3144 5738 in
3171 5684 3356 5739 eadem
3385 5685 3654 5753 recidat‘is,
3680 5700 3840 5756 neque

2330 5891 2404 5945 (ai
2439 5885 2492 5939 lu
2515 5889 2646 5939 circo
2669 5888 2824 5952 turpia
2847 5884 3120 5952 spectacula
3143 5883 3492 5935 ollbrebautur.
