4086 6494
208 409 273 464 51
1398 398 1464 457 IN
1498 395 1655 455 CAP.
1686 394 1728 452 Ι.
1767 392 1792 452 ί

1900 391 2016 450 ίεε.
2058 390 2290 449 ιιοιιιι..
2335 387 2423 446 γι.
3449 395 3520 453 ω

207 538 323 600 post
354 535 559 583 tantam
589 532 827 580 nostrain
852 520 1272 578 admonitionem
1304 517 1494 574 iterum
1520 514 1587 570 ad
1613 513 1801 570 diabo-

207 622 302 674 lira
332 619 423 673 illa
452 616 684 672 concilia
721 624 776 670 et
808 611 1113 684 spectacula
1141 608 1370 666 curratis
1392 649 1410 675 ,
1444 606 1806 661 necessarium

204 719 281 764 est
313 723 411 762 vos
447 706 730 762 obtestari.
779 703 964 776 Neque
991 702 1133 758 enim
1160 714 1374 770 semper
1402 695 1617 768 expedit
1645 696 1808 765 pltar-

203 816 354 857 tnaca
393 799 535 854 lenia
561 797 820 853 adbibere
849 794 986 852 :scd
1009 792 1225 864 quando
1250 790 1402 847 ulcus
1427 787 1687 846 curationi
1719 801 1805 842 re-

203 892 380 955 sistit,
427 898 644 962 oportet
675 889 904 944 viofenta
944 894 1001 940 et
1027 880 1311 940 mordacis
1347 881 1634 936 admovere
1660 920 1678 947 ,
1699 891 1807 949 quo

204 982 394 1036 morbo
417 989 739 1037 occurratur
765 978 943 1034 citius.

269 1072 324 1128 3.
361 1072 582 1127 Discant
619 1071 775 1140 igitur
800 1081 990 1124 omnes
1013 1065 1098 1122 bis
1124 1063 1439 1122 criminibus
1463 1059 1678 1118 obnoxii
1710 1099 1726 1126 ,
1759 1058 1806 1115 si

205 1173 322 1233 post
359 1163 504 1218 banc
549 1173 784 1218 nostram
813 1157 1235 1215 admonitionem
1277 1156 1331 1211 in
1377 1169 1439 1210 ea
1483 1150 1804 1224 negligentia

205 1255 524 1316 manserint,
555 1268 661 1308 non
693 1253 1011 1308 toleraturos
1041 1262 1174 1314 nos,
1199 1245 1298 1304 sed
1325 1244 1526 1317 legibus
1550 1243 1807 1298 ecclesia-

205 1345 351 1401 sticis
372 1359 596 1408 usuros,
622 1352 678 1397 ct
705 1356 892 1412 magna
919 1338 1256 1396 vehementia
1280 1337 1554 1403 docturos,
1587 1351 1656 1391 ne
1683 1335 1805 1390 talia

204 1437 430 1508 posthac
478 1436 850 1499 committunt,
902 1446 1036 1488 neve
1079 1439 1229 1487 tanto
1264 1437 1580 1499 contemptu
1625 1426 1804 1482 divina

203 1528 424 1584 audiant
445 1527 678 1597 eloquia.
713 1526 837 1581 lla3c
863 1534 1041 1579 autem
1069 1538 1175 1578 non
1200 1522 1269 1577 de
1294 1519 1544 1576 omnibus
1570 1520 1656 1574 bic
1673 1535 1805 1574 cott~

202 1619 440 1692 gregalis
476 1618 631 1686 dico,
663 1617 758 1674 sed
794 1617 863 1672 de
891 1615 1015 1671 huic
1033 1613 1214 1685 culpa:
1239 1611 1508 1669 obnoxiis.
1546 1609 1806 1666 Omnibus

202 1713 420 1783 quidem
452 1710 754 1782 loquimur;
795 1707 889 1764 sed
924 1721 1080 1763 suum
1106 1705 1382 1761 auditores
1405 1702 1605 1775 quique
1631 1715 1806 1757 reme-

203 1805 346 1860 dium
374 1803 594 1875 capiant
620 1816 789 1858 :‘reus
816 1800 1032 1872 quidem
1076 1806 1134 1855 ut
1170 1813 1200 1852 a
1239 1795 1435 1853 delicto
1463 1795 1719 1862 desistat,
1751 1800 1807 1849 et

205 1912 307 1950 non
337 1897 479 1951 ultra
506 1894 905 1966 progrediatur,
927 1891 1028 1948 sed
1058 1889 1235 1946 studio
1253 1903 1359 1946 suo
1378 1888 1613 1958 seipsom
1651 1901 1806 1942 revo-

203 1998 306 2053 cet.
331 1999 388 2045 et
411 1995 590 2044 errata
619 1987 881 2055 corrigat;
908 1984 1158 2039 innoxius
1177 1995 1306 2037 vero
1325 1979 1528 2035 cautior
1546 1980 1635 2033 liat
1657 1986 1714 2032 ut
1737 1991 1804 2031 ne

203 2079 468 2150 capiatur,
497 2093 630 2132 neve
655 2074 940 2145 aliquando
968 2089 1093 2129 reus
1118 2072 1226 2127 ttat.
1255 2069 1521 2127 Czeterum
1543 2080 1599 2123 ut
1621 2083 1688 2122 ex
1719 2081 1804 2121 re-

204 2171 302 2226 bus
324 2171 457 2242 ipsis
480 2179 673 2226 vestra
695 2169 900 2224 caritati
928 2165 1362 2238 persuadeamus,
1384 2178 1449 2218 ex
1482 2176 1666 2216 amore
1691 2169 1806 2216 stu-

204 2261 402 2334 diaque
430 2262 595 2317 vestri
614 2261 766 2317 'hunc
791 2270 1029 2315 nostrum
1054 2257 1219 2313 animi
1245 2257 1482 2312 dolorem
1507 2254 1800 2324 profectum

205 2367 342 2418 esse,
367 2365 426 2408 et
453 2367 552 2408 nos
574 2351 641 2407 ad
669 2351 785 2407 hcce
813 2351 1034 2406 dicenda
1064 2349 1322 2419 impulsos
1347 2363 1468 2402 esse
1496 2345 1636 2415 quod
1667 2346 1805 2400 ntul-

205 2456 314 2500 tum
344 2445 508 2500 saluti
537 2452 728 2500 vestra:
755 2444 1065 2499 timeremus
1095 2457 1112 2496 :
1141 2456 1238 2511 age
1285 2440 1475 2496 iterum
1521 2454 1618 2494 nos
1659 2439 1803 2509 ipsos

205 2533 344 2592 bona
385 2550 484 2605 spe
517 2533 780 2600 foventes,
809 2544 1118 2588 consuetam
1151 2532 1302 2588 vobis
1340 2545 1669 2602 apponamus
1698 2529 1800 2584 do-

203 2627 458 2692 ctriuam,
491 2626 826 2682 declarantes
869 2635 1166 2696 paternam,
1195 2640 1353 2696 quam
1380 2638 1504 2694 erga
1534 2637 1632 2676 vos
1655 2621 1801 2692 geri-

206 2736 344 2787 mus,
375 2720 799 2776 benevolentiam
831 2737 845 2774 :
875 2718 1006 2785 sed,
1047 2733 1165 2785 oro,
1209 2717 1492 2787 diligenter
1526 2715 1680 2769 dictis
1708 2728 1804 2767 au-

207 2812 453 2878 scultate,
486 2821 544 2866 ιιι
581 2810 782 2881 majore
814 2824 932 2864 cum
962 2808 1137 2864 fructu
1161 2808 1378 2863 domutn
1418 2806 1593 2861 redire
1622 2805 1796 2860 l'ceat.

201 2900 394 2971 Opera:
426 2901 652 2972 pretium
699 2909 877 2955 autem
913 2908 1015 2967 est,
1062 2913 1125 2955 ea
1164 2915 1284 2970 quae
1322 2913 1464 2953 nunc
1505 2898 1637 2954 lecta
1677 2903 1801 2952 sunt

202 2993 410 3046 cnritati
467 3002 658 3047 vestrae
710 2991 904 3046 dicere.
948 2992 1037 3045 Η.
1090 2989 1157 3044 Et
1193 2991 1342 3058 dixit,
1387 2992 1575 3061 inquit,
1612 2991 1799 3049 Deus:

210 3083 364 3137 Fiant
392 3085 666 3138 luminaria
708 3084 759 3137 in
799 3083 1118 3151 ﬁrmamento
1148 3081 1258 3135 caeli
1284 3082 1351 3134 ad
1378 3081 1798 3139 illuminationem

203 3191 358 3244 super
382 3185 588 3236 terram,
611 3184 666 3226 ut
683 3174 913 3227 dividant
940 3174 1067 3225 inter
1088 3171 1222 3225 diem
1251 3182 1297 3225 et
1325 3175 1456 3226 inter
1485 3184 1700 3230 noctem.
1733 3175 1798 3230 Et

207 3263 302 3317 sint
331 3265 382 3317 in
410 3264 578 3335 signa,
603 3273 652 3316 et
678 3263 730 3316 in
756 3273 1002 3333 tempora,
1028 3272 1082 3316 et
1108 3263 1158 3315 in
1184 3263 1311 3327 dies,
1340 3273 1387 3316 et
1416 3263 1468 3316 in
1493 3280 1678 3320 annos.
1708 3267 1794 3322 l5.

209 3352 273 3408 ει
310 3357 413 3409 sint
454 3355 523 3409 ad
562 3354 979 3412 illuminationem
1019 3354 1072 3407 in
1113 3354 1432 3422 ﬁrmamento
1459 3357 1570 3409 caeli
1601 3372 1620 3410 :
1643 3358 1715 3411 ita
1741 3369 1797 3412 ut

207 3444 404 3499 luceant
422 3461 575 3516 super
594 3452 798 3498 terram.
828 3441 897 3496 Et
918 3447 1108 3515 factum
1130 3454 1202 3497 est
1225 3445 1317 3497 ita.
1345 3443 1634 3515 Postquam
1652 3448 1793 3503 enim

208 3532 317 3590 lteri
356 3550 464 3589 nos
501 3533 682 3589 docuit
723 3533 911 3588 beatus
957 3532 1151 3599 Moses,
1199 3533 1468 3603 quomodo
1513 3535 1792 3591 informem

206 3633 402 3680 terram
427 3624 701 3681 ornaverit
727 3624 963 3679 universi
990 3623 1249 3680 Conditor
1276 3624 1455 3679 berbis
1474 3667 1488 3688 ,
1521 3634 1574 3680 et
1601 3628 1792 3681 florum

203 3717 457 3771 varietate
477 3756 492 3780 ,
528 3723 582 3770 et
618 3715 880 3771 seminum
909 3716 1172 3786 germine,
1207 3714 1364 3770 hodie
1392 3731 1694 3772 sermonem
1724 3717 1790 3772 ad

202 3817 448 3862 ornatum
493 3806 610 3861 cadi
655 3807 834 3861 vertit.
884 3805 1017 3860 Nam
1064 3806 1200 3861 sicut
1249 3815 1388 3861 terra
1432 3818 1654 3862 ornatur
1699 3824 1793 3877 per

194 3910 261 3951 ea
301 3912 420 3968 qua:
454 3911 520 3951 ex
566 3895 677 3967 ipsa
721 3897 1066 3967 proveniunt,
1093 3897 1173 3951 sic
1210 3897 1398 3952 cadum
1440 3897 1541 3954 hoc
1583 3899 1786 3957 visibilc

195 3990 394 4045 clarius
421 3997 476 4046 et
501 3988 749 4061 fulgidius
771 3989 917 4056 fecit,
940 3999 1208 4045 astrorum
1232 3992 1486 4045 varietate
1510 3991 1640 4047 illud
1665 3994 1787 4050 hinc

197 4080 322 4137 inde
349 4082 714 4153 distinguens,
753 4083 1047 4153 praesertim
1074 4080 1391 4138 lonnatione
1414 4083 1642 4138 duormn
1677 4100 1789 4139 uza-

197 4188 421 4243 guorum
449 4176 810 4242 luminarium,
834 4175 985 4242 solis,
1013 4176 1226 4248 inquam
1253 4219 1266 4242 ,
1300 4187 1354 4231 ct
1393 4177 1552 4232 lunai.
1588 4178 1674 4234 l6.
1720 4175 1787 4232 Et

201 4269 312 4337 fecit
342 4268 498 4335 Deus,
525 4269 617 4335 ait,
637 4271 737 4324 duo
758 4270 1032 4324 luminaria
1053 4287 1258 4342 magna,
1278 4271 1527 4326 luminare
1545 4284 1786 4343 magnum

199 4369 252 4412 ut
276 4370 509 4427 praestet
537 4361 658 4427 diei,
681 4373 726 4416 et
752 4361 1002 4416 luminare
1029 4363 1196 4415 minus
1219 4371 1272 4414 ut
1298 4372 1526 4428 prwesset
1553 4365 1706 4430 nocti,
1738 4372 1784 4417 et

201 4449 383 4503 stellas.
435 4449 618 4504 Vidisti
659 4451 970 4520 sapientiam
1015 4450 1271 4521 Opiﬁcis?
1321 4451 1461 4506 Dixit
1507 4454 1698 4516 solum,
1729 4463 1785 4509 et

197 4539 510 4607 productum
559 4548 642 4595 est
693 4539 793 4596 ltoc
845 4541 1160 4597 admirabile
1209 4543 1573 4609 elementum,
1616 4544 1781 4599 solem

197 4629 333 4685 dico.
383 4630 537 4688 llunc
582 4631 723 4688 enim
759 4643 914 4687 vocat
957 4633 1217 4688 luminare
1259 4649 1544 4705 magnum,
1571 4645 1622 4690 et
1655 4634 1783 4690 dicit

199 4721 249 4788 ip
278 4738 364 4776 um
389 4721 583 4777 factum
609 4738 751 4789 esse,
773 4734 828 4778 ut
859 4725 1038 4794 prmsit
1057 4725 1184 4780 diei.
1213 4725 1307 4780 Sol
1329 4727 1470 4780 enim
1497 4725 1779 4781 clariorem

195 4811 330 4865 diem
377 4811 562 4879 eﬂicit,
609 4813 833 4868 rutilaus
881 4830 1045 4869 aureo
1086 4830 1185 4871 suo
1217 4815 1406 4886 jubare
1434 4827 1487 4871 et
1515 4818 1697 4880 radiis,
1727 4829 1780 4872 et

195 4904 426 4971 quotidie
452 4904 685 4975 speciem
714 4919 863 4958 suam
894 4905 1249 4973 vigeseentem
1275 4908 1583 4972 ostendens,
1615 4919 1668 4962 et
1697 4910 1772 4962 si-

197 4994 299 5047 mul
335 5004 494 5064 atque
533 5009 689 5050 mane
724 5003 946 5050 exortus
987 4994 1166 5063 fuerit,
1195 5013 1354 5053 omne
1379 4999 1596 5053 bominu
1621 5019 1650 5051 ιι
1681 5016 1776 5068 ge-

195 5099 290 5140 nus
312 5087 378 5141 ad
406 5101 622 5142 suorum
646 5101 868 5156 operum
891 5087 1062 5142 studia
1087 5090 1345 5144 excitans.
1381 5090 1546 5158 llujus
1578 5089 1776 5145 formo-

194 5176 397 5230 sitatcm
424 5176 701 5233 declarans
735 5178 922 5233 beatus
951 5179 1143 5246 David,
1175 5180 1344 5248 inquit
1376 5199 1389 5234 :
1420 5179 1488 5234 Et
1513 5183 1619 5250 ipse
1644 5193 1776 5236 tant-

191 5282 335 5326 nam
373 5283 587 5339 sponsus
630 5269 886 5340 egrediens
929 5271 992 5324 de
1017 5268 1252 5325 Tltulamo
1281 5288 1394 5338 suo,
1424 5274 1689 5328 exsultabit
1718 5285 1775 5329 ut

193 5362 329 5428 gigas
359 5360 427 5411 ad
448 5361 746 5414 currendum
771 5360 939 5424 riam;
965 5377 996 5414 a
1025 5377 1219 5416 summa
1239 5363 1362 5417 calo
1385 5380 1610 5433 egressus
1641 5366 1773 5433 ejus,

193 5460 234 5502 et
259 5466 493 5504 occursus
536 5452 648 5522 ejus
686 5467 841 5520 usque
872 5450 941 5506 ad
976 5469 1224 5506 summum
1251 5453 1360 5506 cwli
1390 5453 1563 5524 (Psttl.
1597 5455 1683 5510 l8.
1716 5456 1770 5509 ϐ.

193 5537 263 5600 7).
294 5538 452 5594 \‘idcs
481 5539 748 5607 quomodo
788 5541 904 5610 ejus
947 5543 1414 5612 pulchritudinem,
1446 5554 1499 5600 ct
1546 5545 1597 5599 in
1645 5561 1770 5613 ope-

193 5632 352 5684 rando
382 5630 713 5686 velocitatem
741 5632 1066 5688 detlaravit?
1099 5634 1330 5690 Diceudo
1358 5637 1521 5701 enim,
1555 5636 1595 5688 Α
1623 5653 1762 5690 sum-

194 5735 264 5772 ma
289 5725 409 5775 cttlo
437 5735 663 5792 egressus
690 5722 817 5790 ejus,
846 5732 890 5776 et
916 5741 1152 5780 occursus
1192 5725 1303 5794 ejus
1342 5742 1499 5795 usque
1533 5727 1599 5778 ad
1634 5742 1772 5779 sum.

191 5829 316 5866 mum
339 5814 468 5879 urit,
496 5813 812 5884 signiﬁcavit
839 5815 1010 5879 nobis,
1038 5816 1306 5887 quomodo
1337 5818 1389 5872 in
1420 5831 1524 5871 uno
1557 5828 1763 5885 tempo-

1918 515 1994 565 ris
2023 515 2298 564 momento
2339 522 2437 579 per
2471 514 2641 563 totum
2674 505 2860 563 orbem
2889 505 3164 575 discurrit,
3186 517 3238 564 et
3267 522 3296 562 a
3325 509 3520 566 lluibus

1916 605 1969 660 iu
1995 605 2129 660 lines
2152 603 2333 660 radios
2359 602 2539 669 mittit,
2559 601 2786 657 multum
2810 601 3052 658 utilitatis
3075 611 3352 673 Instatis.
3382 601 3519 658 Nam

1915 711 2020 751 non
2062 695 2236 751 solum
2274 695 2537 760 calefacit,
2571 694 2671 752 sed
2710 704 2766 750 et
2801 694 3050 759 arefacit;
3093 702 3150 751 et
3197 711 3302 750 non
3343 696 3518 750 solmn

1915 789 2156 851 arelacit,
2179 786 2272 843 sed
2300 795 2356 843 et
2383 786 2581 852 adurit,
2604 785 2908 858 multosque
2928 786 3064 842 alios
3084 795 3142 842 et
3162 786 3340 842 varios
3363 786 3518 842 nobis
3592 781 3596 792 ’

1913 893 2041 934 usus
2067 878 2288 948 prrebct,
2315 887 2476 948 atque
2499 876 2635 932 adeo
2661 891 2911 946 magnum
2940 885 3027 932 est
3051 875 3368 932 miraculum
3395 876 3515 933 ele-

1911 981 2148 1027 ntentmn
2178 970 2280 1026 hoc
2299 1012 2313 1034 ,
2342 985 2516 1042 neque
2541 979 2624 1026 est
2644 972 2734 1041 qui
2764 970 2948 1026 Iaudes
2976 969 3093 1041 ejus
3122 985 3220 1041 pro
3248 969 3512 1044 dignitate

1911 1063 2301 1135 prtedicarcrit.
2331 1063 2456 1118 llzec
2471 1072 2648 1118 autem
2671 1062 2810 1128 dico,
2832 1073 2886 1118 et
2909 1077 3158 1120 sermone
3175 1065 3506 1120 elementum

1909 1155 2130 1220 extollo,
2163 1170 2271 1208 non
2316 1162 2374 1208 ut
2421 1156 2472 1206 in
2516 1169 2584 1208 eo
2630 1155 2910 1221 subsistas,
2940 1153 3151 1217 dilecte,
3183 1153 3277 1208 δειά
3310 1165 3366 1210 ιιι
3391 1155 3518 1212 inde

1911 1245 2189 1311 ascendas,
2209 1256 2265 1300 et
2291 1245 2342 1299 itt
2365 1244 2615 1301 elementi
2637 1245 2893 1316 Opificem
2915 1245 3322 1300 admirationem
3343 1256 3516 1302 trans-

1913 1337 2074 1393 feras.
2105 1335 2236 1392 Nam
2259 1345 2459 1406 quanto
2480 1336 2652 1406 majus
2671 1335 2972 1391 ostenditur
2992 1335 3341 1395 elementum.
3363 1344 3516 1394 tanto

1912 1429 2084 1498 majus
2110 1436 2437 1482 monstratur
2458 1425 2678 1500 Opillcis
2709 1427 3046 1482 miraculum.

1982 1522 2037 1576 ι.
2069 1520 2302 1575 Stultitia
2322 1520 2646 1574 adorantium
2672 1519 2864 1584 solem;
2887 1535 2980 1574 cur
3005 1529 3117 1591 post
3143 1520 3347 1574 tertium
3372 1518 3510 1574 diem

1908 1613 1986 1667 sol
2019 1611 2269 1666 conditus.
2291 1641 2362 1652 —-
2387 1611 2584 1668 Verum
2623 1612 2852 1683 gentiles
2889 1612 3216 1668 admirantes
3243 1625 3296 1668 et
3322 1613 3512 1670 obstu-

1913 1712 2188 1772 pescentes
2214 1713 2419 1758 tantum
2447 1703 2792 1772 elementum,
2825 1705 3046 1760 ulterius
3075 1706 3377 1776 perspicere
3403 1721 3510 1762 non

1910 1806 2214 1867 potuerunt,
2257 1812 2431 1868 neque
2476 1797 2594 1866 ejus
2638 1796 2984 1853 Conditorem
3016 1797 3385 1862 laudaverunt.
3414 1798 3510 1855 sed

1910 1888 1964 1943 in
1995 1889 2267 1944 elemento
2302 1888 2769 1958 eouquieseentes,
2804 1888 2976 1958 ipsum
3019 1903 3118 1959 pro
3165 1889 3268 1944 deo
3307 1889 3510 1946 habue-

1909 1989 2068 2033 runt:
2093 1987 2372 2050 propterea
2415 1989 2470 2034 et
2517 1979 2704 2034 beatus
2745 1979 2941 2035 Paulus
2980 1979 3109 2036 dicit
3143 1997 3156 2010 ·
3184 1978 3250 2034 Et
3290 1981 3510 2036 uenerati

1907 2081 2044 2135 sunt,
2078 2070 2438 2141 colueruutque
2475 2079 2759 2125 creaturam
2799 2071 2992 2141 inagis,
3029 2087 3181 2141 quam
3217 2070 3509 2130 Creatorem

1908 2161 2084 2230 (limit.
2121 2162 2168 2215 l.
2196 2161 2311 2233 25).
2357 2160 2495 2228 Quid
2535 2161 2678 2216 enim
2733 2161 3069 2232 insipientius
3108 2162 3230 2229 illis,
3266 2164 3355 2233 qui
3399 2178 3506 2219 non

1910 2261 2197 2320 potuerunt
2238 2267 2304 2306 ex
2346 2251 2606 2306 creaturis
2635 2266 2926 2322 agnoscere
2964 2251 3294 2317 Creatorem,
3327 2254 3422 2310 sed
3455 2255 3507 2310 itt

1908 2351 2113 2396 tantum
2145 2352 2503 2412 pervenerunt
2529 2359 2768 2398 errorem
2787 2384 2802 2408 ,
2835 2354 2892 2397 ut
2929 2353 3230 2400 creaturam
3260 2357 3314 2400 ct
3340 2347 3508 2403 lactu-

1908 2450 2022 2489 ram
2063 2435 2114 2488 in
2147 2434 2390 2490 ordinem
2417 2433 2689 2490 Creatoris
2717 2434 3017 2492 referrent?
3059 2437 3398 2508 Quapmpter
3419 2439 3505 2494 di-

1907 2527 2027 2580 vina
2058 2525 2330 2596 Scriptura
2354 2526 2653 2597 praevidens
2682 2542 2977 2599 propensos
2995 2527 3062 2584 ad
3082 2543 3328 2585 errorem
3357 2531 3507 2602 igua~

1905 2634 2021 2684 vos,
2061 2620 2216 2673 docet
2261 2634 2377 2685 nos,
2422 2629 2540 2689 post
2583 2621 2796 2676 tertium
2837 2621 2980 2676 diem
3030 2620 3132 2677 ltoc
3178 2624 3503 2680 elementum

1903 2725 2027 2766 esse
2074 2712 2388 2778 conditum,
2439 2720 2720 2782 postquam
2773 2722 2915 2768 terra
2964 2714 3251 2786 omnigeua
3295 2717 3502 2771 sentina

1906 2805 2147 2874 protulit,
2179 2815 2234 2860 et
2262 2821 2417 2860 suum
2450 2808 2658 2875 accepit
2686 2817 2934 2860 ornatum
2964 2824 2975 2862 :
3009 2816 3069 2862 ut
3111 2808 3240 2861 nulli
3284 2807 3504 2877 posthac

1903 2896 2081 2952 dicere
2103 2897 2277 2961 liceat,
2309 2897 2424 2952 sine
2448 2897 2578 2952 solis
2595 2899 2981 2968 c00peratione
3008 2914 3114 2953 non
3141 2907 3504 2955 maturescere

1904 2988 2080 3060 fruges
2111 3000 2163 3044 ct
2197 2999 2485 3059 proventus
2515 2999 2693 3046 teme.
2741 2990 2945 3046 Idcirco
2970 2990 3208 3047 declarat
3235 2991 3324 3046 tibi
3353 2999 3504 3048 aute-

1902 3096 2060 3150 quam
2083 3081 2162 3136 sol
2193 3083 2536 3149 forntaretur,
2568 3083 2746 3136 omnia
2781 3082 2941 3137 fuisse
2963 3081 3198 3152 impleta,
3232 3092 3286 3136 ut
3312 3098 3379 3137 ne
3401 3083 3503 3140 soli

1903 3173 2165 3228 lructutttn
2211 3182 2499 3243 proventus
2539 3173 2847 3238 adscribas,
2893 3172 2987 3228 sed
3035 3174 3274 3228 omnium
3321 3174 3498 3244 opiﬁci

1904 3263 2036 3330 Deo,
2063 3265 2150 3334 qui
2182 3265 2310 3319 dixit
2342 3264 2408 3320 ab
2435 3264 2586 3319 initio
2619 3284 2633 3320 :
2665 3263 2922 3319 Germinet
2961 3273 3095 3318 terra
3120 3265 3326 3320 herbam
3355 3265 3500 3337 (cui.

1900 3356 2052 3420 Quod
2076 3356 2119 3411 si
2149 3357 2399 3423 dixerint,
2429 3357 2560 3412 solis
2594 3355 2922 3412 iunctiOuem
2961 3358 3120 3414 etiam
3147 3358 3348 3429 aliquid
3371 3374 3501 3430 ope-

1901 3449 2028 3512 rari,
2066 3457 2122 3504 ut
2163 3448 2366 3505 fructus
2400 3459 2784 3511 maturescunt.
2819 3464 2993 3520 neque
3029 3465 3128 3521 ego
3165 3450 3498 3505 contradico.

1899 3541 2030 3595 Nam
2062 3542 2197 3596 sicut
2223 3542 2266 3597 si
2293 3542 2582 3611 agricolam
2603 3543 2776 3596 dicam
2799 3543 3079 3612 eooperari
3105 3540 3172 3597 ad
3202 3551 3362 3596 terra:
3385 3542 3499 3596 cul-

1900 3641 2030 3694 Iunt,
2063 3649 2166 3687 non
2191 3633 2312 3688 ideo
2341 3634 2647 3689 universum
2672 3635 2846 3689 tribuo
2866 3635 3135 3705 agricolae,
3163 3635 3259 3690 sed
3285 3635 3495 3691 etiamsi

1899 3724 1942 3776 is
1972 3727 2274 3780 sexcenties
2296 3740 2450 3780 suum
2477 3735 2598 3796 agat
2624 3723 2882 3789 officium,
2904 3725 3005 3780 nisi
3035 3726 3080 3780 is
3105 3725 3194 3796 qui
3225 3740 3324 3779 suo
3353 3741 3497 3781 man-

1895 3818 2021 3874 dato
2059 3818 2127 3872 ab
2167 3819 2317 3873 initio
2365 3827 2562 3874 terram
2607 3819 2674 3872 ad
2724 3817 2994 3874 faciendos
3021 3817 3222 3874 fructus
3248 3818 3494 3874 idoneam

1897 3909 2040 3973 fecit,
2072 3909 2137 3964 ad
2167 3909 2266 3965 boc
2295 3925 2412 3965 eam
2440 3925 2653 3980 quoque
2676 3925 2893 3964 tnovere
2917 3909 3064 3976 velit,
3099 3909 3225 3964 nibil
3255 3909 3495 3979 proliciet

1896 4001 2077 4056 multis
2115 3999 2389 4055 laboribus
2421 4018 2434 4054 :
2465 4000 2714 4055 similiter
2750 4000 2890 4065 dico,
2921 3986 3130 4056 etiamsi
3160 4014 3280 4054 cum
3309 3999 3494 4056 labore

1893 4094 2076 4148 rustici
2117 4093 2388 4164 conspiret
2426 4093 2554 4148 solis
2581 4101 2635 4148 et
2661 4093 2800 4148 luna:
2825 4093 3066 4163 operatio
3086 4133 3101 4158 ,
3129 4101 3183 4146 et
3212 4092 3326 4146 ea-li
3352 4102 3492 4147 tctu-

1893 4188 2089 4256 perics,
2114 4201 2286 4256 neque
2306 4185 2384 4240 sic
2405 4185 2685 4240 utilitatem
2708 4185 2941 4256 aliquam
2963 4183 3101 4250 fore,
3127 4185 3226 4239 nisi
3254 4199 3489 4254 superno

1892 4278 2010 4332 illos
2039 4276 2257 4332 dextera
2287 4275 2494 4332 Domini
2520 4275 2790 4346 adjuverit
2824 4294 2838 4332 :
2868 4276 2966 4330 bac
2990 4283 3167 4330 autem
3206 4292 3366 4330 manu
3394 4292 3489 4330 ra-

1891 4367 1995 4422 lida
2019 4368 2238 4438 jurante
2258 4368 2418 4423 etiam
2436 4365 2702 4425 elementa
2729 4367 3016 4437 plurimum
3039 4368 3340 4422 conterunt.
3365 4367 3490 4423 llzre

1890 4461 2054 4530 probe
2084 4460 2342 4515 memoria
2374 4469 2638 4527 tenentes,
2681 4459 3009 4531 Compescite
3047 4473 3143 4513 eos
3185 4459 3272 4529 qui
3316 4459 3490 4514 adhuc

1889 4565 2070 4606 errare
2096 4551 2296 4616 volunt,
2329 4559 2383 4605 et
2420 4566 2526 4605 non
2568 4551 2868 4617 concedite,
2903 4562 2961 4607 ut
3005 4550 3275 4608 Creatoris
3318 4549 3490 4606 Itonor

1888 4651 2147 4698 creatura:
2179 4643 2519 4699 concedatur.
2569 4645 2866 4715 Eapropter
2899 4655 2953 4700 et
2992 4645 3174 4700 divina
3212 4643 3487 4717 Scriptura

1889 4749 1993 4788 non
2019 4734 2191 4788 solum
2225 4733 2671 4804 pulchritudinem
2699 4734 2812 4805 ejus
2835 4776 2851 4801 ,
2883 4743 2938 4789 et
2965 4735 3405 4805 magnitudinem,
3433 4745 3486 4792 et

1889 4824 2169 4892 utilitatem
2213 4825 2476 4893 ostendit,
2507 4826 2733 4881 dicendo
2765 4845 2778 4880 :
2814 4825 2960 4882 Sicut
3005 4843 3241 4898 sponsus,
3270 4838 3343 4889 et,
3381 4826 3486 4882 Εε-

1886 4914 2091 4972 ειιιιᾱὺίι
2117 4919 2245 4972 sicut
2272 4923 2416 4990 gigas
2458 4919 2527 4972 ad
2565 4919 2869 4974 currendum
2905 4919 3073 4983 rium;
3099 4919 3193 4974 sed
3225 4929 3278 4975 et
3314 4919 3481 4975 imbe-

1886 5009 2160 5065 cillitatem
2189 5009 2622 5080 debilitatemque
2648 5011 2686 5064 ¹.
2729 5009 2869 5065 Audi
2904 5011 3048 5066 enim
3084 5010 3209 5081 quid
3249 5011 3372 5065 alibi
3404 5009 3486 5066 di-

1885 5111 1970 5154 cat
2005 5117 2017 5153 :
2051 5101 2186 5166 Quid
2209 5102 2314 5154 sole
2337 5100 2594 5156 lucidius?
2622 5112 2669 5155 et
2691 5101 2787 5155 Itoc
2815 5101 2986 5171 deﬁcit
3029 5101 3217 5170 (Eccli.
3249 5103 3332 5157 l7.
3365 5101 3480 5172 '50).

1884 5192 1961 5248 Ne
1989 5201 2038 5247 te
2064 5192 2334 5262 decipiat,
2376 5193 2567 5262 inquit,
2593 5193 2956 5263 spectaculum
2989 5210 3002 5247 :
3033 5208 3151 5247 nam
3183 5193 3226 5247 si
3257 5191 3484 5250 voluerit

1881 5287 2140 5343 Conditor
2170 5287 2455 5356 imperare,
2485 5288 2634 5357 quasi
2672 5302 2960 5358 numquam
2994 5286 3168 5351 luerit,
3200 5287 3271 5341 ita
3299 5286 3482 5356 dispa-

1883 5381 2040 5435 rebit.
2090 5381 2213 5434 ll;ec
2252 5381 2295 5434 si
2345 5380 2734 5436 intellexissent
2771 5379 3035 5451 gentiles,
3079 5379 3383 5450 neutiquam
3427 5380 3480 5434 itt

1885 5482 2089 5529 tantum
2133 5471 2441 5527 incidissent
2479 5487 2748 5537 errorem,
2789 5471 2883 5528 sed
2919 5480 3063 5526 recte
3090 5469 3382 5537 vidissent,
3412 5485 3478 5526 ex

1914 5575 2248 5620 t'caturarum
2290 5566 2742 5634 contemplatione
2779 5581 2874 5635 par
2910 5577 3029 5618 esse
3064 5563 3130 5616 ad
3167 5561 3476 5621 Creatorem

1881 5654 2195 5711 ascendere.
2243 5655 2460 5726 Propter
2504 5654 2604 5710 hoc
2642 5664 2832 5726 quarto
2869 5654 2959 5709 die
2999 5653 3166 5707 solem
3207 5651 3366 5715 fecit,
3408 5666 3479 5708 ne

1944 5770 1959 5801 ι
1998 5775 2124 5832 "me,
2141 5768 2226 5818 sed
2240 5773 2284 5818 et
2308 5767 2550 5832 imbecillit
2570 5774 2676 5817 :trm
2698 5765 3097 5828 debilitatemquc,
3110 5779 3220 5829 qua:
3245 5767 3294 5814 in
3311 5763 3454 5814 Morel

1879 5830 2106 5886 «ιυπεωι.
2132 5835 2179 5880 iu
2205 5834 2395 5880 cst-teris
2418 5831 2674 5878 habentur.
