4086 6492
573 414 646 477 ss
1277 414 1332 471 s.
1372 411 1645 469 tonsus
1681 405 2150 468 cnnvsosrosn
2191 405 2510 464 ARCIIIEP.
2551 391 3084 470 CONS‘I‘AN‘I‘INOP.
3775 407 3851 468 eo

575 540 728 598 putes
755 529 901 584 illum
930 527 1035 582 diei
1061 535 1353 582 auctorem.
1383 525 1512 578 Nam
1541 523 1678 593 quod
1706 523 1774 578 tle
1796 521 2084 577 seminibus
2115 534 2142 570 a

577 621 731 672 nobis
761 619 958 673 dictum
989 629 1092 682 est,
1120 626 1173 670 et
1196 616 1264 670 de
1287 615 1375 671 die
1404 615 1521 668 licet
1547 615 1746 678 dicere,
1771 628 1960 680 nempe
1991 611 2150 663 fuisse

577 722 687 764 tres
713 711 825 764 dies
850 718 974 765 ante
1000 709 1127 763 solis
1152 705 1543 761 formationem.
1574 705 1740 758 Voluit
1771 715 1948 758 autem
1977 696 2152 755 Dolui-

580 817 678 854 nus
705 810 759 856 et
784 815 878 869 per
907 801 1005 855 hoc
1033 799 1354 853 elementum
1383 797 1664 852 clariorem
1689 795 1794 850 diei
1825 795 1994 847 lucem
2024 789 2150 845 red-

579 890 706 944 dere
730 908 743 940 :
765 890 813 942 id
839 888 976 957 quod
1001 897 1055 942 et
1081 888 1149 944 de
1174 888 1364 943 minori
1393 888 1660 948 luminari,
1687 887 1784 940 hoc
1810 894 1909 945 est,
1939 883 2006 937 de
2034 883 2152 935 luna

581 977 915 1036 dixerimus:
949 979 1100 1035 facta:
1152 981 1292 1034 enim
1336 989 1460 1034 sunt
1506 989 1612 1033 tri-s
1651 986 1832 1030 noctes
1874 985 1996 1028 ante
2040 973 2156 1041 ejus

583 1071 972 1124 formationem.
1014 1073 1262 1124 Attamen
1305 1080 1356 1123 et
1400 1069 1512 1122 hac
1551 1067 1799 1137 producta
1828 1079 1974 1119 suam
2004 1064 2154 1116 all'ert

582 1162 860 1216 utilitatem
896 1163 1152 1230 :dissipat
1187 1161 1327 1216 enim
1369 1160 1539 1224 noctis
1578 1157 1844 1220 tenebras,
1868 1165 1925 1209 et
1955 1155 2153 1212 ferme.

581 1262 639 1306 ut
668 1254 734 1306 ita
765 1253 956 1317 dicam,
984 1251 1168 1306 eadem
1191 1268 1306 1319 qua:
1318 1251 1402 1305 sol
1421 1251 1531 1318 ipse
1553 1249 1670 1302 facit
1693 1262 1816 1316 erga
1838 1247 1936 1299 alia
1958 1244 2154 1297 munia.

585 1341 676 1397 Sol
707 1342 845 1396 enim
874 1341 1147 1394 ordinatus
1172 1349 1253 1394 est
1279 1339 1346 1394 ad
1376 1340 1477 1394 hoc
1511 1338 1579 1394 Ut
1605 1346 1837 1408 premnt
1865 1335 1965 1389 diei
1989 1376 2004 1397 .
2037 1333 2157 1386 luna

587 1441 787 1496 autem,
818 1429 884 1485 Ut
906 1440 1135 1500 praesset
1157 1431 1309 1484 nocti.
1339 1429 1472 1496 Quid
1504 1437 1585 1482 est
1615 1426 1681 1482 Ut
1707 1435 1936 1496 pra'esset
1960 1424 2076 1485 diei,
2109 1431 2162 1476 et

589 1519 656 1574 Ut
705 1530 933 1588 praesset
974 1521 1148 1574 nosti?
1190 1520 1542 1582 Pittcstatem,
1579 1517 1780 1587 inquit,
1810 1516 2040 1583 accepit,
2072 1514 2160 1567 ille

587 1609 796 1676 quidem
826 1608 952 1672 dici,
981 1608 1094 1662 hinc
1122 1622 1247 1662 vero
1272 1608 1441 1661 noctis
1460 1646 1474 1670 ,
1507 1615 1565 1662 ut
1588 1607 1667 1660 sol
1695 1605 1833 1658 diem
1863 1606 1975 1658 suis
2004 1602 2161 1656 radiis

588 1700 865 1754 clariorem
889 1699 1108 1763 reddat;
1141 1699 1261 1753 luna
1285 1708 1462 1753 autem
1494 1707 1548 1751 ut
1573 1697 1814 1768 dispellat
1846 1697 2089 1751 tenebras
2108 1707 2163 1749 et

590 1790 860 1843 hominum
891 1791 1070 1859 generi
1099 1791 1296 1844 lumine
1327 1804 1424 1843 suo
1453 1787 1755 1842 facultatem
1786 1787 2019 1857 prtubeat
2053 1786 2164 1838 suis

592 1881 813 1948 negotiis
831 1880 1068 1933 raeandi.
1099 1880 1248 1933 Tunc
1273 1880 1414 1933 enim
1435 1880 1602 1932 viator
1623 1879 1865 1932 fldcntius
1890 1877 1991 1931 iter
2019 1876 2160 1938 facit,

589 1980 643 2021 et
688 1980 845 2022 nauta
887 1970 1060 2022 navim
1089 1969 1242 2038 regit,
1266 1978 1319 2023 et
1345 1968 1509 2023 maria
1537 1970 1672 2036 trajit
1690 1968 1750 2034 it,
1774 1977 1828 2022 et
1852 1982 1946 2021 sua
1976 1967 2166 2036 cuique

593 2057 788 2122 studia,
810 2074 1037 2130 suasque
1065 2070 1208 2114 artes
1246 2069 1388 2113 metu
1431 2060 1603 2129 posito
1636 2060 2029 2129 aggrediuntur.
2065 2059 2161 2112 De-

593 2149 716 2203 inde
757 2159 1033 2219 postquam
1065 2165 1162 2203 nos
1193 2149 1369 2203 docuit
1401 2151 1620 2204 istorum
1661 2150 1994 2202 luminarium
2027 2151 2167 2202 utili-

592 2248 776 2300 latent,
805 2238 970 2308 inquit
1001 2258 1014 2293 :
1050 2240 1132 2293 17.
1170 2237 1234 2290 Et
1261 2240 1448 2292 stellas.
1494 2239 1557 2292 Et
1587 2241 1751 2309 posuit
1788 2237 1924 2292 Deus
1963 2239 2078 2292 illus
2115 2240 2166 2291 in

593 2330 908 2396 [irritamento
947 2330 1092 2394 caeli,
1130 2331 1199 2382 ita
1242 2342 1293 2383 ut
1341 2331 1540 2383 luceant
1581 2347 1730 2400 super
1771 2341 1970 2394 terram,
2007 2330 2088 2384 l8.
2123 2341 2168 2383 rt

593 2421 796 2489 pra'sint
817 2421 916 2474 diei
939 2437 1003 2473 ac.
1019 2421 1168 2484 nocti,
1189 2431 1234 2473 et
1257 2431 1485 2490 separent
1509 2421 1638 2473 inter
1661 2421 1824 2473 lucem
1853 2431 1900 2474 et
1921 2420 2165 2474 tenebras.

665 2511 717 2565 5.
756 2510 1084 2565 Pulehritudo
1113 2522 1159 2565 et
1175 2513 1372 2580 utilitas
1392 2511 1503 2564 σαβιὶ
1518 2527 1538 2576 ;
1576 2511 1745 2565 omnia
1778 2521 1980 2582 prapter
2009 2511 2172 2564 Itami-

594 2615 704 2653 ecm
729 2609 895 2653 creato
918 2611 1052 2654 sunt.
1071 2628 1141 2641 —
1169 2601 1540 2656 Animadverte
1572 2599 1655 2653 hic
1676 2610 1929 2670 quantum
1960 2608 2015 2654 et
2044 2601 2168 2654 ista.

595 2703 713 2744 rutn
745 2703 896 2743 usum
929 2689 1079 2743 nobis
1102 2689 1409 2744 declaravit.
1448 2688 1624 2744 Posuit
1645 2691 1782 2757 illas,
1803 2690 1990 2760 inquit,
2009 2691 2059 2743 in
2079 2690 2172 2759 ﬁr-

593 2791 841 2834 mamento
857 2783 986 2836 rwli.
1010 2782 1144 2848 Quid
1162 2792 1264 2849 est,
1288 2780 1500 2836 Posuit?
1523 2781 1782 2852 Numquid
1804 2782 1949 2853 quasi
1971 2782 2174 2837 diceret

596 2870 806 2939 aliquis,
833 2870 1009 2925 Fixit?
1037 2872 1224 2926 Absit:
1252 2871 1490 2927 videmus
1515 2872 1656 2926 cnim
1689 2871 1830 2942 ipsis
1854 2887 1996 2940 sepe
2019 2874 2173 2926 unico

599 2962 857 3030 temporis
914 2971 1184 3016 momento
1237 2978 1485 3032 magnum
1533 2965 1762 3019 transire
1810 2965 2071 3034 spatium,
2119 2973 2174 3019 et

593 3065 879 3121 numquam
929 3051 980 3106 in
1020 3067 1128 3106 uno
1170 3052 1288 3106 loco
1335 3063 1497 3121 stare,
1543 3055 1636 3109 sed
1672 3069 1848 3119 suum,
1885 3071 2040 3124 quem
2072 3054 2173 3108 illis

597 3139 849 3194 DOniitms
879 3142 1150 3209 przrccpit,
1178 3155 1390 3195 cursum
1421 3143 1693 3212 perlicere.
1718 3142 1859 3212 Quid
1887 3144 2042 3212 igitur
2067 3153 2170 3208 est,

600 3227 819 3283 Posuit?
860 3229 915 3282 ld
951 3240 1046 3294 est,
1080 3230 1356 3299 imperavit
1382 3241 1437 3284 ut
1463 3231 1588 3300 ipsa:
1612 3238 1790 3286 essem
1817 3232 1866 3284 in
1895 3233 2046 3284 ca-lo.
2079 3231 2173 3284 Et.

597 3320 739 3373 enim
787 3321 885 3374 hoc
928 3337 989 3373 cx
1032 3320 1256 3375 decursu
1293 3323 1584 3392 Scriptura:
1613 3322 1787 3378 licebit
1816 3324 2020 3384 videre,
2053 3325 2173 3394 quia

596 3411 718 3464 alibi
746 3411 874 3464 dicit
904 3428 917 3462 :
952 3409 1128 3464 Posuit
1153 3412 1284 3466 Dens
1311 3415 1472 3466 Adam
1495 3415 1544 3466 in
1566 3415 1803 3484 paradiso
1824 3414 1977 3481 (Gen.
2013 3415 2066 3468 2.
2092 3415 2172 3484 8),

600 3515 703 3554 non
729 3501 870 3570 quod
903 3502 1131 3556 infixerit
1149 3518 1269 3556 eum
1301 3504 1565 3571 paradiso,
1589 3503 1681 3558 sed
1701 3505 1842 3574 quod
1864 3506 2176 3574 pra-ceperit

597 3599 657 3644 ut
679 3601 820 3645 esset
850 3591 900 3644 in
935 3594 1195 3660 paradiso.
1227 3593 1485 3649 Similiter
1504 3605 1556 3649 et
1581 3597 1647 3649 de
1668 3597 1838 3651 stellis
1862 3598 2172 3663 dixerimus,

602 3681 890 3749 imperasse
921 3696 1110 3751 neu-pc
1137 3683 1214 3736 eis
1247 3691 1302 3736 ut
1327 3696 1506 3739 essent
1531 3687 1584 3738 in
1612 3685 1942 3740 firmamento
1965 3689 2102 3754 ca-li,
2125 3697 2178 3741 et

602 3785 755 3822 suum
787 3771 962 3824 lumen
991 3786 1151 3839 super
1188 3784 1379 3827 terram
1411 3776 1732 3830 emitterent.
1764 3777 2175 3842 Animadverte,

598 3860 842 3920 obsecro,
866 3859 1076 3927 dilecte,
1109 3863 1421 3931 quibusnam
1450 3865 1611 3933 pratis
1628 3875 1680 3919 et
1703 3865 1869 3919 hortis
1893 3867 2179 3936 jucundius

607 3967 712 4004 non
753 3954 908 4006 luerit
937 3965 1178 4022 spectare
1208 3955 1258 4008 in
1288 3956 1461 4010 media
1489 3967 1642 4012 nocte
1668 3958 1856 4012 uelum
1888 3959 2056 4013 stellis
2089 3959 2177 4012 di-

601 4043 943 4105 stiuctum,et
968 4045 1238 4099 stellarum
1267 4046 1519 4102 varietate
1543 4050 1691 4118 quasi
1722 4049 1940 4104 ﬂoribus
1965 4051 2180 4120 quibus-

604 4135 726 4188 dam
747 4150 1092 4203 conspersum
1115 4145 1168 4190 et
1188 4147 1453 4202 ornatum,
1486 4141 1707 4193 multum
1735 4140 1865 4194 lucis
1889 4156 2050 4210 super
2076 4152 2178 4196 ter-

604 4241 716 4280 ram
761 4227 1074 4281 effundere?
1115 4228 1245 4282 Nam
1287 4239 1342 4283 et
1385 4231 1436 4284 in
1485 4229 1585 4285 hoc
1628 4231 1886 4286 ordinata:
1929 4242 2085 4298 sunt,
2128 4243 2184 4286 ut

606 4320 815 4372 luceant
839 4333 999 4388 super
1026 4328 1216 4374 terram
1241 4362 1253 4382 .
1283 4330 1335 4374 et
1365 4322 1579 4388 przesint
1605 4321 1710 4376 diei
1743 4337 1805 4378 ac
1832 4323 2004 4388 nocti,
2037 4324 2176 4394 quod

604 4408 923 4478 generaliter
942 4419 994 4462 et
1020 4408 1087 4463 de
1109 4410 1311 4479 magnis
1335 4410 1680 4466 luminat-ibus
1699 4413 1897 4468 dictum
1917 4423 2018 4468 est.
2048 4414 2179 4468 Nam

606 4508 883 4569 postquam
910 4500 1090 4554 docuit
1129 4516 1226 4555 nos
1250 4543 1266 4568 ,
1305 4503 1569 4572 quomodo
1602 4505 1822 4559 formata
1851 4505 2048 4560 fuerint
2076 4505 2181 4560 duo

611 4594 886 4648 luminaria
918 4609 1128 4665 magna,
1167 4604 1222 4649 et
1257 4596 1424 4651 stella:
1452 4613 1465 4648 :
1494 4596 1562 4651 de
1603 4598 1852 4652 omnibus
1894 4599 1944 4652 in
1985 4614 2182 4668 genere

607 4683 754 4747 dicit,
789 4682 849 4735 Et
875 4684 1076 4752 prtest'nt
1098 4685 1195 4737 diei
1219 4701 1280 4736 ac
1305 4684 1458 4748 nocti,
1478 4695 1525 4738 et
1547 4696 1776 4753 separent
1803 4689 1930 4740 inter
1957 4690 2114 4742 lucem
2136 4700 2182 4741 et

611 4773 855 4828 tenebras.
899 4773 1182 4829 Enimvero
1220 4777 1355 4830 sicut
1387 4776 1612 4830 interdiu
1645 4776 1811 4830 stella:
1836 4777 1888 4831 iu
1916 4779 2048 4831 emlo
2076 4795 2183 4833 non

610 4867 853 4920 videntur
896 4865 1194 4919 discurrere
1229 4866 1471 4929 (illarum
1499 4868 1638 4921 enim
1669 4882 1820 4922 usum
1852 4865 2186 4924 lumen'solis

611 4959 773 5012 multa
800 4957 1040 5012 claritate
1067 4957 1309 5029 obtegit),
1344 4959 1412 5011 ita
1441 4975 1610 5031 neque
1642 4971 1796 5016 noctu
1826 4961 1905 5016 sol
1935 4974 2182 5031 apparet,

608 5050 903 5106 suiticiente
931 5050 1049 5104 luna
1076 5065 1172 5105 suo
1203 5051 1403 5106 lumine
1441 5052 1506 5105 ad
1546 5053 1884 5108 illustrandas
1908 5057 2077 5109 noctis
2105 5065 2182 5109 tc-

611 5143 803 5198 ncbras
834 5159 847 5197 :
871 5158 1056 5197 verum
1085 5143 1347 5199 elementa
1368 5161 1590 5216 qumque
1616 5147 1750 5200 intra
1778 5161 1902 5202 suos
1929 5149 2186 5203 terminos

616 5241 850 5300 manent,
877 5243 931 5288 et
960 5247 1240 5305 numquam
1270 5251 1420 5291 suam
1453 5252 1754 5292 mensuram
1788 5241 2184 5310 transgrediun-

612 5336 698 5380 tur
721 5344 735 5381 :
758 5327 850 5382 sed
876 5327 1274 5396 dispositionem
1297 5340 1349 5385 et
1370 5330 1608 5385 ordinem
1635 5332 1838 5386 Domini
1861 5334 2182 5397 custodiunt,

611 5433 875 5487 suumque
899 5434 1031 5488 opus
1062 5421 1277 5475 faciunt.
1320 5421 1450 5488 Quis
1490 5433 1664 5477 autem
1701 5424 1802 5478 alia
1828 5429 2004 5478 omnia
2031 5442 2188 5479 etiar-

613 5513 828 5574 ravcrit,
871 5527 989 5580 quae
1029 5513 1217 5568 horum
1263 5515 1596 5571 luminaritnn
1645 5525 1700 5570 et
1743 5518 2016 5572 stellarmn
2061 5535 2186 5572 usus

615 5606 848 5660 lmmsno
878 5610 1332 5677 generi'confcrt?
1375 5611 1489 5664 Sint
1523 5612 1686 5676 enim,
1721 5612 1906 5682 inquit,
1934 5613 1984 5664 in
2020 5615 2183 5684 signa,

604 5712 650 5752 et
688 5700 738 5752 in
771 5711 1016 5768 tempora,
1043 5713 1086 5752 et
1112 5701 1308 5768 indies,
1336 5714 1383 5754 et
1413 5704 1462 5755 in
1491 5719 1670 5756 annos.
1710 5703 1845 5768 Quid
1874 5705 1988 5756 est?
2021 5703 2081 5756 In
2114 5707 2180 5758 si-

619 5807 719 5860 gna
752 5802 795 5846 et
821 5793 871 5847 in
901 5804 1142 5864 (corpora.
1173 5805 1218 5850 et
1252 5796 1300 5849 in
1328 5795 1450 5861 dies,
1479 5806 1523 5850 et
1551 5797 1601 5850 in
1629 5797 1829 5852 annos?
1859 5796 2054 5853 Docere
2084 5815 2179 5854 nos

2261 521 2368 574 vult
2398 522 2573 576 divina
2600 522 2867 591 Scriptura
2888 565 2904 586 ,
2935 521 3122 575 horum
3148 534 3360 576 cursum
3391 520 3668 574 scientiam
3691 521 3855 576 nobis

2259 623 2554 682 temporum
2585 613 2848 680 conferre,
2878 613 3268 668 vicissitudines
3293 629 3421 668 com
3433 614 3730 673 etsionum,
3759 630 3854 665 nu-

2261 722 2466 759 mcrum
2496 706 2722 767 dictum.
2745 705 2867 760 anni
2889 706 3208 760 curriculum
3238 716 3328 760 :et
3353 721 3418 760 ex
3452 706 3533 760 bis
3563 721 3858 774 mssamus

2258 794 2572 866 dignoscere
2599 797 2794 851 omnia.
2842 795 3046 851 Etenim
3077 793 3400 865 gubernator
3417 796 3485 850 ad
3509 797 3701 848 horum
3730 810 3860 846 rur-

2261 901 2376 939 sum
2421 897 2688 956 spectans,
2737 896 2791 942 et
2833 886 2883 941 in
2927 886 3114 941 ca'lum
3161 886 3416 949 intentus,
3459 886 3862 956 diligenterque

2261 976 2472 1031 discens
2515 979 2713 1042 omnia,
2742 977 2989 1048 navigare
3029 977 3232 1046 incipit,
3266 977 3430 1030 maria
3460 979 3670 1041 transit,
3704 987 3760 1032 et
3805 978 3862 1030 in

2261 1066 2577 1122 densissima
2614 1079 2790 1132 nocte,
2824 1069 2948 1123 visis
2971 1069 3145 1123 sti-llis
3164 1070 3180 1100 ⁸
3213 1069 3389 1122 navim
3417 1069 3646 1139 dirigere
3674 1079 3731 1123 et
3757 1084 3862 1123 sua

2262 1168 2377 1212 arte
2419 1161 2644 1214 salutent
2677 1159 3046 1228 navigantibus
3075 1160 3203 1215 dare
3227 1160 3386 1215 solet.
3417 1160 3508 1216 Sic
3532 1170 3587 1216 et
3608 1160 3856 1230 agricola

2263 1263 2327 1303 ex
2359 1248 2463 1303 illis
2489 1249 2648 1304 discit
2675 1250 2890 1320 quando
2916 1259 3156 1318 oporteat
3182 1251 3389 1304 semina
3419 1260 3574 1304 terra:
3600 1249 3866 1305 emuniit-

2267 1350 2398 1404 tere,
2430 1340 2642 1411 quando
2673 1351 2867 1396 terram
2892 1341 3182 1410 pastinare,
3207 1349 3263 1396 et
3289 1355 3468 1404 arare.
3499 1339 3718 1411 quando
3752 1338 3862 1394 fal-

2266 1449 2382 1488 cem
2408 1449 2604 1488 acuere
2630 1443 2684 1488 ut
2715 1433 2889 1503 fruges
2916 1432 3173 1489 demetat.
3205 1431 3321 1487 Non
3353 1446 3514 1502 pauca
3541 1432 3664 1486 vita:
3696 1431 3867 1501 hujus

2267 1526 2544 1578 commoda
2591 1534 2887 1594 temporum
2929 1523 3178 1588 scientia,
3221 1522 3428 1576 dierutn
3469 1536 3760 1585 numerus,
3810 1530 3868 1576 et

2267 1616 2392 1670 anni
2421 1615 2651 1670 cirenlus
2689 1616 2917 1670 aderunt
2948 1633 2962 1670 :
2998 1615 3267 1684 multaque
3312 1614 3363 1668 in
3413 1614 3478 1668 iis
3521 1613 3865 1684 deprehendi

2271 1719 2486 1778 possent
2526 1709 2591 1762 ad
2635 1706 2913 1763 fovendam
2953 1708 3240 1763 humanam
3267 1708 3428 1762 vitam
3469 1705 3642 1772 utilia,
3683 1717 3868 1775 neque

2268 1809 2351 1854 est
2397 1799 2486 1868 qui
2527 1809 2714 1854 exacte
2761 1813 3044 1854 recensere
3082 1798 3285 1867 singula
3335 1797 3501 1866 pessit
3527 1813 3542 1850 :
3573 1812 3636 1851 ex
3674 1795 3871 1866 paucis

2273 1900 2449 1945 tamen
2478 1901 2706 1960 quantus
2744 1905 2930 1944 eorum
2968 1890 3038 1944 sit
3075 1903 3202 1944 usus
3234 1887 3640 1958 coniectandum
3672 1896 3781 1950 est,
3811 1897 3871 1940 et

2271 2000 2393 2037 cum
2421 1982 2662 2038 admirali
2689 1983 2946 2037 fuerimus
2971 1990 3263 2047 creaturas,
3299 1995 3484 2036 earum
3511 1977 3701 2048 Opifex
3723 1993 3867 2048 quo-

2273 2090 2372 2143 que
2401 2073 2704 2128 adorandus
2745 2085 2799 2128 et
2841 2073 3194 2129 celebrandus
3216 2081 3300 2127 est
3324 2089 3339 2127 :
3369 2071 3705 2141 suspicienda
3735 2071 3869 2124 item

2275 2165 2557 2219 incll'ahilis
2585 2166 2722 2219 illius
2751 2166 3069 2236 benignitas,
3097 2181 3259 2236 quam
3286 2179 3412 2236 erga
3444 2163 3732 2217 httmanum
3765 2179 3868 2233 ge-

2275 2271 2374 2310 nus
2418 2255 2662 2310 exhibuit
2694 2275 2706 2310 :
2735 2258 2928 2326 quippe
2968 2266 3186 2326 propter
3230 2255 3301 2308 nil
3340 2254 3482 2309 aliud
3525 2252 3640 2308 haec
3681 2258 3870 2307 (multa

2275 2349 2541 2417 produxit.
2568 2365 2727 2418 quam
2767 2360 2982 2419 propter
3030 2349 3300 2403 hominem
3343 2364 3500 2418 quem
3546 2363 3651 2403 non
3694 2349 3871 2402 multo

2276 2450 2395 2510 post
2421 2442 2568 2510 quasi
2598 2455 2774 2511 regem
2802 2451 2856 2495 et
2886 2442 3176 2511 principem
3207 2441 3452 2495 omnibus
3480 2456 3510 2494 a
3544 2455 3603 2496 se
3629 2441 3870 2496 conditis

2276 2533 2622 2602 pra‘l'ecturns
2648 2545 2785 2586 erat.
2813 2533 2875 2585 Et
2899 2534 3040 2599 vidit,
3067 2535 3164 2598 ait,
3192 2531 3324 2586 Dens
3341 2532 3476 2602 quod
3497 2541 3622 2587 esset
3651 2534 3866 2588 bonum.

2279 2623 2436 2676 \‘idcs
2464 2623 2687 2692 singulis
2712 2624 2897 2677 diebus
2927 2623 3208 2679 ostendere
3232 2623 3465 2677 d.vinaiu
3495 2623 3829 2693 Scripturam
3850 2664 3867 2687 .

2280 2713 2390 2770 Deo
2427 2717 2637 2784 placere
2678 2724 2973 2778 creaturas,
3014 2724 3068 2768 nt
3105 2730 3320 2769 munem
3353 2724 3592 2784 amputet
3619 2716 3870 2769 occasio-

2279 2823 2399 2863 nem
2431 2824 2614 2863 eorum
2637 2851 2652 2875 ,
2679 2810 2766 2880 qui
2797 2808 3191 2878 reprehendere
3219 2809 3415 2862 audent
3438 2823 3499 2862 ea
3533 2825 3651 2878 qua:
3679 2810 3748 2862 ab
3777 2809 3870 2864 illo

2276 2911 2397 2955 sunt
2432 2901 2608 2955 facta?
2651 2900 2802 2968 Quod
2839 2902 2981 2956 enim
3022 2901 3178 2970 hujus
3219 2900 3293 2955 rei
3333 2901 3504 2970 gratia
3544 2916 3872 2969 unoqmiqne

2275 2994 2364 3050 die
2403 2995 2673 3064 Scriptura
2713 2993 2890 3048 dit-ina
2934 2993 3036 3049 hoc
3082 2993 3363 3064 significet,
3391 3008 3456 3048 ex
3483 2995 3868 3062 consequentia

2279 3084 2618 3139 tnanifestum
2648 3097 2749 3139 est.
2782 3084 3091 3140 Suﬂlciebat
3116 3085 3257 3139 enim
3286 3085 3356 3140 de
3380 3083 3629 3139 omnibus
3652 3095 3866 3138 erantu-

2279 3175 2353 3228 ris
2377 3175 2544 3229 semel
2572 3173 2751 3229 dicere
2769 3215 2784 3242 ,
2814 3175 2990 3228 omnia
3018 3190 3366 3245 qutecuntqnc.
3389 3174 3512 3230 feCit
3533 3216 3546 3237 .
3577 3190 3698 3230 esse
3727 3174 3868 3229 [manu

2280 3267 2434 3322 valde
2463 3285 2476 3320 :
2511 3267 2604 3322 sed
2635 3270 2811 3323 sciens
2839 3278 3033 3339 quanta
3061 3269 3130 3322 sit
3154 3268 3410 3322 mentium
3435 3278 3736 3322 nostrarum
3780 3270 3864 3322 in-

2281 3359 2522 3424 lirmitas,
2546 3359 2851 3431 singillatim
2881 3358 2982 3414 hoc
3008 3358 3149 3422 facit,
3172 3368 3228 3412 ut
3247 3358 3708 3428 discas-sapientia
3736 3373 3867 3427 qna-

2279 3451 2401 3506 dam
2455 3452 2681 3516 solerti,
2729 3462 2785 3507 et
2839 3452 3162 3522 benignitate
3216 3451 3550 3507 inenarrabili
3605 3451 3862 3520 producta

2281 3542 2443 3598 fuisse
2465 3544 2662 3596 omnia.
2696 3543 2780 3598 l9.
2815 3543 2877 3596 Et
2905 3544 3094 3613 factum
3119 3550 3210 3609 est,
3240 3542 3427 3612 inquit,
3453 3558 3673 3610 vespere,
3702 3552 3748 3595 et
3779 3547 3863 3612 fa-

2279 3644 2412 3688 ctum
2442 3645 2516 3688 est
2541 3651 2719 3701 mane,
2755 3635 2862 3688 dies
2891 3644 3122 3705 quartus.
3158 3634 3442 3704 Postquam
3468 3635 3609 3687 enim
3637 3632 3869 3688 absolvit

2281 3735 2528 3780 ornatum
2559 3726 2697 3791 cadi,
2728 3737 2781 3780 et
2807 3727 2976 3780 stellis
3004 3725 3131 3779 illud
3161 3725 3452 3788 decoravit,
3473 3723 3686 3795 duoque
3712 3725 3869 3779 lmui-

2283 3817 2428 3870 naria
2461 3832 2648 3886 magna
2674 3817 2942 3886 produxit,
2977 3816 3136 3870 finem
3167 3814 3272 3869 diei
3305 3815 3587 3884 imposuit;
3612 3827 3664 3872 et
3690 3813 3865 3870 dixit:

2285 3907 2355 3962 Et
2381 3912 2566 3976 factum
2591 3920 2660 3962 est
2690 3926 2909 3980 vespere,
2939 3919 2985 3962 et
3007 3911 3202 3979 factum
3219 3918 3291 3962 est
3313 3923 3478 3971 mane,
3503 3907 3612 3961 dies
3634 3920 3863 3977 quartus.

2289 3999 2418 4053 Vide
2444 4015 2550 4068 quo
2577 4011 2728 4068 pacto
2753 4010 2806 4054 et
2830 4002 2929 4054 hoc
2957 4016 3052 4070 per
3070 4000 3305 4070 singulos
3324 3999 3440 4053 dies
3458 4007 3864 4064 commemonit,

2285 4092 2461 4145 divina
2491 4091 2736 4160 dogmata
2778 4091 3038 4163 frequenti
3080 4090 3442 4146 admonitione
3480 4100 3675 4145 nostra:
3703 4094 3864 4145 menti

2287 4184 2506 4253 inligare
2535 4185 2738 4238 videns.

2358 4278 2409 4331 6.
2455 4277 2987 4330 Moralisexhortatio.
3022 4305 3092 4316 —
3135 4275 3258 4329 llmc
3301 4274 3459 4344 igitur
3499 4275 3675 4327 omnia
3719 4277 3864 4343 quasi

2289 4369 2550 4437 insculpta
2582 4370 2872 4422 retinentes
2909 4367 2961 4420 in
2993 4367 3272 4422 latitudine
3303 4367 3512 4433 cordis,
3567 4381 3674 4434 quo
3699 4366 3834 4434 negli

2285 4463 2516 4532 gentiam
2547 4477 2760 4514 omnem
2786 4461 3136 4521 excutiamus,
3156 4474 3283 4512 sana
3313 4467 3562 4512 accurate
3593 4466 3864 4511 teneamus

2286 4555 2552 4623 dogmata,
2587 4564 2746 4622 atque
2767 4567 2859 4606 eos
2879 4553 2968 4620 qui
2996 4549 3178 4619 gentili
3198 4565 3382 4602 errore
3411 4558 3859 4616 prmoccupantur,

2287 4646 2432 4697 tlltlltl
2467 4642 2874 4696 tmtnsttctudiue
2900 4641 3208 4708 doceamus,
3262 4654 3328 4692 ne
3371 4638 3613 4692 ordinem
3642 4639 3864 4691 confun-

2288 4735 2438 4794 dant,
2465 4750 2637 4803 neque
2665 4733 2850 4787 relicto
2875 4732 3131 4784 Creatorc
3162 4740 3440 4784 creaturas
3464 4727 3723 4789 adorent,
3750 4745 3865 4796 qtae

2289 4826 2358 4878 ob
2384 4833 2619 4877 nostram
2647 4823 2873 4876 salutem
2917 4829 2972 4877 et
3017 4821 3295 4873 utilitatem
3348 4819 3500 4872 facta:
3546 4826 3690 4872 sunt.
3737 4817 3863 4873 Nam

2290 4915 2387 4970 etsi
2418 4915 2611 4967 millies
2631 4912 3004 4982 dirumpantnr
3045 4909 3296 4980 gentiles,
3345 4919 3522 4964 tamen
3559 4909 3700 4963 clara
3742 4925 3866 4963 ιύω

2289 5007 2483 5071 clamo,
2538 5015 2757 5075 propter
2813 5003 3100 5056 humanum
3133 5016 3302 5068 genus
3359 4999 3472 5053 hac
3513 4999 3690 5053 omnia
3733 4999 3862 5052 facta

2288 5113 2442 5164 esse;
2477 5097 2576 5150 sibi
2604 5097 2744 5150 enim
2771 5092 3045 5148 sufﬁciens
3085 5091 3264 5160 opifex
3303 5092 3450 5146 nullo
3474 5091 3695 5144 istorum
3739 5105 3866 5160 opus

2290 5187 2517 5243 habebat
2548 5205 2562 5242 :
2591 5187 2682 5242 sed
2713 5196 2770 5239 ut
2792 5201 2914 5254 erga
2944 5202 3037 5237 nos
3065 5200 3212 5237 suam
3265 5183 3643 5251 benignitatem
3685 5193 3862 5235 osten-

2289 5282 2458 5345 deret,
2493 5282 2605 5333 ltzec
2625 5279 2804 5333 omnia
2837 5277 3102 5346 produxit,
3122 5276 3498 5330 demonstrans
3549 5285 3747 5344 quanto
3775 5275 3864 5325 lm-

2290 5389 2417 5427 norc
2444 5379 2795 5441 prosequatur
2825 5368 3113 5421 httmanum
3143 5380 3331 5436 genus,
3361 5375 3417 5419 ut
3445 5365 3525 5418 bis
3565 5365 3862 5418 manuducti

2289 5465 2526 5521 debitam
2559 5463 2655 5533 ipsi
2682 5462 3049 5516 adorationem
3080 5458 3390 5514 referamus.
3448 5457 3674 5524 Quanta:
3729 5458 3861 5511 enim

2289 5557 2525 5610 stultitia:
2554 5565 2635 5608 est
2659 5565 2782 5608 ante
2806 5551 3053 5622 pulchras
3077 5562 3350 5606 creaturas
3377 5550 3724 5618 procumbere
3744 5561 3789 5604 et
3814 5554 3864 5605 in

2292 5651 2394 5704 illis
2420 5649 2734 5710 consistere,
2767 5660 2863 5700 nec
2893 5646 3134 5700 attollere
3165 5644 3356 5698 mentis
3385 5643 3566 5697 oculos
3613 5643 3679 5696 ad
3727 5643 3866 5698 illum

2359 5809 2372 5838 ¹
2409 5805 2616 5865 Coislin.,
2633 5805 2779 5867 juxta
2803 5803 3046 5856 stellarum
3069 5799 3359 5865 po~.:itionettt.
