4086 6504
632 408 702 464 63
1367 405 1425 461 8.
1451 403 1726 463 JOANNIS
1752 403 2190 463 CIIRYSOS’I'OM

2305 404 2572 463 liClllEP.
2599 406 3128 472 ΓωετΑκτιῖςορ.
3833 416 3899 473 δι

632 514 927 587 loquentes,
952 517 1025 572 ob
1045 531 1319 573 servorum
1351 517 1609 573 desidiam
1649 517 1809 572 etiam
1859 531 2198 572 communem

631 605 911 661 Dominum
935 608 1304 679 blaSphemare
1331 609 1549 674 audent,
1600 617 1655 663 et
1681 617 1869 679 putant
1913 607 2202 662 velamenta

626 711 870 753 errorum
893 715 1110 759 suorum
1135 717 1254 756 esse
1275 702 1500 756 aliorum
1525 701 1793 757 inertiam.

704 789 763 847 2.
792 792 946 860 Quod
967 803 1142 850 autem
1175 794 1276 849 hoc
1297 795 1528 850 maxime
1555 794 1907 864 periculosum
1931 793 2002 847 sit
2025 791 2092 847 iis
2112 792 2199 861 qui

629 878 975 951 blasphemiae
994 883 1326 940 occasionem
1354 884 1610 953 prabent,
1639 883 1914 939 audiamus
1968 880 2203 953 prophe-

628 982 734 1027 tam
775 973 1110 1038 clamantem,
1170 984 1223 1030 et
1263 990 1332 1030 ex
1386 989 1612 1044 persona
1642 973 1731 1029 Dei
1761 971 2072 1028 dicentem:
2117 971 2203 1026 Vae

632 1066 782 1128 tabis,
803 1065 922 1135 quia
951 1075 1154 1136 propter
1179 1081 1265 1120 eos
1294 1081 1473 1120 nomen
1518 1080 1684 1119 meum
1724 1061 2099 1132 blasphematur
2147 1062 2199 1115 in

625 1156 852 1225 gentibus
878 1154 1013 1226 (Isai
1032 1195 1045 1210 .
1069 1156 1160 1212 δὲ.
1186 1157 1221 1212 5
1247 1155 1288 1225 ).
1317 1154 1575 1211 Terribile
1602 1153 1704 1209 hoc
1730 1155 1950 1209 verbum
1976 1164 2058 1209 est
2081 1195 2096 1218 ,
2146 1161 2202 1206 et

627 1243 853 1299 horrore
884 1246 1120 1314 plenum.
1158 1243 1246 1300 Vc
1274 1245 1413 1299 enim
1437 1243 1565 1298 illud
1587 1253 1672 1299 est
1699 1243 1847 1313 quasi
1872 1242 2200 1312 deplorantis

627 1336 1198 1406 eos.qnisupplicium
1247 1335 1376 1390 illud
1422 1334 1730 1392 inevitabile
1769 1333 1995 1388 subituri
2051 1341 2196 1387 sunt.

624 1427 795 1483 Porro
815 1429 952 1483 sicut
973 1442 1068 1484 eos
1092 1429 1181 1499 qui
1227 1443 1322 1498 per
1362 1444 1514 1484 suam
1561 1427 1938 1498 negligentiam
1983 1440 2196 1481 causam

621 1517 729 1573 illis
759 1519 996 1587 praebent
1023 1517 1425 1589 blasphemandi
1472 1516 1660 1589 ingens
1703 1532 1858 1586 paena
1910 1524 2090 1571 manet
2134 1530 2199 1569 ac

625 1608 1040 1664 condemnatio:
1071 1609 1141 1663 ita
1171 1624 1200 1664 e
1221 1607 1435 1663 diverso
1469 1612 1723 1661 virtutum
1761 1605 2012 1660 studiosis
2050 1604 2198 1659 mille

631 1716 950 1756 coronarum
967 1701 1183 1755 materia
1204 1710 1440 1772 paratur.
1467 1697 1608 1755 istud
1629 1698 1798 1768 ipsum
1820 1695 2022 1752 docens
2037 1693 2196 1754 Citri-

620 1800 756 1856 stus,
788 1791 1035 1846 dicebat:
1067 1789 1252 1845 Luceat
1272 1791 1364 1845 lata:
1380 1797 1542 1845 uestra
1580 1804 1753 1842 coram
1803 1786 2104 1852 hominibus,
2139 1795 2194 1839 at

621 1881 821 1935 videant
849 1897 1002 1950 opera
1031 1890 1194 1935 ucstra
1215 1880 1362 1944 bona,
1387 1887 1431 1934 et
1459 1878 1745 1950 gloriﬁcent
1769 1877 1971 1932 Patrem
1981 1887 2197 1934 vestrum

617 1971 705 2043 qui
754 1971 807 2026 in
837 1972 972 2027 rariis
996 1981 1068 2026 est
1097 1969 1310 2041 (Matth.
1340 1970 1392 2024 5.
1426 1969 1497 2028 l6
1521 1971 1564 2038 ).
1590 1968 1722 2024 Nam
1752 1967 2194 2040 quemadmodum

621 2061 698 2117 illi
719 2063 1015 2131 aliquorum
1046 2061 1234 2116 inertia
1261 2059 1472 2126 offensi,
1503 2059 1734 2134 linguam
1763 2068 1962 2115 acuunt
2008 2070 2193 2115 eorum

621 2151 902 2208 Dominum
926 2161 1164 2207 nostrum
1190 2167 1205 2205 :
1234 2150 1334 2218 sic,
1364 2151 1556 2222 inquit,
1580 2151 1625 2206 si
1652 2153 1904 2214 virtutem
1941 2166 2194 2210 exercue-

617 2241 754 2310 ritis,
785 2243 873 2313 qui
908 2241 1134 2296 viderint
1160 2256 1254 2296 vos
1278 2242 1539 2306 homines,
1570 2255 1676 2301 non
1710 2255 1802 2298 vos
1826 2249 2038 2300 tantum
2075 2244 2192 2299 ints-

621 2331 844 2399 dabunt,
872 2331 964 2387 sed
992 2346 1112 2387 eum
1153 2337 1531 2405 conspexerunt
1551 2349 1713 2404 opera
1737 2341 1912 2391 vestra
1944 2335 2190 2398 lucentia,

616 2431 672 2479 et
699 2423 865 2482 facies
891 2433 1094 2482 vestras
1123 2424 1474 2489 illustrantia,
1527 2424 1597 2480 ad
1641 2425 1814 2497 gloria
1856 2425 2191 2482 adiciendum

619 2512 834 2572 Patrem
855 2527 1091 2572 vestrum
1123 2517 1210 2587 qui
1234 2515 1288 2570 in
1309 2516 1455 2571 cadis
1473 2527 1578 2580 est,
1606 2524 1988 2585 prorumpent;
2037 2530 2190 2572 eum-

617 2621 720 2676 que
751 2606 852 2662 hoc
877 2607 945 2662 ab
973 2607 1076 2662 illis
1107 2605 1215 2671 fiet,
1239 2615 1654 2662 rursumnostra
1677 2605 1894 2675 prauuia
1916 2605 2184 2676 augebun-

619 2710 723 2764 tur,
745 2707 799 2754 et
826 2699 990 2753 multa
1021 2698 1174 2753 nobis
1195 2697 1332 2753 bona
1353 2696 1614 2752 concedet
1643 2696 1784 2752 Deus
1803 2737 1824 2765 ,
1862 2710 1932 2754 eo
1955 2695 2094 2766 quod
2123 2695 2191 2750 ab

617 2787 724 2842 illis
750 2786 1013 2844 laudetur.
1064 2786 1167 2841 Eos
1193 2787 1335 2842 enim
1374 2787 1462 2854 qui
1489 2802 1567 2840 me
1589 2787 1899 2857 glorificent,
1929 2787 2027 2854 ait,
2075 2787 2215 2858 θιὼ·

612 2880 820 2949 riﬁcabo
845 2879 864 2952 (
887 2881 937 2934 ι.
967 2879 1094 2948 Reg.
1122 2879 1176 2935 2.
1207 2877 1276 2934 30
1303 2876 1345 2952 ).
1387 2877 1528 2932 Nihil
1559 2877 1716 2948 igitur
1771 2893 1878 2934 non
1923 2892 2143 2949 agamus
2167 2917 2187 2945 ,

611 2972 813 3041 dilecti,
847 2981 906 3027 ut
933 2971 1263 3044 glorificetur
1288 2970 1544 3026 Dominus
1571 2980 1773 3037 noster,
1796 2982 1850 3026 et
1874 2971 2188 3026 nullisimns

612 3062 912 3119 ofi‘endicnli
945 3064 1176 3120 occasio.
1207 3063 1260 3118 Id
1286 3063 1429 3134 quod
1456 3072 1714 3135 perpetuo
1759 3078 1856 3118 nos
1892 3063 2051 3118 docet
2077 3079 2190 3118 ma-

619 3153 788 3222 gister
812 3153 958 3206 orbis
982 3153 1169 3208 beatus
1189 3152 1404 3219 Paulus,
1429 3152 1555 3208 dum
1584 3153 1660 3208 sic
1684 3153 1759 3205 ait
1787 3169 1800 3206 :
1833 3150 1895 3206 Si
1923 3153 2062 3206 cibus
2109 3155 2188 3223 of-

615 3243 775 3307 fendit
803 3247 1009 3314 fratrem
1050 3259 1233 3310 nteant,
1284 3259 1556 3315 umquam
1602 3243 1656 3296 in
1699 3251 1944 3297 internum
1987 3257 2190 3295 carnem

607 3335 868 3388 comedam
896 3334 970 3404 (Ι.
1000 3331 1116 3389 Cor.
1143 3333 1199 3389 8.
1231 3334 1301 3391 15
1331 3335 1371 3404 ).
1399 3334 1467 3389 Et
1495 3333 1687 3389 iterum
1729 3333 1783 3387 in
1808 3331 1914 3388 alio
1935 3331 2054 3386 loco
2101 3332 2186 3388 in-

607 3425 757 3494 quit:
791 3423 879 3478 Sic
926 3433 1090 3478 autem
1137 3435 1400 3492 peccantes
1426 3425 1482 3478 in
1511 3427 1715 3495 fratres,
1765 3432 1813 3477 et
1857 3423 2184 3491 percutientcs

605 3517 864 3586 inﬁrmam
885 3533 1054 3574 eorum
1076 3520 1448 3584 conscientiam,
1477 3518 1530 3571 in
1550 3519 1806 3574 Christum
1828 3505 2078 3588 peccatis(
2104 3518 2182 3573 Ib.

605 3624 654 3662 ν.
684 3608 749 3663 η
773 3609 817 3678 ).
837 3609 993 3664 Minae
1019 3609 1121 3664 illa:
1143 3608 1486 3664 vehementes
1509 3617 1654 3674 sunt,
1673 3616 1728 3664 et
1746 3623 1990 3678 magnam
2005 3623 2184 3664 secum

605 3698 1109 3754 condemnationem
1132 3699 1380 3753 afferunt.
1427 3698 1502 3754 Ne
1529 3699 1789 3768 Opineris,
1853 3699 2058 3769 inquit,
2092 3701 2186 3754 da-

610 3805 792 3844 mnum
827 3789 927 3843 hoc
953 3789 1020 3843 ad
1048 3789 1198 3843 illum
1250 3790 1337 3859 qui
1363 3788 1648 3845 oll'enditur
1676 3790 1849 3844 solum
1879 3791 2180 3859 pertinere;

607 3880 795 3933 transit
819 3879 977 3934 etiam
1007 3878 1074 3933 ad
1129 3879 1400 3934 Christum
1429 3879 1621 3949 ipsum,
1653 3880 1742 3950 qui
1774 3888 1990 3950 propter
2039 3880 2185 3935 illum

606 3968 890 4024 crucifixus
908 3978 1010 4024 est.
1045 3968 1208 4039 igitur
1235 3970 1278 4024 si
1305 3969 1559 4023 Dominus
1595 3980 1718 4023 tuus
1771 3977 1990 4040 propter
2035 3969 2186 4025 illum

609 4060 847 4130 crueiiigi
880 4076 985 4114 non
1016 4059 1318 4127 recusavit;
1346 4075 1453 4116 non
1481 4070 1535 4116 tu
1561 4062 1741 4116 omnia
1768 4059 1912 4116 feres
1937 4075 2006 4117 ne
2029 4075 2186 4132 quam

612 4151 848 4204 scandali
879 4152 1218 4206 occasionem
1247 4151 1322 4205 illi
1355 4151 1634 4220 prmbeas?
1667 4151 1779 4208 lloc
1803 4151 2003 4222 ubique
2042 4153 2190 4207 inve-

609 4240 726 4294 nies
743 4240 888 4292 illum
905 4239 1178 4309 discipulis
1193 4241 1472 4296 consilium
1490 4239 1616 4295 dare
1639 4261 1652 4296 :
1674 4241 1775 4295 hoc
1789 4242 1929 4296 enim
1950 4250 2033 4297 est
2046 4242 2186 4312 quod

607 4331 769 4386 vitam
792 4340 1028 4385 nostram
1045 4341 1346 4387 conservat.
1378 4333 1666 4403 Propterea
1688 4342 1742 4388 et
1772 4333 1903 4389 alibi
1948 4334 2188 4390 scribens

607 4421 839 4486 dicebat,
866 4420 946 4476 Ne
972 4438 1086 4493 qua:
1125 4433 1288 4477 uestra
1322 4433 1437 4478 sunt
1478 4423 1792 4479 considerate
1841 4423 2055 4496 singuli,
2099 4425 2189 4480 sed

607 4528 722 4584 qua
740 4515 955 4567 aliorum
984 4513 1218 4587 (Philip.
1244 4515 1300 4570 2.
1325 4517 1355 4572 Α
1386 4513 1430 4589 );
1450 4524 1504 4571 et
1533 4517 1723 4572 iterum
1749 4517 1990 4574 alioloco
2015 4536 2029 4573 :
2064 4517 2189 4573 0m-

609 4602 697 4656 nia
723 4603 845 4656 mihi
871 4603 1036 4669 licent,
1070 4606 1157 4659 sed
1172 4622 1271 4660 non
1299 4607 1468 4660 omnia
1487 4607 1744 4676 ludiﬁcant
1786 4608 1806 4678 (
1829 4607 1876 4662 i.
1926 4607 2047 4666 Cor.
2096 4609 2182 4664 i0.

605 4693 676 4750 εδ
704 4695 744 4765 ).
773 4694 933 4750 Vides
955 4697 1299 4766 apostolicam
1317 4699 1668 4769 sapientiam?
1721 4699 1946 4754 Etiamsi
1989 4701 2146 4755 liceat
2168 4742 2182 4764 ,

607 4787 800 4858 inquit,
828 4787 954 4841 mihi
979 4788 1180 4858 aliquid
1205 4787 1401 4854 facere,
1427 4789 1667 4861 nihilque
1691 4789 1816 4846 hinc
1855 4789 1985 4846 mihi
2006 4791 2184 4847 damni

607 4876 870 4934 accedat:
902 4877 997 4933 sed
1029 4879 1150 4949 quia
1185 4881 1285 4934 hoc
1314 4894 1418 4934 non
1447 4880 1598 4950 juvat
1628 4879 1696 4934 ad
1740 4881 1968 4952 proximi
2022 4882 2189 4936 a-difi-

606 4967 895 5030 cationem,
925 4982 1262 5037 nequaquam
1293 4969 1396 5025 hoc
1418 4969 1596 5026 lacere
1622 4971 1993 5027 sustinuerim.
2023 4971 2188 5027 Vides

604 5060 836 5113 animam
866 5073 963 5113 nos
985 5069 1271 5127 amantem,
1295 5063 1562 5131 quomodo
1580 5078 1835 5134 nusquam
1862 5063 2004 5135 quod
2029 5080 2184 5118 suum

605 5158 690 5205 est
717 5150 924 5220 qumrit,
956 5148 1049 5204 sed
1093 5152 1338 5206 omnibus
1381 5153 1556 5208 modis
1608 5155 1881 5222 ostendit,
1931 5157 2183 5211 virtutem

607 5241 766 5310 longe
815 5242 1100 5295 maximam
1138 5241 1281 5297 illam
1312 5257 1452 5308 esse,
1486 5257 1733 5313 magnam
1763 5259 1945 5301 curam
1990 5260 2182 5318 gerere

609 5341 668 5387 ut
693 5333 968 5402 proximus
987 5333 1316 5390 aediﬁcetur?
1345 5333 1490 5400 llaec.
1519 5334 1769 5402 obsecro,
1800 5336 1981 5392 omnia
2008 5338 2186 5392 scien-

610 5433 690 5478 tos
716 5425 1079 5490 observemus.
1101 5439 1488 5496 caveamusque
1513 5426 1581 5482 ab
1627 5426 1690 5483 iis
1714 5441 1832 5497 quae
1859 5427 2182 5496 spiritualem

609 5514 863 5569 virtutum
886 5523 1184 5569 nostrarum
1209 5514 1516 5569 thesaurum
1546 5514 1891 5585 pessumdare
1919 5525 2142 5586 possunt
2166 5533 2180 5571 :

609 5615 664 5661 et
688 5604 818 5660 nihil
845 5619 1094 5674 umquam
1138 5603 1415 5669 faciamus,
1464 5619 1573 5676 quo
1609 5606 1862 5661 damnum
1916 5606 2185 5678 quodlibet

609 5697 852 5767 proximo
880 5696 1155 5753 inferatur.
1190 5697 1302 5754 Hoc
1329 5696 1472 5754 enim
1497 5707 1554 5754 et
1598 5709 1873 5769 peccatum
1901 5708 2079 5770 auget,
2129 5709 2185 5756 et

610 5790 822 5859 gravius
846 5785 1000 5847 nobis
1020 5787 1229 5847 adducit
1251 5789 1590 5863 supplicium.
1616 5788 1800 5865 Neque
1815 5790 1896 5848 vel
1910 5793 2182 5865 vulgarem

2312 517 2543 585 aliquem
2575 529 2998 585 contemnamus.
3051 524 3236 598 frigida
3283 528 3398 583 haec
3426 527 3589 582 verba
3621 527 3895 585 dicentes:

2320 606 2457 673 Quid
2489 625 2606 664 mea
2637 611 2817 680 refert,
2845 615 2890 669 si
2911 615 3210 672 offendatur
3237 617 3326 673 ille
3353 618 3513 673 talis?
3546 617 3686 688 Quid
3711 618 3850 674 dicis
3879 660 3894 684 .

2305 713 2490 767 quaso
2507 702 2587 757 te?
2596 704 2732 771 Quid
2749 716 2838 760 tua
2851 705 3038 763 referti
3051 707 3140 764 Sic
3156 717 3298 764 tuam
3310 708 3508 780 fulgere
3521 710 3687 767 vitam
3705 726 3898 781 prae.

2306 789 2382 858 pit
2399 789 2662 857 Christus,
2681 804 2739 848 ut
2753 810 2859 850 non
2876 799 3046 853 solum
3059 798 3363 855 videntibus
3379 807 3431 855 te
3445 799 3520 854 sis
3531 801 3897 867 admirationi.

2305 878 2402 934 sed
2429 891 2485 936 ut
2509 882 2764 941 Dominus
2792 895 2912 942 tuus
2953 887 3321 961 gloriﬁcetur(
3339 890 3524 946 lattlt.
3560 892 3616 948 5.
3647 893 3718 949 i6
3748 895 3807 965 ):
3841 903 3896 950 tu

2305 984 2434 1025 vero
2462 974 2682 1030 omnino
2701 979 3026 1034 contrarium
3053 979 3188 1050 agis,
3221 989 3277 1035 et
3321 995 3419 1050 pro
3441 980 3612 1050 gloria
3632 981 3895 1037 Deiblas-

2315 1057 2561 1126 phetnias
2582 1060 2848 1119 introdud
2874 1081 3057 1128 curas.
3083 1077 3142 1124 et
3166 1070 3269 1126 hoc
3289 1069 3622 1126 contemnis?
3647 1070 3888 1126 Buccillo

2307 1146 2470 1204 fuerit
2495 1152 2688 1205 animai
2705 1155 2826 1223 pia,
2851 1155 3100 1228 legesque
3125 1158 3332 1216 divinas
3356 1169 3504 1216 recte
3526 1162 3749 1216 scientis
3763 1159 3789 1213 ἵ

2375 1239 2430 1295 '5.
2457 1239 2720 1296 Caeterum
2760 1245 2806 1299 si
2844 1247 2964 1314 quis
2990 1250 3139 1316 prius
3165 1248 3280 1305 hee
3326 1266 3394 1306 ex
3433 1250 3570 1306 mala
3599 1261 3896 1306 consuetu-

2307 1327 2433 1384 dine
2458 1330 2640 1386 dicere
2663 1333 2850 1390 solitus
2877 1333 3056 1401 luerit,
3083 1348 3327 1407 suscepta
3358 1355 3498 1395 nunc
3525 1340 3895 1396 admonitione

2305 1431 2505 1485 nostra,
2531 1421 2774 1491 desistat,
2793 1439 2910 1490 oro,
2932 1427 3000 1481 ab
3015 1427 3213 1482 illicitis
3230 1428 3592 1498 huiusmodi
3622 1434 3888 1487 sermoni-

2301 1508 2422 1574 bus,
2450 1520 2504 1565 et
2538 1512 2616 1567 sic
2641 1515 2818 1569 omnia
2859 1514 3040 1573 facere
3066 1517 3279 1572 studeat
3297 1558 3311 1580 ,
3339 1527 3396 1573 ut
3425 1534 3596 1589 neque
3619 1523 3690 1576 ab
3731 1521 3890 1575 oculo

2302 1601 2392 1655 illo
2435 1603 2526 1671 qui
2563 1619 2850 1674 numquam
2876 1606 3082 1675 sopitur
3115 1607 3202 1664 vel
3232 1610 3461 1673 cecutit,
3492 1625 3666 1680 neque
3700 1625 3732 1665 a
3756 1626 3893 1665 euu-

2299 1689 2520 1745 scientia
2545 1705 2639 1747 sua
2665 1694 3066 1763 condemnetur,
3097 1713 3272 1769 neque
3296 1713 3424 1764 eos.
3464 1700 3555 1770 qui
3582 1715 3644 1756 se
3671 1703 3888 1767 Vident.

2301 1778 2353 1836 in
2385 1779 2740 1852 blasphemias
2769 1784 3027 1843 adversus
3053 1786 3336 1844 Dominum
3377 1788 3614 1845 inducat.
3653 1790 3807 1862 Quod
3839 1796 3888 1850 si

2301 1877 2441 1924 tanta
2466 1871 2701 1928 adhibita
2739 1875 2984 1934 cautione
3020 1876 3394 1947 dispensemns
3435 1898 3498 1939 ea
3539 1899 3658 1953 quae
3705 1898 3888 1941 nostra

2301 1974 2446 2028 sunt,
2473 1965 2640 2020 multa
2663 1965 2904 2026 fruemur
2934 1969 3144 2028 Domini
3165 1974 3463 2038 clementia,
3494 1985 3549 2030 et
3571 1975 3772 2032 diaboli
3799 1979 3887 2029 iu-

2299 2053 2460 2113 sidias
2487 2055 2822 2131 emtgiemus.
2863 2059 2996 2117 Cum
3023 2062 3218 2118 viderit
3257 2065 3401 2118 enim
3440 2077 3540 2119 nos
3574 2064 3651 2119 ita
3676 2065 3888 2121 sobrios

2299 2156 2357 2203 et
2380 2149 2584 2222 vigiles,
2610 2161 2666 2207 et
2691 2152 3002 2222 cogitaverit
3028 2166 3088 2209 se
3114 2167 3332 2223 operam
3359 2151 3606 2224 perdere,
3632 2153 3888 2210 abscedet

2297 2247 2354 2292 et
2379 2239 2752 2295 occultabitur.
2783 2240 2894 2297 Sed
2920 2251 3006 2297 sat
3031 2241 3193 2298 fuerit
3213 2243 3597 2311 praemiorum
3622 2260 3637 2298 :
3668 2258 3767 2314 age
3788 2259 3883 2297 ca-

2295 2330 2440 2385 ritati
2464 2344 2654 2387 vestra:
2677 2333 2962 2403 propositis
3003 2332 3069 2387 iis
3091 2347 3211 2402 qua
3249 2333 3384 2388 lecta
3412 2340 3582 2400 sunt,
3611 2333 3888 2404 spirituala

2295 2422 2596 2478 convivium
2623 2437 2974 2493 apparemus:
3000 2433 3059 2480 et
3083 2424 3242 2480 hodie
3270 2424 3568 2493 videamus,
3597 2425 3726 2496 quid
3753 2426 3879 2481 bea-

2299 2523 2382 2570 tus
2424 2511 2633 2578 loses,
2676 2513 2786 2570 imo
2818 2513 3048 2584 Spiritus
3089 2523 3307 2572 unctus
3354 2530 3448 2586 per
3488 2515 3610 2585 ejus
3648 2515 3885 2585 linguam

2295 2601 2487 2658 docere
2512 2616 2609 2657 nos
2643 2601 2790 2666 velit.
2820 2603 2956 2672 Quid
2986 2603 3164 2674 itaque
3187 2604 3308 2660 ait?
3334 2604 3427 2661 20.
3459 2603 3530 2658 Et
3555 2603 3682 2659 dicit
3706 2603 3886 2661 Deus:

2295 2690 2529 2746 Educant
2557 2705 2702 2762 aqua
2726 2692 2926 2763 reptilia
2950 2694 3240 2751 animarum
3255 2693 3552 2759 οἰκηθείη,
3582 2703 3636 2748 et
3659 2695 3886 2748 astantis

2294 2783 2514 2837 uolantia
2523 2798 2674 2852 super
2684 2791 2871 2838 terram
2883 2784 3159 2839 secundum
3169 2784 3538 2853 ﬁrmatae-tut
3549 2784 3681 2839 eali.
3699 2782 3764 2837 Et
3781 2785 3885 2852 [ao-

2294 2884 2400 2928 σωκ
2415 2883 2491 2928 est
2505 2876 2595 2929 ita.
2615 2872 2746 2929 Vide
2763 2875 3142 2948 benignitatem
3165 2875 3393 2941 Domini,
3411 2874 3678 2946 quomodo
3693 2876 3884 2930 ordine

2292 2965 2522 3035 quodam
2563 2976 2618 3022 et
2658 2967 3037 3039 consequentia
3075 2981 3235 3022 omne
3271 2967 3540 3038 opiﬁcium
3583 2981 3739 3021 suum
3786 2981 3886 3022 nos

2291 3057 2498 3114 doceat.
2525 3057 2680 3114 Prius
2704 3059 2883 3114 docuit
2912 3073 3033 3125 nos,
3058 3057 3327 3128 quomodo
3356 3057 3422 3111 ad
3454 3056 3717 3112 fructuum
3750 3073 3878 3127 pro-

2293 3158 2482 3203 ventus
2521 3163 2618 3204 suo
2657 3148 2906 3204 mandato
2934 3158 3128 3204 terram
3154 3148 3506 3204 excitaverit:
3551 3157 3757 3218 postea,
3790 3149 3882 3202 ubi

2294 3235 2477 3292 docuit
2503 3237 2726 3294 duorum
2757 3239 3095 3294 iuminarium
3122 3237 3516 3305 formationem,
3546 3242 3792 3310 apposuit
3827 3249 3885 3294 et

2292 3328 2570 3384 stellarum
2637 3330 2963 3395 varietatem.
3029 3345 3126 3400 per
3174 3344 3308 3399 quas
3371 3330 3488 3385 caeli
3542 3329 3884 3401 pulchritudo

2292 3417 2429 3474 laeta
2471 3427 2554 3476 est
2577 3420 2810 3477 clarior:
2857 3420 3014 3478 hodie
3051 3423 3385 3478 continenter
3412 3421 3480 3476 ad
3505 3436 3669 3493 aquas
3703 3432 3885 3478 trans.

2292 3508 2366 3571 it,
2419 3518 2475 3565 et
2521 3511 2753 3566 ostendit
2795 3511 2986 3579 nobis,
3045 3527 3296 3568 sermone
3356 3520 3412 3568 et
3465 3523 3733 3584 praecepto
3781 3529 3888 3570 suo

2293 3614 2359 3654 ex
2411 3600 2562 3671 aquis
2615 3601 2747 3671 ipsis
2799 3602 3025 3657 viventia
3080 3603 3328 3658 animalia
3393 3603 3673 3674 prodiisse.
3731 3604 3883 3661 Edo-

2291 3701 2406 3746 eant
2443 3693 2585 3748 enim
2605 3733 2621 3760 ,
2649 3696 2756 3761 ait,
2781 3711 2927 3764 aqua
2964 3697 3164 3769 reptilia
3192 3698 3475 3753 animarum
3500 3699 3769 3754 uisentium
3786 3741 3802 3762 .
3832 3710 3887 3756 et

2291 3785 2516 3839 volatilia
2544 3788 2764 3841 volantia
2791 3804 2954 3857 super“
2979 3797 3166 3843 terram
3193 3790 3468 3844 secundum
3508 3792 3887 3857 ﬁrmamentum

2291 3878 2420 3932 mli.
2459 3877 2588 3946 Quis
2613 3875 2811 3944 seruio,
2841 3895 3045 3951 quaeso.
3071 3881 3310 3936 miraculi
3352 3881 3661 3952 dignitatem
3703 3892 3886 3953 potest

2291 3967 2536 4037 assequi?
2574 3983 2694 4038 qua:
2735 3968 2909 4038 lingua
2947 3969 3016 4026 ad
3051 3969 3268 4040 Opifleis
3304 3972 3566 4041 praeconia
3610 3972 3888 4030 sufﬁciet?

2297 4055 2437 4112 Dixit
2459 4057 2662 4112 tantum
2682 4099 2699 4126 ,
2727 4056 2982 4115 Germth
3007 4071 3139 4116 terra
3161 4078 3181 4115 :
3208 4071 3262 4116 et
3286 4063 3462 4117 statim
3489 4062 3630 4117 illam
3659 4063 3726 4119 ad
3758 4079 3888 4134 par-

2295 4157 2404 4201 tum
2431 4147 2714 4204 excitavit:
2747 4166 2886 4226 nunc
2905 4151 3072 4208 dicit:
3101 4151 3335 4207 Edacont
3359 4169 3524 4224 aqua.
3556 4153 3688 4209 Vide
3717 4171 3886 4226 quam

2292 4247 2586 4293 consonant
2634 4223 2934 4310 praecepta:
2986 4242 3111 4308 illic,
3149 4223 3440 4309 Germinet;
3477 4244 3593 4311 hic,
3648 4223 3892 4304 Educatus

2293 4343 2458 4398 aque,
2500 4330 2700 4399 inquit,
2733 4333 2932 4403 reptilia
2958 4334 3240 4388 animarum
3268 4336 3553 4390 sicanium.
3585 4337 3716 4392 Nam
3744 4339 3890 4396 sicut

2292 4418 2358 4476 de
2387 4428 2525 4475 terra
2552 4420 2685 4476 dixit
2711 4423 2904 4488 solum,
2936 4422 3190 4479 Germinet
3209 4440 3229 4479 :
3253 4435 3310 4480 et
3334 4427 3478 4481 varia
3503 4441 3624 4481 mox
3655 4441 3718 4482 ac
3741 4429 3890 4484 mul-

2293 4509 2455 4580 tiplex
2485 4510 2696 4572 florum.
2723 4513 3028 4580 herbarum,
3053 4525 3107 4571 et
3134 4516 3400 4571 seminum
3425 4519 3671 4587 apparuit
3699 4520 3884 4588 copia,

2291 4617 2501 4676 unoque
2527 4602 2691 4658 verbo
2720 4605 2974 4674 producta
2998 4615 3122 4661 sunt
3145 4608 3323 4662 omnia
3351 4624 3365 4663 :
3395 4609 3472 4663 sic
3495 4617 3551 4663 et
3578 4608 3665 4664 hic
3699 4609 3840 4664 dixit
3869 4630 3887 4668 :

2293 4689 2527 4746 Educant
2551 4708 2695 4760 aqua
2717 4694 2918 4763 reptilia
2943 4696 3226 4750 animarum
3253 4697 3520 4752 uiuentium
3537 4739 3552 4764 ,
3579 4708 3626 4753 et
3652 4698 3890 4757 volatilia

2292 4784 2513 4838 volantia
2536 4800 2689 4853 super
2727 4794 2911 4839 terram
2936 4787 3210 4841 secundum
3237 4788 3608 4857 ﬁrmamentum
3637 4787 3752 4844 ccli
3776 4802 3807 4847 ε
3829 4800 3892 4848 οι

2291 4876 2548 4929 continuo
2592 4881 2670 4929 tot
2696 4876 2962 4946 reptilium
3001 4877 3400 4950 volatiliumque
3430 4895 3629 4951 genera
3656 4881 3901 4944 condita

2292 4973 2435 5035 sunt,
2460 4974 2590 5037 quot
2617 4982 2788 5038 neque
2816 4983 3064 5026 sermone
3089 4971 3357 5028 recenseri
3385 4983 3626 5043 possunt.
3655 4974 3722 5030 Et
3749 4989 3887 5034 ver-

2293 5061 2416 5116 bum
2443 5061 2654 5132 quidem
2685 5062 2849 5118 breve
2876 5071 2978 5126 est,
3004 5063 3330 5134 verbumque
3358 5080 3543 5132 unum,
3565 5081 3761 5138 genera
3783 5083 3885 5125 an-

2294 5162 2399 5208 tem
2419 5154 2724 5209 animalium
2748 5153 2959 5209 diversa
2989 5164 3044 5210 et
3068 5157 3231 5210 varia.
3257 5155 3362 5212 Sed
3385 5157 3530 5213 nullo
3550 5169 3770 5230 stupore
3803 5170 3893 5218 te-

2293 5244 2488 5311 nearis,
2516 5244 2747 5301 dilecte:
2777 5246 2998 5302 verbum
3029 5247 3169 5301 enim
3196 5258 3311 5304 erat
3340 5249 3432 5306 Dei
3453 5291 3469 5316 ,
3495 5259 3552 5307 et
3577 5266 3756 5308 sermo
3794 5253 3888 5325 ip-

2297 5335 2408 5391 sius
2432 5337 2497 5392 iis
2525 5351 2644 5409 qum
2667 5336 2865 5393 fiebant
2901 5337 3300 5394 subsistentiam
3325 5340 3544 5410 largitus
3579 5351 3680 5399 est.
3714 5342 3890 5403 Vides

2292 5429 2560 5500 quomodo
2585 5431 2762 5486 omnia
2790 5445 2859 5488 ex
2897 5431 3064 5486 nihilo
3091 5443 3149 5487 ut
3190 5443 3370 5490 essent
3410 5435 3669 5506 producta
3715 5448 3850 5494 sunt
3871 5437 3898 5491 Υ

2291 5519 2442 5576 vides
2469 5535 2626 5590 quam
2653 5521 2934 5593 diligenter
2956 5521 3182 5579 doceat?
3211 5523 3361 5581 vides
3382 5535 3577 5596 quanta
3599 5541 3659 5583 se
3681 5536 3888 5584 atteru-

2293 5608 2567 5680 peratlone
2593 5609 2658 5665 ad
2682 5611 2848 5666 nostri
2875 5611 3089 5684 generis
3116 5612 3469 5671 humilitatem
3500 5615 3757 5672 Dominus
3782 5617 3884 5674 dc-

2293 5703 2504 5760 mittatl
2526 5702 2676 5760 Unde
2701 5705 2844 5761 enim
2864 5721 2966 5762 nos
2990 5706 3103 5762 btcc
3135 5715 3241 5762 tam
3280 5718 3526 5765 accurate
3549 5708 3758 5766 discere
3788 5726 3886 5783 po-

2297 5797 2607 5868 tuissemus,
2623 5797 2723 5856 nisi
2746 5799 2859 5872 ipse
2881 5811 3073 5870 magna
3089 5807 3144 5856 et
3163 5797 3415 5858 ineliabiii
3441 5799 3767 5872 benignitate
3787 5825 3891 5873 ευ,
