4086 6500
231 489 309 548 ω
1461 482 1527 541 IN
1563 482 1712 541 CAP.
1758 479 1801 538 1.

1941 477 2087 538 NES.
2129 479 2363 540 “01111..
2397 481 2507 542 νη.
3479 493 3550 545 (*6

230 597 537 656 immanem
567 612 740 670 genus
761 612 854 670 per
879 597 1150 670 prophetae
1177 596 1409 669 linguam
1434 596 1630 653 docere
1655 595 1841 666 digna-

228 697 318 744 tus
344 700 521 756 esset,
550 699 611 744 ut
634 691 773 745 scire
797 691 1064 762 possimus
1091 698 1145 746 et
1165 705 1343 745 rerum
1367 698 1665 745 creatnrum
1696 686 1844 743 ordi-

227 791 386 844 nem,
405 790 468 834 et
495 777 771 835 Creatoris
803 781 1114 852 potentiam,
1145 788 1200 835 et
1227 779 1495 852 quomodo
1523 793 1704 836 sermo
1721 777 1843 848 ejus

225 862 280 922 in
313 883 462 936 opus
499 870 715 936 exierit,
760 879 815 926 ct
841 871 1065 927 verbum
1104 871 1222 942 ejus
1255 870 1650 928 subsistentiam
1693 879 1748 926 et
1773 869 1840 926 ad

223 955 616 1012 easistcntiam
643 959 921 1016 transitum
950 961 1210 1017 creaturis
1234 960 1556 1031 praebuerit?

299 1045 361 1100 s.
393 1044 506 1101 Cur
543 1056 743 1105 tantum
785 1051 1014 1104 ordinent
1039 1051 1092 1105 in
1119 1051 1386 1106 «canonis
1420 1051 1708 1107 narratione
1731 1067 1839 1106 ser-

225 1135 619 1192 uis—Verum
637 1148 762 1194 sunt
778 1141 1033 1196 insensati
1051 1139 1312 1210 nonnulli,
1330 1142 1420 1214 qui
1436 1151 1494 1200 et
1506 1151 1624 1214 post
1641 1151 1842 1198 tantam

224 1222 544 1282 doctrinam
567 1229 825 1285 increduli
843 1246 962 1287 esse
987 1233 1203 1299 audent,
1227 1233 1488 1306 faterique
1509 1236 1695 1290 nolunt
1718 1251 1840 1292 esse

223 1319 474 1390 aliquem
505 1321 727 1379 istorum
763 1324 1048 1380 visibilium
1077 1324 1320 1396 opificem
1345 1343 1360 1380 :
1386 1326 1479 1382 sed
1504 1327 1592 1381 alii
1617 1327 1831 1398 quidem

225 1410 464 1466 fortuito
489 1411 575 1468 illa
599 1428 663 1470 ae
700 1428 796 1485 per
823 1429 885 1472 se
909 1420 1031 1473 esse
1053 1417 1267 1486 dicunt,
1297 1419 1384 1474 alii
1411 1429 1540 1475 Vero
1564 1435 1630 1476 ea
1654 1420 1838 1490 subja-

225 1509 394 1556 conte
414 1501 650 1572 quadam
693 1508 914 1580 materia
938 1521 1062 1564 esse
1105 1506 1243 1564 facta
1270 1509 1620 1565 contendunt.
1646 1511 1838 1566 Consi-

224 1591 363 1648 dera
393 1603 591 1663 quanta
619 1595 816 1651 diaboli
846 1598 1040 1664 illusio,
1066 1601 1333 1669 quomodo
1353 1599 1554 1656 abusus
1583 1609 1666 1656 est
1695 1600 1836 1658 facili

223 1684 516 1739 erroribus
561 1686 912 1742 servientium
955 1687 1289 1744 credulitate.
1330 1690 1624 1760 Eapropter
1652 1691 1839 1748 beatus

223 1770 438 1837 loses,
476 1774 678 1843 Spiritu
719 1776 901 1832 divino
935 1777 1183 1845 afflatus,
1230 1789 1374 1835 tanta
1419 1780 1694 1851 diligentia
1740 1796 1840 1837 nos

226 1862 424 1930 docet,
453 1879 523 1919 ne
549 1864 688 1921 idem
716 1876 772 1922 et
808 1867 962 1923 nobis
993 1871 1237 1936 eveniat;
1269 1869 1365 1925 sed
1401 1873 1631 1927 sciamus
1661 1873 1837 1928 mani-

225 1952 372 2009 feste
420 1962 478 2009 et
515 1966 879 2012 creaturarum
925 1960 1199 2026 ordinem,
1222 1971 1276 2018 et
1309 1961 1580 2033 quomodo
1612 1979 1838 2035 qumque

224 2054 436 2098 aeatze
463 2045 590 2100 sint.
618 2044 731 2101 Nisi
755 2047 899 2102 enim
926 2058 1125 2105 nostra
1154 2050 1340 2106 salutis
1356 2065 1538 2107 curam
1565 2051 1840 2110 habuisset

225 2133 408 2202 Deus,
447 2145 503 2190 et
533 2137 603 2190 ita
646 2135 928 2197 direxisset
957 2139 1230 2211 propheta:
1268 2141 1534 2214 linguam,
1563 2145 1694 2200 satis
1721 2153 1839 2200 erat

221 2222 444 2281 dixisse
484 2242 499 2280 :
545 2225 694 2282 Fecit
722 2227 864 2284 Deus
902 2230 1090 2285 calum
1128 2239 1184 2287 et
1218 2240 1436 2302 terram,
1478 2242 1534 2290 et
1572 2248 1756 2304 mare,
1784 2245 1840 2293 et

227 2315 572 2374 mutantia:
619 2334 794 2392 neque
834 2336 1053 2380 necesse
1078 2334 1195 2380 erat
1231 2334 1289 2381 ut
1328 2335 1552 2396 poneret
1592 2327 1836 2386 ordinem

224 2405 473 2476 dierum,
506 2411 834 2482 neque'quid
877 2413 1078 2483 primo,
1121 2425 1176 2470 et
1213 2415 1340 2486 quid
1376 2417 1614 2473 secundo
1640 2419 1836 2475 factum

225 2496 422 2554 fuerit.
451 2499 558 2556 Sed
598 2509 656 2557 ut
694 2501 914 2572 ingratis
955 2515 1011 2561 et
1036 2506 1176 2563 male
1201 2507 1553 2565 sentientibus
1581 2510 1723 2566 nulla
1751 2525 1840 2567 re-

225 2589 572 2661 linqueretur
587 2597 906 2663 excusatio,
957 2598 1028 2653 ita
1067 2597 1344 2671 distinguit
1368 2600 1650 2658 manifeste
1676 2611 1731 2660 et
1755 2603 1835 2659 fa-

224 2693 448 2738 ctorum
477 2683 745 2754 ordinem,
767 2695 822 2743 et
847 2687 1054 2744 dierum
1086 2705 1391 2757 numerum.
1426 2700 1482 2749 et
1518 2695 1697 2750 omnia
1739 2709 1839 2751 nos

224 2772 401 2832 docet
437 2789 560 2830 cum
607 2791 797 2848 magna
838 2781 1312 2851 attemperatione,
1340 2790 1400 2839 ut
1437 2785 1648 2855 cognita
1689 2787 1837 2842 omni

223 2866 462 2923 veritate
481 2908 497 2934 ,
525 2883 633 2923 non
665 2869 804 2926 ultra
829 2885 1015 2927 eorum
1050 2873 1325 2930 erroribus
1352 2874 1716 2944 «eudamus,
1743 2877 1843 2948 qui

225 2957 418 3012 osnnia
445 2956 518 3013 ab
539 2973 601 3016 se
626 2960 922 3032 excogitata
947 2962 1276 3034 loquuntur,
1307 2964 1402 3021 sed
1430 2965 1662 3020 sciamus
1689 2960 1842 3022 Con-

225 3048 429 3105 ditoris
446 3051 621 3107 nostri
639 3051 1054 3110 inenarrabileat
1082 3055 1398 3127 potentiam.
1425 3055 1495 3112 Et
1522 3058 1714 3127 factum
1733 3067 1836 3125 est,

227 3137 429 3211 hquis,
459 3141 550 3196 ita.
584 3141 725 3198 [ﬁxit
747 3161 762 3197 :
785 3142 968 3198 Educa
978 3155 1026 3199 st
1053 3162 1202 3217 aqua
1219 3148 1424 3218 reptilia
1439 3148 1732 3204 attintarunt
1755 3149 1841 3204 οε-

224 3235 493 3300 satiust,
521 3243 571 3287 et
607 3234 842 3290 solstitia
878 3235 1103 3290 solantia
1140 3254 1298 3306 super
1333 3247 1520 3292 terram
1557 3240 1836 3294 secundum

226 3322 764 3392 Wst-ccli,
788 3336 844 3382 et
867 3326 1257 3398 obtemperavit
1278 3328 1626 3398 elementum,
1653 3339 1709 3387 et
1730 3331 1834 3388 im-

227 3413 399 3484 plevit
413 3422 768 3486 ips-accpisti).
798 3415 867 3471 Et
890 3420 1085 3489 factum
1111 3428 1207 3486 est,
1242 3419 1433 3491 inquit,
1453 3420 1585 3476 sicut
1611 3421 1835 3493 impera.

224 3503 300 3558 sit
333 3500 612 3560 Mss.
651 3504 748 3562 9t.
770 3503 842 3560 Et
863 3507 985 3578 {scit
1013 3506 1155 3564 Deus
1194 3517 1300 3564 cete
1321 3525 1530 3582 magna,
1557 3520 1607 3566 et
1632 3527 1833 3567 omnem

223 3593 462 3652 metu
487 3595 786 3651 animalium
825 3597 1111 3668 reptilitnn,
1150 3615 1269 3670 qua:
1305 3601 1655 3672 produxerunt
1687 3617 1837 3674 aqua

223 3686 509 3741 mundum
532 3701 718 3758 genere
741 3704 856 3758 sua,
877 3697 928 3744 et
947 3705 1096 3744 omne
1121 3691 1324 3746 solante
1349 3702 1620 3762 penatum
1647 3711 1829 3750 secun-

224 3776 356 3832 datlt
389 3792 565 3844 genus.
595 3776 663 3832 Et
691 3778 812 3833 sidit
840 3777 983 3835 Deus
1005 3780 1145 3851 quod
1167 3792 1338 3838 essent
1356 3782 1514 3838 bona.
1539 3783 1635 3841 22.
1663 3784 1832 3840 Bene-

223 3865 460 3938 ﬁaitque
478 3884 541 3923 es
575 3866 737 3936 Deus,
769 3869 938 3926 dicens
953 3887 976 3926 :
1001 3870 1220 3928 Crescite
1247 3883 1293 3928 et
1317 3874 1753 3947 multiplicamini,
1783 3886 1831 3931 et

222 3957 438 4027 implete
458 3974 618 4029 aquas
643 3962 882 4029 "ius,
909 3971 956 4016 st
983 3962 1215 4018 volatilia
1250 3966 1650 4036 multiplicemur
1677 3985 1832 4039 super

229 4058 449 4105 tenam.
476 4048 675 4107 lterum
711 4050 820 4120 hic,
850 4069 1053 4124 quaso,
1081 4056 1384 4127 considera,
1415 4069 1610 4128 quanta
1639 4061 1711 4116 sit
1737 4077 1828 4116 sa-

223 4138 430 4210 pieutia
457 4139 706 4209 Spiritus.
736 4141 868 4200 Nam
887 4158 1007 4199 cum
1031 4144 1168 4200 dixit
1196 4147 1384 4203 beatus
1417 4149 1609 4213 Moses,
1642 4149 1711 4204 Et
1746 4155 1826 4223 fa-

223 4238 366 4283 ctum
395 4230 586 4295 estita,
619 4231 772 4289 docet
813 4248 914 4289 nos
939 4236 1235 4292 minutatim
1279 4238 1482 4295 addens
1521 4250 1577 4296 et
1599 4242 1824 4299 dicens:

224 4316 298 4373 Et
323 4322 445 4391 fecit
472 4319 609 4378 Deus
633 4333 738 4379 cete
761 4340 968 4397 ntagua,
986 4336 1040 4382 et
1065 4345 1263 4383 omnem
1284 4333 1506 4387 mitnaut
1531 4334 1827 4390 animalium

222 4411 485 4481 raptilisnt
507 4429 620 4482 qua
639 4416 988 4484 produxerunt
1014 4433 1163 4486 aqua
1185 4421 1465 4476 secundum
1492 4441 1678 4495 genera
1696 4443 1819 4492 sua,

223 4511 274 4556 et
321 4517 471 4556 autne
513 4504 716 4559 uolatile
758 4517 1029 4575 pennatam
1073 4511 1350 4566 secundum
1377 4530 1556 4584 genus.
1596 4515 1664 4570 Et
1704 4519 1826 4572 uidit

222 4589 369 4644 Deus
392 4591 528 4661 quod
554 4605 715 4648 essent
735 4596 885 4650 bona.
917 4597 1014 4654 ilic
1041 4599 1219 4656 denuo
1246 4607 1601 4660 temeritatem
1644 4611 1823 4664 omnia

221 4683 430 4754 absque
475 4685 680 4743 ratione
722 4688 1162 4747 dcblaterantium
1209 4696 1535 4765 comprimit.
1581 4697 1715 4754 Nam
1768 4709 1826 4755 ut

220 4774 409 4830 nullus
453 4774 635 4832 dicere
681 4780 866 4848 possit,
909 4779 1075 4851 Cujus
1120 4786 1285 4853 gratia
1314 4796 1431 4843 cete
1478 4787 1613 4843 facta
1657 4792 1823 4845 sunt?

217 4880 384 4936 quam
413 4867 570 4921 nobis
605 4867 881 4925 utilitatem
913 4873 1236 4930 conferunt?
1272 4877 1404 4946 quid
1443 4881 1708 4936 commodi
1753 4897 1818 4938 ex

216 4972 416 5012 eorum
444 4961 756 5016 creatione?
784 4963 981 5020 ideirco
1004 4977 1285 5038 postquam
1313 4970 1444 5026 dixit
1467 4989 1481 5026 :
1511 4971 1657 5029 Fecit
1684 4973 1820 5029 Deus

214 5057 322 5102 ceu
364 5063 572 5119 arma,
613 5060 662 5104 et
699 5068 898 5106 omnem
939 5057 1160 5110 anim/un
1196 5060 1494 5116 animalium
1537 5065 1814 5134 reptiliunt.

215 5147 264 5192 et
285 5140 524 5194 "(utilia
543 5155 564 5194 :
589 5145 764 5196 statim
796 5143 1034 5200 addidit:
1067 5149 1128 5200 Et
1160 5148 1280 5202 vidit
1319 5150 1460 5204 Deus
1493 5155 1630 5222 quod
1654 5168 1816 5211 essent

216 5233 371 5285 bona.
400 5232 562 5299 Quasi
584 5232 820 5290 diceret:
850 5235 925 5291 Ne
953 5239 1075 5306 quia
1105 5249 1158 5293 tu
1185 5242 1444 5298 rationem
1486 5245 1697 5315 ignoras
1737 5249 1820 5303 ia-

215 5332 450 5388 ctorum,
474 5325 683 5395 opificia
705 5328 1004 5399 vituperare
1030 5333 1371 5402 aggrediaris.
1402 5337 1604 5393 Audisti
1636 5341 1817 5396 Domi-

217 5409 345 5468 num
376 5417 827 5485 pronuntiantem,
869 5429 928 5474 et
973 5420 1237 5477 dicentem
1268 5424 1356 5478 illa
1396 5442 1515 5483 esse
1556 5429 1692 5484 bona
1722 5450 1733 5486 :
1763 5441 1814 5487 et

215 5503 565 5574 (ptomodotu
587 5507 857 5563 insaniens
873 5510 1047 5565 dicere
1077 5513 1263 5579 audes,
1285 5515 1463 5582 Quare
1483 5517 1621 5572 facta
1652 5523 1814 5575 sunt?

215 5593 370 5664 quasi
408 5598 735 5665 superfluum
775 5600 1006 5669 ipsarum
1037 5619 1292 5660 accusans
1326 5608 1638 5676 opificium?
1680 5613 1812 5668 Nam

217 5686 258 5736 si
281 5685 536 5743 cordatus
559 5703 729 5756 esses,
755 5705 934 5758 posses
962 5697 1118 5748 etiam
1149 5712 1213 5750 ex
1248 5696 1433 5752 harum
1464 5702 1736 5759 creatione
1760 5716 1813 5759 ct

219 5776 510 5844 potentiam
554 5778 760 5856 Domini
806 5791 858 5834 et
887 5785 1204 5840 iueti’abilem
1251 5787 1628 5858 benignitatem
1657 5795 1811 5848 addi-

213 5875 370 5918 scere
399 5887 411 5922 :
441 5870 733 5941 potentiam
768 5873 1002 5942 quidem,
1034 5877 1152 5948 quia
1172 5893 1424 5936 sermone
1462 5890 1515 5938 et
1539 5898 1808 5956 ptiucepto

1953 610 2018 649 ex
2054 596 2206 668 aquis
2234 597 2358 654 talia
2387 599 2677 658 animantia
2715 602 3005 674 produxit;
3045 609 3426 684 eeiiignitatem
3454 632 3554 676 au-

1951 693 2081 754 tem,
2110 688 2233 757 quia
2259 697 2317 744 ut
2341 704 2404 745 ea
2442 690 2711 762 produxit,
2743 698 3012 766 propriam
3039 701 3120 756 eis
3145 704 3423 775 regionem
3461 718 3554 767 ate

1945 776 2156 845 tribuit,
2187 777 2502 836 immensam
2540 783 2705 840 maris
2732 794 2936 855 partem
2964 787 3070 844 illis
3106 790 3439 865 decernens,
3476 801 3552 858 ita

1951 875 2009 922 ut
2032 867 2233 924 nemini
2264 879 2482 939 possent
2509 887 2742 942 nocere;
2767 877 2862 933 sed
2887 891 3170 939 versentur
3193 885 3248 941 in
3293 890 3429 945 mari
3448 931 3464 956 ,
3483 903 3554 950 es

1947 957 2030 1012 sui
2057 959 2365 1027 spectaculo
2388 965 2875 1032 supereminentem
2896 969 3114 1041 Opiflcis
3133 979 3425 1044 potentiam
3452 981 3559 1040 (ιο.

1946 1056 2136 1116 ceant,
2177 1049 2489 1123 nullumque
2513 1051 2747 1112 humano
2771 1061 2955 1129 generi
2995 1062 3248 1123 damnum
3292 1070 3555 1132 inferant.

1947 1139 2030 1193 An
2067 1155 2283 1208 parvam
2323 1151 2477 1213 putas
2502 1144 2844 1219 benignitatis
2883 1163 3111 1224 partem,
3142 1161 3408 1229 geminam
3451 1166 3546 1223 tibi

1947 1231 2230 1288 utilitatem
2270 1234 2397 1292 hinc
2436 1239 2676 1296 exoriri?
2709 1241 2924 1300 Etenim
2965 1262 3156 1318 sapere
3200 1253 3442 1313 volentes
3479 1260 3554 1315 ad

1950 1323 2051 1378 Dei
2080 1325 2321 1381 notitiam
2349 1327 2714 1398 introducunt,
2742 1343 2798 1390 et
2826 1339 3144 1407 stupendum
3169 1343 3424 1403 exhibent
3453 1348 3556 1405 be-

1945 1415 2222 1485 nignitatis
2260 1420 2379 1489 ejus
2402 1424 2847 1494 magnitudinem,
2877 1431 3019 1500 quod
3050 1433 3118 1489 ab
3141 1449 3329 1493 eorum
3374 1456 3553 1498 noeuv

1945 1511 2143 1564 mentis
2184 1511 2474 1570 humanum
2511 1531 2682 1587 genus
2727 1519 3053 1581 liberaverit.
3085 1526 3272 1601 Neque
3295 1535 3439 1590 enim
3475 1538 3555 1594 ob

1945 1611 2184 1659 nostram
2206 1605 2492 1664 dumtaxat
2515 1611 2795 1670 utilitatem
2823 1631 2886 1671 ea
2906 1620 3084 1675 omnia
3112 1620 3251 1679 facta
3279 1637 3425 1696 sunt,
3447 1631 3546 1688 sed

1944 1704 1998 1750 et
2042 1696 2114 1752 ob
2154 1699 2469 1757 immensam
2514 1703 2681 1776 ipsius
2720 1710 3215 1778 magnificentiam:
3255 1719 3357 1776 alia
3400 1724 3547 1781 enim

1945 1797 2164 1858 pr0ptcr
2205 1802 2442 1849 nostram
2470 1795 2753 1854 utilitatem
2783 1799 2942 1870 fecit,
2987 1805 3088 1860 alia
3134 1819 3356 1880 propter
3392 1827 3546 1872 suam

1945 1880 2414 1952 magnificentiam,
2447 1895 2503 1942 ut
2531 1889 2700 1959 magis
2725 1889 2969 1951 Factoris
3001 1898 3325 1966 prmdicetur
3351 1915 3552 1974 puten»

1947 1975 2018 2030 tia
2047 1975 2090 2032 ί.
2116 1975 2248 2031 Cum
2271 1979 2424 2034 audis
2446 1980 2649 2052 itaque,
2690 1981 2827 2038 Vidit
2855 1984 2998 2044 Deus
3021 1991 3160 2060 quod
3185 2007 3347 2050 essent
3373 1997 3503 2053 bona
3525 2015 3547 2056 :

1943 2081 2013 2120 ne
2037 2067 2182 2123 ausis
2223 2070 2359 2124 ultra
2388 2070 2582 2128 divina:
2606 2074 2895 2146 Scriptum
2929 2083 3318 2154 contradicere,
3354 2103 3418 2145 ac
3451 2104 3544 2145 ‘30-

1943 2159 2137 2216 riosius
2163 2162 2451 2233 inquirere,
2471 2164 2795 2239 dicereque:
2827 2170 3004 2240 Quare
3021 2174 3161 2232 Deus
3183 2178 3284 2235 hoc
3307 2182 3391 2237 vel
3414 2183 3542 2240 illud

1941 2247 2068 2305 fecit
2085 2251 2110 2306 ἲ
2129 2250 2198 2306 Et
2227 2254 2482 2310 benedixit
2502 2257 2596 2311 illa
2619 2257 2782 2328 Deus,
2816 2261 3006 2332 inquit.
3037 2275 3086 2320 et
3123 2268 3255 2323 dixit
3275 2286 3296 2325 :
3323 2271 3550 2331 Crescite

1942 2348 1988 2393 et
2016 2341 2448 2414 multiplicamini,
2476 2357 2524 2401 et
2553 2348 2758 2420 implete
2782 2368 2942 2422 aquas
2963 2357 3180 2414 marium
3201 2376 3222 2414 :
3246 2372 3291 2416 et
3317 2364 3550 2421 volatilia

1943 2431 2340 2502 multiplicemur
2366 2453 2519 2506 super
2535 2449 2742 2495 terram.

2011 2525 2069 2581 ὅ.
2107 2524 2232 2581 limo
2257 2537 2339 2582 est
2378 2528 2490 2598 ipsa
2527 2529 2861 2601 benedictio,
2891 2545 2944 2590 ut
2974 2551 3167 2610 magno
3191 2558 3421 2600 numero
3450 2546 3547 2604 illa

1941 2626 2257 2688 augeantur.
2290 2618 2422 2676 Nam
2448 2621 2571 2692 quia
2603 2623 2844 2681 viventes
2866 2638 3130 2686 creaturae
3156 2644 3311 2689 erant
3337 2636 3544 2693 anima-

1943 2707 2043 2776 lia,
2075 2711 2390 2783 velebatque
2418 2713 2508 2770 ilia
2536 2722 2794 2787 perpetuo
2824 2735 3075 2788 munere,
3105 2725 3231 2781 ideo
3258 2729 3496 2786 subdidit
3523 2750 3546 2789 :

1940 2797 2013 2854 Et
2040 2800 2292 2857 bettesiixit
2314 2803 2409 2858 illa
2435 2803 2570 2860 Deus
2589 2848 2603 2873 ,
2635 2817 2682 2861 et
2708 2809 2837 2864 dixit
2864 2827 2882 2866 :
2910 2811 3128 2871 Crescite
3153 2826 3201 2871 et
3231 2820 3542 2890 multiplica~

1941 2892 2089 2949 mitti.
2129 2892 2365 2951 Verbum
2395 2897 2540 2953 enim
2579 2898 2711 2954 illud
2747 2916 2918 2972 usque
2957 2904 3011 2960 in
3049 2917 3369 2976 praesentem
3399 2911 3548 2968 diem

1940 2983 2031 3040 illa
2073 2995 2390 3056 conservat,
2431 2997 2485 3045 et
2526 2997 2733 3047 tantum
2780 2995 3038 3062 praeteriit
3078 3007 3323 3070 tempus,
3367 3018 3549 3074 neque

1941 3091 2104 3133 unum
2133 3077 2324 3135 horum
2349 3095 2520 3152 genus
2559 3083 2898 3143 imminutum
2926 3097 3030 3146 est.
3067 3091 3200 3148 Nam
3241 3093 3546 3154 benedictio

1941 3167 2070 3234 Dei,
2097 3176 2154 3224 et
2196 3171 2420 3227 verbum
2454 3172 2592 3228 illud
2621 3191 2636 3233 :
2668 3174 2887 3233 Crescite
2925 3190 2973 3235 et
3013 3183 3453 3255 multiplicamini,
3483 3199 3542 3244 ut

1939 3257 2295 3316 subsisterent
2321 3271 2379 3318 et
2406 3262 2665 3320 durarent
2706 3267 2814 3323 illis
2848 3271 3098 3328 contulit.
3128 3275 3224 3332 23.
3253 3275 3320 3331 Et
3347 3279 3538 3349 factum

1936 3360 2040 3439 est,
2072 3351 2276 3423 inquit,
2304 3369 2505 3424 vespere
2521 3395 2542 3422 ,
2568 3366 2620 3412 et
2645 3361 2839 3429 [utam
2862 3371 2936 3416 est
2960 3378 3143 3433 mane,
3170 3367 3278 3423 dies
3312 3370 3536 3439 quintus.

1943 3438 2101 3497 Vides
2125 3442 2394 3512 quomodo
2422 3446 2598 3501 divina
2627 3448 2902 3520 Scriptura
2931 3453 3113 3510 docuit
3136 3471 3270 3524 nos,
3300 3438 3422 3531 qua:
3449 3463 3541 3536 diu

1938 3533 2126 3604 quinto
2142 3545 2322 3592 creata
2347 3538 2455 3594 sint
2474 3540 2803 3598 animantia?
2826 3543 2932 3600 Sed
2959 3561 3245 3622 parumper
3262 3533 3532 3625 exspecta,

1936 3635 1992 3682 et
2033 3626 2227 3685 iterum
2275 3630 2480 3688 videbis
2527 3633 2737 3691 Domini
2781 3638 2858 3693 tui
2905 3639 3305 3713 benignitatem.
3352 3648 3535 3722 Neque

1935 3721 2078 3777 enim
2111 3736 2285 3794 aquas
2314 3724 2496 3782 solum
2535 3729 2847 3786 animalium
2890 3734 3242 3803 productione
3283 3721 3540 3799 fecundas

1938 3813 2082 3878 fecit,
2110 3814 2205 3870 sed
2234 3814 2414 3872 denuo
2445 3821 2705 3890 pmcipit,
2737 3831 2796 3877 ut
2823 3838 2892 3879 ea
2919 3833 3060 3882 terra
3093 3831 3365 3887 terrestria
3405 3849 3532 3905 pru-

1933 3903 2200 3962 dueantur
2237 3908 2510 3964 animalia.
2548 3909 2663 3965 Non
2691 3911 2790 3968 abs
2819 3929 2880 3970 re
2906 3917 3106 3987 quippe
3130 3920 3234 3974 erit
3261 3903 3422 3977 hodie
3448 3934 3537 3978 at-

1937 3995 2140 4067 tingere
2180 4012 2244 4053 ea
2287 4014 2407 4069 qua:
2447 4000 2535 4055 die
2574 4012 2728 4058 sexto
2772 4015 2900 4061 sunt
2940 4009 3096 4063 facta.
3137 4010 3227 4066 ει.
3265 4011 3335 4066 Et
3371 4015 3530 4079 dixit,

1935 4088 2105 4158 inquit
2123 4129 2138 4156 ,
2167 4087 2308 4144 Deus
2336 4107 2356 4145 :
2383 4087 2644 4148 Producat
2668 4102 2803 4150 terra
2835 4100 3059 4154 animant
3086 4103 3327 4159 visentem
3356 4121 3534 4163 serua-

1933 4179 2054 4234 dum
2096 4197 2255 4252 genus
2273 4223 2286 4248 ,
2315 4185 2668 4255 quadrupedes
2691 4229 2706 4253 ,
2733 4197 2784 4242 et
2821 4192 3058 4260 reptilia,
3090 4205 3138 4248 et
3173 4196 3355 4252 bestias
3381 4215 3534 4271 super

1933 4281 2122 4327 terram
2150 4291 2171 4328 :
2196 4284 2246 4328 et
2273 4292 2455 4346 pecora
2472 4319 2487 4342 ,
2519 4286 2566 4332 et
2594 4281 2767 4335 omnia
2804 4283 3006 4352 reptilia
3046 4295 3195 4343 terra?
3213 4331 3226 4352 ,
3257 4294 3532 4349 secundum

1929 4382 2105 4436 genus.
2137 4364 2205 4420 Et
2234 4370 2424 4438 fectant
2453 4379 2524 4425 est
2560 4372 2654 4427 sic.
2697 4371 2834 4429 Vide
2871 4380 3140 4444 quomodo
3170 4391 3307 4437 terra
3341 4385 3531 4443 iterum

1933 4457 2201 4526 duplicent
2228 4461 2385 4515 nobis
2411 4461 2599 4518 afferat
2625 4462 2878 4534 fructum,
2904 4479 2959 4524 et
2983 4472 3233 4527 mandato
3262 4473 3533 4531 dominico

1930 4547 2220 4603 ministret.
2268 4549 2417 4605 Tunc
2457 4551 2674 4614 quidem
2727 4561 2991 4612 seminum
3038 4561 3205 4617 edidit
3249 4568 3528 4635 germina,

1929 4654 2070 4694 nunc
2095 4650 2270 4696 autem
2291 4645 2312 4673 ‘
2343 4644 2570 4699 viventia
2597 4647 2868 4714 animalia,
2895 4652 3266 4725 quadrupedes
3291 4669 3343 4714 et
3369 4662 3533 4732 repti-

1928 4731 2018 4796 lia,
2048 4746 2241 4801 pecora
2271 4743 2325 4789 et
2351 4735 2509 4791 feras.
2543 4738 2681 4794 Ecce
2709 4741 2850 4811 quod
2881 4757 3040 4814 supra
3067 4746 3174 4802 dixi
3216 4749 3406 4806 iterum
3430 4731 3525 4809 de-

1927 4824 2196 4894 claratur;
2228 4843 2424 4900 nempe
2462 4830 2626 4886 Deum
2657 4848 2764 4888 non
2791 4838 2968 4892 omnia
2997 4839 3063 4894 ad
3099 4852 3339 4898 nostrum
3372 4861 3526 4903 usum

1926 4919 2243 4988 produxisse
2265 4961 2282 4982 ,
2314 4921 2408 4976 sed
2449 4931 2626 4978 tamen
2669 4925 2734 4980 ad
2772 4929 3057 4997 quamdam
3089 4933 3376 4990 utilitatem
3394 4935 3434 4995 ³,
3470 4949 3528 4994 ut

1925 5011 2168 5067 videntes
2206 5013 2414 5082 copiam
2450 5023 2506 5070 et
2541 5016 2931 5075 multitudinem
2969 5024 3088 5092 ejus
3117 5037 3524 5098 creaturarum,

1925 5103 2145 5174 Opificis
2167 5105 2412 5161 virtutem
2440 5107 2904 5181 obstupeseamus,
2926 5126 2981 5170 et
3005 5118 3239 5173 sciamus
3265 5124 3523 5193 sapientia

1925 5196 2152 5265 quadam
2194 5205 2249 5252 et
2295 5198 2644 5254 beneficentia
2699 5206 3046 5262 inenarrabili
3095 5220 3310 5281 propter
3359 5214 3523 5270 futuri

1926 5288 2158 5344 hominis
2187 5291 2447 5346 honorem
2469 5291 2490 5322 ⁸
2521 5294 2696 5347 omnia
2733 5310 2852 5352 esse
2882 5299 3160 5366 producta.

1987 5408 2003 5438 ι
2031 5408 2113 5478 _Sic
2133 5406 2272 5482 savii.
2300 5409 2567 5482 etquulam
2591 5418 2728 5471 Mss;
2751 5412 2916 5462 Morel.
2933 5427 3067 5473 vero,
3094 5422 3145 5466 ut
3165 5419 3431 5480 prtvdicatt
3455 5422 3528 5482 re-

1921 5471 2067 5518 ctoris
2088 5468 2163 5531 sui
2185 5468 2458 5531 potentiam.

1987 5532 2004 5558 ²
2029 5529 2372 5605 ,ωοὶειὶἐξηνγη
2419 5545 2530 5601 quia
2573 5539 2711 5584 sexto
2749 5535 2831 5605 die
2868 5545 2977 5586 sum
2999 5539 3162 5605 facta;
3186 5545 3297 5592 tunc
3323 5542 3520 5605 quidem

1919 5589 2155 5666 seminum
2331 5589 2569 5666 germina,
2593 5609 2719 5666 nunc
2743 5603 2920 5666 ardent,
2946 5589 3465 5666 mitissis'iuterio'mtis.

1985 5655 2005 5726 ξ
2036 5653 2398 5726 Verisimiliter,
2427 5656 2561 5705 lectis
2605 5655 2688 5706 ille
2725 5653 2953 5720 superius
2974 5660 3226 5726 dictorum
3252 5653 3518 5726 resumptlo

1920 5721 2014 5790 est.
2043 5724 2095 5764 et
2118 5715 2196 5764 hic
2220 5717 2444 5766 cumulem
2461 5729 2664 5790 sensum
2683 5733 2741 5769 ac
2763 5715 2905 5790 supra
2935 5721 3115 5790 egeri-<3
3138 5723 3309 5783 debet,
3335 5715 3519 5790 nmiipe

1920 5775 2085 5858 hune}
2115 5784 2270 5858 Deum
2290 5790 2381 5845 tum
2398 5777 2564 5850 nuntia
2584 5775 2889 5858 adfuere-ditt
2905 5782 3153 5834 utilitatem
3188 5775 3518 5858 pt'otliuisse;

1919 5839 2007 5905 sed
2028 5843 2071 5886 ct
2095 5845 2291 5905 propter
2315 5838 2464 5898 ipsius
2486 5840 2910 5905 magniﬁcentiam.

1986 5901 2006 5930 ⁸
2038 5900 2250 5959 Caralim,
2269 5910 2466 5965 propter
2489 5900 2691 5965 gloriam
2715 5904 2830 5955 inde
2852 5911 3128 5957 centuriata.
