4086 6492
591 465 658 522 ιτ
1289 450 1346 506 S.
1383 442 1661 503 JOANNIS
1693 428 2159 496 CHRYSOSTOMI

2280 425 2514 482 LCHIEP.
2552 419 3078 480 CONSTANTINOP.
3774 417 3838 472 63

661 580 742 635 Ea
764 583 984 648 {amnt
1004 581 1048 626 et
1063 586 1178 638 πεπρ
1189 570 1365 622 entiam
1385 560 1674 632 corporibus
1691 572 1803 628 qua
1824 553 2011 610 utilitas
2030 550 2158 648 orie-

592 639 966 725 θυη--ὲδλει
987 659 1125 732 fecit,
1152 657 1337 728 inquit,
1361 652 1500 707 Deus
1522 649 1702 704 bestias
1729 657 1874 701 terra:
1891 639 2162 742 secundum

589 774 743 828 genus
772 771 939 822 suam,
968 762 1015 808 et
1044 765 1222 820 pecora
1250 744 1520 802 semiudum
1545 756 1703 810 genus
1731 753 1900 800 want,
1924 742 1972 788 et
1995 746 2163 828 omnis

589 821 790 919 reptilia
810 854 956 899 terra:
978 840 1246 897 secundum
1268 851 1420 906 genus
1441 848 1608 888 satiat.
1637 830 1702 884 Et
1727 828 1846 919 vidit
1871 821 2162 919 DeusAqttod

591 914 755 991 essent
777 935 926 990 bona.
955 950 975 985 ι
1003 930 1100 987 Ubi
1127 942 1266 993 nunc
1284 933 1408 980 sunt
1429 924 1517 994 qui
1539 923 1716 977 dicere
1734 917 1929 972 audent
1952 933 1966 968 :
1989 914 2164 982 Quare

591 1026 754 1092 ferte,
797 1037 959 1096 quare
1007 1019 1213 1088 reptilia
1254 1025 1432 1073 creata
1472 1011 1635 1068 sunt?
1669 1007 1896 1065 Audiant
1931 1001 2161 1096 divinam

589 1093 914 1186 Scripturam
938 1111 1202 1166 dicentem
1229 1126 1244 1163 :
1272 1105 1337 1160 Et
1362 1105 1483 1159 sidit
1508 1103 1641 1156 Deus
1666 1099 1801 1170 quod
1828 1104 1989 1152 essent
2011 1093 2158 1148 bona.

592 1210 716 1274 Dic,
745 1207 970 1261 obsecro
988 1245 1002 1268 ,
1037 1203 1150 1271 ipse
1176 1199 1264 1269 qui
1293 1196 1488 1252 crearit
1509 1191 1688 1249 laudat
1713 1188 1880 1254 facta,
1906 1196 1961 1243 at
1988 1194 2042 1240 tu
2070 1198 2164 1237 au-

593 1300 686 1354 des
727 1292 1155 1367 reprehendere?
1183 1291 1401 1357 Quantae
1439 1300 1544 1340 non
1583 1282 1686 1337 hoc
1725 1281 1880 1336 fuerit
1907 1274 2164 1333 insanias?

591 1391 723 1460 Quia
751 1398 808 1446 et
831 1390 882 1443 in
909 1383 1200 1443 seminibus
1225 1392 1280 1438 et
1305 1382 1357 1436 in
1383 1376 1576 1449 plantis
1601 1390 1705 1430 non
1734 1372 1902 1427 solum
1931 1369 2165 1424 fructuoo

589 1497 678 1538 sas
703 1482 940 1545 arbores,
967 1477 1061 1532 sed
1085 1485 1140 1531 et
1175 1473 1481 1545 sylvestres,
1507 1476 1562 1523 et
1584 1465 1827 1528 steriles;
1859 1472 1911 1516 et
1939 1474 2043 1514 non
2073 1471 2163 1512 so.

594 1581 699 1632 lunt
735 1574 946 1630 mutiles
975 1572 1200 1632 herbas,
1231 1567 1324 1623 sed
1354 1574 1408 1620 et
1446 1561 1738 1631 incognitas
1777 1555 1929 1611 nobis
1968 1550 2167 1622 profert

589 1681 734 1723 terra
757 1707 774 1732 ,
812 1679 956 1734 saepe
988 1662 1148 1717 etiam
1192 1657 1378 1714 noxias
1408 1673 1420 1708 :
1454 1652 1546 1708 sed
1586 1658 1862 1722 propterea
1901 1659 2006 1734 non
2042 1649 2166 1696 sunt

589 1732 952 1826 vituperanda:
978 1758 1235 1806 ereziturte
1265 1766 1278 1801 :
1304 1745 1434 1799 nihil
1458 1743 1598 1797 enim
1629 1749 1826 1794 temere
1853 1732 2165 1826 autgfrustra

591 1824 874 1900 formatum
904 1850 1001 1896 est.
1030 1840 1170 1895 Sane
1206 1849 1379 1904 neque
1417 1831 1624 1888 laudem
1662 1829 1799 1899 apud
1825 1824 2166 1882 Conditorem

591 1935 933 1998 invenissent,
959 1931 1056 1985 nisi
1081 1928 1148 1984 ad
1169 1927 1446 1982 utilitatem
1469 1923 1695 1993 aliquam
1718 1919 1944 1977 conditae
1968 1923 2164 1971 essent.

593 2027 773 2096 itaque
803 2025 936 2080 sicut
976 2025 1030 2078 in
1065 2020 1344 2078 arboribus
1371 2030 1478 2072 non
1507 2029 1692 2070 omnes
1727 2012 2010 2066 fructuosa:
2029 2049 2043 2074 ,
2074 2005 2169 2061 sed

593 2127 646 2170 et
682 2114 1021 2171 infructuosae
1062 2111 1238 2166 multa:
1267 2125 1280 2160 :
1313 2117 1542 2162 attamen
1574 2103 1676 2157 illa:
1705 2102 1833 2170 ipsa:
1857 2114 1964 2154 non
1994 2096 2168 2152 mino—

593 2219 706 2259 rem
735 2203 906 2269 nobis,
933 2216 1089 2272 quam
1117 2200 1396 2254 fructuosa:
1424 2193 1718 2254 utilitatem,
1751 2203 1972 2258 eamque
1996 2185 2164 2240 admi-

595 2293 814 2346 rabilem
841 2333 855 2354 ,
886 2301 940 2346 et
969 2290 1128 2359 quieti
1161 2298 1354 2342 nostra:
1393 2284 1712 2340 servientem
1739 2278 2016 2334 conferunt
2044 2293 2057 2329 :
2083 2283 2166 2328 et-

595 2384 735 2436 enim
785 2397 849 2436 ex
896 2379 1023 2448 ipsis
1070 2378 1288 2432 aedificia
1315 2418 1330 2442 ,
1369 2383 1422 2430 et
1468 2373 1630 2429 multa
1669 2371 1770 2426 alia
1819 2367 1884 2422 ad
1935 2366 2166 2436 quietem

597 2484 832 2528 nostram
876 2471 1188 2540 pertinentia
1220 2467 1534 2522 fabricamus
1563 2481 1576 2515 :
1609 2470 1663 2516 et
1687 2461 1903 2516 omnino
1931 2457 2059 2512 nihil
2086 2465 2171 2510 est

595 2565 734 2635 quod
776 2579 880 2618 non
923 2563 1125 2617 ratione
1163 2561 1332 2629 aliqua
1379 2557 1660 2614 formatum
1701 2554 1795 2614 sit.
1827 2549 2032 2608 etiamsi
2072 2549 2168 2602 bu-

597 2673 750 2721 mana
795 2665 978 2711 natura
1022 2653 1196 2708 omnia
1238 2653 1323 2706 illa
1361 2658 1606 2704 accurate
1639 2646 1778 2703 scire
1811 2660 1915 2699 non
1954 2642 2120 2712 possit
2153 2658 2167 2694 :

598 2746 820 2817 proinde
854 2746 991 2802 sicut
1021 2745 1072 2798 in
1103 2742 1380 2802 arboribus
1403 2782 1418 2806 ,
1451 2739 1519 2795 ita
1549 2748 1603 2793 et
1632 2737 1685 2794 in
1715 2733 2028 2793 animalibus
2065 2731 2173 2786 alia

598 2837 810 2906 quidem
840 2834 905 2890 ad
935 2835 1108 2888 cibum
1140 2844 1373 2888 nostrum
1403 2829 1685 2899 pertinent,
1716 2827 1815 2884 alia
1841 2824 1909 2880 ad
1935 2824 2171 2906 ministe-

597 2903 756 2982 rium.
782 2925 1034 2979 Ferarum
1066 2923 1189 2977 item
1219 2928 1272 2977 et
1305 2919 1568 2989 reptilium
1594 2931 1790 2988 genera
1818 2930 1924 2975 non
1954 2903 2172 2985 parvam

598 3018 752 3078 nobis
778 3024 1028 3087 praestant
1057 3014 1353 3075 utilitatem,
1379 3019 1435 3071 et
1457 3011 1503 3068 si
1532 3009 1649 3079 quis
1671 3008 1792 3068 velit
1816 3020 1969 3076 equo
1990 3005 2172 3065 animo

597 3109 891 3178 intelligere
908 3148 924 3173 ,
957 3107 1192 3162 inveniet
1216 3103 1373 3158 etiam
1401 3115 1572 3164 nunc,
1602 3113 1724 3156 cum
1753 3097 2048 3167 principatu
2074 3109 2171 3150 eo-

597 3215 716 3254 rum
740 3197 810 3253 ob
831 3198 986 3268 primi
1016 3195 1250 3267 parentis
1274 3190 1683 3249 inobedientiam
1706 3186 1939 3243 destituti
1964 3198 2167 3249 sumus,

598 3304 842 3359 magnam
883 3303 951 3346 ea
993 3287 1098 3346 illb
1137 3283 1294 3340 nobis
1341 3281 1621 3342 utilitatem
1663 3276 1959 3347 provenire.
2006 3273 2166 3329 Multa

601 3379 743 3434 enim
784 3376 906 3433 inde
938 3375 1198 3444 colligunt
1235 3369 1457 3435 medici,
1482 3384 1602 3438 qua;
1629 3367 1694 3422 ad
1725 3375 2021 3421 nostrorum
2048 3378 2170 3419 cor-

600 3481 788 3544 porum
817 3465 1131 3544 medicinam
1161 3473 1215 3519 et
1249 3461 1528 3519 sanitatem
1565 3459 1880 3516 conducant.
1926 3456 2172 3526 Alioquin

601 3559 763 3617 etiam
787 3556 910 3627 quid
937 3553 1240 3611 uocumenti
1267 3567 1331 3611 ex
1361 3549 1590 3606 ferarum
1616 3548 1982 3618 productione,
2007 3561 2176 3612 quan-

601 3650 671 3704 do
698 3649 835 3704 sicut
857 3646 1144 3705 domestica
1171 3643 1415 3704 animalia
1435 3682 1449 3703 ,
1479 3641 1556 3696 sic
1580 3649 1635 3695 et
1666 3639 1757 3695 illa
1791 3639 1889 3695 sub
1914 3645 2176 3708 potestate

606 3738 780 3804 futura
809 3743 962 3797 emt
984 3733 1238 3798 hominis,
1263 3745 1371 3790 non
1397 3730 1561 3785 multo
1589 3738 1707 3794 post
1732 3727 2034 3784 formandi?
2061 3726 2175 3788 lloo

602 3831 747 3886 enim
775 3827 1079 3887 nuncdico.

675 3919 730 3974 6.
758 3918 828 3976 Ut
851 3927 1026 3972 alitem
1055 3916 1229 3973 discas
1258 3915 1493 3970 omnium
1529 3907 1737 3968 Domini
1775 3912 2176 3978 supereminen-

604 4020 713 4067 tem
739 4007 1140 4067 beneficentiam
1160 4046 1176 4075 ,
1207 4021 1369 4075 quam
1391 4020 1512 4074 erga
1543 4013 1780 4058 nostrum
1806 4015 1971 4071 genus
1999 4001 2176 4054 decla-

602 4110 726 4169 rat,
778 4109 1056 4172 postquam
1104 4097 1356 4167 expandit
1400 4096 1623 4157 caelum,
1667 4094 1901 4150 extendit
1942 4102 2134 4148 terram
2161 4131 2178 4159 ,

604 4190 843 4250 condidit
867 4190 1253 4246 firmamentum
1272 4226 1290 4252 ,
1321 4196 1377 4240 ut
1403 4186 1551 4257 quasi
1580 4194 1786 4254 septum
1811 4183 2021 4253 aliquod
2046 4183 2181 4236 divi-

603 4282 810 4336 sionem
839 4279 976 4333 inter
1006 4291 1170 4346 aquas
1193 4284 1247 4333 et
1274 4291 1436 4345 aquas
1465 4274 1660 4330 faceret
1689 4291 1701 4324 :
1727 4272 1918 4328 deinde
1949 4283 2002 4326 ut
2023 4273 2183 4342 jussit

609 4383 863 4447 aquarum
895 4366 1008 4424 fieri
1041 4365 1506 4438 eongregationes,
1537 4380 1626 4419 cas
1667 4365 1827 4419 maria
1868 4364 2176 4435 appellavit,

605 4459 808 4516 aridam
845 4467 1018 4520 autem
1049 4465 1244 4513 terram
1264 4498 1280 4523 ,
1308 4471 1470 4530 quam
1495 4464 1674 4525 postea
1702 4456 1956 4509 seminum
1985 4455 2180 4510 herba-

609 4564 830 4621 rumque
856 4555 1112 4618 proventu
1135 4547 1360 4606 ornavit.
1384 4545 1613 4615 indeque
1641 4546 1846 4602 transiit
1867 4546 1931 4600 ad
1955 4546 2181 4602 duorum

612 4653 921 4709 magnorum
947 4635 1283 4691 luminarium
1319 4633 1708 4698 formationem,
1739 4643 1792 4688 et
1818 4633 1882 4688 ad
1911 4635 2183 4692 stellarum

609 4735 952 4793 varietatem,
989 4731 1182 4802 quibus
1225 4728 1663 4798 pulchritudinem
1709 4727 1826 4783 cmli
1863 4729 2182 4784 ornatiorem

611 4823 880 4889 reddidit;
929 4831 1110 4892 postea
1155 4829 1330 4876 autem
1378 4834 1497 4875 eum
1545 4834 1609 4876 ex
1657 4819 1805 4889 aquis
1855 4818 2188 4888 produxisset

611 4913 857 4983 aquatilia
895 4913 1180 4970 animantia
1218 4920 1271 4967 et
1307 4910 1569 4974 volatilia,
1595 4924 1713 4980 qua:
1747 4909 1987 4966 volarent
2024 4923 2185 4981 super

615 5014 809 5061 terram
839 5002 1128 5058 secundum
1153 5002 1538 5056 firmamentum
1563 5002 1699 5066 cmli,
1724 5001 1938 5072 impleto
1957 5005 2190 5073 quinque

613 5095 817 5151 dierum
850 5109 1095 5159 numero,
1120 5094 1369 5165 quoniam
1400 5093 1673 5162 oportebat
1701 5102 1755 5148 et
1783 5094 2050 5149 terrestria
2074 5096 2190 5148 ani-

615 5186 772 5240 malia
816 5184 1030 5240 formari
1063 5202 1075 5239 :
1105 5185 1378 5253 imperavit
1407 5192 1465 5238 ut
1501 5191 1556 5239 et
1592 5184 1702 5252 ipsa
1736 5183 2037 5248 ederentur,
2065 5199 2188 5240 eum

614 5292 680 5331 ea
703 5288 824 5346 quae
847 5274 913 5329 ad
942 5275 1139 5338 cibum,
1168 5283 1277 5327 tum
1302 5288 1364 5329 ea
1390 5289 1506 5343 qua-
1528 5272 1593 5326 ad
1621 5271 1965 5326 ministerium
1990 5273 2190 5328 condu-

617 5366 790 5420 cibilia
812 5405 831 5430 ,
855 5379 955 5421 nec
982 5379 1088 5419 non
1122 5363 1246 5419 fera:
1288 5373 1342 5419 et
1378 5363 1582 5433 reptilia
1605 5403 1619 5428 ,
1646 5361 1873 5432 denique
1897 5364 1983 5419 ubi
2013 5364 2190 5420 omnia

617 5470 715 5508 suo
759 5463 946 5508 ornatu
985 5454 1244 5516 excoluit,
1275 5462 1329 5508 et
1365 5452 1700 5508 convenienti
1742 5453 1926 5508 ordine
1965 5455 2192 5510 visibilia

617 5543 904 5613 disposuit,
931 5553 985 5596 et
1013 5558 1250 5598 mensam
1280 5543 1478 5614 largam
1518 5543 1791 5610 instruxit,
1815 5545 1976 5599 variis
1999 5556 2051 5600 et
2077 5561 2195 5602 etn-

620 5635 825 5703 nigents
852 5633 1097 5688 refertam
1127 5633 1318 5690 eduliis
1341 5674 1355 5698 ο
1382 5633 1694 5704 cupiamth
1730 5643 1784 5687 et
1820 5648 1950 5703 opes
1991 5633 2191 5690 haben-

622 5734 730 5778 tem
754 5763 768 5788 ,
797 5733 851 5778 et
875 5722 1023 5794 quasi
1049 5724 1167 5794 quis
1189 5724 1329 5779 dicat
1359 5724 1555 5794 regiam
1583 5766 1600 5790 ,
1624 5723 1856 5793 undique
1893 5738 2118 5794 snporne
2140 5735 2195 5782 et

625 5805 832 5865 inferne
869 5814 1027 5868 variis
1063 5813 1234 5870 modis
1261 5815 1590 5886 splendidam
1612 5856 1627 5880 ,
1655 5824 1776 5870 tunc
1809 5814 2018 5870 tandem
2050 5814 2191 5871 illum

2265 539 2458 596 format
2478 540 2567 610 qui
2594 539 2675 596 his
2700 536 2944 593 omnibus
2973 536 3226 592 fruiturus
3251 546 3410 600 esset,
3439 536 3527 593 cui
3551 537 3848 596 visibilium

2265 631 2498 685 omuium
2529 639 2841 701 potestatem
2868 627 3058 688 tradat.
3083 639 3137 684 et
3156 628 3387 683 osteinm
3406 637 3608 699 quanto
3632 628 3842 698 dignius

2263 722 2472 777 caeteris
2490 721 2734 778 erunibus
2758 718 2953 774 animal
2978 718 3194 786 formet,
3216 717 3642 790 quandoquidem
3666 719 3845 788 praeci-

2265 814 2375 882 pit,
2407 815 2583 872 omnia
2608 827 2728 885 quae
2756 813 2890 867 facta
2916 818 3067 867 erant
3094 811 3194 866 sub
3226 810 3367 866 illius
3398 825 3519 868 esse
3542 811 3768 882 imperio
3790 823 3845 866 et

2267 912 2546 974 potestate.

2339 996 2553 1052 Herulis
2582 995 2893 1061 exhortatio;
2920 994 3192 1049 Gentilium
3219 994 3436 1048 emeritis
3461 995 3513 1048 in
3543 996 3846 1049 animalium

2265 1105 2529 1156 rerumque
2553 1088 2723 1142 vitiant
2752 1088 2908 1141 cultu.
2934 1115 3007 1128 —-
3034 1087 3228 1140 Verum
3258 1102 3324 1140 ne
3363 1086 3569 1156 longius
3597 1098 3850 1142 excurrat

2266 1179 2466 1247 oratio,
2495 1181 2578 1234 bis
2599 1179 2833 1234 contenti
2864 1177 3018 1232 dictis
3037 1217 3050 1240 ,
3080 1178 3133 1232 in
3160 1187 3468 1248 sequentem
3498 1178 3638 1234 diem
3682 1195 3847 1249 repo-

2267 1285 2455 1326 namus
2481 1284 2542 1324 ea
2566 1285 2685 1340 quas
2714 1269 2981 1339 pertinent
3016 1267 3084 1321 ad
3122 1267 3488 1325 formationem
3517 1268 3850 1325 admirabilis

2269 1361 2425 1431 hujus
2468 1361 2711 1416 animalis
2730 1361 3001 1416 rationalis
3020 1368 3074 1416 et
3095 1361 3334 1428 animati,
3357 1361 3588 1417 hominis
3607 1364 3849 1434 inquam,

2267 1467 2408 1508 nunc
2444 1461 2750 1508 consuetam
2777 1451 3188 1506 admonitionem
3214 1449 3557 1516 adhibentes,
3589 1451 3662 1507 ita
3693 1462 3752 1508 ut
3782 1469 3853 1510 ne

2269 1543 2530 1599 dictorum
2560 1543 2813 1600 memoria
2839 1543 3081 1599 elabatur
3108 1561 3126 1597 :
3157 1543 3251 1598 sed
3288 1558 3354 1598 ex
3387 1543 3634 1598 omnibus
3661 1544 3852 1599 visibi-

2269 1634 2407 1689 libus
2434 1633 2500 1688 ad
2529 1633 2903 1690 celebrandum
2935 1633 3216 1688 Dominum
3247 1648 3346 1687 nos
3381 1635 3523 1702 ipsos
3555 1635 3851 1704 erigamus.

2270 1723 2419 1794 Quod
2457 1734 2632 1779 autem
2670 1725 2912 1794 assequi,
2944 1733 3000 1778 et
3024 1734 3388 1778 creaturarum
3417 1724 3653 1779 omnium
3680 1727 3852 1780 ratio-

2271 1830 2390 1869 nem
2426 1813 2878 1884 comprehendere
2923 1826 3029 1868 non
3075 1815 3375 1884 possimus,
3407 1815 3458 1870 id
3487 1830 3556 1872 ne
3591 1817 3662 1872 sit
3695 1817 3855 1874 nobis

2273 1907 2657 1963 incredulitatis
2681 1908 2890 1962 occasio
2909 1949 2924 1974 ,
2955 1907 3049 1963 sed
3077 1907 3252 1977 potius
3277 1906 3345 1962 ad
3377 1908 3711 1964 referendam
3741 1909 3855 1965 Deo

2271 2000 2492 2070 gloriam
2524 1999 2942 2055 incitamentum.
2973 1999 3195 2066 Quando
3223 2001 3364 2055 enim
3396 1999 3575 2056 deficit
3599 2001 3738 2056 ratio
3757 2043 3775 2068 ,
3802 2012 3856 2056 et

2272 2103 2425 2144 mens
2465 2103 2569 2144 non
2604 2099 2686 2150 est
2709 2104 2873 2159 capax
2893 2129 2910 2155 ,
2936 2090 3108 2158 cogita
3134 2103 3292 2159 quam
3321 2104 3538 2160 magnus
3562 2099 3647 2145 est
3673 2090 3856 2145 Domi-

2273 2196 2371 2236 nus
2398 2190 2519 2237 tuus
2542 2223 2557 2248 ,
2587 2190 2641 2237 et
2667 2196 2733 2236 ex
2763 2181 2863 2236 hoc
2891 2181 3008 2252 ipso
3027 2223 3042 2246 ,
3068 2180 3208 2250 quod
3240 2191 3382 2236 tanta
3407 2182 3478 2236 sit
3503 2181 3619 2252 ejus
3650 2181 3818 2236 virtus
3836 2223 3852 2248 ,

2274 2281 2332 2325 ut
2353 2286 2524 2340 neque
2550 2271 2806 2327 rationem
2832 2276 3028 2327 eorum‘
3041 2287 3158 2341 quat
3186 2271 3253 2327 ab
3277 2271 3372 2328 illo
3401 2271 3536 2327 facta
3567 2281 3694 2328 sunt
3714 2274 3857 2329 scire

2273 2376 2546 2429 queamus.
2577 2360 2689 2416 Hoc
2715 2361 2872 2417 fuerit
2897 2361 3033 2432 grati
3060 2363 3220 2416 animi
3245 2403 3257 2427 ,
3289 2364 3388 2420 hoc
3415 2364 3607 2420 sobria:
3636 2365 3852 2419 tuentis.

2277 2450 2535 2517 Quoniam
2570 2462 2622 2506 et
2653 2451 2877 2521 gentiles
2905 2453 2981 2506 sic
3005 2463 3350 2519 erraverunt,
3381 2455 3488 2507 suis
3517 2455 3853 2523 cogitationi.

2275 2540 2374 2595 bus
2402 2539 2578 2595 omnia
2610 2541 3004 2610 permittentes,
3036 2552 3089 2596 et
3114 2541 3181 2596 ad
3208 2541 3624 2597 imbecillitatem
3652 2552 3855 2599 natum

2273 2643 2384 2686 sua
2426 2645 2533 2685 non
2571 2631 2913 2699 respicientes
2934 2671 2951 2697 ,
2996 2631 3088 2688 sed
3125 2648 3246 2703 qum
3280 2633 3415 2688 ultra
3450 2644 3659 2705 captum
3696 2649 3854 2690 suum

2274 2731 2428 2778 erant
2454 2723 2806 2794 imaginantes
2828 2764 2843 2788 ,
2873 2735 2928 2780 et
2952 2725 3178 2782 limitum
3208 2739 3424 2782 suorum
3451 2725 3584 2781 fines
3610 2730 3812 2798 egressi
3837 2778 3846 2792 ,

2275 2815 2434 2870 etiam
2471 2829 2500 2868 a
2542 2829 2634 2869 sua
2679 2815 2936 2884 dignitate
2967 2816 3298 2872 excidentnt.
3345 2816 3477 2872 Nam
3514 2819 3601 2889 qui
3648 2821 3857 2876 ratione

2277 2904 2509 2976 insig'niti
2535 2905 2836 2975 huiusmodi
2873 2906 3157 2977 primatum
3183 2920 3500 2978 acceperant
3525 2925 3556 2964 a
3576 2909 3855 2978 Creatoris,

2279 3005 2461 3065 utpote
2489 2997 2732 3052 omnibus
2764 3012 2883 3067 qua:
2916 2997 3019 3052 sub
3055 2998 3239 3054 mles
3266 2999 3460 3054 cadunt
3487 3002 3858 3057 creaturis'di-

2274 3088 2486 3158 gaiores
2509 3128 2525 3153 ,
2549 3087 2607 3142 bi
2644 3090 2918 3145 iit-tantam
2955 3089 3332 3146 alicui-ditatem
3357 3090 3568 3149 deducti
3597 3102 3721 3148 sunt
3746 3137 3762 3160 ,
3789 3099 3858 3150 ut

2277 3191 2458 3241 anes,
2483 3177 2685 3242 simias,
2711 3188 2766 3233 et
2785 3177 3102 3246 crocodilos,
3125 3189 3180 3235 et
3205 3179 3288 3235 his
3311 3179 3532 3236 fmdiora
3560 3183 3856 3240 adonti'nt.

2278 3269 2347 3324 Et
2369 3268 2498 3339 quid
2523 3268 2644 3325 dico
2672 3269 2826 3324 bruta
2855 3270 3144 3333 animalia?
3173 3269 3318 3326 lulti
3355 3285 3538 3328 eorum
3565 3275 3620 3329 ib
3643 3284 3859 3331 tantum

2277 3367 2551 3428 stuporem
2577 3365 2632 3415 et
2659 3361 2948 3416 amentiam
2972 3359 3272 3415 inciderunt
3291 3400 3309 3427 ,
3341 3369 3400 3414 ut
3420 3369 3477 3417 et
3502 3362 3654 3429 allia,
3687 3370 3744 3419 et
3773 3364 3861 3422 his

2280 3447 2464 3504 viliora
2489 3448 2689 3504 colant.
2718 3449 3004 3519 Plumea-ea
3033 3449 3292 3520 propheta
3329 3450 3456 3507 illas
3481 3452 3858 3523 suhhtdicavts,

2283 3542 2452 3613 inquit
2472 3557 2488 3598 ε
2511 3540 2842 3610 Campantus
2861 3551 2933 3596 est
2948 3542 3194 3610 juvantis
3209 3542 3579 3613 insipientibus,
3605 3540 3864 3603 sufﬂa

2282 3635 2446 3702 factm
2473 3640 2545 3686 est
2583 3631 2688 3685 illis
2716 3629 2884 3698 (Psai.
2911 3630 2997 3686 i8.
3025 3631 3088 3686 Si
3104 3632 3142 3702 ).
3169 3631 3272 3701 Qui
3299 3633 3525 3702 ratione,
3552 3635 3747 3706 inquit,
3779 3640 3863 3692 in-

2283 3722 2504 3794 signitus
2532 3731 2649 3778 erat
2672 3733 2726 3778 et
2754 3731 2895 3776 tanta
2922 3724 3177 3792 sapientia
3213 3725 3486 3793 praditns,
3517 3727 3564 3781 is
3590 3728 3758 3784 brutis
3781 3731 3862 3784 fa-

2280 3824 2397 3870 ctus
2426 3823 2509 3869 est
2537 3813 2728 3869 similis
2750 3855 2765 3880 ,
2798 3813 2934 3869 forte
2959 3823 3014 3869 et
3049 3814 3298 3871 deterior.
3332 3816 3424 3872 Illa
3461 3818 3602 3874 enim
3626 3859 3644 3883 ,
3674 3829 3866 3889 utpote

2282 3903 2678 3967 imtionabilia,
2705 3904 2863 3964 nullis
2893 3906 3064 3973 pmn'ts
3089 3905 3314 3962 obnoxia
3345 3918 3529 3973 erunt;
3559 3909 3649 3979 qui
3679 3920 3863 3967 autem

2281 3995 2486 4049 ratione
2527 3993 2690 4063 pollet
2714 4035 2729 4056 ,
2756 3994 2800 4047 si
2831 3995 2881 4048 in
2912 3994 3122 4049 illorum
3162 3996 3406 4051 inciderit
3435 3997 3818 4056 absurditatem
3843 4041 3866 4069 ,

2284 4086 2472 4140 merito
2499 4098 2683 4154 prunas
2711 4085 2819 4140 luet
2837 4126 2850 4149 ,
2883 4087 3118 4156 ingratus
3142 4101 3261 4141 cum
3289 4091 3360 4142 sit
3400 4097 3519 4159 post
3546 4099 3622 4145 tot
3651 4090 3864 4148 bened-

2283 4190 2385 4232 cta.
2412 4174 2546 4232 Hinc
2568 4175 2794 4245 denique
2819 4187 2872 4231 et
2897 4177 3097 4246 lapides
3116 4187 3167 4233 et
3193 4179 3331 4248 ligna
3351 4179 3482 4234 deos
3504 4183 3864 4254 appellarunt,

2285 4274 2339 4320 et
2379 4266 2491 4321 haec
2534 4266 2754 4321 visibilia
2794 4268 3052 4323 elementa
3099 4268 3230 4324 deos
3270 4269 3559 4327 eﬂ‘eeerunt
3596 4276 3764 4345 :quia
3805 4288 3865 4334 ut

2287 4357 2451 4412 semel
2479 4371 2508 4410 a
2536 4366 2679 4415 recta
2707 4358 2790 4411 via
2815 4359 3148 4426 aberrarunt,
3181 4360 3233 4415 in
3266 4375 3504 4434 praeceps
3535 4364 3780 4437 iverunt,
3808 4381 3866 4428 et

2288 4447 2340 4502 in
2369 4448 2583 4502 malitize
2607 4448 2925 4518 profundum
2953 4450 3269 4505 inciderunt.

2359 4540 2409 4594 7.
2437 4538 2816 4594 Verumtamen
2846 4554 2944 4596 nos
2969 4555 3137 4610 neque
3157 4542 3233 4596 sic
3252 4541 3320 4598 de
3346 4543 3514 4598 salute
3540 4545 3748 4602 illorum
3772 4549 3868 4606 (ιθ

2287 4646 2579 4701 speremus.
2612 4631 2705 4686 sed
2733 4632 3016 4688 afferentes
3045 4633 3094 4687 id
3123 4634 3261 4704 quod
3293 4651 3455 4704 penes
3483 4653 3580 4694 nos
3606 4651 3710 4708 est,
3739 4657 3870 4700 eum

2289 4725 2430 4778 omni
2457 4725 2728 4778 alacritate
2754 4732 2808 4779 et
2830 4724 3076 4792 patientia
3102 4726 3202 4781 illis
3225 4726 3505 4798 loquamur
3528 4750 3542 4786 :
3563 4744 3871 4793 monstran-

2293 4824 2370 4868 tes
2397 4824 2507 4868 tum
2535 4814 2611 4868 rei
2637 4813 3014 4870 absurditatem
3031 4856 3046 4881 ,
3078 4823 3186 4870 tum
3211 4816 3390 4872 damni
3429 4821 3743 4890 gravitatem
3770 4867 3788 4892 ,
3814 4837 3871 4883 et

2294 4921 2576 4975 numquam
2603 4905 2671 4960 de
2708 4905 2918 4962 illorum
2957 4907 3129 4964 salute
3155 4907 3866 4980 despondeamus'animum.

2298 4997 2569 5052 Probabile
2598 4998 2739 5052 enim
2769 5007 2872 5063 est,
2904 4997 3036 5062 fore,
3069 5009 3125 5054 ut
3151 5003 3404 5072 temporis
3432 5019 3710 5076 progressu
3743 5027 3870 5079 ρετ-

2296 5087 2642 5151 suadeantur,
2671 5087 2901 5143 maxime
2941 5088 2985 5142 si
3028 5103 3124 5144 nos
3166 5090 3236 5144 ita
3269 5091 3543 5158 vivamus,
3571 5107 3628 5150 ut
3669 5101 3870 5156 nullam

2297 5178 2424 5246 ipsis
2450 5177 2778 5248 praebeamus
2812 5178 3140 5247 repugnandi
3168 5194 3372 5235 ansam.
3403 5183 3550 5239 Multi
3576 5188 3718 5242 enim
3750 5191 3870 5245 ilio-

2298 5284 2412 5323 rum
2451 5283 2570 5323 cum
2613 5268 2841 5323 viderint
2886 5278 3185 5324 nostrorum
3223 5271 3428 5342 aliquos
3465 5277 3626 5332 verbo
3656 5281 3871 5349 quidem

2297 5366 2350 5412 et
2371 5357 2624 5414 vocabulo
2642 5357 2970 5414 Christianos
2993 5361 3267 5430 appellari,
3291 5372 3541 5421 caeterum
3565 5368 3702 5422 sicut
3732 5373 3875 5440 ipsos

2298 5459 2519 5520 rapere,
2558 5450 2796 5519 pecunia!
2833 5450 3051 5521 cupidos
3091 5466 3244 5517 esse,
3284 5454 3560 5523 invidere,
3599 5460 3871 5526 insidiari,

2298 5540 2448 5596 dolos
2487 5549 2699 5595 nectere
2718 5581 2731 5603 ,
2760 5540 2966 5610 aliaque
3001 5543 3176 5596 omnia
3215 5542 3390 5601 facere
3412 5585 3429 5614 ,
3457 5551 3692 5618 crapulm
3722 5553 3874 5606 voluo

2303 5633 2536 5703 ptatique
2559 5645 2744 5684 vacare
2764 5672 2779 5696 ,
2811 5633 3007 5686 monita
3043 5644 3217 5687 nostra
3249 5650 3353 5690 non
3384 5637 3520 5692 ultra
3553 5638 3838 5696 admittunt
3857 5682 3873 5708 ,

2303 5726 2394 5780 sed
2422 5739 2597 5779 omnia
2627 5734 2802 5778 nostra
2835 5723 3093 5778 fallaciam
3121 5727 3442 5793 existimant,
3475 5739 3528 5784 et
3558 5729 3744 5784 iisdem
3775 5733 3875 5787 cri-

2306 5815 2678 5872 minationibus
2705 5830 2889 5871 omnes
2916 5831 3034 5872 esse
3061 5816 3333 5872 obnoxios.
3364 5819 3549 5892 Cogita
3574 5822 3758 5892 igitur,
3777 5823 3873 5878 ob-
