4086 6488
229 472 304 534 te
1348 473 1417 533 lit
1451 475 1604 536 car.
1644 474 1686 532 l.
1725 471 1971 535 oms.
2015 427 2442 539 nonin-vim-
3474 491 3550 550 ιο

112 614 118 619 ι
227 600 410 655 scere,
433 590 658 662 quantis
682 585 762 646 illi
778 587 921 661 uigni
947 587 1057 646 sint
1080 587 1381 660 suppliciis,
1405 589 1836 662 quandoquidem

228 695 341 738 non
371 683 553 739 solum
591 681 694 738 sibi
723 682 852 754 ipsis
879 679 1365 754 iuexstinguibilem
1403 682 1578 754 ignem
1615 697 1837 740 coacer-

224 786 395 845 vant,
429 777 531 832 scd
556 785 612 832 et
643 775 761 831 aliis
787 785 1034 832 auctores
1054 782 1182 831 sunt
1208 783 1266 830 ιιι
1293 773 1346 830 ιιι
1374 789 1560 844 errore
1585 788 1839 845 perseve-

227 877 386 933 rent,
404 876 562 923 et-ne
589 866 839 923 virtutem
867 865 1163 932 addiscant,
1195 866 1447 924 obturcnt
1481 881 1665 935 aures,
1688 875 1743 922 et
1769 867 1837 922 ad

228 959 350 1037 hac
377 959 436 1014 in
477 973 640 1014 eausa
674 967 830 1025 sunt,
865 959 1109 1015 utetiam
1139 959 1390 1016 virtutum
1420 960 1644 1017 studiosi
1675 972 1838 1015 accu-

226 1057 463 1118 santur,-
475 1058 534 1106 et
558 1049 1038 1120 reprehendantur,
1069 1057 1127 1106 et
1149 1049 1293 1122 quod
1317 1050 1554 1106 omnium
1581 1049 1836 1122 gravissi-

226 1157 403 1207 nunn,
429 1157 534 1214 per
559 1142 706 1213 ipsos
731 1140 990 1197 Dominus
1012 1139 1431 1211 blasphematur.
1461 1140 1620 1196 Vides
1641 1149 1839 1211 quanta

227 1233 460 1290 malit'rm
489 1233 788 1306 pernicies?
814 1233 965 1289 vides
992 1231 1262 1304 quomodo
1287 1246 1394 1288 non
1425 1233 1630 1304 vulgari
1665 1249 1838 1303 preme

227 1324 508 1382 obnoxios
534 1339 596 1381 se
621 1325 969 1389 constituant,
997 1324 1087 1394 qui
1118 1323 1315 1379 malum
1343 1332 1636 1391 sectantur,
1665 1324 1759 1380 sed
1784 1332 1839 1380 et

228 1415 816 1486 multogravissimte,
848 1413 893 1469 si
927 1413 1186 1485 supplicia
1231 1427 1329 1484 pro
1367 1413 1614 1470 omnibus
1655 1413 1838 1469 inituri

227 1518 380 1572 sunt,
410 1523 522 1563 non
549 1508 721 1562 solum
749 1522 845 1578 pro
869 1519 965 1562 sua
989 1505 1308 1575 perditione,
1333 1505 1428 1561 sed
1454 1515 1509 1561 et
1531 1521 1630 1577 pro
1652 1519 1836 1565 erran-

229 1599 367 1654 tium
399 1598 694 1664 ecandalo,
721 1609 777 1654 et
805 1613 903 1670 pro
931 1598 1304 1654 criminatione
1340 1597 1629 1669 proborum
1661 1598 1838 1654 homi-

228 1706 388 1755 num,
419 1700 479 1748 et
507 1704 605 1761 pro
642 1690 970 1761 blasphemia
1002 1691 1053 1745 in
1084 1689 1292 1746 Deum?
1321 1689 1448 1747 limo
1475 1688 1635 1762 igitur
1659 1689 1839 1746 omnia

227 1783 576 1855 cogitemus,
623 1795 724 1837 nec
767 1791 1006 1837 nostram
1055 1780 1284 1837 salutem
1330 1780 1660 1852 negligamus
1694 1798 1709 1835 :
1741 1779 1838 1836 sed

227 1889 433 1945 magna
471 1873 626 1929 nobis
654 1874 723 1928 sit
751 1887 875 1928 cura
912 1883 972 1928 ut
1013 1873 1307 1930 secundum
1347 1872 1514 1928 Deum
1550 1873 1795 1927 vivamus
1817 1912 1835 1938 ,

228 1966 475 2021 scientes
522 1978 621 2019 nos
665 1962 788 2018 inde
831 1962 1064 2018 maxime
1110 1962 1194 2018 vel
1236 1961 1707 2029 condemnandos,
1751 1960 1837 2017 vel

228 2054 379 2110 illius
406 2052 763 2110 beneﬁcentia
790 2051 1108 2124 dignandos.
1154 2052 1244 2108 Sic
1279 2047 1439 2125 igitur
1465 2052 1643 2108 omnia
1672 2050 1836 2108 facia-

228 2161 356 2202 mua
379 2185 396 2209 ,
424 2151 489 2199 ut
520 2151 576 2198 et
602 2157 702 2198 nos
727 2142 780 2198 in
809 2158 941 2214 pura
967 2143 1294 2199 conscientia
1322 2157 1640 2212 versemur,
1659 2151 1716 2198 et
1741 2153 1838 2198 eos

229 2236 323 2307 qui
354 2234 536 2291 adhuc
559 2241 776 2298 errant,
801 2239 988 2288 nostro
1015 2231 1306 2288 secundum
1336 2233 1503 2289 Deum
1529 2233 1653 2288 vitae
1678 2230 1837 2286 insti-

229 2334 354 2382 tuto
390 2325 464 2381 ad
494 2325 774 2381 veritatem
819 2322 1271 2391 manducamus,
1312 2332 1370 2380 ιιι
1403 2338 1502 2395 per
1537 2337 1638 2380 nos
1662 2331 1718 2379 et
1743 2320 1836 2377 alii

229 2430 431 2473 omnes
453 2415 544 2486 qui
569 2412 724 2471 nobis
743 2423 1216 2479 eonnumerantur,
1239 2412 1378 2470 bona
1403 2412 1542 2469 fama
1566 2411 1830 2479 fruantur,

204 2517 289 2568 .et
311 2516 447 2565 ante
478 2507 659 2563 omnia
691 2504 1022 2579 gloriﬁcatur
1045 2505 1304 2562 Dominus
1330 2516 1548 2574 noster,
1579 2513 1634 2560 et
1661 2502 1835 2576 majo-

226 2612 352 2658 rem
379 2599 550 2655 nostri
568 2612 752 2656 curam
775 2606 952 2670 gerat.
978 2597 1110 2654 Nam
1134 2613 1257 2655 cum
1279 2598 1336 2655 in
1363 2611 1463 2657 nos
1486 2598 1837 2670 respicientes

230 2689 486 2747 bomines
507 2690 716 2745 lucrum
738 2687 1122 2762 reportabant,
1147 2698 1204 2745 et
1226 2687 1438 2745 laudem
1468 2688 1523 2744 in
1556 2689 1723 2746 Deum
1749 2703 1837 2745 re-

230 2779 448 2847 ferent,
477 2777 603 2836 inde
638 2786 698 2836 et
731 2795 833 2835 nos
869 2779 991 2851 plus
1025 2778 1222 2836 divinat
1254 2779 1442 2852 gratia
1465 2793 1832 2851 aesquemur.

230 2872 377 2943 Quid
397 2872 546 2930 enim
575 2871 785 2929 beatius
811 2872 1029 2929 homine
1049 2873 1142 2944 qui
1178 2871 1260 2929 sic
1284 2872 1448 2939 vivit,
1476 2881 1537 2928 ut
1556 2882 1610 2928 et
1636 2873 1728 2944 qui
1756 2871 1837 2928 vil-

230 2965 368 3023 dent
384 2964 786 3037 obstupescant,
808 2973 864 3022 et
881 2963 1079 3032 dicant,
1103 2963 1286 3023 Gloria
1306 2964 1427 3032 tibi,
1452 2964 1626 3030 Deus;
1647 2964 1834 3035 quales

231 3067 362 3115 Ill
379 3053 670 3113 Chistiaui
690 3056 705 3111 i
727 3063 980 3128 quautam
1002 3068 1116 3129 prta
1133 3069 1194 3112 se
1211 3054 1387 3112 ferunt
1405 3053 1795 3128 philosophiam
1813 3053 1831 3110 l

231 3144 512 3218 quomodo
533 3145 832 3217 despiciunt
858 3145 1178 3216 praemia!
1207 3144 1478 3216 quomodo
1500 3143 1680 3200 omnia
1702 3142 1834 3215 ipsis

231 3235 427 3292 umbra
447 3243 505 3291 et
525 3233 794 3292 somnium
813 3241 1149 3305 repetantur,
1166 3242 1223 3290 et
1242 3233 1373 3289 nulli
1395 3231 1684 3288 visibilium
1706 3238 1834 3289 sunt

230 3323 416 3392 alni;
443 3322 539 3381 sed
563 3325 741 3381 omnia
771 3322 1091 3395 transigunt,
1116 3322 1258 3380 sicut
1278 3323 1315 3379 ii
1337 3324 1428 3394 qui
1444 3322 1504 3380 in
1528 3332 1672 3380 terra
1693 3321 1832 3380 alie.

230 3430 304 3474 na
347 3422 513 3487 agam
542 3412 846 3487 peregrini,
870 3423 928 3472 et
951 3411 1190 3486 quotidie
1214 3413 1447 3487 migrare
1479 3429 1546 3471 es
1587 3414 1690 3472 ltae
1721 3414 1832 3472 vita

231 3507 460 3579 capiunt
496 3514 553 3563 et
590 3505 886 3564 anhelant!
923 3505 1187 3575 Quantam
1229 3516 1386 3578 putas
1410 3507 1575 3565 verba
1612 3505 1731 3564 bac
1760 3506 1830 3564 iis

230 3596 662 3670 quisicvivunt,
686 3596 851 3654 etiam
874 3595 1018 3653 hica
1042 3597 1154 3653 Deo
1180 3596 1737 3656 memedemaﬂ'errei
1761 3597 1832 3655 Et

232 3685 378 3758 quod
401 3685 559 3743 valde
584 3685 900 3744 admirabile
926 3701 989 3744 ac
1013 3686 1358 3758 stupendum,
1386 3688 1547 3745 etiam
1573 3689 1611 3745 ii
1636 3688 1726 3760 qui
1750 3696 1831 3745 ta-

231 3777 305 3834 lia
330 3777 401 3835 de
423 3775 580 3834 nobis
601 3775 862 3848 juiicant,
887 3776 1035 3834 brevi
1061 3777 1132 3833 ab
1161 3793 1349 3834 errore
1371 3777 1654 3847 desistunt,
1679 3787 1736 3838 et
1757 3779 1827 3835 ad

231 3871 514 3926 veritatem
539 3867 809 3924 redibunt.
838 3867 951 3925 lloc
982 3882 1112 3925 vero
1148 3879 1401 3940 quantam
1431 3869 1540 3925 illic
1577 3869 1825 3927 fiduciam

232 3958 459 4024 ,σει-ιι,
489 3957 621 4013 nulli
662 3972 769 4014 non
811 3958 1151 4015 manifestum
1183 3969 1285 4015 est.
1327 3958 1558 4016 Proinde
1594 3959 1826 4017 scientes

234 4062 335 4104 nos
361 4048 515 4104 etde
554 4047 702 4104 lucro
738 4057 794 4104 et
829 4049 898 4105 de
933 4048 1132 4105 damno
1163 4048 1534 4120 proximorum
1564 4051 1825 4108 rationem

233 4137 455 4193 daturos
478 4151 601 4193 esse
618 4178 633 4203 ,
660 4137 738 4193 sic
763 4139 924 4193 vitam
956 4147 1192 4194 nostram
1223 4139 1562 4196 instituamus
1584 4181 1600 4205 ,
1631 4149 1688 4197 ut
1717 4156 1827 4197 non

233 4227 411 4283 solum
454 4226 609 4283 nobis
645 4226 872 4284 sufﬁciat
893 4269 910 4296 ,
939 4228 1034 4285 sed
1064 4239 1116 4286 et
1145 4229 1266 4286 aliis
1294 4230 1419 4286 inde
1444 4229 1701 4286 doctrinae
1729 4246 1826 4288 oc-

234 4321 382 4376 casio
418 4320 676 4386 accedat,
710 4329 769 4377 ut
795 4330 850 4377 ct
881 4321 969 4379 hic
997 4337 1243 4394 magnam
1273 4322 1364 4378 Dei
1405 4323 1631 4395 gratiam
1671 4323 1828 4379 nobis

237 4412 618 4480 conciliemus,
646 4422 702 4470 et
729 4414 782 4469 in
812 4413 992 4470 futuro
1021 4414 1113 4469 Dei
1150 4414 1475 4486 benignitate
1505 4416 1649 4483 large
1675 4416 1825 4473 frua-

235 4515 378 4571 mur,
400 4505 567 4574 gratia
593 4512 651 4560 et
669 4504 1099 4561 miserationibus
1123 4506 1378 4577 unigeniti
1402 4507 1520 4576 ejus
1542 4505 1684 4575 Filii,
1706 4507 1826 4578 qui-

235 4610 359 4650 cum
389 4595 536 4651 Patri
566 4595 724 4652 simul
750 4605 1041 4667 sanetoque
1068 4597 1288 4666 Spiritui
1316 4597 1386 4653 sit
1411 4597 1579 4669 gloria
1602 4639 1618 4664 ,
1649 4597 1823 4668 impe-

238 4687 398 4753 rium,
422 4688 612 4756 honor,
634 4701 774 4742 nunc
791 4695 847 4743 et
864 4701 1097 4759 semper,
1119 4696 1173 4744 et
1191 4687 1244 4743 in
1266 4687 1461 4744 szecula
1482 4689 1820 4745 seculorum.

805 4888 1080 4945 llOillLlA
1124 4862 1266 4946 vut.‘

234 4997 306 5058 ει
324 4999 467 5057 dixit
483 4999 623 5055 Deus
647 5020 668 5056 ι
689 4999 963 5056 Faciamus
983 5003 1233 5057 hominem
1251 5005 1526 5060 secundum
1549 5004 1822 5078 imaginem

305 5102 536 5148 nostram
572 5102 618 5147 et
658 5093 933 5149 secundum
974 5092 1356 5153 “ualitudinem
1380 5113 1399 5150 :
1428 5106 1474 5151 et
1501 5098 1824 5154 dominentur

312 5185 538 5255 piscibus
564 5184 717 5238 maris
736 5225 753 5251 ,
777 5193 827 5238 et
851 5185 1138 5240 volatilibus
1163 5185 1277 5244 ccli
1297 5227 1315 5253 ,
1341 5197 1390 5242 et
1434 5189 1694 5258 pecoribus
1711 5229 1730 5256 ,
1772 5197 1822 5244 et

305 5275 478 5329 bestiis
498 5315 513 5338 ,
559 5283 604 5327 et
634 5275 877 5330 universis
899 5283 1048 5329 ter-rce
1068 5316 1085 5339 ,
1125 5286 1172 5331 et
1194 5278 1424 5334 omnibus
1451 5275 1710 5351 reptilibus
1734 5295 1820 5335 re-

308 5364 540 5437 pentibus
567 5380 720 5436 super
746 5375 929 5420 terram
955 5365 1116 5440 (Gen.
1143 5367 1196 5424 l.
1225 5369 1356 5443 26).

304 5499 359 5554 l.
402 5498 514 5567 Age
551 5505 608 5552 et
649 5496 841 5564 hodie,
872 5500 993 5569 quia
1033 5500 1238 5557 alacres
1276 5501 1390 5558 lteri
1437 5519 1558 5574 qua:
1586 5507 1820 5562 diximus

235 5589 457 5644 audistis
477 5628 492 5653 ,
524 5603 643 5658 quzn
671 5604 858 5644 recens
887 5589 1020 5646 lecta
1049 5601 1207 5658 sunt,
1236 5596 1442 5651 caritati
1474 5608 1661 5652 vestrae
1691 5615 1819 5668 pro-

235 5695 516 5750 ponamus,
549 5681 694 5748 prius
725 5690 900 5736 tamen
928 5699 1022 5737 vos
1049 5687 1389 5743 cohortantes
1411 5729 1428 5756 ,
1455 5699 1514 5743 ιιι
1538 5691 1818 5760 diligenter

233 5771 544 5826 auscultatis
575 5785 634 5824 ea
663 5787 780 5841 qua:
810 5773 1077 5839 dicuntur,
1110 5784 1166 5830 et
1187 5791 1304 5846 quae
1331 5778 1476 5848 prius
1505 5779 1643 5835 dicta
1669 5791 1814 5849 sunt,

234 5863 368 5920 bene
396 5865 447 5919 in
478 5875 659 5921 mente
687 5874 860 5921 vestra
905 5869 1172 5938 reponatis
1192 5911 1205 5936 ,
1235 5880 1292 5926 ut
1321 5886 1390 5928 ne
1426 5871 1620 5928 frustra
1649 5883 1700 5929 et
1731 5874 1816 5928 in-

1942 608 2155 651 cassum
2191 595 2432 654 laborem
2473 605 2682 656 tantum
2711 600 2967 660 fannius.
2998 597 3112 662 loc
3137 605 3282 663 enim
3308 608 3546 669 studium
3620 669 3624 673 ,

1942 694 2186 743 nostrum
2215 697 2329 754 est,
2363 698 2424 746 ut
2446 690 2553 746 vim
2592 706 2656 748 ac
2699 708 2918 751 sensum
2950 711 3138 754 eorum
3174 714 3306 769 qua
3343 702 3544 772 scripta

1941 776 2050 831 sint
2072 788 2319 834 accurata
2348 781 2570 838 sciatis:
2599 790 2760 854 atque
2781 785 2853 841 ita
2878 795 2939 841 ut
2959 801 3068 843 non
3094 788 3266 844 solum
3293 792 3542 859 teneatis,

1943 866 2039 922 sed
2065 876 2121 922 et
2148 866 2380 925 aliorum
2424 873 2662 942 magistri
2692 875 2811 930 sitis
2829 918 2845 942 ,
2879 885 2937 932 ut
2965 875 3218 948 possitis,
3246 881 3550 938 secundum.

1945 954 2161 1012 beatum
2203 957 2462 1027 Paulum,
2494 977 2633 1018 unus
2673 964 2899 1021 alterum
2943 965 3211 1025 :cdiiicare
3239 968 3261 1040 (
3285 971 3336 1031 i.
3363 969 3551 1039 These

1943 1043 1997 1100 5.
2030 1046 2090 1101 il
2109 1046 2151 1116 ).
2179 1046 2311 1102 Nam
2342 1049 2386 1103 si
2415 1065 2511 1106 vos
2535 1051 2870 1122 proieceritis
2895 1055 2948 1128 in
2979 1056 3226 1123 Domino,
3259 1068 3315 1115 et
3355 1059 3407 1115 in
3436 1061 3541 1133 spig

1947 1136 2216 1192 ritualium
2266 1137 2512 1196 doctrina
2560 1143 2793 1215 aliquem
2839 1146 3136 1217 profectum
3181 1136 3546 1221 ostenderitis,

1945 1225 2107 1282 etiam
2138 1243 2236 1284 nos
2267 1229 2466 1300 ingenti
2497 1232 2746 1292 efﬁcietis
2776 1236 2985 1294 lis-tilia.
3023 1237 3152 1302 Haec
3175 1240 3319 1297 enim
3359 1254 3546 1302 nostra

1942 1317 2105 1374 fuerit
2131 1328 2238 1374 tota
2272 1323 2632 1392 prosperitas,
2659 1335 2715 1382 et
2739 1342 2948 1384 summa
2988 1327 3271 1388 festivitas.
3304 1331 3432 1400 Quae
3455 1350 3549 1389 no-

1942 1417 2212 1508 stra—spes,
2245 1411 2324 1508 uel
2350 1413 2622 1508 gaudium.
2651 1415 2730 1470 vel
2751 1431 2962 1485 corona,
2997 1409 3202 1490 inquit,
3227 1421 3550 1508 glqn'atiouia

1949 1497 2026 1570 (i.
2053 1499 2230 1557 Thess.
2253 1501 2308 1557 2.
2335 1502 2424 1574 l9)
2449 1505 2473 1558 ?
2500 1522 2672 1560 annon
2693 1516 2741 1563 et
2764 1524 2871 1575 vos,
2905 1519 2959 1564 et
2980 1521 3226 1566 vestrum
3246 1497 3548 1582 secundum

1943 1590 2112 1646 Deum
2144 1592 2578 1652 incrementum?
2617 1597 2818 1654 Omnes
2858 1601 3002 1656 enim
3033 1602 3313 1669 doctores,
3343 1605 3434 1676 qui
3464 1607 3547 1659 vi-

1942 1679 2072 1736 dent
2096 1681 2389 1753 discipulos
2419 1686 2656 1754 priorum
2685 1688 2982 1746 lectionum
3016 1693 3333 1766 memoriam
3360 1695 3546 1750 animo

1942 1771 2080 1828 bene
2103 1781 2330 1841 tenere,
2363 1776 2720 1848 operibusque
2747 1779 2881 1850 ipsis
2923 1780 3152 1838 fmctum
3182 1783 3418 1854 aliquem
3447 1800 3546 1841 cs-

1944 1861 2133 1918 hibere
2151 1905 2168 1930 ,
2200 1866 2406 1934 majore
2432 1868 2706 1925 alacritate
2731 1881 2782 1926 et
2808 1875 3149 1944 sequentium
3181 1865 3545 1946 cognitionem

1941 1955 2204 2024 pratbcnt.
2249 1957 2316 2012 Et
2345 1973 2444 2014 nos
2493 1975 2707 2031 quoque
2735 1974 2935 2034 quanto
2972 1967 3142 2038 magis
3179 1979 3416 2024 mentem
3445 1985 3550 2026 νεα·

1942 2052 2110 2099 stram
2151 2047 2322 2118 erigi,
2373 2058 2430 2104 et
2471 2049 2796 2108 desiderium
2848 2069 3127 2125 crescere,
3174 2062 3546 2133 rationemque

1939 2133 2053 2191 alas
2088 2149 2364 2194 assumere
2407 2139 2688 2210 videmus,
2721 2152 2871 2202 tanto
2909 2147 3200 2206 alacriores
3242 2152 3547 2222 reddimur,

1940 2233 2000 2280 ut
2044 2226 2349 2284 uberiorem
2392 2227 2690 2288 doctrinam
2721 2250 3114 2307 proponamus.
3149 2241 3363 2310 Quanto
3401 2245 3546 2300 enim

1941 2316 2064 2387 plus
2092 2316 2244 2375 vobis
2287 2321 2659 2392 profundimus
2689 2325 3012 2385 ﬂuentorum
3057 2329 3251 2389 borum
3291 2335 3547 2406 spiritus.

1941 2407 2070 2464 lium
2092 2450 2107 2478 ,
2138 2418 2288 2468 tanto
2317 2415 2473 2470 nobis
2501 2426 2557 2472 et
2600 2416 2796 2474 fluenta
2823 2430 2952 2477 sunt
2990 2425 3261 2494 auctiora,
3290 2428 3556 2485 nituiruuv

1939 2509 2163 2573 propter
2189 2503 2606 2565 aediﬁcationem
2627 2517 2880 2577 vestram,
2913 2521 2967 2570 et
2996 2526 3218 2588 propter
3240 2527 3550 2578 vestrarum

1937 2593 2242 2649 animarum
2274 2595 2558 2653 utilitatem
2587 2617 2602 2654 :
2631 2613 2740 2656 non
2769 2603 2913 2657 enim
2935 2605 2986 2660 in
3017 2605 3119 2662 hac
3144 2622 3305 2665 causa
3332 2613 3545 2669 contiu-

1932 2683 2116 2776 gitiid
2164 2686 2307 2756 quod
2356 2687 2409 2744 in
2464 2691 2734 2760 pecuniis.
2778 2693 2890 2752 Illic
2931 2698 3077 2754 enim
3123 2702 3214 2772 qui
3262 2714 3549 2776 argentum

1937 2775 2116 2832 vicino
2140 2777 2498 2836 diuumeravit
2517 2822 2534 2850 ,
2577 2783 2848 2841 imminuit
2873 2802 3025 2844 suam
3058 2775 3448 2865 substantiam,
3488 2805 3546 2856 et

1936 2876 2136 2958 quanto
2161 2869 2282 2941 plus
2306 2882 2574 2943 numerat,
2603 2882 2762 2933 tanto
2785 2879 2962 2936 minus
2990 2883 3230 2952 possidet
3259 2889 3540 2958 pecunias

1937 2954 2230 3016 blcautem
2278 2960 2436 3031 plane
2464 2976 2623 3022 secus
2659 2966 2855 3039 agitur.
2901 2968 3052 3028 Tunc
3087 2975 3232 3031 enim
3260 2954 3546 3038 facultates

1936 3057 2141 3140 nostra
2184 3050 2304 3121 plus
2345 3066 2696 3126 accrescunt,
2744 3069 2872 3116 tunc
2914 3063 3229 3133 spirituales
3277 3066 3363 3123 ba
3407 3074 3541 3140 opu

1935 3139 2108 3209 magis
2125 3151 2409 3213 augentur,
2432 3146 2649 3218 quando
2673 3146 2895 3208 astu-ne
2911 3150 3218 3213 volentibus
3238 3139 3542 3220 doctrinam

1937 3224 2233 3321 liberaliter
2259 3231 2652 3302 profundimus.
2681 3237 2850 3311 igitur
2885 3243 3006 3313 quia
3052 3243 3155 3301 hoc
3181 3247 3340 3305 nobis
3366 3250 3544 3321 maio-

1937 3328 2060 3373 rum
2088 3317 2395 3379 divitiarum
2438 3337 2599 3381 causa
2640 3335 2726 3386 est
2748 3368 2766 3393 ,
2812 3338 2871 3386 et
2895 3345 2994 3388 vos
3034 3333 3400 3404 spiritualibus
3436 3317 3546 3397 alia»

1937 3409 2140 3504 uncatis
2181 3413 2383 3504 satiari
2417 3430 2526 3473 non
2567 3414 2830 3492 potestis,
2876 3437 2978 3496 age
3005 3425 3284 3488 videamus
3319 3432 3449 3504 quid
3486 3443 3544 3494 et

1935 3496 2096 3597 hodie
2123 3501 2314 3597 beatus
2337 3503 2516 3597 lloses
2544 3507 2598 3564 in
2626 3509 2711 3566 bis
2734 3527 2855 3583 quae
2883 3513 3022 3572 lecta
3047 3527 3176 3575 sunt
3197 3535 3299 3578 nos
3325 3496 3540 3597 doceat,

1933 3589 2046 3647 imo
2071 3591 2200 3664 quid
2227 3595 2396 3665 gratia
2425 3597 2658 3668 Spiritus
2682 3615 2778 3672 per
2804 3603 2926 3673 ejus
2961 3604 3197 3679 linguam
3241 3613 3396 3669 nobis
3422 3589 3542 3672 om;

1931 3680 2091 3738 nibus
2117 3682 2283 3739 dicat.
2310 3685 2403 3741 26.
2431 3684 2503 3742 Et
2525 3688 2676 3755 dixit,
2706 3691 2909 3764 inquit,
2937 3693 3078 3752 Deus
3097 3715 3120 3754 :
3139 3698 3420 3760 Faciamus
3445 3706 3542 3760 Ιιοι-

1933 3772 2124 3828 nu’nsnt
2145 3775 2427 3832 secundum
2450 3779 2724 3851 imaginem
2747 3793 2992 3852 nostram,
3020 3797 3068 3843 et
3094 3793 3373 3848 secundum
3396 3797 3538 3850 ὠκὺ

1932 3861 2222 3954 “tudinem.
2270 3864 2352 3923 Ne
2399 3868 2718 3940 simpliciter
2768 3873 2885 3931 hac
2936 3876 3078 3935 dicta
3129 3891 3533 3954 prmtereamus,

1929 3953 2221 4047 carisdmi,
2252 3956 2346 4012 sed
2377 3957 2741 4030 disquiramus
2767 3965 2928 4021 verba
2956 3968 3164 4041 singula
3183 4013 3198 4038 ,
3228 3983 3283 4029 et
3317 3976 3370 4030 in
3403 3953 3532 4047 pros

1931 4042 2154 4100 fundum
2182 4044 2606 4120 descendentes,
2639 4055 2748 4110 vim
2774 4056 2832 4111 in
2854 4057 3146 4118 breviculis
3175 4061 3324 4121 hisce
3352 4042 3533 4126 verbis

1930 4135 2185 4194 latentem
2217 4139 2623 4212 investigemus.
2650 4145 2786 4202 Nam
2834 4149 2958 4206 licet
2999 4166 3166 4222 pauca
3208 4156 3316 4212 sint
3343 4159 3526 4230 verba,

1930 4243 2158 4299 magnus
2187 4238 2362 4287 tamen
2390 4231 2676 4293 thesaurus
2696 4247 2780 4294 est
2808 4240 2860 4294 in
2886 4242 2991 4297 illis
3016 4247 3347 4316 reconditus,
3367 4260 3532 4320 atque

1928 4320 2083 4377 decet
2106 4331 2338 4380 attentos
2365 4334 2420 4381 et
2443 4327 2632 4398 vigiles
2659 4346 2766 4385 non
2796 4331 2850 4386 in
2877 4337 3163 4405 superficie
3190 4351 3354 4398 stare.
3386 4344 3530 4414 Quo.

1929 4412 2074 4467 niam
2104 4421 2160 4468 et
2197 4413 2232 4468 ii
2262 4416 2351 4485 qui
2383 4418 2668 4474 sensibiles
2697 4421 2795 4477 hos
2839 4423 3119 4483 thesauros
3156 4431 3392 4490 effodere
3415 4412 3528 4492 Vco-

1929 4514 2159 4574 nuntur,
2190 4522 2296 4564 non
2327 4509 2379 4564 in
2411 4509 2570 4580 plano
2595 4521 2650 4568 et
2678 4514 2732 4568 in
2771 4518 3055 4586 superficie
3095 4522 3270 4579 ‘solum
3314 4525 3523 4586 fodiunt

1928 4605 2092 4667 atque
2119 4599 2467 4669 perquirunt,
2497 4602 2592 4657 sed
2620 4605 2672 4658 in
2709 4606 3030 4675 profundum
3069 4612 3438 4686 descendunt,
3469 4632 3525 4676 et

1928 4689 2219 4757 penitiores
2245 4699 2404 4747 terra;
2433 4693 2583 4751 sinus
2607 4706 2916 4756 scrutantur
2943 4719 2958 4756 ι
2990 4712 3151 4774 atque
3179 4707 3248 4762 ita
3278 4720 3396 4765 arte
3425 4727 3522 4770 sua

1927 4792 2117 4834 aurum
2143 4794 2173 4834 a
2201 4787 2342 4837 terra
2383 4795 2699 4857 segregant,
2733 4791 2943 4846 tametsi
2980 4808 3124 4864 saepe
3153 4805 3272 4866 post
3312 4781 3523 4862 labores

1926 4866 2257 4940 sudoresque
2281 4873 2479 4930 multos
2503 4878 2589 4932 vix
2628 4892 2793 4948 pauca
2822 4881 3066 4952 quaedam
3108 4900 3352 4948 ramenta
3389 4894 3525 4952 allec

1926 4970 2072 5017 runt.
2102 4962 2202 5020 llic
2224 4976 2403 5020 autem
2434 4968 2506 5022 nil
2539 4969 2643 5024 tale
2677 4980 2795 5040 est,
2821 4976 2915 5030 sed
2942 4975 3096 5034 labor
3123 4981 3298 5037 minor
3317 5025 3331 5048 ,
3362 4995 3416 5040 et
3443 4987 3523 5042 in-

1928 5051 2154 5109 eﬂ'abilis
2180 5055 2416 5114 ubertas.
2443 5057 2580 5115 Nam
2607 5063 2904 5133 spiritualia
2941 5069 3121 5124 omnia
3153 5071 3208 5127 in
3233 5072 3374 5131 hunc
3401 5092 3518 5133 mo-

1927 5143 2053 5203 dum
2083 5161 2143 5201 se
2173 5147 2392 5204 habent.

1995 5236 2054 5290 2.
2093 5236 2172 5294 Ne
2202 5239 2360 5310 igitur
2385 5241 2560 5298 simus
2598 5244 2895 5305 deteriores
2925 5250 2990 5305 iis
3025 5252 3114 5323 qui
3152 5253 3219 5308 ad
3249 5258 3526 5315 sensibilis

1927 5327 2135 5385 inhiant
2165 5349 2178 5386 :
2207 5332 2302 5388 sed
2334 5334 2665 5406 inquiramus
2691 5349 2744 5396 et
2768 5357 2868 5397 nos
2896 5343 3178 5415 diligenter
3209 5347 3518 5406 thesaurum

1926 5418 2072 5476 hunc
2112 5421 2442 5491 spiritualcm
2486 5427 2539 5481 iu
2567 5430 2746 5486 verbis
2782 5433 2899 5489 istis
2937 5437 3266 5492 reconditum
3289 5481 3303 5505 ,
3335 5447 3386 5493 et
3416 5441 3522 5509 pri-

1925 5528 2071 5567 mum
2100 5514 2376 5572 videamus
2402 5519 2528 5588 quid
2573 5537 2768 5578 novum
2815 5535 2870 5581 ct
2912 5527 3283 5584 admirandum
3329 5532 3520 5589 dicat:

1928 5603 2050 5660 dein
2083 5623 2246 5676 quare
2287 5618 2429 5664 tanta
2457 5612 2738 5669 verborum
2772 5618 3066 5675 variatione
3111 5631 3291 5676 utatur
3335 5625 3518 5678 beatus

1926 5695 2015 5752 hic
2040 5699 2299 5768 propheta
2320 5742 2336 5768 ,
2368 5702 2476 5757 imo
2504 5704 2763 5776 benignus
2792 5707 2931 5764 Deus
2967 5725 3060 5778 per
3087 5712 3399 5780 propinatum
3436 5713 3517 5767 lo-

1921 5803 2111 5858 quens.
2143 5791 2208 5846 Et
2229 5792 2304 5847 ait
2329 5814 2342 5849 :
2369 5793 2643 5852 Faciamus
2667 5793 2917 5854 licinium
2942 5802 3218 5855 secundum
3243 5804 3522 5871 imaginem

1925 5889 2173 5952 nostram,
2193 5891 2239 5937 et
2259 5885 2534 5941 secundant
2555 5887 2956 5944 similitudinem.
2980 5889 3160 5963 Nuper
3177 5907 3301 5948 cum
3325 5893 3515 5950 caelum
