4086 6494
565 472 628 529 Ἠ
1344 461 1398 516 S.
1437 456 1714 515 JOANNIS
1748 447 2219 511 CIIRYSOSTOMI
2259 447 2573 505 ARCIHEP.
2614 447 3147 505 CONSTANTINOP.
3756 445 3824 500 71

567 598 870 655 terramque
921 581 1240 642 formassct,
1287 575 1581 628 audivimus
1628 571 1774 623 illum
1826 566 2138 621 dicentem:

570 677 691 732 Fiat
733 677 824 730 tua:
849 689 868 727 :
896 683 951 728 et
973 714 987 732 ,
1021 670 1138 728 Fiat
1181 669 1550 737 ﬁrmamentum
1589 662 1642 714 in
1673 659 1835 713 medio
1867 669 2049 718 aqua;
2086 661 2143 706 et

569 765 1183 834 iterum,,Congrrgmt«r
1210 771 1354 828 aqua:
1401 755 1454 808 in
1489 750 1922 823 congregationem
1961 761 2138 810 unam,

565 868 613 912 et
639 865 882 926 appareat
922 853 1108 905 arida:
1134 857 1221 909 et,
1262 845 1412 900 Fiant
1455 842 1726 898 luminaria
1749 853 1770 894 :
1793 847 1877 903 et,
1910 835 2142 890 Educant

565 963 714 1018 σέβω
758 942 956 1014 reptilia
1004 940 1288 992 animarum
1331 936 1618 990 viventium.
1667 929 1851 984 Vidisti
1895 940 2142 1018 sermone

568 1016 684 1091 solo
712 1043 764 1090 et
808 1041 1077 1102 prmcepto
1116 1043 1326 1082 onmem
1373 1034 1666 1081 creaturam
1695 1019 1926 1089 quinque
1955 1016 2142 1071 diebus

567 1123 830 1180 [σιτεῖταήῖ
878 1120 1012 1176 Vide
1061 1118 1217 1173 hodie
1268 1124 1462 1187 quanta
1510 1112 1790 1166 verborum
1836 1106 2138 1163 diversitas.

566 1214 682 1271 Non
707 1213 848 1269 enim
872 1212 980 1281 jam
1007 1209 1168 1264 dicit:
1195 1207 1311 1263 Fiat
1338 1205 1495 1259 homo
1519 1221 1532 1258 :
1555 1201 1650 1256 sed
1677 1199 1840 1270 quid?
1866 1195 2142 1251 Faciamus

567 1305 817 1357 hominem
845 1299 1122 1355 astundam
1162 1299 1431 1366 imaginem
1479 1301 1734 1354 nostrain,
1779 1298 1828 1342 et
1868 1286 2141 1341 secundum

565 1392 960 1449 similitudinem.
991 1386 1128 1455 Quid
1159 1387 1256 1438 hoc
1282 1383 1440 1437 novi?
1469 1381 1592 1450 quid
1622 1378 1817 1433 insoliti
1838 1377 1862 1430 ἳ
1887 1377 2140 1444 Quisnam

567 1486 656 1539 ille
681 1484 766 1540 aui
797 1480 1105 1536 formandus
1124 1518 1138 1543 ,
1169 1477 1236 1531 ad
1262 1489 1419 1545 quem
1462 1472 1756 1526 faciendum
1780 1469 1965 1538 Opiﬁci
1996 1476 2140 1521 tanto

567 1575 789 1629 consilio
816 1581 870 1628 et
891 1569 1364 1639 circumspectione
1385 1563 1556 1633 opus?
1580 1561 1655 1616 Ne
1681 1561 1908 1626 mireris,
1929 1559 2138 1612 dilecte.

568 1665 739 1718 Homo
768 1663 909 1720 enim
953 1663 1089 1713 inter
1119 1657 1344 1712 visibilis
1384 1653 1557 1708 omnia
1584 1650 1837 1718 dignitate
1866 1647 2135 1717 praecellit,

565 1763 782 1822 propter
809 1765 966 1819 quem
992 1746 1204 1801 condita
1231 1751 1354 1798 sunt
1378 1743 1493 1796 hiec
1516 1740 1714 1802 omnia,
1739 1738 1947 1800 calum,
1977 1747 2136 1800 terra,

564 1856 729 1901 mare,
763 1838 864 1903 sol,
893 1837 1037 1902 luna,
1065 1835 1252 1899 stellze,
1283 1831 1488 1902 reptilia
1510 1871 1525 1895 ,
1552 1831 1810 1900 jumcnta,
1845 1829 2098 1898 brutaque
2119 1828 2136 1859 ⁸

562 1929 811 1982 animalia
837 1927 1036 1980 omnia.

634 2019 738 2073 Cur
780 2020 1023 2071 elentrnta
1061 2024 1176 2068 ante
1217 2014 1468 2066 hominem
1509 2020 1694 2064 creata.
1735 2039 1806 2050 —
1848 2010 1912 2064 Et
1953 2023 2136 2078 quare,

565 2112 618 2164 in
642 2111 793 2176 ptirs,
818 2108 1019 2161 tardius
1045 2119 1255 2159 creatus
1274 2114 1355 2157 est
1381 2106 1562 2164 homo,
1587 2103 1631 2154 si
1658 2103 1862 2156 ca'tcris
1888 2103 2140 2170 dignitate

565 2199 832 2269 ιιι-ινξιπιῖ
865 2199 1068 2251 Merito.
1101 2195 1230 2248 Nam
1258 2203 1312 2247 ut
1343 2195 1644 2264 ii-gressuro
1676 2195 1723 2245 in
1755 2195 2016 2246 civitatem
2043 2194 2138 2247 ali-

562 2307 720 2360 quam
769 2304 922 2358 rege,
974 2303 1150 2356 opem
1198 2285 1423 2355 pretium
1471 2294 1552 2338 est
1600 2285 1843 2352 prmmitti
1887 2285 2138 2340 satellites

562 2385 801 2450 aliusque
831 2393 1017 2433 omnes
1040 2417 1055 2440 ,
1083 2388 1142 2429 ut
1187 2378 1318 2428 bene
1359 2375 1610 2428 adornata
1657 2375 1795 2441 regia
1826 2389 1915 2427 rex
1945 2374 1994 2426 in
2021 2388 2136 2426 eam

563 2473 809 2525 adveniat
839 2487 851 2521 :
881 2468 1038 2522 simili
1075 2465 1232 2519 modo
1263 2478 1402 2518 nunc
1439 2464 1588 2532 quasi
1633 2478 1810 2532 regem
1850 2473 1902 2516 et
1945 2462 2140 2531 princi-

564 2577 683 2630 pem
711 2560 939 2628 aliquem
968 2557 1127 2612 rebus
1157 2555 1382 2609 terrenis
1423 2553 1764 2622 praefecturus
1783 2591 1801 2616 ,
1846 2552 1994 2620 prius
2019 2567 2137 2604 om-

564 2668 688 2707 nem
730 2652 868 2706 hunc
897 2656 1139 2702 ornatum
1169 2643 1471 2706 fabricavit,
1518 2651 1573 2697 et
1615 2641 1823 2695 tandem
1853 2641 1916 2695 iis
1960 2642 2136 2711 prasti-

561 2740 811 2797 cicndum
863 2739 1130 2791 hominem
1177 2734 1462 2812 produxit,
1507 2733 1780 2786 declarans
1829 2731 1980 2786 factis
2023 2733 2137 2786 istis

559 2841 759 2901 quanto
803 2830 1003 2883 honoro
1043 2825 1239 2879 animal
1291 2824 1389 2877 hoc
1450 2833 1818 2901 prosequatur.
1849 2824 2136 2901 rflanorum

569 2899 827 2962 t‘ngesuus
846 2902 948 2956 hoc
967 2901 1370 2964 locoludteum,
1390 2908 1442 2954 et
1463 2899 1746 2955 videamus
1765 2899 1896 2970 quid
1915 2913 2140 2968 respon-

566 2990 714 3051 deat,
737 2989 802 3043 ad
827 3004 987 3059 quem
1007 2988 1148 3043 dixit
1168 2989 1342 3045 Deus:
1370 2987 1658 3045 Faciamus
1679 2991 2140 3044 honsinemsscun-

567 3083 695 3136 dum
721 3082 1013 3150 imaginem
1045 3086 1320 3137 nostram?
1357 3081 1574 3153 Scripta
1611 3083 1757 3137 enim
1784 3092 1910 3137 sunt
1954 3085 2065 3137 haec
2106 3096 2138 3140 a

567 3170 719 3226 Mosa
739 3211 754 3233 ,
792 3170 881 3224 cui
911 3184 972 3226 se
1003 3169 1228 3224 credere
1255 3170 1450 3225 dicunt
1482 3169 1704 3240 quidem
1730 3212 1745 3234 ,
1773 3185 1881 3225 non
1909 3169 2141 3223 credunt

569 3271 752 3316 autem
776 3279 791 3320 τ
817 3263 960 3316 sicut
979 3269 1034 3315 et
1054 3261 1310 3318 Christus
1336 3262 1512 3332 inquit
1533 3278 1561 3315 :-
1575 3261 1638 3316 Si
1665 3262 1946 3320 crederetis
1976 3259 2139 3326 Hosi,

562 3355 855 3408 crederetis
866 3353 1048 3423 utique
1068 3362 1118 3406 et
1139 3353 1264 3406 mihi
1284 3351 1465 3424 (Joan.
1485 3354 1538 3407 Β.
1558 3353 1672 3421 46).
1697 3353 1799 3408 Sed
1824 3353 2139 3421 literaquio

567 3444 691 3501 dem
714 3445 855 3512 apud
880 3443 1006 3506 illos
1024 3452 1395 3508 sunt,seusus
1412 3458 1545 3500 vero
1571 3445 1716 3514 apud
1743 3446 1949 3500 nos.Ad
1973 3456 2136 3514 quem

563 3535 744 3604 igitur
779 3534 988 3589 dictum
1018 3545 1122 3596 est.
1155 3534 1440 3592 Faciamus
1463 3537 1748 3602 hominem,
1778 3546 1833 3594 et
1865 3548 1993 3595 cum
2029 3551 2139 3608 quo

568 3630 862 3686 consilium
899 3630 1002 3685 hoc
1033 3629 1220 3688 habuit
1252 3629 1698 3686 DominustNou
1731 3630 1876 3700 quod
1905 3628 2138 3686 consilio

566 3731 626 3777 et
672 3725 1114 3780 consideratione
1153 3738 1294 3792 Opus
1340 3725 1578 3792 habeat;
1612 3724 1787 3788 absit;
1825 3726 1922 3780 sed
1967 3725 2137 3796 ﬁgura

565 3815 860 3872 verborum
885 3815 1167 3870 declarare
1191 3817 1384 3881 voluit,
1402 3832 1564 3886 quam
1585 3817 1938 3871 excellentem
1967 3818 2139 3872 bono-

564 3920 682 3960 rem
717 3905 945 3969 homini,
975 3907 1068 3975 qui
1101 3907 1464 3971 formabatur,
1493 3908 1719 3962 tribuat.
1741 3910 1883 3974 Quid
1902 3925 2031 3979 ergo
2054 3910 2138 3963 di-

566 4009 701 4052 cunt
726 3998 777 4051 hi
802 4000 894 4069 qui
922 3999 1100 4052 adhuc
1123 4000 1325 4054 habent
1360 4003 1607 4056 velamen
1639 4008 1797 4070 super
1835 4003 2000 4057 corda
2039 4017 2138 4058 sua

567 4088 844 4157 positum,
894 4097 948 4142 et
991 4088 1124 4142 nihil
1165 4104 1354 4144 eorum
1387 4106 1513 4159 quas
1544 4091 1633 4144 hic
1671 4100 1800 4146 sunt
1843 4099 2135 4154 contenta,

567 4180 871 4250 intelligere
918 4181 1145 4234 volunt?
1179 4181 1258 4234 Ad
1295 4182 1544 4251 angelum
1590 4184 1673 4238 vel
1723 4184 2134 4255 archangelum,

566 4273 843 4342 inquiunt,
861 4274 976 4327 haec
997 4275 1142 4328 dicta
1168 4282 1316 4329 sunt.
1334 4275 1377 4328 Ο
1400 4277 1689 4342 insaniam,
1709 4291 1742 4329 ο
1768 4291 2014 4346 magnam
2036 4277 2140 4330 im-

566 4363 884 4432 pudentiam
909 4366 921 4416 l
951 4363 1014 4416 Et
1037 4365 1313 4434 quomodo
1335 4365 1535 4419 rationi
1558 4375 1987 4421 consentaneum
2029 4375 2136 4434 est,

567 4458 712 4511 bone
737 4457 841 4521 vir,
867 4468 924 4512 ut
944 4459 1118 4529 angeli
1143 4459 1431 4514 consilium
1457 4460 1643 4513 ineant
1666 4475 1788 4514 cum
1813 4460 2066 4527 Domino,
2085 4471 2140 4518 et

568 4558 838 4606 creatura:
869 4566 991 4606 cum
1018 4552 1317 4608 Creatore?
1361 4552 1479 4608 Non
1511 4555 1654 4607 enim
1691 4562 1775 4609 est
1819 4555 2138 4626 angelorum

565 4643 862 4697 consilium
884 4645 1037 4709 dare,
1061 4647 1154 4699 sed
1187 4646 1466 4710 assistere,
1491 4655 1548 4700 et
1568 4647 1935 4702 ministerium
1963 4648 2139 4702 adim-

569 4738 736 4804 plere.
762 4736 830 4790 Et
846 4747 906 4790 ut
928 4737 1264 4804 discas,audi
1288 4739 1690 4794 vocalissimum
1711 4740 1925 4796 Esaiam
1947 4742 2135 4797 dicen-

569 4838 677 4882 tem
700 4829 768 4883 de
787 4831 1043 4899 supernis
1067 4830 1327 4899 angelicis
1353 4831 1645 4886 virtutibus
1668 4847 1680 4882 :
1712 4831 1831 4886 Vidi
1856 4834 2137 4889 Cherubim

568 4923 766 4976 stantia
785 4939 816 4975 a
835 4923 1032 4976 dextris
1056 4923 1172 4988 Dei,
1192 4936 1236 4977 et
1266 4923 1568 4990 Seraphint,
1583 4935 1632 4978 et
1650 4925 1952 4995 obtegebant
1969 4927 2136 4996 [acies

567 5013 818 5081 pedesque
840 5029 962 5066 suos
985 5015 1086 5067 alis
1111 5012 1268 5083 (lsai.
1289 5013 1343 5066 6.
1365 5014 1443 5084 2).
1463 5014 1617 5080 Quod
1643 5016 1761 5072 ideo
1789 5017 1986 5072 factum
2013 5034 2136 5075 esse

570 5105 744 5169 liquet
770 5143 785 5170 ,
809 5103 937 5174 quia
963 5104 1143 5174 fulgur
1165 5107 1467 5175 majestatis
1489 5108 1686 5163 divina:
1710 5109 1833 5165 inde
1853 5109 2136 5179 egrediens

569 5197 713 5250 l'erre
733 5211 841 5250 non
859 5197 1204 5265 possent,sed
1224 5205 1433 5253 starent
1449 5213 1572 5254 cum
1594 5200 1789 5255 timore
1812 5209 1862 5255 ct
1877 5208 2137 5256 tremore.

569 5287 779 5341 Etenim
804 5301 929 5342 cres
943 5289 1085 5343 turis
1108 5289 1385 5355 peculiare
1408 5297 1491 5345 est
1517 5289 1746 5344 Domino
1769 5291 2050 5347 assistere.

639 5363 692 5413 3.
722 5361 936 5416 Arianos
959 5370 1006 5415 et
1045 5359 1588 5432 Anthropomorphitas
1624 5360 1894 5414 insectatur
1921 5359 2142 5430 Chryso-

569 5466 780 5509 stontus.
803 5485 872 5496 -—
891 5454 1086 5509 Verum
1115 5455 1186 5508 illi
1215 5454 1343 5508 nihil
1373 5468 1555 5508 eorum
1583 5468 1700 5521 qua:
1720 5451 2001 5520 Scriptura:
2022 5467 2141 5506 ver-

572 5547 654 5600 bis
681 5545 1020 5599 continentur
1061 5543 1415 5613 intelligentes
1440 5583 1455 5607 ,
1503 5551 1704 5596 temere
1741 5540 1878 5609 quod
1911 5541 2142 5594 occurrit

567 5639 836 5694 ull‘ntiunt.
867 5636 932 5690 Et
961 5637 1082 5691 ideo
1113 5635 1350 5690 refutatis
1381 5634 1588 5687 illorum
1619 5632 1978 5688 deliramentis
2001 5672 2016 5698 ,
2055 5631 2132 5684 di-

636 5773 650 5802 ί
689 5773 790 5818 huc
803 5777 932 5828 3135.,
957 5766 1164 5828 reptilia,
1190 5779 1297 5830 quae
1317 5768 1501 5820 natant.
1529 5761 1794 5830 britt‘aque;
1817 5761 2024 5820 Coisliu.,
2060 5776 2137 5814 rc-

568 5831 724 5894 ptt'ltn,
749 5838 792 5882 ct
815 5822 1264 5896 qute'nuivcntuﬂet
1287 5838 1395 5891 qua
1417 5828 1599 5884 natant,
1624 5822 1872 5886 erutaque,
1900 5833 1997 5873 etc.

2253 574 2461 617 ctorum
2485 563 2681 617 veritas
2700 562 2954 617 Ecclesiae
2975 562 3099 617 ﬁliis
3120 561 3366 616 discenda
3389 572 3484 618 est.
3517 562 3649 630 Quis
3673 568 3830 635 igitur

2249 651 2357 717 hic,
2385 653 2449 705 ad
2469 667 2626 722 questi
2653 652 2842 722 inquit,
2871 650 3143 704 Faciamus
3169 651 3419 704 hominem
3436 651 3464 704 .’
3490 651 3622 718 Quis
3648 664 3825 709 autem

2246 743 2382 796 alius
2406 785 2422 810 ,
2453 758 2608 812 quam
2639 743 2728 798 ille
2756 741 2933 812 magni
2955 743 3165 797 consilii
3188 743 3409 813 angelus
3431 782 3446 806 ,
3480 745 3567 800 ille
3591 745 3825 800 admira-

2247 832 2371 886 bilis
2393 833 2745 898 consiliarius,
2775 841 2984 902 potens,
3012 831 3256 902 princeps
3285 834 3449 901 pacis,
3481 843 3634 902 pater
3665 835 3824 890 futuri

2251 925 2429 978 saeculi
2464 924 2615 994 (lsai.
2639 925 2695 982 9.
2721 925 2800 996 ϐ),
2829 924 3131 995 unigenitus
3154 923 3246 979 Dei
3273 924 3458 992 Filius,
3487 925 3623 980 l‘atri
3649 942 3824 995 ταμιε-

2249 1013 2314 1069 lis
2335 1017 2628 1071 secundum
2657 1016 3027 1083 substantiam,
3055 1030 3152 1086 per
3179 1029 3337 1084 quem
3367 1018 3542 1070 omnia
3571 1017 3825 1086 producta

2245 1107 2414 1162 sunt?
2451 1107 2584 1163 lluic
2607 1107 2739 1163 dicit
2765 1126 2779 1162 :
2807 1107 3084 1162 Faciamus
3109 1108 3358 1162 hominem
3382 1110 3657 1162 secundum
3697 1110 3828 1160 inta-

2244 1200 2413 1268 ginem
2435 1208 2676 1265 nostrain,
2700 1207 2750 1253 et
2771 1201 3047 1254 secundum
3070 1199 3471 1255 similitudinem.
3499 1199 3595 1254 Hic
3614 1202 3828 1256 Arianis

2247 1291 2457 1347 letalem
2486 1292 2692 1362 plagam
2733 1291 2940 1362 inﬂigit.
2985 1290 3101 1346 Non
3143 1292 3287 1347 enim
3332 1292 3640 1362 imperando
3665 1293 3826 1359 dixit,

2249 1380 2370 1447 Fac,
2400 1391 2457 1436 ut
2479 1381 2692 1437 subdito
2719 1389 2771 1437 et
2800 1381 3039 1436 inferiori
3062 1423 3077 1448 ,
3110 1381 3192 1436 vel
3221 1390 3279 1436 ut
3307 1381 3499 1436 minori
3531 1381 3824 1438 secundmn

2244 1472 2554 1534 essentiam.
2580 1471 2674 1527 sed
2697 1486 2818 1527 cum
2845 1471 3148 1527 omnimoda
3170 1471 3493 1540 aequalitate,
3520 1470 3827 1528 Faciamus:

2245 1572 2300 1617 ct
2340 1563 2480 1630 quod
2531 1563 2772 1632 sequitur
2825 1576 3010 1616 rursus
3059 1561 3455 1616 similitudinem
3513 1561 3828 1615 substantia

2244 1651 2497 1705 ostendit.
2522 1649 2798 1704 Faciamus
2817 1652 2985 1716 enim,
3008 1652 3102 1716 ait,
3126 1651 3379 1704 hominem
3403 1651 3675 1705 modum
3696 1654 3827 1704 inta-

2243 1740 2410 1811 giaent
2435 1751 2677 1804 nostram,
2712 1749 2756 1794 et
2781 1741 3056 1794 secundum
3082 1740 3484 1793 similitudinem.
3516 1740 3708 1794 lterum
3738 1743 3826 1796 hic

2244 1831 2523 1900 insurgunt
2551 1830 2786 1885 heretici
2815 1830 2926 1896 alii,
2959 1830 3208 1884 Ecclesiae
3233 1829 3476 1898 dogmata
3505 1830 3825 1900 impugnan-

2245 1929 2325 1974 tes
2347 1961 2363 1986 ,
2392 1933 2444 1974 et
2471 1920 2656 1974 dicunt
2681 1937 2694 1974 :
2728 1920 2867 1974 Ecce
2911 1919 3076 1984 dicit,
3109 1919 3400 1974 Secundum
3429 1920 3697 1990 imaginem
3724 1937 3822 1974 no.

2243 2022 2400 2065 stram
2434 2022 2534 2067 :et
2576 2011 2700 2066 inde
2745 2011 2927 2066 volunt
2973 2010 3082 2064 Deo
3128 2011 3407 2064 humanam
3455 2009 3676 2064 formam
3725 2013 3825 2066 tri-

2245 2102 2410 2158 buere
2443 2121 2455 2155 :
2485 2101 2540 2157 id
2566 2101 2707 2172 quod
2737 2110 2991 2156 extrema:
3020 2098 3179 2155 fuerit
3221 2102 3496 2167 amentia},
3531 2111 3587 2156 ut
3616 2105 3691 2165 is,
3731 2106 3824 2172 qui

2246 2194 2412 2246 forma
2445 2192 2728 2262 specieque
2771 2201 2955 2256 caret,
3001 2200 3055 2245 et
3084 2190 3214 2244 nulli
3261 2191 3532 2245 mutationi
3562 2192 3826 2248 obnoxius

2244 2293 2326 2337 est
2347 2323 2362 2348 ,
2391 2284 2494 2337 sub
2522 2282 2805 2337 humanam
2837 2281 3106 2351 redigatur
3134 2280 3358 2336 formam
3380 2321 3396 2346 ,
3430 2290 3483 2336 et
3510 2282 3827 2351 incorporeo

2245 2373 2482 2428 membra
2504 2381 2559 2428 et
2587 2374 2902 2428 lineamenta
2925 2373 3297 2427 attribuantur.
3320 2372 3448 2439 Qua:
3470 2371 3594 2428 huic
3619 2374 3824 2428 insania

2245 2479 2341 2532 par
2384 2464 2577 2529 fuerit,
2626 2478 2745 2517 cum
2786 2477 2892 2517 non
2935 2463 3105 2516 solum
3139 2461 3270 2516 nihil
3301 2463 3432 2518 lucri
3475 2477 3504 2516 a
3534 2461 3827 2533 Scripturis

2243 2552 2498 2608 di"initus
2544 2553 2822 2621 inspiratis.
2859 2549 3126 2616 referant,
3167 2550 3261 2605 sed
3304 2559 3357 2604 et
3384 2551 3668 2620 plurimum
3701 2553 3826 2607 inde

2242 2641 2626 2696 attenduntur?
2653 2641 2822 2696 Simili
2853 2642 2995 2695 enim
3029 2639 3188 2695 modo
3215 2640 3387 2696 allecti
3414 2652 3566 2707 sunt,
3597 2653 3756 2713 atque
3780 2645 3825 2698 si

2243 2733 2328 2801 qui
2357 2731 2544 2786 morbo
2572 2731 2846 2798 laborant,
2878 2740 2934 2786 et
2959 2730 3324 2800 corporalibus
3353 2732 3827 2810 oculisialirtnau-

2244 2833 2348 2878 tur.
2399 2823 2463 2878 Ut
2493 2823 2634 2877 enim
2682 2821 2755 2877 illi
2793 2822 2860 2876 ob
2905 2821 3179 2877 oculorum
3209 2837 3428 2876 suorum
3461 2822 3825 2879 infirmitatem

2243 2915 2374 2969 solis
2399 2915 2568 2969 lucem
2596 2929 2737 2984 egre
2765 2913 2971 2980 ferunt,
3001 2922 3056 2969 et
3085 2913 3211 2983 agri
3235 2914 3396 2969 etiam
3428 2915 3658 2982 optimos
3685 2915 3828 2969 saluo

2242 3007 2605 3074 berrimosque
2633 3006 2780 3060 cibos
2800 3015 3118 3061 aversantur
3150 3024 3164 3059 :
3198 3005 3267 3059 ita
3292 3014 3346 3060 et
3372 3005 3424 3059 bi
3448 3007 3622 3061 anima
3653 3023 3825 3076 εδει-ο-

2243 3105 2453 3160 tantes,
2499 3105 2551 3149 et
2592 3096 2784 3150 mentis
2822 3095 2993 3149 oculis
3034 3095 3210 3163 capti,
3257 3094 3324 3148 ad
3371 3095 3545 3149 lumen
3587 3096 3824 3152 veritatis

2242 3189 2508 3257 respicere
2547 3202 2652 3241 non
2682 3196 2923 3255 possunt.
2957 3185 3160 3241 Idcirco
3187 3196 3370 3240 nostro
3400 3185 3680 3255 fungentes
3708 3203 3826 3242 mu-

2243 3295 2393 3342 nere,
2425 3293 2616 3334 nutans
2641 3279 2720 3334 eis
2746 3281 3077 3349 porrigamus
3095 3319 3112 3345 ,
3143 3295 3438 3349 magnaque
3465 3281 3545 3336 eis
3573 3297 3823 3338 mansue-

2243 3369 2426 3425 tudine
2452 3371 2750 3439 loquamur.
2791 3369 2924 3425 Natu
2951 3380 3005 3427 et
3034 3371 3219 3424 beatus
3247 3370 3444 3426 Paulus
3477 3372 3550 3426 ita
3578 3386 3679 3430 nos
3705 3388 3824 3428 mo-

2242 3461 2355 3514 nuit
2378 3459 2562 3514 diceos
2585 3479 2598 3513 :
2627 3459 2693 3515 (lt
2713 3460 2767 3514 in
2792 3460 3182 3515 mansuetudine
3206 3461 3501 3517 erudiuntur
3522 3464 3822 3530 adtersarii,

2244 3549 2286 3604 si
2317 3553 2446 3619 forte
2468 3549 2551 3603 det
2579 3551 2648 3604 eis
2678 3548 2816 3603 Deus
2844 3551 3188 3620 penitentiam
3229 3552 3280 3604 in
3309 3553 3617 3621 agnitionem
3644 3555 3822 3608 uerita-

2242 3638 2324 3702 tis.
2355 3647 2406 3694 et
2429 3640 2500 3694 ad
2524 3639 2838 3694 sobrietatem
2865 3641 3047 3694 mentis
3073 3640 3280 3696 redeant
3313 3642 3376 3696 de
3404 3643 3582 3712 laqueo
3609 3644 3818 3711 diaboli,

2242 3745 2274 3784 a
2300 3746 2398 3800 quo
2439 3731 2624 3800 captivi
2669 3739 2930 3796 tenentur,
2974 3731 3042 3784 ad
3069 3731 3208 3784 illius
3241 3731 3541 3785 voluntatem
3571 3733 3660 3801 (Ξ.
3685 3733 3816 3787 Tim.

2241 3822 2294 3875 2.
2325 3821 2453 3892 25).
2488 3820 2646 3876 Vides
2673 3821 2945 3891 quomodo
2973 3819 3149 3876 verbis
3177 3820 3464 3876 declaravit
3488 3863 3502 3886 ,
3548 3838 3643 3876 eos
3671 3825 3822 3892 quasi

2243 3912 2499 3966 ebrietate
2545 3911 2790 3979 quapiam
2836 3910 3056 3964 obrutos
3100 3911 3268 3965 esse?
3313 3909 3444 3964 Nam
3489 3911 3630 3981 quod
3675 3913 3819 3978 dicit,

2246 4000 2325 4053 Ad
2354 4001 2665 4054 sobrietatem
2695 4000 2874 4053 mentis
2920 4001 3126 4054 redeant
3153 4041 3168 4066 ,
3201 4000 3434 4054 ostendit
3475 4015 3569 4056 eos
3610 4003 3661 4056 in
3695 4020 3817 4072 pro-

2245 4090 2411 4146 fundo
2437 4091 2615 4162 aliquo
2640 4107 2845 4148 mersos
2873 4107 3013 4146 esse.
3042 4092 3109 4147 Et
3137 4093 3327 4146 iterent
3353 4132 3367 4156 ,
3404 4093 3552 4162 Capti
3574 4136 3589 4154 .
3630 4095 3819 4164 inquit,

2244 4195 2274 4235 a
2301 4181 2533 4246 diabolo,
2558 4181 2708 4251 quasi
2733 4181 2951 4244 diceret,
2982 4189 3247 4250 tamquam
3278 4182 3482 4250 laqueis
3503 4184 3820 4252 quibusdam

2243 4272 2434 4326 irretitl
2460 4280 2602 4327 sunt.
2637 4269 2787 4326 Unde
2810 4275 2869 4326 et
2908 4269 3060 4324 nobis
3087 4285 3274 4340 magna
3300 4285 3434 4340 opus
3459 4281 3541 4327 est
3571 4289 3820 4328 mansue-

2245 4363 2426 4417 tudine
2450 4371 2505 4417 et
2547 4362 2797 4432 patientia
2822 4402 2836 4426 ,
2868 4370 2925 4414 ut
2964 4361 3230 4431 possimus
3257 4377 3350 4416 eos
3374 4364 3579 4433 eripere
3608 4374 3665 4419 et
3689 4367 3821 4420 edn.

2243 4465 2458 4509 ceree:
2489 4451 2691 4521 laqueis
2729 4450 2946 4506 diaboli.
2981 4451 3227 4505 Dicamus
3268 4451 3428 4522 igitur
3461 4454 3539 4509 eis
3568 4472 3580 4506 :
3615 4455 3822 4526 Resipi-

2243 4545 2375 4598 scite
2419 4544 2720 4613 paulisper,
2767 4543 2986 4613 aspicite
3035 4543 3209 4597 lumen
3248 4544 3506 4612 justitite,
3537 4547 3823 4615 expendite

2245 4637 2516 4691 vobiscum
2543 4634 2823 4690 verborum
2851 4634 3262 4688 accurationem.
3305 4635 3488 4704 Neque
3529 4639 3671 4692 enim
3699 4653 3820 4694 cum

2247 4726 2374 4780 dicit
2397 4742 2409 4778 :
2428 4723 2697 4778 Faciamus
2720 4724 2966 4776 hominem
2988 4724 3260 4777 secundum
3280 4724 3549 4794 imaginem
3571 4739 3819 4795 nostram,

2248 4826 2292 4871 et
2322 4815 2596 4870 secundum
2624 4813 3040 4878 similitudinem,
3076 4814 3159 4868 hic
3185 4829 3488 4868 sermonem
3518 4816 3695 4880 sistit,
3727 4818 3823 4872 sed

2249 4923 2342 4978 per
2369 4922 2429 4962 ca
2473 4921 2589 4976 qua:
2630 4905 2866 4974 adjungit
2908 4903 3078 4973 palam
3111 4903 3262 4958 nobis
3308 4904 3463 4966 facit,
3512 4922 3617 4975 quo
3661 4922 3822 4962 sensu

2248 5013 2440 5053 nomen
2472 4997 2714 5067 imaginis
2741 4995 2995 5065 posuerit.
3025 4993 3158 5062 Quid
3189 4994 3330 5048 enim
3370 4995 3535 5049 dicit?
3567 4994 3629 5048 Et
3659 4997 3821 5050 domi-

2251 5099 2433 5142 nentur
2461 5087 2674 5157 piscibus
2705 5087 2858 5139 maris
2881 5127 2897 5150 ,
2943 5095 2989 5137 et
3016 5084 3297 5137 volatilibus
3326 5085 3436 5137 τίειὶ
3459 5126 3474 5150 ,
3520 5097 3566 5138 ct
3594 5088 3823 5142 omnibus

2247 5177 2507 5251 reptilibus
2529 5177 2807 5247 repentibus
2831 5193 2980 5246 super
3006 5185 3210 5230 terram.
3237 5172 3516 5246 Imaginem
3542 5192 3671 5246 ergo
3693 5177 3822 5234 dixit

2248 5271 2537 5326 secundum
2571 5269 2922 5337 principatum
2951 5277 3004 5321 et
3033 5267 3322 5321 dominium
3349 5307 3365 5331 ,
3393 5282 3497 5321 non
3528 5269 3817 5326 secundum

2247 5363 2386 5418 aliud
2419 5361 2685 5432 quidpiam
2713 5381 2726 5415 :
2755 5360 2953 5415 etenim
2985 5360 3123 5413 Deus
3170 5358 3290 5412 fecit
3323 5359 3590 5414 hominem
3623 5362 3817 5428 princi~

2250 5470 2368 5525 pem
2399 5453 2631 5508 omnium
2661 5465 2778 5519 qua:
2809 5460 2933 5502 sunt
2959 5464 3118 5518 super
3151 5461 3344 5504 terram
3365 5490 3380 5516 ,
3421 5461 3475 5505 et
3505 5450 3632 5504 nihil
3664 5467 3823 5520 super

2249 5555 2445 5599 terram
2479 5542 2693 5596 homine
2723 5539 2894 5609 majus
2933 5549 3051 5605 est,
3095 5539 3187 5594 sed
3217 5540 3392 5593 omnia
3423 5538 3522 5594 sub
3565 5550 3822 5609 potestate

2249 5634 2391 5688 illius
2415 5642 2554 5685 Sunt.

2319 5726 2370 5777 4.
2413 5721 2563 5787 Quod
2613 5721 2655 5774 si
2707 5731 2824 5790 post
2871 5730 3068 5773 tantam
3119 5719 3378 5774 dictorum
3429 5720 3822 5774 accurationcm

2252 5813 2421 5869 adhuc
2451 5829 2511 5868 ea
2541 5813 2676 5869 dicta
2707 5828 2824 5869 esse
2869 5812 3192 5866 contendant
3237 5810 3302 5867 de
3347 5811 3530 5868 forma!
3574 5810 3819 5881 imagine.
