4086 6524
213 421 275 479 13
1258 409 1324 468 lN
1362 410 1516 469 CAP.
1556 412 1599 470 l.
1638 408 1890 471 GENES.
1931 403 2164 466 ιιοιιιι..
2204 404 2339 463 'i’lii.
3417 410 3492 471 τι

212 534 434 589 dicemus
457 531 540 590 eis
568 549 583 588 :
627 530 790 602 igitur
818 529 962 585 Deus
1003 540 1111 583 non
1155 525 1327 582 solum
1371 525 1574 592 homo,
1603 522 1699 581 sed
1728 531 1786 579 et

213 609 391 679 mulier
413 623 557 688 erit;
603 623 726 692 quia
752 618 994 676 eamdem
1042 619 1264 672 formam
1297 628 1522 686 uterque
1565 615 1784 671 habent.

214 712 396 769 Verum
430 713 537 768 hoc
577 709 866 766 absurdum
905 717 1068 765 esset.
1100 706 1240 763 Audi
1282 707 1426 762 enim
1454 705 1676 761 Paulum
1703 704 1786 760 di-

203 812 446 860 contem:
481 801 576 856 Vir
617 801 751 857 etsist
796 816 899 856 nou
925 798 1068 854 debet
1111 797 1279 853 uelare
1311 804 1500 868 caput,
1540 795 1712 866 imago
1737 801 1788 849 et

210 893 364 965 gloria
409 891 505 946 Dei
545 892 791 947 ossium
835 905 856 944 :
901 888 1083 943 tnulier
1131 897 1303 942 autem
1361 885 1526 959 gloria
1570 885 1668 938 viri
1715 893 1789 938 est

211 984 298 1054 (ι.
329 981 448 1038 Cor.
488 981 578 1037 ll.
618 981 709 1050 7).
739 979 834 1035 Vir
879 979 1024 1035 enim
1069 979 1334 1048 imperat,
1378 976 1571 1032 mulier
1609 984 1791 1030 autem

213 1073 437 1143 subjecta
468 1081 592 1128 est:
623 1072 760 1127 sicut
787 1079 843 1127 et
867 1070 1009 1125 Deus
1052 1067 1120 1124 ab
1165 1067 1318 1123 initio
1343 1067 1410 1121 ad
1453 1081 1571 1122 eam
1615 1065 1787 1120 dixit:

211 1165 285 1221 Ad
311 1166 475 1219 cirum
499 1173 642 1218 tuum
669 1162 928 1218 conversio
955 1171 1042 1216 tua
1064 1202 1081 1227 ,
1121 1167 1170 1215 et
1187 1159 1305 1230 ipse
1329 1157 1420 1213 tibi
1446 1155 1793 1212 dominabitur

213 1254 352 1316 ωε..
383 1257 437 1312 3.
466 1253 584 1325 l6).
611 1254 744 1322 Quia
769 1253 912 1310 enim
939 1250 1232 1309 secundum
1263 1249 1528 1305 rationem
1569 1245 1794 1302 dominii

209 1345 272 1402 ad
295 1345 582 1417 imaginem
619 1345 789 1400 factus
817 1353 936 1412 est,
965 1357 1072 1399 non
1103 1342 1171 1398 ad
1202 1345 1429 1397 formam
1447 1383 1464 1409 ,
1505 1340 1590 1395 vir
1611 1348 1792 1395 autem

212 1437 513 1492 dominatur
556 1436 842 1503 omnibus,
873 1434 1070 1490 mulier
1095 1447 1226 1490 vero
1268 1432 1510 1502 subjecta
1552 1438 1677 1486 est:
1709 1428 1793 1486 id-

209 1525 346 1581 circo
371 1526 504 1582 dicit
541 1526 610 1582 de
635 1527 750 1581 viro
777 1525 1006 1591 Paulus,
1039 1523 1182 1595 quod
1207 1525 1383 1594 imago
1424 1532 1480 1578 et
1503 1521 1670 1594 gloria
1699 1519 1796 1577 Dei

212 1617 313 1684 sit,
343 1617 542 1672 mulier
566 1626 743 1672 autem
781 1617 950 1688 gloria
979 1615 1098 1671 viri.
1137 1614 1292 1682 Quod
1339 1614 1386 1670 si
1414 1613 1484 1670 de
1514 1615 1682 1668 forma
1712 1610 1796 1667 vel

213 1707 372 1782 ﬁgura
421 1709 685 1776 dixisset,
734 1725 840 1764 non
884 1709 1069 1780 utique
1113 1723 1175 1764 ea
1223 1707 1496 1763 divisisset
1541 1722 1557 1759 :
1606 1704 1796 1762 eadem

210 1801 348 1857 enim
378 1803 546 1874 figura
573 1810 658 1858 est
682 1800 780 1857 viri
809 1809 865 1857 et
903 1801 1166 1856 mulieris.
1197 1798 1387 1856 Vidisti
1419 1799 1631 1870 plenam
1661 1797 1800 1854 veri-

213 1893 414 1949 tatem?
461 1893 734 1964 quomodo
763 1893 966 1948 nullum
999 1889 1329 1948 defensionis
1353 1899 1675 1961 praetextum
1711 1903 1801 1944 re-

213 1987 400 2058 linquit
444 1987 511 2042 iis
537 1987 630 2058 qui
677 1987 874 2042 frustra
917 1984 1255 2056 impudentes
1295 1997 1418 2040 esse
1442 1980 1673 2038 volunt?
1700 1979 1802 2038 Ve-

213 2085 512 2133 rumtamen
540 2077 703 2134 etiam
735 2075 841 2132 illis
866 2076 940 2132 ita
968 2089 1029 2133 se
1054 2075 1371 2134 habentibus
1390 2115 1405 2139 ,
1432 2089 1502 2131 ne
1526 2085 1803 2129 cessemus

216 2184 402 2241 magna
428 2184 554 2226 cum
583 2169 805 2226 lenitate
830 2183 953 2225 cum
982 2167 1115 2239 ipsis
1141 2181 1322 2240 agere,
1350 2165 1415 2222 Si
1437 2170 1570 2238 forte
1588 2164 1671 2220 det
1698 2163 1804 2219 illis

217 2259 352 2316 Deus
382 2260 728 2329 paenitentiam
757 2260 829 2314 ad
849 2260 1160 2333 agnitionem
1200 2257 1426 2314 ueritatis
1455 2255 1550 2330 (8.
1579 2254 1716 2314 Tim.
1744 2255 1802 2312 2.

213 2349 1807 2424 25).Neergotorpescamus,siquopactopermansue-

220 2442 420 2499 tudinis
447 2442 685 2498 studium
714 2441 984 2512 possimus
1020 2441 1167 2512 ipsos
1193 2439 1404 2512 eripere
1431 2454 1465 2496 a
1487 2438 1808 2510 deceptione

214 2531 451 2601 diaboli;
479 2542 555 2599 et,
580 2534 624 2590 si
650 2532 851 2605 placet,
877 2530 1210 2589 adducamus
1230 2531 1426 2588 iterem
1456 2530 1563 2588 illis
1588 2529 1808 2588 beatum

217 2623 464 2694 Paulum,
485 2625 580 2697 qui
601 2624 1020 2682 Atheniensibus
1043 2624 1124 2680 sic
1146 2622 1359 2681 dicebat
1381 2640 1399 2682 :
1425 2621 1549 2679 Non
1573 2621 1810 2678 debemus

215 2713 509 2771 distinere
535 2732 665 2771 euro
683 2755 700 2784 ,
727 2715 807 2772 uel
830 2724 1039 2787 argento
1060 2754 1076 2780 ,
1106 2715 1186 2770 rel
1209 2713 1404 2786 lepidi,
1432 2713 1513 2769 sel
1537 2714 1812 2786 sculptura

218 2806 783 2864 clientium-tionis
825 2801 1279 2862 hausistist
1322 2804 1808 2876 essesiutile(.tct.

215 2897 309 2955 ιτ.
346 2895 486 2970 ss).
533 2896 725 2954 Vidisti
771 2905 970 2969 quanta
1015 2894 1288 2968 diligentia
1331 2909 1549 2953 otnnem
1597 2895 1812 2950 illorum

216 3003 461 3047 errorem
503 2987 722 3062 sapiens
760 2987 1019 3060 magister
1054 2985 1453 3059 amputarent?
1492 2986 1611 3043 Non
1640 2986 1811 3043 solum

218 3078 363 3136 sitim
411 3095 448 3137 a
488 3079 756 3151 corporali
799 3086 928 3150 typo
969 3077 1204 3135 alienum
1254 3077 1385 3134 dicit
1423 3075 1631 3132 Numen
1655 3119 1673 3144 ,
1718 3075 1814 3134 sed

220 3184 400 3241 neque
429 3168 757 3241 quid-simile
786 3181 946 3240 posse
973 3167 1207 3224 humana
1249 3166 1571 3238 cogitatione
1609 3165 1812 3239 et'tingi.

219 3259 348 3318 llaec
373 3260 605 3318 subinde
644 3260 753 3316 illis
788 3258 1031 3316 dicentes
1052 3298 1069 3325 ,
1103 3256 1238 3313 nihil
1263 3256 1407 3330 quod
1428 3271 1602 3330 penes
1627 3272 1724 3314 vos
1747 3258 1816 3315 sit

221 3349 469 3423 proferre
511 3349 901 3416 intermittatis,
949 3347 997 3404 si
1040 3347 1178 3406 forte
1217 3347 1443 3415 cedant,
1485 3347 1532 3404 si
1576 3345 1712 3403 forte
1748 3347 1817 3403 ad

221 3441 507 3497 veritatem
535 3439 805 3511 respicere
833 3438 1022 3496 velint.
1047 3437 1316 3495 Ceterum
1358 3447 1418 3493 ut
1455 3437 1525 3494 ab
1553 3435 1818 3495 benevola

223 3533 444 3590 illorum
485 3531 838 3590 instructione
867 3531 1022 3590 vobis
1049 3529 1418 3589 desistendum
1446 3545 1555 3588 non
1595 3539 1712 3598 est,
1745 3531 1819 3587 ita

223 3639 357 3693 oro,
401 3632 461 3680 ut
500 3624 749 3697 dogmata
793 3622 1155 3682 ecclesiastica
1201 3621 1372 3693 probe
1413 3622 1640 3680 teneatis
1662 3663 1679 3691 ,
1711 3637 1819 3678 non

221 3714 619 3774 confundentes
655 3715 922 3772 dictorum
947 3715 1384 3787 consequentiam
1403 3757 1420 3780 .
1448 3715 1545 3772 sed
1573 3729 1696 3771 eum
1724 3714 1822 3771 Ju-

224 3808 361 3866 dcis
388 3819 450 3864 ut
475 3817 689 3880 oportet
716 3807 984 3881 disputate
1001 3847 1018 3873 ,
1057 3821 1122 3863 ac
1145 3806 1538 3874 demonstrate,
1572 3805 1690 3864 hate
1714 3821 1821 3863 non

223 3915 347 3957 esse
375 3899 521 3956 dicta
546 3902 796 3971 cuiquam
815 3916 883 3956 ex
906 3897 1238 3954 administris
1257 3896 1561 3965 virtutibus,
1583 3896 1679 3954 sed
1705 3897 1823 3952 uni-

222 3993 408 4064 genito
435 3992 531 4050 Dei
575 3992 752 4059 Filio;
799 3990 1016 4048 Arianis
1051 4003 1266 4062 quoque
1309 3988 1435 4045 hinc
1478 4003 1661 4061 parem
1702 3988 1824 4044 Filii

222 4101 351 4141 eum
381 4084 542 4142 Patre
569 4084 880 4156 dignitatem
915 4082 1184 4149 indicate;
1215 4081 1313 4138 sed
1337 4090 1393 4139 et
1419 4081 1483 4138 iis
1510 4081 1604 4153 qui
1623 4080 1823 4137 buma-

227 4193 354 4232 nam
387 4177 611 4232 formam
633 4175 880 4232 Numinis
905 4175 1286 4246 imaginantur,
1308 4172 1481 4229 allatis
1506 4173 1559 4228 in
1589 4171 1825 4227 medium

229 4267 299 4323 iis
321 4283 445 4338 qua:
473 4282 504 4322 a
533 4267 688 4323 beato
716 4266 881 4322 Paulo
921 4274 1046 4322 sunt
1073 4264 1213 4320 dicta
1230 4305 1245 4332 ,
1277 4263 1494 4320 evellite
1524 4279 1619 4334 per
1642 4263 1829 4319 Eccle-

227 4358 326 4414 sia:
370 4357 622 4429 dogmata
664 4358 996 4430 perniciosos
1033 4355 1251 4412 morbos
1293 4357 1461 4413 instar
1501 4356 1826 4412 sisaniorum

228 4450 593 4524 puliulantes,
635 4464 960 4522 operamque
1002 4449 1125 4504 date
1163 4455 1220 4503 ut
1259 4448 1344 4519 pia
1382 4448 1625 4504 doctrina
1663 4448 1719 4504 in
1749 4447 1829 4503 eis

231 4542 510 4612 plantetur
532 4549 588 4597 et
614 4541 917 4597 roboretur.
948 4540 1084 4598 Volo
1122 4541 1264 4597 enim
1286 4580 1303 4608 ,
1333 4548 1390 4597 et
1429 4554 1619 4611 precor
1642 4554 1830 4596 omnes

230 4646 332 4688 vos
357 4632 412 4687 in
439 4630 719 4688 doctorum
740 4632 930 4688 ordine
952 4647 1073 4688 esse
1099 4650 1112 4687 :
1140 4641 1194 4688 et
1222 4647 1331 4689 non
1357 4632 1529 4688 solum
1558 4631 1830 4691 auditores

233 4732 552 4780 nostrorum
588 4736 710 4778 esse
753 4737 1100 4788 sermonum,
1141 4722 1237 4778 sed
1281 4732 1336 4779 et
1378 4723 1499 4778 aliis
1529 4722 1830 4778 doctrinam

235 4822 481 4890 nostram
513 4812 735 4883 ail‘erre,
767 4814 1070 4884 piscarique
1094 4824 1335 4870 errantes
1358 4855 1376 4882 ,
1409 4823 1466 4870 ut
1493 4815 1545 4870 in
1575 4815 1712 4869 viam
1740 4829 1832 4871 re-

234 4904 408 4960 deant
435 4905 696 4971 veritatis,
730 4905 870 4960 sicut
895 4914 949 4962 et
976 4905 1173 4962 Paulus
1203 4906 1375 4977 inquit
1406 4923 1419 4959 :
1448 4905 1591 4962 Unus
1615 4906 1834 4961 alterum

235 4996 460 5065 auliﬁcet
489 4995 566 5068 (i.
592 4994 766 5050 Thess.
792 4996 846 5051 5.
876 4997 936 5053 ti
965 4997 983 5066 )
1007 5014 1022 5059 ;
1056 5005 1132 5059 et,
1172 4995 1299 5052 Cum
1344 4998 1523 5052 timore
1548 5007 1594 5052 et
1622 5007 1837 5053 tremore

237 5086 461 5143 salutem
489 5095 706 5141 vestram
723 5087 1004 5158 operemini
1025 5084 1288 5157 (Philipp.
1314 5086 1371 5142 ἰ.
1402 5086 1514 5160 li).
1540 5088 1631 5143 Sic
1650 5087 1837 5144 Eccle-

237 5178 321 5235 sia
349 5177 508 5234 nobis
531 5177 868 5234 multitudine
893 5179 1192 5249 augebitur,
1215 5187 1272 5235 et
1290 5193 1386 5234 vos
1406 5179 1622 5235 uberius
1648 5195 1838 5250 snper-

236 5287 309 5328 na
337 5272 590 5327 fruemini
621 5272 788 5344 gratia
812 5308 830 5342 ,
859 5287 1105 5344 magnam
1148 5272 1511 5328 membrorum
1535 5282 1835 5330 vestrorum

240 5378 432 5421 curam
464 5361 744 5420 habentes.

317 5457 375 5512 li.
415 5453 602 5526 Neque
653 5455 798 5510 enim
841 5455 980 5512 Deus
1021 5455 1136 5511 vult
1163 5463 1225 5511 ut
1268 5453 1605 5513 Christianus
1659 5457 1840 5528 seipso

240 5555 454 5602 tantum
480 5553 765 5602 contentus
792 5546 882 5612 sit,
907 5545 1003 5603 sed
1046 5555 1104 5602 ut
1147 5546 1286 5602 alios
1328 5547 1557 5604 aedificet
1594 5562 1700 5604 non
1746 5563 1843 5620 per

240 5637 548 5694 doctrinam
575 5638 773 5706 solum,
802 5637 898 5693 sed
926 5647 983 5695 et
1023 5653 1120 5710 per
1158 5639 1345 5709 vitam,
1377 5650 1432 5696 et
1455 5641 1704 5697 versandi
1750 5657 1840 5697 ra-

243 5728 472 5785 tionem.
500 5729 644 5786 Nihil
679 5730 826 5785 enim
865 5730 943 5786 sic
983 5729 1038 5786 in
1079 5731 1323 5788 veritatis
1356 5733 1498 5788 viam
1524 5733 1757 5798 inducit,
1785 5743 1844 5790 ut

243 5820 526 5893 integritas
553 5822 675 5880 vita
707 5837 724 5880 :
751 5835 875 5879 nam
903 5837 1076 5894 neque
1115 5832 1224 5881 tam
1248 5837 1314 5883 ea
1338 5823 1683 5886 considerant
1719 5845 1842 5905 qua:

1899 537 1930 578 a
1959 521 2113 578 nobis
2133 519 2406 589 dicuntur,
2447 534 2607 593 quam
2636 536 2757 594 qua:
2794 535 2826 578 a
2865 523 3020 579 nobis
3053 535 3302 596 agnmur.
3333 526 3402 584 Et
3433 539 3496 585 ut

1894 612 2036 668 scias
2063 628 2179 669 rem
2208 611 2280 668 ita
2307 627 2368 669 se
2393 611 2594 670 habere
2639 614 2808 687 (licet
2836 617 3136 673 sexcenties
3165 617 3346 674 verbis
3369 629 3494 675 tan-

1895 712 2007 759 tum
2040 703 2503 776 pbilosqpbemnr,
2531 715 2587 763 et
2611 707 2679 764 de
2703 707 3017 778 injuriarum
3035 709 3303 788 ob'ivione
3318 711 3492 768 disse-

1893 807 2096 860 ramus,
2116 809 2182 849 ac
2200 809 2322 851 cum
2356 804 2566 867 tempus
2611 795 2862 864 adfuerit,
2915 813 3034 854 eam
3081 801 3333 869 operibus
3383 819 3492 860 non

1895 885 2350 953 demonstremus,
2378 903 2486 943 non
2513 897 2720 944 tantum
2761 888 3058 960 proderunt
3096 892 3257 947 verba
3280 934 3294 959 ,
3323 908 3497 964 quan-

1897 983 2010 1030 tum
2037 974 2309 1032 nocebunt
2331 992 2524 1047 opera;
2551 979 2633 1034 sin
2666 989 2791 1034 ante
2831 989 2886 1034 et
2914 989 3034 1049 post
3073 983 3237 1038 verba
3270 999 3496 1058 operum

1895 1068 2166 1138 specimen
2198 1068 2621 1136 exbibuerimus,
2656 1069 2761 1126 ilde
2792 1071 2940 1141 digni
2977 1071 3349 1140 habebintur',
3373 1091 3496 1134 cum

1896 1159 2304 1216 admonebimns
2322 1161 2458 1217 alios
2475 1160 2545 1217 de
2575 1161 2640 1217 iis
2665 1177 2785 1233 qute
2803 1177 2898 1232 per
2926 1178 3091 1234 opera
3117 1165 3497 1235 adimplemns,

1897 1250 2020 1320 quia
2049 1259 2106 1307 et
2129 1249 2375 1308 Christus
2393 1252 2699 1323 huiusmodi
2729 1253 2975 1310 homines
3015 1254 3203 1312 beatos
3217 1256 3385 1324 dixit,
3422 1258 3502 1313 in-

1897 1341 2088 1411 quiens
2120 1339 2341 1399 :Beatus
2359 1345 2447 1415 qui
2471 1344 2664 1414 fecerﬂ,
2698 1355 2746 1400 et
2772 1346 2998 1402 docuerit
3021 1345 3236 1418 (Matth.
3263 1350 3320 1405 5.
3354 1352 3419 1407 l9
3444 1357 3458 1420 )
3482 1370 3502 1410 :

1898 1432 2023 1488 vide
2069 1433 2340 1503 quomodo
2370 1449 2509 1506 opus
2539 1437 2925 1507 praeposuerit,
2957 1447 3012 1494 et
3057 1448 3242 1509 postea
3283 1441 3490 1499 doctri-

1903 1537 2048 1579 nam.
2081 1525 2293 1580 Atenim
2335 1528 2672 1597 praecedente
2696 1543 2884 1598 opere,
2913 1529 3120 1585 etiamsi
3167 1547 3272 1588 non
3300 1547 3500 1604 sequa-

1905 1623 1989 1670 tur
2012 1614 2275 1682 doctrina,
2308 1615 2586 1672 sufiiciunt
2607 1632 2770 1688 opera
2815 1619 2931 1689 ipsa
2971 1621 3142 1691 magis
3187 1637 3349 1693 quam
3393 1623 3499 1679 ulta

1902 1719 2006 1760 vox
2034 1704 2102 1760 ad
2129 1704 2430 1761 docendum
2456 1721 2553 1763 eos
2573 1709 2664 1778 qui
2697 1709 2750 1763 in
2779 1724 2879 1764 nos
2899 1711 3210 1784 respiciunt.

1914 1814 1920 1839 δ
1977 1793 2194 1851 Ποναιίε
2217 1796 2503 1852 exhortatio
2525 1798 2596 1852 ad
2618 1813 2791 1853 serunt
2801 1799 3080 1871 jejunium.
3111 1832 3184 1844 --
3214 1803 3326 1859 Hoc
3343 1803 3506 1876 igitur

1905 1885 2106 1958 ubique
2133 1886 2504 1957 observemus,
2528 1897 2588 1944 ut
2611 1890 2762 1960 prius
2787 1891 3045 1961 operibus
3079 1893 3373 1950 doceamus
3397 1934 3413 1960 ,
3449 1906 3506 1951 et

1907 1985 2092 2049 postea
2132 1980 2474 2036 sermonibus
2506 1997 2521 2036 :
2551 1989 2610 2037 ut
2635 1997 2706 2038 ne
2730 1991 2787 2039 et
2815 1998 2915 2039 nos
2941 1983 3227 2041 audiamus
3265 2000 3298 2040 a
3348 1986 3508 2044 beato

1905 2067 2077 2126 Paulo
2109 2090 2123 2126 :
2151 2068 2234 2126 Tu
2257 2071 2348 2142 qui
2369 2072 2520 2132 ἄσσα
2546 2071 2731 2143 alium,
2763 2073 2980 2147 teipsuut
3006 2092 3112 2132 non
3133 2079 3285 2134 doces
3311 2077 3504 2152 (item.

1905 2160 1964 2215 2.
1989 2160 2124 2232 Si)?
2149 2161 2364 2219 Etcum
2391 2164 2642 2222 volumus
2661 2163 2959 2225 admonere
3005 2167 3192 2235 alium,
3219 2178 3280 2226 ut
3306 2170 3510 2244 aliquid

1908 2267 1977 2309 ex
2002 2253 2068 2311 iis
2081 2269 2204 2325 qua
2231 2256 2540 2313 necessaria
2587 2265 2716 2316 sunt
2767 2256 2991 2327 elleiat,
3024 2258 3174 2331 prius
3196 2259 3515 2320 studeamus

1908 2344 2650 2420 etnosbocipsumagere,
2683 2350 2981 2421 quo-abis
3015 2359 3074 2408 et
3123 2350 3394 2424 majorsit
3425 2351 3512 2411 ioc

1910 2437 2110 2508 quendi
2138 2437 2695 2508 scdocendiildncis,
2725 2449 2784 2496 et
2823 2440 3004 2497 omnis
3042 2449 3227 2498 nostra
3269 2457 3402 2504 cura
3443 2444 3518 2505 sit

1911 2527 1982 2586 de
2005 2529 2309 2587 animarum
2333 2529 2508 2589 salute
2525 2572 2543 2598 ,
2571 2538 2628 2588 et
2652 2531 2926 2603 quomodo
2944 2534 3240 2604 poterimus
3269 2533 3519 2596 lascivias

1913 2621 2095 2677 carnis
2122 2620 2428 2692 refrenare,
2480 2631 2540 2678 ut
2584 2636 2774 2681 verum
2811 2622 3164 2682 exhibeamus
3207 2624 3518 2700 jejunium;

1911 2709 2178 2782 jejunium
2211 2720 2395 2769 autem
2441 2711 2588 2781 dico,
2618 2712 3003 2770 abstinentiam
3039 2729 3072 2769 a
3116 2713 3283 2777 vitiis.
3307 2715 3520 2772 Etenim

1915 2801 2241 2860 abstinentia
2264 2815 2298 2859 a
2316 2803 2455 2861 cibis
2479 2812 2701 2876 propter
2728 2803 2834 2862 hoc
2858 2816 3081 2878 recepta
3105 2814 3190 2863 est
3206 2847 3225 2877 ,
3267 2815 3329 2863 ut
3362 2807 3517 2880 vigo-

1917 2908 2034 2950 rem
2057 2893 2238 2952 carnis
2261 2895 2499 2952 refrenet
2519 2935 2536 2964 ,
2562 2903 2620 2953 et
2642 2910 2841 2967 equam
2868 2896 3097 2954 docilem
3126 2897 3338 2956 reddat.
3367 2897 3522 2977 Jeju-

1919 2993 2139 3041 natem
2167 2993 2295 3042 ante
2316 2985 2498 3043 omnia
2522 2993 2739 3058 oportet
2763 2986 2901 3043 ira
2929 2985 3144 3045 frenare
3168 3029 3186 3058 ,
3213 3000 3523 3053 mansueto.

1919 3073 2101 3131 dinem
2129 3081 2186 3134 es
2213 3074 2489 3132 lenitatem
2511 3075 2816 3145 addiscere,
2836 3091 2937 3133 cor
2961 3075 3163 3135 habere
3195 3080 3525 3152 contritum,

1919 3163 2672 3236 absurdasconcupiscentias
2696 3166 3001 3239 repellere.
3028 3177 3157 3225 ante
3180 3169 3369 3226 oculos
3386 3185 3522 3227 con-

1923 3255 2076 3313 tinuo
2105 3256 2308 3315 habere
2330 3258 2548 3316 omnium
2587 3258 2738 3315 illum
2775 3274 3070 3331 unquam
3118 3259 3522 3338 dormitantem,

1922 3357 1980 3405 et
2003 3347 2237 3406 tribunal
2283 3349 2416 3407 illud
2468 3349 2877 3424 incorruptum;
2925 3352 3168 3424 pecuniis
3186 3354 3525 3426 superiorem

1923 3453 2068 3505 esse,
2096 3440 2484 3516 liberalemque
2524 3441 2815 3499 “modum
2849 3443 2904 3500 in
2933 3443 3110 3501 danda
3156 3444 3526 3515 eieemosvua,

1926 3531 2219 3603 nequitiam
2245 3547 2464 3595 omnem
2481 3533 2744 3591 adversus
2769 3537 3070 3608 proximum
3107 3552 3176 3594 ex
3224 3541 3408 3597 animo
3431 3541 3531 3599 eli.

1927 3622 2156 3678 minare.
2184 3621 2300 3679 lloc
2331 3639 2518 3679 verum
2556 3623 2820 3696 jejunium
2849 3635 2966 3696 est,
3012 3627 3152 3684 sicut
3179 3638 3236 3684 et
3270 3629 3434 3690 lsaias
3460 3647 3531 3692 ex

1927 3727 2158 3783 persona
2188 3713 2284 3770 Dei
2303 3713 2554 3784 loquens,
2582 3714 2754 3772 dicit:
2791 3715 2913 3772 Non
2939 3718 3035 3772 hoc
3071 3719 3331 3789 jejunium
3375 3722 3526 3793 elegi,

1927 3803 2053 3858 dicit
2080 3801 2354 3860 Dominus.
2399 3802 2526 3861 Non
2562 3805 2609 3860 si
2647 3815 2882 3879 torqueas
2913 3817 2968 3862 ut
2993 3808 3243 3864 circulum
3288 3813 3531 3870 cervicem

1929 3905 2090 3964 tuam,
2112 3906 2160 3951 et
2178 3911 2384 3952 saccum
2408 3907 2457 3952 et
2483 3899 2702 3954 cinerem
2724 3899 3016 3957 subuersas
3037 3942 3053 3970 .
3105 3919 3269 3974 neque
3285 3905 3359 3964 sic
3382 3922 3533 3962 voca-

1931 3986 2047 4040 bitis
2063 3986 2322 4058 jejunium
2347 3997 2633 4058 acceptum,
2663 3989 2788 4044 dicit
2808 3989 3060 4048 Dominus
3085 3992 3106 4067 (
3129 3992 3258 4049 Isai.
3302 3995 3394 4054 58.
3419 3997 3454 4053 5
3480 3997 3526 4068 ).

1929 4075 2061 4145 Sed,
2078 4077 2272 4149 quale?
2296 4078 2406 4136 dic.
2432 4078 2609 4149 Solae,
2632 4079 2824 4153 inquit,
2842 4083 3172 4154 obligations
3199 4087 3532 4146 violentorum

1933 4178 2307 4241 contraditum,
2362 4174 2545 4245 [range
2573 4175 2815 4230 esurienti
2851 4193 3035 4247 panem
3061 4187 3225 4244 tuum,
3257 4198 3533 4253 pauperem

1932 4263 2120 4333 absque
2147 4273 2274 4320 tecto
2289 4265 2445 4322 induc
2470 4267 2525 4322 in
2545 4267 2753 4322 domum
2778 4279 2938 4324 tuam.
2983 4269 3051 4326 Et
3079 4274 3123 4327 si
3155 4272 3270 4329 haec
3306 4276 3531 4345 feceris,

1934 4354 2128 4425 inquit,
2158 4353 2302 4411 Tunc
2319 4367 2549 4429 erumpet
2574 4361 2822 4416 matutina
2849 4361 2942 4417 lus:
2969 4372 3080 4431 tua,
3102 4374 3148 4422 et
3171 4368 3415 4423 sanitates
3437 4381 3538 4425 tua:

1934 4448 2103 4504 statim
2125 4449 2472 4521 orienturUb.
2501 4467 2549 4506 υ.
2576 4452 2737 4523 6-8.)

2007 4542 2064 4600 ϐ.
2104 4542 2320 4613 Vidisti,
2353 4545 2570 4612 dilecte,
2605 4545 2766 4617 quale
2791 4547 2864 4604 sit
2889 4562 3073 4604 verum
3094 4549 3392 4619 jejunium?
3426 4553 3538 4610 lloc

1937 4648 2306 4704 exerceamus,
2333 4644 2387 4692 et
2412 4651 2520 4692 non
2553 4647 2611 4692 ut
2649 4638 2892 4712 plerique
2921 4641 3292 4698 existimemus
3326 4642 3537 4702 definiri

1938 4727 1995 4783 in
2019 4727 2125 4783 hoc
2134 4727 2420 4799 jejunium,
2444 4729 2490 4785 si
2515 4728 2583 4785 ad
2603 4745 2881 4800 vesperam
2904 4747 3074 4804 usque
3117 4734 3374 4803 inpransi
3422 4752 3536 4791 ma-

1941 4834 2184 4876 neamus.
2211 4818 2330 4876 Non
2351 4819 2453 4876 hoc
2476 4830 2561 4877 est
2582 4820 2722 4893 quod
2738 4823 3016 4895 quaeritur,
3043 4825 3135 4881 sed
3160 4833 3221 4882 ut
3239 4842 3361 4882 cum
3386 4826 3538 4883 cibo-

1942 4926 2062 4967 rum
2088 4910 2416 4968 abstinentia
2443 4919 2500 4968 et
2542 4927 2574 4967 a
2594 4915 2809 4969 ceteris
2837 4912 3173 4971 abstineatur
3197 4931 3318 4987 qua:
3344 4931 3539 4974 nocere

1943 5017 2188 5074 possunt,
2215 5013 2272 5062 et
2293 5006 2650 5077 spiritualium
2679 5020 2902 5077 operum
2929 5022 3178 5080 magnam
3217 5024 3404 5067 curam
3442 5011 3507 5066 ba
3525 5041 3540 5053 ε

1941 5096 2185 5153 beamus.
2211 5095 2552 5168 Jejunantem
2574 5113 2697 5154 esse
2715 5108 2928 5170 oportet
2947 5099 3260 5167 demissum,
3274 5104 3542 5174 quietum,

1944 5191 2151 5256 mitem,
2171 5189 2451 5258 humilem,
2499 5190 2686 5262 gloria
2736 5191 2896 5263 hujus
2925 5193 3048 5251 vita:
3087 5206 3535 5270 contemptorem.

1944 5280 2082 5337 Nam
2107 5281 2245 5338 sicut
2263 5283 2459 5338 anima:
2482 5298 2596 5340 sua:
2622 5298 2806 5340 curam
2828 5284 3111 5356 despexit,
3138 5288 3209 5344 ita
3238 5298 3296 5345 et
3324 5291 3538 5347 inanem

1945 5373 2170 5443 gloriam
2189 5371 2471 5445 despicere
2523 5381 2759 5446 Oportet,
2805 5385 2863 5433 et
2911 5378 2978 5433 ad
3023 5378 3171 5435 illum
3221 5380 3397 5436 solum
3451 5397 3542 5453 qut

1947 5473 2217 5520 scrutatur
2239 5465 2403 5522 corda
2429 5475 2486 5522 et
2528 5481 2687 5524 renes
2714 5467 2737 5542 (
2768 5466 2918 5525 Psal.
2956 5469 3013 5524 7.
3043 5470 3110 5527 l0
3142 5471 3161 5542 )
3191 5511 3207 5539 ,
3246 5469 3537 5542 respicere,

1949 5571 2253 5628 magnoque
2302 5556 2484 5614 studio
2528 5571 2720 5630 preces
2773 5567 2829 5615 et
2875 5559 3246 5618 confessiones
3291 5561 3548 5619 emittere

1953 5650 2086 5720 Deo,
2107 5659 2164 5706 et
2191 5650 2658 5725 eleemosynarum
2687 5652 2889 5709 auxilio
2914 5667 3013 5725 pro
3054 5653 3259 5710 viribus
3302 5655 3540 5726 seipsum

1956 5836 1968 5847 ο
2019 5777 2200 5850 tunae,
2219 5775 2803 5850 ﬁdedigniliabebirnur,
2825 5782 3090 5850 ᾲειόπιστοι
3111 5783 3334 5850 ἐσόμεθα,
3357 5788 3540 5841 desunt

1956 5839 2006 5888 in
2037 5839 2231 5903 ﬂoret,
2250 5842 2339 5892 sed
2366 5839 2418 5892 in
2441 5839 2554 5893 aliis
2573 5839 2804 5894 omnibus
2827 5844 3090 5896 habentur.
