4086 6492
600 455 665 509 75
1334 442 1392 500 S.
1431 435 1703 496 .IOANNIS
1730 421 2181 490 CilRYSOSTOIl

2289 419 2552 478 RCIIIEP.
2590 418 3121 480 CONSTANTINOP.
3801 420 3871 478 78

587 562 938 634 juvare.iloc
964 561 1126 623 enim,
1189 557 1288 612 Loc
1328 551 1632 610 mandatum
1675 548 1905 603 maxime
1947 543 2087 596 valet
2106 537 2172 592 ad

600 655 860 713 abolenda
889 661 1100 725 peccata
1125 657 1304 707 nostra
1342 644 1544 704 omnia,
1566 653 1620 696 et
1639 640 1707 696 ad
1747 635 2054 708 eripiendos
2078 645 2175 686 nos

601 767 670 805 ex
693 749 952 819 gehennae
998 744 1118 814 igne
1148 742 1190 806 ‘,
1219 738 1378 795 modo
1401 737 1573 806 ipsum
1615 731 1902 788 liberaliter
1919 735 2031 819 ,_et
2067 738 2177 819 non

604 840 672 893 ad
694 811 1128 893 vostentatiouem
1172 826 1446 885 hominum
1515 834 1886 893 exsequamur.
1936 817 2001 871 Et
2051 811 2178 885 quid

604 929 748 995 dico,
781 943 884 984 non
911 924 977 979 ad
1015 918 1467 978 ostentationem?
1492 916 1623 972 Nam
1660 914 1704 969 si
1747 921 1892 967 recte
1917 907 2172 978 sapimus,

605 1023 676 1076 ob
699 1019 799 1074 hoc
828 1017 999 1072 solum
1023 1013 1164 1084 quod
1193 1012 1331 1065 bona
1377 1023 1466 1064 res
1517 1007 1618 1069 sit,
1646 1016 1699 1060 et
1725 1004 1795 1059 ob
1834 1000 2177 1056 commisera-

605 1114 804 1165 tionem
832 1109 884 1162 in
915 1105 1203 1176 proximos,
1233 1103 1484 1156 virtutem
1527 1097 1662 1159 hanc
1685 1108 1935 1150 exercere
1963 1098 2178 1159 oporte-

607 1203 705 1266 bit,
738 1215 843 1255 non
869 1198 941 1254 ob
987 1194 1274 1264 promissas
1314 1205 1345 1245 a
1387 1189 1611 1258 Domino
1650 1183 1946 1242 mercedes.
1978 1181 2174 1236 Verum

599 1291 819 1362 quando
844 1290 908 1345 ad
933 1288 1064 1343 nihil
1107 1285 1333 1341 sublime
1360 1290 1591 1337 mentem
1622 1277 1868 1334 attollere
1899 1275 2134 1332 valemus
2155 1312 2172 1338 ,

604 1383 688 1436 vel
713 1380 784 1435 ob
801 1377 930 1433 illud
960 1378 1132 1447 ipsum
1159 1372 1371 1444 benigni
1398 1373 1584 1434 simus,
1619 1368 1815 1422 nullam
1854 1365 1922 1420 ab
1945 1363 2178 1418 homini-

603 1473 702 1526 bus
729 1477 984 1526 venantes
1003 1465 1251 1537 gloriam,
1279 1473 1336 1518 ut
1356 1479 1426 1518 ne
1446 1471 1497 1515 et
1518 1467 1761 1528 sumptus
1790 1457 2075 1522 faciamus,
2122 1461 2178 1509 et

605 1561 851 1618 mercede
899 1560 1098 1631 pariter
1128 1558 1422 1627 privemur.
1480 1553 1535 1608 Id
1581 1550 1724 1622 quod
1771 1565 1876 1604 non
1918 1549 2091 1602 solum
2122 1547 2175 1600 in

605 1655 969 1724 elecmosyna,
997 1649 1092 1706 sed
1119 1649 1170 1702 in
1198 1660 1520 1715 unoquoque
1559 1642 1698 1699 bono
1723 1657 1886 1711 opere
1913 1637 2174 1709 spirituali

605 1741 1008 1808 attendendum,
1029 1750 1089 1798 ut
1108 1738 1240 1794 nihil
1283 1737 1350 1792 ad
1378 1735 1652 1791 hominum
1693 1731 1957 1803 preconia
2009 1728 2179 1798 respi-

602 1837 805 1890 cientes
848 1832 1105 1887 iaciamus
1135 1847 1150 1882 :
1178 1827 1412 1898 alioquin
1443 1825 1592 1880 nulla.
1616 1823 1770 1879 nobis
1805 1822 2006 1876 utilitas
2052 1820 2175 1884 erit,

602 1928 715 1981 sive
729 1924 1054 1996 jejuncmus,
1083 1921 1194 1975 sive
1222 1931 1519 1986 precemur,
1542 1913 2039 1976 sivemisereamur,
2064 1911 2179 1967 sive

605 2015 830 2086 quodvis
875 2011 1016 2068 aliud
1065 2009 1362 2074 faciamus,
1410 2005 1512 2061 nisi
1558 2014 1775 2076 propter
1813 2003 1962 2058 illum
2003 2002 2178 2059 solum

607 2109 755 2176 Ιὶςιιιι,
785 2103 1043 2175 qninovit
1087 2109 1141 2159 et
1186 2098 1518 2162 abscondita,
1567 2107 1622 2157 et
1663 2111 1783 2167 qua:
1824 2095 1877 2150 in
1916 2093 2180 2164 profundo

605 2194 801 2250 tuentis
829 2201 952 2249 sunt
980 2190 1274 2251 recondita.
1305 2187 1434 2245 Nam
1454 2188 1499 2243 si
1529 2187 1598 2242 ab
1624 2186 1720 2253 illo
1749 2185 1964 2255 pmia
1983 2199 2178 2253 caspe-

603 2294 738 2344 ctas.
769 2283 982 2342 dilecte.
1007 2283 1161 2350 cujus
1198 2278 1367 2348 gratia
1396 2277 1466 2331 ab
1493 2275 1583 2330 illo
1619 2275 1708 2345 qui
1739 2283 1922 2329 natura
1970 2274 2063 2331 tibi
2089 2287 2182 2328 eo-

603 2384 793 2446 guatus
819 2382 925 2439 est,
949 2371 1152 2429 laudari
1191 2370 1310 2424 vis?
1338 2369 1478 2439 Quid
1505 2368 1626 2424 dico
1663 2367 1907 2424 laudari?
1952 2380 2096 2436 sape
2135 2367 2180 2420 is

609 2463 944 2523 nonlaudat.
972 2462 1066 2517 sed
1092 2471 1148 2518 et
1176 2461 1393 2517 invidet.
1417 2461 1552 2517 Sunt
1575 2460 1719 2516 enim
1751 2458 1902 2514 multi
1950 2458 2018 2513 ita
2041 2458 2180 2513 male

605 2551 802 2622 affecti,
827 2564 884 2612 ut
914 2563 968 2610 et
986 2569 1048 2612 ea
1075 2569 1194 2627 quae
1216 2553 1351 2610 bene
1369 2568 1400 2606 a
1426 2552 1582 2608 nobis
1609 2560 1857 2622 aguntur.
1887 2551 1942 2605 in
1967 2559 2179 2609 cultra-

606 2647 752 2706 riutu
776 2649 1204 2716 interpretentur.
1235 2643 1399 2715 Cujus
1425 2645 1582 2714 igitur
1592 2644 1785 2714 gratia,
1804 2643 1912 2708 dio,
1934 2642 2180 2706 obsecro,

606 2751 915 2808 perversum
946 2736 1047 2792 hoc
1062 2736 1320 2809 judicium
1347 2735 1480 2791 tanti
1509 2733 1673 2791 facis!
1720 2733 2181 2803 insopitumcnitn

605 2839 660 2882 et
683 2838 942 2898 perpetuo
968 2828 1181 2902 vigilem
1209 2827 1355 2888 illum
1385 2827 1598 2882 oculum
1631 2825 1764 2880 nihil
1787 2839 1972 2880 eorum
2002 2837 2183 2894 qua

607 2918 764 2980 nobis
791 2917 920 2980 ﬁunt
942 2919 1119 2978 latere
1147 2925 1342 2988 potest.
1389 2924 1444 2972 et
1475 2925 1685 2986 oportet
1727 2915 1829 2972 hoc
1864 2915 2183 2986 cogitante»

609 3013 757 3062 tanto
791 3009 970 3070 studio
1002 3007 1426 3066 vitamnostram
1472 3005 1774 3068 instituere,
1801 3003 2019 3074 perinde
2045 3019 2108 3061 ao
2137 3004 2182 3059 si

611 3099 890 3170 paulopost
912 3096 979 3155 de
999 3097 1245 3156 omnibus
1273 3096 1450 3150 verbis
1477 3104 1532 3150 et
1559 3095 1808 3164 operibus
1830 3103 1887 3148 et
1911 3095 2183 3164 cogitatio-

613 3191 770 3247 nibus.
796 3192 1058 3248 rationem
1087 3188 1344 3248 reddituri
1389 3201 1648 3252 essemus.
1697 3185 1773 3240 Ne
1815 3186 1971 3255 igitur
1998 3185 2184 3242 salutis

612 3295 812 3336 nostrae
835 3287 1232 3346 contemptores
1278 3275 1466 3334 simus.
1513 3273 1655 3329 Nihil
1696 3275 1839 3331 enim
1880 3274 2060 3330 virtuti
2091 3289 2185 3343 par

610 3381 714 3437 est,
764 3369 1061 3434 cari-sime,
1087 3384 1203 3434 qua:
1236 3382 1335 3422 nos
1367 3375 1422 3422 et
1459 3367 1515 3420 iu
1546 3365 1724 3420 futuro
1770 3367 1966 3420 saeculo
2007 3381 2038 3420 e
2091 3380 2184 3435 ge-

614 3463 785 3515 laenna
811 3459 987 3528 eripit,
1020 3467 1072 3512 et
1098 3471 1263 3527 regno
1304 3457 1558 3512 caelorum
1589 3457 1742 3510 nobis
1773 3454 1874 3510 frui
1915 3457 2181 3522 concedit,

610 3549 664 3603 et
707 3550 757 3603 iu
803 3549 1052 3619 pracseuti
1095 3561 1306 3618 quoque
1343 3546 1538 3604 smculo
1583 3540 1832 3601 omnibus
1883 3547 2184 3616 superiores

615 3639 912 3704 constituit,
936 3638 1027 3708 qui
1070 3636 1223 3692 nobis
1255 3635 1375 3691 sine
1415 3650 1574 3690 causa
1617 3635 1966 3700 insidiantur,
1997 3644 2051 3690 et
2078 3650 2186 3690 non

613 3731 916 3786 hominibus
942 3730 1136 3794 solum,
1165 3727 1257 3782 sed
1283 3727 1444 3782 etiam
1471 3726 1872 3781 daemonibus-et
1897 3727 2012 3796 ipso
2041 3725 2185 3781 salu-

615 3822 683 3876 tis
713 3828 906 3874 nostra:
931 3819 1144 3872 inimico
1164 3817 1373 3871 diabolo
1394 3815 1640 3871 fortiores
1669 3817 1848 3872 efficit.
1869 3817 2004 3883 Quid
2028 3817 2187 3886 igitur

616 3912 692 3966 illi
717 3928 809 3981 par
834 3910 1011 3974 fuerit,
1041 3924 1157 3980 qure
1185 3925 1290 3963 non
1329 3909 1501 3963 solum
1545 3908 1847 3964 hominibus
1895 3910 2186 3964 insidianti-

616 4003 736 4068 bus,
768 4003 859 4057 sed
883 4009 937 4058 et
974 4000 1310 4056 dmmonibus
1336 4001 1638 4070 superiores
1670 4003 1752 4056 sui
1783 4002 2050 4057 studiosos
2077 4001 2188 4058 effi-

612 4094 722 4150 cit?
749 4094 924 4147 Virtus
950 4101 1126 4146 autem
1152 4101 1255 4158 est,
1281 4091 1509 4145 humans
1542 4092 1719 4146 omnia
1760 4093 2038 4161 despicere
2058 4135 2073 4158 ,
2101 4092 2187 4148 fu-

614 4194 732 4238 tura
757 4182 979 4253 singulis
1009 4181 1157 4235 horis
1201 4183 1436 4251 cogitare
1462 4224 1477 4247 ,
1507 4183 1670 4236 nullis
1702 4184 2058 4250 prmsentibus
2100 4184 2184 4238 in-

616 4275 769 4328 hiare
814 4290 826 4325 :
870 4272 964 4327 sed
1007 4272 1146 4327 scire
1192 4272 1370 4326 omnia
1419 4273 1646 4326 lunnana
1689 4274 1929 4328 umbram
1969 4289 2088 4329 esse
2133 4284 2190 4330 et

613 4364 904 4428 somnium,
929 4370 982 4416 et
1011 4362 1054 4416 si
1086 4361 1210 4432 qttid
1243 4361 1325 4416 his
1353 4362 1526 4416 vilius.
1563 4363 1740 4417 Virtus
1786 4373 1902 4427 est,
1948 4379 2071 4435 erga
2102 4382 2188 4421 nc-

611 4455 756 4525 gotia
782 4454 938 4523 hujus
965 4453 1084 4507 vita:
1113 4469 1216 4507 non
1245 4455 1414 4524 magis
1437 4455 1598 4520 allici,
1627 4471 1783 4524 quam
1822 4457 2050 4513 cadaver
2077 4458 2189 4512 afli-

612 4545 777 4609 citur,
799 4554 852 4599 et
874 4544 940 4598 ad
961 4559 1024 4599 ea
1050 4559 1168 4614 qttze
1204 4545 1395 4599 anima:
1427 4546 1651 4600 salutem
1702 4546 2021 4605 labefactare
2060 4565 2184 4620 pos-

613 4646 762 4703 sunt,
789 4634 940 4705 quasi
969 4649 1256 4700 mortuum,
1285 4635 1352 4689 ita
1374 4638 1701 4706 Operationis
1729 4650 2001 4708 expertem
2028 4658 2178 4711 esse,

621 4726 796 4781 vivere
820 4735 995 4779 autem
1024 4734 1077 4779 et
1093 4727 1302 4796 operari
1327 4736 1527 4780 tantum
1552 4729 1689 4783 circa
1716 4733 2024 4800 Spiritualia,
2050 4735 2187 4790 sicut

613 4827 665 4870 et
697 4816 888 4870 Paulus
914 4815 1126 4870 dicebat
1155 4834 1168 4870 :
1213 4815 1333 4870 Vivo
1352 4828 1539 4880 autem,
1559 4820 1671 4890 jam
1695 4837 1794 4875 non
1815 4839 1923 4892 ego,
1954 4825 2042 4878 sed
2071 4827 2183 4880 vivit

610 4910 670 4964 in
693 4924 771 4961 me
797 4905 1021 4962 Christus
1045 4910 1064 4978 (
1096 4907 1214 4962 Gal.
1236 4908 1289 4962 2.
1317 4909 1388 4963 20
1409 4909 1451 4979 ).
1479 4911 1729 4979 Proinde,
1753 4914 2104 4982 dilectissimi,
2132 4926 2180 4972 θ’

619 5015 716 5055 nos
764 5009 1028 5068 tamquam
1080 4999 1346 5054 Christum
1388 5002 1554 5057 induti
1601 5005 1779 5060 omnia
1819 5005 2103 5075 faciamus,
2133 5019 2188 5065 et

606 5104 723 5145 non
745 5093 1117 5148 contristemus
1144 5093 1398 5164 Spiritum
1446 5107 1707 5152 sanctum.
1760 5100 1981 5168 Quando
2029 5103 2187 5172 igitur

607 5184 897 5239 turbamur
925 5200 953 5238 a
974 5188 1422 5257 concupiscentia,
1470 5190 1552 5244 vel
1596 5191 1878 5248 alfectione
1917 5195 2145 5250 absurda
2165 5237 2182 5263 ,

617 5279 703 5335 vel
724 5281 819 5346 ira,
851 5281 935 5336 vel
965 5281 1163 5350 furore,
1194 5283 1278 5338 vel
1329 5285 1553 5351 invidia,
1588 5288 1883 5356 cogitemus
1923 5305 2044 5345 eum
2092 5291 2182 5362 qui

614 5371 668 5427 in
696 5371 850 5426 nobis
873 5370 1095 5435 habitat,
1125 5382 1178 5426 et
1201 5375 1526 5444 expcllamns
1553 5380 1734 5446 procul
1776 5395 1985 5436 omnem
2023 5385 2180 5438 talem

611 5461 1010 5532 cogitationem.
1046 5462 1404 5520 Revercamur
1427 5469 1751 5524 eminentem
1783 5471 1874 5526 Dei
1921 5476 2142 5543 gratiam
2163 5517 2180 5543 ,

615 5566 769 5618 quam
801 5552 953 5606 nobis
981 5553 1200 5622 largitus
1226 5564 1326 5618 est,
1348 5567 1402 5610 et
1431 5557 1760 5616 refrenemus
1789 5578 1975 5620 omnes
2003 5568 2182 5622 carnis

609 5642 936 5707 aﬂ'ectioncs,
969 5653 1043 5710 ut,
1074 5660 1194 5700 cum
1235 5647 1467 5718 legitime
1511 5652 1562 5706 in
1605 5653 1748 5708 brevi
1786 5655 1883 5710 hac
1927 5668 1980 5712 et
2011 5657 2182 5728 fragili

673 5800 688 5831 ι
717 5795 932 5871 potum,
956 5813 1019 5852 ex
1039 5805 1146 5868 igne
1164 5805 1560 5872 iuerslr’ngus’bili,
1592 5825 1696 5877 pro,
1720 5828 1783 5868 ex
1805 5817 2031 5881 gemma:
2054 5821 2162 5886 igne

2285 537 2390 589 vita
2418 536 2819 602 certaret-imos,
2848 547 3079 591 coronas
3123 531 3240 587 illas
3267 533 3490 589 eximant
3516 545 3872 604 assequamur

2283 627 2335 681 in
2363 625 2539 680 futuro
2565 625 2649 680 die
2672 626 2783 692 illo,
2813 623 3036 680 terribili
3065 623 3277 694 quidem
3304 624 3692 694 peccatoribus,
3721 625 3867 679 desi-

2281 716 2705 772 derabiliautcm
2757 717 2955 771 virtute
3007 714 3229 781 indutis,
3259 725 3315 771 et
3342 729 3643 770 mereamur
3683 714 3870 769 incia-

2283 806 2408 863 b'lia
2440 809 2529 862 illa
2557 807 2728 872 bona,
2758 807 2927 877 gratia
2979 816 3034 861 et
3081 805 3404 876 benignitate
3448 804 3657 860 Domini
3699 805 3870 860 nostri

2281 901 2409 959 Jesu
2431 900 2650 966 Christi,
2681 914 2800 956 cium
2831 912 2936 969 quo
2962 898 3031 953 sit
3062 897 3201 952 Patri
3217 905 3279 953 et
3292 896 3509 967 Spiritui
3537 906 3727 951 sancto
3753 897 3873 966 glo-

2283 992 2384 1057 ria,
2418 992 2720 1062 imperium,
2744 995 2936 1057 honor,
2965 1000 3105 1046 stuic
3133 1000 3420 1060 etsemper
3445 1029 3462 1056 ,
3503 997 3561 1045 et
3587 990 3640 1044 in
3670 989 3871 1045 secula

2282 1082 2630 1139 saeclorum.
2658 1076 2853 1139 Anl‘ea.

2860 1189 3136 1247 BOHILIA
3176 1190 3268 1248 ix.

2284 1302 2366 1358 De
2382 1304 2448 1358 iis
2473 1319 2587 1374 qua
2620 1314 2895 1375 meatur
2929 1304 3037 1358 hoc
3075 1303 3244 1370 mea,
3274 1303 3554 1360 Faciamus
3595 1305 3872 1362 hominem

2353 1394 2647 1450 secundum
2681 1394 2964 1464 imaginem
2993 1404 3234 1450 nostram
3268 1405 3358 1451 ιιι
3385 1397 3626 1452 adrasus
3667 1413 3753 1452 eos
3785 1397 3875 1465 qui

2354 1487 2546 1553 dicunt,
2581 1486 2686 1540 Car
2706 1487 2875 1542 bestia
2895 1487 3048 1557 facta
3072 1497 3208 1554 sunt,
3232 1496 3280 1541 et
3305 1488 3417 1557 quis
3443 1505 3562 1543 sissis
3600 1490 3874 1544 «canonis

2352 1580 2566 1634 eamus?
2588 1577 2657 1632 Et
2681 1579 2819 1650 quod
2837 1580 2916 1634 vel
2943 1580 3018 1633 sic
3041 1580 3262 1634 maxime
3283 1581 3564 1635 dedantur
3583 1581 3751 1635 honor
3779 1583 3874 1634 ho-

2353 1670 2480 1722 mini
2504 1669 2724 1739 habitus,
2749 1679 2910 1744 atqu
2935 1669 3207 1738 inelabilis
3238 1669 3346 1726 Dei
3373 1689 3492 1744 erga
3518 1672 3688 1744 ipsum
3715 1673 3871 1728 bene-

2351 1759 2588 1814 volentia.

2355 1873 2408 1928 l.
2450 1870 2712 1944 Agricola:
2759 1873 3140 1941 studiosiores.
3169 1887 3294 1932 cum
3339 1875 3532 1946 pingue
3559 1875 3795 1932 viderint
3817 1887 3876 1935 ct

2284 1964 2605 2035 profundum
2621 1980 2830 2031 arvum,
2852 1965 3069 2037 largiter
3081 1967 3285 2022 semina
3301 1978 3576 2039 spargunt,
3595 1984 3874 2041 magnam-

2283 2071 2386 2125 que
2411 2063 2466 2109 et
2486 2055 2756 2111 assiduam
2780 2055 3105 2126 diligentiam
3131 2058 3466 2123 adhibentes.
3500 2062 3742 2130 quotidie
3778 2077 3876 2118 ea-

2286 2146 2516 2215 plorant,
2547 2162 2675 2202 num
2704 2148 2840 2202 forte
2862 2147 3055 2203 alicubi
3078 2148 3168 2215 sit,
3191 2149 3332 2218 quod
3353 2152 3518 2220 segeti
3568 2166 3788 2218 nocere,
3816 2163 3874 2210 et

2285 2236 2521 2291 laborem
2559 2251 2717 2307 quem
2745 2248 3095 2308 susceperunt
3126 2239 3366 2295 inutilem
3414 2242 3582 2311 possit
3621 2242 3869 2300 reddere.

2284 2325 2454 2381 Simili
2483 2327 2643 2382 modo
2661 2336 2718 2380 et
2747 2342 2844 2382 rios
2863 2328 3138 2397 spirituale
3165 2328 3488 2386 desiderium
3520 2341 3757 2388 vestrum
3778 2375 3795 2401 ,
3817 2341 3876 2389 et

2286 2407 2472 2490 ingens
2495 2417 2742 2474 audiendi
2762 2419 2994 2475 studium
3025 2420 3287 2489 videntes,
3317 2437 3532 2492 operam
3579 2423 3775 2480 damus
3812 2436 3875 2482 ut

2286 2510 2522 2581 quotidie
2545 2512 2836 2566 sententias
2855 2511 3116 2582 quasdam
3139 2511 3332 2568 divina:
3365 2513 3656 2584 Scriptum
3676 2526 3876 2573 vestra

2287 2601 2454 2656 menti
2496 2601 2793 2666 inseramus
2811 2641 2832 2670 ,
2858 2600 3116 2671 vobisque
3143 2602 3306 2657 etiam
3337 2602 3634 2659 indicemus
3665 2620 3728 2660 ea
3751 2621 3876 2677 qua

2285 2688 2544 2758 spirituali
2570 2685 2758 2746 semini
2787 2692 2942 2746 noxia
2971 2705 3090 2746 esse
3115 2701 3355 2761 possunt,
3388 2709 3456 2749 ne
3481 2693 3616 2751 forte
3643 2697 3876 2754 circum-

2286 2777 2590 2849 veniamini,
2621 2799 2756 2840 neve
2782 2792 2908 2838 sana
2930 2783 3186 2841 doctrina:
3204 2785 3448 2856 dogmata
3478 2786 3874 2846 labebsctentur

2289 2888 2386 2942 per
2431 2877 2780 2946 quorumdam
2827 2890 3098 2943 conatum,
3133 2881 3224 2949 qui
3268 2880 3524 2944 Ecclesia:
3552 2884 3877 2953 placitorum

2288 2963 2405 3019 loco
2431 2966 2690 3020 ratiocinii
2711 2969 2793 3022 sui
2816 2967 3061 3038 ﬁgmenta
3085 2969 3336 3028 inducere
3362 2980 3590 3040 tentant.
3623 2973 3877 3038 Vestrum

2288 3065 2467 3111 autem
2492 3056 2675 3125 fuerit,
2699 3059 2940 3130 deposita
2980 3063 3206 3131 posthac
3247 3063 3534 3135 diligenter
3569 3080 3880 3129 sumre.“

2290 3148 2440 3202 firma
2490 3154 2746 3206 memoria
2792 3154 3083 3218 custodire,
3137 3167 3195 3209 ut
3236 3156 3441 3213 facilius
3489 3167 3554 3214 et
3595 3163 3878 3231 sequentia

2289 3245 2543 3309 consequi
2579 3241 2816 3310 possitis.
2867 3243 3001 3299 Nam
3057 3245 3160 3300 nisi
3207 3263 3347 3303 nunc
3399 3249 3465 3305 ad
3525 3251 3879 3321 profundiore

2291 3327 2685 3398 Scripturarum
2707 3346 2863 3387 sensa
2894 3348 2994 3389 nos
3017 3334 3476 3406 descenderimus,
3503 3350 3559 3397 et
3588 3357 3682 3397 vos
3717 3359 3869 3399 men-

2291 3428 2397 3475 tem
2419 3431 2648 3476 vestram
2665 3425 3058 3498 coaptaveritis,
3087 3428 3299 3497 quando
3317 3429 3506 3500 jejunii
3529 3442 3745 3504 tempus
3767 3446 3872 3501 est.

2288 3511 2502 3580 quando
2522 3513 2587 3566 ad
2616 3513 2906 3570 natandum
2927 3517 3163 3573 membra
3191 3530 3374 3576 nostra
3404 3524 3696 3589 sontlcvia,
3724 3543 3878 3582 meo-

2291 3602 2360 3654 tis
2383 3611 2560 3657 autem
2585 3605 2768 3660 oculus
2791 3606 3214 3679 acutior,utpote
3234 3627 3338 3666 non
3364 3613 3880 3675 turbatusdamnoso

2292 3695 2578 3764 voluptatis
2609 3696 2753 3752 ﬂuxu
2778 3716 2793 3764 ;
2823 3700 3044 3767 spiritus
3064 3718 3296 3774 quoque,
3328 3720 3397 3761 ne
3422 3706 3711 3764 suﬂocetur
3731 3751 3749 3776 ,
3774 3726 3876 3765 ex.

2292 3786 2520 3854 peditior
2579 3805 2592 3840 :
2651 3790 2990 3860 quandonam
3050 3795 3331 3850 commode
3408 3798 3700 3866 poterimus
3761 3799 3878 3857 huic

2293 3878 2504 3933 facere?
2525 3895 2651 3934 num
2673 3881 2888 3951 quando
2906 3881 3111 3940 delicia:
3127 3925 3141 3947 .
3187 3893 3243 3940 et
3286 3887 3518 3943 ebrietas
3538 3929 3554 3955 ,
3582 3891 3875 3956 voracitas,

2293 3971 2531 4038 crapula,
2555 3982 2608 4025 et
2634 3973 2736 4028 alia
2777 3988 2895 4044 quae
2936 3974 3059 4030 inde
3088 3988 3379 4032 nascuntur
3419 3981 3555 4034 mala
3600 3984 3880 4052 regnant?

2293 4057 2408 4114 Non
2446 4062 2651 4128 videtis,
2698 4079 2791 4120 eos
2833 4065 2921 4136 qui
2963 4067 3061 4121 bos
3087 4069 3350 4137 pretiosos
3388 4069 3592 4139 lapides
3629 4087 3695 4127 ex
3741 4074 3879 4129 mari

2293 4153 2523 4208 educere
2548 4167 2812 4223 quteruut,
2846 4173 2952 4214 non
2973 4160 3163 4216 sedere
3197 4161 3345 4230 juxta
3377 4162 3521 4218 littus
3553 4166 3748 4232 maris,
3777 4165 3880 4221 llu-

2294 4254 2411 4298 ctus
2440 4258 2813 4312 numerantes;
2839 4249 2933 4303 sed
2953 4251 3004 4304 in
3025 4251 3346 4320 profundum
3385 4268 3445 4308 se
3487 4254 3789 4324 demittere,
3822 4270 3880 4316 et

2295 4345 2352 4389 ut
2371 4338 2438 4390 ita
2464 4337 2660 4406 dicam,
2688 4341 2837 4409 quasi
2859 4342 2910 4395 in
2931 4342 3072 4412 ipsos
3087 4343 3236 4398 sinus
3259 4344 3436 4414 abyssi
3462 4345 3875 4416 descendentes,

2291 4429 2503 4497 assequi
2551 4430 2692 4498 quod
2747 4440 2887 4486 tanta
2941 4448 3104 4501 opera
3151 4435 3476 4505 exquirunt?
3542 4438 3876 4512 Quamquam

2292 4519 2419 4588 quid
2446 4535 2650 4590 magna:
2676 4522 2916 4579 utilitatis
2943 4526 3062 4580 vitae
3092 4525 3214 4581 huic
3238 4528 3479 4584 attulerit
3502 4531 3713 4588 illorum
3744 4535 3874 4604 lapic

2291 4610 2417 4663 dum
2442 4612 2715 4666 inventio?
2744 4613 2957 4669 Utinam
3004 4632 3132 4672 vero
3162 4633 3266 4673 non
3314 4619 3544 4690 iugentia
3572 4622 3765 4679 damna
3796 4626 3875 4680 in-

2295 4699 2514 4757 ferrent.
2547 4703 2684 4759 llinc
2702 4706 2844 4760 enim
2873 4708 3151 4763 innumera
3175 4722 3466 4765 nascuntur
3495 4714 3656 4779 mala,
3692 4730 3758 4770 ea
3788 4715 3874 4770 iu-

2294 4809 2426 4849 sano
2451 4809 2640 4864 nempe
2662 4797 2898 4865 pecuniae
2919 4813 3102 4854 amore
3125 4810 3179 4854 et
3203 4815 3268 4855 ex
3293 4801 3442 4858 rabie
3459 4804 3600 4859 circa
3611 4820 3874 4874 gemmas.

2299 4890 2541 4942 Attamen
2574 4887 2698 4943 licet
2747 4899 2890 4944 tanta
2931 4891 3052 4946 inde
3083 4903 3368 4948 nascantur
3403 4897 3538 4950 mala
3564 4906 3617 4952 et
3653 4896 3872 4962 damna,

2295 4981 2440 5034 nullo
2466 4983 2624 5036 modo
2644 4996 2834 5052 segnes
2849 4993 2972 5037 sunt
2998 4985 3032 5038 ii
3053 4984 3141 5054 qui
3159 4985 3262 5040 illis
3279 4998 3487 5054 vacant,
3515 4987 3608 5043 sed
3635 4989 3874 5059 pericula

2293 5071 2490 5130 adeunt
2539 5077 2879 5148 laboremque
2915 5079 3139 5132 multum
3189 5080 3508 5150 suscipiunt,
3543 5091 3599 5136 ut
3630 5084 3877 5140 invenire

2294 5168 2499 5238 possint
2530 5169 2580 5223 id
2602 5170 2741 5240 quod
2765 5181 3028 5240 quaerunt.
3057 5171 3113 5226 in
3141 5172 3333 5226 divinis
3355 5182 3533 5228 autem
3554 5173 3869 5246 Scripturis,

2292 5269 2346 5312 et
2371 5260 2422 5314 in
2451 5261 2818 5330 spiritualibus
2859 5272 2914 5318 et
2946 5263 3192 5332 pretiosis
3238 5264 3340 5318 illis
3379 5265 3664 5334 lapidibus,
3696 5284 3874 5339 neque

2293 5353 2586 5421 periculum
2617 5354 2873 5424 suspicari
2902 5355 3048 5420 licet,
3079 5369 3250 5426 neque
3265 5356 3464 5412 multus
3477 5367 3560 5413 est
3575 5357 3745 5421 labor.
3774 5359 3874 5415 sed

2291 5442 2495 5497 lucrum
2528 5443 2812 5508 incﬂ'abile.
2844 5447 2890 5502 si
2913 5460 2975 5502 ea
3007 5453 3211 5500 tantum
3236 5461 3355 5516 qua:
3385 5458 3568 5504 nostra
3595 5458 3719 5503 sunt
3744 5463 3872 5504 cum

2291 5532 2564 5588 alacritate
2591 5533 2890 5590 aderamus.

2364 5626 2542 5682 Gratia
2567 5629 2741 5697 quierit
2765 5645 2847 5684 ros
2872 5630 2959 5699 qui
2983 5645 3038 5684 se
3055 5630 3332 5700 suscipiant
3353 5645 3372 5694 ;
3393 5632 3552 5686 brevis
3593 5634 3872 5688 exhortatio

2291 5733 2338 5777 et
2363 5721 2694 5791 quorumdam
2733 5739 2796 5777 ea:
2833 5723 2981 5777 dictis
3013 5725 3394 5791 resumptio.—
3415 5722 3594 5780 Gratia
3645 5734 3727 5778 est
3779 5740 3870 5794 pa-

2292 5823 2429 5881 rata,
2460 5828 2708 5886 quzerens
2732 5829 2826 5872 eos
2853 5815 2944 5887 qui
2978 5829 3037 5873 se
3076 5829 3200 5874 cum
3237 5816 3513 5872 alacriutte
3555 5816 3868 5888 suscipiant.
