4102 6500
481 486 548 544 77
1242 483 1299 541 S.
1337 481 1619 539 JOANNIS
1654 466 2132 536 CHRYSOST‘OMI
2160 468 2474 531 ARCHIEP.
2501 469 3038 530 CONSTANTINOP.
3805 467 3872 524 73

480 601 649 674 αὐτὴν
667 599 1108 671 ὑποδεχομένους.
1135 599 1381 660 Τοιοῦτος
1405 596 1512 668 γάρ
1533 599 1561 650 ὁ
1585 597 1858 663 Δεσπότης
1888 597 1915 646 ό
1931 593 2126 662 ἡμέτε-

483 708 573 761 ρος
591 705 605 718 ·
635 689 852 742 ἐπειδὰν
873 689 955 760 ῖδῃ
977 689 1157 758 ψυχὴν
1178 685 1602 755 διεγηγερμένην
1625 685 1718 737 καὶ
1741 683 1900 735 πόθον
1921 681 2128 743 ζέοντα,

479 777 569 828 τὸν
605 779 800 831 οἰκεῖον
836 775 1060 827 πλοῦτον
1093 772 1231 843 μετά
1279 771 1554 840 δαψιλείας
1592 772 1816 841 χορηγεῖ
1872 765 2131 838 ὑπερϐαίο

479 880 637 915 νοντα
670 861 766 932 τὴν
796 863 1006 931 αῖτησιν
1038 862 1101 928 τῇ
1133 857 1306 930 οἰκείᾳ
1333 857 1634 927 φιλοτιμίᾳ.

555 948 807 1018 β’.ἰ“αῦτα
823 946 1000 998 τοίνυν
1017 945 1233 1008 εἰδότες,
1252 945 1360 1012 ἀγα
1369 944 1546 1014 πητοί,
1562 939 1960 1010 ἐκκαθάραντες
1979 937 2129 1005 ὑμῶν

480 1031 569 1085 τδν
597 1032 847 1101 λογισμὸν
873 1031 978 1083 ἀπὸ
1004 1030 1111 1084 τῶν
1142 1030 1407 1100 βιωτικῶν
1439 1028 1792 1099 πραγμάτων,
1847 1026 1939 1078 καὶ
1969 1023 2131 1094 εὐρύ-

479 1135 663 1180 ναντες
693 1117 843 1186 ὑμῶν
878 1117 939 1169 τὸ
986 1117 1183 1180 πλάτος
1228 1116 1323 1184 τῆς
1351 1114 1604 1178 διανοίας,
1641 1112 1776 1181 μετά
1806 1107 2003 1179 πολλῆς
2031 1109 2132 1176 τῆς

483 1204 786 1276 προθυμίας
807 1203 1026 1274 δέχεσθε
1047 1203 1114 1256 τά
1132 1203 1276 1271 παρά
1297 1200 1390 1253 τοῦ
1403 1201 1545 1252 Πνεύ
1554 1216 1719 1269 ματος
1734 1197 2128 1268 χορηγούμενα,

483 1293 568 1344 ῖνα
596 1291 846 1362 καθάπερ
875 1292 943 1360 γῆ
977 1289 1179 1359 λιπαρά
1204 1288 1295 1339 καὶ
1321 1287 1539 1356 γόνιμος
1573 1284 2042 1350 πολυπλασιάσητε
2063 1283 2130 1334 τὰ

481 1378 938 1448 καταϐαλλόμενα,
972 1377 1064 1431 καὶ
1089 1377 1351 1444 ποιήσητε
1371 1376 1399 1426 6
1429 1373 1527 1444 μὲν
1546 1372 1756 1435 ἑκατὸν,
1788 1372 1815 1422 ό
1839 1371 1892 1423 δὲ
1914 1369 2131 1439 ἐξήκον-

479 1484 566 1529 τα,
607 1467 635 1518 6
667 1466 723 1519 δέ
765 1463 1081 1536 (τριάκοντα.
1157 1461 1452 1515 Ἠκούσατε
1495 1463 1552 1512 ἐν
1587 1462 1703 1522 ταῖς
1737 1455 2131 1529 προλαϐούσαις

478 1551 713 1621 ἡμέραις
743 1551 840 1620 τὴν
866 1551 1068 1618 ἄφατον
1100 1548 1288 1616 σοφίαν
1317 1545 1408 1600 τοῦ
1459 1546 1525 1598 τά
1558 1543 1804 1614 δρώμενα
1847 1543 2019 1595 πάντα
2047 1559 2134 1594 τε-

484 1636 842 1706 κτηναμένου,
895 1635 990 1688 καί
1035 1635 1180 1696 ὅπως
1211 1635 1413 1703 ῥήματι
1465 1630 1620 1701 μόνον
1650 1630 1742 1681 καὶ
1781 1628 2036 1698 θελήματι
2065 1627 2131 1680 τά

483 1723 660 1775 πάντα
691 1724 1022 1792 παρήγαγεν.
1055 1715 1188 1772 Εἷπε
1211 1717 1338 1787 γάρ,
1372 1715 1706 1782 Γενηθήτω,
1752 1716 1842 1766 καί
1897 1715 2130 1781 ἐγένετο,

483 1808 574 1858 καὶ
603 1806 800 1868 εὐθέως
826 1803 1074 1875 παρήχθη
1113 1803 1325 1856 ᾶπαντα
1356 1802 1424 1855 τά
1451 1803 1703 1871 στοιχεῖα,
1733 1800 1826 1852 καὶ
1852 1801 2049 1870 ἤρκεσε
2072 1800 2134 1851 τὸ

483 1893 631 1962 ῥῆμα
665 1892 796 1962 πρὸς
823 1891 918 1962 τὴν
974 1889 1081 1944 τῶν
1118 1889 1420 1959 γενομένων
1475 1888 1750 1950 σύστασιν,
1801 1886 1899 1938 οὐκ
1949 1886 2132 1955 ἐπειδὴ

484 1980 637 2050 ῥῆμα
664 1976 731 2050 ἦν
763 1980 967 2044 ἁπλῶς,
999 1979 1111 2033 ἀλλ’
1137 1978 1320 2048 ἐπειδὴ
1357 1979 1504 2047 ῥῆμα
1528 1976 1684 2028 Θεοῦ.
1718 1975 2008 2044 Μέμνησθε
2027 1974 2134 2026 τῶν

481 2067 604 2120 τότε
627 2066 951 2138 κινηθέντων
981 2067 1108 2136 ἡμῖν
1140 2065 1276 2135 πρὸς
1315 2065 1436 2126 τούς
1495 2063 1552 2126 ἐξ
1595 2062 1957 2130 ὑποκειμένης
2005 2060 2135 2127 ὐλης

482 2152 738 2222 λέγοντας
760 2153 825 2206 τά
873 2154 998 2206 ὅντα
1024 2151 1367 2220 γεγενῆσθαι,
1399 2150 1490 2201 καὶ
1517 2149 1612 2217 τὴν
1647 2150 1847 2201 οἰκείαν
1873 2148 1933 2218 λη
1945 2147 2136 2217 ρωδίαν

484 2241 903 2311 ἐπεισφέροντας
928 2241 1034 2302 τοῖς
1059 2239 1155 2308 τῆς
1198 2236 1517 2306 Ἑκκλησίας
1554 2236 1832 2304 δόγμασιν.
1876 2232 2138 2302 Ἔμάθετε

484 2329 628 2392 τίνος
650 2329 831 2381 ἐνεκεν
873 2326 964 2378 τὸν
1008 2326 1103 2394 μὲν
1131 2324 1352 2396 οὐρανὸν
1397 2323 1797 2392 ἀπηρτισμένον
1828 2321 2132 2390 παρήγαγε,

486 2415 584 2484 τὴν
621 2415 675 2468 δέ
694 2415 795 2483 γῆν
835 2413 1157 2482 ἀμόρφωτον
1187 2410 1281 2463 καὶ
1311 2409 1698 2463 ἀδιατύπωτον.
1737 2409 1840 2460 Καὶ
1893 2407 2001 2477 γὰρ
2031 2407 2136 2458 εδύο

488 2500 666 2563 αἰτίας
697 2501 814 2553 τότε
861 2500 1178 2567 εἰρήκαμεν,
1240 2497 1368 2567 μίαν
1398 2496 1515 2565 μὲν,
1556 2497 1640 2548 ἵνα
1690 2497 1746 2546 ἐν
1792 2495 1866 2564 τῷ
1913 2494 2137 2563 βελτίονι

491 2582 740 2652 στοιχείῳ
767 2579 1172 2649 καταμαθόντες
1198 2579 1296 2648 τὴν
1324 2577 1548 2646 δύναμιν
1581 2577 1680 2629 τοῦ
1711 2577 1995 2637 Δεσπότου,
2036 2594 2141 2645 μη-

491 2669 606 2721 κέτι
640 2666 1061 2736 ἀμφιϐάλλωμεν
1093 2664 1397 2735 νομίζοντες
1440 2664 1505 2716 δι’
1554 2664 1832 2716 ἀσθένειαν
1863 2664 2140 2733 δυνάμεως

490 2755 645 2807 τοῦτο
676 2753 958 2821 γενέσθαι’
1022 2754 1210 2822 ἑτέραν
1256 2752 1332 2816 δέ,
1388 2752 1571 2820 ἐπειδὴ
1625 2751 1778 2819 αῦτηῖ
1814 2752 1907 2802 καὶ
1962 2751 2144 2819 μήτηρ

492 2842 586 2895 καὶ
613 2841 807 2911 τροφὸς
824 2843 953 2910 ἡμῖν
980 2841 1292 2911 γεγένηται,
1318 2840 1410 2892 καὶ
1433 2839 1490 2904 ἐξ
1515 2841 1682 2906 αὐτῆς
1699 2841 1790 2890 καὶ
1814 2837 2140 2906 τρεφόμεθα,

493 2930 587 2981 καὶ
621 2929 834 2981 πάντων
857 2926 964 2978 τῶν
998 2926 1169 2979 ἄλλων
1213 2925 1551 2995 ἀπολαύομεν
1589 2936 1638 2986 ι,
1677 2925 1766 2976 καὶ
1811 2925 1945 2994 πρὸς
1978 2923 2144 2992 αὐτὴν

495 3018 656 3072 πάλιν
697 3015 954 3085 ἐπάνιμεν
979 3032 990 3044 ·
1029 3014 1166 3085 αῦτη
1194 3013 1301 3084 γὰρ
1331 3016 1461 3084 ἡμῖν
1493 3015 1584 3068 καὶ
1618 3014 1812 3084 πατρὶς
1845 3013 1935 3065 καὶ
1978 3014 2145 3081 τάφος

494 3105 641 3158 ἐστίν
660 3121 672 3134 ο
693 3103 777 3156 ἴνα
797 3102 924 3171 γοῦν
944 3102 1093 3173 μὴτὸ
1118 3102 1214 3170 τῆς
1236 3101 1419 3172 χρείας
1446 3101 1736 3168 ἀναγκαῖον
1755 3100 2147 3169 παρασκευάσῃ

505 3188 646 3259 μέγα
659 3207 710 3243 τι
731 3189 824 3242 καὶ
847 3191 972 3259 περὶ
1001 3188 1170 3257 αὐτῆς
1194 3186 1572 3256 φαντάζεσθαι,
1600 3186 1864 3239 δείκν·.›σ.ν
1895 3185 2060 3255 αὐτὴν
2093 3185 2150 3251 ἐξ

498 3278 672 3347 ἀρχῆς
701 3276 1020 3347 ἀμόρφωτον
1039 3293 1052 3305 ⁸
1084 3275 1169 3326 ἵνα
1201 3273 1578 3342 παιδευώμεθα
1607 3272 1700 3324 καὶ
1731 3273 1795 3324 δι’
1841 3270 2019 3326 αὐτῶν
2044 3270 2150 3323 τῶν

499 3363 857 3434 πραγμάτων,
911 3360 1106 3432 μηκέτι
1147 3362 1213 3429 τῇ
1270 3357 1426 3428 φύσει
1456 3359 1552 3426 τῆς
1582 3357 1683 3426 γῆς
1735 3356 2039 3424 λογίζεσθαι
2081 3357 2150 3409 τά

501 3447 872 3520 προειρημένα
898 3448 1131 3510 ἅπαντα,
1170 3445 1303 3498 ἀλλά
1327 3447 1392 3514 τῇ
1420 3444 1644 3513 δυνάμει
1686 3441 1780 3494 τοῦ
1811 3442 2152 3512 παραγαγόν-

499 3552 610 3598 τος.
671 3533 931 3604 Ἐμάθετε
967 3532 1131 3585 πάλιν
1191 3531 1305 3594 πῶς
1358 3531 1449 3582 τὸν
1486 3528 1761 3601 χωρισμὸν
1812 3529 1918 3580 τῶν
1951 3529 2152 3582 ὑδάτων

502 3621 814 3692 εἰργάσατο,
846 3619 904 3672 τὸ
931 3619 1211 3690 στερέωμα
1233 3617 1389 3671 τοῦτο
1423 3617 1481 3670 τὸ
1508 3617 1782 3686 ὁρώμενον
1810 3615 2152 3686 παραχθῆναι

505 3706 842 3777 προστάξας·
876 3707 1042 3758 εἰδετε
1079 3705 1148 3758 τά
1177 3705 1288 3770 ζῶα
1310 3705 1377 3757 τὰ
1406 3704 1638 3774 ἐμψυχα,
1683 3703 1775 3756 καὶ
1802 3704 1864 3755 ἐκ
1893 3703 1998 3756 τῶν
2029 3702 2154 3755 ὑδά-

505 3813 630 3858 των,
666 3795 759 3846 καὶ
802 3795 864 3847 ἐκ
913 3794 1008 3861 τῆς
1064 3793 1167 3862 γῆς
1215 3792 1580 3862 ἀναδιδόμενα.
1636 3791 1818 3844 Ταῦτα
1844 3792 1942 3862 οὐχ
1972 3790 2154 3854 ἁπλῶς

506 3881 625 3934 οὐδὲ
665 3880 839 3949 μάτην
885 3879 977 3931 νῦν
1007 3877 1383 3947 ἀναγκάζομαι
1412 3877 1877 3946 ἐπαναλαμϐάνειν
1912 3878 2005 3930 καὶ
2035 3878 2153 3930 δευ-

417 3985 426 3994 δ
507 3967 696 4038 τεροῦν
747 3967 835 4020 ἐπὶ
890 3967 986 4036 τῆς
1047 3966 1316 4036 ὑμετέρας
1372 3965 1620 4035 ἀγάπηςο
1651 3965 1761 4017 ἀλλ’
1792 3965 1878 4017 ἵνα
1921 3966 2028 4028 τοῖς
2061 3965 2156 4034 μέν

509 4056 799 4125 ἀκηκοόσιν
853 4055 1104 4118 ὑπόθεσις
1151 4054 1396 4124 γένηται,
1430 4053 1518 4106 καὶ
1572 4053 1972 4124 ἀσφαλέστερον
2020 4054 2158 4107 αὐτά

512 4140 878 4195 ἐναποθῶνται
923 4143 986 4211 τῇ
1039 4141 1271 4210 διανοίᾳ·
1325 4143 1435 4202 τοῖς
1481 4139 1536 4192 δὲ
1589 4140 1707 4192 τότε
1753 4140 1826 4210 μὴ
1863 4157 2162 4209 παραγενο-

517 4229 697 4298 μένοις
741 4227 980 4298 ἀρκοῦσα
1019 4228 1240 4298 γένηται
1295 4229 1327 4296 ἡ
1373 4227 1719 4290 διδασκαλία,
1774 4230 1868 4281 καὶ
1895 4229 2161 4299 μηδεμίαν

515 4318 579 4367 ἐκ
623 4315 716 4368 τοῦ
766 4315 837 4385 μὴ
879 4318 1129 4383 παρεῖναι
1182 4315 1210 4354 λ
1263 4312 1461 4384 ζημίαν
1489 4315 1847 4384 ὑπομένωσιν.
1897 4317 2162 4370 ’1-2πείκαὶ

518 4403 700 4472 πατὴρ
757 4402 1103 4472 φιλόστοργος
1153 4404 1261 4464 τοῖς
1308 4400 1674 4470 ἀπολειφθεῖσι
1709 4403 1861 4455 παισί
1905 4405 1997 4471 τῆς
2027 4421 2162 4474 τρα-

516 4487 690 4557 πέζης
743 4489 810 4541 τά
873 4489 1092 4558 λείψανα
1157 4487 1543 4556 διαφυλάττει,
1605 4488 1688 4540 ῐνα
1739 4490 2164 4559 παραγενόμενοι

517 4573 865 4645 παραμυθίαν
914 4575 1011 4644 τῆς
1064 4575 1325 4637 ἀπουσίας
1381 4572 1580 4645 ε’ύρωσι
1629 4574 1725 4645 τὴν
1763 4575 1962 4628 τούτων
2005 4577 2167 4644 φυλα-

519 4661 640 4729 κήν.
694 4660 788 4713 Διά
813 4661 877 4731 δὴ
924 4659 1079 4713 τοῦτο
1112 4660 1206 4713 καὶ
1255 4661 1413 4730 ἡμεῖς
1448 4661 1662 4713 πάντων
1710 4662 1936 4714 ἐνταῦθα
1970 4665 2168 4716 συνιόν-

519 4763 625 4801 των
650 4745 724 4809 ὼς
760 4746 968 4798 οἰκείων
1013 4746 1190 4817 μελῶν
1233 4747 1554 4817 κηδόμενοι,
1607 4747 1696 4799 καὶ
1746 4746 1843 4820 τὴν
1900 4749 2164 4819 ὑμετέραν

521 4831 802 4902 προκοπὴν
859 4832 1059 4884 οἰκείαν
1108 4832 1448 4905 εὐδοκίμησιν
1499 4832 1815 4902 τιθέμενοι,
1870 4835 2165 4904 ἐπιθυμοῦ-

526 4934 623 4988 μεν
646 4917 761 4990 [671
798 4919 1035 4982 ἅπαντας
1085 4920 1317 4982 τελείους
1355 4922 1446 4972 καὶ
1479 4919 1910 4989 ἀπηρτισμένους
1952 4922 2165 4974 ἀποδει-

524 5007 715 5077 χθῆναι
743 5009 818 5070 εἰς
844 5006 997 5070 δόξαν
1028 5006 1184 5071 Θεοῦ,
1209 5010 1302 5060 καὶ
1323 5009 1399 5070 εἰς
1427 5007 1770 5077 εὐδοκίμησιν
1803 5008 1900 5078 τῆς
1939 5007 2165 5060 Ἐκκλη-

525 5095 686 5159 σίας,
725 5097 816 5147 καὶ
869 5095 949 5158 εἰς
1007 5095 1264 5163 καύχημα
1318 5095 1599 5164 ἡμέτερον.
1655 5095 1762 5146 Καὶ
1805 5095 1852 5146 εἰ
1907 5093 1982 5164 μὴ
2030 5093 2168 5147 δοκῶ

525 5180 899 5251 παρενοχλεῖν,
941 5181 1071 5250 φέρε
1122 5180 1187 5232 δι’
1219 5180 1410 5248 ὀλίγων
1440 5181 1531 5232 καὶ
1557 5179 1663 5232 τῶν
1697 5180 1820 5250 χθὲς
1861 5181 1990 5250 ἡμῖν
2021 5182 2170 5251 εἰρη-

531 5267 704 5336 μένων
737 5268 1131 5336 ὑπομνήσωμεν
1161 5265 1310 5336 ὑμῶν
1333 5267 1430 5336 τὴν
1465 5265 1703 5334 ἀγάπην.
1734 5265 1914 5318 Εδετε
1935 5267 2032 5336 τὴν
2059 5267 2170 5319 δια-

529 5352 696 5419 φορὰν
733 5349 832 5418 τῆς
869 5351 1222 5420 δημιουργίας
1269 5352 1376 5404 τῶν
1429 5351 1762 5420 κτισμάτων,
1794 5352 1887 5404 καὶ
1934 5354 2031 5422 τῆς
2076 5351 2170 5404 τοῦ

527 5435 810 5505 ἀνθρώπου
830 5438 1185 5501 διαπλάσεως·
1225 5439 1490 5508 ἠκούσατε
1518 5441 1650 5509 ὅσης
1671 5441 1834 5510 τιμῆς
1856 5440 2051 5510 ἠξίωσε
2081 5442 2171 5494 τὸν

529 5522 767 5592 ἀρχηγὸν
798 5525 888 5576 τοῦ
921 5524 1107 5592 γένους
1138 5524 1231 5577 τοῦ
1265 5526 1549 5597 ἡμετέρου,
1588 5528 1680 5579 καὶ
1706 5528 1761 5578 ἐν
1792 5528 1924 5598 αὐτῇ
1957 5531 2020 5598 τῇ
2061 5529 2166 5581 δια-

531 5610 724 5662 πλάσει
750 5609 862 5673 πῶς
892 5612 956 5663 δι’
977 5611 1153 5665 αὐτῶν
1181 5611 1287 5664 τῶν
1313 5614 1566 5682 ῥημάτων
1595 5614 1686 5665 καὶ
1714 5614 1810 5682 τῆς
1838 5614 1943 5666 τῶν
1975 5614 2172 5678 λέξεων

530 5696 836 5768 παχύτητος
869 5698 1092 5769 ἐνέφηνε
1119 5700 1214 5770 τὴν
1246 5700 1407 5770 τιμὴν
1439 5701 1535 5769 τὴν
1566 5702 1645 5763 εἰς
1680 5701 1769 5752 τὸν
1799 5700 2052 5768 μέλλοντα
2080 5701 2172 5769 δη-

533 5785 923 5853 μιουργεῖσθαι,
957 5785 1145 5853 λέγων,
1173 5787 1517 5856 Ποιήσωμεν
1538 5788 1846 5856 ἄνθρωπον
1879 5790 2001 5841 κατ’
2031 5791 2175 5841 sua-

589 5948 614 6011 ξ
638 5945 814 6011 ῼυίςίἱη
856 5947 1040 6011 πάντων
1061 5950 1155 5995 τῶν
1176 5949 1358 6009 ἀγαθῶν
1379 5951 1491 5997 ἀπο)
1503 5949 1691 6011 λύομεν.

599 6006 627 6048 ιι
657 6008 785 6056 Ullus
803 6009 907 6056 cod.
935 6009 986 6056 ἐκ
1004 6015 1084 6064 τῆς
1104 6006 1372 6071 παρουσίας.

2235 608 2312 643 να
2347 590 2656 659 ἡμετέραν,
2693 588 2791 642 καί
2825 587 2953 639 καθ’
2980 584 3283 652 ὁμοίωσιν.
3317 581 3576 651 Ἐμάθετε
3608 582 3660 634 τί
3679 584 3794 637 ἐστι
3824 590 3882 637 τὸ

2230 668 2366 720 Κατ’
2395 669 2615 730 εἰκόνα,
2667 667 2748 719 ὅτι
2796 667 2895 717 οὐκ
2949 663 3133 726 οὐσίας
3181 661 3330 713 ἐστὶν
3379 660 3524 724 ἀξία,
3565 660 3678 714 ἀλλ’
3713 663 3885 734 ἀρχῆς

2230 746 2502 814 ὁμοιότης,
2540 748 2631 798 καὶ
2667 747 2746 797 ὅτι
2789 744 2849 794 οὐ
2892 742 3030 794 κατὰ
3065 741 3162 808 τήν
3204 739 3305 808 τῆς
3342 743 3554 809 μορφῆς
3603 740 3784 792 εἰκόνα
3814 736 3884 793 εί-

2233 841 2350 883 πεν,
2380 824 2516 876 ἀλλά
2545 823 2682 876 κατὰ
2722 823 2812 874 τὸν
2833 821 2929 888 τῆς
2963 822 3135 889 ἀρχῆς
3164 817 3337 883 λόγον·
3370 818 3449 870 διὸ
3487 819 3578 870 καὶ
3617 820 3879 889 ἐπήγαγτυ

2230 903 2338 954 Καί
2367 901 2712 971 ἀρχέτωσαν
2737 901 2852 954 τῶν
2888 901 3106 967 ἰχθύων
3134 897 3245 963 τῆς
3272 896 3606 963 θαλάσσης,
3641 899 3739 951 καί
3769 896 3888 950 τῶν

2230 979 2516 1031 πετεινῶν
2555 980 2659 1032 τοῦ
2688 975 2968 1045 οὐρανοῦ,
2999 975 3096 1029 καί
3127 973 3244 1027 τῶν
3271 975 3488 1043 θηρίων
3515 974 3615 1027 καί
3645 973 3762 1028 τῶν
3794 976 3888 1042 ἂρ-

2231 1055 2426 1109 πετῶν
2450 1055 2559 1123 τῆς
2587 1055 2720 1124 γῆς.

2301 1142 2372 1202 γ’.
2415 1134 2553 1187 Ἀλλ’
2579 1133 2811 1187 ἐνταῦθα
2833 1132 3150 1200 ἐπιφύονται
3174 1130 3302 1201 ἡμῖν
3333 1129 3591 1198 Ἕλληνες
3617 1131 3887 1198 λέγοντες,

2231 1214 2312 1267 δτι
2341 1214 2440 1266 οὐκ
2467 1211 2670 1282 ἀληθὴς
2689 1213 2717 1264 6
2742 1211 2896 1277 λόγος
2923 1209 3254 1279 εὑρίσκεταιο
3281 1208 3343 1260 οὐ
3373 1209 3482 1280 γάρ
3509 1209 3748 1279 ἄρχομεν
3773 1208 3890 1261 τῶν

2233 1292 2454 1364 θηρίων,
2478 1290 2724 1360 καθάπερ
2752 1289 3037 1357 ὑπέσχετο,
3071 1284 3185 1339 ἀλλ’
3216 1287 3353 1340 αὐτά
3378 1287 3534 1357 ἡμῶν
3563 1287 3741 1357 ἀρχει.
3767 1285 3892 1340 Μά-

2231 1371 2386 1424 λιστα
2435 1369 2532 1440 μέν
2570 1365 2661 1422 οὖν
2694 1367 2812 1420 οὐδέ
2858 1365 3007 1419 τοῦτο
3049 1365 3265 1435 ἀληθές.
3305 1366 3474 1418 Ἔνθα
3506 1365 3612 1435 γὰρ
3647 1365 3714 1418 ἀν
3746 1364 3890 1435 φανῇ

2231 1449 2536 1519 ἄνθρωπος,
2569 1448 2769 1509 εὐθέως
2798 1443 3154 1514 φυγαδεύεται
3192 1445 3261 1496 τὰ
3291 1443 3475 1514 θηρία.
3513 1443 3575 1495 El
3608 1443 3663 1494 δέ
3701 1440 3889 1511 ποτεῆ

2231 1528 2388 1599 λιμοῦ
2415 1528 2937 1595 καταναγκάζοντος,
2959 1525 2991 1595 ἡ
3017 1527 3048 1593 ἡ
3057 1525 3170 1595 μῶν
3192 1525 3372 1587 αὐτοῖς
3397 1525 3655 1576 ἐπιόντων
3675 1522 3775 1592 τὴν
3797 1522 3894 1574 ἀπ’

2232 1609 2410 1661 αὐτῶν
2443 1609 2646 1679 βλάϐην
2675 1607 2970 1676 δεξώμεθα,
3001 1605 3157 1658 τοῦτο
3180 1605 3363 1657 λοιπὸν
3394 1606 3453 1657 οὐ
3486 1604 3634 1673 παρὰ
3667 1602 3728 1655 τὸ
3753 1603 3894 1654 ἐκεῖ·

2231 1706 2295 1739 να
2320 1687 2473 1757 ἡμῶν
2499 1690 2686 1756 άρχειν
2703 1687 2931 1753 γίνεται,
2960 1684 3094 1737 άλλά
3116 1683 3264 1752 παρά
3285 1683 3384 1753 τὴν
3402 1685 3565 1753 ἡμετέ
3575 1698 3672 1751 ραν
3690 1681 3890 1737 αἰτίαν.

2245 1765 2396 1817 Ἐπεὶ
2422 1766 2515 1817 καὶ
2541 1764 2752 1835 λῃστῶν
2785 1766 2914 1834 ἡμῖν
2948 1763 3228 1823 ἐπιόντων,
3261 1764 3308 1812 εἰ
3341 1761 3416 1831 μὴ
3448 1761 3891 1831 ρᾳθυμὴσαιμεν,

2233 1843 2346 1896 ἀλλ’
2391 1838 2762 1912 ὁπλιζοίμεθα,
2815 1843 2875 1894 ού
2921 1842 3018 1911 τῆς
3071 1841 3294 1892 ἐκείνων
3333 1841 3505 1909 ἀρχῆς
3554 1840 3614 1890 τὸ
3661 1837 3899 1910 πρᾶγμά

2234 1925 2398 1983 ἐστιν,
2433 1921 2568 1974 ἀλλὰ
2605 1921 2702 1988 τῆς
2734 1920 2936 1982 οἰκείας
2975 1918 3242 1988 σωτηρίας
3266 1920 3298 1986 ἡ
3328 1918 3569 1987 πρόνοια.
3616 1916 3888 1969 Ἀκούσω-

2238 2018 2333 2070 μεν
2352 2001 2406 2052 δὲ
2423 2001 2555 2062 τέως
2584 2000 2689 2051 τῶν
2721 1998 3042 2069 εἰρημένων.
3069 1997 3436 2062 Ποιήσωμεν,
3462 1997 3646 2064 φησὶν,
3677 1995 3897 2062 ἄνθρω-

2236 2097 2352 2132 πον
2371 2080 2494 2131 κατ’
2524 2079 2723 2130 εἰκόνα
2746 2077 3055 2145 ἡμετέραν,
3081 2075 3178 2128 καί
3210 2075 3336 2128 καθ’
3359 2077 3666 2143 ὁμοίωσιν.
3686 2075 3898 2146 Ὠσπερ

2238 2159 2455 2210 Εἰκόνα
2499 2151 2618 2207 εἰπε
2659 2155 2754 2223 τὴν
2792 2154 2891 2223 τῆς
2935 2153 3108 2221 ἀρχῆς
3155 2151 3328 2221 δηλῶν
3366 2155 3568 2216 εἰκόνα,
3615 2151 3758 2204 οὕτω
3802 2151 3897 2203 καὶ

2247 2235 2581 2301 Ὀμοίωσιν,
2632 2234 2769 2285 ῶστε
2817 2232 2960 2285 κατά
3006 2231 3232 2300 δύναμιν
3281 2231 3624 2300 ἀνθρωπίνην
3681 2231 3899 2300 ὁμοίους

2236 2315 2380 2383 ἡμᾶς
2415 2311 2656 2379 γίνεσθαι
2698 2322 2718 2350 ο
2767 2309 2903 2379 Θεῷ,
2942 2311 3077 2362 κατά
3105 2309 3165 2362 τὸ
3187 2311 3392 2380 ἥμερον
3425 2309 3565 2376 λέγω
3597 2310 3696 2362 καὶ
3726 2311 3900 2380 πρᾷον

2237 2391 2607 2460 ἐξομοιοῦσθαι
2633 2387 2801 2458 αὐτῷ,
2827 2389 2917 2440 καὶ
2945 2387 3084 2440 κατὰ
3115 2389 3205 2441 τὸν
3223 2392 3320 2458 τῆς
3345 2388 3547 2458 ἀρετῆς
3577 2388 3756 2456 λόγον,
3787 2387 3898 2440 ὥσ·

2239 2489 2342 2540 περ
2376 2471 2468 2524 καὶ⁴
2501 2472 2528 2522 6
2559 2470 2785 2540 Χριστός
2817 2486 2970 2537 φησι,
3007 2470 3260 2521 Γίνεσθε
3294 2469 3480 2537 ὅμοιοι
3522 2469 3628 2522 τοῦ
3668 2467 3902 2534 Πατρός

2239 2550 2401 2619 ὑμῶν
2426 2549 2529 2602 τοῦ
2553 2549 2620 2600 ἐν
2648 2547 2772 2611 τοῖς
2795 2546 3092 2615 οὐρανοῖς.
3126 2547 3331 2617 Ὠσπερ
3365 2546 3472 2617 γὰρ
3502 2549 3560 2598 ἐν
3581 2549 3644 2617 τῇ
3671 2545 3903 2616 πλατείᾳ

2238 2629 2405 2698 ταύτῃ
2437 2629 2507 2696 γῇ
2538 2627 2628 2678 καὶ
2661 2624 2954 2696 εὐρυχώρῳ
2981 2625 3088 2677 τῶν
3114 2624 3266 2688 ζώων
3292 2625 3360 2677 τά
3395 2626 3660 2695 μένέστιν
3678 2623 3900 2695 ἡμερῶνΔ

2240 2723 2392 2776 τερα,
2423 2706 2490 2756 τὰ
2519 2705 2575 2757 δὲ
2603 2704 3026 2776 θηριωδέστερα,
3063 2703 3203 2756 οὐτω
3237 2705 3329 2757 καὶ
3364 2705 3421 2756 ἐν
3458 2705 3534 2774 τῷ
3579 2705 3768 2757 πλάτει
3801 2708 3902 2777 τῆς

2241 2785 2415 2855 ψυχῆς
2442 2787 2536 2854 τῆς
2569 2786 2839 2854 ἡμετέρας
2871 2783 2980 2836 τῶν
3008 2783 3281 2853 λογισμῶν
3312 2785 3360 2836 οἱ
3399 2785 3496 2853 μέν
3536 2787 3670 2838 εἰσιν
3696 2784 3903 2852 ἀλογώ-

2243 2881 2407 2934 τεροι-
2427 2863 2519 2915 καὶ
2551 2861 2858 2930 κτηνώδεις,
2889 2863 2938 2913 οἰ
2978 2862 3033 2914 δὲ
3066 2862 3480 2934 θηριωδέστεροι
3511 2864 3604 2915 καὶ
3635 2862 3902 2934 ἀγριώτε-

2245 2960 2347 3014 ροι.
2390 2945 2480 2994 Δεῖ
2509 2942 2684 2994 τοίνυν
2717 2944 2935 3012 κρατεῖν
2967 2940 3060 2993 καὶ
3093 2939 3482 3009 περιγίνεσθαι,
3515 2942 3609 2994 καὶ
3652 2941 3730 3010 τῷ
3757 2941 3905 3010 λογι-

2246 3021 2366 3092 σμῷ
2407 3022 2506 3090 τὴν
2545 3021 2717 3090 ἀρχὴν
2750 3019 2953 3073 τούτων
2993 3019 3361 3088 παραδιδόναι.
3414 3020 3521 3072 Καὶ
3565 3020 3680 3083 πῶς
3716 3020 3782 3074 ἀν
3822 3037 3906 3084 τις

2245 3100 2599 3172 περιγένοιτο,
2635 3099 2785 3169 φησὶ,
2823 3099 3082 3169 λογισμοῦ
3117 3098 3438 3168 θηριώδοτςς
3473 3097 3536 3152 Τί
3569 3099 3768 3167 λέγεις,
3808 3100 3904 3154 ἄν·

2247 3181 2460 3251 θρωπε;
2495 3181 2736 3234 Λεόντων
2785 3179 3194 3250 περιγινόμεθα,
3243 3180 3335 3232 καὶ
3371 3180 3469 3243 τὰς
3514 3179 3688 3250 ψυχάς
3725 3179 3908 3234 αὐτῶν

2248 3257 2577 3329 ἡμεροῦμεν,
2637 3259 2730 3310 καὶ
2779 3256 3137 3326 ἀμφιϐάλλεις
3196 3259 3243 3309 εἰ
3294 3258 3555 3328 λογισμοῦ
3611 3259 3910 3330 θηριωδίαν

2248 3337 2383 3407 πρὸς
2412 3337 2725 3408 ἡμερότητα
2755 3337 3076 3406 μεταϐαλεῖν
3100 3336 3300 3408 δυνήσῃ
3322 3337 3382 3402 ⁶;
3423 3337 3613 3390 Καίτοι
3634 3337 3712 3409 τῷ
3732 3337 3912 3410 θηρίῳ

2252 3417 2348 3486 μὲν
2380 3417 2518 3469 κατά
2551 3415 2711 3484 φύσιν
2755 3417 3014 3486 πρόσεστι
3044 3416 3104 3468 τὸ
3133 3415 3342 3486 ἀγριον,
3389 3417 3539 3487 παρὰ
3570 3417 3729 3486 φύσιν
3762 3418 3823 3471 δὲ
3851 3418 3913 3472 τὸ

2248 3497 2471 3566 ἥμερον·
2515 3495 2596 3547 σοὶ
2619 3494 2682 3547 δέ
2715 3494 2777 3547 τδ
2805 3494 3065 3556 ἐναντίον,
3113 3495 3250 3548 κατά
3283 3495 3443 3562 φύσιν
3481 3496 3578 3565 μὲν
3616 3497 3675 3550 τὸ
3700 3497 3915 3569 ἥμερον

2249 3573 2398 3644 παρὰ
2427 3572 2584 3637 φύσιν
2607 3573 2661 3625 δὲ
2679 3573 2739 3625 τὸ
2761 3573 2950 3644 ἀγριον
2977 3574 3068 3626 καὶ
3090 3573 3366 3644 θηριῶδες.
3408 3571 3467 3627 '0
3487 3575 3662 3627 τοίνυν
3682 3576 3742 3629 τὺ
3767 3577 3912 3629 κατὰ

2252 3651 2410 3721 φύσιν
2441 3649 2706 3718 ἐκϐαλὼν,
2744 3653 2837 3703 καὶ
2866 3652 2926 3704 τὸ
2949 3651 3098 3722 παρὰ
3120 3653 3280 3720 φύσιν
3308 3652 3481 3716 ἐνθεὶς
3506 3656 3568 3723 τῇ
3601 3653 3692 3707 τοῦ
3717 3653 3914 3726 θηρίου

2249 3733 2417 3801 ψυχῇ,
2450 3730 2510 3783 τὸ
2537 3729 2677 3784 κατά
2704 3730 2863 3797 φύσιν
2893 3731 3052 3792 αὐτὸς
3081 3732 3141 3782 οὐ
3170 3731 3395 3784 δύνασαι
3427 3731 3792 3803 διατηρῆσαις
3819 3736 3916 3788 καὶ

2253 3809 2423 3878 πόσης
2443 3808 2542 3860 οὐκ
2570 3807 2634 3861 ἀν
2656 3809 2740 3878 εἰη
2770 3807 2926 3860 τοῦτο
2951 3807 3342 3874 καταγνώσεως
3365 3825 3378 3874 ;
3412 3809 3518 3861 Καὶ
3550 3810 3612 3863 τὸ
3633 3810 3696 3882 δὴ
3720 3811 3912 3864 τούτου

2253 3886 2687 3956 θαυμαστότερον
2723 3887 2816 3940 καὶ
2852 3897 2873 3925 ε
2910 3886 3357 3957 παραδοξότερον,
3405 3888 3498 3940 ἐπὶ
3530 3888 3628 3958 μὲν
3668 3889 3774 3958 τῆς
3808 3889 3918 3944 τῶν

2252 3965 2478 4018 λεόντων
2519 3965 2731 4035 φύσεως
2770 3965 2862 4018 καὶ
2895 3965 3054 4035 ἑτέρα
3093 3965 3348 4018 δυσκολία
3389 3965 3526 4036 μετά
3559 3966 3673 4039 [68]
3706 3968 3915 4039 ταύτης

2254 4043 2388 4097 ἐστί’
2419 4042 2690 4112 λογισμῶν
2728 4044 2836 4114 γάρ
2874 4045 3022 4096 ἐστιν
3049 4043 3254 4113 ἔρημον
3285 4044 3345 4097 τὸ
3371 4044 3576 4114 θηρίον,
3620 4045 3918 4117 ἀλλ’λμως

2255 4122 2468 4194 ὁρῶμεν
2500 4121 2754 4183 πολλάκις
2787 4121 3004 4183 λέοντας
3039 4123 3276 4191 ἡμέρους
3310 4121 3396 4175 διά
3422 4123 3519 4192 τῆς
3548 4123 3752 4194 ἀγορᾶς
3781 4127 3916 4193 ἀγο-

2262 4201 2470 4270 μένους·
2497 4199 2677 4251 πολλοὶ
2703 4200 2759 4251 δὲ
2784 4199 2879 4252 καὶ
2906 4199 3014 4252 τῶν
3049 4200 3140 4251 ἐπὶ
3162 4199 3268 4253 τῶν
3290 4201 3663 4274 ἐργαστηρίων
3701 4202 3800 4255 καὶ
3827 4203 3915 4272 ἀρ·

2259 4281 2444 4349 γύριον
2497 4277 2750 4339 πολλάκις
2797 4277 3091 4330 κατέϐαλον
3133 4277 3210 4346 τῷ
3256 4279 3534 4348 κατέχοντι
3578 4278 3768 4349 μισθόν
3797 4297 3918 4334 τινα

2258 4357 2358 4425 τῆς
2386 4356 2578 4426 τέχνης
2610 4357 2704 4409 κα)⁸
2735 4355 2832 4426 τῆς
2865 4356 3071 4424 σοφίας,
3106 4355 3171 4409 δι’
3195 4353 3260 4428 ἧς
3291 4356 3349 4409 τὸ
3386 4357 3572 4426 θηρίον
3603 4357 3914 4426 ἡμέρωσεν

2260 4437 2350 4487 ἐπὶ
2384 4433 2440 4487 δέ
2471 4438 2567 4505 τῆς
2600 4434 2700 4503 σῆς
2726 4433 2903 4505 ψυχῆς
2936 4436 3029 4487 καὶ
3065 4434 3322 4504 λογισμός
3355 4437 3490 4499 ἐστι,
3533 4436 3626 4488 καὶ
3654 4434 3792 4489 Θεοῦ
3825 4435 3918 4504 96-

2261 4514 2371 4576 60;,
2417 4513 2507 4565 καὶ
2547 4511 2712 4582 πολλὴ
2749 4511 3074 4581 πολλαχόθεν
3108 4514 3140 4581 ἡ
3180 4511 3416 4582 βοήθεια·
3453 4511 3526 4582 μὴ
3563 4512 3740 4564 τοίνυν
3784 4511 3916 4582 σκή-

2261 4590 2380 4658 ψεις
2440 4591 2562 4660 λέγε
2612 4591 2704 4644 καὶ
2761 4593 3082 4660 προφάσεις.
3131 4592 3364 4644 Δυνατὸν
3421 4591 3549 4663 γάρ,
3607 4592 3699 4645 ἐὰν
3755 4591 3917 4661 θέλῃς

2260 4672 2462 4740 ἥμερος
2510 4665 2646 4723 εἶναι
2703 4669 2796 4722 καὶ
2854 4671 3026 4741 πρᾷος
3077 4669 3171 4723 καὶ
3227 4669 3493 4742 ἐπιεικής.
3540 4669 3912 4738 Ποιήσωμεν,

2263 4750 2444 4818 φησὶν,
2500 4749 2812 4817 ἄνθρωπον
2856 4748 2984 4801 κατ’
3039 4749 3238 4802 εἰκόνα
3286 4749 3599 4818 ἡμετέραν,
3643 4747 3742 4801 καί
3789 4749 3916 4801 καθ’

2263 4830 2558 4897 ὁμοίωσιν.

2330 4906 2389 4959 δ’.
2423 4907 2556 4959 Ἀλλ’
2590 4907 2682 4959 ἐπὶ
2705 4907 2764 4960 τὺ
2793 4908 3147 4979 προκείμενον
3170 4905 3386 4979 ζήτημα
3405 4907 3565 4962 πάλιν
3586 4908 3916 4977 ἐπανίωμσν.

2264 4985 2540 5039 Δείκνυται
2570 4986 2677 5057 γάρ
2705 4987 2770 5039 ἐκ
2797 4987 2906 5039 τῶν
2933 4988 3255 5059 εἰρημένων,
3285 4989 3366 5040 δτι
3401 4987 3458 5051 ἐξ
3502 4989 3676 5058 ἀρχῆς
3717 4987 3814 5039 καὶ
3855 4986 3919 5038 ἐκ

2268 5065 2562 5135 προοιμίων
2613 5065 3025 5137 ἀπηρτισμένην
3073 5060 3185 5135 εἶχε
3228 5067 3324 5133 τὴν
3373 5065 3546 5136 ἀρχὴν
3575 5067 3603 5118 6
3637 5065 3917 5134 ἄνθρωπος

2266 5142 2360 5211 τὴν
2405 5143 2546 5196 κατά
2580 5143 2688 5194 τῶν
2737 5144 2960 5213 θηρίων.
3001 5141 3373 5212 Ἀρχέτωσαν
3415 5145 3542 5214 γὰρ,
3598 5144 3748 5214 φησί,
3803 5141 3918 5195 τῶν

2269 5223 2484 5288 ἰχθύων
2516 5221 2626 5290 τῆς
2658 5222 2995 5288 θαλάσσης,
3019 5222 3114 5274 καί
3141 5221 3259 5275 τῶν
3289 5221 3575 5276 πετεινῶν
3606 5220 3712 5275 τοῦ
3748 5223 3919 5287 θήρα.

2266 5299 2397 5361 νοῦ,
2421 5300 2518 5353 καί
2549 5299 2666 5353 τῶν
2693 5302 2913 5368 θηρίων
2942 5301 3037 5353 καί
3064 5301 3182 5354 τῶν
3205 5301 3466 5368 ἑρπετῶν
3495 5299 3603 5368 τῆς
3637 5298 3766 5370 τῆς.
3801 5298 3920 5350 Ὀτι

2267 5378 2322 5430 δέ
2357 5379 2450 5431 νῦν
2483 5377 2502 5416 ί
2541 5379 2848 5448 φοϐούμεθα
2885 5380 2952 5433 τά
2992 5379 3178 5450 θηρία,
3207 5381 3300 5432 καὶ
3337 5380 3669 5448 δεδοίκαμεν,
3700 5379 3790 5432 καὶ
3826 5376 3920 5444 τῆς

2269 5459 2440 5529 ἀρχῆς
2466 5459 2917 5529 ἐκπεπτώκαμεν,
2942 5459 3061 5512 οὐδέ
3085 5459 3244 5521 αὐτᾶς
3272 5459 3554 5526 ἀντιλέγωο
3582 5459 3693 5512 ἀλλ’
3716 5459 3776 5511 οὐ
3801 5454 3920 5509 τοῦ-

2331 5585 2353 5643 ‘_
2382 5580 2477 5630 Alii
2497 5583 2720 5643 γίνεσθαι,
2746 5583 2828 5632 alii
2850 5584 3080 5643 γενέσθαι.

2330 5641 2356 5705 ιι
2386 5644 2478 5691 Alii
2507 5640 2560 5705 οὐ
2585 5642 2781 5705 δυνῆσῃ,
2821 5640 2899 5692 νει
2933 5643 3216 5705 mammia-9,
3249 5641 3334 5690 sed
3370 5643 3570 5705 negatio
3609 5641 3714 5705 haec
3746 5640 3923 5705 ἰιισιίξιε

2272 5704 2483 5752 videtur.
2515 5704 2662 5751 Paulo
2681 5703 2788 5763 pdst
2818 5703 2966 5756 Coisl.
2991 5704 3150 5765 ἄγριον
3182 5705 3261 5750 καί
3281 5704 3503 5764 θηριῶδες
3525 5703 3669 5765 παρὰ.
3699 5740 3710 5750 .
3735 5703 3786 5749 τὸ
3809 5705 3921 5763 ἢμεο

2273 5782 2350 5832 ρον
2373 5766 2629 5832 καὶπρᾷον.
2659 5767 2964 5832 20i_._|bid_em
2998 5776 3167 5832 quinqs
3340 5765 3476 5832 φύσιν
3500 5765 3551 5809 δὲ
3582 5766 3636 5810 τὸ
3651 5765 3823 5832 ’ἄγριον
3840 5765 3920 5832 μοὶ

2274 5825 2511 5887 θηριῶδες,
2533 5832 2710 5885 βτιῐθίει·
2737 5827 2905 5874 Morel.
2936 5825 3019 5886 qui
3065 5825 3212 5872 habet
3253 5827 3308 5871 τὸ
3337 5825 3565 5885 ἀνήμερον
3586 5826 3667 5871 καὶ
3691 5825 3923 5886 ὑῆριῶἲες.

2351 5891 2372 5947 f‘
2404 5885 2451 5931 In
2482 5891 2589 5934 δον.
2618 5895 2667 5935 et
2695 5892 2739 5935 in
2761 5889 2928 5936 mullis
2949 5899 3062 5934 mss.
3087 5885 3205 5947 hagc.
3231 5887 3604 5947 θαυμαστότερον
3625 5887 3920 5947 “imminut.

2344 5944 2369 6024 ξ
2398 5948 2477 6015 ξίρ
2501 5948 2641 5996 mulli
2669 5963 2778 5998 mss.
2814 5955 2873 5999 Αι
2901 5950 3022 6000 Bec.
3050 5951 3104 5994 et
3133 5944 3326 5996 Cuisliu'
3356 5947 3410 5993 τὸ
3431 5947 3486 6003 δή
3512 5944 3610 5996 νῦν.
3635 5949 3735 5996 Alii
3767 5945 3857 6009 ὅτι,
3876 5947 3922 5998 δέ

2283 6023 2361 6055 και
2384 6023 2478 6055 νυν.
