4086 6482
117 469 178 524 77
1291 461 1356 521 IN
1393 460 1528 519 CAP
1566 459 1607 517 l.
1649 442 1894 517 dantis.
1938 461 2167 520 nosne.
2210 461 2300 518 tx.
3346 466 3418 525 7s

116 580 185 638 Ita
211 581 362 638 enim
401 594 464 638 se
507 579 677 638 habet
703 579 962 636 Dominus
998 587 1182 634 noster
1214 594 1226 630 :
1256 577 1302 632 si
1346 574 1540 630 viderit
1583 573 1703 628 ani-

115 690 251 731 mam
281 675 536 746 vigilem,
571 685 628 730 et
674 672 999 730 desiderium
1043 671 1286 736 fervens,
1316 679 1371 725 et
1415 669 1527 737 ipse
1583 680 1710 722 suas

114 764 322 821 divitias
353 765 590 837 largiter,
608 765 758 818 ultra
784 763 942 818 etiam
965 776 1123 834 quam
1144 762 1372 831 petitum
1400 759 1490 826 sit,
1513 771 1709 827 suppe-

111 858 238 914 ditat
256 873 361 930 pro
391 873 486 913 sua
510 856 921 926 magniﬁcentia.

172 946 230 1002 ‘2.
275 948 404 1002 Haec
432 948 591 1018 igitur
615 962 738 1001 cum
761 947 1012 1012 sciamus,
1038 944 1387 1007 dilectissimi,
1411 942 1706 1012 puriticatis

109 1039 520 1109 cogitationibus
543 1040 736 1093 vestris
756 1054 784 1092 a
810 1038 1157 1092 saecularibus
1180 1035 1428 1106 negotiis,
1449 1043 1503 1090 et
1521 1043 1704 1103 aperta

112 1129 300 1182 mentis
327 1139 523 1188 vestra:
545 1127 854 1192 latitudine,
898 1143 1090 1198 magna
1136 1127 1412 1182 alacritate
1446 1124 1703 1194 suscipite

108 1235 222 1288 qua:
267 1235 298 1272 a
342 1221 545 1290 Spiritu
597 1231 783 1276 sancto
821 1219 1249 1290 suppeditantur,
1284 1227 1341 1272 ut
1378 1218 1518 1272 sicut
1561 1226 1704 1270 terra

109 1311 320 1383 pinguis
359 1322 417 1367 et
445 1311 593 1368 ferax
637 1312 1003 1382 multiplicetis
1043 1310 1349 1367 concredita
1380 1310 1583 1364 semina
1606 1350 1620 1372 ,
1650 1316 1704 1362 et

102 1403 311 1460 faciatis
360 1405 625 1472 fructum,
664 1407 801 1461 alius
853 1404 1069 1475 quidem
1118 1403 1516 1464 centesimum,
1566 1400 1703 1455 alios

102 1499 544 1568 sexagesimum,
576 1499 713 1553 alius
759 1499 1116 1569 trigesimum.
1165 1495 1406 1551 Audistis
1460 1495 1703 1563 superio-

103 1590 249 1643 ribus
275 1589 468 1644 diebus
498 1588 820 1644 inell‘ab'ilem
842 1588 1165 1658 sapientiam
1195 1587 1311 1657 ejus
1353 1585 1443 1657 qui
1471 1584 1699 1639 visibilia

102 1680 214 1736 bare
265 1683 448 1735 omnia
501 1681 773 1745 condidit,
805 1689 860 1735 et
911 1679 1182 1751 quomodo
1222 1678 1387 1733 verbo
1433 1677 1606 1732 solum
1646 1685 1701 1730 et

101 1773 296 1841 placito
335 1775 516 1827 omnia
553 1773 821 1843 produxit.
850 1772 999 1826 Dixit
1022 1773 1162 1827 enim
1182 1813 1194 1833 .
1229 1769 1345 1824 Fiat
1369 1785 1388 1824 :
1419 1777 1474 1824 et
1497 1767 1698 1822 factum

95 1874 197 1930 est,
227 1865 518 1934 statimque
568 1865 822 1935 producta
871 1873 998 1919 sunt
1054 1865 1233 1918 omnia
1270 1873 1366 1918 :et
1411 1862 1543 1917 satis
1597 1861 1699 1915 fuit

100 1957 318 2012 verbum
347 1959 416 2012 ad
437 1973 497 2012 ea
527 1974 646 2028 qum.
677 1956 819 2012 facta
844 1968 969 2012 sunt
997 1954 1404 2018 constituenda;
1432 1970 1538 2010 non
1560 1969 1696 2024 quo-

101 2050 236 2102 niam
268 2048 591 2119 simpliciter
615 2060 732 2104 erat
759 2049 983 2103 verbum
1007 2091 1022 2115 ,
1055 2048 1151 2103 sed
1181 2048 1301 2116 quia
1329 2047 1548 2101 verbum
1577 2044 1692 2099 Dei.

97 2139 416 2194 Meministis
446 2155 631 2194 eorum
657 2155 779 2210 qua:
796 2148 930 2195 tunc
956 2155 984 2192 a
1015 2139 1170 2193 nobis
1190 2137 1542 2192 movebantur
1567 2151 1696 2192 con-

97 2242 169 2285 tra
199 2246 296 2286 eos
336 2232 430 2301 qui
455 2247 519 2287 ex
570 2231 807 2301 subjeaa
837 2230 1058 2286 materia
1088 2246 1173 2285 res
1204 2228 1371 2284 factas
1413 2243 1534 2284 esse
1566 2243 1696 2282 con-

88 2322 340 2388 tendunt,
372 2333 426 2378 et
473 2323 527 2376 in
569 2322 931 2378 ecclesiaStica
982 2322 1116 2377 scita
1149 2320 1320 2376 etiam
1367 2333 1464 2374 sua
1505 2318 1693 2373 deliria

95 2414 289 2470 iulerrc
331 2431 438 2470 non
480 2424 754 2470 verentur.
786 2413 1055 2470 Didicistis
1094 2414 1249 2483 cujus
1289 2415 1459 2484 gratia
1503 2413 1692 2467 cadum

93 2510 306 2579 quidem
340 2509 655 2580 perfectum,
683 2519 878 2564 terram
905 2517 1082 2564 autem
1106 2507 1390 2562 informem
1423 2506 1690 2578 produxe-

91 2602 176 2656 rit.
211 2601 358 2655 Duas
408 2601 550 2656 enim
598 2610 723 2655 tunc
767 2615 959 2656 causas
989 2600 1490 2664 diximus:unam,
1521 2608 1581 2653 ut
1635 2597 1690 2654 in

90 2693 361 2748 elemento
385 2692 743 2762 prmstantiori
769 2692 1059 2762 potentiam
1083 2691 1288 2746 Domini
1316 2699 1687 2760 agnoscentes,

89 2797 192 2837 non
223 2783 366 2836 ultra
410 2782 804 2853 ambigeremus
849 2791 1134 2838 censentes
1176 2791 1394 2852 propter
1421 2781 1688 2850 impoten-

82 2875 213 2930 tiam
252 2876 381 2930 illud
411 2876 608 2930 factum
631 2890 751 2932 esse
778 2894 792 2930 :
827 2877 1071 2942 alteram,
1100 2876 1222 2946 quia
1252 2885 1393 2931 terra
1423 2885 1596 2928 mater
1635 2881 1690 2930 ct

87 2969 272 3022 nutrix
299 2977 480 3022 nostra
510 2966 650 3022 facta
676 2978 795 3034 est,
828 2977 882 3023 et
912 2983 979 3023 ex
995 2967 1115 3037 ipsa
1147 2967 1437 3037 pascimur,
1462 2965 1688 3036 aliisque

80 3059 340 3113 omnibus
383 3058 608 3113 fruimur
638 3060 676 3123 ί,
708 3069 763 3113 et
791 3059 857 3113 ad
890 3059 1059 3128 ipsam
1089 3058 1327 3112 redimus
1352 3076 1364 3110 :
1400 3058 1512 3126 ipsa
1542 3056 1683 3110 enim

88 3150 244 3205 nobis
268 3159 353 3204 est
381 3161 434 3204 ct
461 3151 654 3220 patria,
681 3159 735 3205 et
773 3151 1081 3221 sepulcrum
1105 3164 1126 3205 ι
1162 3159 1218 3206 et
1259 3165 1328 3205 ne
1356 3150 1478 3219 quis
1521 3150 1683 3219 igitur

85 3242 151 3296 ob
191 3241 482 3296 utilitatem
524 3251 578 3296 et
613 3242 990 3296 necessitatem
1020 3241 1160 3295 illius
1191 3229 1366 3311 majus
1390 3239 1590 3310 aliquid
1617 3238 1685 3294 de

84 3332 201 3400 ipsa
243 3333 464 3397 sentiat,
495 3331 732 3386 ostendit
759 3333 928 3402 ipsam
957 3332 1024 3387 ab
1050 3332 1204 3386 initio
1235 3332 1522 3386 informem
1549 3347 1679 3387 con-

85 3425 250 3479 ditam
281 3442 294 3479 :
323 3435 382 3478 ut
427 3423 737 3479 erudiamur
767 3439 862 3493 per
887 3437 975 3478 res
999 3425 1171 3493 ipsas,
1202 3424 1454 3492 prtedicta
1503 3423 1680 3477 omnia

88 3532 191 3570 non
220 3523 429 3569 natura:
460 3515 668 3569 telluris
694 3513 1047 3569 adscribenda
1069 3556 1084 3581 ,
1119 3513 1213 3568 sed
1235 3513 1542 3568 Conditoris
1575 3514 1683 3566 vir-

90 3610 205 3664 tnti.
241 3607 511 3661 Dichistis
541 3607 688 3673 item,
709 3605 976 3676 quomodo
997 3619 1253 3675 aquarum
1285 3605 1680 3674 separationem

83 3700 294 3765 fecerit,
329 3698 589 3766 producto
608 3713 702 3767 per
724 3698 1022 3767 jussioncm
1054 3711 1205 3751 suam
1234 3696 1429 3751 visibili
1455 3695 1558 3750 hoc
1585 3695 1678 3749 tir-

85 3802 364 3847 mameuto
387 3807 403 3858 ;
427 3791 640 3846 vidiSIis
667 3790 917 3845 animalia
945 3790 1176 3845 viventia
1196 3833 1209 3856 ,
1248 3801 1302 3845 et
1323 3806 1386 3845 ex
1423 3799 1595 3855 terra,
1625 3799 1680 3844 et

81 3900 144 3939 ex
175 3899 319 3954 aqua
348 3884 512 3938 edita.
544 3883 671 3938 Haec
692 3898 798 3939 non
824 3882 1023 3952 absque
1044 3897 1200 3940 causa
1229 3889 1283 3936 et
1313 3891 1515 3936 temere
1537 3895 1679 3935 nunc

79 3975 294 4028 caritati
324 3983 518 4028 vestra:
557 3989 720 4044 cogor
743 3985 988 4043 repetere
1021 3991 1034 4026 :
1068 3971 1257 4042 partim
1289 3981 1346 4026 ut
1370 3973 1674 4027 auditorum

79 4066 277 4120 animis
326 4065 441 4119 haec
482 4067 650 4134 magis
701 4063 984 4131 insideant,
1010 4065 1202 4134 partim
1247 4075 1304 4119 ut
1342 4063 1406 4119 iis
1431 4067 1518 4134 qui
1551 4073 1677 4118 tunc

79 4171 187 4212 non
261 4155 486 4211 adfuere
551 4156 740 4210 idonea
813 4155 1058 4210 doctrina
1114 4156 1392 4223 tradatur,
1437 4155 1676 4226 nihilque

79 4247 260 4302 damni
299 4248 537 4302 absentia
585 4264 679 4302 sua
725 4251 983 4304 attulerit.
1033 4247 1169 4314 Quia
1220 4249 1480 4318 benignus
1525 4258 1678 4319 pater

78 4339 242 4392 etiam
285 4337 601 4392 absentibus
632 4338 754 4392 liliis
781 4339 1032 4409 reliquias
1078 4353 1279 4394 mensa:
1320 4349 1589 4402 reservat.
1616 4349 1676 4394 ut

80 4443 200 4482 cum
229 4428 569 4496 advenerim,
599 4445 664 4484 ex
693 4441 906 4486 servato
934 4431 1151 4486 residuo
1193 4447 1345 4486 suam
1376 4433 1674 4488 absentiam

80 4518 454 4574 consolentur.
483 4519 635 4575 Unde
667 4532 720 4575 et
750 4536 848 4576 nos
873 4523 1113 4577 omnium
1143 4523 1234 4592 qui
1268 4523 1370 4578 huc
1400 4522 1676 4579 conﬂuunt

81 4627 186 4666 non
219 4612 482 4667 minorem
519 4629 678 4683 quam
717 4615 1079 4670 membrorum
1129 4624 1439 4672 nostrorum
1488 4633 1671 4673 curam

79 4715 351 4773 gerentes,
370 4715 424 4759 et
455 4706 748 4775 profectum
778 4717 1013 4762 vestrum
1036 4715 1274 4762 nostram
1305 4709 1674 4765 existimantes

78 4796 332 4863 gloriam,
361 4798 604 4866 cupimus
629 4813 816 4852 omnes
867 4798 1132 4868 perfectos
1177 4811 1231 4854 et
1273 4811 1674 4857 consummatos

78 4889 197 4943 neri
229 4890 284 4942 in
313 4890 539 4959 gloriam
562 4891 674 4954 Dei,
705 4901 760 4946 et
789 4891 1000 4947 laudem
1034 4893 1320 4958 Ecclesiae,
1353 4904 1407 4948 et
1435 4907 1672 4949 nostram

77 4981 476 5047 gini-lationem.
508 4981 587 5035 Ac
631 4982 728 5036 nisi
768 4982 1051 5037 molestum
1093 4993 1175 5039 cst
1200 5026 1213 5047 ,
1246 4987 1431 5054 paucis
1466 4988 1671 5040 caritati

78 5082 274 5125 ςεςςιττιῑ
302 5071 548 5125 hesterna
569 5073 729 5126 etiam
759 5072 899 5127 dicta
923 5074 974 5126 in
999 5074 1310 5129 memoriam
1334 5091 1667 5131 revocemus.

78 5161 305 5216 Vidistis
358 5174 555 5232 quanta
600 5163 913 5219 diversitate
947 5168 1106 5218 homo
1150 5174 1205 5218 et
1249 5178 1510 5222 creatura:
1554 5168 1671 5222 alia:

75 5246 280 5308 enndtti
321 5264 447 5306 sunt
481 5271 494 5306 :
524 5254 749 5308 audistis
774 5267 972 5325 quanto
1001 5255 1205 5309 honore
1250 5260 1543 5328 principem
1578 5275 1673 5314 no.

78 5346 170 5397 stri
202 5347 420 5414 generis
449 5344 697 5414 dignatus
735 5347 836 5406 sit.
864 5357 917 5400 et
948 5349 998 5401 in
1041 5349 1361 5405 formatione
1394 5353 1506 5420 ipsa
1548 5368 1673 5421 quo-

77 5435 240 5491 modo
292 5450 386 5503 per
413 5437 572 5490 verba
605 5437 1006 5507 dictionutnque
1042 5442 1455 5496 craSsitudinem
1487 5443 1670 5497 deela-

79 5529 206 5581 t-arit
237 5525 500 5581 honorem
532 5526 810 5582 formando
840 5530 1202 5597 tribuendum,
1227 5532 1409 5587 dicens
1435 5553 1448 5587 :
1480 5533 1667 5588 Facia-

77 5636 182 5671 mus
207 5619 462 5672 hominem
482 5619 754 5672 secundum
777 5621 1045 5691 imaginem
1067 5631 1311 5689 nostram,
1331 5636 1374 5678 et
1395 5627 1670 5679 secundum

77 5709 488 5762 similitudinem.
525 5708 826 5774 DidiciStis,
870 5710 995 5780 quid
1041 5715 1111 5766 sit
1153 5713 1444 5768 Secundum
1484 5717 1668 5787 imagi-

138 5912 152 5942 ⁸
190 5909 400 5971 αιὶςιίιι.,
426 5910 740 5972 omnibusque
775 5913 905 5963 bonis
923 5909 1152 5976 fruimur.

1823 592 1957 638 nem,
1984 591 2177 647 nempe
2205 576 2344 647 quod
2386 591 2491 631 non
2546 579 2614 632 sit
2658 572 2976 632 substantia:
3017 577 3281 650 dignitas,
3311 583 3412 637 sed

1815 666 2038 723 dominii
2067 668 2381 733 similitudo,
2411 679 2465 725 et
2492 669 2634 740 quod
2666 685 2770 724 non
2795 671 3088 726 secundum
3123 674 3404 745 imaginem

1813 757 2024 824 formae,
2044 759 2137 814 sed
2165 760 2458 815 secundum
2491 761 2755 839 rationem.
2775 761 2996 817 dominii
3025 761 3254 818 dixerit:
3289 766 3412 820 ideo

1813 860 1867 904 et
1902 851 2139 906 subdidit
2172 870 2185 906 :
2218 849 2286 905 Et
2320 852 2643 907 dominentur
2672 854 2892 923 piscibus
2931 856 3121 919 maris,
3145 868 3192 911 et
3229 860 3410 914 volati-

1811 942 1942 996 libus
1973 943 2110 1006 cwli,
2145 954 2188 998 et
2217 943 2384 998 bestiis
2417 954 2463 998 et
2492 946 2756 1015 reptilibus
2784 957 2952 1002 teme.

1883 1035 1936 1088 5.
1981 1031 2206 1105 Objectio
2234 1036 2498 1106 gentilium
2543 1038 2770 1091 solvitur.
2798 1038 3095 1094 —Verttm
3138 1041 3226 1096 hic
3269 1058 3408 1113 gett-

1812 1127 1932 1181 tiles
1963 1129 2012 1180 in
2042 1143 2140 1181 nos
2168 1129 2468 1198 insurgunt,
2499 1139 2554 1184 et
2573 1129 2757 1185 dicunt
2786 1149 2801 1185 :
2830 1130 3180 1202 Compertum
3207 1135 3410 1191 esthoc

1811 1233 1918 1272 non
1946 1234 2068 1273 esse
2091 1235 2278 1274 verum
2313 1238 2324 1272 :
2359 1237 2465 1275 non
2493 1223 2637 1276 enim
2667 1223 3008 1279 dominamur
3038 1226 3188 1288 feris,
3217 1242 3406 1296 quem-

1807 1309 2096 1364 admodum
2126 1311 2392 1381 pollicitus
2423 1322 2530 1378 est,
2565 1313 2657 1368 sed
2696 1315 2824 1383 ipsa:
2871 1317 3030 1371 nobis
3068 1318 3262 1386 potius.
3296 1318 3410 1372 luto

1807 1416 1915 1455 non
1944 1418 2130 1456 verum
2153 1413 2240 1458 est
2265 1405 2406 1473 quod
2445 1405 2496 1458 hi
2535 1406 2814 1475 objiciunt.
2843 1407 2976 1463 Nam
3011 1425 3136 1464 mox
3167 1422 3219 1464 ut
3245 1425 3407 1480 appa-

1806 1495 1974 1548 ruerit
2000 1493 2181 1560 homo,
2217 1497 2342 1550 fera:
2386 1496 2562 1566 fugam
2605 1499 2821 1553 faciunt.
2858 1500 3009 1568 Quod
3048 1502 3093 1556 si
3120 1503 3406 1572 aliquando

1807 1586 1889 1639 vel
1922 1585 2061 1641 fame
2093 1597 2335 1657 urgente,
2367 1589 2449 1644 vel
2474 1590 2628 1644 nobis
2656 1591 2774 1646 illas
2799 1592 3212 1660 lacessentibus,
3239 1596 3304 1648 ab
3322 1597 3404 1650 eis

1803 1677 2056 1733 damnum
2079 1681 2425 1746 accipiamus,
2452 1679 2552 1736 hoc
2581 1699 2686 1737 non
2714 1683 2772 1736 lit
2800 1682 2921 1739 ideo
2943 1685 3084 1755 quod
3108 1685 3212 1739 illis
3234 1686 3285 1741 in
3307 1705 3405 1742 nos

1803 1769 1871 1822 sit
1893 1769 2193 1840 imperium,
2225 1771 2319 1826 sed
2351 1772 2420 1826 ob
2461 1774 2672 1844 culpam
2704 1785 2964 1830 nostram.
3000 1776 3129 1830 Nam
3161 1793 3282 1832 cum
3325 1779 3402 1834 la-

1804 1868 1986 1915 trones
2013 1877 2111 1916 nos
2143 1862 2402 1918 invadunt
2422 1907 2436 1927 ,
2465 1865 2511 1919 si
2539 1880 2644 1920 non
2672 1867 3026 1938 negligamus,
3057 1869 3149 1923 sed
3184 1870 3234 1924 in
3280 1872 3400 1926 illus

1801 1966 1948 2006 arma
1979 1967 2279 2020 sumamus,
2307 1955 2358 2008 id
2397 1971 2502 2010 non
2535 1955 2657 2011 ideo
2690 1957 2782 2024 fit,
2824 1958 2966 2028 quod
3010 1960 3294 2029 imperium
3344 1962 3398 2015 in

1801 2057 1898 2097 nos
1922 2044 2217 2110 obtineant,
2246 2046 2342 2102 sed
2371 2046 2513 2118 quod
2555 2057 2755 2104 nostrae
2791 2050 2951 2110 saluti
2982 2050 3395 2119 prospiciantus.

1799 2135 2094 2190 Audiamus
2120 2146 2298 2193 autem
2347 2139 2562 2194 interim
2609 2155 2728 2210 qua:
2774 2141 2884 2195 sint
2926 2140 3089 2196 dicta.
3120 2139 3398 2198 Faciamus

1799 2227 2052 2280 hominem
2103 2229 2380 2283 secundum
2421 2230 2692 2300 imaginem
2735 2240 2991 2299 nostram,
3023 2241 3070 2287 et
3117 2234 3397 2287 secundum

1797 2318 2200 2374 similitudinem.
2233 2320 2383 2376 Sicut
2410 2319 2698 2392 Imaginem
2726 2324 2862 2378 dixit
2890 2324 2960 2380 ob
2989 2325 3199 2395 imperii
3232 2327 3396 2381 ratio-

1798 2426 1920 2466 nem
1945 2453 1958 2474 .
1997 2412 2070 2466 ita
2113 2422 2168 2466 et
2213 2413 2630 2481 Similitudinem,
2663 2426 2718 2470 ut
2762 2432 2859 2486 pro
2901 2418 3106 2472 viribus
3145 2418 3395 2475 humanis

1796 2504 2002 2560 similes
2030 2505 2220 2561 ﬁamus
2249 2507 2382 2572 Deo,
2415 2509 2848 2576 mansuetudine,
2882 2512 3122 2580 inquam,
3151 2510 3390 2576 leuitate,

1793 2605 1850 2650 et
1895 2598 2109 2652 virtutis
2165 2599 2375 2653 ratione
2431 2599 2542 2654 Deo
2595 2601 2802 2656 similes
2854 2600 3185 2667 efficiamur;
3229 2612 3291 2656 ut
3339 2615 3396 2659 et

1794 2687 2037 2744 Christus
2063 2689 2192 2744 dicit
2221 2707 2234 2743 :
2265 2689 2474 2745 Similes
2499 2701 2654 2745 estote
2699 2691 2848 2746 Patri
2897 2703 3079 2757 vestro,
3104 2693 3190 2764 qui
3228 2705 3301 2748 est
3337 2694 3393 2749 in

1793 2779 1930 2834 cazlis
1956 2779 2172 2850 (Matth.
2198 2781 2249 2836 5.
2275 2781 2389 2854 45).
2409 2781 2542 2837 Nam
2565 2783 3018 2854 quemadmodum
3043 2787 3093 2839 in
3119 2795 3259 2840 terra
3290 2786 3391 2842 hac

1792 2873 2026 2941 spatiosa
2057 2883 2111 2928 et
2139 2874 2242 2928 lata
2287 2875 2642 2931 animantium
2692 2877 2794 2930 alia
2836 2879 3199 2932 mansuetiora
3232 2888 3387 2941 sunt,

1791 2965 1894 3019 alia
1923 2963 2205 3030 ferociora,
2241 2967 2314 3021 ita
2342 2967 2394 3021 in
2425 2967 2708 3023 latitudine
2737 2969 2932 3024 anima:
2961 2980 3156 3025 nostra:
3185 2972 3388 3040 cogita-

1794 3056 2000 3112 tionum
2039 3057 2159 3112 alite
2207 3069 2332 3113 sunt
2381 3058 2861 3115 irrationabiliorcs
2903 3072 2957 3116 et
3004 3061 3070 3115 ad
3125 3062 3390 3130 pecudum

1790 3164 1998 3204 morem
2041 3150 2385 3217 accedentes,
2427 3154 2548 3208 alia:
2597 3153 2888 3209 ferociores
2939 3165 2994 3210 et
3040 3157 3386 3226 agrestiorcs.

1794 3241 2086 3297 Domandze
2112 3243 2275 3313 igitur
2302 3244 2406 3300 illa:
2449 3254 2592 3311 sunt,
2623 3255 2677 3300 et
2708 3246 2932 3302 rationis
2975 3248 3203 3318 imperio
3251 3250 3392 3305 subi-

1789 3334 1996 3404 gendae.
2027 3334 2093 3389 Et
2147 3335 2417 3406 quomodo
2465 3337 2586 3404 quis
2633 3339 3016 3406 cogitationem
3065 3340 3384 3395 ferociorem

1788 3428 2138 3498 compescat?
2158 3430 2294 3495 Quid
2323 3429 2479 3494 dicis,
2507 3430 2670 3484 homo
2691 3431 2715 3485 ἲ
2747 3431 2952 3487 Leones
2979 3447 3315 3502 superamus,
3335 3446 3390 3488 et

1787 3521 1998 3575 animos
2024 3535 2213 3577 eorum
2252 3532 2564 3578 mansuetos
2593 3523 2848 3578 facimus:
2883 3534 2936 3579 et
2977 3524 3223 3591 dubitas,
3257 3540 3384 3582 num

1786 3615 1950 3668 animi
1969 3614 2226 3670 ferociam
2251 3615 2302 3668 in
2331 3617 2796 3670 mansuetudinem
2825 3626 3035 3671 mutare
3058 3617 3264 3686 possis?
3283 3620 3381 3671 At—

1785 3707 1877 3776 qui
1925 3715 2114 3761 natura
2158 3705 2343 3761 bestia:
2388 3709 2594 3762 feroces
2620 3717 2780 3773 sum,
2809 3719 2864 3762 et
2905 3718 3101 3778 prtetcr
3137 3718 3382 3763 naturam

1785 3809 2082 3854 mansueta:
2111 3817 2124 3852 :
2157 3809 2344 3854 contra
2378 3808 2432 3854 tu
2465 3811 2652 3855 natura
2691 3800 2870 3867 mitis,
2903 3812 3098 3870 prmtet‘
3133 3813 3378 3857 naturam

1783 3900 1962 3944 autem
1997 3889 2167 3944 ferox.
2203 3892 2285 3944 An
2325 3900 2412 3956 tu,
2441 3892 2532 3961 qui
2573 3891 2760 3946 bestiis
2797 3891 2846 3946 id
2887 3893 3029 3963 quod
3078 3903 3266 3948 natura
3299 3895 3379 3949 eis

1786 3982 1925 4036 inest
1955 3981 2189 4045 auferre,
2221 3993 2273 4036 ct
2303 3984 2444 4052 quod
2470 3999 2657 4038 eorum
2685 3995 2888 4039 natura:
2915 3986 3196 4041 adversum
3232 3988 3379 4042 inse-

1784 4089 1901 4128 rere
1927 4081 2099 4142 potes,
2131 4074 2182 4127 id
2213 4072 2354 4143 quod
2383 4084 2570 4129 natura
2611 4076 2705 4130 tibi
2732 4078 2979 4145 przestitit
3005 4119 3020 4144 ,
3054 4093 3380 4134 conservare

1783 4181 1890 4218 nsn
1932 4165 2126 4235 potes?
2152 4164 2222 4219 Et
2263 4175 2514 4235 quantam
2564 4165 2667 4221 hoc
2714 4167 3217 4224 condemnationem
3271 4185 3379 4226 non

1783 4257 2092 4311 mereatur?
2118 4256 2235 4311 .lam
2264 4257 2408 4328 quod
2439 4258 2522 4312 his
2549 4259 2922 4314 admirabilius
2947 4272 3031 4314 est
3059 4273 3108 4314 et
3146 4262 3378 4319 insolen-

1782 4349 1909 4414 tius,
1944 4349 2158 4403 leonum
2188 4361 2393 4402 naturze
2414 4358 2467 4404 et
2487 4351 2589 4404 alia
2614 4350 2856 4420 qua-dam
2879 4351 3168 4407 dﬂicultas
3196 4355 3332 4409 inest
3359 4374 3373 4409 :

1779 4441 2006 4495 rationis
2032 4443 2176 4496 enim
2202 4439 2487 4510 participes
2510 4457 2616 4495 non
2638 4453 2793 4508 sunt,
2827 4451 2882 4498 et
2925 4445 3270 4500 nihilominus
3299 4447 3376 4499 vi-

1781 4534 1969 4589 demus
1991 4549 2135 4603 smpe
2155 4533 2276 4588 duci
2298 4549 2392 4588 eos
2413 4545 2724 4590 mansuetos
2755 4551 2848 4606 per
2875 4536 3046 4592 forum
3070 4553 3084 4602 ;
3119 4538 3377 4608 multique

1781 4643 1846 4682 ex
1875 4627 2107 4683 officinis
2137 4644 2406 4690 nummos.
2428 4638 2485 4682 ut
2508 4627 2811 4684 mercedem
2836 4631 2968 4684 artis
2995 4643 3048 4686 et
3077 4633 3106 4685 i.
3131 4631 3374 4697 dustria:,

1780 4720 2009 4790 cuipiam
2034 4730 2335 4786 numerant,
2359 4719 2500 4790 quod
2521 4722 2686 4774 feram
2710 4720 3116 4776 mansuefecerit
3145 4723 3372 4776 :animae

1781 4825 1910 4865 vero
1935 4821 2038 4864 tum
2064 4812 2199 4865 ratio
2229 4826 2485 4865 concessa
2516 4823 2619 4877 ρει,
2649 4821 2702 4866 et
2732 4811 2823 4866 Dei
2850 4813 3031 4878 timor,
3057 4823 3111 4868 et
3141 4814 3373 4877 undique

1782 4902 2102 4956 adminicula
2135 4920 2147 4955 :
2177 4919 2244 4957 ne
2287 4903 2446 4972 igitur
2477 4912 2777 4973 prtetextus
2806 4913 2859 4958 et
2884 4905 3138 4960 obtentus
3158 4904 3370 4960 all‘eras.

1783 4993 1943 5047 Potes
1972 4994 2114 5047 enim
2133 5036 2148 5059 ,
2178 4994 2223 5048 si
2252 4996 2353 5059 vis,
2386 5004 2697 5050 mansuetus
2735 5011 2857 5050 esse
2883 5038 2896 5057 .
2930 5005 2984 5050 ct
3011 4995 3254 5066 placidus
3273 5037 3292 5064 ,
3319 5007 3376 5052 et

1780 5098 1984 5152 mquus.
2012 5082 2318 5151 Faciamus,
2345 5086 2548 5156 inquit,
2581 5086 2835 5140 hominem
2875 5087 3148 5142 secundum
3187 5089 3370 5158 imagi-

1781 5193 1891 5229 nem
1918 5187 2172 5241 nostram,
2203 5189 2246 5232 et
2276 5179 2550 5232 secundum
2580 5180 2984 5235 similitudinem.

1851 5268 1904 5320 4.
1949 5266 2051 5320 Cur
2086 5271 2210 5338 ferte
2265 5284 2363 5321 non
2418 5270 2516 5322 sint
2567 5270 2757 5323 homini
2803 5271 3034 5324 subditw.
3063 5269 3259 5326 -—Sed
3304 5272 3372 5326 ad

1780 5357 2106 5426 propositam
2129 5359 2477 5428 qumstionem
2509 5360 2699 5414 iterum
2730 5361 3030 5417 redeamus.
3063 5361 3374 5417 Ostenditur

1778 5451 1921 5503 cnim
1947 5465 2010 5503 ex
2040 5451 2102 5504 iis
2129 5466 2247 5519 qua:
2278 5450 2421 5504 dicta
2448 5461 2592 5516 sunt,
2626 5451 2895 5507 hominem
2950 5455 3017 5507 ab
3065 5453 3216 5507 initio
3261 5454 3372 5524 ple-

1779 5557 1905 5595 ιιιιιιι
1927 5554 1979 5596 et
1999 5541 2291 5612 perfectum
2321 5558 2478 5612 super
2499 5543 2699 5599 bestias
2725 5547 3073 5614 principatum
3094 5543 3367 5600 habuisse.

1782 5631 2114 5688 Dominentur
2160 5635 2336 5698 enim,
2365 5637 2472 5702 ait,
2515 5637 2731 5706 piscibus
2776 5638 2963 5700 maris,
2994 5645 3038 5690 et
3084 5637 3371 5691 volatilibus

1776 5726 1908 5790 cali,
1935 5737 1982 5778 et
2013 5727 2132 5797 feris
2162 5736 2207 5780 et
2235 5727 2498 5796 reptilibus
2527 5737 2690 5781 teme.
2716 5726 3073 5793 Quod'antem
3099 5743 3237 5784 nunc
3263 5740 3364 5781 ter-

1778 5819 1886 5872 rori
1915 5818 2068 5872 nobis
2099 5817 2208 5872 sint
2233 5816 2440 5881 bestiae,
2469 5827 2523 5872 et
2548 5819 2850 5881 timeamus,
2877 5827 2929 5872 et
2957 5818 3196 5872 dominio
3225 5822 3369 5871 ext-i—

1779 5911 2249 5982 derimus,neque
2299 5914 2413 5983 ipse
2468 5927 2638 5980 nego;
2674 5927 2855 5967 verum
2903 5909 3002 5965 hoc
3048 5926 3153 5965 non
3199 5915 3372 5982 arguit
