4086 6500
745 470 806 527 ts
1435 469 1494 528 s.
1532 466 1810 526 JOANNlS
1832 467 2301 528 CtlftYSOSTOIl
2335 466 2656 528 alternae.
2694 469 3224 529 consummes.
3925 423 3992 529 so

742 582 928 639 falsam
962 581 1054 638 Dei
1082 580 1511 653 promissionem.
1542 582 1675 639 Nam
1703 584 1772 640 ab
1799 583 1956 640 initio
1982 599 2071 641 res
2097 599 2203 641 non
2240 584 2312 641 ita

738 691 798 732 su
823 660 1127 743 habebant,
1157 677 1249 732 sed
1282 677 1539 733 timebant
1585 687 1642 734 et
1682 679 1987 736 tremebant
2016 680 2238 745 bestias,
2260 688 2316 734 et

739 767 1137 824 venerabantur
1174 767 1470 824 dominum.
1503 769 1600 825 Ubi
1630 779 1808 827 autem
1852 787 1916 827 ea
1954 771 2314 828 inobcdientia

737 855 987 913 fiduciam
1034 859 1173 929 apud
1221 859 1386 916 Deum
1432 861 1749 930 amisimus,
1779 863 1938 918 etiam
1989 863 2315 933 principatus

739 947 925 1006 uester
949 950 1220 1006 mutilatus
1247 959 1349 1008 est.
1379 952 1633 1023 Subiecta
1660 955 1804 1009 enim
1833 954 2034 1009 homini
2063 955 2311 1010 animalia

740 1042 916 1094 nnmia
942 1040 1101 1096 fuisse
1125 1041 1306 1112 accipe
1335 1058 1399 1096 ex
1421 1042 1718 1113 Scriptura,
1743 1058 1862 1116 qua
1881 1044 2046 1111 dicit,
2078 1045 2310 1100 Adduxit

741 1129 877 1186 Deus
903 1131 1082 1188 bestias
1101 1173 1117 1200 ,
1149 1143 1196 1189 el
1215 1135 1385 1190 omnia
1423 1137 1571 1190 brato
1592 1136 1663 1190 ad
1686 1136 1871 1205 Addat,
1901 1149 1954 1192 at
1981 1139 2167 1194 rideret
2190 1141 2314 1210 quid

742 1230 1012 1275 not-antea
1042 1222 1194 1294 (lien.
1218 1223 1273 1280 2.
1310 1224 1418 1298 f9).
1452 1226 1516 1281 Et
1547 1242 1673 1284 cum
1709 1230 1913 1284 videret
1946 1229 2094 1301 juxta
2120 1245 2179 1286 se
2215 1232 2310 1286 be-

737 1312 904 1377 stias,
951 1328 1054 1368 non
1112 1316 1336 1381 resiliit;
1382 1318 1475 1372 sed
1524 1328 1791 1389 tamquam
1831 1321 2078 1377 dominus
2120 1323 2311 1393 aliquis

741 1405 914 1462 servis
940 1406 1166 1462 subditis
1187 1410 1404 1465 nomina
1430 1409 1681 1482 imposuit
1706 1430 1721 1468 :
1750 1412 1819 1467 Et
1841 1430 1988 1469 omne
2013 1417 2147 1485 quod
2165 1431 2310 1469 roce-

733 1497 804 1552 vit
833 1496 1021 1562 Adam,
1053 1500 1252 1569 inquit,
1285 1502 1380 1557 hoc
1430 1518 1609 1558 nomen
1661 1514 1736 1558 est
1782 1505 1861 1558 illi
1894 1547 1909 1562 .
1941 1505 2082 1576 quod
2129 1508 2310 1576 utique

733 1585 961 1643 dominii
987 1589 1220 1661 signum.
1255 1591 1379 1649 Ideo
1423 1593 1562 1650 Deus
1588 1603 1646 1650 ut
1671 1593 1894 1651 doceret
1919 1597 2090 1668 ipsum
2124 1607 2311 1666 poten-

733 1679 821 1734 tia:
840 1694 954 1737 suae
974 1681 1310 1752 dignitatem,
1334 1686 1609 1742 nominum
1660 1685 2054 1756 impositioncrn
2085 1687 2162 1743 illi
2189 1705 2309 1758 per-

733 1769 902 1826 misit.
930 1773 1110 1843 'Atquc
1149 1772 1264 1828 hac
1315 1774 1530 1844 quidem
1573 1765 1706 1831 satis
1747 1777 2002 1843 indicant,
2031 1777 2100 1833 ab
2157 1780 2308 1834 initio

733 1861 875 1918 feras
905 1862 1105 1918 homini
1135 1865 1398 1922 terribiles
1425 1882 1530 1922 non
1575 1867 1756 1925 fuisse.
1806 1868 1904 1926 Est
1941 1878 2117 1925 tamen
2163 1869 2307 1926 aliud

750 1953 984 2023 tuiddam
1013 1970 1122 2012 non
1152 1957 1360 2024 minus,
1389 1959 1498 2014 imo
1535 1968 1590 2015 et
1633 1960 1737 2016 hoc
1774 1971 2092 2032 argumento
2139 1963 2309 2018 mani-

735 2042 944 2101 festius.
978 2045 1047 2101 Et
1073 2046 1340 2116 quodnam
1369 2048 1505 2104 hoc?
1531 2049 1866 2121 Colloquium
1898 2053 2164 2122 serpentis
2185 2067 2307 2108 cum

735 2133 980 2191 muliere.
1013 2136 1145 2194 Nam
1174 2143 1219 2193 si
1274 2140 1538 2196 terribiles
1577 2140 1807 2198 fuissent
1851 2141 2054 2198 homini
2101 2143 2304 2210 bestiae,

735 2227 927 2284 mulier
945 2239 1194 2299 serpcuc
1217 2241 1507 2302 conspecto
1529 2249 1634 2288 nou
1655 2235 1959 2302 mansisset,
1988 2251 2159 2306 neque
2179 2252 2309 2293 con-

732 2318 912 2376 silium
963 2321 1281 2392 accepisset,
1328 2339 1501 2395 neque
1546 2340 1666 2380 cum
1714 2333 1856 2381 tanta
1897 2327 2185 2384 securitate
2231 2328 2307 2384 illi

733 2408 948 2480 loquuta
980 2409 1201 2478 fuisset,
1222 2412 1316 2469 sed
1342 2413 1616 2470 statim-ad
1645 2424 1920 2487 aspectum
1949 2417 2092 2472 illius
2116 2418 2306 2475 obstu~

733 2498 944 2571 pefacta
997 2501 1334 2574 profugisset.
1367 2503 1564 2562 Verum
1614 2522 1755 2562 nunc
1801 2506 2155 2579 colloquitur,
2208 2522 2309 2565 nec

733 2590 924 2647 metuit
954 2607 968 2646 :
1000 2591 1231 2648 nondum
1257 2595 1402 2650 enim
1431 2604 1548 2652 erat
1588 2595 1748 2652 timor
1770 2596 1879 2654 ille.
1914 2595 2176 2654 Ceterum
2214 2598 2306 2654 ubi

733 2689 1009 2752 peccatum
1041 2682 1274 2752 intrat-it,
1309 2685 1483 2741 ablata
1519 2695 1604 2743 est
1640 2686 1755 2742 lucc
1792 2687 2018 2758 dignitas
2063 2698 2118 2745 et
2159 2699 2307 2760 pote-

724 2781 863 2832 stas.
893 2775 958 2830 Et
999 2777 1443 2846 quentadmodtan
1492 2779 1629 2836 inter
1656 2793 1844 2837 servos
1885 2781 2000 2837 fieri
2047 2783 2218 2848 solet,
2247 2791 2308 2838 ut

731 2863 1066 2935 probatiores
1092 2878 1146 2923 et
1167 2866 1502 2928 honestiores
1524 2871 1800 2930 conservis
1821 2872 2012 2928 teneri
2043 2873 2180 2938 sint;
2213 2874 2305 2943 qui

727 2963 910 3011 autem
950 2955 1305 3028 deliquerunt,
1331 2969 1386 3016 et
1410 2974 1702 3019 conservos
1741 2963 1998 3018 timeant:
2031 2964 2109 3019 sic
2153 2973 2209 3019 et
2250 2965 2305 3020 in

732 3043 950 3103 homine
978 3045 1172 3103 factum
1193 3058 1296 3106 est.
1335 3049 1467 3106 Nam
1494 3051 1638 3110 salva
1669 3063 1918 3111 manente
1944 3055 2084 3110 illius
2113 3054 2303 3110 fiducia

728 3135 870 3205 apud
900 3135 1067 3192 Deum
1088 3179 1103 3201 ,
1133 3140 1387 3197 terribilis
1407 3151 1524 3197 erat
1548 3151 1603 3198 et
1628 3141 1851 3198 bestiis:
1881 3144 1969 3198 ubi
1996 3154 2174 3200 autem
2201 3145 2304 3199 itn-

733 3226 903 3296 pcgit.
956 3227 1143 3284 timere
1183 3230 1344 3299 erepit
1387 3231 1549 3286 etiam
1590 3247 1970 3288 conservorum
2014 3243 2302 3290 extremos.

724 3312 883 3381 Quod
913 3316 961 3370 si
997 3332 1114 3387 qua:
1142 3318 1366 3374 dicimus
1391 3336 1495 3375 non
1524 3319 1662 3378 feras
1682 3362 1698 3387 ,
1723 3321 2027 3378 demonstra
2060 3335 2113 3377 tu
2152 3325 2302 3389 mihi,

723 3403 820 3458 ubi
860 3405 1126 3462 terribiles
1160 3416 1283 3463 ante
1320 3420 1592 3478 pemtum
1622 3410 1817 3466 fuerint
1850 3411 2048 3466 homini
2095 3413 2300 3469 bestim.

731 3493 838 3549 Sed
875 3509 979 3549 non
1010 3498 1228 3566 poteris.
1257 3497 1409 3566 Quod
1437 3501 1481 3554 si
1513 3510 1694 3570 postea
1730 3500 1892 3558 subiit
1920 3501 2110 3569 timor,
2143 3504 2304 3558 etiam

730 3597 832 3641 nnc
860 3586 951 3641 Dei
973 3585 1308 3660 benignitatis
1337 3590 1624 3645 maximum
1649 3599 2018 3660 argumentum
2038 3600 2144 3649 est.
2172 3593 2303 3648 Nam

731 3677 777 3731 si
800 3687 1079 3748 postquam
1121 3679 1281 3736 homo
1303 3680 1608 3737 mandatum
1652 3697 2014 3753 transgressus
2032 3692 2135 3748 est,
2169 3685 2303 3739 inte-

729 3779 826 3836 ger
849 3765 986 3821 illius
1004 3767 1287 3824 mansisset
1307 3769 1478 3825 honor
1499 3779 1556 3826 et
1583 3771 1866 3827 immobilis
1880 3813 1897 3838 ,
1924 3771 2064 3827 haud
2090 3771 2242 3828 facile
2270 3788 2302 3829 a

721 3855 880 3928 lapsu
903 3859 1296 3914 resurrexisset.
1329 3858 1764 3931 Quandoquidem
1789 3877 1909 3918 cum
1939 3863 2304 3920 inobcdientcs

729 3956 784 4002 ct
811 3947 1121 4006 obedientes
1145 3949 1387 4006 homines
1406 3952 1520 4022 pari
1539 3952 1794 4022 dignitate
1827 3953 2093 4022 fruuntur,
2120 3957 2304 4025 nequi-

729 4041 817 4094 ttat
859 4038 1150 4095 assueflunt
1177 4041 1364 4112 magis,
1393 4055 1490 4097 nec
1517 4042 1669 4098 facile
1694 4043 1761 4098 ab
1786 4059 1848 4100 ea
1869 4043 2147 4100 desistunt.
2169 4044 2300 4101 Cum

724 4132 872 4189 enim
900 4147 1041 4188 nunc
1066 4141 1145 4188 tot
1166 4131 1487 4191 instantibus
1513 4136 1837 4203 terroribus,
1862 4137 2053 4206 penis,
2077 4147 2133 4193 et
2171 4155 2302 4209 sup-

728 4223 902 4292 pliciis
927 4239 1031 4278 non
1061 4225 1444 4292 emendantur,
1477 4226 1660 4298 quales
1690 4227 1909 4284 fuissent
1950 4231 1996 4284 si
2032 4229 2162 4285 nihil
2207 4245 2303 4299 pro

723 4308 937 4368 delictis
966 4313 1077 4368 suis
1111 4329 1271 4385 grave
1300 4317 1438 4385 passi
1469 4317 1693 4371 essent?
1723 4319 1894 4389 Atque
1921 4319 1989 4373 ita
2023 4319 2300 4390 imperium

727 4404 885 4459 nobis
911 4419 939 4457 a
972 4405 1114 4472 Deo,
1140 4406 1283 4478 quod
1314 4422 1557 4478 magnam
1603 4409 1768 4463 nostri
1817 4425 1998 4481 curam
2038 4421 2091 4466 et
2121 4412 2302 4482 provi-

729 4493 965 4550 dentiam
1000 4505 1230 4565 gereret,
1259 4505 1343 4554 est
1367 4497 1621 4552 ablatum.

796 4588 849 4643 5.
881 4588 959 4642 Tu
989 4595 1189 4655 autem,
1227 4589 1521 4658 carissime,
1553 4599 1607 4648 et
1620 4591 1729 4660 jam
1762 4591 1884 4647 inde
1914 4592 2290 4663 benignitatem

727 4679 820 4734 Dei
868 4677 1186 4735 ineffabilem
1236 4681 1554 4746 considera,
1597 4683 1864 4751 quomodo
1915 4684 2080 4737 Adam
2129 4693 2297 4740 totum

727 4768 1032 4824 mandatum
1078 4768 1414 4836 subverterit,
1452 4779 1508 4825 et
1533 4780 1692 4825 totam
1719 4773 1889 4842 legem
1938 4783 2298 4842 transgressus

725 4861 794 4916 sit
824 4877 840 4918 :
869 4859 1126 4931 benignus
1147 4870 1324 4916 autem
1357 4861 1498 4916 Deus
1522 4861 1756 4917 bonitate
1780 4877 1875 4918 sua
1903 4875 2080 4920 nostra
2108 4865 2296 4922 delicta

726 4966 1008 5024 superans,
1033 4967 1140 5008 non
1169 4961 1340 5011 totum
1367 4953 1622 5009 honorem
1656 4953 1953 5022 abstulerit,
1984 4971 2154 5026 neque
2184 4967 2295 5013 toto

721 5043 975 5116 deiecerit
1015 5044 1311 5116 principatu
1359 5043 1502 5100 :sed
1545 5060 1607 5100 ea
1649 5045 1922 5119 dumtaxat
1966 5049 2213 5104 animalia
2265 5063 2295 5103 a

723 5143 901 5191 nostra
924 5143 1186 5204 potestate
1204 5133 1503 5203 abduxerit,
1521 5151 1639 5207 qua:
1665 5152 1769 5193 non
1791 5140 2010 5194 multum
2041 5139 2107 5195 ad
2137 5141 2296 5211 hujus

721 5226 842 5281 vita:
865 5225 1140 5283 utilitatem
1163 5226 1316 5282 nobis
1333 5227 1652 5291 conducunt,
1675 5243 1792 5299 qua
1812 5245 1938 5284 vero
1961 5231 2078 5285 vice
2099 5241 2295 5288 nostra:

724 5317 950 5372 multum
991 5315 1246 5383 serviunt,
1278 5323 1334 5374 et
1361 5318 1504 5373 utilia
1535 5319 1941 5390 necessariaque
1981 5332 2123 5392 sunt,
2153 5339 2213 5379 ea
2241 5325 2294 5380 in

721 5410 996 5474 servitute,
1027 5417 1082 5464 et
1111 5409 1442 5479 subiectione
1465 5424 1558 5464 sua
1605 5410 1887 5467 dimiserit.
1914 5413 2142 5484 ltcliquit
2166 5432 2295 5487 ergo

715 5497 875 5552 nobis
902 5498 1061 5553 boum
1085 5506 1325 5553 armenta
1345 5538 1362 5560 ,
1393 5505 1451 5553 ut
1475 5510 1707 5555 aratrum
1754 5501 2045 5567 trahamus,
2096 5513 2291 5562 terram

719 5587 1018 5653 sulcemus,
1067 5603 1340 5644 seramus:
1382 5589 1593 5660 reliquit
1639 5599 1692 5645 et
1729 5592 2081 5663 subjugalium
2130 5598 2291 5653 multa

715 5694 934 5751 genera,
957 5688 1016 5734 ut
1034 5694 1134 5736 nos
1150 5681 1402 5751 adiuvent
1424 5681 1488 5735 ad
1511 5681 1655 5736 utilia
1673 5699 1894 5756 qumque
1915 5690 2253 5744 convehenda
2274 5706 2288 5757 ;

720 5771 932 5840 reliquit
951 5772 1127 5826 ovium
1157 5786 1364 5843 greges.
1392 5780 1450 5826 ut
1477 5771 1794 5831 haberemus
1821 5792 1938 5847 qua:
1967 5778 2030 5832 ad
2062 5781 2289 5836 vestien-

721 5863 844 5917 dum
874 5876 979 5917 nos
1007 5860 1343 5931 sufficerent;
1365 5863 1574 5936 reliquit
1611 5875 1661 5922 ct
1697 5867 1799 5922 alia
1821 5870 2164 5926 animantium
2194 5888 2287 5942 ge-

2421 598 2575 652 nera,
2596 582 2737 641 unde
2761 584 2921 639 multa
2939 583 3094 642 nobis
3117 579 3994 654 suppeditantur-eonmroda.Naut

2417 677 2542 749 quia
2556 677 2780 748 puniens
2790 677 3058 734 hominem
3075 679 3146 734 ob
3159 675 3826 742 inohedicntiam,diaerat,
3844 673 3997 731 fm-

2417 767 2702 837 dorafociei
2838 765 3445 837 .
3466 766 3660 837 5.19):
3681 775 3740 821 ut
3755 766 3997 822 nestulm

2418 867 2472 913 et
2489 858 2640 916 labor
2655 859 2742 916 hic
2757 867 2939 916 noster
2953 859 3299 914 intolerabilis
3313 857 3686 924 foret,sndoris
3701 857 3994 920 molestias,

2415 957 2472 1002 et
2519 948 2717 1004 laboris
2753 963 2891 1004 onus
2913 948 3185 1004 alleviavit
3225 948 3589 1018 jumentorurn
3633 948 3998 1015 multitudine,

2417 1054 2536 1108 qua:
2586 1053 2690 1092 una
2739 1039 3013 1095 uobiscum
3063 1038 3325 1105 laborant,
3375 1049 3430 1094 et
3475 1038 3749 1093 molestias
3799 1039 3996 1104 ferunt,

2418 1127 2558 1183 idem
2589 1129 2786 1184 faciens
2813 1130 2955 1200 quod
2982 1129 3308 1201 benignuset
3338 1128 3570 1200 prudens
3598 1128 3994 1200 paterfamilias,

2415 1218 2506 1288 qui
2537 1218 2797 1290 agellato
2812 1234 2989 1286 servo,
3019 1220 3376 1275 etiamcuram
3402 1218 3687 1290 quamdam
3699 1233 3991 1289 congruam

2418 1309 2640 1378 flagellis
2668 1308 2885 1365 adhibet
2916 1327 2931 1364 :
2957 1309 3036 1365 sic
3067 1318 3123 1365 et
3153 1311 3290 1365 Deus
3321 1318 3379 1365 ut
3403 1310 3780 1366 condemnavit
3807 1323 3992 1380 pecca-

2418 1408 2609 1466 torem,
2657 1400 2915 1458 leniorem
2942 1403 3104 1458 etiam
3133 1401 3633 1458 condemnationem
3660 1416 3785 1458 esse
3809 1401 3994 1467 voluit,

2413 1498 2468 1544 et
2496 1490 2649 1546 nobis
2667 1490 2732 1545 ad
2753 1497 3002 1546 sudorem
3026 1501 3084 1546 et
3109 1490 3343 1546 laborem
3367 1498 3684 1560 perpetuum
3707 1490 3996 1555 damnatis,

2413 1579 2731 1635 subsidiaria
2759 1579 2887 1636 fecit
2933 1582 3095 1635 multa
3127 1580 3401 1635 brutarum
3441 1595 3656 1650 gcnera.
3690 1584 3866 1652 Atque
3907 1581 3994 1644 ita,

2414 1671 2554 1741 quod
2598 1669 2856 1726 honorem
2888 1671 3042 1727 nobis
3082 1671 3227 1726 dedit
3249 1680 3304 1726 et
3330 1685 3513 1725 rursus
3539 1671 3774 1737 abstulit,
3825 1681 3880 1726 et
3907 1669 3998 1726 bc-

2412 1763 2638 1819 stiarutu
2670 1763 2824 1819 nobis
2845 1773 3045 1820 metum
3074 1763 3314 1829 innnisit,
3341 1772 3397 1818 et
3436 1763 3637 1824 omnia,
3667 1762 3712 1816 si
3741 1761 3865 1832 quis
3884 1759 3999 1816 dili-

2410 1864 2604 1926 genter
2621 1865 2676 1910 et
2712 1855 2931 1912 cordate
2957 1855 3209 1926 iuquirat,
3253 1853 3488 1910 offendet
3517 1852 3671 1924 plena
3700 1854 3996 1924 sapientia,

2414 1945 2785 2016 providentize,
2808 1956 2864 2002 et
2891 1946 3254 2017 benignitatis.

2488 2034 2812 2104 Sacricium
2853 2036 3128 2090 maximam
3172 2033 3273 2089 Dei
3315 2035 3669 2090 beneciorum
3719 2034 3997 2089 recordari.

2527 2128 2787 2198 Quocirca
2840 2144 2940 2200 pro
2986 2128 3069 2184 bis
3118 2126 3366 2182 omnibus
3406 2129 3605 2198 gratias
3659 2126 3709 2182 ei
3761 2140 3998 2181 summas

2413 2235 2632 2290 agamus
2657 2261 2673 2284 ,
2722 2219 2814 2291 qui
2866 2227 3010 2274 tanta
3051 2218 3190 2289 apud
3233 2232 3332 2274 nos
3375 2217 3630 2273 beneficia
3693 2218 3996 2272 collocarit.

2411 2308 2595 2380 Neque
2638 2311 2782 2364 enim
2845 2323 3006 2380 grave
3069 2309 3267 2380 aliquid
3316 2316 3372 2364 et
3421 2322 3706 2364 onerosum
3756 2323 3786 2361 a
3847 2307 4001 2362 nobis

2412 2400 2634 2472 requirit
2671 2417 2684 2455 :
2726 2399 2821 2456 sed
2862 2400 3038 2456 solum
3076 2409 3134 2454 ut
3178 2409 3434 2454 testemur
3469 2408 3526 2454 et
3562 2399 3821 2453 fateamur
3858 2407 4001 2452 tanta

2413 2489 2693 2558 beneficia,
2741 2499 2796 2547 et
2816 2505 2920 2563 pro
2961 2490 3046 2546 bis
3085 2490 3284 2562 gratias
3335 2489 3673 2546 referamus:
3703 2504 3813 2544 non
3861 2488 4000 2560 quod

2414 2579 2529 2650 ipse
2549 2580 2635 2636 his
2656 2589 2830 2652 egeat,
2855 2581 2944 2652 qui
2977 2580 3118 2635 nulla
3151 2594 3212 2636 re
3236 2579 3474 2650 indiget;
3492 2579 3586 2636 sed
3607 2589 3667 2634 ut
3686 2594 3784 2635 nos
3822 2579 3999 2635 disca-

2412 2685 2534 2726 mus
2556 2681 2831 2728 auctorem
2861 2670 3123 2726 bonorum
3154 2670 3310 2726 nobis
3337 2670 3649 2738 conciliare,
3689 2678 3746 2724 ct
3773 2685 3883 2725 non
3911 2669 3998 2725 in-

2411 2763 2548 2835 grati
2571 2764 2759 2832 simus,
2784 2764 2880 2820 sed
2899 2763 3111 2835 dignam
3139 2764 3302 2818 tantis
3323 2763 3594 2820 beneciis
3624 2772 3682 2820 et
3704 2761 3994 2834 providen-

2411 2857 2484 2912 tia
2514 2855 2764 2913 virtutem
2815 2854 3120 2911 afferamus.
3150 2854 3283 2912 Nam
3314 2855 3394 2910 sic
3439 2855 3610 2926 ipsum
3640 2853 3708 2909 ad
3735 2853 3997 2925 majorem

2413 2948 2580 3004 nostri
2621 2947 3030 3023 sollicitudinem
3080 2946 3508 3020 prorocabimus.
3539 2945 3649 3002 Oro
3697 2946 3879 3016 igitur,
3933 2960 4000 3000 ne

2411 3039 2624 3095 desides
2647 3039 2838 3105 simus,
2884 3039 2979 3095 sed
3010 3040 3373 3110 unusquisque
3420 3053 3515 3110 pro
3561 3037 3700 3093 virili
3744 3047 4000 3109 supputa

2409 3129 2550 3201 apud
2579 3145 2640 3187 se
2659 3130 2884 3201 singulis
2923 3133 3086 3197 noris,
3109 3145 3223 3193 non
3266 3130 3436 3185 solum
3463 3130 3766 3186 communia
3790 3129 4001 3186 benefi-

2411 3221 2516 3286 cia,
2547 3220 2641 3276 scd
2662 3230 2717 3277 et
2741 3221 2942 3292 privata
2968 3221 3024 3276 in
3047 3235 3106 3277 se
3133 3221 3328 3276 collata
3362 3237 3376 3275 :
3413 3236 3519 3276 non
3541 3235 3604 3276 ea
3637 3230 3844 3276 tantum
3879 3238 3999 3293 quae

2410 3327 2599 3369 omnes
2624 3312 2876 3376 fatentur,
2902 3321 2958 3368 et
2996 3328 3116 3384 quas
3141 3312 3391 3368 omnibus
3416 3309 3691 3368 manifesta
3722 3321 3876 3380 sunt,
3904 3314 3999 3370 sed

2410 3410 2467 3458 et
2491 3404 2723 3472 propria,
2753 3417 2818 3458 ac
2857 3402 3140 3473 plerosque
3164 3403 3380 3458 latentia
3409 3420 3424 3458 :
3455 3403 3532 3458 sic
3556 3402 3698 3458 enim
3732 3402 3801 3459 ad
3826 3405 3999 3461 conti-

2411 3508 2572 3548 nuam
2599 3493 2887 3564 gratiarum
2915 3493 3178 3548 actionem
3214 3492 3436 3548 Domino
3474 3491 3817 3549 referendam
3859 3493 3993 3550 inci-

2414 3585 2629 3642 tabitur.
2662 3585 2774 3641 lloc
2794 3585 3078 3640 maximum
3103 3583 3445 3652 sacrificium,
3495 3582 3610 3639 htec
3641 3583 3884 3654 perfecta
3909 3585 3996 3641 ob-

2411 3679 2540 3733 latio
2565 3687 2667 3744 est,
2695 3677 2798 3733 hoc
2824 3677 3036 3733 fiducia:
3057 3693 3182 3749 erga
3209 3678 3374 3732 Deum
3400 3685 3598 3733 nostra:
3617 3689 3995 3749 argumentum

2409 3774 2465 3823 et
2490 3781 2648 3823 causa
2676 3777 2792 3822 cst:
2821 3777 2875 3823 ct
2896 3767 3187 3838 quomodo,
3218 3782 3320 3838 ego
3345 3767 3540 3822 dicam.
3570 3767 3671 3835 Qui
3699 3769 3848 3824 enim
3880 3769 3994 3826 lucc

2408 3859 2661 3914 continuo
2708 3858 2762 3914 in
2806 3867 2986 3913 mente
3027 3873 3122 3914 sua
3171 3866 3365 3924 versat,
3395 3867 3450 3914 et
3476 3873 3628 3913 suam
3680 3861 3996 3916 tenuitatem

2410 3960 2657 4007 accurate
2686 3951 2852 4015 novit,
2906 3961 2961 4006 et
2988 3939 3316 4006 eminentem
3347 3950 3578 4005 divinam
3610 3950 3996 4021 benignitatem

2409 4041 2639 4111 Cogitat;
2661 4040 2927 4110 quomodo
2955 4055 3146 4110 nempe
3166 4057 3271 4095 non
3292 4039 3573 4097 attendens
3598 4041 3725 4110 quid
3749 4057 3998 4100 merean-

2412 4139 2497 4186 tur
2526 4141 2737 4202 peccata
2769 4141 2970 4196 nostra,
3002 4132 3097 4187 scd
3117 4131 3242 4203 quid
3270 4148 3366 4188 sua
3395 4133 3604 4188 bonitas
3633 4134 3894 4203 postulet,
3923 4135 3998 4190 ita

2411 4238 2496 4280 res
2530 4233 2739 4277 nostras
2757 4222 3066 4293 dispenset:
3099 4225 3144 4277 is
3169 4224 3425 4278 nimirum
3451 4233 3685 4280 mentem
3711 4225 3991 4296 deprimit,

2409 4329 2503 4370 cor
2529 4314 2780 4381 conterit,
2805 4330 3017 4371 omnem
3049 4314 3241 4370 fastum
3270 4323 3325 4371 et
3345 4317 3703 4386 arrogantiam
3735 4320 3996 4390 castigat,

2407 4407 2564 4463 discit
2583 4406 2827 4463 modeste
2841 4422 3020 4477 agere,
3052 4416 3398 4464 contemnere
3422 4408 3702 4478 prasentis
3723 4410 3849 4466 vita:
3867 4413 3996 4482 glo-

2407 4498 2560 4564 riam,
2593 4499 2770 4554 ridere
2812 4497 3033 4553 t'isibilia
3075 4499 3276 4565 omnia,
3330 4500 3566 4570 cogitare
3620 4497 3802 4554 futura
3851 4500 3997 4556 bona

2406 4589 2673 4660 vitamque
2703 4589 3056 4645 immortalem
3104 4603 3167 4644 ac
3215 4604 3503 4660 numquam
3545 4589 3859 4646 finiendam.
3886 4591 3997 4659 Qut

2405 4689 2582 4736 autem
2607 4681 2684 4736 sic
2711 4679 2940 4735 afficitur
2963 4681 3162 4746 animo,
3189 4695 3373 4736 verum
3395 4691 3449 4736 et
3474 4692 3755 4753 acceptum
3782 4685 3999 4740 sacrifi-

2403 4772 2545 4827 cium
2574 4771 2686 4826 Deo
2724 4770 2899 4838 offert,
2951 4772 3090 4826 sicut
3131 4772 3388 4841 propinet:
3417 4769 3546 4827 dicit
3593 4789 3607 4824 :
3655 4772 3997 4842 Sacricium

2409 4861 2512 4916 Deo
2544 4861 2752 4932 spiritus
2773 4862 3134 4916 contribufattut
3155 4879 3174 4927 ;
3195 4878 3284 4916 cor
3301 4862 3572 4917 contritum
3595 4873 3643 4917 et
3665 4863 4002 4922 lautitiarum

2411 4952 2544 5008 Deus
2569 4970 2668 5008 non
2696 4954 2931 5026 despiciet
2963 4952 3131 5026 (Psal.
3160 4954 3248 5010 50.
3284 4953 3400 5026 i9).
3434 4952 3694 5011 Cordatos
3737 4958 3883 5015 enim
3911 4959 3999 5014 fa-

2407 5045 2580 5100 mulos
2607 5060 2713 5099 non
2743 5055 2848 5098 tam
2881 5060 3051 5115 pruna:
3075 5056 3129 5099 et
3174 5045 3431 5116 supplicia
3468 5045 3774 5112 emendant,
3808 5057 3866 5102 ut
3900 5050 3998 5106 be

2405 5135 2612 5201 neficia,
2639 5146 2691 5190 et
2718 5136 2859 5205 quod
2887 5137 3131 5191 noverint
3149 5150 3207 5192 se
3225 5151 3332 5190 non
3358 5135 3647 5192 secundum
3667 5137 3999 5196 delictorum

2403 5228 2589 5283 merita
2620 5242 2829 5297 poenam
2863 5231 3027 5283 luere.

2473 5319 2526 5374 6.
2556 5319 2906 5374 Conteramus
2934 5319 3108 5389 igitur,
3149 5319 3394 5388 obsecro,
3438 5319 3672 5376 animum
3702 5330 3955 5379 nostrum
3978 5366 3997 5391 ,

2405 5409 2745 5464 liumiliemus
2770 5419 3003 5465 mentem
3027 5418 3082 5465 et
3103 5425 3245 5465 nunc
3267 5411 3498 5465 maxime
3513 5425 3633 5466 cum
3662 5425 3765 5468 noc
3789 5413 3995 5482 jejunii

2404 5512 2611 5571 tempus
2643 5500 2807 5555 multa
2846 5501 2998 5556 nobis
3027 5501 3092 5556 ad
3134 5500 3237 5556 hoc
3265 5501 3466 5572 praebet
3485 5501 3740 5557 subsidia.
3776 5503 3915 5558 Nam
3943 5507 3996 5561 si

2402 5594 2470 5648 ita
2510 5592 2683 5648 affecti
2732 5591 3008 5658 fuerimus,
3063 5593 3351 5662 poterimus
3376 5603 3428 5648 et
3450 5582 3633 5664 magna
3686 5594 3996 5649 attentione

2403 5698 2590 5754 preces
2623 5685 2865 5747 fundere,
2886 5683 3266 5739 etconfitentes
3288 5692 3501 5754 peccata
3519 5685 3736 5739 multam
3755 5685 3995 5755 gratiam

2401 5792 2629 5849 superne
2653 5776 2914 5832 obtinere.
2944 5778 3008 5832 Et
3033 5788 3087 5831 ut
3110 5778 3289 5832 sciatis
3311 5778 3442 5832 tales
3487 5776 3692 5830 animas
3724 5777 3832 5832 Deo
3871 5778 3993 5848 pla-

2399 5886 2542 5938 cere,
2575 5870 2697 5926 audi
2738 5871 2909 5942 ipsum
2951 5870 3213 5926 dicentem
3245 5887 3257 5926 :
3288 5871 3368 5924 Ad
3391 5885 3533 5940 quem
3560 5871 3850 5939 respiciam,
3877 5873 3988 5926 nisi
