4086 6482
245 398 312 452 8i
1400 377 1465 435 IN
1503 376 1656 434 CAP.
1700 375 1737 430 Ι.
1777 373 1853 430 σε

1965 325 2294 428 saturnus
2339 365 2406 424 χ.
3479 366 3562 424 εί,

249 514 322 567 ad
351 511 620 576 humilem,
658 516 708 561 et
744 507 986 578 quietum,
1025 511 1071 558 et
1119 511 1408 556 trementem
1429 512 1682 552 sermones
1710 509 1844 548 meos

251 603 408 676 (lui.
432 604 521 660 66.
552 600 666 670 εν
687 598 889 654 Idcirco
913 605 964 652 et
993 595 1238 651 Christus
1268 593 1336 648 ita
1362 589 1680 660 lnqucbatur
1709 605 1721 640 :
1755 586 1850 639 Di-

248 699 379 753 scite
405 714 437 750 a
458 711 536 748 me
559 693 680 761 quia
705 691 840 744 mitts
859 705 993 755 sum,
1015 695 1060 741 et
1083 685 1288 740 humilis
1316 680 1486 744 corde,
1509 689 1556 734 et
1584 677 1847 732 invenietis

251 788 478 858 requiem
518 784 781 839 animabus
821 782 998 836 vestris
1024 777 1355 851 (Hau/1.1!.
1403 772 1522 845 29).
1575 771 1706 826 Nam
1756 767 1848 839 qui

250 895 388 935 vere
417 879 650 948 seipsum
682 873 944 938 humiliat,
968 884 1253 940 numquam
1277 867 1473 937 poterit
1498 865 1573 919 ira
1603 876 1846 918 commo-

253 972 397 1039 veri.
430 981 484 1026 et
514 969 771 1040 proximo
794 979 1135 1029 succensere;
1164 961 1339 1017 anima
1365 959 1481 1030 ejus
1517 958 1570 1012 in
1599 955 1680 1010 sui
1719 968 1852 1008 con-

254 1061 586 1118 sideratione
637 1066 895 1128 occupata
951 1065 1006 1112 et
1057 1055 1193 1123 intra
1248 1051 1479 1121 seipsam
1552 1046 1844 1102 li‘umiliata.

257 1152 453 1208 Anima
479 1162 659 1207 autem
684 1166 802 1220 qua:
827 1151 904 1204 sic
929 1163 989 1204 se
1020 1146 1200 1210 habet,
1232 1142 1510 1214 quid‘esse
1540 1138 1709 1210 possit
1727 1138 1852 1192 bea-

260 1245 409 1301 tius?
434 1245 765 1314 Quicumque
787 1242 907 1297 talis
935 1250 1037 1306 est,
1067 1241 1124 1295 is'
1145 1246 1300 1310 portu
1324 1238 1580 1293 continuo
1602 1231 1754 1286 sedet
1781 1228 1850 1284 ab

259 1337 410 1393 omni
435 1344 749 1408 tempestate
790 1335 944 1400 liber,
975 1344 1032 1389 et
1057 1332 1355 1388 oblectatur
1388 1329 1442 1383 in
1469 1324 1851 1398 cogitationum

259 1431 664 1502 tnuquillitate.
720 1429 843 1485 Ideo
892 1427 1138 1483 Christus
1167 1422 1430 1480 dicebat:
1481 1418 1550 1473 Et
1595 1415 1853 1473 invenietis

259 1524 484 1595 requiem
508 1520 773 1576 animabus
799 1521 994 1574 vestris.
1030 1515 1212 1586 Itaque
1255 1514 1392 1569 sicut
1421 1510 1510 1583 qui
1539 1507 1854 1564 aﬂ‘ectiones

259 1615 385 1670 illas
409 1613 604 1684 sOpivit
629 1613 801 1667 multa
818 1611 1002 1680 requie
1027 1607 1239 1671 fruitur,
1267 1605 1338 1660 ita
1357 1603 1513 1660 deses
1537 1611 1591 1658 et
1608 1599 1850 1668 supinus,

259 1717 324 1762 et
346 1704 635 1777 quinequit
653 1703 874 1759 allectus
901 1717 1029 1756 suos
1053 1709 1115 1755 ut
1141 1698 1296 1754 decet
1337 1696 1628 1758 moderari,
1655 1707 1851 1764 perpe-

260 1808 361 1853 tuo
388 1793 872 1868 perturbationibus
900 1791 1161 1846 obnoxius
1188 1798 1292 1854 est,
1341 1787 1488 1842 domi
1532 1784 1726 1840 bellum
1759 1782 1853 1835 ha-

260 1893 379 1957 bet,
419 1892 632 1946 nemine
671 1895 936 1959 praesente
966 1885 1227 1949 turbatur,
1277 1890 1332 1937 et
1361 1895 1576 1952 graiem
1618 1877 1856 1931 sustinet

263 1991 637 2053 tempestatem
681 1999 695 2035 :
734 1989 1015 2050 propterea
1059 1976 1306 2031 ﬂuctibus
1350 1989 1410 2030 se
1452 1968 1850 2034 extollentibus,

260 2075 711 2132 etesorientibus
765 2072 1026 2126 malorum
1071 2068 1354 2139 spirituum
1404 2063 1676 2133 procellis,
1709 2075 1854 2129 saepe

263 2167 392 2222 navi
422 2165 491 2220 ob
516 2163 832 2235 imperitiam
854 2159 1225 2233 gubernatoris
1250 2159 1517 2220 demersa,
1549 2153 1707 2209 simul
1740 2154 1854 2223 ipse

261 2261 645 2329 submergitur.
672 2257 900 2327 Proinde
925 2257 1082 2312 decet
1121 2270 1219 2310 nos
1247 2268 1370 2308 esse
1405 2251 1616 2307 sobrios
1650 2257 1704 2303 et
1728 2247 1856 2317 rigi-

266 2355 372 2420 los,
427 2365 484 2409 et
523 2362 834 2423 perpetuam
885 2349 1382 2416 indesinentcmque
1429 2344 1620 2398 anima:
1657 2351 1856 2396 nostra:

261 2445 678 2502 sollicitudinem
721 2443 936 2497 habere.
979 2439 1266 2497 Christiani
1296 2440 1439 2492 enim
1474 2443 1557 2491 est
1600 2435 1856 2488 adversus

261 2537 730 2607 concupiscentias
775 2534 952 2587 carnis
990 2546 1205 2600 semper
1252 2530 1304 2584 in
1351 2529 1465 2583 acie
1495 2536 1658 2590 stare,
1708 2525 1855 2593 leges

266 2629 478 2686 Domini
505 2629 669 2683 nostri
718 2627 872 2682 nobis
901 2626 1051 2680 datas
1078 2638 1290 2693 semper
1317 2621 1516 2676 habere
1539 2629 1852 2689 prteseutes,

265 2735 320 2779 et
353 2724 438 2778 his
467 2723 659 2777 muniri
686 2731 846 2791 atque
877 2719 1017 2774 illius
1044 2717 1322 2773 tolerantia
1346 2730 1449 2770 non
1484 2713 1854 2782 abuti,,neque

263 2825 598 2886 exspectare,
625 2813 801 2869 donec
826 2829 886 2868 re
925 2812 1038 2881 ipsa
1067 2811 1161 2864 ira:
1189 2809 1329 2863 illius
1366 2807 1656 2877 periculum
1698 2804 1857 2857 facia-

265 2925 416 2978 mus,
461 2917 518 2962 ut
545 2909 668 2960 tunc
711 2905 1071 2968 humiliemur,
1111 2911 1279 2956 utne
1316 2909 1384 2954 et
1409 2899 1476 2954 de
1520 2897 1674 2952 nobis
1713 2897 1858 2950 dica-

266 3010 382 3066 tur,
420 2997 548 3052 Cum
591 2995 833 3050 occideret
875 3010 978 3061 eos,
1025 3004 1142 3046 tunc
1180 2990 1493 3060 inquirebant
1530 3005 1642 3042 eum
1673 2985 1866 3059 (Psal..

266 3091 529 3162 77-54).

336 3181 598 3254 Confessio
624 3191 960 3250 peccatorum.
982 3210 1052 3220 -—
1077 3179 1222 3234 Cum.
1239 3177 1398 3248 igitur
1419 3175 1730 3248 adjumento
1759 3191 1856 3230 no-

267 3275 352 3331 bis
377 3289 519 3330 nunc
532 3274 605 3328 sit
620 3274 809 3344 jejuuii
840 3281 1070 3341 tempus,
1099 3268 1382 3333 carissimi,
1406 3281 1596 3323 omnes
1623 3267 1688 3322 ad
1721 3282 1856 3322 con-

267 3369 555 3425 fessionem
605 3377 945 3437 peceatorum
992 3373 1294 3419 nostrorum
1337 3361 1668 3427 festinemus,
1711 3359 1858 3415 etab

267 3461 414 3516 ωιιηί
437 3459 634 3514 malitia
651 3459 1000 3520 abstinentes,
1025 3469 1369 3511 exerceamus
1394 3453 1620 3508 virtutes
1644 3466 1852 3507 omnes.

266 3551 400 3606 Nam
423 3553 500 3606 sic
519 3561 574 3606 et
599 3550 786 3605 beat-us
823 3547 1079 3618 propheta
1112 3546 1272 3601 David
1321 3545 1480 3601 docet
1519 3545 1603 3599 his
1631 3544 1810 3599 verbis
1839 3563 1852 3598 :

268 3642 486 3698 Declina
513 3659 545 3695 a
574 3642 728 3705 malo,
756 3650 803 3694 et
831 3641 913 3710 [ac
937 3639 1122 3693 bonum
1166 3637 1334 3712 (Psal.
1363 3638 1456 3694 36.
1481 3637 1594 3707 27).
1627 3636 1779 3703 Quod
1809 3636 1855 3690 si

267 3737 323 3790 in
359 3735 502 3791 hunc
533 3734 748 3789 modum
772 3735 932 3788 vitam
957 3743 1194 3787 nostram
1222 3730 1628 3796 instituerimns,
1651 3740 1706 3785 et
1733 3728 1858 3784 abs-

269 3828 509 3884 tinentiae
541 3828 779 3882 ciborum
801 3827 1222 3881 abstinentiama
1251 3825 1392 3878 vitiis
1428 3822 1852 3890 adjunxerimus,

268 3919 565 3988 poterimus
587 3927 639 3972 ct
671 3932 772 3972 nos
801 3917 987 3985 majOri
1016 3916 1202 3970 liducia
1234 3915 1357 3981 frui,
1396 3924 1450 3969 et
1492 3913 1795 3969 uberiorem
1824 3929 1854 3967 a

269 4010 383 4064 Dco
409 4010 786 4081 benignitatem
822 4009 1062 4064 oblinere
1101 4019 1156 4063 et
1182 4010 1233 4063 in
1285 4008 1532 4077 praesenti
1564 4008 1688 4071 vita,
1720 4017 1774 4064 et
1801 4009 1855 4062 in

268 4104 449 4156 l‘nturo
470 4102 560 4156 illo
600 4100 688 4157 die
727 4091 968 4167 terribili,
1003 4100 1252 4171 precibus
1282 4109 1335 4155 ct
1386 4101 1856 4156 intercessionibus

267 4209 456 4249 eorum
485 4194 574 4262 qui
606 4193 704 4263 ipsi
749 4194 978 4248 maxime
1025 4193 1335 4262 placuerunt
1379 4211 1392 4246 :
1424 4193 1591 4263 gratia
1623 4202 1676 4248 ct
1704 4193 1855 4248 benis

267 4286 471 4355 gnitate
524 4284 734 4339 Domini
777 4284 942 4338 nostri
960 4283 1094 4353 .Jesu
1130 4282 1348 4350 Christi,
1401 4299 1521 4338 cum
1565 4299 1673 4354 quo
1713 4285 1853 4339 Patri

267 4376 431 4432 simul
459 4386 513 4432 et
534 4377 952 4444 Spiritnisancto
971 4377 1044 4430 sit
1059 4376 1246 4446 gloria,
1295 4375 1597 4446 imperium,
1637 4378 1808 4431 honor
1835 4417 1865 4443 ,.

267 4481 416 4525 nunc
454 4477 507 4524 et
558 4482 791 4538 semper,
843 4477 899 4523 et
950 4467 1000 4522 in
1051 4468 1246 4524 saecula
1273 4468 1613 4523 saeculorum.
1654 4470 1849 4523 Amen.

871 4645 1148 4703 llOMlLlA
1199 4647 1263 4701 Χ.

273 4824 586 4882 Exhortatio
606 4823 669 4876 ad
697 4838 790 4878 eos
815 4837 950 4892 quos
976 4821 1135 4890 pudet
1156 4831 1273 4891 post
1291 4823 1467 4878 cibum
1483 4833 1749 4894 sumptum
1770 4839 1858 4878 ac-

343 4914 538 4970 cedere
575 4913 639 4967 ad
681 4913 991 4967 concionem
1021 4915 1475 4982 vespertinam,et
1516 4915 1567 4968 in
1597 4917 1856 4985 reliquum

344 5014 548 5061 textum
592 5013 732 5074 post,
762 5002 1034 5057 Faciamus
1081 5004 1330 5058 hominem
1375 5006 1649 5060 secundum
1680 5007 1862 5076 imagi-

344 5113 461 5151 nem
489 5106 732 5161 nostram,
775 5104 821 5149 et
850 5096 1127 5150 secundum
1175 5095 1550 5150 similitudinem
1599 5087 1750 5166 (Cen.
1804 5100 1856 5152 1.

344 5189 481 5262 26);
511 5199 565 5244 et
592 5190 658 5245 de
690 5189 769 5244 his
791 5189 987 5250 verbis,
1030 5187 1098 5242 Et
1142 5189 1257 5257 fecit
1282 5189 1415 5243 Deus
1456 5190 1705 5245 hominem
1729 5207 1748 5255 ,'
1776 5209 1857 5245 se-

344 5282 565 5336 cundum
606 5282 875 5351 imaginem
932 5279 1024 5334 Dei
1073 5280 1191 5348 fecit
1245 5280 1390 5335 illum
1413 5298 1434 5347 ;
1485 5283 1764 5337 masculum
1810 5293 1857 5336 et

345 5373 586 5445 feminam
613 5373 727 5442 fecit
751 5372 865 5426 illos
882 5369 988 5442 (Ib.
1021 5385 1069 5425 υ.
1096 5371 1219 5440 27).

345 5576 399 5629 1.
423 5574 595 5628 Minor
614 5573 772 5628 hodie
801 5573 954 5628 nobis
979 5583 1271 5629 conventus
1290 5572 1474 5640 adest,
1502 5583 1555 5629 ct
1583 5575 1866 5644 angustius

269 5665 652 5723 cottllucntium
667 5667 952 5721 theatrum.
975 5666 1102 5734 Cur,
1116 5675 1168 5721 et
1187 5681 1289 5736 qua
1315 5666 1379 5720 de
1391 5682 1546 5721 causa
1565 5668 1864 5723 ?Fortassis

267 5759 431 5833 aliqui
457 5761 785 5818 crubucrunt
809 5803 823 5831 ,
850 5770 972 5833 post
994 5761 1297 5818 sensibilcm
1336 5776 1575 5818 mensam
1618 5761 1684 5818 ad
1710 5761 1864 5831 spiri-

1955 486 2098 542 tuale
2126 487 2227 542 hoc
2249 486 2428 540 venire
2449 483 2771 550 convivimus,
2793 490 2850 538 et
2876 481 2991 538 ham
3031 483 3269 552 ipsis-cst
3293 484 3553 542 absentia:

1953 594 2110 634 causa
2147 577 2282 635 :sed
2323 578 2541 632 audiant
2571 579 2868 646 sapientem
2897 575 3185 646 quemdam
3232 575 3502 633 dicentem
3534 592 3550 633 τ

1954 671 2047 725 Est
2077 671 2308 742 confusio
2335 686 2453 741 quas
2469 669 2664 724 inducit
2689 679 2965 740 peccatum,
2994 676 3136 723 etest
3161 670 3394 740 confusio
3439 666 3551 741 glo-

1955 766 2033 819 ria
2057 776 2104 820 et
2127 766 2292 837 gratio
2319 764 2512 833 (Eecti.
2531 765 2585 820 4.
2603 763 2715 835 Ξὸ).
2738 763 2854 819 Non
2871 772 2951 818 est
2970 761 3287 818 confusione
3306 761 3553 833 dignam,

1955 878 2079 918 eum
2111 862 2202 932 qui
2218 861 2518 930 corporalis
2560 876 2761 916 uitiosa:
2811 863 3080 931 particeps
3110 861 3230 929 fuit,
3271 861 3341 916 ad
3389 861 3553 932 spiri-

1955 954 2099 1009 male
2139 955 2441 1008 convivium
2483 953 2685 1008 venire.
2715 957 2832 1010 Non
2884 953 3025 1006 enim
3057 962 3116 1006 ut
3143 953 3390 1012 humana:
3442 968 3563 1014 res.

1961 1044 2031 1099 ita
2060 1053 2114 1100 et
2142 1045 2448 1115 spiritual‘es
2474 1044 2710 1100 dellnitis
2740 1044 3069 1114 temporibus
3111 1044 3379 1100 distincta:
3408 1053 3556 1100 sunt.

1957 1135 2205 1191 Sermoni
2250 1137 2393 1191 enim
2422 1136 2683 1205 spirituali
2712 1151 2873 1191 omne
2911 1136 3019 1191 diei
3052 1144 3264 1207 tempus
3303 1137 3556 1192 idoneum

1958 1227 2135 1294 fuerit,
2167 1237 2219 1283 et
2240 1227 2365 1298 quid
2386 1228 2507 1283 dico
2521 1227 2626 1282 dici
2652 1226 3093 1298 tempustNeque
3115 1228 3158 1282 si
3187 1244 3293 1281 nox
3319 1229 3554 1298 ingruat,

1957 1321 2286 1391 spiritualem
2324 1313 2622 1376 doctrinam
2655 1319 2896 1388 impedit.
2945 1320 3234 1390 Propterea
3278 1329 3334 1375 et
3370 1320 3550 1375 Timo-

1959 1414 2088 1468 theo
2128 1413 2244 1468 haec
2290 1413 2554 1468 scribebat
2597 1413 2795 1466 Paulus
2851 1430 2864 1466 :
2918 1410 3066 1465 Iusta
3113 1421 3413 1481 opportune,
3453 1411 3558 1464 ins-

1961 1514 2176 1576 portune
2201 1521 2220 1559 :
2242 1522 2418 1577 argue,
2469 1506 2697 1575 increpa,
2729 1505 2934 1559 obsecra
2965 1505 3042 1575 (ἓ.
3077 1502 3210 1558 Tim.
3266 1506 3319 1558 4.
3376 1503 3455 1574 2).
3489 1504 3564 1559 Ει

1961 1599 2152 1652 iterum
2199 1598 2320 1652 audi
2375 1598 2586 1652 beatum
2640 1596 2838 1652 Lucam
2897 1595 3164 1651 dicentem
3214 1613 3226 1648 :
3292 1594 3557 1650 Discessu-

1959 1706 2046 1746 rus
2073 1693 2291 1746 crastino
2324 1690 2533 1758 Paulus
2557 1707 2589 1743 a
2620 1689 2837 1754 Troade,
2872 1688 3143 1744 disserebat
3171 1689 3273 1752 eis,
3293 1695 3340 1742 et
3363 1703 3558 1742 sermo-

1961 1798 2074 1835 nem
2112 1783 2352 1852 prod‘uxit
2395 1799 2549 1852 usque
2576 1781 2889 1836 att-mediam
2928 1791 3124 1835 noctem
3177 1778 3310 1852 (Act.
3339 1779 3410 1835 20
3461 1777 3556 1848 7);

1960 1873 2225 1944 Numquid
2263 1883 2471 1944 tempus
2499 1873 2713 1928 obluit?
2743 1874 2846 1940 dic,
2898 1887 3114 1943 qumso;
3148 1888 3272 1925 unm
3298 1870 3558 1927 doctrine

1961 1981 2267 2021 sermonem
2323 1965 2601 2037 praecidit?
2665 1965 2904 2035 Vigilans
2955 1974 3011 2020 et
3062 1971 3299 2017 attentus
3347 1961 3561 2016 auditor

1961 2058 2120 2113 etiam
2152 2074 2398 2128 pransus,
2446 2059 2549 2114 hoc
2595 2059 2858 2129 spirituali
2903 2066 3170 2113 conventu
3215 2055 3407 2126 dignus
3433 2065 3556 2118 est;

1963 2150 2184 2221 parique
2213 2150 2376 2204 modo
2403 2150 2626 2220 supinus
2651 2158 2705 2205 et
2730 2149 2907 2213 deses,
2957 2148 3166 2204 etiamsi
3190 2147 3411 2218 jejunus
3436 2161 3559 2218 per-

1962 2232 2196 2310 maneat,
2226 2241 2358 2297 nihil
2383 2242 2506 2297 inde
2536 2241 2779 2296 utilitatis
2805 2240 3002 2311 capiet.
3074 2232 3079 2236 ’

2035 2331 2124 2386 Ad
2162 2332 2450 2401 spiritualia
2497 2331 2750 2402 quomodo
2789 2329 3150 2385 accedendum.
3197 2358 3272 2370 ——
3321 2329 3388 2384 Et
3439 2327 3554 2383 haec

1963 2424 2104 2490 dico,
2151 2440 2258 2479 non
2311 2433 2369 2478 ut
2413 2424 2599 2494 jejunii
2648 2422 2878 2494 rigorem
2918 2420 3160 2479 solvam;
3205 2420 3382 2485 absit;
3435 2435 3554 2473 nam

1964 2518 2188 2573 multum
2230 2516 2389 2572 laudo
2418 2518 2694 2587 proboque
2710 2515 3014 2586 jejunantes
3047 2533 3061 2569 :
3091 2512 3187 2568 sed
3219 2521 3278 2569 ut
3305 2512 3550 2576 doceam,

1962 2609 2143 2665 sobrio
2172 2609 2401 2680 quodam
2438 2611 2639 2675 animo,
2691 2622 2796 2662 non
2839 2607 3252 2673 consuetudine,
3308 2605 3375 2661 ad
3401 2605 3559 2675 spiri-

1964 2701 2124 2756 luulla
2151 2716 2274 2757 esse
2300 2700 2681 2756 accedendum.
2707 2699 2824 2754 Non
2850 2699 2992 2754 cnim
3023 2709 3179 2767 turpe
3225 2697 3403 2764 fuerit,
3433 2712 3558 2752 eum

1961 2793 2051 2863 qui
2079 2795 2257 2849 cibum
2287 2806 2442 2852 antea
2486 2792 2711 2862 accepit,
2739 2791 2928 2847 adesse
2965 2791 3229 2860 spirituali
3279 2790 3557 2857 doctrinm,

1962 2886 2056 2940 sed
2083 2884 2276 2955 ignavo
2303 2888 2483 2940 animo
2512 2885 2721 2948 adesse,
2756 2895 2809 2939 ct
2844 2884 2912 2937 ab
2954 2883 3325 2937 aliectionibus
3352 2886 3556 2951 vexari,

1962 2987 2017 3038 et
2040 2979 2215 3034 carnis
2240 2979 2484 3041 lascivias
2516 2979 2530 3008 ¹
2561 2993 2668 3032 non
2696 2977 3073 3046 comprimere.
3101 2975 3218 3030 Non
3247 2976 3446 3029 malum
3476 2985 3560 3029 est

1960 3069 2274 3135 comedere;
2305 3070 2476 3126 absit:
2510 3069 2606 3124 sed
2652 3068 2773 3138 gula
2819 3066 3073 3122 damnosa
3103 3075 3206 3133 est,
3256 3054 3325 3122 cf
3351 3066 3558 3138 impleri

1964 3161 2084 3230 plus
2112 3175 2271 3230 quam
2313 3160 2465 3224 satis,
2497 3175 2560 3214 ac
2589 3159 2927 3229 disrumpere
2977 3167 3219 3213 ventrem
3274 3177 3288 3212 :
3336 3157 3385 3211 id
3415 3157 3555 3227 quod

1964 3252 2130 3319 ipsum
2149 3251 2308 3304 etiam
2335 3251 2500 3317 illam,
2521 3265 2639 3320 qua:
2665 3266 2730 3304 ex
2750 3251 2870 3305 cibo
2888 3249 3071 3306 haberi
3094 3257 3289 3320 potest,
3315 3248 3568 3320 volupta-

1963 3355 2069 3398 tem
2099 3343 2355 3409 olieudit;
2385 3343 2837 3414 quemadmodum
2888 3343 3019 3397 nihil
3059 3343 3184 3397 ntali
3236 3353 3338 3409 est,
3373 3343 3557 3397 viuum

1964 3439 2028 3492 ad
2070 3450 2373 3493 mensuram
2404 3435 2605 3500 bibere,
2635 3435 2732 3490 sed
2768 3435 3012 3490 ebrietati
3063 3449 3122 3489 se
3148 3433 3365 3498 dedere,
3397 3442 3452 3488 et
3478 3434 3560 3487 in-

1963 3531 2311 3601 temperantia
2358 3528 2616 3598 judicium
2665 3527 2887 3582 rationis
2931 3528 3261 3582 subwertcre.
3305 3527 3554 3590 Etenim,

1963 3623 2188 3688 dilecte,
2216 3622 2263 3675 si
2287 3620 2357 3675 ob
2386 3619 2627 3688 corporis
2656 3617 3075 3673 imbecillitatem
3107 3633 3211 3671 non
3240 3627 3392 3686 potes
3413 3617 3554 3687 jeju-

1962 3729 2062 3768 nus
2091 3712 2230 3768 diem
2255 3711 2569 3781 producere,
2604 3711 2784 3765 nullus
2808 3710 2896 3779 qui
2923 3710 3095 3781 sapiat
3126 3720 3343 3780 propter
3373 3709 3476 3765 hoc
3507 3722 3560 3769 te

1961 3819 2184 3875 arguere
2215 3803 2426 3874 poterit.
2451 3802 2732 3856 Dominum
2761 3801 2904 3857 enim
2935 3801 3194 3856 habemus
3213 3812 3554 3857 mansuetum

1961 3913 2025 3953 ac
2046 3898 2350 3968 benignum,
2376 3906 2433 3950 et
2453 3895 2584 3950 nihil
2615 3910 2776 3965 supra
2802 3896 2945 3950 vires
2973 3903 3184 3951 nostras
3203 3909 3237 3949 a
3267 3894 3422 3951 nobis
3441 3895 3557 3950 exi-

1961 4003 2193 4062 gentem.
2224 3991 2406 4061 Neque
2432 3991 2574 4045 enim
2623 3991 2998 4046 abstinentiam
3026 4005 3056 4044 a
3084 3989 3219 4045 cibis
3245 3999 3300 4046 et
3323 3988 3556 4047 inediam

1960 4084 2275 4152 simpliciter
2298 4099 2328 4137 a
2357 4083 2512 4137 nobis
2533 4083 2718 4154 exigit,
2751 4099 2926 4151 neque
2949 4082 3052 4137 hoc
3077 4082 3272 4151 ipsum,
3308 4091 3366 4136 ut
3385 4083 3554 4152 jejuni

1963 4173 2301 4229 solummodo
2325 4187 2754 4244 pcrmaueamus,
2783 4174 2876 4228 sed
2919 4183 3024 4227 uta
3053 4173 3396 4229 smcularibus
3425 4189 3556 4243 ope-

1962 4267 2112 4323 ribus
2142 4282 2239 4322 nos
2263 4266 2596 4334 abdicautes,
2627 4283 2788 4321 omne
2824 4276 3065 4321 nostrum
3096 4267 3260 4321 otium
3295 4268 3348 4322 in
3401 4268 3555 4337 spiri-

1962 4359 2193 4415 tualibus
2233 4374 2630 4416 constituamus.
2685 4358 2817 4414 Nam
2862 4360 2906 4415 si
2956 4359 3133 4416 sobria
3183 4369 3363 4416 mente
3393 4361 3552 4416 vitam

1963 4459 2198 4505 nostram
2230 4451 2656 4510 institueremus,
2673 4461 2729 4506 et
2756 4449 3014 4521 quidquid
3037 4452 3132 4505 otii
3160 4450 3340 4518 datur,
3366 4453 3417 4506 in
3445 4453 3556 4521 spi-

1963 4542 2168 4595 ritualia
2195 4541 2628 4611 impenderemus
2660 4559 2674 4596 :
2705 4549 2761 4597 et
2789 4543 2940 4597 cibos
2987 4543 3059 4598 ita
3103 4559 3463 4610 sumeremus,
3498 4555 3557 4598 ut

1965 4643 2168 4689 tantum
2221 4650 2586 4703 sumeremus,
2621 4643 2878 4705 quantum
2931 4651 3060 4690 usus
3097 4637 3286 4707 exigit,
3316 4647 3370 4691 et
3390 4637 3554 4691 vitam

1966 4735 2128 4782 totam
2182 4727 2237 4782 in
2277 4727 2429 4782 bouis
2449 4727 2702 4797 operibus
2746 4725 3203 4796 dispensaremus,
3247 4727 3356 4796 jam
3409 4727 3558 4780 nullo

1964 4834 2098 4889 opus
2145 4831 2287 4874 esset
2329 4834 2395 4873 ex
2434 4818 2651 4890 jejuniis
2695 4818 3025 4888 adjumeuto.
3080 4818 3184 4874 Sed
3222 4819 3355 4887 quia
3387 4819 3557 4888 negli-

1963 4927 2094 4982 gens
2140 4921 2222 4968 est
2249 4912 2476 4966 lmmana
2514 4922 2725 4978 natura,
2779 4921 2831 4967 el
2871 4911 3076 4967 deliciis
3112 4912 3339 4981 gaudet,
3395 4921 3448 4967 et
3473 4927 3554 4964 res

1967 5005 2262 5060 laxatioues
2289 5006 2478 5075 quaerit
2505 5023 2519 5058 :
2549 5005 2749 5058 idcirco
2775 5014 3043 5075 tamquam
3072 5004 3138 5057 ad
3169 5019 3406 5058 amorem
3431 5020 3529 5072 pro

1968 5097 2030 5149 Iis
2062 5110 2358 5165 propensus
2385 5103 2532 5164 pater
2551 5095 2792 5149 clemens
2819 5095 3074 5149 Dominus
3099 5093 3236 5148 hanc
3265 5109 3331 5147 ex
3356 5091 3559 5163 jejunio

1966 5186 2282 5241 medicinam
2311 5187 2648 5257 excogitavit,
2683 5195 2740 5240 ut
2768 5196 2822 5239 ct
2845 5185 3069 5240 delicata
3099 5201 3129 5238 c
3166 5184 3342 5238 medio
3366 5185 3556 5237 tollan-

1969 5289 2053 5334 tur
2079 5289 2134 5334 et
2154 5279 2489 5334 smcularium
2517 5294 2699 5334 curam
2719 5277 2784 5332 ad
2814 5277 3110 5347 spiritualia
3138 5292 3300 5345 Opera
3323 5273 3554 5329 transle-

1968 5388 2167 5428 ramus.
2196 5372 2251 5428 Si
2275 5370 2441 5442 igitur
2454 5382 2580 5427 sunt
2610 5370 2770 5440 aliqui
2802 5377 3114 5441 przesentes,
3148 5383 3284 5438 quos
3311 5367 3556 5435 corporis

1966 5474 2110 5520 vetat
2131 5463 2414 5518 inﬁrmitas
2433 5463 2647 5534 jejunos
2675 5474 2726 5518 et
2762 5462 3061 5532 imprausos
3106 5471 3440 5530 permanere.
3464 5469 3557 5510 eos

1966 5555 2152 5609 hortor
2198 5563 2253 5608 ut
2279 5555 2519 5624 corporis
2556 5553 2916 5609 inﬁrmitatem
2964 5559 3171 5614 curent,
3201 5558 3256 5603 et
3295 5547 3556 5618 spirituali

2001 5713 2049 5782 ,ί
2087 5717 2168 5782 διο.
2182 5724 2385 5782 omnes,
2412 5722 2590 5772 praeter
2616 5712 2775 5764 Morel.
2803 5711 2881 5774 qui
2918 5708 3087 5770 habet,
3129 5704 3381 5759 libidinum
3417 5702 3560 5755 tusci-

1967 5781 2082 5835 t't’as,
2109 5781 2268 5825 nanus
2291 5781 2445 5825 recte.
