4086 6498
547 396 618 452 aa
1280 387 1339 444 s.
1377 384 1649 447 manus
1668 337 2138 444 ettnvsos'rotn
2176 379 2494 438 tuentur.
2533 376 3060 436 CONSTANTINOP.
3729 376 3798 436 ει

543 509 644 562 hae
664 503 902 559 doctrina
929 515 1035 558 non
1073 500 1243 556 solum
1273 515 1380 556 non
1415 498 1711 570 priventur,
1737 497 1903 554 sedet
1921 496 2100 569 pransi
2175 502 2365 559 ηαω.
2392 492 2439 549 si
2473 491 2684 563 quando
2723 504 2817 560 per
2859 489 3120 561 ignaviam
3163 487 3500 560 deliquimus,
3543 504 3702 561 quam
3739 502 3801 548 ut

543 597 664 667 plus
688 594 974 651 exhibeant
994 593 1176 649 studii.

612 686 672 742 2.
705 684 813 741 νεα
867 684 1077 751 diverse
1129 684 1308 756 quibus
1361 682 1456 737 Dei
1493 681 1831 760 benevolentia
1895 678 2116 748 acquiri-

539 787 644 834 tur.
672 806 746 820 -—
767 776 902 833 Sunt
931 777 1095 841 enim,
1137 784 1260 830 sunt
1290 773 1530 844 profecto
1554 773 1653 828 vim
1698 771 1890 843 quibus
1915 769 2119 826 ﬁducia

537 871 608 927 aii
642 871 805 928 Deum
826 871 1002 941 janua:
1021 868 1212 938 aperiri
1243 876 1486 937 possunt,
1517 867 1692 922 multo
1710 864 1940 935 majores
1958 875 2116 933 quam

541 963 783 1018 ciborum
807 959 1146 1016 abstinentia.
1181 957 1341 1030 Igitur
1366 959 1454 1027 qui
1491 958 1666 1013 cibum
1692 955 1884 1025 accipit
1905 961 1959 1009 et
1973 951 2119 1023 jeju-

543 1068 676 1109 nare
719 1065 822 1106 non
851 1051 1010 1112 valet.
1042 1049 1320 1121 largiorem
1352 1048 1442 1103 det
1468 1047 1884 1118 eleemosynam,
1912 1043 2122 1100 ferven-

542 1147 645 1199 tiur
673 1143 744 1198 sit
771 1144 825 1197 in
855 1142 1117 1212 precibus,
1173 1142 1428 1210 majorem
1463 1141 1657 1196 habeat
1694 1139 2019 1195 alacritatem
2065 1134 2118 1190 in

539 1234 823 1288 audiendis
837 1233 1032 1296 divinis
1054 1233 1303 1304 eloquiis,
1321 1233 1372 1286 in
1386 1231 1579 1301 quibus
1587 1230 1826 1303 corporis
1845 1227 2122 1282 inﬁrmitas

542 1324 676 1380 nihil
727 1324 940 1380 obstare
990 1332 1208 1392 potest:
1241 1323 1470 1378 inimicis
1505 1319 1914 1384 reconcilietur,
1959 1331 2121 1374 omne

542 1413 723 1469 odium
749 1423 804 1470 et
835 1412 1079 1467 vindicta:
1103 1411 1444 1481 cupiditatem
1481 1426 1550 1468 ex
1565 1410 1744 1466 animo
1777 1408 2032 1465 eliminet.
2063 1405 2120 1462 Si

546 1504 661 1560 haec
684 1503 886 1570 fecerit,
915 1519 1097 1559 verum
1131 1503 1391 1574 jejunavit
1409 1502 1688 1573 jejunium,
1738 1499 1882 1572 quod
1907 1514 1938 1554 a
1968 1498 2124 1555 nobis

551 1595 885 1667 potissimum
911 1595 1152 1666 exposcit
1168 1594 1444 1650 Dominus.
1466 1593 1749 1664 Propterea
1766 1591 1906 1648 enim
1933 1589 2073 1645 hanc
2089 1603 2122 1644 a

547 1686 684 1742 cibis
706 1687 1080 1750 abstinentiam
1109 1685 1350 1745 adhiberi
1390 1683 1650 1755 pmcipit,
1686 1690 1751 1738 ut
1789 1681 2121 1738 refrenantes

545 1777 726 1831 earinis
754 1776 1018 1842 lascivias,
1043 1790 1161 1830 eam
1181 1774 1561 1845 obsequentem
1582 1771 1872 1830 reddamus
1887 1771 1954 1827 ad
1971 1785 2123 1827 man-

546 1865 670 1921 data
699 1865 793 1921 Dei
820 1865 1108 1935 implenda.
1133 1863 1284 1933 Quod
1309 1864 1356 1920 si
1379 1864 1450 1920 ob
1478 1862 1845 1918 inﬁrmitatem
1881 1863 2123 1932 corporis

547 1955 836 2013 subsidium
860 1956 979 2022 hoc,
1009 1956 1148 2027 quod
1167 1955 1426 2026 jejunium
1454 1963 1669 2025 prestat
1689 1954 1842 2009 nobis
1867 1952 2124 2008 adhibere

546 2048 812 2115 nolumus,
839 2058 894 2104 et
920 2048 1138 2103 desidia:
1165 2047 1455 2102 deditiores
1484 2060 1688 2110 sumus,
1713 2045 1941 2100 maxima
1969 2043 2123 2099 nobis

547 2138 680 2208 ipsis
701 2137 893 2193 damna
921 2136 1282 2208 Imprudentes
1304 2135 1594 2192 adurimus.
1615 2135 1747 2190 Nam
1770 2135 1817 2190 si
1835 2134 2117 2206 jejunium,

549 2229 857 2285 absentibus
882 2230 1004 2285 aliis
1026 2227 1289 2299 pradictis
1314 2226 1587 2298 operibus,
1615 2225 1748 2281 nihil
1782 2225 1936 2280 nobis
1961 2223 2092 2295 prod
2109 2254 2122 2264 -

546 2329 654 2387 est,
683 2322 849 2376 multo
886 2322 1072 2392 magis,
1099 2321 1144 2376 si
1173 2319 1499 2390 cumjejunii
1545 2319 1832 2389 pharmace
1880 2319 1954 2374 uti
2011 2333 2117 2373 non

548 2411 815 2480 possimus
835 2451 851 2478 ,
906 2411 1205 2482 graviorem
1273 2410 1644 2480 negligentiam
1702 2410 2115 2465 exhibuerimus.

470 2513 478 2520 ’
549 2500 676 2558 iltcc
699 2511 878 2558 autem
902 2516 1023 2557 cum
1047 2516 1078 2556 a
1107 2501 1264 2558 nobis
1305 2501 1620 2567 didiceritis,
1648 2515 1864 2557 oramus
1891 2515 2008 2568 vos,
2029 2501 2120 2572 qui

545 2592 788 2663 jejnnare
810 2593 1016 2660 valetis,
1042 2603 1100 2649 ut
1120 2595 1218 2664 ipsi
1243 2602 1496 2664 quantum
1534 2595 1798 2665 poteritis,
1841 2595 2035 2650 bonam
2060 2603 2118 2652 et

551 2681 869 2739 laudabilem
895 2685 1031 2739 hanc
1049 2694 1278 2739 vestram
1289 2685 1528 2755 augeatis
1541 2685 1890 2755 diligentiam.
1919 2685 2120 2754 Quanto

549 2772 692 2826 enim
725 2786 959 2828 estanus
1000 2786 1168 2830 noster
1195 2774 1344 2830 homo
1373 2776 1733 2848 corrumpitur,
1779 2785 1920 2830 tanto
1969 2777 2124 2832 inter-

548 2879 645 2917 uus
670 2875 939 2918 renovatur
963 2866 1040 2930 (Ξ.
1071 2865 1190 2921 Cor.
1221 2867 1275 2921 4.
1299 2865 1424 2937 id).
1447 2864 1714 2936 Jejunium
1747 2866 1888 2922 enim
1927 2881 2121 2935 corpus

548 2953 866 3023 comprimit,
889 2961 945 3008 et
973 2954 1213 3009 lascivias
1237 2954 1567 3009 inordinatos
1591 2955 1845 3021 refrenat,
1875 2955 2107 3010 animam

550 3050 728 3096 autem
761 3043 1040 3098 clariorem
1068 3044 1250 3108 efﬁcit,
1281 3044 1382 3098 alis
1411 3046 1623 3099 instruit
1651 3054 1705 3100 ct
1732 3045 2014 3100 sublimem
2042 3047 2117 3101 le-

551 3146 779 3202 vemque
825 3130 968 3185 facit.
999 3131 1212 3187 Fratres
1240 3148 1456 3203 quoque
1496 3143 1722 3201 vestros,
1769 3143 2026 3204 quotquot
2051 3135 2121 3190 ob

550 3222 789 3292 corporis
810 3222 1162 3277 valetudinem
1178 3222 1420 3292 jejunare
1437 3234 1722 3294 nequeunt,
1744 3226 2116 3292 exhortcmini,

553 3327 620 3366 ne
659 3311 986 3382 spiritualem
1017 3313 1151 3367 hanc
1181 3325 1418 3367 mensam
1460 3313 1783 3384 relinquant,
1808 3325 1864 3369 et
1892 3315 1957 3369 ad
2002 3316 2119 3370 illos

550 3402 744 3458 referte
767 3417 884 3470 qua:
908 3418 936 3455 a
983 3401 1137 3456 nobis
1175 3402 1470 3458 didiceritis
1493 3444 1510 3471 ,
1555 3404 1846 3461 indicantes
1869 3421 1989 3462 eum
2028 3407 2119 3477 qui

548 3488 822 3546 moderate
848 3489 1080 3545 comedit
1105 3499 1158 3547 et
1179 3491 1311 3545 bibit
1337 3508 1441 3546 non
1479 3493 1750 3563 indignum
1776 3493 1877 3550 hoc
1914 3495 2120 3550 auditov

550 3581 634 3636 rio
648 3595 786 3645 esse,
815 3581 906 3636 sed
923 3596 1043 3637 eum
1060 3582 1148 3651 qui
1186 3581 1341 3638 deses
1363 3592 1416 3638 et
1439 3582 1726 3638 dissolutus
1753 3586 1842 3639 sit.
1872 3585 1942 3641 Et
1959 3587 2118 3643 dicite

551 3672 630 3726 eis
651 3672 667 3703 ¹
694 3673 1045 3742 apostolicum
1068 3673 1169 3728 hoc
1208 3674 1410 3729 dictum
1443 3692 1456 3728 :
1487 3673 1554 3728 Et
1581 3675 1666 3745 qui
1685 3677 1976 3744 manducat,
2004 3678 2116 3734 Do-

549 3760 687 3814 mino
731 3761 1000 3817 manducet
1052 3779 1072 3817 :
1112 3773 1159 3817 et
1183 3763 1270 3834 qui
1296 3780 1398 3818 non
1420 3763 1711 3828 manducet.
1755 3765 1971 3824 Domino
2014 3787 2116 3825 non

546 3852 837 3920 manducet,
869 3863 916 3907 et
960 3856 1153 3926 gratias
1178 3855 1282 3927 agit
1329 3854 1436 3914 Deo
1477 3853 1651 3928 (Rom.
1692 3857 1775 3912 Η.
1819 3858 1909 3929 6).
1961 3859 2117 3930 Igitur

546 3941 637 4013 qui
653 3941 878 4013 jejunat,
903 3945 1100 4014 gratias
1117 3946 1226 4016 agit
1257 3945 1500 4011 Domine,
1529 3945 1620 4017 qui
1652 3948 1795 4003 vires
1839 3949 1888 4003 ei
1935 3950 2117 4005 tribuit

549 4031 619 4087 ad
652 4029 912 4088 'lcrendos
947 4033 1137 4103 jejunii
1168 4034 1378 4089 labores
1400 4052 1425 4092 _:
1469 4045 1522 4090 et
1549 4038 1638 4106 qui
1669 4037 1968 4106 tnanducat,
2016 4040 2115 4095 ite-

550 4137 668 4177 rum
693 4123 890 4192 gratias
915 4124 1024 4193 agit
1063 4124 1191 4188 Deo,
1221 4126 1340 4195 quia
1363 4125 1414 4180 id
1445 4126 1576 4181 nihil
1601 4129 1770 4202 ipsum
1795 4129 1989 4186 laedere
2019 4146 2116 4201 po-

546 4217 674 4277 test,
709 4211 990 4280 quominus
1013 4211 1204 4269 anlma:
1246 4214 1470 4268 salutem
1490 4224 1629 4285 agat.
1653 4217 1814 4272 modo
1842 4220 1988 4274 velit.
2015 4219 2117 4274 Tot

545 4299 693 4356 enim
719 4301 872 4355 nobis
902 4301 1012 4356 vias
1063 4303 1265 4371 paravit
1305 4303 1564 4374 benignus
1610 4306 1769 4372 Deus,
1795 4317 1927 4379 quot
1959 4324 2115 4365 enar-

544 4404 668 4445 rare
702 4406 809 4446 non
835 4405 1136 4462 possumus,
1174 4407 1270 4463 per
1308 4409 1472 4465 quas,
1502 4395 1549 4451 si
1579 4397 1923 4466 voluerimus,
1962 4415 2112 4456 sum-

544 4495 690 4536 mam
727 4481 972 4539 ﬁduciam
1006 4485 1214 4554 assequi
1255 4485 1396 4541 licet.
1435 4487 1558 4542 ilmc
1609 4499 1824 4559 propter
1865 4491 2113 4549 absentes

545 4569 746 4628 dixisse
765 4573 830 4628 sit
861 4573 1011 4639 satis,
1043 4583 1103 4629 ut
1136 4574 1351 4630 tollatur
1391 4577 1470 4634 eis
1509 4579 1728 4648 pudoris
1758 4582 2026 4648 obtentus,
2059 4594 2114 4641 et

543 4664 763 4732 sciatur,
791 4679 894 4720 non
937 4674 1185 4736 oportere
1214 4675 1431 4738 propter
1458 4667 1560 4724 hoc
1587 4671 1788 4740 pudore
1840 4673 2068 4730 sull‘undi
2097 4695 2110 4731 :

544 4769 720 4826 neque
757 4757 896 4812 enim
940 4757 1237 4814 comedisse
1283 4759 1546 4827 pudorem
1593 4763 1746 4818 nobis
1795 4766 1966 4833 all’ert,
2017 4769 2110 4824 sed

543 4844 670 4902 mali
697 4847 964 4918 quidpiam
990 4849 1181 4920 egisse.

614 4933 874 5007 Confessio
898 4949 1231 5009 peccatorum.
1251 4938 1603 5012 Temperantia
1621 4944 1688 4999 ad
1711 4945 1970 5002 sanitatem
1985 4967 2110 5004 con-

543 5027 701 5080 ducit.
723 5057 797 5068 —
825 5029 1100 5084 Peccatum
1143 5047 1331 5103 magna
1360 5035 1627 5104 turpitudo
1652 5045 1735 5093 est
1759 5055 1774 5094 :
1811 5041 1855 5094 si
1885 5039 1986 5097 hoc
2011 5044 2109 5098 ad-

545 5119 822 5185 mittimus,
852 5134 957 5175 non
984 5122 1155 5177 solum
1179 5124 1493 5180 erubescere
1517 5125 1790 5193 debemus,
1820 5132 1913 5186 sed
1934 5142 1989 5187 et
2012 5147 2109 5188 nos

535 5205 828 5273 occultare,
872 5218 929 5264 et
972 5210 1195 5265 miseros
1239 5211 1416 5267 dicere
1455 5227 1554 5268 nos
1600 5214 1744 5284 ipsos
1777 5233 1880 5274 non
1910 5223 2102 5289 minus,

536 5311 701 5367 quam
745 5300 834 5369 qui
862 5301 914 5354 in
944 5303 1214 5372 scepulum
1257 5304 1626 5375 itnpegerunt:
1657 5307 1763 5362 imo
1788 5325 1955 5380 neque
1985 5323 2109 5368 tunc

539 5387 871 5456 despondere
914 5391 1146 5445 animum
1167 5433 1182 5458 ,
1231 5395 1322 5449 sed
1349 5395 1415 5448 ad
1443 5395 1830 5453 confessionem
1850 5440 1867 5468 ,
1897 5411 1948 5456 et
1971 5404 2107 5458 resi-

542 5479 847 5546 piscentiam
891 5479 1144 5537 festinare
1187 5483 1459 5541 debemus.
1505 5485 1816 5557 Huiusmodi
1859 5493 1996 5546 enim
2025 5502 2106 5548 est

539 5567 795 5624 Dominus
820 5581 1018 5638 noster,
1044 5572 1132 5642 qui
1157 5573 1289 5629 nihil
1312 5575 1451 5631 aliud
1481 5578 1702 5648 requirit
1725 5578 1955 5636 admisse
1978 5597 2103 5653 pec-

602 5701 641 5776 ',,
655 5706 769 5776 59$:
794 5715 936 5776 “PP-'32
1238 5709 1454 5776 ,Ῑνξιεέυηι
1473 5723 1537 5761 ιτ
1571 5711 1647 5776 his
1667 5712 1962 5767 tentionibus
1980 5713 2109 5768 acci-

541 5774 600 5828 γι(
615 5761 781 5817 ndica.
806 5770 862 5814 Et
883 5764 1026 5819 dicite
1046 5767 1131 5830 eis,
1363 5761 1672 5838 interpositis.

2223 593 2404 640 errata
2447 582 2819 647 conﬁtemur,
2863 596 2966 638 nec
3004 581 3145 637 ultra
3186 579 3604 652 progrediamur,
3629 580 3718 638 vel
3745 580 3804 638 in

2223 674 2411 732 eadem
2445 673 2763 731 recidamus.
2807 670 3071 729 Caeterum
3110 686 3232 728 cum
3274 670 3396 728 cibo
3423 681 3621 727 nostra:
3645 685 3800 728 meu-

2223 781 2364 823 surat
2408 765 2720 837 cengrueati
2763 764 2996 828 utimur,
3049 778 3336 834 numquam
3376 763 3801 821 erubescamus:

2225 872 2350 914 eam
2377 857 2634 914 Dominus
2656 871 2754 913 nos
2777 855 2869 912 tali
2897 857 3109 925 corpori
3131 854 3443 925 conjunctae
3470 867 3592 910 esse
3615 853 3802 915 voluit.

2225 948 2367 1019 quod
2386 944 2543 1004 aliter
2563 946 2856 1004 consistere
2881 945 3063 1017 nequit
3085 943 3190 1000 nisi
3217 944 3338 1000 cibo
3356 954 3623 1016 pascatur,
3644 944 3805 1000 modo

2225 1039 2401 1095 cibum
2431 1037 2653 1094 nimium
2680 1051 2749 1094 ne
2771 1050 3049 1093 sumamus
3079 1053 3094 1090 :
3125 1033 3179 1091 id
3204 1033 3346 1104 quod
3375 1035 3530 1091 nobis
3551 1035 3621 1092 ad
3658 1033 3812 1091 sauia

2227 1139 2388 1187 tatem
2452 1138 2507 1185 et
2553 1129 2794 1201 carperis
2854 1125 3047 1183 bonam
3100 1125 3465 1183 habitudinem
3521 1125 3808 1197 plurimum

2225 1219 2491 1281 wnducit.
2524 1221 2714 1275 Annon
2739 1217 2928 1273 videtis
2953 1215 3192 1289 quotidie
3213 1232 3282 1273 ex
3304 1217 3628 1287 sumptuosis
3647 1230 3808 1272 meno

2225 1315 2298 1368 sis
2321 1322 2375 1373 et
2412 1310 2694 1368 immodica
2739 1310 2970 1382 ingluvie
3007 1309 3214 1365 inﬁnita
3255 1309 3562 1366 morborum
3607 1322 3810 1380 genera

2226 1408 2442 1467 induci?
2484 1407 2635 1468 Unde
2680 1406 2964 1478 podagrae?
3004 1403 3152 1463 Unde
3172 1405 3363 1476 capitis
3387 1402 3638 1458 dolores?
3665 1399 3811 1458 unde

2225 1507 2594 1567 corruptorum
2640 1496 2924 1552 humorem
2961 1493 3318 1550 abundantia?
3364 1491 3504 1548 unde
3541 1489 3810 1547 innmeri

2225 1587 2315 1644 alii
2335 1586 2542 1644 morbi?
2564 1585 2752 1642 Nonne
2777 1587 2845 1641 ab
2864 1585 3273 1656 intemperantia
3301 1594 3355 1640 et
3377 1583 3624 1654 largiore.
3647 1596 3808 1652 quam

2226 1697 2320 1752 par
2346 1684 2435 1748 sit,
2478 1682 2584 1737 vini
2629 1681 2796 1751 potu?
2836 1680 2966 1736 Nam
3011 1683 3149 1735 sicut
3192 1678 3363 1746 navis,
3407 1675 3701 1748 qua-,aquis
3733 1675 3808 1730 ita

2227 1776 2494 1849 impletur,
2519 1785 2577 1831 ut
2618 1773 2885 1830 exhauriri
2913 1780 3161 1844 nequeat,
3193 1775 3370 1827 statim
3408 1769 3762 1840 submergitur
3787 1783 3806 1822 :

2225 1865 2298 1923 ita
2326 1878 2382 1923 et
2410 1869 2569 1922 homo
2593 1863 2804 1937 quando
2830 1864 3065 1934 crapula:
3089 1871 3144 1919 et
3168 1860 3412 1918 ebrietati
3448 1861 3680 1930 seipsum
3707 1858 3809 1914 de-

2225 1955 2381 2024 didit,
2413 1956 2466 2011 in
2495 1970 2732 2026 praeceps
2757 1952 2922 2020 vadit,
2954 1963 3010 2009 et
3031 1953 3289 2009 rationem
3315 1966 3463 2007 suam
3489 1949 3808 2019 submersit,

2224 2047 2454 2120 denique
2476 2048 2618 2119 jacet
2657 2047 2807 2119 quasi
2855 2032 3030 2101 vivum
3059 2044 3307 2112 cadaver,
3337 2043 3403 2098 ad
3427 2042 3566 2097 mala
3591 2039 3810 2111 quidem

2225 2137 2494 2210 operando
2542 2153 2685 2208 saepe
2725 2131 2936 2204 habilis,
2976 2135 3044 2191 ad
3074 2137 3211 2192 bona
3239 2143 3414 2191 autem
3439 2133 3616 2189 omnia
3638 2131 3812 2187 nihile

2224 2245 2285 2286 se
2309 2229 2501 2286 melius
2539 2230 2762 2294 habens,
2791 2243 2948 2300 quam
2979 2228 3194 2283 mortui.

2297 2321 2354 2376 3.
2394 2320 2596 2377 Idcirco
2623 2321 2866 2385 obsecro,
2897 2328 2954 2375 ut
2979 2319 3268 2375 secundum
3306 2317 3520 2374 beatum
3559 2316 3804 2379 Paulum,

2226 2411 2402 2466 Cantia
2441 2428 2616 2466 curam
2657 2428 2720 2466 ne
2761 2411 2922 2482 agatis
2950 2411 3018 2464 ad
3054 2409 3478 2480 concupiscentias
3509 2406 3678 2481 (Rom.
3712 2406 3808 2461 i3.

2226 2503 2337 2574 ib),
2363 2503 2457 2558 sed
2495 2512 2550 2557 ut
2590 2503 2803 2573 possitis
2848 2502 3159 2565 subsistere,
3202 2511 3256 2556 et
3296 2499 3484 2570 majori
3534 2498 3812 2554 alacritate

2223 2592 2381 2648 rebus
2427 2591 2786 2662 spiritualibus
2830 2606 3049 2662 cperam
3079 2590 3227 2646 dare.
3269 2589 3396 2646 [hac
3419 2589 3593 2644 omnia
3624 2587 3808 2644 fratri-

2223 2682 2322 2738 bus
2347 2683 2535 2738 vestris
2572 2683 2750 2748 dicite,
2781 2691 2834 2738 et
2864 2681 3082 2736 suadete
3113 2680 3236 2744 illis,
3267 2694 3332 2734 ne
3359 2695 3607 2749 umquam
3641 2678 3806 2750 spiri-

2223 2773 2349 2827 tuali
2379 2771 2481 2827 hoc
2516 2771 2769 2828 alimento
2797 2785 2855 2828 se
2881 2773 3124 2842 privent;
3171 2770 3267 2826 sed
3307 2771 3406 2826 etsi
3451 2771 3627 2839 pransi
3667 2770 3802 2834 sint,

2225 2862 2438 2916 veniant
2465 2863 2609 2917 omni
2639 2876 2760 2916 cum
2783 2862 3077 2927 alacritate,
3103 2870 3162 2916 ut
3189 2872 3405 2932 accepta
3432 2861 3518 2916 hic
3538 2860 3804 2931 spirituali

2224 2954 2488 3020 doctrina,
2517 2953 2790 3010 diabolicis
2821 2954 3024 3009 insidiis
3063 2953 3268 3009 fortiter
3295 2955 3548 3010 resistere
3575 2953 3803 3023 pOssittL

2221 3044 2486 3101 Caeterum
2529 3045 2680 3100 vobis
2725 3054 3032 3102 consuetam
3079 3045 3406 3115 spiritualem
3437 3059 3673 3101 mensam
3703 3059 3806 3100 nos

2223 3150 2570 3206 apponamus,
2598 3137 2833 3192 caritatis
2861 3147 3052 3192 vestrae
3081 3136 3134 3190 in
3166 3135 3441 3192 audiendis
3465 3135 3660 3191 divinis
3687 3145 3808 3192 stu-

2223 3225 2366 3280 dium
2395 3226 2472 3280 sic
2511 3228 2919 3293 remuneraturi,
2949 3238 2999 3282 et
3029 3227 3264 3282 debitum
3293 3227 3433 3297 quod
3463 3227 3806 3296 promisimus

2221 3317 2534 3373 exsoluturi.
2580 3319 2739 3374 Scitis
2772 3318 2914 3373 enim
2960 3317 3196 3384 omnino,
3239 3328 3293 3373 et
3319 3318 3655 3384 meministis,
3699 3333 3806 3374 nos

2221 3407 2291 3463 de
2333 3407 2561 3463 hominis
2608 3407 2922 3464 formatione
2962 3409 3141 3465 dicere
3178 3410 3424 3480 cepisse.
3468 3420 3522 3464 ct
3558 3410 3802 3479 angustia

2223 3500 2475 3570 temporis
2522 3500 2860 3570 prmpeditos,
2901 3501 3179 3555 lectionem
3209 3509 3372 3554 totam
3406 3498 3660 3570 perlicere
3689 3515 3802 3557 non

2221 3593 2478 3658 valentes,
2523 3591 2576 3646 in
2625 3590 2864 3648 doctrina
2906 3589 2973 3645 de
3018 3589 3248 3646 ferarum
3278 3590 3504 3646 utilitate
3529 3591 3686 3645 linem
3714 3589 3801 3645 fe-

2218 3681 2378 3747 cisse,
2403 3681 2766 3748 ostendentes,
2814 3681 3081 3737 hominem
3127 3692 3342 3752 propter
3382 3680 3798 3736 inobedientiam

2217 3783 2249 3825 a
2277 3771 2592 3841 principatu,
2635 3787 2792 3842 quem
2841 3771 2988 3842 prius
3034 3786 3192 3840 super
3231 3786 3324 3827 eas
3361 3770 3606 3834 habebat,
3644 3773 3799 3828 exci-

2217 3861 2379 3918 disse.
2401 3860 2555 3918 Unde
2584 3861 2741 3916 bodie
2765 3864 2903 3931 quod
2925 3861 3185 3932 reliquum
3208 3871 3289 3917 est
3307 3862 3612 3927 reddemus,
3636 3870 3802 3931 atque

2218 3953 2289 4008 ita
2342 3953 2465 4007 hinc
2511 3965 2611 4008 vos
2660 3951 3007 4008 dimittemus.
3059 3951 3128 4006 Et
3177 3961 3234 4006 ut
3284 3950 3610 4007 manifestior
3644 3951 3800 4006 vobis

2219 4057 2394 4099 sermo
2439 4053 2619 4099 noster
2661 4045 2750 4109 sit,
2793 4057 2971 4112 operte
3010 4043 3235 4112 pretium
3263 4041 3423 4098 fuerit
3463 4043 3789 4107 meminisse,

2220 4135 2307 4190 ubi
2345 4144 2472 4190 tunc
2508 4135 2729 4190 missum
2757 4135 3040 4191 fecerimus
3067 4151 3390 4198 sermonem.
3418 4146 3474 4189 ut
3501 4135 3623 4190 inde
3649 4133 3796 4190 {iacto

2221 4227 2387 4292 initio,
2431 4241 2548 4294 qua:
2572 4226 2772 4295 reliqua
2797 4234 2923 4280 sunt
2951 4225 3283 4294 impleamus.
3316 4225 3416 4281 Ubi
3444 4226 3602 4296 igitur
3627 4226 3793 4283 ﬁncut

2219 4316 2430 4372 dicendi
2459 4315 2717 4372 fecimus?
2743 4315 2874 4371 Cum
2895 4315 3125 4372 diximus
3152 4316 3218 4371 de
3243 4317 3345 4370 illis
3370 4317 3568 4382 verbis,
3601 4315 3792 4370 Facia-

2217 4424 2330 4463 mus
2379 4407 2626 4463 hominem
2661 4409 2930 4463 secundum
2957 4408 3225 4478 imaginem
3247 4419 3488 4474 nostram,
3521 4417 3568 4463 et
3607 4426 3794 4464 secun-

2219 4499 2340 4553 dum
2375 4498 2768 4563 similitudinem,
2809 4507 2857 4552 et
2899 4498 3216 4554 dominentur
3260 4499 3480 4568 piscibus
3518 4502 3692 4563 maris,
3738 4511 3791 4555 et

2217 4587 2497 4642 volucribus
2518 4588 2649 4651 ccli.
2680 4589 2798 4656 quia
2829 4597 2952 4642 tunc
2976 4603 3152 4642 sermo
3183 4588 3436 4657 prolixior
3464 4587 3580 4651 fuit.
3611 4598 3666 4644 ct
3689 4605 3792 4644 na-

2218 4685 2327 4731 tum
2370 4686 2452 4732 est
2493 4678 2644 4732 nobis
2690 4678 2907 4747 pelagus
2943 4677 3204 4746 quoddam
3247 4678 3650 4744 sententiarum,
3689 4694 3790 4736 nec

2216 4781 2546 4832 concessum,
2578 4775 2637 4822 ut
2665 4768 2886 4822 ulterius
2917 4767 3374 4837 progrederemur,
3406 4769 3498 4824 sed
3528 4769 3790 4826 hactenus

2217 4857 2469 4927 producto
2506 4873 2772 4921 sermone,
2820 4858 3093 4929 sequentia
3137 4874 3241 4914 non
3295 4861 3580 4932 attigimus.
3633 4861 3789 4920 Unde

2215 4963 2352 5004 nunc
2391 4948 2768 5016 necessarium,
2811 4957 2868 5002 ut
2903 4950 3105 5004 caritati
3129 4958 3318 5006 vestra:
3347 4967 3466 5020 quo
3493 4961 3788 5022 sequuntur

2215 5041 2470 5110 legantur,
2519 5051 2576 5095 ut
2613 5040 2749 5099 scire
2788 5039 3001 5108 possitis
3026 5055 3268 5110 quaenam
3315 5041 3462 5096 vobis
3489 5041 3676 5096 dicturi
3706 5044 3784 5098 si-

2213 5146 2351 5186 mus.
2387 5132 2572 5186 Statim
2602 5132 2756 5201 igitur
2785 5131 2960 5185 divina
2989 5131 3257 5200 Scriptura
3294 5132 3525 5188 subdi-lit
3557 5152 3572 5191 :
3597 5134 3687 5189 27.
3717 5135 3785 5190 Et

2212 5223 2326 5292 fecit
2343 5220 2477 5276 Deus
2497 5222 2768 5283 hominem;
2787 5221 3059 5276 secundum
3079 5223 3342 5292 imaginem
3366 5222 3462 5277 Dei
3478 5226 3590 5295 [erit
3613 5225 3782 5291 illum;

2213 5313 2489 5366 ntasculum
2532 5323 2578 5366 et
2606 5313 2844 5382 feminam
2873 5312 2987 5380 fecit
3010 5314 3144 5367 illos.
3173 5313 3264 5369 28.
3306 5312 3372 5368 Et
3398 5315 3648 5370 beneth
3677 5315 3783 5372 illis

2212 5399 2348 5456 Deus
2399 5403 2568 5456 dicens
2597 5419 2615 5455 :
2653 5399 2872 5457 Crescite
2914 5413 2963 5455 et
2998 5404 3402 5474 multiplicamini
3425 5444 3439 5468 ,
3486 5414 3533 5458 et
3577 5405 3782 5475 implete

2211 5503 2412 5556 terram,
2440 5504 2485 5547 et
2508 5493 2829 5547 dominemini
2855 5495 2923 5557 ei;
2950 5502 2995 5550 et
3015 5495 3337 5548 dominemini
3367 5496 3580 5565 piscibus
3604 5495 3778 5564 maris,

2207 5595 2256 5638 et
2283 5584 2565 5639 volatilibus
2582 5586 2712 5652 caeli,
2729 5596 2774 5640 et
2799 5587 3027 5641 omnibus
3037 5588 3310 5657 pecoribus,
3328 5599 3375 5642 et
3389 5590 3524 5642 omni
3546 5598 3710 5654 terra,
3730 5605 3778 5644 et

2207 5677 2436 5732 omnibus
2461 5679 2718 5748 reptilibus
2732 5681 3015 5747 repentibus
3042 5695 3191 5749 super
3219 5689 3422 5734 terrent.
3457 5679 3628 5735 Pauca
3655 5692 3776 5737 sunt

2211 5767 2392 5836 verba,
2411 5770 2501 5825 sed
2519 5785 2736 5841 magnus
2765 5769 3066 5827 reconditus
3093 5770 3372 5827 thesaurus
3392 5770 3444 5826 in
3464 5780 3569 5827 tam
3595 5771 3773 5843 paucis
