4086 6522
347 528 566 598 ναιιιίε.’
607 537 811 612 Spiritu
858 536 1000 594 enim
1043 535 1268 607 loquens
1311 534 1498 591 beatus
1527 535 1616 591 hic
1657 535 1938 608 propheta,

349 648 493 689 nunc
514 647 615 689 nos
643 645 835 687 arcana
859 628 1104 702 quaedam
1127 628 1322 685 docere
1344 628 1475 683 vult.
1504 628 1634 683 Nam
1664 637 1943 698 postquam

349 724 507 789 dixit,
537 723 814 796 Faciamus
838 722 1112 783 hondnent.
1141 729 1195 776 et
1231 720 1532 786 consilium,
1562 729 1636 786 et,
1670 730 1728 774 ut
1757 721 1827 774 ita
1857 719 1943 774 di-

352 832 496 884 cam,
525 816 760 872 studium
791 815 1030 870 adhibuit
1054 815 1292 870 omnium
1334 815 1543 884 Opifcx,
1575 823 1632 869 ut
1656 813 1757 870 hoc
1785 814 1942 870 sche-

353 919 499 966 mate
523 908 782 965 formandi
805 907 1035 963 hominis
1059 908 1365 978 dignitatem
1389 907 1716 972 ostenderet,
1742 915 1797 961 et
1819 915 1943 961 ante

356 1000 730 1056 formationem
781 999 942 1054 etiam
993 999 1228 1062 doceret,
1284 1007 1538 1069 quantum
1591 998 1943 1067 principatum

357 1091 635 1148 formando
656 1091 856 1146 homini
877 1092 1097 1146 daturus
1118 1099 1280 1146 esset.
1306 1091 1484 1161 Itaque
1501 1106 1624 1146 cum
1641 1090 1773 1144 dixit
1796 1108 1808 1143 :
1831 1087 1943 1142 Fa-

353 1184 550 1237 ciamus
575 1183 827 1236 hominem
865 1181 1141 1235 secundum
1184 1182 1454 1252 imaginem
1498 1193 1744 1247 nostram,
1791 1188 1838 1233 et
1862 1195 1944 1233 se-

354 1272 580 1327 cundum
603 1272 1010 1337 similitudinem;
1049 1272 1304 1354 subdidit,
1360 1281 1406 1326 et
1439 1272 1760 1326 dominentur
1790 1272 1944 1354 pisci:

355 1363 448 1419 bus
499 1365 676 1417 maris.
709 1363 842 1419 Vide
877 1353 1147 1435 quomodo
1193 1364 1370 1419 statim
1401 1364 1469 1418 ab
1499 1365 1649 1418 initio
1691 1344 1989 1419 latentem“

358 1455 513 1512 nobis
559 1457 866 1516 thesaurum
924 1456 1274 1512 demonstrat.
1322 1455 1520 1524 Spiritu
1565 1456 1707 1510 enim
1760 1455 1950 1511 divino

357 1547 585 1618 loquens
629 1547 911 1618 propheta,
958 1563 1078 1618 quae.
1107 1547 1342 1602 nondum
1385 1547 1763 1611 subsistebant,
1795 1547 1946 1617 quasi

357 1638 699 1693 subsistentia
728 1648 782 1692 et
810 1636 947 1692 facta
978 1636 1142 1692 videt.
1178 1637 1356 1705 Quare
1382 1653 1532 1706 ergo,
1565 1637 1668 1702 die,
1698 1635 1944 1704 obsecro,

358 1741 417 1785 ut
443 1730 598 1794 dixit,
630 1728 905 1784 Faciamus
935 1730 1208 1796 hominem,
1235 1746 1377 1785 nunc
1402 1730 1557 1796 dixit,
1582 1729 1648 1783 Et
1676 1729 1946 1784 dominen-

358 1820 470 1874 tur.’
489 1818 765 1875 Occultum
789 1818 943 1874 nobis
968 1827 1358 1874 sacramentum
1386 1819 1472 1874 hic
1487 1822 1596 1889 jam
1617 1834 1949 1888 consequen-

357 1919 442 1966 ter
465 1908 720 1966 declarat.
751 1909 976 1976 Quinam
1015 1909 1389 1964 dominentur?
1425 1909 1664 1964 Mulieris
1699 1907 1950 1964 videlicet

359 2003 589 2059 innuens
614 2001 998 2057 ‘formationem
1029 2001 1130 2057 hoc
1155 2002 1305 2056 dixit.
1337 2001 1500 2057 Vides
1523 2002 1791 2074 quomodo
1816 2001 1949 2057 nihil

359 2093 500 2149 inest
525 2093 718 2148 divinis
745 2092 938 2148 Litoris
969 2101 1175 2150 temere
1199 2104 1252 2149 et
1275 2092 1474 2164 absque
1494 2108 1652 2148 causa
1695 2093 1946 2163 positum,

356 2181 626 2254 etiamque
667 2183 887 2239 verbum
933 2183 1075 2254 quod
1106 2181 1382 2240 fortuitum
1413 2183 1577 2240 videri
1607 2193 1809 2254 posset,
1837 2199 1954 2238 ma-

357 2289 520 2346 gnum
551 2274 859 2330 thesaurum
888 2275 940 2330 in
965 2290 1024 2330 se
1049 2275 1304 2330 latentem
1329 2275 1589 2331 continet.

428 2367 483 2422 ι.
519 2367 588 2422 Et
607 2383 674 2422 ne
719 2368 930 2423 mireris
953 2408 968 2434 ,
1010 2367 1236 2435 dilecte,
1283 2366 1426 2438 quod
1463 2367 1664 2423 dictum
1695 2376 1798 2423 est.
1829 2368 1947 2424 Mos

359 2457 502 2512 enim
535 2457 620 2512 bic
643 2468 727 2512 est
755 2458 1128 2529 prophetarum
1154 2457 1417 2527 omnium,
1444 2457 1512 2512 de
1536 2457 1771 2513 nondum
1798 2457 1952 2514 factis

361 2559 420 2605 ut
457 2550 526 2606 de
553 2548 708 2606 factis
735 2551 899 2622 loqui.
933 2551 1068 2618 Quia
1093 2552 1236 2608 enim
1268 2551 1587 2607 mentalibus
1610 2552 1778 2607 oculis
1805 2551 1953 2607 vide-

359 2641 490 2698 bant
525 2659 646 2713 qua:
693 2654 813 2714 post
859 2644 1148 2698 munitorum
1193 2658 1456 2698 annorum
1493 2643 1755 2700 curricula
1796 2651 1952 2698 erant

361 2735 539 2790 futura
563 2776 581 2800 ,
632 2736 831 2792 idcirco
854 2738 1003 2808 quasi
1035 2753 1176 2793 nunc
1216 2737 1285 2793 ob
1310 2737 1492 2794 oculos
1535 2739 1706 2810 posita
1742 2749 1952 2808 specta-

358 2834 516 2894 rent,
571 2826 642 2880 ita
689 2835 878 2884 cuncta
919 2828 1223 2883 narrabant.
1278 2828 1348 2884 Et
1386 2843 1492 2899 quo
1524 2816 1808 2884 manifeste
1850 2829 1954 2886 hoc

359 2917 520 2985 scias,
548 2918 670 2972 audi
693 2918 908 2974 beatum
935 2920 1190 2975 Davidem
1218 2921 1503 2986 dicentem,
1531 2931 1585 2976 et
1605 2929 1728 2976 ante
1750 2930 1825 2977 tot
1852 2937 1953 2977 saa-

357 3010 475 3064 cnla
518 3011 894 3067 vaticinantem
920 3011 989 3068 de
1029 3028 1188 3069 cruce
1215 3013 1449 3080 Christi,
1496 3023 1550 3069 et
1579 3015 1898 3069 clamantem
1933 3033 1948 3066 :

358 3101 624 3166 Foderunt
653 3120 832 3158 manus
857 3120 993 3159 meas
1021 3115 1067 3158 et
1095 3105 1244 3175 pedes
1267 3122 1402 3161 meos
1425 3123 1442 3170 ;
1467 3115 1521 3161 et
1550 3107 1772 3174 iterum,
1801 3105 1949 3160 Divi-

357 3203 529 3248 serunt
554 3195 842 3250 vestimenta
863 3211 972 3249 mea
996 3196 1089 3249 sibi
1120 3195 1288 3268 (Psal.
1315 3196 1407 3250 21.
1443 3197 1530 3250 i7.
1559 3207 1605 3250 et
1645 3195 1760 3269 19).
1792 3196 1953 3253 Vides

356 3285 629 3354 quomodo
652 3295 772 3355 post
795 3286 1011 3355 longum
1040 3295 1251 3358 tempus
1279 3285 1478 3354 futura,
1507 3289 1656 3358 quasi
1679 3288 1788 3359 jam
1813 3288 1950 3345 facta

358 3377 646 3449 ιιι-τιεόίιίιῖ
688 3379 855 3441 ὃὶοοι
901 3380 1089 3436 beatus
1115 3380 1202 3435 hic
1233 3381 1489 3451 prOpheta
1523 3383 1631 3450 jam
1677 3382 1951 3440 insinuans

358 3470 516 3526 nobis
543 3471 784 3527 mulieris
828 3473 1199 3528 formationem
1224 3515 1238 3539 ,
1285 3474 1616 3544 arnigmatice
1646 3484 1701 3529 et
1721 3475 1950 3532 obscure

359 3561 488 3617 dicit
525 3580 539 3617 :
589 3561 656 3616 Et
690 3563 1011 3618 dominentur
1049 3564 1268 3634 piscibus
1313 3565 1490 3617 maris.
1541 3564 1608 3619 Et
1635 3580 1951 3636 progressus

358 3653 500 3709 ultra
530 3654 862 3710 manifestius
891 3656 1094 3726 inquit,
1138 3655 1205 3709 Et
1235 3656 1350 3725 fecit
1381 3653 1518 3710 Deus
1545 3657 1835 3720 hominem;
1872 3673 1951 3710 se.

358 3745 578 3800 cundum
611 3747 881 3818 imaginem
906 3745 1005 3800 Dei
1042 3748 1158 3817 fecit
1200 3747 1383 3813 illum;
1412 3748 1692 3802 masculum
1730 3757 1775 3799 et
1797 3748 1948 3818 femi-

359 3853 480 3890 nam
511 3838 628 3908 fecit
651 3838 788 3892 illas.
831 3838 1208 3893 Animadverte
1243 3832 1438 3908 quanta
1471 3853 1598 3893 usus
1617 3847 1700 3893 est
1728 3853 1948 3894 accura-

359 3929 528 3997 tione,
555 3931 721 3985 semel
747 3938 909 4001 atque
938 3932 1130 3986 iterum
1163 3930 1300 3985 idem
1333 3931 1515 3985 dicens
1537 3973 1551 3998 ,
1589 3940 1646 3985 ut
1671 3931 1722 3985 in
1751 3931 1948 3986 menti-

358 4020 462 4076 bus
513 4021 815 4076 auditorum
847 4021 984 4077 bene
1027 4021 1214 4092 reponi
1262 4022 1468 4093 possint
1513 4038 1631 4093 qua:
1677 4022 1946 4079 dicuntur.

359 4110 474 4169 Nisi
515 4114 656 4169 enim
684 4115 786 4169 hoc
804 4113 854 4170 ei
884 4129 1027 4170 cura:
1059 4114 1280 4182 fuisset,
1313 4113 1612 4170 sufficiebat
1637 4115 1849 4183 dicere,
1883 4116 1949 4171 Et

362 4206 481 4277 fecit
516 4203 656 4259 Deus
686 4205 938 4269 hominem
968 4221 986 4259 :
1011 4205 1107 4260 sed
1137 4205 1326 4260 iterum
1357 4206 1608 4275 apponit.
1656 4207 1948 4261 Secundum

359 4296 631 4366 imaginem
654 4294 751 4350 Dei
775 4297 893 4367 fecit
921 4296 1088 4350 illum.
1135 4295 1420 4366 Postquam
1448 4297 1592 4351 enim
1633 4312 1730 4352 nos
1769 4297 1950 4352 docuit

359 4399 456 4456 per
480 4385 853 4455 praecedentia,
880 4386 1005 4457 quid
1036 4388 1138 4454 sit,
1186 4387 1479 4442 Secundum
1511 4389 1815 4459 imaginem,
1849 4389 1948 4446 de-

358 4490 468 4532 nuo
507 4491 570 4531 ea
611 4477 681 4532 de
724 4479 1000 4550 causa'hic
1038 4478 1283 4535 eumdem
1312 4480 1505 4549 repetit
1528 4494 1864 4547 sermonem,
1896 4491 1952 4537 et

358 4567 524 4623 dicit:
557 4567 852 4624 Secundum
867 4570 1138 4640 imaginem
1169 4569 1263 4624 Dei
1287 4572 1403 4640 fecit
1424 4586 1555 4624 eum.
1579 4571 1646 4624 Et
1676 4580 1733 4626 ut
1759 4587 1827 4626 ne
1851 4573 1951 4626 im-

358 4657 648 4729 pudentem
695 4660 908 4730 quidem
954 4659 1281 4716 defensionis
1328 4669 1644 4730 praetextum
1684 4662 1950 4732 relinquat

357 4751 612 4807 Ecclesia:
641 4752 887 4821 dogmata
935 4753 1248 4824 impugnare
1289 4753 1624 4820 volentibus,
1678 4755 1946 4824 paululum

361 4857 677 4912 progressus
721 4843 860 4900 idem
909 4845 1103 4901 iterum
1134 4845 1329 4910 docet,
1363 4846 1506 4915 quod
1537 4847 1658 4900 ideo
1703 4847 1949 4917 imaginis

357 4935 576 4988 nomine
604 4950 730 4990 usus
757 4937 843 5000 sit,
874 4938 1013 5005 quod
1044 4938 1400 5006 imperaturus
1428 4981 1442 5004 ,
1489 4948 1543 4993 et
1587 4940 1688 4994 sub
1716 4955 1774 4994 se
1799 4955 1950 4996 crea-

360 5035 508 5080 turas
533 5040 720 5079 omnes
750 5024 1025 5080 habiturus
1051 5036 1210 5082 esset.
1243 5028 1359 5082 Jam
1396 5031 1668 5085 videamus
1710 5031 1834 5100 quid
1864 5032 1948 5086 di-

355 5120 429 5173 cit
456 5136 469 5172 :
501 5117 570 5171 Et
590 5120 708 5188 fecit
738 5117 875 5172 Deus
910 5120 1198 5187 hominem;
1232 5122 1505 5175 secundum
1553 5123 1824 5193 imaginem
1852 5122 1948 5177 Dei

357 5209 476 5276 fecit
505 5210 650 5263 illum
689 5227 709 5277 ;
739 5212 1020 5264 masculum
1055 5221 1102 5265 et
1131 5215 1370 5284 feminam
1395 5215 1511 5284 fecit
1533 5215 1667 5268 illos.
1704 5215 1761 5268 Id
1806 5217 1946 5286 quod

354 5301 519 5372 supra
550 5302 930 5369 insinuaverat,
959 5304 1162 5366 dicens,
1198 5306 1262 5359 Et
1291 5307 1630 5373 dominentur,
1663 5308 1748 5362 hic
1777 5309 1948 5362 mani-

355 5397 544 5451 festius
578 5395 746 5460 dixit;
778 5397 1002 5467 idipsum
1046 5406 1222 5452 tamen
1262 5399 1604 5455 reconditiori
1653 5401 1813 5456 modo
1850 5417 1948 5457 nos

356 5488 560 5542 docens
595 5506 609 5542 :
643 5487 878 5542 nondum
916 5489 1059 5543 enim
1095 5488 1162 5544 de
1199 5489 1516 5546 formatione
1537 5492 1814 5561 docuerat,
1850 5510 1947 5549 ne-

356 5595 460 5648 que
499 5578 706 5635 dixerat
745 5580 887 5637 unde
928 5582 1121 5638 mulier
1163 5584 1417 5651 producta
1451 5603 1464 5638 :
1498 5585 1783 5642 Masculum
1813 5628 1828 5653 ,
1868 5589 1948 5642 in-

356 5671 508 5740 quit.
550 5681 597 5725 et
623 5673 862 5742 feminam
905 5675 1023 5745 fecit
1060 5675 1195 5728 illos.
1237 5675 1429 5731 Vidisti
1458 5677 1759 5747 quomodo,
1803 5680 1945 5750 quod

359 5764 594 5818 nondum
618 5763 815 5819 faetum
837 5807 851 5830 ,
883 5767 1031 5835 quasi
1057 5769 1166 5836 jam
1197 5766 1393 5824 factum
1425 5770 1702 5825 narravit?
1745 5771 1942 5840 Hujus-

357 5854 502 5912 πιοάὶ
527 5865 650 5913 sunt
675 5856 812 5912 oculi
841 5857 1142 5930 spirituales
1173 5877 1186 5914 :
1215 5863 1546 5934 nequeenim
1577 5870 1779 5918 tantum
1807 5878 1942 5934 prte-

1456 421 1521 479 ΙΝ
1558 421 1712 480 CAP.
1755 420 1799 478 l.
1836 417 2082 480 δεμες.
2126 419 2362 479 ilOMiL.
2402 419 2472 479 Χ.

1991 1343 2022 1380 ν

2055 544 2198 590 stare
2245 546 2469 607 possunt
2505 537 2812 608 corporales
2842 533 2907 593 hi'
2945 538 3108 603 oculi,
3137 537 3227 608 qui
3260 538 3484 595 visibilia
3528 555 3653 595 cer-

2030 697 2035 703 .
2054 635 2208 693 nunt,
2230 635 2495 710 quantum
2506 627 2645 682 oculi
2671 627 2912 696 spiritus,
2940 629 3030 697 qui
3048 643 3111 683 ea
3133 645 3252 699 qum
3275 645 3380 683 non
3401 630 3653 684 videntur

2053 733 2228 788 neque
2269 719 2595 783 subsistunt,
2651 717 2835 774 videre
2877 729 3119 788 possunt.
3172 713 3331 790 igitur
3376 730 3431 774 ut
3478 721 3650 776 dixit.

2055 810 2347 865 Masculum
2385 821 2432 865 st
2456 812 2699 882 feminam
2726 812 2842 882 fecit
2875 811 3011 875 illos,
3043 812 3199 882 quasi
3236 812 3447 879 utrique
3483 812 3651 867 bene-

2053 901 2343 956 diclionem
2366 902 2539 968 daret,
2568 902 2699 956 dicit
2725 920 2740 957 :
2773 902 2838 956 Et
2856 903 3105 956 benedixit
3133 904 3246 957 illis
3269 903 3427 968 Deus,
3460 903 3649 969 dicens,

2053 991 2289 1059 Crescite,
2318 1001 2363 1046 et
2393 993 2827 1063 multiplicamini,
2862 1003 2907 1046 et
2933 993 3137 1062 implete
3163 1003 3387 1058 tenam,
3419 1004 3465 1046 et
3488 994 3653 1047 domi-

2051 1083 2246 1136 namini
2295 1083 2407 1146 illi,
2453 1092 2500 1137 et
2538 1084 2780 1151 imperate
2822 1084 3044 1155 piscibus
3095 1084 3250 1137 utaris
3304 1084 3445 1139 Ecce
3489 1099 3649 1154 qtmni

2052 1176 2293 1231 eminens
2317 1176 2640 1231 benedictio.
2679 1175 2811 1231 Nam
2843 1175 2966 1242 hoc,
2998 1177 3234 1239 Crescite.
3264 1189 3311 1230 et
3337 1178 3653 1244 multiplica-

2053 1270 2177 1338 ’νεαιιὶ
2196 1310 2211 1335 ,
2243 1279 2289 1323 et
2315 1268 2519 1339 implete
2545 1280 2766 1332 terram,
2813 1271 2972 1324 etiam
2999 1269 3067 1325 de
3093 1271 3269 1324 brutis
3291 1270 3657 1335 animalibus,

2053 1371 2113 1415 et.
2137 1361 2417 1430 reptilibus
2440 1360 2640 1414 dictum
2662 1370 2746 1415 est
2778 1377 2791 1412 :
2820 1360 2914 1415 sed
2940 1401 2955 1427 ,
3001 1345 3349 1414 Duminamini
3367 1400 3382 1424 ,
3411 1371 3458 1414 et
3491 1363 3653 1430 impe-

2052 1461 2190 1516 rate,
2235 1453 2301 1508 de
2322 1453 2438 1508 viro
2463 1460 2518 1508 et
2552 1454 2780 1507 muliere
2821 1453 3043 1508 dictum.
3087 1453 3221 1508 Vide
3268 1454 3648 1524 benignitatem

2055 1546 2266 1601 Domini
2299 1563 2313 1600 :
2343 1543 2629 1616 antequam
2673 1547 2951 1601 mulierem
2980 1546 3239 1616 producat
3272 1585 3292 1614 ,
3339 1548 3648 1616 participem

2054 1639 2196 1694 illam
2226 1638 2352 1693 facit
2383 1638 2624 1709 imperii,
2649 1646 2703 1694 et
2729 1638 3118 1694 benedictionis
3143 1638 3348 1694 honore
3378 1638 3650 1708 dignatur.

2056 1729 2122 1784 Et
2153 1731 2423 1796 imperate,
2455 1731 2563 1797 ait,
2592 1730 2810 1800 piscibus
2839 1731 3016 1796 maris,
3044 1740 3090 1784 et
3117 1729 3402 1784 volatilibus
3431 1731 3540 1784 r-trli
3559 1772 3574 1793 ,
3604 1740 3650 1784 et

2054 1820 2286 1875 omnibus
2311 1823 2591 1892 pecoribus,
2620 1831 2665 1874 et
2690 1823 2934 1877 universa:
2966 1832 3132 1888 terra,
3162 1831 3207 1874 et
3233 1821 3462 1875 omnibus
3491 1823 3650 1890 repti-

2055 1912 2205 1978 libus,
2228 1928 2341 1982 quis
2357 1923 2540 1981 repunt
2564 1929 2716 1983 super
2742 1923 2948 1966 terram.

2125 2004 2180 2059 5.
2212 2003 2402 2059 Vidisti
2429 2004 2838 2060 inenarrabilem
2866 2005 3224 2074 potestatem?
3243 2003 3418 2058 vidisti
3449 2004 3648 2073 princi-

2054 2105 2208 2167 patus
2229 2096 2695 2166 magnitudinem?
2721 2097 2900 2151 vidisti
2925 2096 3141 2151 condita
3167 2096 3344 2150 omnia
3373 2095 3472 2150 sub
3495 2094 3651 2163 hujus

2054 2199 2372 2261 potestatem
2403 2189 2659 2244 redacta?
2685 2189 2828 2249 Nihil
2871 2189 3098 2260 posthac
3135 2188 3407 2243 mediocre
3451 2187 3518 2242 de
3565 2202 3651 2242 ra-

2057 2282 2240 2337 tionali
2284 2282 2386 2337 hoc
2431 2282 2650 2336 animali
2697 2281 3044 2352 imagineris,
3089 2279 3184 2336 sed
3227 2279 3401 2348 cogita
3433 2279 3652 2334 honoris

2055 2371 2508 2442 magnitudinem,
2551 2382 2605 2428 et
2627 2373 2835 2426 Domini
2860 2386 2984 2442 erga
3017 2371 3140 2426 illud
3171 2371 3598 2427 benevolentiam
3632 2412 3647 2433 ,

2055 2463 2441 2533 obstupescens
2484 2464 2627 2518 illius
2669 2463 2986 2518 immensam
3024 2470 3080 2516 et
3107 2462 3519 2517 inenarrabilem
3549 2461 3645 2515 bc-

2055 2553 2388 2624 nignitatem.
2415 2553 2508 2609 29.
2538 2552 2606 2608 Et
2631 2553 2760 2609 dixit
2788 2552 2968 2608 Deus:
2995 2552 3132 2607 Ecce
3153 2553 3268 2606 dedi
3293 2550 3430 2606 vobis
3452 2567 3651 2605 omnem

2055 2645 2260 2700 herbam
2302 2633 2550 2711 salivam;
2594 2646 2849 2700 seminans
2889 2661 3055 2700 semen
3096 2644 3232 2716 quod
3265 2653 3337 2698 est
3364 2660 3519 2712 super
3548 2654 3650 2697 ter-

2054 2755 2165 2793 ram
2193 2753 2213 2791 .°
2241 2747 2288 2792 et
2312 2754 2456 2792 omne
2483 2738 2696 2809 lignum,
2726 2737 2862 2807 quod
2887 2736 3031 2800 habet
3059 2737 3112 2790 in
3137 2738 3300 2804 seipse
3323 2737 3540 2806 fructum
3566 2751 3652 2788 se-

2055 2829 2205 2884 minis
2234 2829 2380 2882 sativi
2403 2871 2418 2895 ,
2466 2829 2604 2883 vobis
2631 2829 2726 2883 erit
2749 2829 2802 2882 in
2829 2828 2996 2882 cibum
3019 2869 3035 2894 ,
3060 2828 3150 2883 30.
3190 2836 3236 2882 et
3263 2826 3494 2880 omnibus
3532 2826 3653 2897 feris

2057 2928 2204 2975 terra:
2226 2964 2242 2988 ,
2289 2930 2337 2975 et
2360 2921 2590 2976 omnibus
2613 2919 2900 2975 volatilibus
2926 2922 3040 2975 caeli
3064 2961 3079 2984 ,
3135 2931 3184 2974 et
3209 2921 3349 2974 omni
3376 2920 3543 2990 reptili
3572 2936 3641 2972 re-

2055 3013 2193 3083 penti
2221 3028 2373 3083 super
2399 3021 2582 3066 terram
2601 3053 2616 3078 ,
2648 3012 2785 3082 quod
2811 3011 2956 3065 habet
2983 3013 3035 3064 in
3060 3011 3224 3079 seipso
3252 3012 3473 3064 animant
3499 3012 3615 3064 vitae
3631 3050 3648 3074 ,

2055 3113 2102 3157 et
2128 3120 2325 3157 omnem
2356 3103 2558 3157 herbam
2579 3104 2786 3157 viridem
2812 3103 2865 3156 in
2895 3103 3080 3157 cibum.
3115 3102 3182 3156 Et
3229 3102 3418 3172 factum
3455 3113 3529 3156 est
3557 3103 3650 3156 ita.

2054 3193 2191 3249 Vide
2211 3235 2226 3258 ,
2255 3193 2514 3260 obsecro,
2553 3194 2829 3250 carissime
2850 3233 2865 3258 ,
2905 3193 3192 3248 verborum
3213 3193 3568 3263 diligentiam,
3599 3204 3652 3248 et

2056 3287 2376 3342 ineffabilem
2419 3289 2513 3343 Dei
2564 3288 2943 3359 benignitatem
2971 3331 2986 3354 ,
3023 3297 3078 3344 et
3108 3305 3175 3344 ne
3215 3289 3339 3359 quid
3385 3281 3649 3342 dictorum

2054 3380 2369 3450 simpliciter
2415 3390 2719 3451 praetereas.
2765 3380 2833 3436 Et
2857 3381 3015 3448 dixit,
3059 3381 3266 3452 inquit,
3299 3379 3438 3434 Deus
3471 3395 3490 3434 :
3522 3379 3652 3433 Ecce

2056 3472 2172 3526 dedi
2218 3472 2354 3528 vobis
2404 3489 2602 3527 onmem
2651 3473 2856 3527 herbam
2907 3473 3121 3527 sativam
3152 3488 3172 3527 :
3210 3472 3360 3544 quasi
3407 3471 3474 3526 ad
3517 3472 3652 3526 duos

2055 3577 2234 3617 sermo
2260 3562 2351 3628 sit,
2380 3563 2625 3632 quamvis
2649 3562 2884 3618 nondum
2907 3563 3130 3618 muliere
3148 3562 3421 3634 producta.
3448 3561 3652 3616 Deinde

2054 3663 2110 3707 ut
2135 3654 2311 3708 discas
2339 3655 2688 3710 excellentem
2719 3655 2836 3724 ejus
2857 3656 3150 3710 bonitatem
3184 3696 3198 3720 ,
3228 3654 3350 3709 vide
3379 3653 3650 3724 quomodo

2053 3748 2378 3803 eminentem
2422 3748 2798 3820 benignitatem
2829 3789 2844 3814 ,
2904 3758 2960 3804 et
3006 3741 3204 3802 miram.
3245 3747 3647 3809 liberalitatem,

2054 3857 2161 3895 non
2190 3841 2242 3895 in
2272 3843 2387 3896 viro
2417 3851 2467 3896 et
2494 3843 2719 3898 muliere
2748 3842 2982 3897 nondum
3019 3841 3240 3898 formata
3270 3842 3442 3896 solum
3473 3840 3652 3895 decla-

2053 3943 2155 3998 ret,
2189 3933 2282 3989 sed
2309 3942 2364 3988 ct
2389 3934 2442 3987 in
2475 3934 2604 4003 ipsis
2621 3934 2812 3988 brutis.
2841 3933 2974 3988 Nam
3001 3943 3061 3987 ut
3088 3933 3220 3986 dixit
3248 3950 3261 3985 :
3306 3931 3454 3986 Vobis
3485 3933 3576 3984 erit
3598 3931 3648 3982 in

2051 4027 2248 4092 cibum,
2280 4025 2530 4092 subdidit,
2557 4025 2626 4080 Et
2648 4026 2877 4081 omnibus
2907 4027 3074 4080 bestiis
3100 4036 3262 4081 teme.
3293 4025 3427 4080 Vide
3455 4027 3644 4079 iterum

2051 4118 2211 4171 aliam
2242 4118 2493 4189 abyssum
2530 4117 2894 4186 benignitatis.
2945 4116 3060 4172 Non
3099 4117 3242 4172 enim
3272 4117 3442 4170 solum
3483 4116 3648 4170 brutis

2053 4207 2382 4271 domesticis,
2413 4217 2467 4263 et
2493 4216 2679 4262 nostro
2702 4207 2819 4262 usui
2843 4207 3222 4272 servientibus,
3241 4206 3326 4260 vel
3353 4205 3417 4260 ad
3440 4205 3641 4267 cibum,

2051 4302 2138 4356 vel
2184 4299 2249 4354 ad
2297 4299 2691 4364 ministerium,
2738 4299 2832 4355 sed
2873 4307 2929 4353 et
2955 4297 3082 4354 feris
3109 4299 3403 4369 prospexit.
3450 4299 3646 4368 Ecquis

2051 4407 2151 4462 pro
2178 4391 2432 4461 dignitate
2475 4391 2708 4461 attigerit
2745 4391 3058 4445 immensam
3104 4391 3258 4445 istam
3307 4389 3647 4444 bonitatem?

2062 4482 2214 4537 Vobis
2239 4484 2329 4536 erit
2354 4484 2408 4537 in
2433 4483 2597 4537 cibum
2619 4524 2634 4549 ,
2685 4482 2890 4553 inquit,
2934 4491 2980 4536 et
3009 4481 3238 4536 omnibus
3274 4481 3442 4536 bestiis
3468 4491 3642 4546 terras,

2053 4586 2100 4630 et
2129 4574 2360 4630 omnibus
2380 4575 2663 4630 volatilibus
2691 4575 2822 4641 cali,
2859 4582 2903 4628 et
2923 4575 3060 4628 omni
3089 4574 3261 4644 reptili
3284 4574 3476 4643 repenti
3494 4589 3647 4641 super

2054 4677 2260 4731 terram,
2292 4668 2426 4735 quod
2448 4667 2596 4720 habet
2620 4667 2673 4719 in
2693 4666 2957 4736 semetipso
2977 4666 3199 4719 animam
3225 4665 3356 4725 vitta.
3380 4674 3426 4717 et
3448 4680 3646 4718 onmem

2054 4758 2259 4815 herbam
2289 4758 2498 4813 viridem
2541 4759 2593 4812 in
2634 4757 2817 4811 cibum.
2863 4757 3048 4826 Magna
3078 4756 3288 4810 Domini
3319 4770 3440 4824 erga
3475 4754 3647 4807 homi-

2056 4868 2179 4908 nem
2204 4893 2218 4918 ,
2268 4867 2425 4918 quem
2457 4850 2736 4914 condidit,
2787 4850 3088 4904 ostenditur
3118 4849 3468 4919 providentia.
3511 4847 3641 4902 Nam

2054 4953 2334 5014 postquam
2366 4945 2537 5012 ipsum
2572 4942 2848 5012 produxit,
2882 4951 2937 4996 et
2979 4942 3154 4996 omnis
3183 4950 3444 4995 creaturze
3471 4939 3640 4994 domi-

2054 5036 2202 5091 nium
2235 5035 2334 5104 ipsi
2363 5035 2616 5098 tradidit;
2648 5043 2705 5088 ut
2726 5050 2791 5088 ne
2821 5033 3000 5088 statim
3023 5031 3637 5102 abinitiojumentorum

2052 5125 2445 5181 multitudinem
2490 5125 2676 5179 videns
2705 5124 3027 5178 stomachari
3077 5125 3280 5192 possit,
3337 5122 3485 5190 quasi
3535 5137 3639 5179 non

2053 5217 2319 5272 sufficeret
2347 5218 2412 5270 ad
2441 5215 2630 5272 alenda
2655 5224 2732 5270 tot
2757 5226 2810 5270 et
2843 5225 2987 5269 tanta
3014 5216 3262 5269 animalia
3294 5232 3306 5267 :
3338 5215 3645 5284 priusquam

2052 5309 2120 5366 de
2165 5311 2273 5364 hoc
2308 5309 2392 5364 vel
2438 5309 2723 5379 cogitaret,
2763 5309 2935 5362 bonus
2972 5307 3111 5361 Deus
3141 5305 3515 5376 praeveniendo
3544 5305 3652 5359 de-

2053 5403 2293 5458 mulcens
2323 5416 2446 5456 eum
2475 5443 2489 5465 ,
2520 5410 2576 5455 nt
2602 5401 2668 5455 ita
2700 5400 2872 5454 dicam
2895 5441 2909 5461 ,
2938 5409 2991 5452 et
3018 5397 3308 5452 ostendens
3333 5407 3436 5450 tam
3469 5397 3646 5464 ipsum

2052 5512 2210 5566 quam
2233 5495 2474 5565 jumenta
2501 5503 2554 5549 et
2575 5494 2728 5549 bruta
2757 5494 2935 5548 omnia
2956 5535 2971 5558 ,
3002 5501 3267 5562 prmcepto
3293 5489 3501 5543 Domini
3535 5505 3636 5542 oin~

2053 5603 2176 5642 nem
2209 5589 2414 5658 capiam
2443 5586 2507 5639 ad
2539 5587 2650 5640 hate
2678 5585 2887 5650 alenda,
2920 5595 3057 5639 terra
3087 5579 3492 5652 suppeditante,
3523 5594 3645 5634 esse

2051 5679 2356 5745 habituros,
2389 5688 2667 5748 postquam
2695 5678 2854 5742 dixit,
2899 5676 3014 5731 Erit
3043 5676 3179 5730 vobis
3203 5675 3257 5728 in
3283 5673 3492 5740 cibum;
3517 5686 3638 5727 mox

2050 5770 2342 5843 subjungit,
2377 5770 2442 5826 Et
2464 5769 2691 5826 omnibus
2713 5769 2883 5825 bestiis
2910 5778 3084 5837 terrat,
3117 5777 3164 5822 et
3189 5765 3472 5824 volatilibus
3497 5765 3634 5831 caeli,

2052 5876 2103 5922 et
2127 5863 2266 5921 omni
2297 5863 2463 5935 reptili
2497 5864 2690 5935 repenti
2716 5877 2864 5932 super
2889 5868 3074 5917 terram
3095 5901 3110 5931 ,
3150 5859 3285 5933 quod
3308 5858 3463 5914 habet
3479 5859 3530 5912 in
3556 5872 3639 5911 se-
