4086 6482
313 583 317 586 .
445 532 656 603 wtipso
679 528 902 584 animant
928 527 1063 592 sine,
1096 532 1148 578 et
1169 535 1366 585 om
1390 518 1594 579 habent
1617 515 1827 572 viridem
1855 514 1908 568 ia
1935 511 2011 603 oi-

404 687 419 693 _
448 599 586 677 erat.
623 617 692 676 Et
721 622 1001 689 formarat
1023 614 1113 668 its.
1150 609 1342 708 Omnis
1364 620 1715 681 qumeumque
1737 599 2018 708 imperavit

449 984 788 1044 Μηυάάει

527 1074 584 1130 8.
600 1074 751 1144 Quis
770 1089 871 1144 pro
890 1073 1142 1142 dignitate
1167 1069 1394 1126 laudarit
1417 1063 1608 1121 divina:
1630 1061 1916 1131 Scriptura:
1942 1057 2030 1112 div

453 1169 760 1244 ligentiaml
793 1168 930 1225 Ecce
951 1166 1094 1222 enim
1113 1173 1167 1225 et
1195 1163 1282 1216 hic
1298 1155 1468 1216 verba
1483 1174 1592 1212 uno
1611 1157 1798 1213 dicens
1819 1172 1833 1208 :

451 1240 526 1320 dit
575 1259 715 1317 Deus
759 1258 930 1314 omnia
965 1268 1294 1328 'W
1320 1249 1471 1321 fecit,
1511 1249 1740 1318 linguam
1787 1240 2058 1328 omnin?”

455 1307 1360 1425 MImvﬁiseiseomnnun
1403 1307 1748 1410 compescuit.
1795 1335 1862 1392 Et
1904 1307 2040 1390 053.0

453 1443 593 1498 Deus
616 1482 634 1510 ,
666 1440 871 1511 inquit,
912 1437 1082 1492 omnia
1107 1447 1430 1506 «malque
1454 1431 1572 1503 fecit
1591 1470 1608 1498 ,
1647 1438 1694 1484 et
1715 1437 1856 1484 erant
1881 1425 2030 1481 ualde

453 1535 603 1594 bona.
650 1531 718 1587 Et
750 1530 889 1601 facta
921 1539 992 1584 est
1017 1543 1254 1599 vespera,
1298 1534 1347 1580 et
1376 1526 1567 1598 factum
1591 1529 1666 1578 est
1701 1535 1849 1573 me
1869 1559 1890 1586 ,
1919 1517 2028 1572 dies

454 1633 644 1679 aeuus.
665 1621 926 1690 Quoniam
948 1619 1092 1677 enim
1113 1618 1182 1676 de
1201 1631 1512 1687 unaquaque
1531 1619 1774 1669 creatura
1793 1609 2023 1674 dicebat,

455 1714 527 1771 Et
545 1714 679 1770 sidit
709 1714 854 1770 Deus
875 1712 1011 1784 quod
1034 1720 1162 1766 esset
1185 1712 1366 1764 bonum
1390 1723 1413 1762 :
1437 1719 1578 1762 nunc
1615 1702 1826 1775 quando
1849 1699 2029 1756 omnia

452 1807 718 1877 cupiet:
738 1817 892 1870 sunt,
918 1812 978 1860 et
995 1802 1100 1858 diei
1125 1802 1259 1857 sexti
1282 1813 1446 1869 opera
1480 1797 1640 1853 tinem
1665 1800 2032 1864 acceperunt,

453 1895 901 1966 etqaicreaturls
943 1893 1191 1949 omnibus
1239 1891 1495 1946 fruiturus
1545 1897 1697 1953 erat,
1741 1885 2032 1956 productus

455 1993 541 2041 est
561 2024 578 2052 ,
610 1986 785 2056 inquit
808 2001 823 2037 :
857 1984 922 2040 Et
949 1984 1071 2038 sidit
1091 1983 1230 2038 Deus
1253 1983 1421 2038 omnia
1440 1993 1764 2053 quacumque
1789 1969 1907 2046 fecit
1927 2015 1946 2041 ,
1985 1982 2033 2028 et

457 2091 569 2132 erce
591 2075 740 2131 valde
764 2077 915 2131 bona.
940 2075 1228 2132 Considera
1253 2071 1522 2144 quomodo
1546 2076 1820 2126 creaturas
1844 2079 2034 2121 omnes

457 2166 563 2223 hoc
597 2168 783 2237 verbo,
809 2167 1028 2234 Olmie,
1075 2165 1231 2222 simul
1264 2164 1611 2234 complexus,
1649 2169 1834 2216 omnes
1875 2156 2034 2212 simul

459 2258 618 2314 laude
632 2265 990 2330 pesequums
1014 2266 1115 2313 est.
1134 2255 1326 2330 Neque
1352 2255 1496 2310 enim
1521 2263 1578 2307 ut
1602 2250 1772 2314 dixit,
1806 2248 1991 2302 Omnia
2013 2287 2030 2312 ,

457 2344 747 2408 Contentus
787 2328 885 2404 lilii
920 2363 990 2404 eo
1030 2328 1231 2413 verbo,
1269 2345 1366 2401 sed
1394 2342 1663 2410 subdidit,
1698 2341 2036 2410 Quacumque

460 2421 576 2513 fecit
603 2455 625 2495 :
647 2448 704 2496 ot
728 2453 898 2510 neque
925 2438 1041 2493 haec
1079 2446 1283 2493 tantum
1308 2435 1441 2491 dixit
1458 2475 1475 2501 ,
1515 2432 1610 2489 sed
1639 2431 1708 2486 Et
1734 2447 1845 2486 eccs
1867 2431 1997 2484 bona
2015 2468 2034 2495 ,

460 2542 518 2588 et
549 2530 710 2586 Valde
734 2531 897 2599 bona,
943 2529 1045 2585 hoc
1071 2539 1155 2586 est
1175 2569 1192 2597 ,
1236 2527 1520 2583 admodum
1541 2525 1700 2582 bona.
1729 2521 1892 2594 igitur
1911 2535 2035 2575 eum

466 2625 721 2682 Dominus
744 2668 759 2692 ,
786 2625 876 2695 qui
909 2638 995 2680 res
1028 2637 1094 2678 ea
1123 2621 1292 2678 nihilo
1320 2626 1580 2675 ut-essent
1620 2614 1866 2688 produxit
1885 2648 1906 2678 ,-
1943 2624 2036 2666 eas

465 2715 620 2772 valde
643 2715 809 2772 bonas
832 2757 846 2782 ,
891 2725 947 2772 et
973 2713 1260 2787 admodum
1297 2713 1465 2768 bonas
1491 2710 1652 2774 dicit,
1683 2708 1802 2778 quis
1828 2703 2034 2762 etiamsi

463 2807 666 2863 insania
695 2807 764 2862 sit
790 2807 996 2877 plenis,
1023 2806 1108 2861 vel
1127 2819 1191 2860 os
1213 2803 1444 2874 aperire,
1473 2811 1527 2858 et
1548 2798 1916 2856 contradicere
1945 2795 2036 2850 Dei

466 2897 643 2951 verbis
687 2895 918 2954 audeat?
943 2895 1200 2965 Quoniam
1227 2894 1370 2950 enim
1403 2894 1455 2948 in
1481 2889 1780 2946 visibilibus
1815 2902 1920 2941 non
1947 2900 2035 2939 so-

467 2986 576 3044 lum
600 2989 689 3043 lux
717 2998 893 3044 creata
915 2998 998 3043 est
1018 3028 1030 3051 ,
1057 2980 1150 3042 sed
1180 2995 1235 3041 et
1260 2984 1493 3040 tenebrae
1517 2981 1759 3037 adversa:
1801 2977 1904 3033 luci
1924 3019 1941 3044 ,
1982 2986 2038 3031 ct

467 3093 578 3134 non
605 3079 776 3135 solum
806 3079 918 3136 dies
940 3121 956 3147 ,
987 3080 1080 3134 sed
1103 3087 1159 3134 et
1185 3094 1287 3132 nos
1309 3075 1573 3132 contraria
1602 3073 1704 3128 diei
1729 3089 1745 3138 ;
1785 3071 1918 3125 etain
1948 3086 2036 3123 se-

469 3170 700 3227 minibus
721 3186 838 3242 qum
877 3185 941 3227 es
965 3179 1104 3226 tetra
1127 3175 1451 3234 nascuntur,
1497 3181 1602 3221 non
1643 3163 1816 3219 solum
1859 3162 2040 3216 herba:

469 3263 647 3327 utiles,
681 3261 773 3318 sed
803 3272 858 3317 et
902 3261 1234 3332 perniciosae,
1265 3267 1322 3318 et
1349 3248 1566 3313 arbores
1597 3269 1700 3311 non
1726 3253 1898 3308 solum
1927 3250 2041 3305 fru-

469 3361 692 3419 ctuosa,
733 3352 829 3408 sed
867 3360 920 3406 et
949 3350 1288 3406 infructuosa
1311 3391 1327 3415 ,
1369 3357 1426 3404 et
1461 3346 1709 3402 animalia
1740 3359 1845 3399 non
1869 3342 2042 3397 solum

470 3453 742 3501 mansueta
761 3483 778 3512 ,
810 3443 904 3500 sed
933 3452 988 3498 et
1031 3442 1307 3514 sylvestria
1335 3450 1392 3496 et
1416 3438 1749 3505 truculenta;
1789 3442 1844 3492 et
1895 3434 1946 3488 in
1976 3432 2042 3488 iis

470 3552 589 3608 quae
627 3547 776 3608 aqua:
817 3535 1214 3614 produxerunt,
1260 3547 1367 3588 non
1405 3536 1576 3586 solum
1612 3529 1821 3600 pisces,
1865 3523 1960 3581 sed
1990 3533 2045 3577 et

473 3637 591 3684 cete
641 3637 697 3683 et
719 3629 836 3683 alize
861 3627 1078 3682 marina:
1107 3625 1334 3688 bellum;
1363 3630 1420 3678 et
1443 3631 1584 3677 terra
1610 3633 1715 3674 non
1741 3617 1913 3672 solum
1943 3614 2042 3669 ba-

475 3718 739 3785 bitabilis,
791 3718 884 3772 sed
923 3727 979 3773 et
1018 3715 1413 3779 inhabitabilis;
1459 3721 1518 3768 et
1548 3726 1656 3767 non
1691 3708 1864 3765 solum
1903 3706 2042 3777 plani

473 3809 646 3880 campi
671 3851 688 3876 ,
732 3808 826 3866 sed
871 3810 1032 3864 etiam
1060 3807 1267 3862 montes
1311 3816 1366 3862 et
1404 3805 1608 3868 colles;
1637 3809 1692 3858 et
1719 3802 1858 3856 inter
1881 3811 2044 3863 aves,

476 3914 580 3955 non
607 3898 776 3955 solum
803 3898 1130 3965 domesticae,
1155 3908 1210 3954 et
1232 3895 1306 3951 ad
1322 3895 1496 3951 cibum
1517 3901 1675 3965 aptae,
1705 3891 1797 3948 sed
1823 3888 2044 3955 ctione,

475 4000 528 4046 et
556 3990 874 4055 immundae,
923 3999 980 4045 et
1023 3987 1171 4043 milvi
1193 4030 1208 4053 ,
1253 3995 1308 4042 et
1328 3986 1607 4048 vultures}
1640 3989 1697 4039 et
1721 3982 1824 4037 alia
1854 3980 2048 4037 similia

476 4083 680 4146 multa;
711 4090 966 4150 ptmtcrea
993 4081 1043 4134 in
1072 4079 1138 4134 iis
1164 4095 1284 4149 qua:
1312 4088 1450 4133 terra
1475 4075 1696 4148 profert,
1719 4088 1824 4129 non
1843 4080 2046 4129 tantum

479 4177 756 4228 tuansueta
781 4179 837 4226 et
862 4171 1074 4226 innoxia
1100 4169 1346 4224 animalia
1371 4208 1386 4234 ,
1429 4167 1524 4223 sed
1558 4176 1612 4222 et
1635 4174 1912 4235 serpentes
1933 4203 1951 4230 ,
1995 4170 2051 4218 et

478 4267 693 4335 vipera.
724 4271 780 4319 et
803 4262 1093 4328 dracones,
1123 4271 1178 4318 et
1205 4262 1421 4329 leones,
1455 4268 1511 4315 et
1538 4258 1685 4330 pardi
1712 4275 1726 4324 ;
1771 4266 1824 4312 et
1844 4257 1896 4311 in
1927 4271 2051 4312 aere

478 4367 585 4412 non
611 4357 780 4412 solum
811 4355 998 4426 pluvia:
1025 4365 1076 4414 et
1107 4356 1249 4409 venti
1279 4353 1455 4419 utiles,
1486 4352 1580 4409 sed
1609 4361 1664 4407 ct
1688 4350 1970 4426 grandines
1997 4357 2051 4405 et

481 4449 677 4514 nives;
716 4457 771 4503 et
803 4447 848 4502 si
878 4448 993 4516 quis
1018 4445 1235 4517 singula
1253 4455 1574 4516 pertractare
1594 4444 1758 4511 velit,
1805 4443 1970 4499 multa
2000 4442 2051 4497 in

485 4547 801 4608 unaquatgue
819 4546 1182 4594 creaturarum
1203 4536 1452 4604 inveniet,
1477 4552 1595 4608 qua
1622 4550 1729 4591 non
1747 4534 1923 4592 solum
1947 4549 2053 4589 non

479 4628 630 4688 utilia
652 4669 670 4698 ,
709 4629 806 4686 sed
832 4637 891 4687 et
912 4629 1168 4686 damnosa
1201 4627 1613 4686 existimentur:
1653 4628 1773 4684 ideo
1813 4637 1871 4683 ut
1922 4626 2053 4682 nulli

479 4721 704 4792 posthac
728 4721 887 4777 liceat
911 4729 1183 4777 creaturas
1203 4720 1506 4790 respicienti
1526 4719 1735 4790 epitlcia
1758 4718 2054 4788 vituperata

479 4810 997 4882 aedlcele:Qasre
1034 4812 1174 4880 hoc,
1213 4819 1272 4868 et
1316 4809 1882 4883 adquidistudlhoc
1919 4811 2053 4864 bene

483 4903 681 4961 factum
703 4913 820 4974 est,
846 4903 949 4961 hoc
971 4919 1075 4960 non
1101 4905 1241 4961 bene
1268 4922 1282 4959 :
1315 4900 1438 4960 ideo
1461 4917 1614 4959 sacra
1637 4902 1906 4972 Scriptura
1941 4916 2060 4956 om-

486 5011 616 5067 nes,
647 5007 708 5054 ut
733 4997 806 5054 ita
829 4997 1035 5066 dicam,
1087 4996 1292 5068 ingrate
1318 4997 1533 5069 obloqui
1559 4994 1813 5053 audentes
1839 5009 2058 5065 compe—

483 5105 661 5157 scens,
693 5097 853 5145 sexto
872 5087 960 5145 die
987 5087 1244 5145 absolutis
1267 5089 1524 5146 creaturis
1550 5087 1816 5154 omnibus,
1840 5088 2010 5158 inquit
2039 5103 2053 5141 :

487 5181 552 5236 Et
591 5181 716 5236 sidit
752 5179 893 5238 Deus
926 5183 1096 5237 omnia
1127 5197 1452 5252 quotcumque
1492 5183 1646 5254 fecit,
1682 5192 1728 5236 et
1775 5197 1887 5236 ecce
1911 5179 2060 5234 ualde

482 5273 634 5327 bona.
677 5273 814 5343 Quid
842 5273 1000 5345 igitur
1022 5314 1040 5340 ,
1066 5273 1325 5342 obsecro,
1357 5289 1453 5346 par
1475 5273 1636 5330 fuerit
1669 5282 1776 5328 tam
1813 5272 2060 5329 ﬁdelibus

484 5366 834 5434 testimoniis,
857 5368 1066 5437 quando
1091 5368 1203 5438 ipse
1232 5369 1453 5424 Creator
1484 5364 1800 5424 sententiam
1840 5365 1972 5434 fert,
2002 5373 2059 5422 et

487 5459 652 5526 dicit,
681 5461 862 5517 omnia
886 5477 1233 5533 quacumque
1256 5463 1392 5520 facta
1436 5473 1600 5529 sunt,
1646 5461 1786 5518 bona
1813 5475 1934 5518 esse
1956 5500 1972 5527 ,
2002 5470 2058 5518 et

484 5548 647 5606 valde
659 5551 840 5607 bona?
864 5553 1124 5622 Quocirca
1151 5570 1272 5611 cum
1301 5555 1500 5613 videris
1529 5555 1759 5626 aliquem
1779 5597 1794 5622 ,
1829 5553 1920 5626 qui
1947 5554 2060 5609 suis

484 5643 776 5700 ratiociniis
800 5655 994 5712 motus,
1024 5646 1241 5717 obloqui
1280 5645 1472 5703 divina
1519 5647 1808 5719 Scriptura:
1833 5646 2057 5714 audeat,

486 5750 606 5793 cum
631 5739 782 5808 quasi
804 5737 1046 5794 insanum
1070 5753 1353 5806 aversare;
1383 5738 1491 5795 imo
1514 5755 1583 5796 ne
1622 5741 1922 5806 averseris;
1963 5740 2058 5796 sed

503 5828 734 5887 uisertus
759 5829 1070 5900 ignorantia:
1115 5829 1264 5903 ejus,
1307 5829 1508 5902 produc
1532 5829 1584 5889 id
1616 5831 1758 5904 quod
1783 5832 1857 5889 ait
1878 5832 2056 5890 divina

1148 407 1206 466 S.
1244 403 1522 466 JOANNIS
1555 394 2029 464 οηκϊεωτοω
2063 395 2384 458 Αιωιιεεδ.
2416 399 2949 459 ωιιπλδοηιιορ.

3625 399 3716 465 ἧδ’

2118 510 2391 582 Scriptura
2413 553 2433 582 ,
2460 521 2513 570 et
2536 512 2643 582 die,
2675 511 2812 570 Vidit
2837 513 2978 571 Deus
3001 511 3172 573 omnis
3189 530 3514 592 meum:
3541 525 3655 594 fecit
3674 566 3692 592 ,

2120 612 2174 660 et
2201 604 2354 670 dixit,
2389 604 2518 662 Ecce
2542 604 2690 661 ratio
2715 605 2890 672 eous;
2926 616 2984 663 et
3007 609 3248 667 fortassis
3275 609 3586 667 intlotuitam
3631 615 3696 669 il-

1987 719 2015 732 -
2122 694 2226 751 lius
2262 697 2492 767 linguam
2534 699 2812 754 continere
2852 698 3076 770 poteris.
3122 699 3255 756 Nam
3283 703 3330 757 si
3357 702 3409 757 in
3455 703 3700 759 lii-nuntia

1991 812 2018 826 ο
2121 790 2284 846 rebus
2307 804 2428 845 eum
2455 790 2698 846 ridemus
2724 792 2850 846 suis
2885 792 3202 862 quibusdam
3240 795 3585 864 optimatibus
3635 810 3702 851 ea

2123 894 2243 949 qua:
2269 879 2403 936 limit
2431 880 2642 952 probari
2668 923 2683 947 ,
2734 881 2943 938 calculo
2977 885 3187 940 illorum
3222 901 3328 943 nou
3352 889 3661 943 obsistimus
3680 927 3700 956 ,

2123 969 2218 1025 sed
2243 969 2633 1039 adstipulatnur
2652 1013 2668 1038 ,
2716 979 2772 1027 et
2797 971 3008 1028 illorum
3037 977 3354 1031 sententiam
3380 978 3595 1049 proprio
3614 977 3698 1041 1n.

2123 1058 2266 1116 dicio
2293 1060 2626 1130 praferimus
2653 1080 2667 1116 :
2708 1063 2877 1118 multo
2899 1064 3068 1136 magis
3091 1079 3215 1137 erga
3262 1065 3428 1122 Deum
3465 1068 3702 1124 omnium

2127 1149 2414 1207 visibilium
2437 1151 2681 1220 Opiﬁcem
2727 1153 2798 1208 ita
2825 1167 2924 1209 nos
2951 1168 3139 1223 gerere
3172 1157 3366 1224 decet;
3391 1165 3450 1213 et
3475 1169 3598 1224 cum
3623 1156 3716 1213 di-

2127 1241 2414 1310 dicerimus
2451 1245 2569 1315 ejus
2611 1248 2928 1302 sententiam
2949 1290 2964 1315 ,
3011 1260 3192 1307 nostra
3233 1252 3588 1324 comprimere
3622 1268 3708 1310 ra-

2129 1334 2342 1389 tiocinia
2367 1375 2383 1402 ,
2427 1349 2601 1405 neque
2647 1337 2843 1408 aliquid
2895 1338 3030 1394 ultra
3054 1341 3310 1412 aggredi;
3351 1341 3447 1398 sed
3487 1342 3626 1400 scire
3653 1352 3710 1400 et

2128 1442 2441 1498 persuasum
2471 1427 2667 1487 habere
2691 1471 2708 1499 ,
2752 1431 2931 1486 omnia
2971 1433 3178 1488 ratione
3213 1432 3441 1504 quadam
3471 1476 3488 1501 ,
3533 1445 3590 1491 et
3612 1449 3720 1507 pre

2129 1520 2455 1592 benignitate
2477 1536 2594 1590 sua,
2622 1522 2692 1578 ab
2720 1522 2838 1594 ipso
2861 1523 3119 1595 producta
3148 1523 3334 1594 fuisse,
3363 1527 3606 1597 nihilque
3627 1537 3714 1582 te-

2130 1628 2278 1668 mere
2304 1622 2362 1669 et
2385 1615 2502 1670 sine
2528 1628 2686 1670 causa
2706 1613 2903 1671 factum
2928 1630 3084 1684 esse;
3110 1631 3294 1672 verum
3333 1619 3458 1674 licet
3503 1633 3601 1674 nos
3641 1619 3712 1674 ob

2131 1711 2328 1759 nostum
2356 1705 2578 1761 rationis
2602 1705 3017 1762 imbecillitatem
3045 1708 3353 1778 ignoremus
3377 1709 3710 1780 opiiiciorum

2133 1796 2411 1852 utilitatem
2434 1837 2451 1864 ,
2501 1797 2673 1868 ipsum
2700 1806 2875 1854 tamen
2903 1797 3198 1854 secundum
3223 1814 3374 1854 suam
3400 1801 3714 1871 sapientiam

2132 1897 2186 1944 ct
2213 1888 2612 1945 solertissimam
2641 1889 3024 1961 benignitatem
3054 1891 3235 1946 omnia
3261 1891 3597 1961 produxisse.

2205 1980 2258 2034 7.
2299 1978 2368 2034 Et
2397 1983 2536 2052 facta
2560 1989 2653 2049 est,
2683 1981 2872 2052 inquit,
2899 1996 3107 2054 corpore
3135 1989 3182 2036 et
3219 1981 3413 2052 [octaua
3437 1990 3511 2037 est
3546 1998 3715 2051 me,

2136 2071 2241 2126 dies
2291 2079 2480 2125 sextus.
2517 2071 2637 2127 Fini
2678 2071 2784 2126 diei
2828 2079 2996 2126 sexta
3033 2072 3195 2128 etiam
3246 2073 3406 2128 linem
3448 2071 3719 2129 formandi

2136 2171 2412 2217 creaturas
2452 2161 2695 2221 addidit:
2723 2171 2780 2219 et
2820 2171 3037 2234 propter
3065 2163 3166 2218 hoc
3188 2161 3460 2220 subdidit:
3503 2161 3571 2218 Et
3597 2180 3722 2234 pcr-

2137 2256 2268 2325 fecto
2287 2263 2406 2308 sunt
2429 2253 2633 2321 ralem,
2651 2263 2700 2307 et
2722 2265 2875 2319 terra,
2893 2263 2944 2308 et
2957 2254 3121 2310 curitis
3135 2263 3347 2310 οηαιυ
3369 2269 3540 2315 mm
3563 2253 3718 2329 (Gai.

2136 2345 2190 2399 2.
2221 2343 2296 2417 l).
2324 2345 2616 2401 Considera
2643 2362 2800 2418 quam
2839 2347 2971 2403 nihil
3011 2347 3082 2404 sit
3107 2347 3455 2420 superﬂuum,
3482 2348 3733 2419 nihilque

2140 2436 2442 2491 redundans
2466 2437 2517 2491 in
2545 2437 2739 2492 divinis
2764 2437 2978 2494 Litoris.
3011 2437 3299 2509 Postquam
3329 2438 3720 2496 elementorum

2137 2535 2326 2582 etmcta
2352 2528 2819 2597 mdectentium
2845 2529 3107 2593 meminit,
3131 2543 3238 2584 non
3259 2529 3394 2584 ultra
3411 2529 3725 2584 minutatim

2139 2620 2346 2690 reliqua
2362 2629 2769 2686 commemorat,
2810 2621 2905 2676 sed
2937 2632 2992 2676 ut
3023 2621 3178 2689 dixit,
3214 2621 3446 2694 Perfecto
3472 2631 3589 2676 sint
3615 2636 3724 2677 oc-

2142 2711 2243 2766 lum
2274 2721 2319 2766 et
2351 2721 2504 2778 terra,
2554 2713 2719 2779 addit,
2763 2713 2829 2768 Et
2871 2714 3033 2768 omnis
3075 2724 3285 2769 ornatus
3331 2730 3504 2768 eorum
3540 2727 3562 2768 :
3615 2727 3724 2784 quo

2140 2805 2402 2873 signillmt
2444 2805 2641 2870 omnia,
2683 2815 2736 2860 ct
2777 2821 2897 2875 qua:
2941 2807 2992 2859 in
3022 2805 3177 2872 crelo,
3209 2814 3266 2860 et
3306 2820 3425 2875 qua:
3455 2804 3507 2858 in
3554 2814 3721 2860 terra.

2139 2895 2372 2949 Ornatus
2395 2894 2536 2949 enim
2568 2905 2724 2950 terra:
2752 2906 2874 2949 sunt
2901 2910 2962 2950 ea
2989 2911 3107 2966 qua:
3135 2897 3204 2951 ab
3229 2896 3318 2951 illa
3358 2896 3717 2966 proferuntur,

2143 2994 2199 3038 ut
2229 2985 2514 3039 herbarum
2542 2986 2804 3053 germina,
2835 2985 3099 3040 fructuum
3131 2996 3440 3056 proventus.
3470 2985 3724 3041 arborum

2143 3073 2363 3139 fructus,
2391 3076 2601 3145 aliaque
2630 3075 2806 3130 omnia
2834 3074 3032 3145 quibus
3076 3077 3220 3130 illam
3255 3073 3444 3147 Oplfex
3480 3074 3720 3130 ornavit:

2142 3177 2364 3222 ornatus
2391 3168 2583 3222 iterum
2627 3169 2764 3232 c.'uli,
2815 3169 2917 3235 sol,
2961 3169 3108 3235 luna,
3152 3169 3427 3225 stellarum
3470 3169 3722 3235 varietas,

2143 3270 2510 3327 eventumque
2571 3273 2759 3314 omnes
2804 3257 3153 3315 intermedite.
3217 3258 3285 3314 Et
3332 3259 3530 3315 ideirco
3572 3271 3725 3314 sacra

2147 3349 2416 3420 Scriptura
2461 3349 2652 3404 caelum
2693 3359 2998 3420 terramque
3037 3363 3538 3416 commmemorans,
3565 3360 3728 3409 omn

2148 3441 2241 3497 Dei
2276 3440 2544 3510 opificium
2575 3455 2668 3510 per
2697 3441 2810 3496 bac
2838 3440 3102 3497 elementa
3139 3441 3418 3511 complexa
3447 3449 3550 3496 est;
3577 3438 3634 3495 2.
3663 3438 3728 3496 Et

2147 3535 2377 3605 perfecit,
2405 3532 2593 3602 inquit,
2625 3532 2764 3589 Deus
2806 3533 2888 3588 die
2929 3542 3071 3588 sexto
3101 3548 3254 3604 opera
3297 3548 3392 3588 sus
3434 3547 3550 3604 qua:
3589 3532 3728 3604 fecit.

2146 3620 2438 3682 ('ainsidera
2489 3622 2758 3691 quomodo
2800 3622 2968 3678 semel
2994 3631 3049 3678 et
3093 3624 3289 3701 iterum
3319 3621 3460 3679 idem
3487 3623 3638 3690 dicit,
3671 3630 3733 3677 t

2146 3713 2416 3769 discamus
2463 3715 2602 3768 intra
2630 3722 2838 3769 sextum
2875 3713 3015 3768 diem
3053 3704 3292 3769 absoluta
3335 3713 3498 3770 fuisse
3527 3714 3726 3769 omnia.

2153 3805 2371 3875 Perfecit
2400 3805 2565 3871 enim,
2598 3803 2790 3874 inquit,
2820 3803 2903 3859 die
2939 3815 3079 3860 sexto
3126 3821 3281 3873 opera
3323 3822 3418 3859 sua
3454 3821 3568 3875 qua
3592 3807 3737 3876 fecit,

2151 3908 2197 3952 et
2225 3899 2458 3963 requievit
2497 3897 2579 3952 dis
2623 3898 2835 3968 septimo
2860 3897 2923 3950 ab
2964 3897 3194 3951 omnibus
3224 3895 3461 3964 operibus
3485 3897 3593 3950 satis
3616 3909 3736 3966 quo

2151 3993 2290 4064 fecit.
2311 3990 2456 4058 Quid
2483 3999 2564 4046 est
2591 3989 2733 4060 quod
2776 3989 2948 4045 dicit:
2982 3987 3048 4043 Et
3079 3990 3313 4060 requievit
3352 3987 3490 4045 Deus
3531 3989 3614 4043 die
3649 4003 3732 4043 se-

2153 4084 2310 4154 ptimo
2338 4083 2402 4136 ab
2442 4081 2674 4151 operibus
2699 4082 2804 4137 suis
2842 4096 2956 4151 qua:
2980 4079 3137 4150 fecit?
3166 4078 3299 4135 Vide
3332 4079 3603 4150 quomndo
3628 4080 3731 4134 bu-

2153 4189 2314 4230 mano
2349 4189 2519 4241 more,
2545 4182 2598 4229 et
2637 4173 2865 4243 quadam
2911 4173 3351 4242 attemperatione
3379 4171 3445 4227 ad
3494 4181 3731 4228 nostram

2155 4266 2570 4323 imbecillitatem
2597 4265 2773 4320 divina
2797 4263 3070 4332 Scriptura
3098 4264 3274 4319 omnia
3303 4264 3580 4334 loquatur:
3602 4261 3735 4318 alio-

2153 4361 2267 4430 qui,
2313 4359 2415 4414 nisi
2461 4357 2562 4414 hac
2600 4358 2808 4413 ratione
2848 4372 2941 4412 usa
2971 4356 3177 4422 fuisset,
3225 4371 3330 4411 non
3376 4355 3740 4426 potuissemus

2156 4449 2355 4521 aliquid
2387 4449 2649 4505 dictorum
2675 4448 2793 4523 ejus
2817 4448 3130 4517 intelligere.
3165 4444 3234 4524 ξι
3255 4446 3512 4517 requievit,
3543 4446 3731 4516 inquit,

2157 4541 2296 4606 Deus
2321 4541 2404 4594 die
2430 4540 2641 4610 septimo
2676 4538 2742 4592 ob
2766 4537 3003 4592 mnibus
3037 4536 3270 4606 operibus
3293 4537 3398 4590 suis
3442 4551 3558 4602 qua
3593 4535 3734 4605 [etin

2156 4633 2424 4697 Substitit,
2439 4633 2632 4707 inquit,
2649 4640 2701 4686 et
2719 4631 2948 4687 cessavit
2976 4644 3012 4683 a
3031 4629 3322 4685 formandis
3348 4627 3735 4699 producendis-

2156 4741 2261 4797 que
2284 4741 2351 4782 es
2382 4723 2548 4778 nihilo
2573 4723 2753 4778 rebus.
2771 4721 2958 4778 Omnia
2980 4721 3122 4776 enim
3147 4732 3498 4791 qumcumque
3519 4726 3739 4789 oporte-

2159 4817 2250 4872 bat
2276 4813 2622 4886 produxerat,
2653 4821 2709 4868 et
2725 4827 2846 4867 eum
2870 4810 2962 4882 qui
2992 4809 3075 4866 bis
3112 4809 3371 4865 fruiturus
3399 4818 3513 4864 erat
3540 4809 3736 4864 forma-

2158 4919 2327 4966 verat.
2359 4909 2412 4964 5.
2439 4906 2504 4962 Et
2524 4905 2798 4972 benedixit,
2839 4904 3027 4975 inquit,
3061 4903 3194 4958 Deus
3216 4903 3348 4957 diem
3371 4903 3663 4974 septimum,
3689 4911 3739 4957 et

2160 5000 2486 5071 sanctiﬁeoeit
2529 4999 2697 5063 illum,
2739 4998 2857 5069 quia
2897 4997 2950 5050 in
2995 4996 3086 5051 illo
3131 4995 3370 5067 requievit
3406 4995 3471 5048 ab
3506 4995 3740 5048 omnibus

2161 5091 2392 5162 operibus
2419 5091 2523 5144 suis
2545 5103 2658 5160 qua!
2683 5095 2898 5157 ceperat
2925 5085 3062 5140 Deus
3091 5085 3276 5154 facere.
3297 5082 3428 5139 Nam
3459 5092 3737 5154 postquam

2162 5183 2396 5238 substitit
2421 5180 2632 5253 Opifex,
2662 5187 2718 5234 et
2741 5179 2918 5233 omnia
2947 5191 3297 5247 quaecumque
3326 5175 3517 5239 voluit,
3545 5190 3744 5231 secun-

2161 5273 2287 5329 dum
2331 5271 2708 5341 benignitatem
2756 5281 2908 5323 suam
2947 5281 3045 5322 suo
3072 5275 3340 5337 praecepto
3385 5254 3644 5336 produxit
3685 5265 3741 5320 ln

2162 5367 2423 5433 medium,
2451 5375 2578 5420 tunc
2611 5361 2774 5418 tinem
2803 5359 3093 5415 lortnandi‘
3124 5358 3249 5415 fecit
3272 5357 3360 5415 die
3399 5365 3586 5422 sexto;
3615 5371 3738 5412 cum

2163 5459 2293 5514 nihil
2334 5456 2479 5513 aliud
2522 5455 2612 5512 die
2651 5453 2880 5525 septimo
2918 5450 3214 5523 producere
3255 5450 3442 5514 vellet,
3486 5464 3556 5504 eo
3595 5447 3740 5521 quod

2163 5551 2364 5617 omnia,
2393 5565 2512 5622 qua
2537 5549 2716 5605 facere
2737 5545 2997 5613 voluerat,
3015 5545 3126 5616 jam
3165 5543 3407 5618 perlecta
3435 5552 3654 5600 essent:
3683 5551 3743 5598 ut

2165 5643 2386 5701 haberet
2419 5641 2579 5699 etiam
2605 5639 2722 5696 dies
2756 5639 2847 5693 ille
2876 5636 3276 5709 praerogativam
3306 5635 3562 5707 aliquam,
3590 5642 3648 5689 et
3672 5647 3742 5690 ne

2228 5779 2246 5810 ι
2277 5773 2467 5826 coislin.
2495 5788 2508 5822 :
2535 5781 2764 5833 ortonam
2933 5767 3108 5829 Ooifea:
3125 5774 3215 5829 est,
3237 5763 3538 5820 stem...
3562 5761 3615 5816 in
3647 5774 3744 5815 nte-

2169 5840 2323 5902 diunt.
2341 5835 2485 5904 ﬁnem
2505 5829 2651 5888 etiam
2669 5829 2930 5898 [ot-own
2955 5838 3053 5882 etc.
