4102 6566
352 495 420 550 89
1055 488 1113 545 S.
1145 484 1427 545 JOANNIS
1463 475 1947 542 CHRYSOSTOMI
1980 475 2301 534 ARCHIEP.
2337 471 2888 535 CONSTANTINOP.
3699 468 3770 530 σο

347 605 580 681 [801616
617 606 676 660 1‘6
702 606 866 677 μηδὲν
917 607 974 660 ἐν
1017 605 1152 675 αὐτῇ
1196 599 1710 672 δεδημιουργῆσθαι,
1751 594 1999 663 εὐλογίας

345 697 511 769 αὐτὴν
540 693 696 758 ἀξιοῖ.
728 694 836 747 Καὶ
875 692 1193 760 εὐλόγησεν,
1227 690 1412 759 φησὶν,
1465 693 1498 743 ό
1535 689 1676 753 Θεὸς
1712 685 1841 769 τὴνῌ
1868 681 1982 751 iud

339 766 477 850 ραν*
503 780 615 849 τὴν
650 781 925 849 ἑϐδόμην,
973 780 1070 833 καὶ
1121 779 1378 848 ἡγίασεν
1431 777 1643 842 αὑτήν.
1694 773 1758 826 Τί
1784 766 1912 836 οὖν;
1945 769 2000 822 αί

343 869 526 923 λοιπαὶ
558 869 656 922 οὑκ
692 863 831 937 ἦσαν
873 867 1267 936 εὑλογημέναι;
1312 864 1442 926 Ναὶ,
1476 863 1657 933 φησὶν,
1699 859 1812 914 ἀλλ’
1843 859 2002 929 ῆρκει

343 955 580 1016 ἐκείναις
613 955 733 1006 ἀντὶ
783 954 960 1022 πάσης
1007 952 1254 1020 εὐλογίας
1282 951 1342 1004 16
1369 949 1490 1003 καθ’
1537 949 1770 1016 ἑκάστην
1822 943 2001 997 αὑτῶν

343 1041 410 1091 16
454 1040 904 1111 δημιουργήματα
949 1037 1294 1108 παραχθῆναι
1327 1054 1340 1066 ·
1375 1035 1455 1089 616
1503 1034 1590 1088 ἐπ’
1633 1032 1857 1085 ἐκείνων
1904 1031 2002 1101 μὲν

343 1127 442 1179 οὑκ
471 1123 636 1186 εἶπεν,
659 1127 1034 1194 Εὺλόγησεν,
1059 1126 1151 1177 ἐπὶ
1175 1125 1231 1177 δὲ
1275 1123 1374 1192 τῆς
1396 1121 1625 1194 ἑϐδόμης
1657 1119 1821 1189 μόνης
1846 1118 2002 1199 τοῦτο

343 1210 511 1264 εἰπὼν
544 1211 875 1282 προσέθηκε,
905 1211 1012 1265 Καὶ
1053 1209 1307 1278 ἡγίασεν
1357 1206 1566 1274 αὑτήν.
1605 1205 1671 1259 Τί
1719 1207 1856 1270 ἐστι,
1890 1201 2001 1257 Καὶ

342 1300 595 1368 ἡγίασεν
643 1298 874 1364 αὑτήν;
935 1295 1229 1367 Ἀφὼρισεν
1278 1296 1464 1365 αὑτήν.
1513 1288 1646 1346 Εἶτα
1682 1292 2002 1345 διδάσκουσα

342 1387 485 1455 ἡμᾶς
511 1388 544 1456 ή
572 1384 701 1438 -θεία
727 1383 915 1455 Γραφὴ
951 1385 1041 1436 καὶ
1069 1384 1169 1452 τὴν
1201 1385 1377 1436 αἰτίαν
1407 1382 1472 1435 δι’
1515 1382 1581 1453 ῆν
1628 1382 1866 1452 εἴρηκεν,
1891 1379 2000 1433 Καὶ

341 1472 593 1539 ἡγίασεν
631 1469 842 1538 αὐτὴν,
880 1467 1236 1540 προσέθηκεν,
1269 1469 1388 1521 ’Ότι
1414 1468 1485 1521 ἐν
1519 1466 1673 1535 αὐτῇ
1705 1469 2001 1520 κατέπαυ-

343 1573 455 1610 σεν
492 1556 609 1610 ἀπὸ
662 1555 901 1610 πάντων
947 1554 1064 1609 τῶν
1117 1554 1303 1624 ἔργων
1355 1554 1538 1608 αὐτοῦ
1584 1547 1671 1607 ὧν
1720 1553 1942 1621 ἤρξατο
1969 1556 2003 1607 ὁ

346 1645 493 1707 Θεὸς
516 1641 782 1710 ποιῆσαι.
818 1640 957 1709 Ἤδη
989 1640 1232 1693 ἐντεῦθεν
1263 1643 1326 1693 ἐκ
1348 1639 1648 1712 προοιμίων
1669 1641 2000 1709 αἰνιγματω-

339 1729 443 1793 δῶς
477 1729 817 1783 διδασκαλίαν
853 1730 980 1798 ἡμῖν
1009 1731 1037 1780 6
1065 1726 1196 1789 Θεὸς
1247 1729 1565 1797 παρέχεται,
1601 1726 1868 1790 παιδεύων
1901 1727 1996 1796 τὴν

343 1817 470 1885 μίαν
499 1817 708 1887 ἡμέραν
740 1817 797 1867 ἐν
833 1814 912 1883 τῷ
939 1814 1122 1883 κύκλῳ
1154 1814 1250 1884 τῆς
1290 1814 1580 1882 ἑϐδομάδος
1622 1813 1838 1867 ἃπασαν
1866 1816 1998 1867 ἀνα-

335 1901 542 1954 τιθέναι
593 1902 680 1953 καὶ
728 1899 1002 1970 ἀφορίζειν
1047 1903 1112 1970 τῇ
1157 1901 1262 1952 τῶν
1316 1900 1698 1971 πνευματικῶν
1745 1901 1996 1970 ἐργασίᾳ.

337 1987 435 2039 Διά
464 1987 568 2055 γὰρ
601 1985 757 2038 τοῦτο
790 1988 882 2038 καὶ
922 1988 949 2038 6
992 1986 1276 2056 Δεσπότης
1325 2000 1380 2038 εν
1425 1987 1482 2051 ἒξ
1525 1988 1758 2058 ἡμέραις
1806 1987 1872 2039 τά
1901 1985 2000 2054 τῆς

335 2073 690 2144 δημιουργίας
739 2074 952 2126 ἅπαντα
993 2072 1306 2143 πληρώσας,
1342 2075 1440 2143 τὴν
1485 2073 1714 2144 ἐϐδόμην
1746 2073 1994 2140 εὐλογίας

337 2161 574 2226 ἀξιώσας
611 2162 824 2233 ήγίασε,
871 2161 957 2214 διὰ
985 2163 1046 2214 τὸ
1091 2164 1146 2214 ἐν
1190 2164 1324 2233 αὑτῇ
1382 2163 1728 2216 καταπαῦσαι
1755 2163 1862 2215 ἀπὸ
1891 2164 1998 2216 τῶν

336 2247 510 2317 ἔργων
534 2248 694 2300 αὑτοῦ
725 2241 797 2299 ὧν
823 2246 1022 2316 ῆρξατο
1052 2248 1292 2316 ποιῆσαι.
1329 2247 1467 2299 Ἀλλ’
1487 2248 1736 2301 ἐντεῦθεν
1770 2261 1796 2288 ι
1832 2249 1995 2302 πάλιν

335 2337 442 2404 ὁρῶ
483 2335 712 2402 πέλαγος
739 2334 933 2403 ἀχανὲς
985 2334 1270 2404 νοημάτων
1331 2336 1463 2404 ἡμῖν
1509 2335 1824 2404 τικτόμενον
1848 2376 1862 2399 ,
1902 2337 1996 2388 καὶ

337 2419 590 2488 βούλομαι
643 2421 714 2489 μὴ
742 2421 927 2481 ἁπλῶς
967 2421 1095 2473 αὑτὸ
1131 2421 1528 2490 παραδραμεῖν,
1561 2420 1696 2473 ἀλλά
1729 2423 1821 2473 καὶ
1852 2422 1996 2490 ὑμᾶς

334 2509 618 2568 κοινωνοὺς
646 2506 829 2558 λαϐεῖν
864 2507 964 2575 τῆς
1010 2507 1276 2577 ἐμπορίας
1321 2507 1520 2577 ταύτης
1563 2507 1660 2575 τῆς
1691 2523 1994 2576 πνευματι-

334 2591 456 2661 κῆς.
495 2592 557 2642 Τί
582 2589 671 2644 οὖν
700 2595 816 2644 ἐστι
845 2591 905 2644 16
939 2592 1185 2645 ἐντεῦθεν
1217 2593 1529 2646 ἀνακύπτον
1579 2595 1709 2662 ἡμῖν
1743 2592 1992 2664 ζήτημα;

333 2681 444 2748 Τῆς
474 2680 620 2743 Θείας
644 2680 866 2750 Γραφῆς
906 2680 1136 2735 ἐνταῦθα
1159 2679 1442 2751 λεγούσης,
1473 2683 1552 2734 ὅτι
1583 2682 1927 2734 κατέπαυσεν
1966 2684 1994 2735 6

331 2767 462 2829 Θεὸς
520 2767 626 2819 ἀπὸ
664 2767 770 2820 τῶν
832 2767 1006 2835 ἔργων
1054 2767 1252 2832 αὑτοῦ,
1309 2770 1363 2821 ἐν
1420 2772 1532 2831 τοῖς
1576 2768 1932 2837 Εὑαγγελίοις
1965 2774 1992 2823 6

330 2853 561 2922 Χριστός
613 2870 795 2922 φησιν,
866 2853 926 2905 ’0
956 2854 1155 2921 Πατήρ
1205 2872 1326 2922 μου
1374 2855 1482 2919 ἕως
1521 2855 1647 2921 ἄρτι
1677 2852 1991 2924 ἐργάζεται,

330 2937 491 3006 κάγὼ
528 2938 854 3005 ἐργάζομαι.
879 2939 952 2989 υὺ
988 2939 1134 2991 δοκεῖ
1153 2940 1214 2990 ἐκ
1245 2939 1340 3008 τῆς
1374 2941 1648 3010 προφορᾶς
1671 2939 1778 2991 τῶν
1815 2942 1994 3011 ῥημά-

327 3041 436 3076 των
473 3026 788 3088 ἐναντίωσίς
824 3043 905 3088 τις
930 3022 1068 3078 εἶναι
1096 3027 1151 3078 ἐν
1182 3029 1292 3087 τοῖς
1326 3026 1668 3095 λεγομένοις;
1723 3027 1880 3080 Ἀλλά
1917 3029 1990 3100 μὴ

330 3110 538 3177 γένοιτο
557 3128 570 3141 ⁸
599 3111 746 3164 οὐδὲν
785 3113 892 3182 γάρ
917 3112 1154 3165 ἐναντίον
1181 3112 1288 3165 τῶν
1311 3114 1366 3164 ἐν
1391 3117 1456 3184 τῇ
1505 3114 1623 3186 θείᾳ
1652 3115 1837 3186 Γραφῇ
1875 3133 1988 3168 κει-

334 3199 532 3269 μένων.
575 3199 841 3253 Ἐνταῦθα
876 3200 984 3269 γὰρ
1022 3199 1250 3255 είποῦσα
1290 3202 1321 3269 ή
1354 3201 1564 3270 Γραφὴ,
1602 3203 1682 3254 ὅτι
1718 3203 1993 3255 κατέπαυ-

331 3301 423 3338 σεν
463 3289 490 3339 6
529 3287 657 3349 Θεὸς
692 3286 800 3340 ἀπὸ
841 3286 948 3338 τῶν
994 3284 1169 3354 ἐργων
1198 3287 1224 3324 δ
1263 3286 1448 3350 αὑτοῦ,
1473 3288 1710 3342 διδάσκει
1738 3291 1882 3360 ἡμᾶς
1911 3291 1991 3343 ὃτι

325 3372 421 3426 τοῦ
452 3374 797 3444 δημιουργεῖν
829 3374 921 3426 καὶ
957 3373 1062 3426 ἀπὸ
1090 3373 1180 3425 τοῦ
1207 3374 1279 3443 μὴ
1308 3374 1458 3436 ὄντος
1489 3378 1566 3439 είς
1594 3377 1652 3428 τὸ
1679 3373 1814 3428 εἶναι
1848 3395 1990 3448 παρ-

328 3459 481 3528 άγειν
522 3460 796 3514 ἐπαύσατο
841 3460 981 3512 κατά
1035 3459 1128 3529 τὴν
1160 3459 1389 3529 έϐδόμην
1421 3461 1631 3532 ἡμέραν
1652 3478 1674 3492 ’-
1706 3465 1733 3514 6
1771 3463 1825 3514 δέ
1857 3462 1990 3533 Χρι-

328 3548 450 3612 στὸς
479 3548 671 3616 λέγων,
715 3548 794 3599 ὅτι
836 3545 899 3598 '0
950 3545 1150 3613 Πατήρ
1186 3563 1305 3614 μου
1349 3545 1457 3611 ἕως
1504 3548 1633 3614 ἄρτι
1671 3549 1987 3617 ἐργάζεται,

511 3631 832 3702 ἐργάζομαι,
869 3631 965 3702 τὴν
989 3632 1208 3702 διηνεκῆ
1241 3632 1404 3684 αὑτοῦ
1449 3635 1702 3704 πρόνοιαν
1735 3638 1864 3705 ἡμῖν
1888 3654 1990 3689 πα-

329 3721 567 3791 ραδηλοῖ,
599 3721 689 3772 καὶ
715 3719 978 3788 ἐργασίαν
1007 3719 1154 3785 λέγει
1197 3719 1256 3770 τὸ
1305 3719 1612 3790 διακρατεῖν
1646 3721 1712 3774 16
1759 3739 1988 3795 γεγενη-

330 3806 485 3874 μένα,
506 3805 599 3858 καὶ
630 3805 725 3875 τὴν
758 3803 1014 3873 διαμονὴν
1031 3804 1213 3865 αὑτοῖς
1234 3814 1255 3841 ε
1283 3804 1619 3873 χαρίζεσθαι,
1639 3808 1731 3858 καὶ
1755 3809 1987 3877 ἡνιοχεῖν

326 3892 415 3945 16v
437 3891 723 3960 σύμπαντα
746 3890 1029 3960 χρόνον.Εί
1059 3889 1164 3961 γὰρ
1197 3890 1270 3960 μὴ
1291 3890 1446 3942 τοῦτο
1469 3886 1535 3962 ἦν
1558 3931 1573 3955 ,
1606 3892 1720 3956 πῶς
1759 3893 1824 3946 6v
1861 3913 1986 3949 συν-

325 3978 454 4048 έστη
482 3978 596 4030 τόδε
630 3978 689 4028 16
711 3979 839 4040 πᾶν,
867 3977 941 4046 μὴ
966 3977 1062 4046 τῆς
1081 3963 1285 4029 ἀνωθεν
1317 3979 1496 4047 χειρὸς
1523 3979 1870 4051 κυϐερνώσης
1897 3983 1988 4034 καὶ¹

323 4065 628 4135 διοικούσης
657 4066 748 4117 καὶ
773 4065 840 4116 τὰ
863 4062 1112 4134 ὁρώμενα
1133 4065 1341 4117 ἅπαντα
1364 4067 1456 4117 καὶ
1478 4067 1537 4118 τὸ
1559 4067 1665 4120 τῶν
1687 4068 1987 4137 ἀνθρώπων

323 4151 478 4218 γένος
498 4167 514 4216 ;
538 4153 646 4203 Καὶ
676 4152 767 4204 ἐάν
794 4167 877 4212 τις
911 4149 1142 4220 βουληθῇ
1185 4150 1324 4218 μετά
1352 4150 1551 4221 πολλῆς
1574 4153 1670 4222 τῆς
1706 4153 1985 4223 εὐγνωμο-

325 4239 389 4291 σύ
405 4256 490 4308 δης
526 4239 736 4292 ἃπαντα
773 4239 890 4289 κατ’
922 4232 1059 4299 εἶδος
1110 4236 1439 4288 ἐποπτεῦσαι
1499 4238 1567 4288 16
1596 4236 1715 4289 καθ’
1747 4240 1984 4312 ἑκάστην

322 4325 535 4396 ημέραν
568 4325 651 4377 ἐπ’
693 4323 978 4395 εὐεργεσίᾳ
1025 4323 1265 4394 ἡμετέρᾳ
1321 4323 1425 4375 ὑπὸ
1458 4321 1550 4374 τοῦ
1587 4324 1694 4375 τῶν
1729 4325 1983 4381 ἀπάντων

321 4411 652 4484 δημιουργοῦ
700 4411 1122 4481 ἐπιτελούμενα,
1162 4411 1395 4464 ἄϐυσσον
1427 4412 1647 4482 εὑρήσει
1689 4413 1987 4484 φιλανθρω-

322 4501 470 4564 πίας.
504 4502 659 4563 ﬂcio;
690 4500 798 4570 γὰρ
828 4498 1104 4569 λογισμὸς,
1131 4498 1162 4568 ἢ
1197 4497 1323 4550 ποία
1353 4496 1556 4551 διάνοια
1579 4499 1860 4566 ἐφικέσθαι
1892 4501 1980 4554 δυ-

317 4592 542 4661 νήσεται
568 4588 667 4658 τῆς
691 4589 896 4656 ἀφάτου
919 4585 1269 4655 ἀγαθότητος,
1303 4586 1369 4656 ἣν
1393 4585 1522 4654 περὶ
1545 4585 1605 4637 16
1628 4585 1735 4638 τῶν
1766 4586 1863 4640 ἀνθ
1873 4588 1978 4658 ρώ-

319 4697 436 4732 πων
475 4677 627 4746 γένος
665 4675 1017 4739 ἐνδείκνυται,
1048 4673 1345 4728 ἀνατέλλων
1380 4673 1469 4726 τὸν
1495 4674 1642 4744 ἥλιον
1685 4675 1776 4727 ἐπὶ⁵
1817 4693 1980 4748 πονη-

320 4768 446 4836 ροὺς
472 4766 563 4818 καὶ
591 4763 845 4831 ἀγαθοὺς,
883 4762 976 4814 καὶ
1000 4761 1206 4830 βρέχων
1235 4761 1327 4811 ἐπὶ
1360 4760 1596 4822 δικαίους
1620 4761 1711 4812 καὶ
1741 4761 1974 4829 ἀδίκους,

319 4854 412 4907 καί
439 4855 617 4906 πᾶσαν
645 4853 744 4922 τὴν
775 4850 940 4918 ἀλλην
972 4848 1230 4917 ἀφθονίαν
1263 4846 1545 4917 χορηγῶνς
1595 4847 1746 4917 Τάχα
1786 4867 1978 4918 περαι-

317 4941 459 5012 τέρω
477 4939 569 4991 τοῦ
589 4939 795 5000 δέοντος
822 4937 911 4990 16v
941 4936 1093 5004 λόγον
1118 4935 1481 5003 ἐξετείναμεν,
1517 4934 1614 5002 οὑχ
1642 4934 1828 4997 ἀπλῶς
1858 4936 1976 4989 οὑδὲ

317 5025 441 5094 εἰκῆ
489 5024 643 5077 τοῦτο
697 5027 1039 5094 ποιήσαντες,
1075 5022 1187 5076 ἀλλ’
1228 5021 1313 5074 ἵνα
1360 5022 1428 5074 δι’
1454 5021 1606 5090 ὑμῶν
1653 5021 1895 5090 μάθωσιν
1927 5025 1976 5075 οί

316 5111 750 5180 ἀπολειφθέντες,
786 5111 907 5164 ὅσον
937 5109 1158 5171 ἑαυτοὺς
1188 5108 1520 5179 ἐζημίωσαν,
1545 5106 1632 5161 διὰ
1664 5107 1762 5177 τὴν
1786 5123 1975 5177 σωμα-

313 5199 468 5269 τικὴν
488 5199 692 5271 τροφὴν
721 5197 1191 5266 ἀποστερήσαντες
1215 5195 1436 5257 ἑαυτοὺς
1472 5197 1569 5265 τῆς
1602 5198 1975 5266 πνευματικῆς

315 5285 431 5357 [Si]
464 5285 828 5346 διδασκαλίας.
877 5282 1016 5336 Ἀλλ’
1059 5283 1144 5335 ἵνα
1191 5282 1264 5352 μὴ
1311 5283 1644 5350 ἐπιτείνηται
1677 5283 1859 5344 αὑτοῖς
1909 5284 1973 5337 τά

311 5375 410 5442 τῆς
435 5373 668 5443 ἀθυμίας
693 5371 743 5434 ἀ,
778 5371 875 5441 τὴν
906 5370 1196 5440 ἀδελφικὴν
1240 5371 1368 5440 περὶ
1413 5362 1594 5431 αὑτοῖς
1636 5369 1970 5433 ἐπιδείξασθε

313 5461 543 5524 εῦνοιαν,
582 5459 988 5522 διαϐιϐάσαντες
1016 5459 1197 5521 αὑτοῖς
1234 5458 1303 5511 16
1335 5457 1464 5528 παρ’
1493 5455 1650 5527 ήμῶν
1681 5458 1964 5528 είρημένα’

310 5546 470 5600 τοῦτο
501 5548 608 5616 γὰρ
648 5547 873 5616 γνησίας
900 5546 1118 5617 ἀγάπης
1148 5552 1464 5617 τεκμήριον.
1502 5547 1561 5597 Εἰ
1593 5545 1700 5615 γὰρ
1739 5546 1830 5597 ἐπὶ
1861 5547 1969 5598 τῶν

308 5634 581 5704 αἰσθητῶν
609 5634 912 5705 ἐδεσμάτων
943 5635 992 5687 οἱ
1019 5632 1174 5687 τοῦτο
1191 5635 1490 5699 ποιοῦντες,
1526 5635 1620 5684 καὶ
1646 5632 1713 5685 τὰ
1741 5632 1969 5711 ἀπὸτῆς

421 5818 769 5882 "malummﬁs.
799 5817 1007 5882 ἐνταῦθα.
1037 5818 1143 5866 Mox
1186 5815 1385 5882 Coi§lin.
1416 5815 1527 5874 ἡμῖν
1545 5812 1858 5882 ἀνοιγόμενον.

511 5892 617 5924 mn.
641 5879 735 5925 ἀπὸ
756 5881 940 5926 πάντων
962 5883 1054 5926 τῶν
1079 5882 1240 5941 ἔργων.
1278 5881 1558 5941 Ρειιιο-ιιυδι
1585 5875 1747 5941 ξίιξίι.Δ
1767 5882 1835 5941 μοι.
1876 5889 1959 5923 sev

533 5942 586 5986 τοι
604 5941 688 5996 τήν
713 5942 851 5995 ἕκτην
872 5943 1062 6002 ἡμέραν.
1095 5937 1261 6002 Μυιίεί.
1291 5945 1342 5985 el
1381 5937 1606 6002 aliifaﬁtc'z
1625 5937 1952 6002 Tﬁv_éc‘366gmv.

559 6014 680 6046 unus
700 5998 1100 6064 ’ὁιαμο-νὴναὺτόν,
1123 6000 1318 6054 Cuislin.
1344 6005 1394 6048 el
1433 5998 1513 6047 aiii
1538 5998 1758 6056 διαμονήν
1783 5998 1952 6048 αὐτῶν.

531 6099 538 6106 .
569 6076 690 6112 unus
713 6070 793 6119 τῆς
813 6063 1012 6125 ἀτιμίας.

2102 593 2379 664 τραπέζης
2411 595 2524 656 τοῖς
2554 593 2733 646 αὐτῶν
2764 593 3057 665 γνωρίμοις
3103 586 3574 662 διαφυλάττοντες,
3616 588 3772 660 μέγι-

2106 688 2225 724 στον
2267 672 2484 742 ἀγάπης
2516 674 2814 743 τεκμήριον
2849 672 3163 743 ἐκφέρουσι,
3213 670 3393 742 πολλῷ
3445 668 3644 740 μᾶλλον
3675 667 3769 721 ἐπὶ

2099 750 2209 802 τῶν
2243 751 2627 820 πνευματικῶν
2665 750 2822 803 τοῦτο
2855 751 3136 821 γινόμενον
3172 749 3336 802 πολὺν
3370 749 3502 820 ήμῖν
3545 745 3771 816 παρέξει

2101 828 2191 880 16v
2222 827 2458 881 ἔπαινον
2492 828 2652 882 πάλιν
2679 828 2786 898 γὰρ
2819 830 2898 891 είς
2930 831 3076 899 ἡμᾶς
3112 827 3181 881 16
3207 831 3303 899 τῆς
3327 824 3593 895 ὠφελείας
3613 841 3773 894 περι·-

2104 909 2384 978 στήσεται.
2425 909 2481 960 Ὀ
2511 907 2614 978 γάρ
2645 906 2738 959 τὸν
2772 906 2996 976 πλησίον
3034 907 3305 960 διδάσκειν
3336 903 3671 966 σπουδάζων,
3706 900 3768 953 οὑ

2101 986 2351 1040 τοσοῦτον
2385 988 2586 1039 ἐκεῖνον
2624 986 2918 1056 εὐεργετεῖ,
2958 985 3079 1037 ὅσον
3111 985 3290 1055 ἐαυτῷ
3328 981 3548 1054 μείζονα
3576 979 3772 1050 1:905;-

2102 1068 2183 1118 νεῖ
2201 1066 2292 1119 τὸν
2328 1067 2536 1136 μισθὸν,
2573 1063 2904 1118 καὶδιπλοῦν
2926 1065 3231 1134 καρποῦται
3256 1065 3316 1118 16
3347 1062 3558 1132 κέρδος,
3587 1060 3686 1128 τῆς
3708 1074 3770 1136 τε

2103 1145 2254 1215 παρὰ
2275 1135 2365 1197 τοῦ
2396 1144 2530 1197 Θεοῦ
2553 1144 2784 1214 ἀμοιϐῆς
2807 1141 3052 1206 πλείονοξ
3072 1141 3377 1205 ἀπολαύων,
3406 1141 3502 1194 καὶ⁵
3525 1137 3684 1200 6616;
3700 1135 3769 1189 δι’

2102 1217 2176 1276 ὧν
2225 1223 2314 1276 τὸν
2369 1222 2592 1290 ἀδελφὸν
2649 1221 2917 1274 διδάσκειν
2978 1223 3261 1292 ἐπιχειρεῖ,
3323 1220 3404 1283 είς
3465 1219 3772 1289 ὑπόμνησιν

2103 1301 2412 1372 ἐρχόμενος,
2441 1301 2532 1354 καὶ
2554 1299 2790 1354 ἀνανεῶν
2817 1301 2946 1370 παρ’
2979 1298 3157 1370 ἐαυτῷ
3181 1299 3277 1371 τὴν
3309 1299 3530 1370 μνήμην
3559 1296 3664 1350 τῶν
3693 1295 3776 1347 εί-

2105 1396 2172 1450 ρη
2181 1380 2377 1448 μένων.

2171 1460 2241 1530 η’.
2262 1459 2334 1512 T6
2355 1457 2545 1529 κέρδος
2567 1458 2745 1511 τοίνυν
2765 1456 3070 1521 ἐννοοῦντες
3097 1459 3156 1511 16
3173 1460 3202 1511 ὑ
3211 1459 3460 1528 μέτερον,
3483 1458 3557 1528 μὴ
3575 1454 3776 1526 φθονή-

2103 1555 2231 1609 σητε
2252 1542 2361 1602 τοῖς
2388 1537 2634 1608 ἀδελφοῖς
2663 1541 2772 1600 τοῖς
2793 1539 3096 1608 ὑμετέροις,
3124 1538 3260 1592 ἀλλὰ
3289 1537 3384 1590 νῦν
3412 1538 3511 1608 μὲν
3538 1538 3608 1591 16
3639 1536 3771 1606 παρ’

2099 1621 2133 1689 ή
2142 1619 2256 1688 μῶν
2284 1619 2549 1688 λεγόμενα
2584 1617 2712 1688 παρ’
2736 1617 2888 1688 ὑμῶν
2923 1617 3358 1687 μανθανέτωσαν.
3388 1618 3504 1670 Ἰνα
3525 1615 3583 1669 δέ
3615 1613 3688 1685 μὴ
3713 1615 3773 1665 ἐν

2101 1697 2319 1767 χάριτος
2359 1697 2517 1768 μέρει
2557 1696 2684 1766 παρ’
2716 1694 2867 1765 ὑμῶν
2911 1694 3143 1764 μέλλωσι
3195 1693 3366 1748 ταῦτα
3403 1691 3770 1754 διδάσκεσθαι,

2099 1776 2283 1828 ἐλκετε
2305 1776 2505 1838 αὑτοὺς
2525 1774 2662 1845 πρὸς
2688 1775 2720 1843 ἡ
2729 1775 2855 1843 μᾶς,
2878 1773 3153 1836 πείθοντες
3171 1773 3246 1836 ὡς
3270 1773 3387 1826 οὑδέ
3397 1790 3525 1826 ποτε
3547 1772 3772 1840 κώλυμα

2099 1855 2307 1924 γίνεται
2349 1856 2484 1926 πρὸς
2531 1854 2630 1925 τὴν
2665 1853 3014 1907 διδασκαλίαν
3046 1854 3144 1925 τὴν
3186 1853 3564 1924 πνευματικὴν
3607 1853 3774 1922 ήτῆς

2097 1936 2303 2006 τροφῆς
2328 1936 2426 2005 τῆς
2457 1934 2771 2006 σωματικῆς
2804 1935 3122 2004 μετάληψις·
3155 1933 3293 1986 ἀλλά
3318 1933 3400 1986 δεῖ
3437 1932 3612 1985 πάντα
3647 1949 3771 1995 και-

2101 2015 2190 2085 ρὸν
2219 2015 2518 2085 ἐπιτήδειον
2551 2013 2802 2084 ἡγεῖσθαι
2830 2013 2963 2083 πρὸς
2990 2012 3087 2084 τὴν
3128 2012 3237 2064 τῶν
3267 2010 3655 2082 πνευματικῶν
3684 2008 3773 2060 λό-

2098 2115 2209 2165 γων
2230 2096 2482 2161 διάλεξιν.
2510 2097 2604 2147 ’Ἂν
2633 2095 2804 2148 ταῦτα
2834 2097 2969 2165 μετὰ
2993 2094 3275 2167 ἀκριϐείας
3298 2095 3525 2164 ἴδωμεν,
3546 2093 3773 2162 δυνησό-

2103 2175 2240 2244 μεθα
2264 2177 2358 2228 καὶ
2385 2175 2476 2228 ἐπὶ
2507 2175 2683 2236 οἰκίας
2723 2175 3118 2246 διατρίϐοντες,
3152 2175 3245 2228 καὶ
3285 2172 3427 2245 μετά
3461 2174 3560 2242 τὴν
3590 2172 3775 2226 ἑστία-

2100 2269 2202 2318 σιν,
2239 2256 2333 2306 καὶ
2379 2253 2486 2323 πρὸ
2524 2253 2622 2322 τῆς
2667 2255 2961 2316 ἑστιάσεως
3004 2254 3142 2323 μετά
3181 2256 3369 2323 χεῖρας
3411 2252 3666 2312 λαϐόντες
3700 2248 3772 2303 16

2097 2333 2211 2383 θεῖα
2241 2331 2417 2401 βιϐλία
2449 2330 2546 2400 τὴν
2573 2331 2632 2395 ἐξ
2653 2331 2830 2383 αὑτῶν
2863 2330 3203 2402 καρποῦσθαι
3236 2330 3528 2399 ὠφέλειαν,
3557 2329 3651 2382 καὶ
3669 2328 3770 2399 τὴν

2096 2410 2471 2481 πνευματικὴν
2504 2409 2706 2482 τροφὴν
2746 2413 2812 2480 τῇ
2836 2409 2979 2480 ψυχῇ
3016 2410 3295 2481 παρέχειν.
3321 2410 3534 2478 Ὠσπερ
3567 2408 3675 2477 γὰρ
3706 2407 3770 2459 τὸ

2098 2489 2256 2559 σῶμα
2312 2489 2480 2542 δεῖται
2523 2489 2621 2558 τῆς
2663 2489 2926 2558 αἰσθητῆς
2964 2490 3190 2559 τροφῆς,
3230 2487 3372 2541 οὕτω
3413 2489 3506 2542 καὶ
3549 2491 3580 2557 ἡ
3620 2485 3768 2556 ψυχὴ

2097 2567 2285 2640 χρῄζει
2324 2566 2702 2638 καθημερινῆς
2744 2568 3122 2638 ὑπομνήσεως,
3161 2567 3254 2620 καὶ
3282 2567 3490 2636 τροφῆς
3523 2583 3771 2636 πνευμα-

2093 2652 2270 2718 τικῆς,
2295 2648 2381 2700 ἴνα
2406 2647 2737 2717 νευρουμένη
2763 2646 3005 2716 ἀντέχειν
3033 2647 3254 2717 δύνηται
3283 2647 3419 2718 πρὸς
3447 2646 3542 2709 τάς
3573 2647 3768 2700 ἐπανα-

2097 2727 2314 2790 στάσεις
2357 2725 2456 2794 τῆς
2492 2726 2715 2795 σαρκὸς,
2752 2727 2847 2778 καὶ
2893 2725 3029 2796 πρὸς
3067 2727 3157 2779 τὸν
3199 2726 3419 2796 διηνεκῆ
3464 2724 3768 2794 πολέμιονο

2094 2805 2186 2857 16v
2214 2805 2561 2874 ἐπικείμενον
2598 2805 2751 2873 ἡμῖν,
2779 2804 2872 2858 καὶ
2899 2804 3242 2873 αἰχμάλωτον
3270 2804 3427 2874 ἡμῶν
3451 2805 3767 2874 ἀπεργαζὼ

2098 2901 2255 2955 μενον
2284 2884 2378 2954 τὴν
2411 2883 2606 2954 ψυχὴν,
2640 2883 2732 2936 ἐὰν
2773 2884 2876 2936 κᾶν
2914 2884 3048 2953 πρὸς
3081 2881 3251 2954 βραχὺ
3284 2882 3600 2955 ρᾳθυμῆσαι
3638 2884 3766 2954 βου-

2093 2964 2365 3034 ληθῶμεν.
2397 2963 2487 3015 A16
2516 2963 2610 3014 καὶ
2652 2964 2680 3015 6
2725 2965 3006 3034 προφήτης
3047 2963 3208 3016 Δαυῒδ
3244 2963 3514 3033 μακάριον
3558 2966 3766 3016 ἐκεῖνον

2093 3044 2317 3096 ἐκάλεσε
2351 3043 2442 3095 τὸν
2479 3044 2537 3094 ἐν
2563 3041 2639 3112 τῷ
2666 3043 2814 3113 νόμῳ
2842 3042 3039 3113 Κυρίου
3082 3043 3390 3114 μελετῶντα
3426 3043 3637 3115 ἡμέρας
3670 3046 3767 3098 καὶ

2092 3125 2303 3187 νυκτός’
2357 3124 2448 3176 καὶ
2480 3124 2507 3174 6
2554 3123 2819 3194 μακάριος
2851 3123 2908 3175 δὲ
2938 3123 3194 3192 Μωῦσῆς,
3237 3122 3511 3176 παιδεύων
3555 3123 3616 3176 τὸ
3655 3123 3766 3177 τῶν

2105 3203 2371 3257 Ἰουδαίων
2421 3201 2591 3265 ἔθνος,
2635 3201 2910 3254 ἐδίδασκεν
2949 3202 3146 3265 αὑτοὺς
3184 3200 3378 3269 λέγων,
3428 3201 3636 3272 Φαγὼν
3660 3203 3764 3256 καὶ

2093 3283 2262 3348 πιὼν,
2315 3282 2411 3335 καὶ
2445 3280 2834 3350 ἐμπλησθεὶς,
2873 3280 3174 3350 μνήσθητι
3211 3283 3434 3350 Kvplov
3477 3282 3580 3337 τοῦ
3613 3285 3765 3338 Θεοῦ

2093 3376 2229 3415 σου.
2278 3362 2442 3433 Ὁρᾷς
2480 3360 2597 3423 πῶς
2627 3360 2722 3414 καὶ
2749 3359 2869 3412 τότε
2911 3360 3146 3429 μάλιστα
3178 3362 3467 3430 προσήκει,
3501 3363 3636 3431 μετά
3663 3363 3764 3432 τὴν

2092 3441 2192 3508 τῆς
2223 3439 2428 3512 τροφῆς
2462 3439 2776 3502 ἀπόλαυσιν,
2807 3438 2906 3504 τὴν
2942 3438 3314 3509 πνευματικὴν
3351 3441 3596 3493 ἑστίασιν
3630 3443 3764 3494 ἑαν-

2093 3524 2202 3582 τοῖς
2234 3517 2610 3587 παρατιθέναι,
2634 3517 2725 3570 ἴνα
2746 3519 2878 3587 μηδέ
2906 3516 3045 3585 μετά
3068 3518 3167 3586 τὴν
3190 3517 3511 3589 πλησμονὴν
3535 3519 3631 3590 τῆς
3650 3538 3762 3573 σω·

2096 3601 2327 3670 ματικῆς
2357 3600 2560 3668 τροφῆς
2597 3597 2990 3669 ρᾳθυμήσαντα
3034 3596 3067 3662 ἡ
3099 3595 3243 3666 ψυχὴ
3282 3599 3363 3659 είς
3391 3597 3610 3669 δλεθρόν
3637 3615 3765 3654 τινα

2091 3678 2300 3749 ἐκπέσῃ
2337 3676 2382 3739 τ,
2431 3678 2524 3729 καὶ
2580 3676 2758 3746 χώραν
2788 3674 2863 3743 δῷ
2903 3676 3022 3737 ταῖς
3058 3673 3151 3726 τοῦ
3186 3674 3433 3728 διαϐόλου
3466 3680 3761 3747 μηχαναῖς,

2092 3757 2268 3809 πάντα
2291 3755 2477 3826 καιρὸν
2498 3751 2881 3824 ἐπιτηροῦντος
2910 3753 3003 3805 καὶ
3029 3751 3353 3822 βουλομένου
3379 3752 3599 3828 κάιρίαν
3627 3758 3763 3827 ἡμῖν

2088 3832 2269 3885 δοῦναι
2303 3832 2399 3903 τὴν
2431 3831 2678 3900 πληγήνς
2714 3832 2825 3883 Καὶ
2857 3831 3017 3884 πάλιν
3048 3832 3104 3883 δὲ
3138 3831 3366 3902 ἑτέρωθι
3393 3834 3576 3903 ἔλεγεν
3602 3836 3631 3887 6
3661 3837 3763 3889 αὐ-

2087 3913 2177 3975 τὸς
2208 3905 2362 3975 οὗτος
2396 3913 2700 3981 προφήτηςο
2725 3909 3135 3979 Κοιταζόμενοι
3180 3911 3280 3964 καὶ
3311 3911 3761 3983 διανιστάμενοι

2084 3992 2489 4060 μνημονεύετε
2523 3992 2744 4056 Κυρίου
2772 3990 2878 4044 τοῦ
2904 3990 3050 4044 Θεοῦ
3074 3989 3257 4059 ὑμῶν.
3292 3986 3449 4053 Εἶδες
3477 3987 3590 4055 πῶς
3615 3993 3763 4047 οὐδέ.

2089 4087 2218 4123 ποτε
2265 4071 2410 4141 ἡμᾶς
2444 4071 2704 4142 προσήκει
2738 4069 2835 4142 τὴν
2868 4069 3088 4140 μνήμην
3124 4069 3328 4139 ταύτην
3377 4063 3626 4124 ἐκϐαλεῖν
3659 4074 3758 4145 τῆς

2032 4141 2035 4144 ’
2086 4147 2284 4218 ψυχῆς,
2338 4147 2450 4200 ἀλλ’
2492 4141 2978 4218 ἐγκεκολαμμένην
3031 4147 3176 4217 ἔχειν
3223 4147 3301 4218 τῷ
3350 4149 3630 4215 συνειδότι,
3661 4141 3757 4205 καὶ

2086 4226 2346 4295 διηνεκῶς
2373 4227 2692 4305 ἐναγωνίους
2716 4221 2874 4305 εἶναι,
2900 4227 2992 4278 καὶ
3025 4226 3292 4305 μηδέποτε
3319 4226 3609 4305 ἀνακωχὴν
3637 4228 3752 4305 [εξ]

2088 4306 2298 4366 ἑαυτοῖς
2331 4305 2607 4373 παρέχειν,
2637 4303 2771 4354 ἀλλά
2798 4305 2897 4372 τὴν
2927 4304 3120 4372 μανίαν
3146 4302 3352 4366 είδότας
3379 4302 3472 4357 τοῦ
3493 4306 3592 4376 τὴν
3615 4302 3754 4380 πρὸς

2087 4384 2234 4455 ἡμᾶς
2287 4382 2485 4452 ἔχθραν
2531 4381 2825 4451 ἀραμένου,
2855 4381 3045 4450 νήφειν
3078 4381 3172 4434 καὶ
3217 4382 3601 4454 ἐγρηγορέναι,
3659 4391 3754 4443 καὶ

2084 4460 2446 4530 ἀποτειχίζειν
2475 4459 2624 4529 αὑτῷ
2666 4460 2763 4522 τάς
2806 4459 3047 4528 ἐφόδους,
3087 4461 3180 4514 καὶ
3211 4461 3480 4530 μηδέποτε
3528 4464 3752 4535 ἀμελεῖν

2082 4540 2285 4610 τροφῆς
2322 4538 2726 4608 πνευματικῆς;
2761 4536 2916 4590 τοῦτο
2937 4539 3044 4609 γὰρ
3074 4539 3229 4609 ήμῶν
3261 4541 3294 4610 ή
3327 4542 3591 4614 σωτηρία,
3623 4543 3750 4599 τοῦ.

2079 4635 2142 4671 το
2190 4620 2220 4671 6
2276 4616 2502 4678 πλοῦτος
2536 4617 2564 4668 ὁ
2609 4617 2996 4686 πνευματικὸς,
3037 4617 3192 4670 τοῦτο
3223 4621 3255 4688 ἡ
3289 4619 3581 4689 ἀσφάλεια.
3623 4623 3751 4678 Ἐὰν

2079 4698 2251 4760 οὕτως
2285 4696 2507 4758 ἑαυτοὺς
2539 4694 2659 4747 καθ’
2693 4696 2927 4764 ἑκάστην
2970 4695 3182 4766 ἡμέραν
3209 4697 3536 4768 τειχίζωμεν
3565 4701 3612 4764 ε,
3653 4706 3750 4756 καὶ

2079 4777 2144 4829 δι’
2176 4776 2549 4843 ἀναγνώσεως,
2575 4774 2668 4826 καὶ
2691 4772 2756 4824 δι’
2785 4773 3117 4841 ἀκροάσεως,
3143 4774 3236 4826 καὶ
3263 4774 3553 4841 διαλέξεως
3581 4797 3748 4834 πνευ-

2085 4857 2340 4925 ματικῆς,
2361 4852 2699 4921 δυνησόμεθα
2726 4853 2817 4905 καὶ
2850 4851 3002 4904 αὑτοὶ
3032 4852 3320 4924 ἀχείρωτοι
3343 4855 3615 4923 γενέσθαι,
3651 4861 3747 4913 καὶ

2079 4935 2171 4987 τοῦ
2211 4934 2445 5006 πονηροῦ
2483 4933 2735 5002 δαίμονος
2771 4932 2950 5003 ἄκυρα
2989 4932 3210 5000 ποιῆσαι
3253 4931 3322 4986 τά
3353 4937 3742 5007 μηχανήματα,

2080 5016 2172 5066 καὶ
2217 5013 2314 5082 τῆς
2358 5012 2465 5063 τῶν
2496 5011 2741 5080 οὑρανῶν
2772 5010 3046 5079 βασιλείας
3090 5013 3386 5082 ἐπιτυχεῖν,
3426 5015 3608 5085 χάριτι
3651 5017 3744 5071 καὶ

2078 5091 2454 5161 φιλανθρωπίᾳ
2486 5090 2576 5143 τοῦ
2609 5091 2810 5160 Κυρίου
2838 5090 2996 5160 ἡμῶν
3042 5090 3212 5160 Ἰησοῦ
3250 5092 3506 5160 Χριστοῦ,
3539 5092 3659 5164 μεθ’
3680 5089 3744 5149 οὗ

2074 5171 2151 5240 τῷ
2180 5170 2372 5239 Πατρὶ,
2404 5171 2518 5239 ἃμα
2549 5169 2624 5238 τῷ
2645 5171 2786 5238 ἁγίῳ
2822 5167 3120 5238 Πνεὺματι,
3151 5167 3297 5234 δόξα,
3334 5169 3551 5240 κράτος,
3583 5175 3739 5245 τιμὴ,

2073 5249 2166 5303 νῦν
2200 5250 2290 5302 καὶ
2317 5249 2423 5312 ἀεὶ,
2460 5249 2552 5299 καὶ
2578 5249 2656 5308 είς
2683 5249 2808 5308 τοὺς
2833 5247 3030 5309 αίῶνας
3052 5245 3158 5300 τῶν
3190 5245 3444 5317 αίὼνων.,
3465 5249 3660 5321 Ἀμήν.

2718 5336 2956 5389 ΟΜΙΛΙΑ
2983 5335 3084 5388 IA'.

2075 5417 2192 5469 Ὅτι
2221 5416 2315 5470 δεῖ
2348 5415 2549 5487 πολὺν
2576 5411 2689 5487 τῆς.
2709 5413 2925 5487 ἀρετῆς
2950 5415 3251 5487 πριεῖσθαε
3277 5417 3484 5484 λόγον,
3522 5418 3619 5471 καὶ
3643 5437 3737 5487 μι-

2134 5488 2375 5555 μεῖσθαι
2413 5486 2556 5550 τοὺς
2593 5485 2818 5555 ἁγίους,
2863 5485 2919 5538 οἳ
2953 5483 3061 5551 τῆς
3100 5483 3286 5555 αὺὲῆς
3318 5487 3558 5553 φύσεως
3591 5483 3739 5555 ἡμῖν

2140 5554 2310 5622 ὄντες
2338 5558 2564 5622 ταύτην
2580 5554 2728 5622 μετὰ
2755 5555 3054 5624 ἀκριϐείας
3082 5554 3498 5622 κατώρθωσαν,
3522 5554 3734 5612 καὶίότι

2129 5624 2513 5694 ρᾳθυμοῠσιν
2541 5624 2686 5692 ἡμῖν
2713 5625 2956 5693 οὐδεμία
2982 5626 3153 5678 ἔσται
3183 5625 3500 5692 ἀπολογία.

2136 5714 2200 5769 α’.
2236 5713 2364 5768 Οἶδα
2425 5717 2504 5767 ὅτι
2531 5714 2808 5767 κατέτεινα
2841 5715 2992 5784 ὑμῶν
3055 5715 3147 5768 τὸν
3187 5714 3443 5784 λογισμὸν
3497 5717 3554 5767 ἐν
3611 5723 3734 5784 ταῖς

2066 5795 2460 5865 παρελθούσαις
2517 5793 2746 5863 ἡμέραις
2805 5798 2917 5857 τοῖς
2978 5793 3293 5864 βαθυτέροις
3346 5796 3597 5863 νοήμασιο
3645 5796 3733 5852 616

2129 5935 2151 5992 ἐ
2179 5929 2375 5992 Coislin.
2404 5929 2484 5992 τὸν
2508 5929 2693 5986 διηνεκῆ
2718 5930 2940 5990 πόλεμον,
2965 5934 3015 5977 el
3037 5928 3107 5977 sic
3132 5928 3255 5992 legit
3279 5928 3541 5988 inlerprcs.

2133 5991 2148 6028 ί
2176 5990 2374 6037 (fuistin.
2398 5990 2596 6050 ἐμπέσῃ.

2131 6055 2158 6096 1
2181 6054 2324 6101 Cum.
2340 6049 2734 6114 περιτειχίζωμεν,
2751 6050 2867 6100 Ibid.
2886 6053 3003 6115 Reg.
3030 6066 3156 6101 unus
3180 6051 3254 6099 (ϊιὰ
3273 6051 3490 6111 γνώσεως
3511 6050 3590 6098 καὶ
3611 6049 3721 6114 6x9,
