4086 6500
215 460 284 520 89
1075 496 1077 498 -
1325 457 1392 516 1N
1431 459 1582 519 CAP.
1625 456 1954 517 l.~GENES.
1997 459 2228 516 llOMlL.
2269 456 2363 514 XI.
3437 458 3510 515 90

217 572 488 631 videretur
512 574 690 630 minus
717 566 915 644 aliquid
943 571 1214 637 obtinere,
1246 585 1312 627 eo
1336 570 1479 641 quod
1510 569 1642 625 nihil
1665 570 1718 624 in
1743 585 1809 626 eo

218 671 415 722 Factum
461 676 627 734 esset,
676 664 1052 721 benedictione
1097 665 1268 735 ipsum
1309 663 1552 733 dignatus
1594 671 1697 717 est.
1745 662 1813 715 Et

220 759 500 825 benedixit,
533 759 724 828 inquit,
760 758 894 812 Deus
922 759 1056 812 diem
1077 758 1380 828 septimum:
1410 765 1455 808 et
1481 754 1814 823 sanctiﬁcavit

215 854 387 907 illum.
415 851 554 918 Quid
602 852 798 921 igitur?
842 867 946 904 non
989 858 1141 905 erant
1183 858 1239 903 et
1279 848 1459 902 caeteri
1487 846 1604 900 dies
1647 846 1812 900 benc-

217 944 394 999 dicti?
431 943 616 996 “Etiam
648 941 909 1012 profecto,
941 940 1036 995 sed
1062 939 1359 994 sufficiebat
1387 938 1488 991 illis
1529 951 1626 1007 pro
1668 936 1812 990 omni

218 1032 618 1098 benedictione,
638 1031 778 1102 quod
802 1034 852 1085 in
881 1031 1103 1100 singulis
1130 1029 1233 1083 illis
1255 1038 1518 1082 creaturae
1542 1026 1814 1095 producta:

219 1126 482 1189 fuissent;
535 1135 588 1180 et
617 1126 735 1179 ideo
778 1125 846 1178 de
877 1124 980 1178 illis
1010 1137 1117 1176 non
1149 1121 1338 1190 inquit,
1391 1118 1706 1182 Benedixit;
1760 1118 1812 1171 in

219 1217 340 1272 solo
365 1227 545 1272 autem
573 1217 800 1285 septimo
828 1215 930 1268 hoc
959 1213 1110 1277 dixit,
1138 1220 1194 1266 et
1220 1211 1464 1281 apposuit
1490 1228 1504 1264 :
1533 1207 1601 1261 Et
1627 1209 1814 1263 sancti-

221 1309 391 1369 ﬁeavit
415 1309 582 1362 illum.
614 1306 752 1380 Quid
779 1314 882 1369 est,
913 1304 985 1358 Et
1013 1303 1344 1372 sancti/icavit
1384 1300 1577 1353 illum?
1617 1298 1673 1353 ld
1710 1306 1810 1362 est,

223 1400 375 1455 illum
406 1398 726 1468 segregavit.
758 1395 964 1451 Deinde
985 1394 1184 1448 docens
1213 1407 1311 1447 nos
1338 1391 1514 1445 divina
1543 1389 1815 1458 Scriptum

223 1504 441 1544 causam
489 1498 710 1558 propter
751 1502 912 1557 quam
946 1485 1114 1550 .dixit,
1161 1482 1226 1536 Et
1282 1483 1615 1551 sanctiﬁcavit
1645 1481 1812 1545 illum,

214 1577 434 1647 adjicit,
455 1577 530 1631 Eo
555 1578 690 1648 quod
717 1577 769 1630 in
795 1576 885 1630 illo
911 1575 1219 1644 requieverat
1246 1575 1308 1626 ab
1335 1575 1563 1626 omnibus
1583 1573 1817 1642 aperibus

223 1671 330 1723 suis
359 1683 474 1738 qua
501 1677 717 1737 coeperat
744 1666 882 1720 Deus
922 1667 1105 1734 facere.
1134 1664 1252 1720 dam
1294 1664 1417 1718 hinc
1445 1664 1511 1718 ab
1537 1663 1688 1717 initio
1717 1662 1816 1717 do-

225 1761 454 1816 ctrinam
472 1759 611 1814 hanc
626 1761 958 1829 aenigmatice
977 1758 1130 1812 nobis
1147 1757 1379 1811 insinuat
1393 1757 1554 1821 Deus,
1569 1755 1818 1810 erudiens

227 1866 328 1904 nos
357 1852 411 1904 in
438 1850 640 1905 circulo
670 1849 1017 1904 hebdomadis
1044 1848 1188 1902 diem
1229 1863 1393 1900 unum
1426 1847 1690 1916 integrum
1729 1860 1818 1900 se-

225 1943 578 2013 gregandam,
600 1955 651 1997 et
674 1943 1095 1997 consecrandum
1123 1939 1478 2009 spiritualium
1500 1939 1816 2008 operationi.

223 2031 351 2088 Ideo
372 2034 517 2087 enim
541 2033 796 2086 Dominus
826 2031 1093 2101 completo
1119 2045 1211 2084 sex
1239 2029 1432 2085 diebus
1460 2029 1672 2099 Opificio
1697 2043 1815 2096 suo,

228 2127 518 2196 septimum
548 2127 919 2181 benedictione
948 2126 1194 2196 dignatus
1221 2115 1324 2189 est,
1354 2133 1409 2178 et
1447 2124 1817 2190 sanctificavit,

227 2233 296 2274 eo
322 2219 466 2288 quod
496 2219 546 2272 in
579 2218 670 2273 illo
706 2219 982 2288 quieverat
1021 2217 1088 2282 ab
1117 2217 1365 2272 oumibus
1407 2216 1661 2286 Operibus
1709 2217 1821 2270 suis

226 2325 346 2379 qua:
377 2309 553 2364 facere
580 2318 834 2378 cmperat.
856 2308 1053 2363 Verum
1078 2308 1164 2361 hic
1191 2309 1384 2361 iterum
1410 2308 1564 2362 video
1589 2307 1819 2362 immeno

228 2417 348 2456 sum
396 2401 550 2455 nobis
596 2402 980 2456 sententiarum
1019 2402 1236 2472 pelagus
1279 2400 1478 2465 nasci‘,
1519 2399 1662 2469 quod
1689 2401 1821 2452 sim-

224 2491 446 2562 pliciter
491 2494 762 2562 praeterire
792 2493 994 2558 nolim;
1040 2494 1168 2563 quin
1216 2501 1269 2547 et
1294 2509 1389 2548 vos
1419 2492 1608 2546 harum
1662 2491 1822 2562 spiri-

231 2583 452 2637 tualium
500 2584 756 2638 mercium
807 2585 1094 2654 participes
1137 2586 1251 2641 ﬁeri
1280 2587 1461 2657 cupio.
1492 2586 1622 2652 Qua:
1666 2585 1824 2653 igitur
1872 2599 1875 2602 ‘

232 2674 459 2740 illa.est,
488 2691 606 2744 qua:
650 2675 773 2729 hinc
812 2677 1000 2741 oritur,
1033 2678 1296 2746 qumstio?
1339 2678 1520 2731 Divina
1550 2677 1824 2746 Scriptura

232 2768 320 2822 hic
364 2767 576 2822 dicente
621 2768 788 2822 Dcum
832 2769 1158 2838 requievisse
1203 2771 1268 2824 ab
1320 2769 1568 2840 operibus
1598 2769 1741 2833 suis,
1771 2769 1825 2821 in

231 2859 524 2928 evangeliis
564 2857 807 2912 Christus
853 2860 1051 2929 inquit,
1084 2859 1243 2914 Pater
1288 2878 1428 2913 meus
1469 2876 1628 2928 usque
1674 2859 1825 2910 modo

229 2960 496 3020 operatur,
524 2961 570 3004 et
612 2967 702 3022 ego
745 2967 926 3021 aperor
979 2950 1154 3021 (Joan.
1188 2953 1241 3008 5.
1272 2951 1383 3024 17).
1412 2951 1528 3006 Non
1577 2951 1827 3005 videntur

234 3041 329 3096 tibi
352 3055 420 3095 ex
445 3041 729 3096 verborum
759 3042 898 3096 serie
925 3042 1039 3096 hac
1070 3043 1210 3096 dicta
1240 3058 1359 3096 esse
1386 3041 1688 3095 contraria?
1717 3039 1825 3102 Sed

235 3132 416 3188 absit:
451 3133 577 3187 nihil
609 3133 696 3188 hic
728 3135 1054 3188 contrarium
1107 3135 1170 3189 iis
1213 3149 1331 3204 qua:
1379 3133 1431 3188 in
1473 3134 1640 3187 sacris
1683 3132 1827 3186 Scri-

235 3224 409 3291 pturis
452 3224 814 3278 continentur.
846 3223 978 3277 Nam
1027 3225 1113 3279 hic
1140 3224 1352 3293 quidem
1381 3238 1502 3277 eum
1550 3222 1825 3291 Scriptura

232 3316 366 3371 dicit
414 3316 745 3384 requievisse
789 3315 954 3370 Deum
982 3315 1052 3369 ab
1076 3316 1328 3385 operibus
1365 3315 1496 3381 suis,
1529 3314 1687 3369 docet
1731 3328 1829 3369 nos

235 3403 664 3461 emnacreando
692 3415 836 3460 ctex
882 3405 1050 3459 nihilo
1096 3421 1183 3460 res
1230 3405 1572 3475 producendo
1621 3406 1827 3474 requie-

237 3499 380 3553 vissc
407 3497 492 3551 die
538 3498 836 3567 septimo';
867 3496 1110 3552 Christus
1157 3507 1333 3553 autem
1381 3499 1564 3552 dicens
1610 3516 1622 3552 :
1673 3497 1830 3551 Pater

232 3605 379 3642 meus
423 3604 578 3656 usque
604 3587 755 3642 modo
782 3598 1042 3658 aperatur,
1071 3600 1114 3642 et
1155 3605 1246 3659 ego
1281 3605 1483 3658 aperor,
1520 3599 1827 3658 perpetuam

233 3695 392 3736 suam
442 3678 830 3749 providentiam
879 3680 1034 3735 nobis
1063 3680 1317 3744 declarat,
1364 3690 1417 3734 et
1461 3680 1828 3748 operationem

236 3782 394 3830 voeat
418 3772 878 3828 conservationem
910 3773 1266 3842 opiﬁciorum,
1292 3773 1482 3842 quibus
1510 3772 1733 3842 largitur
1774 3781 1831 3825 ut

238 3873 607 3934 permaneant,
641 3863 769 3918 dum
799 3865 946 3918 omni
977 3872 1216 3933 tempore
1245 3863 1522 3933 gubernat.
1550 3862 1662 3918 Nisi
1687 3863 1828 3917 enim

234 3955 344 4011 hoc
367 3964 534 4022 esset,
563 3954 833 4025 quomodo
868 3956 1176 4009 universum
1221 3956 1536 4010 subsisteret
1575 3971 1639 4008 ac
1665 3955 1826 4009 dura-

235 4057 342 4112 ret,
377 4061 484 4100 non
510 4047 841 4116 gubernante
867 4056 921 4101 et
953 4045 1217 4116 dirigentc
1260 4060 1489 4116 superna
1519 4062 1678 4101 manu
1708 4062 1829 4100 cum

237 4138 470 4192 visibilia
519 4137 632 4191 haec
658 4137 857 4202 omnia,
889 4146 999 4192 tum
1031 4136 1321 4190 humanmn
1374 4137 1476 4192 hoc
1503 4137 1716 4207 genus?
1763 4138 1832 4192 Et

239 4237 283 4286 si
331 4232 450 4302 quis
503 4230 736 4286 voluerit
784 4230 1080 4300 prudenter
1131 4239 1186 4285 et
1233 4230 1511 4300 speciatim
1568 4231 1830 4300 inSpicere

238 4322 417 4377 omnia
458 4338 577 4392 qua:
604 4322 848 4392 quotidie
890 4322 942 4376 in
975 4330 1218 4377 nostrum
1250 4321 1563 4377 beneficium
1604 4323 1671 4376 ab
1710 4338 1830 4376 orn-

239 4416 391 4469 nium
414 4413 615 4484 Opifice
646 4413 1016 4483 perficiuntur,
1040 4413 1292 4486 abyssum
1330 4415 1563 4470 inveniet
1593 4415 1831 4484 benigni-

241 4507 387 4560 tatis.
433 4505 565 4571 Quis
608 4506 751 4560 enim
797 4520 996 4572 sermo,
1041 4521 1161 4575 qua:
1210 4521 1364 4561 mens
1392 4505 1458 4559 ad
1507 4505 1830 4561 ineffabilem

237 4599 382 4653 hanc
429 4597 719 4651 bonitatem
769 4599 1074 4667 pertingere
1123 4597 1336 4666 poterit,
1385 4612 1543 4666 qnam
1597 4597 1832 4650 humano

238 4689 421 4762 generi
463 4697 721 4757 perpetuo
759 4688 1014 4754 ostendit,
1056 4689 1182 4743 oriri
1229 4687 1432 4744 faciens
1476 4689 1644 4744 solem
1676 4704 1830 4744 suum

241 4795 402 4852 super
428 4781 600 4834 malos
630 4789 684 4834 et
727 4779 919 4847 bonos,
959 4789 1014 4835 et
1055 4779 1244 4849 pluens
1285 4796 1446 4851 super
1469 4780 1643 4850 justos
1670 4789 1724 4835 et
1753 4781 1835 4835 in-

235 4874 413 4941 iustos
450 4869 663 4941 (Manli.
694 4871 748 4925 5.
775 4871 889 4939 t5),
914 4885 1235 4942 omnemque
1263 4871 1421 4925 aliam
1458 4870 1666 4941 c0piam
1705 4885 1832 4940 sup-

240 4963 527 5035 peditans?
576 4962 737 5016 Forte
769 4962 980 5032 longius
1006 4979 1164 5032 quam
1192 4963 1494 5032 oportebat,
1525 4979 1830 5019 sermonem

241 5057 595 5130 produximus
627 5073 640 5109 :
685 5071 874 5111 verum
905 5055 1008 5110 hoc
1036 5070 1142 5110 non
1169 5057 1374 5127 absque
1400 5058 1627 5124 ratione,
1659 5072 1832 5126 neque

240 5161 447 5206 temere
473 5146 665 5202 factum
693 5156 811 5213 est;
853 5148 950 5202 sed
981 5158 1038 5202 ut
1063 5148 1309 5204 absentes
1328 5164 1394 5204 ex
1423 5148 1577 5204 vobis
1600 5149 1828 5214 discant,

237 5250 498 5313 quantum
541 5241 885 5310 sibimetipsis
909 5240 1089 5295 damni
1132 5241 1372 5308 fecerint,
1401 5242 1470 5298 ob
1496 5244 1830 5314 corporalem

237 5324 416 5389 cibum
458 5333 776 5402 semetipsos
804 5349 835 5387 a
872 5333 1134 5402 spirituali
1177 5336 1417 5390 doctrina
1448 5336 1829 5392 subducentes.

236 5426 506 5496 (Laterum
535 5439 600 5477 ne
627 5423 848 5478 nimium
878 5424 1115 5490 doleant,
1155 5424 1386 5480 fraterna
1435 5427 1557 5482 illos
1596 5427 1831 5482 benevo-

236 5516 402 5573 lentia
449 5516 868 5585 prosequamini,
901 5529 1244 5572 recensentes
1290 5519 1420 5587 ipsis
1460 5536 1578 5590 quae
1618 5535 1648 5575 a
1677 5520 1832 5574 nobis

237 5612 379 5664 dicta
408 5617 572 5665 sunt:
617 5608 716 5664 hoc
738 5610 879 5663 enim
917 5611 1140 5666 sincera:
1161 5612 1396 5667 caritatis
1436 5622 1827 5684 argumentum.

303 5705 318 5730 ι
355 5698 569 5757 (misum,
595 5699 792 5762 pelagus
813 5708 1050 5762 apertum.

300 5763 320 5793 ¹
354 5770 446 5830 se;
473 5769 600 5830 Mss,
629 5763 708 5812 die
735 5772 887 5830 sexto.
915 5771 1125 5830 Utraque
1149 5765 1314 5830 lectio_
1339 5766 1578 5830 quadrare
1624 5774 1789 5830 potest
1815 5781 1826 5815 :

239 5835 333 5872 non
361 5825 491 5894 enim
513 5828 602 5894 abs
639 5837 694 5872 re
718 5825 903 5894 dicatur
939 5825 1090 5877 Deuin
1113 5836 1256 5878 sexto
1287 5825 1372 5878 die'
1402 5825 1654 5892 postquam
1685 5828 1831 5877 linem

235 5886 433 5936 creandi
453 5884 666 5948 fecisset,
692 5889 957 5950 quievisse.

1918 571 2049 624 Nam
2078 571 2122 625 si
2150 572 2287 624 inter
2317 583 2505 647 magna
2535 567 2772 624 caritatis
2812 567 3007 622 indicia
3052 565 3266 632 habent,
3297 571 3390 638 qui
3428 565 3506 620 ita

1918 659 1985 714 de
2011 660 2352 714 scnsihilibus
2375 659 2567 714 eduliis
2595 661 2696 713 hoc
2722 659 2844 712 suis
2879 658 3231 712 familiaribus
3273 656 3470 712 faciunt
3494 671 3508 707 :

1919 751 2085 806 multo
2128 753 2300 822 magis
2349 753 2400 806 in
2446 751 2813 822 spiritualibus
2859 749 2962 804 hoc
3007 748 3214 820 agendo
3262 761 3508 817 magnam

1919 843 2073 896 nobis
2103 843 2312 897 laudem
2339 857 2625 914 paramus;
2670 841 2809 897 redit
2837 843 2980 896 enim
3008 842 3075 894 ad
3106 856 3206 894 nos
3235 841 3379 908 ipsos
3405 838 3512 892 uti-

1921 935 2061 991 litas.
2095 934 2226 989 Nam
2253 935 2338 990 cui
2369 935 2602 989 studium
2634 944 2718 989 est
2746 933 2941 988 docere
2973 933 3297 1002 proximum,
3329 929 3375 984 is
3407 943 3513 982 non

1921 1030 2027 1083 tam
2076 1029 2150 1083 illi
2191 1028 2478 1094 benefacit,
2510 1044 2670 1097 quam
2697 1027 2902 1096 sibiipsi
2936 1040 3180 1094 magnam
3210 1021 3515 1079 mercedem

1919 1132 2093 1193 parat,
2137 1122 2444 1192 duplicique
2490 1130 2711 1190 augetur
2758 1118 2925 1181 lucro,
2951 1117 3076 1170 dum
3118 1117 3286 1183 majus
3329 1130 3360 1167 a
3405 1113 3516 1167 Deo

1923 1216 2200 1286 praamium
2240 1214 2565 1284 assequitur,
2595 1222 2650 1266 et
2675 1211 2802 1265 dum
2849 1209 3068 1263 fratrem
3099 1208 3293 1262 docere
3323 1221 3516 1276 aggre-

1921 1309 2082 1372 ditur,
2102 1307 2344 1363 docendo
2378 1307 2590 1363 interim
2619 1304 2827 1374 sibiipsi
2857 1303 3169 1358 memoriam
3190 1315 3374 1358 eorum
3397 1311 3523 1369 qua:

1921 1400 2123 1455 audivit
2162 1407 2407 1454 renovat.

1993 1493 2048 1547 8.
2091 1491 2306 1545 Moratis
2338 1490 2643 1545 exhortatio.
2678 1519 2747 1530 —
2776 1487 2939 1558 Igitur
2983 1487 3278 1556 cogitantes
3311 1492 3516 1537 tantum

1921 1583 2125 1638 lucrum
2148 1591 2410 1646 vestrum,
2443 1597 2513 1636 ne
2557 1579 2840 1634 invideatis
2878 1577 3134 1632 fratribus
3179 1575 3389 1637 vestris,
3424 1571 3518 1627 sed

1922 1692 1950 1728 a
1979 1676 2131 1730 vobis
2151 1675 2360 1730 discant
2384 1689 2504 1743 qua:
2534 1689 2676 1727 nunc
2702 1687 2732 1725 a
2760 1672 2914 1727 nobis
2941 1671 3212 1724 dicuntur.
3237 1668 3312 1720 Ne
3337 1675 3518 1720 autem

1924 1768 2146 1836 posthac
2177 1775 2357 1820 vestro
2387 1764 2650 1819 beneficio
2690 1762 2908 1818 obnoxii
2938 1761 3052 1815 haec
3076 1760 3313 1821 discant,
3343 1755 3523 1812 ducite

1925 1859 2044 1912 illos
2074 1857 2140 1911 ad
2186 1871 2303 1922 nos,
2338 1855 2724 1926 persuadentes
2770 1853 2920 1923 ipsis,
2955 1852 3084 1905 nihil
3129 1851 3320 1904 obesse
3364 1845 3522 1916 spiri-

1927 1948 2056 2002 tuali
2086 1963 2306 2012 mensae,
2336 1948 2382 2001 si
2429 1947 2699 2016 prmcedat
2751 1944 3047 2014 corporalis
3097 1941 3198 1996 cibi
3247 1936 3520 2009 sumptio:

1928 2041 2023 2094 sed
2065 2056 2223 2093 omne
2264 2049 2474 2106 tempus
2528 2033 2794 2107 spirituali
2837 2035 3069 2089 sermoni
3114 2033 3364 2086 idoneum
3401 2042 3523 2083 esse

1929 2131 2306 2201 reputantium.
2337 2130 2466 2185 Haec
2516 2131 2561 2184 si
2613 2137 2759 2183 recte
2804 2137 3100 2190 teneamus,
3130 2123 3429 2195 poterimus
3467 2129 3524 2174 et

1930 2225 2075 2280 domi
2118 2233 2418 2287 versantes,
2451 2231 2574 2277 ante
2599 2229 2654 2275 et
2691 2230 2815 2290 post
2859 2219 3163 2273 convivium
3192 2213 3428 2284 acceptis
3470 2212 3524 2266 in

1928 2317 2174 2372 manibus
2205 2315 2400 2369 divinis
2429 2314 2626 2380 Libris,
2655 2311 2935 2366 utilitatem
2969 2309 3092 2363 inde
3116 2323 3308 2377 capere
3336 2314 3390 2361 et
3415 2303 3523 2373 spi-

1929 2407 2174 2462 ritualcm
2222 2405 2399 2458 cibum
2427 2403 2622 2456 anima:
2659 2402 2925 2472 prtcberc.
2977 2398 3109 2453 Nam
3154 2398 3292 2451 sicut
3329 2408 3526 2464 corpus

1931 2499 2132 2568 indiget
2167 2496 2408 2553 sensibili
2437 2497 2578 2561 cibo,
2609 2496 2680 2548 ita
2706 2503 2761 2548 et
2796 2495 2975 2547 anima
3002 2491 3311 2562 quotidiana
3336 2488 3526 2544 admo-

1935 2590 2136 2644 nitione
2179 2599 2235 2643 et
2274 2587 2628 2657 spiritualium
2676 2585 2924 2640 ciborum
2973 2580 3364 2638 refocillatione
3408 2597 3421 2631 :
3469 2587 3529 2632 ut

1933 2683 2181 2736 roborata
2231 2677 2484 2734 resistere
2535 2680 2703 2748 possit
2749 2677 2929 2731 carnis
2959 2673 3260 2738 rebellioni,
3293 2680 3347 2725 et
3394 2685 3528 2725 cnn-

1934 2777 2080 2828 tinuo
2110 2773 2248 2828 bello
2286 2788 2392 2842 quo
2419 2786 2691 2840 urgemur,
2716 2768 2974 2839 quodque
3018 2767 3248 2820 animnm
3289 2771 3527 2818 nostram

1935 2865 1985 2920 in
2017 2865 2331 2918 servitutem
2362 2861 2574 2932 redigit,
2606 2862 2648 2914 si
2687 2861 2772 2914 vel
2805 2873 2991 2930 parum
3033 2855 3244 2910 desides
3274 2867 3393 2908 esse
3435 2866 3523 2905 vo-

1935 2957 2210 3012 luerimus.
2271 2955 2503 3010 Proinde
2556 2953 2814 3023 propheta
2875 2949 3039 3005 David
3096 2949 3309 3002 beatum
3376 2945 3525 3000 illum

1934 3049 2087 3113 dixit,
2131 3049 2222 3118 qui
2263 3049 2314 3101 in
2361 3047 2479 3116 lege
2531 3046 2741 3101 Domini
2793 3043 3080 3098 meditatur
3121 3039 3208 3094 die
3261 3053 3324 3093 ac
3372 3047 3532 3092 nocte

1939 3140 2111 3210 (Psat.
2145 3141 2196 3192 i.
2239 3138 2335 3207 ‘2);
2380 3148 2434 3192 et
2483 3138 2668 3192 beatus
2718 3136 2893 3190 Moses
2940 3133 3219 3189 Judaicum
3273 3131 3529 3202 populum
3568 3175 3573 3179 λ

1933 3230 2134 3285 docens
2159 3228 2232 3283 ait
2259 3248 2271 3282 :
2318 3228 2444 3283 Cum
2481 3227 2756 3283 comederis
2787 3237 2832 3280 et
2872 3225 3074 3291 biberis,
3097 3235 3143 3278 et
3171 3225 3387 3278 satiatus
3417 3223 3530 3292 fue-

1934 3325 2027 3390 ris,
2055 3339 2244 3377 memor
2285 3332 2386 3376 esto
2416 3321 2622 3376 Domini
2652 3319 2750 3374 Dei
2777 3318 2851 3373 tui
2898 3316 3074 3392 (Deut.
3107 3317 3161 3372 8.
3204 3314 3318 3388 10).
3342 3313 3528 3378 Vides,

1937 3415 2205 3486 quomodo
2245 3423 2299 3470 et
2326 3423 2451 3468 tunc
2482 3413 2816 3484 potissimum
2855 3412 3068 3481 parsit,
3097 3419 3219 3481 post
3257 3416 3528 3478 sumptum

1935 3523 2126 3578 nempe
2153 3506 2485 3576 corporalem
2515 3505 2716 3570 cibum,
2741 3502 3017 3573 spirituale
3046 3500 3347 3556 convivium
3375 3499 3532 3554 nobis

1936 3598 2152 3668 apponi,
2169 3607 2224 3651 nt
2240 3613 2308 3652 ne
2331 3605 2449 3666 post
2471 3596 2772 3650 satietatem
2787 3595 2891 3649 cibi
2907 3593 3204 3663 corporalis
3219 3596 3394 3647 anima
3413 3598 3527 3664 tur-

1938 3706 2070 3761 pens
2098 3700 2151 3746 et
2177 3689 2338 3745 deses
2386 3689 2438 3743 in
2470 3688 2758 3758 perniciem
2806 3687 3037 3757 aliquam
3091 3694 3232 3750 ruat,
3260 3694 3315 3739 et
3351 3683 3531 3737 locum

1937 3783 2028 3836 det
2055 3780 2252 3834 diaboli
2295 3778 2800 3845 machinationibus,
2825 3779 2913 3848 qui
2942 3792 3131 3831 omnes
3160 3774 3418 3844 temporis
3442 3789 3532 3826 ar-

1941 3873 2132 3928 ticulos
2161 3872 2430 3933 observat,
2474 3880 2531 3924 nt
2557 3871 2718 3925 letale
2770 3870 2926 3924 nobis
2968 3869 3160 3922 vulnus
3191 3865 3418 3922 inferat?
3465 3863 3534 3918 Et

1940 3965 2132 4019 iterum
2156 3963 2261 4017 alio
2290 3963 2409 4017 loco
2434 3961 2646 4016 dicebat
2678 3960 2818 4015 idem
2851 3960 2939 4014 ille
2970 3959 3230 4028 propheta
3263 3975 3276 4012 :
3308 3955 3372 4009 In
3403 3959 3532 4033 tecto

1939 4056 2177 4111 cubantes
2207 4065 2253 4109 et
2298 4064 2622 4124 exsurgentes
2671 4061 2970 4105 mementote
3000 4049 3210 4102 Domini
3259 4046 3354 4100 Dei
3383 4045 3533 4099 vestri

1940 4146 2119 4216 (Deut.
2154 4146 2208 4201 6.
2242 4145 2320 4216 7).
2353 4144 2544 4199 Vidisti
2573 4157 2860 4212 numquam
2892 4155 2990 4194 nos
3021 4139 3215 4194 decere
3253 4138 3392 4192 hanc
3423 4150 3536 4190 me-

1939 4243 2162 4295 moriam
2202 4255 2266 4293 ex
2297 4239 2473 4291 anima
2515 4245 2695 4290 nostra
2737 4233 3044 4296 excludere,
3079 4230 3173 4286 sed
3217 4228 3534 4298 insculptum

1942 4334 1996 4387 in
2044 4332 2370 4387 conscientia
2412 4330 2718 4393 liabcre,ac
2765 4328 2816 4381 in
2866 4335 3120 4396 perpetua
3171 4323 3535 4378 sollicitudine

1940 4425 2142 4489 vivere,
2170 4422 2450 4490 nullasque
2497 4432 2747 4489 umquam
2798 4416 3081 4470 admittere
3133 4412 3395 4476 inducias,
3427 4419 3536 4467 hno

1942 4527 1998 4571 ut
2022 4516 2158 4571 bene
2179 4515 2430 4578 scientes,
2450 4522 2682 4582 quantus
2710 4510 2781 4564 sit
2809 4509 2956 4564 furor
2981 4505 3180 4561 inimici
3209 4505 3377 4560 nostri
3408 4521 3534 4576 erga

1941 4624 2058 4672 nos,
2089 4607 2300 4662 sobrios
2342 4620 2461 4659 esse
2505 4613 2558 4658 et
2606 4602 2847 4673 vigilare,
2896 4609 2951 4655 et
2996 4614 3187 4654 omnes
3230 4597 3408 4652 aditus
3460 4598 3537 4651 illi

1941 4699 2290 4773 praecludere,
2320 4708 2375 4752 et
2417 4711 2705 4766 numquam
2749 4691 3076 4764 spiritualem
3127 4689 3396 4760 negligere
3442 4690 3539 4743 ali-

1940 4790 2212 4848 moniam?
2265 4789 2391 4844 limo
2433 4793 2615 4842 nostra
2643 4787 2786 4840 salus
2820 4793 2934 4850 est,
2970 4783 3054 4838 lite
3095 4779 3402 4852 Spirituales
3451 4780 3537 4834 di-

1941 4884 2104 4949 vitiat,
2138 4881 2254 4936 bmc
2300 4879 2582 4934 securitas.
2624 4876 2681 4932 Si
2725 4877 2804 4931 sic
2833 4890 2933 4929 nos
2973 4875 3116 4945 ipsos
3145 4870 3381 4943 quotidie
3410 4882 3534 4924 ntu-

1941 4976 2171 5039 uiamus,
2204 4981 2258 5027 et
2303 4987 2398 5040 per
2442 4969 2755 5035 lectionem,
2787 4977 2842 5022 et
2887 4981 2984 5036 per
3027 4963 3286 5029 auditum,
3332 4971 3392 5017 et
3440 4975 3534 5032 per

1941 5065 2268 5137 spiritualem
2295 5076 2619 5125 sermonem,
2642 5060 2720 5114 sic
2741 5058 3034 5129 poterimus
3062 5054 3163 5125 ipsi
3187 5053 3364 5108 invicti
3386 5066 3533 5116 esse,

1942 5169 1995 5214 et
2013 5157 2224 5227 maligni
2242 5146 2502 5211 daemonis
2535 5152 2752 5208 teclmas
2764 5149 3000 5216 eludere,
3014 5148 3357 5216 ctelestiaque
3373 5159 3532 5214 regna

1941 5249 2176 5319 assequi,
2197 5248 2363 5318 gratia
2383 5255 2439 5301 et
2456 5244 2782 5314 benignitate
2801 5241 3011 5296 Domini
3044 5239 3213 5293 nostri
3239 5238 3367 5292 Jesu
3386 5232 3532 5288 Chri-

1941 5343 2030 5408 sti,
2060 5357 2181 5396 cnm
2212 5354 2318 5409 quo
2346 5338 2488 5392 Patri
2525 5336 2681 5390 simul
2712 5343 2766 5390 ct
2787 5332 3006 5403 Spiritui
3034 5339 3219 5386 sancto
3246 5330 3315 5384 sit
3342 5327 3528 5399 gloria,

1943 5433 2242 5503 imperium,
2280 5431 2470 5495 honor,
2501 5442 2642 5483 nunc
2678 5437 2733 5481 et
2770 5440 3003 5496 semper,
3032 5433 3088 5478 et
3111 5423 3165 5477 in
3192 5420 3386 5476 smcula
3435 5431 3536 5472 sre-

1939 5523 2205 5579 culorum.
2240 5521 2432 5575 Amen.

2531 5647 2814 5706 HOMILIA
2853 5647 2943 5702 XI.

1946 5789 2094 5857 Quod
2117 5796 2344 5857 oporteat
2369 5787 2597 5838 virtutem
2623 5783 2793 5852 magni
2819 5783 2985 5852 facere
3005 5786 3303 5847 sanctosque
3323 5777 3531 5836 imitari.

2014 5881 2097 5953 qui
2123 5894 2236 5932 cum
2267 5879 2491 5948 ejusdem
2514 5877 2659 5949 rujus
2687 5889 2777 5927 nos
2800 5881 2995 5926 natura!
3019 5880 3201 5935 essent,
3239 5885 3349 5924 eam
3379 5871 3535 5920 oreu-
