4086 6482
646 564 752 629 rats
775 575 952 630 sectati
978 585 1112 629 sant.
1141 575 1204 628 Et
1232 575 1366 644 quod
1392 575 1436 630 si
1459 590 1629 646 segnes
1658 575 1922 644 (serimus,
1953 575 2147 629 nutlam

646 667 1027 720 excusationem
1045 667 1259 720 habituri
1278 668 1454 720 simus.

651 775 705 830 ι.
734 774 858 830 Scio
901 790 985 830 me
1024 774 1383 845 superioribus
1421 772 1608 829 diebus
1645 785 1879 830 mentem
1922 784 2151 830 vestram

576 864 1004 926 profundioribus
1059 865 1335 920 sententiis
1379 865 1683 920 exercuisse
1710 883 1724 918 :
1750 879 1866 918 eam
1920 865 1991 919 ob
2035 880 2150 920 rem

581 951 736 1008 hodie
764 954 971 1008 animus
1011 961 1095 1008 est
1135 951 1426 1008 faciliorem
1455 951 1474 984 ³
1508 968 1805 1023 proponere
1832 952 2150 1009 doctrinam.

577 1041 709 1096 Nam
739 1045 874 1096 sicut
900 1057 1094 1111 corpus
1114 1043 1318 1114 jejunio
1341 1055 1667 1102 maceratum
1687 1085 1702 1108 ,
1735 1043 1985 1099 nonnulla
2011 1044 2153 1100 india

557 1141 664 1201 'get
710 1130 1130 1200 refocillatione,
1175 1142 1235 1189 ut
1273 1149 1484 1190 rursum
1530 1135 1729 1206 ingenti
1771 1133 2044 1190 alacritate
2085 1134 2155 1190 ad

578 1221 825 1275 uerendus
861 1220 1047 1292 jejunii
1091 1223 1299 1277 iabores
1339 1224 1568 1280 redeat:
1596 1225 1667 1278 ita
1694 1232 1748 1278 et
1774 1223 1949 1279 anima
1977 1233 2154 1280 vestra

575 1311 893 1369 remissione
913 1313 1111 1384 indiget
1129 1322 1188 1369 et
1213 1314 1410 1385 quiete.
1460 1313 1640 1386 Neque
1663 1314 1804 1371 enim
1821 1327 2045 1384 semper
2069 1314 2154 1370 in-

578 1402 797 1459 tendere
814 1444 830 1471 ,
870 1417 1044 1474 neque
1069 1420 1282 1476 semper
1307 1408 1578 1463 remittere
1603 1413 1843 1478 oportet;
1890 1407 1984 1462 sed
2013 1422 2154 1463 nunc

579 1493 683 1550 hoc
704 1535 720 1558 ,
753 1511 894 1551 nunc
920 1497 1051 1554 illud
1095 1498 1391 1554 faciendum
1417 1515 1432 1564 ;
1480 1502 1642 1554 etsic
1667 1497 1936 1569 regendus
1962 1500 2157 1555 anima:

577 1593 767 1652 status,
795 1596 851 1642 et
873 1587 1137 1644 domanda
1161 1591 1335 1646 carnis
1366 1588 1672 1661 petulantia.
1697 1590 1829 1646 Nam
1855 1591 1993 1648 sicut
2016 1606 2156 1648 sem.

583 1693 682 1746 per
707 1678 966 1734 intentum
991 1694 1112 1736 esse
1137 1681 1404 1736 laboribus
1424 1723 1438 1747 ,
1468 1682 1524 1737 id
1566 1683 1777 1737 ttedium
1804 1681 1958 1738 aﬂert
1983 1691 2037 1738 et
2059 1682 2157 1740 de—

581 1768 835 1838 jicitzita
879 1777 1136 1838 perpetuo
1177 1771 1482 1833 remittere.
1529 1771 1595 1826 ad
1623 1771 1887 1843 ignaviam
1932 1773 2154 1830 inducit.

581 1858 638 1912 ld
667 1866 722 1912 ct
748 1857 803 1912 in
828 1859 1004 1914 anima
1032 1865 1088 1914 et
1117 1859 1170 1913 in
1199 1874 1424 1930 corpore
1453 1877 1551 1916 usu
1595 1863 1778 1918 venire
1821 1862 2002 1919 videre
2041 1865 2160 1935 quis

578 1962 774 2024 potest.
802 1955 1088 2025 Propterea
1113 1955 1302 2012 modus
1323 1957 1516 2027 ubique
1541 1957 1712 2012 bonus
1737 1966 1838 2014 est.
1868 1958 2020 2026 Quod
2063 1973 2161 2014 nos

581 2044 948 2100 universorum
979 2045 1119 2101 Deus
1145 2046 1300 2101 docet
1338 2047 1497 2102 etiam
1540 2064 1637 2118 per
1678 2056 1982 2111 creaturas.
2030 2065 2160 2120 quas

580 2133 649 2188 ad
677 2136 842 2190 nostri
868 2137 1301 2192 constitutionem
1343 2137 1612 2207 produxit.
1659 2140 1835 2209 Atque
1862 2147 1920 2194 ut
1945 2139 2050 2196 hoc
2078 2143 2160 2195 in-

583 2224 850 2295 telligetis,
875 2225 943 2280 de
964 2225 1051 2280 die
1072 2239 1134 2280 ac
1162 2236 1339 2291 nocte,
1361 2227 1461 2281 hoc
1484 2227 1647 2282 estde
1668 2229 1787 2283 luce
1814 2242 1880 2283 ac
1899 2226 2157 2296 tenebrii,

581 2330 882 2371 sermonem
929 2318 1284 2373 instituamus.
1339 2315 1776 2389 Quandoquidem
1829 2320 1972 2375 enim
2016 2320 2159 2376 diem

581 2406 885 2476 segregavit
927 2407 979 2461 in
1023 2422 1160 2478 opus
1205 2408 1451 2463 bumanze
1500 2418 1742 2474 natura).
1788 2418 1846 2466 et
1871 2421 2081 2467 noctem
2109 2412 2158 2466 in

581 2499 821 2568 requiem
857 2507 911 2556 et
951 2501 1321 2558 remissionem
1358 2502 1950 2584 laborum.,.mensuras
1974 2514 2028 2560 et
2055 2514 2162 2560 ter-

587 2591 759 2646 minos
784 2592 1020 2662 utrisque
1044 2593 1272 2663 praeﬁxit
1289 2635 1306 2660 ,
1341 2594 1479 2650 unde
1508 2595 1661 2651 nobis
1684 2596 1933 2652 omnibus
1961 2597 2162 2654 beneﬂ-

586 2681 668 2734 cia
710 2681 951 2752 qumdam
998 2684 1358 2752 provenirent.
1411 2684 1540 2740 Nam
1585 2685 1728 2757 quod
1775 2686 1902 2754 lus,
1953 2689 2160 2744 diurna:

582 2772 908 2842 operationis
930 2773 1002 2830 sit
1028 2782 1270 2847 tempus,
1320 2775 1444 2832 audi
1474 2777 1637 2833 David
1664 2778 1928 2835 dicentem
1959 2797 1973 2833 :
2002 2779 2164 2850 Egreb

584 2863 750 2916 dietur
776 2864 926 2918 Iconio
959 2865 1028 2919 ad
1055 2881 1182 2938 opus
1209 2881 1358 2921 suum
1381 2908 1396 2931 ,
1449 2877 1498 2921 et
1536 2867 1604 2921 ad
1643 2869 1982 2938 operationem
2017 2886 2163 2924 suam

586 2969 742 3024 usque
779 2955 846 3008 ad
883 2971 1138 3026 vesperam
1166 2955 1337 3027 (Ptol.
1370 2957 1490 3012 103.
1522 2956 1638 3029 25).
1698 2957 1767 3012 Ει
1794 2959 1930 3014 bene
1966 2959 2158 3030 inquit,

591 3041 762 3114 Usque
795 3045 862 3098 ad
887 3060 1142 3115 vesperam
1174 3061 1188 3102 ι
1218 3063 1337 3102 nam
1379 3050 1658 3118 ingruente
1692 3043 2016 3114 vesperelux
2031 3044 2158 3100 abs-

585 3133 768 3193 cedit.
843 3144 898 3190 ct
938 3137 1286 3192 succedentes
1317 3140 1549 3194 tenebrae
1593 3139 1876 3194 humanam
1921 3151 2162 3196 naturam

588 3224 836 3294 sopiunt,
861 3235 917 3282 et
941 3241 1134 3297 corpus
1158 3228 1300 3298 quod
1324 3228 1690 3298 laboraverat,
1719 3231 1881 3302 quieti
1927 3231 2162 3299 tradunt,

587 3328 778 3370 scusus
823 3330 1010 3373 omnes
1057 3319 1364 3384 remittunt,
1413 3329 1468 3375 et
1515 3323 1666 3391 quasi
1719 3324 1894 3378 nutrix
1941 3323 2162 3393 optima,

588 3419 838 3461 sensuum
863 3411 1074 3479 organis
1095 3411 1340 3468 omnibus
1365 3414 1594 3482 quietem
1621 3429 1652 3468 a
1682 3414 1948 3470 laboribus
1980 3416 2167 3487 fatiga-

582 3497 926 3569 tionibusque
971 3502 1290 3556 concedunt.
1339 3502 1472 3558 Cum
1522 3519 1649 3559 vero
1691 3520 1939 3561 mensura
1991 3509 2165 3562 noctis

590 3587 809 3658 impleta
837 3589 993 3653 fuerit
1012 3631 1027 3656 ,
1056 3593 1488 3662 appr0pinquans
1525 3593 1656 3650 lucis
1681 3595 1946 3651 adventus
1968 3597 2167 3652 excitat

589 3688 645 3732 et
676 3678 726 3733 id
748 3681 854 3749 agit
880 3688 937 3735 ut
965 3682 1200 3752 vigentes
1228 3682 1518 3755 reiectique
1537 3700 1728 3742 sensus
1755 3687 1962 3742 solarcs
1988 3687 2166 3743 radios

590 3768 816 3833 adeant.
846 3779 901 3825 et
927 3781 986 3825 ut
1013 3772 1173 3828 homo
1198 3789 1332 3830 nova
1360 3776 1587 3846 quadam
1631 3787 1686 3833 et
1724 3777 1948 3834 ferventi
1977 3780 2168 3835 alacri-

590 3867 701 3915 tate
726 3862 994 3916 consuetis
1021 3863 1269 3932 operibus
1293 3879 1507 3920 manum
1528 3867 1828 3926 admoveat.
1858 3869 1986 3924 lllud
2007 3871 2165 3926 etiam

589 3951 646 4005 in
683 3955 805 4005 anni
836 3954 1275 4010 conversionibus
1304 3955 1418 4012 fieri
1443 3959 1728 4031 cernimus.
1761 3959 2000 4015 iiiemem
2024 3963 2166 4015 enim

589 4042 788 4113 excipit
816 4059 910 4099 ver
933 4085 947 4108 ,
988 4054 1043 4100 et
1065 4059 1267 4102 exacta:
1295 4051 1465 4104 testati
1495 4037 1730 4107 succedit
1757 4063 2041 4109 autumnus
2070 4073 2084 4110 :
2111 4064 2169 4109 ut

590 4147 687 4203 per
723 4135 1138 4192 vicissitudinem
1185 4149 1482 4210 temporum
1510 4152 1563 4198 et
1604 4147 1788 4199 mutati
1835 4147 1974 4200 aeris
2014 4149 2168 4216 quie-

592 4233 745 4278 scant
769 4239 989 4295 corpora
1034 4239 1210 4283 nostra
1233 4270 1246 4294 ,
1293 4247 1464 4301 neque
1490 4233 1684 4303 frigore
1715 4237 1934 4290 nimium
1973 4253 2169 4308 conge-

591 4315 698 4370 lata
723 4328 1146 4388 corrumpantur,
1178 4337 1352 4392 neque
1373 4325 1564 4380 caloris
1587 4326 1919 4384 vehementia
1943 4331 2165 4386 nimium

590 4405 843 4462 calefacta
873 4407 1230 4466 dissolvantur
1261 4433 1275 4466 .-
1302 4421 1356 4467 et
1387 4424 1443 4468 ut
1483 4415 1548 4469 ad
1595 4416 1694 4472 hoc
1735 4434 1832 4472 nos
1877 4432 2162 4490 prmparet,

595 4494 757 4552 hiemi
784 4500 1054 4568 praemittit
1081 4510 1391 4558 autumnum
1413 4544 1430 4571 ,
1475 4514 1530 4560 et
1565 4510 1735 4562 testati
1767 4525 1878 4564 ver.
1931 4512 2082 4578 Quod
2119 4513 2165 4568 si

597 4589 716 4658 quis
755 4590 1044 4658 prudenter
1085 4592 1200 4649 hinc
1231 4597 1407 4652 omnia
1437 4613 1616 4654 secum
1643 4603 1951 4672 expenderit
1971 4646 1985 4671 ,
2019 4605 2168 4660 inve-

592 4679 703 4734 niet
732 4679 782 4736 in
805 4683 1051 4738 omnibus
1071 4687 1328 4742 creaturis
1352 4690 1588 4746 ordinem
1619 4701 1671 4745 et
1697 4695 1954 4750 rationem
1980 4713 2164 4767 quam-

592 4769 746 4837 dam,
790 4781 845 4827 et
872 4774 998 4830 nihil
1035 4786 1235 4833 temere
1256 4785 1311 4834 et
1333 4778 1532 4850 absque
1561 4784 1764 4838 ratione
1791 4785 2004 4841 iactum.
2054 4787 2166 4844 [loc

593 4870 648 4916 et
672 4861 725 4916 in
747 4865 1055 4930 seminibus,
1084 4885 1201 4938 qua:
1225 4885 1288 4924 ea
1314 4878 1452 4925 terra
1483 4884 1796 4940 nascuntur,
1838 4878 1954 4944 quis
1982 4879 2166 4934 videre

596 4960 790 5022 potest.
843 4953 1024 5024 Neque
1073 4961 1212 5012 cnim
1261 4962 1437 5018 omnia
1490 4963 1677 5018 eodem
1724 4974 1959 5036 tempore
2009 4969 2166 5023 tellus

594 5041 814 5111 profert,
847 5061 1018 5117 neque
1049 5062 1205 5104 omne
1234 5058 1440 5122 tempus
1469 5054 1535 5108 ad
1555 5056 1841 5111 excolenda
1871 5068 2025 5113 terra:
2045 5075 2166 5130 ger-

594 5134 735 5188 mina
790 5137 1036 5192 idoneum
1085 5149 1193 5204 est;
1253 5141 1346 5196 sed
1401 5145 1548 5199 novit
1595 5148 1825 5217 agricola
1872 5165 2164 5221 congruum

599 5233 808 5295 tempus
833 5270 848 5294 ,
879 5229 1017 5297 quod
1051 5245 1141 5300 per
1169 5233 1478 5303 sapientiam
1507 5237 1604 5292 sibi
1633 5252 1660 5291 a
1694 5239 1800 5293 Deo
1828 5240 2002 5296 datam
2031 5243 2166 5297 didi-

589 5317 696 5378 cit.
744 5320 956 5388 quando
1010 5338 1199 5392 nempe
1245 5327 1561 5392 serendum.
1615 5332 1824 5399 quando
1871 5335 2165 5402 piantaudm

593 5409 847 5472 arbores,
896 5415 1106 5481 quando
1142 5416 1275 5472 vites
1316 5426 1470 5474 terra:
1516 5420 1718 5476 sinibus
1757 5425 2161 5493 ςοιιειοιιειιιιω,

593 5501 805 5566 quando
835 5505 899 5557 ad
945 5522 1172 5562 messem
1204 5514 1453 5566 acuenda:
1493 5514 1651 5569 falces
1677 5557 1691 5579 ,
1737 5519 1947 5587 quando
1976 5518 2166 5575 decer-

596 5590 1052 5656 pemli'vinoarnm
1087 5597 1285 5652 fructus
1311 5640 1327 5664 ,
1358 5609 1410 5653 et
1454 5602 1588 5656 botri
1636 5606 1882 5660 demendi
1905 5649 1918 5672 ,
1953 5610 2164 5677 quando

595 5689 646 5733 et
677 5680 932 5736 olivarum
974 5688 1143 5742 bacca:
1188 5691 1513 5762 colligentlm.
1558 5697 1622 5749 Et
1652 5699 1922 5766 invenies,
1964 5703 2005 5755 si
2052 5702 2164 5757 hmc

598 5771 775 5824 omnia
807 5771 1083 5842 diligenter
1107 5781 1335 5836 volucris
1367 5785 1631 5856 inquirere
1652 5831 1664 5854 ,
1695 5805 1879 5861 magna
1907 5794 2163 5863 sapientia

660 5863 677 5893 ³
712 5861 912 5920 cludent
937 5872 1058 5929 διεδ..
1085 5870 1353 5924 clariorem.

1277 463 1335 520 8.
1373 460 1650 519 JOANNIS
1687 459 2160 520 ῡιιιιῑευετοιιι
2190 461 2510 524 ARCilll-ZP.
2536 467 3064 546 CONSTANTINOP.

3771 473 3845 533 9i

2263 583 2422 636 etiam
2461 582 2732 653 agriculas'
2765 598 2887 640 esse
2925 584 3196 655 praeditos.
3246 585 3364 642 iam
3412 603 3518 643 non
3569 590 3740 645 solum
3781 609 3838 646 ιιι

2260 679 2402 725 terra
2443 673 2544 728 hoc
2566 673 2749 729 videre
2779 673 2938 741 licet,
2968 675 3062 732 sed
3089 677 3250 732 etiam
3295 682 3346 732 tn
3377 679 3529 734 mari.
3584 679 3724 736 Ecce
3754 681 3845 737 hic

2258 759 2418 815 aliain
2461 764 2824 820 admirabilem
2867 767 3182 836 sapientiam
3226 779 3471 839 spectare
3511 781 3682 840 potes.
3725 770 3845 827 Scit

2258 852 2401 906 enim
2434 855 2712 910 nauclerus
2739 856 2951 925 quando
2975 857 3290 914 deducenda
3317 860 3386 914 sit
3413 860 3565 916 navis
3584 903 3598 926 ,
3626 861 3845 932 quando

2257 957 2287 996 a
2311 953 2466 1013 portu
2493 945 2822 1011 solvendum,
2848 945 3060 1016 quando
3091 949 3408 1004 transeunda
3432 952 3597 1004 maria
3621 967 3638 1016 ;
3666 952 3841 1007 maxi-

2261 1049 2452 1104 meque
2504 1035 2556 1089 in
2604 1037 2778 1091 nantis
2826 1037 3244 1108 deprehenditur
3291 1039 3631 1106 intellectus,
3680 1057 3842 1112 quens

2259 1123 2437 1179 divina
2465 1125 2720 1196 sapientia
2747 1127 2992 1183 humana
3022 1139 3223 1184 natura;
3251 1129 3458 1185 indidit.
3485 1130 3668 1200 Neque
3694 1132 3842 1186 enim

2259 1217 2348 1286 qui
2391 1231 2487 1287 per
2511 1217 2623 1272 vias
2654 1217 2892 1287 publicas
2919 1230 3164 1286 currunt,
3199 1222 3266 1276 ita
3293 1221 3606 1277 diverticula
3643 1223 3846 1287 sciunt,

2260 1319 2319 1362 ιιι
2346 1309 2380 1363 ii
2410 1310 2498 1379 qui
2529 1310 2580 1364 in
2605 1309 2757 1379 aquis
2778 1319 2982 1366 certum
3010 1312 3111 1367 iter
3139 1312 3357 1368 faciunt.
3410 1313 3633 1383 Propter
3661 1315 3762 1370 hoc
3784 1322 3848 1372 et

2259 1398 2530 1470 Scriptura
2561 1400 2947 1472 obstupescens
2990 1402 3316 1458 eminentem
3359 1404 3675 1473 sapientiam
3720 1403 3844 1472 Dei,

2261 1491 2391 1546 dicit
2423 1510 2437 1546 :
2472 1493 2568 1560 Qui
2592 1493 2727 1547 dedit
2751 1495 2803 1547 in
2835 1495 2965 1547 mari
3007 1495 3138 1548 siam
3161 1536 3176 1559 ,
3222 1504 3271 1548 et
3305 1495 3360 1548 in
3400 1510 3534 1564 squ
3570 1496 3848 1548 vehementi

2261 1585 2492 1638 sentiteut
2515 1584 2670 1655 (Sep.
2701 1585 2786 1640 ιι.
2818 1583 2896 1656 5).
2945 1585 3075 1653 Qua:
3101 1585 3331 1640 humana
3359 1585 3498 1640 ratio
3525 1594 3700 1655 potest
3726 1586 3844 1640 hate

2263 1677 2624 1744 pernoscere?
2678 1675 2934 1732 Eamdem
2981 1678 3244 1732 rationem
3295 1679 3529 1732 inveniet
3581 1677 3847 1748 quispiam

2263 1768 2422 1822 etiam
2467 1767 2519 1822 in
2547 1767 2681 1822 cibis
2703 1781 2837 1835 quos
2873 1768 3153 1823 sumimus.
3185 1767 3316 1822 Nam
3338 1769 3563 1838 singulis
3587 1768 3847 1839 tempori-‘-

2265 1860 2362 1913 bus
2387 1867 2442 1914 et
2466 1860 2588 1914 anni
2636 1860 2876 1928 partibus
2905 1861 3049 1914 varia
3075 1869 3130 1917 et
3156 1859 3368 1917 diversa
3409 1861 3562 1916 nobis
3588 1863 3844 1917 alimenta

2267 1935 2526 2004 Dominus
2580 1950 2800 2020 largitur
2843 1969 2857 2005 :
2907 1961 3048 2007 terra
3099 1953 3242 2007 enim
3291 1952 3440 2023 quasi
3491 1952 3688 2021 optima
3741 1968 3848 2007 nuo

2265 2041 2370 2094 trix
2395 2041 2534 2096 dona
2557 2056 2652 2097 sua
2683 2041 2836 2098 nobis
2863 2043 3064 2114 profert
3086 2084 3100 2108 ,
3132 2053 3399 2114 pratcepto
3424 2042 3692 2099 Creatoris
3731 2058 3852 2099 sor-

2269 2133 2440 2188 viens.

2334 2223 2387 2277 2.
2417 2223 2616 2278 Verum
2643 2239 2712 2280 ne
2747 2224 3335 2294 prolixius-sermonem
3360 2223 3644 2278 extendam
3665 2263 3680 2285 .
3722 2223 3853 2280 lice-

2265 2314 2341 2369 bit
2365 2315 2513 2370 vobis
2551 2330 2649 2386 pro
2673 2324 2851 2371 vestra
2881 2315 3159 2387 prudentia
3193 2331 3476 2372 recensere
3504 2316 3606 2370 alia
3643 2316 3848 2372 omnia.

2268 2405 2347 2458 Da
2371 2406 2512 2460 enim
2538 2448 2553 2470 ,
2599 2407 2768 2477 inquit
2789 2449 2804 2471 ,
2847 2407 3063 2476 sapienti
3092 2407 3402 2461 occasionem
3425 2449 3440 2473 ,
3484 2417 3532 2460 et
3571 2407 3851 2476 sapientior

2265 2497 2582 2566 erit,(Pror.
2612 2499 2666 2554 9.
2695 2498 2776 2568 9).
2831 2497 3014 2568 Neque
3061 2499 3114 2551 in
3159 2497 3356 2552 nostris
3401 2495 3673 2551 dumtaxat
3713 2496 3852 2553 ciliis

2268 2589 2368 2642 hoc
2395 2588 2576 2644 videre
2601 2598 2722 2655 est,
2768 2602 2863 2644 seu
2891 2597 2946 2642 et
2985 2589 3036 2642 in
3067 2589 3133 2642 iis
3157 2603 3278 2658 qua}
3303 2588 3578 2643 brutorum
3605 2595 3749 2642 sunt.
3784 2587 3851 2642 Et

2266 2679 2526 2748 poteritis,
2552 2679 2596 2733 si
2619 2677 2798 2745 vultis,
2831 2680 2990 2734 etiam
3018 2679 3069 2734 in
3099 2679 3276 2733 multis
3303 2679 3423 2733 aliis
3452 2678 3722 2748 inquirere
3745 2719 3761 2743 ,
3794 2685 3850 2733 et

2265 2771 2540 2827 addiscere
2576 2771 2764 2842 Optimi
2809 2772 3032 2828 artificis
3059 2771 3153 2828 Dei
3183 2771 3503 2826 ineﬂ’abilem
3533 2771 3849 2843 sapientiam

2266 2877 2321 2920 et
2346 2864 2667 2921 eminentem
2698 2863 2990 2920 bonitatem
3011 2904 3027 2930 ,
3054 2863 3325 2935 quomodo
3347 2872 3605 2918 creatum
3626 2861 3851 2932 singulas

2271 2956 2477 3011 ratione
2499 2956 2727 3026 quadam
2757 2955 2987 3011 condita:
3003 2955 3112 3010 sint
3145 2955 3185 3008 ⁸.
3212 2954 3467 3010 Similiter
3483 2954 3639 3025 igitur
3661 2958 3719 3007 et
3748 2952 3849 3008 Ιιιιο

2262 3047 2349 3116 jus
2377 3061 2543 3101 sacra:
2572 3046 3003 3117 Quadragesimz
3032 3055 3274 3115 tempore
3301 3047 3648 3103 constitutum
3694 3047 3851 3103 nobis

2267 3137 2615 3193 inveniemus.
2645 3136 2777 3192 Nam
2805 3137 3249 3206 quemadmodum
3280 3137 3332 3192 in
3356 3137 3457 3193 viis
3480 3139 3703 3208 publicis
3724 3149 3850 3194 sunt

2268 3230 2525 3285 stationes
2569 3238 2624 3284 et
2659 3229 3009 3296 diverticula,
3059 3229 3110 3283 in
3149 3229 3342 3300 quibus
3390 3227 3513 3284 fessi
3543 3229 3850 3286 viatoreset

2268 3321 2533 3389 respirant
2569 3330 2624 3375 et
2661 3321 2960 3390 quiescunt,
3013 3328 3073 3374 ut
3116 3329 3300 3389 postea
3345 3320 3446 3374 iter
3497 3336 3648 3375 suum
3679 3322 3850 3377 conli-

2269 3411 2414 3465 ciant
2442 3428 2454 3464 :
2481 3419 2536 3465 et
2565 3411 2702 3465 sicut
2729 3411 2779 3464 in
2814 3411 2948 3465 mari
2979 3410 3153 3465 littora
3180 3421 3305 3464 sunt
3325 3451 3339 3477 ,
3366 3420 3421 3466 et
3450 3423 3666 3481 portus,
3695 3421 3753 3467 ut
3780 3413 3853 3469 ibi

2271 3509 2446 3554 nautae
2484 3508 2759 3570 postquam
2797 3500 2993 3555 multos
3025 3498 3218 3554 fluctus
3245 3503 3607 3570 traiecerunt,
3638 3510 3695 3556 et
3724 3517 3852 3557 ven-

2271 3597 2446 3644 turum
2475 3590 2690 3658 impetui
2718 3591 3048 3657 restiterunt,
3079 3591 3338 3660 tantisper
3362 3593 3655 3662 quiescant,
3691 3603 3747 3648 et
3774 3594 3852 3649 sic

2272 3681 2462 3736 iterum
2491 3681 2743 3751 navigare
2774 3681 3028 3750 incipiant
3054 3697 3068 3737 :
3096 3682 3167 3736 ita
3192 3692 3248 3737 et
3268 3698 3408 3739 nunc
3436 3684 3500 3738 iis
3518 3685 3607 3754 qui
3635 3687 3685 3740 in
3711 3685 3852 3753 Qua-

2269 3772 2568 3842 dragesitna
2594 3773 2779 3841 jejunii
2802 3787 3016 3845 cursum
3048 3789 3334 3843 suscepere
3357 3818 3372 3840 ,
3413 3778 3562 3846 quasi
3593 3779 3852 3836 stationes

2270 3870 2326 3917 et
2345 3861 2637 3918 diversoria
2661 3903 2675 3927 ,
2703 3871 2758 3917 et
2784 3863 2962 3918 littora
2993 3872 3044 3919 et
3068 3873 3271 3934 portus,
3301 3867 3466 3921 hosce
3491 3866 3627 3922 duos
3652 3868 3852 3924 hebdo-

2273 3953 2441 4008 madas
2465 3953 2577 4008 dies
2598 3953 2677 4024 (α)
2709 3954 2967 4010 Dominus
2995 3956 3226 4026 quietem
3273 3955 3490 4026 largitus
3535 3968 3650 4026 est,
3697 3969 3753 4013 ut
3799 3970 3852 4016 et

2271 4044 2483 4112 corpori
2505 4043 2882 4113 aliquantulutn
2919 4046 3107 4115 jejunii
3138 4047 3372 4101 laborem
3403 4049 3731 4105 remittentes
3752 4093 3767 4117 ,
3798 4061 3854 4108 ct

2273 4133 2502 4188 animam
2533 4146 2857 4203 recreantes,
2896 4131 3099 4192 exactis
3128 4138 3336 4192 duobus
3383 4139 3488 4193 illis
3527 4139 3749 4202 diebus.
3797 4143 3850 4197 in

2273 4224 2498 4294 pulchre
2539 4237 2714 4296 empto
2749 4227 2939 4282 itinere
2982 4227 3228 4282 alacriter
3273 4238 3493 4298 pergant
3523 4230 3555 4283 ii
3583 4231 3671 4299 qui
3719 4231 3851 4288 illud

2273 4326 2638 4386 susceperunt.
2687 4319 2797 4388 Age
2825 4318 2984 4388 igitur
3008 4359 3022 4384 ,
3050 4319 3171 4388 quia
3195 4319 3351 4374 hodie
3390 4321 3717 4376 remissionis
3736 4322 3852 4379 dies

2271 4418 2354 4463 est
2375 4449 2392 4476 ,
2430 4410 2826 4464 obsecrabimus
2854 4420 3085 4465 vestram
3111 4413 3408 4478 caritatem,
3437 4424 3494 4468 ut
3520 4431 3707 4488 magna
3727 4417 3850 4473 dili-

2268 4501 2442 4571 gentia
2471 4501 2671 4555 lucrum
2696 4516 2759 4554 es
2782 4500 2989 4570 jejunio
3009 4503 3290 4557 collectqu
3315 4503 3625 4560 custodiatis
3649 4523 3662 4556 :
3687 4515 3740 4561 et
3759 4521 3846 4563 re-

2269 4601 2481 4661 sumpto
2509 4607 2789 4660 parumper
2828 4592 3016 4661 spiritu
3040 4633 3055 4658 ,
3101 4607 3223 4646 mox
3269 4593 3461 4647 iterum
3496 4595 3669 4664 priora
3697 4598 3848 4653 novis

2271 4685 2615 4740 incrementis
2661 4684 2977 4750 cumuletis,
3019 4694 3074 4740 et
3099 4685 3176 4738 sic
3216 4685 3466 4755 paulatim
3497 4685 3564 4740 ad
3593 4688 3848 4756 majorem

2271 4775 2680 4847 negotiationem
2724 4778 3001 4840 instructi,
3050 4778 3101 4830 in
3135 4777 3464 4832 Dominicunt
3495 4779 3635 4833 diem
3662 4795 3856 4836 occur-

2271 4869 2420 4933 ratis,
2449 4877 2502 4923 et
2530 4869 2858 4936 spiritualem
2888 4877 3116 4922 vestram
3138 4869 3310 4922 navim
3339 4869 3388 4921 in
3419 4879 3626 4938 portum
3652 4883 3850 4928 sancite

2273 4961 2569 5015 festivitatis
2606 4960 2814 5028 plenam
2855 4959 3148 5014 adducatis.
3200 4959 3330 5014 Nam
3359 4959 3494 5015 sicut
3525 4961 3703 5016 omnia
3729 4979 3848 5027 quin

2270 5067 2300 5105 a
2343 5051 2567 5104 Domino
2608 5061 2732 5104 sunt
2774 5051 2908 5104 facta
2932 5091 2948 5116 ,
2991 5051 3126 5105 sicut
3153 5059 3207 5106 et
3245 5066 3494 5105 sermone
3525 5051 3846 5108 declaratum

2271 5151 2353 5196 est
2376 5151 2428 5197 et
2455 5156 2541 5196 res
2568 5142 2695 5211 ipsa:
2721 5151 2998 5204 testantur,
3023 5140 3226 5195 ra.ioue
3254 5149 3306 5194 et
3335 5141 3590 5209 sapientia
3620 5144 3845 5214 quadam

2271 5231 2407 5288 facta
2437 5243 2582 5300 sunt,
2612 5249 2766 5288 usum
2794 5234 3153 5288 necessarium
3179 5233 3483 5288 exltibentia
3516 5254 3528 5288 :
3565 5235 3632 5289 ita
3655 5248 3709 5291 et
3730 5254 3848 5308 qua:

2269 5339 2300 5380 a
2327 5326 2478 5380 nobis
2505 5326 2637 5380 (lunt
2659 5367 2674 5391 ,
2717 5341 2784 5380 ne
2821 5325 3020 5395 absque
3043 5339 3201 5380 causa
3231 5333 3285 5379 et
3312 5322 3504 5380 frustra
3540 5327 3661 5381 tiaut
3691 5344 3842 5398 oper.

2337 5459 2352 5490 ι
2389 5457 2598 5512 misum.
2620 5471 2712 5506 imo
2731 5457 2870 5507 verbo
2890 5463 2935 5507 et
2948 5457 3107 5518 jussu.
3134 5470 3237 5517 pro.
3263 5457 3445 5507 ratione
3461 5459 3690 5517 quadam.

2336 5519 2408 5580 (α)
2450 5538 2470 5563 ι
2493 5521 2744 5567 sabbatum
2767 5521 2953 5568 scilicet
2989 5520 3220 5580 dicatque
3260 5522 3562 5576 neminium,
3588 5522 3846 5582 inquilini.

2272 5580 2437 5636 vilius;
2465 5583 2698 5642 Dominica
2730 5582 2956 5642 jejunare
2979 5594 3233 5642 numquam
3272 5582 3574 5639 permissum.
3603 5580 3844 5630 ln'Orteu-

2277 5642 2353 5690 tali
2377 5655 2500 5705 vero
2519 5641 2858 5691 Ecelesia’olim
2897 5651 2990 5690 tam
3026 5641 3160 5689 uetas
3189 5641 3391 5705 sabbato
3421 5642 3664 5705 jejunare,
3701 5657 3843 5705 quam

2273 5705 2350 5771 die
2374 5704 2630 5775 Dominica.
2677 5707 2903 5775 tgnatitts.
2939 5716 3028 5775 seu
3051 5704 3267 5772 quisquis
3305 5703 3483 5775 estqui
3522 5703 3630 5775 illas
3657 5703 3841 5775 scriitsit

2273 5765 2516 5831 epistolas.
2542 5778 2650 5824 qua:
2676 5765 2781 5825 ejus
2819 5763 3038 5814 feruntur
3064 5763 3252 5833 nomine
3280 5779 3291 5812 :
3549 5768 3842 5836 omnem

2273 5827 2400 5872 diem
2423 5833 2505 5873 aut
2519 5825 2788 5888 sabbatum,
2810 5837 2900 5873 toto
2915 5834 3114 5886 excepto
3125 5830 3379 5888 mundat,
3401 5837 3442 5877 ts
3463 5828 3642 5880 Christi
3665 5842 3730 5876 cc.
3748 5840 3844 5879 tsor

2273 5858 3379 5950 ἓέῗὲρἰὲἱῗέἵὸῗιίὶἰιῆίξέιῖεὲνὲν¹ι¹“’“’“”
