4086 6542
139 486 202 543 93
1265 469 1330 527 ιιι
1368 465 1518 527 CAP.
1560 464 1601 522 Ι.
1639 459 1884 521 GENES.
1924 461 2152 522 llOMlL.
2196 465 2287 523 XI.
3337 452 3412 513 ω

1821 578 2177 654 eleemosynis
2198 580 2574 653 dispertiendis
2589 588 2644 638 et
2668 579 2875 636 alendis
2895 574 3215 648 pauperibus
3231 581 3408 638 vacet.

1817 687 1990 744 neque
2012 673 2376 742 intemperans
2405 681 2587 729 castus
2611 669 2821 736 evadat,
2847 683 3021 738 neque
3043 680 3193 720 vana:
3219 665 3409 735 glorias

1815 762 2086 819 studiosus
2111 762 2254 820 illam
2295 769 2676 826 contemnere,
2721 770 2778 816 et
2805 773 2985 814 veram
3011 756 3235 828 gloriam
3261 757 3408 811 deal-

1816 853 2006 910 derare
2033 854 2223 920 discat,
2251 869 2425 926 neque
2449 854 2689 910 caritatis
2718 851 2770 908 in
2792 851 3093 923 proximum
3115 849 3411 920 negligens,

1812 946 2052 1015 scip'sum
2078 945 2318 1000 excitans
2342 946 2434 1000 det
2461 959 2712 1014 operam,
2745 953 2805 999 ut
2835 957 2940 997 non
2977 941 3151 996 solum
3186 955 3292 996 non
3317 938 3412 994 in-

1820 1034 1982 1090 fer.or
1999 1035 2070 1089 sit
2095 1034 2390 1106 publicanis
2419 1034 2585 1105 (Nam
2611 1035 2656 1088 si
2686 1033 2896 1104 diligitis
2918 1049 3000 1087 eos
3023 1073 3037 1100 ,
3061 1032 3150 1101 qui
3176 1047 3261 1086 vos
3285 1030 3411 1085 dili-

1818 1135 1940 1197 gunt
1964 1165 1977 1187 ,
2008 1125 2214 1194 inquit,
2246 1125 2369 1192 quid
2394 1127 2615 1196 amplius
2637 1125 2804 1195 facilis
2827 1122 2852 1176 .’
2896 1139 3063 1177 nonne
3087 1133 3132 1176 et
3156 1121 3414 1192 publicani

1821 1216 1913 1269 hoc
1942 1216 2136 1286 faciunt
2163 1214 2371 1287 [Μαιιιι.
2393 1216 2445 1271 5.
2470 1214 2560 1285 ιθ]
2583 1214 2604 1266 2
2628 1216 2644 1281 )
2665 1255 2680 1280 ,
2710 1212 2805 1268 sed
2831 1223 2884 1268 et
2909 1223 2967 1267 ut
2993 1212 3230 1266 animum
3257 1227 3412 1270 suum

1822 1305 1891 1360 ita
1937 1307 2216 1372 instituat,
2263 1314 2402 1360 utet
2450 1305 2695 1360 inimicos
2745 1303 3055 1358 humaniter
3099 1304 3322 1373 aspiciat
3360 1310 3419 1362 et

1821 1411 2066 1466 magnam
2091 1397 2219 1466 ipsis
2247 1398 2523 1452 caritatem
2551 1396 2822 1451 exhibeat.
2869 1394 3024 1462 Quod
3054 1396 3098 1450 si
3119 1395 3416 1451 all‘ectioni-

1823 1490 1921 1546 lius
1951 1489 2086 1554 istis,
2117 1498 2172 1545 et
2196 1489 2317 1544 aliis
2338 1505 2456 1560 qure
2483 1491 2534 1544 in
2563 1490 2717 1544 nobis
2748 1498 3076 1554 nascuntur,
3109 1471 3418 1558 superiora

1825 1596 1931 1636 non
1963 1581 2239 1647 fuerimus,
2269 1581 2394 1636 licet
2418 1579 2657 1651 quotidie
2687 1580 2774 1634 hic
2796 1580 3198 1645 conveniamus,
3232 1590 3285 1634 et
3313 1578 3420 1634 fre-

1825 1673 2112 1742 quentibus
2141 1673 2488 1728 concionibus
2517 1684 2677 1743 atque
2704 1671 2946 1727 doctrina
2990 1681 3136 1726 tanta
3173 1671 3422 1726 institua-

1828 1781 1947 1819 mnr
1970 1806 1982 1829 ,
2032 1775 2342 1835 tantumque
2366 1780 2396 1818 a
2417 1764 2624 1834 jejunio
2666 1764 3075 1818 adminiculum.
3097 1762 3417 1832 habeammi,

1827 1857 1998 1926 qualis
2038 1857 2142 1910 erit
2169 1855 2324 1911 nobis
2349 1855 2540 1910 venia?
2589 1854 2762 1925 qualis
2807 1852 3088 1908 defensio?
3137 1853 3232 1908 Dic
3275 1851 3420 1916 enim

1831 1948 1959 2003 tnihi
1983 1987 2001 2014 ,
2047 1949 2270 2003 obsecro
2294 1987 2310 2015 ,
2344 1948 2388 2001 si
2435 1961 2656 2016 puerum
2687 1955 2834 2000 tuum
2860 1944 3096 2017 quotidie
3122 1943 3337 1999 videres
3360 1942 3414 1999 in

1831 2039 2013 2104 ludum
2041 2041 2141 2106 ire,
2173 2046 2228 2094 et
2249 2038 2417 2108 multo
2439 2037 2623 2107 elapso
2645 2045 2884 2105 tempore
2909 2034 3040 2089 nihil
3065 2036 3196 2088 lucri
3223 2036 3418 2096 facere,

1831 2131 2165 2203 patienterne
2191 2129 2405 2187 ferres?
2452 2144 2632 2184 nonne
2657 2137 2709 2182 et
2731 2143 2954 2198 puerum
2986 2126 3304 2182 verberares
3322 2165 3337 2190 ,
3365 2136 3425 2182 et

1832 2225 2144 2293 magistrum
2174 2221 2468 2292 argueres?
2497 2230 2551 2276 et
2571 2222 2614 2275 si
2630 2218 2828 2275 deinde
2852 2219 3090 2275 disceres
3106 2217 3421 2288 magistrum

1832 2331 1994 2370 omne
2018 2313 2159 2384 quod
2185 2313 2347 2370 officii
2375 2314 2456 2368 sui
2485 2322 2600 2368 erat
2628 2313 2819 2368 fecisse
2839 2353 2854 2379 ,
2887 2323 2941 2367 et
2979 2312 3136 2380 plane
3180 2310 3424 2366 intermi-

1834 2408 1969 2463 sisse
1988 2405 2138 2474 nihil,
2157 2406 2306 2476 pueri
2327 2414 2503 2460 autem
2523 2404 2784 2474 ignaviam
2797 2418 3010 2457 causam
3026 2417 3150 2461 esse
3163 2402 3423 2457 omnium:

1837 2513 2014 2554 nonne
2043 2497 2462 2566 indignationem
2491 2510 2704 2550 omnem
2737 2493 2792 2548 in
2829 2507 3052 2562 puerum
3083 2491 3426 2562 transferres,

1839 2605 1944 2646 non
1986 2589 2095 2659 jam
2144 2603 2402 2644 accusans
2445 2587 2802 2659 magistrum?
2851 2586 3083 2655 ldipsum
3111 2594 3165 2640 et
3195 2585 3281 2648 hic
3302 2585 3428 2656 jure

139 608 225 665 tet,
261 597 354 654 sed
385 597 440 653 in
467 595 752 653 utilitatem
778 599 833 648 et
856 591 1062 646 lucrum
1092 595 1288 643 nostra:
1314 582 1520 643 salutis.
1569 577 1703 638 Nam

139 691 178 746 si
203 690 234 744 ii
261 690 349 758 qui
380 685 731 743 sazcularibus
756 681 983 753 negotiis
1008 676 1171 736 dediti
1197 684 1356 740 sunt,
1395 670 1585 728 adduci
1613 683 1710 758 ne.

137 757 356 850 queant.
399 788 459 839 ut
495 791 611 832 rem
642 775 869 844 aliquam
893 769 1171 841 incipiant,
1201 765 1304 822 nisi
1335 763 1483 836 prius
1508 757 1709 832 aliquid

143 874 260 928 lucri
286 871 534 928 suboleat
559 884 573 922 :
601 866 770 921 multo
798 862 965 939 magis
1004 862 1205 932 justum
1245 865 1360 922 est,
1392 863 1452 910 ut
1480 866 1580 908 nos
1611 852 1712 907 hoc

143 965 418 1027 faciamus,
461 972 639 1030 neque
683 957 753 1012 ita
799 953 1110 1024 simpliciter
1132 949 1457 1022 jejuniorum
1501 941 1709 1000 hebdo-

138 1053 294 1109 madas
317 1057 640 1123 prattereant
667 1088 682 1112 ,
723 1046 816 1113 sed
843 1052 1144 1100 scrutemur
1169 1053 1321 1096 suam
1349 1036 1545 1108 quique
1582 1047 1714 1088 cun-

138 1142 399 1198 scientiam
425 1180 441 1204 ,
489 1147 545 1193 et
573 1138 832 1192 rationem
863 1131 1258 1192 examinemus,
1285 1125 1715 1182 consideremus-

139 1247 233 1303 que
251 1273 267 1297 ,
291 1229 545 1301 quidnam
574 1227 625 1282 in
657 1227 756 1280 hac
781 1222 1113 1279 hcbdomada
1154 1219 1322 1289 probe
1345 1225 1523 1272 actum
1544 1255 1560 1280 ,
1584 1212 1711 1285 quid

140 1323 188 1377 in
213 1324 329 1388 alia,
357 1333 410 1377 et
432 1320 592 1390 quale
607 1325 949 1386 augmentum
975 1312 1342 1382 acceperimus
1369 1308 1422 1362 in
1445 1304 1709 1376 sequenti,

139 1429 261 1483 quas
298 1415 349 1468 in
389 1411 546 1466 nobis
584 1409 894 1465 affectiones
933 1403 1284 1464 correximus.
1335 1397 1447 1454 Nisi
1474 1396 1615 1453 enim
1644 1395 1714 1448 ita

140 1504 289 1556 vitam
344 1510 583 1556 nostram
641 1494 1067 1559 instituerimus,
1125 1502 1478 1562 magnamque
1523 1485 1717 1550 anima:

142 1604 326 1649 nostra:
357 1605 544 1647 curam
575 1590 918 1660 gesserimus,
966 1584 1096 1639 nihil
1127 1582 1280 1637 nobis
1304 1578 1421 1634 usui
1450 1577 1552 1633 erit
1578 1575 1719 1646 jeju-

141 1686 298 1750 nium,
328 1684 411 1737 vel
443 1681 614 1736 inedia
640 1695 796 1750 quam
823 1678 1136 1738 toleramus,
1170 1669 1464 1744 praesertim
1495 1667 1538 1723 si
1568 1682 1717 1722 com-

142 1777 268 1846 perti
322 1774 581 1830 fuerimus
632 1772 910 1826 inferiores
964 1768 1028 1822 iis
1079 1767 1169 1838 qui
1223 1774 1428 1819 tantum
1484 1759 1718 1816 studium

143 1865 448 1936 Colligendis
475 1863 667 1932 Opibus
706 1859 1022 1931 impendunt
1061 1876 1073 1912 :
1116 1851 1318 1911 nullum
1358 1854 1500 1910 enim
1529 1851 1720 1905 horum

144 1955 394 2023 invenies,
425 1953 516 2025 qui
541 1968 646 2008 non
673 1967 879 2007 summa
897 1949 1164 2019 vigilantia
1190 1947 1416 2010 laboret,
1446 1959 1553 2015 quo
1576 1943 1721 2012 prio-

144 2048 280 2102 ribus
294 2045 532 2116 quotidie
554 2041 752 2113 aliquid
775 2040 1008 2112 adjiciat,
1028 2039 1182 2110 etqui
1200 2051 1451 2106 umquam
1469 2035 1723 2090 satietur:

142 2138 228 2194 sed
264 2145 465 2209 quanto
504 2135 810 2190 facultatum
857 2133 1028 2204 major
1052 2140 1136 2186 est
1166 2129 1438 2198 accessio,
1483 2135 1635 2183 tanto
1671 2135 1726 2184 et

142 2242 318 2283 curam
351 2235 408 2282 et
451 2225 686 2280 studium
716 2238 870 2278 suum
912 2222 1140 2290 amplius
1183 2219 1430 2276 intendit.
1488 2216 1640 2285 Quod
1680 2217 1725 2271 si

143 2317 225 2371 ubi
254 2316 489 2372 studium
516 2324 599 2370 est
625 2313 811 2368 inutile
830 2353 846 2380 ,
879 2323 932 2368 et
958 2310 1156 2365 divitia:
1186 2323 1594 2384 nonnumquam.
1613 2322 1756 2361 ma-A

141 2423 295 2478 gnam
327 2406 516 2460 salutis
541 2405 733 2459 anima:
769 2403 1026 2474 iacturam
1068 2399 1329 2473 aferunt,
1378 2407 1524 2463 tanta
1550 2396 1758 2452 tamen
1813 2414 1817 2418 ·

143 2499 410 2571 vigilantia
441 2512 528 2552 res
570 2504 829 2566 aguntur,
884 2491 1152 2563 quomodo
1201 2505 1304 2545 non
1353 2490 1522 2543 multo
1562 2489 1729 2558 magis

145 2591 278 2646 istud
324 2600 412 2646 est
460 2589 795 2654 faciendum,
844 2586 931 2640 ubi
977 2583 1264 2654 diligentiae
1302 2582 1465 2637 multa
1495 2579 1732 2635 succedit

145 2683 340 2737 utilitas
367 2724 382 2747 ,
413 2680 799 2750 incd'abilisque
822 2690 1032 2732 merces
1056 2690 1118 2730 ac
1143 2675 1346 2729 lucrum
1376 2672 1732 2727 immensum?

145 2773 272 2829 Nam
299 2773 412 2828 illic
451 2772 665 2843 quidem
691 2779 887 2842 praeter
917 2768 1030 2823 haec
1056 2767 1235 2824 omnia
1263 2763 1420 2820 ﬂuxa:
1446 2761 1732 2818 admodum

145 2875 197 2919 et
223 2863 445 2918 incerta:
468 2860 706 2925 divitize,
755 2856 1018 2912 instabilis
1054 2853 1397 2924 pecuniarum
1427 2852 1731 2923 possessio:

147 2969 249 3008 non
276 2954 454 3008 solum
484 2950 647 3021 quod,
677 2948 989 3004 imminente
1016 2952 1207 3009 morte,
1242 2944 1369 3014 ipsa
1396 2933 1484 2998 hic
1513 2955 1736 2997 manen-

151 3057 246 3110 tes,
273 3043 480 3099 nullam
501 3042 580 3097 eis
601 3041 689 3112 qui
710 3040 827 3094 illas
841 3039 1108 3108 collegere
1127 3036 1406 3096 utilitatem
1428 3032 1733 3089 conferant:

147 3134 237 3189 sed
265 3135 428 3190 etiam
456 3130 597 3201 quod
627 3130 967 3185 manentibus
997 3127 1084 3180 hic
1107 3125 1344 3196 pecuniis
1366 3165 1383 3190 ,
1415 3138 1606 3194 magna
1646 3137 1733 3177 se-

150 3226 373 3280 veritate
422 3229 682 3292 cogentur
722 3218 788 3274 de
836 3219 966 3288 ipsis
1008 3216 1134 3272 alibi
1179 3215 1445 3270 rationem
1488 3213 1733 3269 reddere.

150 3311 304 3384 Smpe
346 3327 557 3384 quoque
595 3310 788 3367 accidit
838 3317 894 3363 ut
939 3316 1065 3362 ante
1108 3314 1346 3380 mortem
1378 3313 1498 3374 post
1543 3303 1741 3359 multos

151 3406 362 3460 labores
383 3446 400 3470 ,
457 3411 513 3458 et
539 3401 792 3465 sudores,
838 3409 997 3469 atque
1019 3410 1307 3462 mrumnas,
1335 3395 1485 3464 quasi
1513 3391 1741 3463 procella

150 3494 382 3568 quadam
423 3493 699 3564 ingruente
742 3489 1077 3560 negotiorum
1121 3486 1476 3553 difficultate,
1521 3493 1743 3557 repente

150 3589 241 3659 qui
291 3586 550 3658 plurimas
592 3582 904 3653 possidebat
959 3579 1204 3646 divitias,
1261 3579 1342 3633 vel
1389 3576 1743 3648 pauperrimis

152 3682 323 3736 factus
367 3678 438 3733 sit
484 3675 785 3748 pauperior.
835 3673 1023 3741 Qualia
1067 3670 1285 3741 singulis
1329 3668 1518 3724 diebus
1565 3667 1746 3722 videre

149 3771 431 3840 contingit.
489 3767 646 3835 Atqui
695 3767 746 3822 in
789 3763 1048 3836 spirituali
1081 3759 1600 3832 negotiationenihil
1642 3759 1747 3814 tale

154 3861 552 3919 formidandum
581 3873 828 3928 umquam
861 3874 876 3912 :
905 3855 1112 3912 stabilis
1147 3854 1289 3910 enim
1333 3853 1418 3907 illa
1445 3861 1500 3908 et
1527 3852 1745 3906 immota

155 3963 375 4020 manet,
417 3962 472 4008 et
499 3951 586 4008 ubi
615 3965 678 4006 ea
705 3949 930 4005 multum
976 3960 1235 4017 egemus,
1279 3943 1348 3998 ibi
1397 3942 1466 3997 ab
1513 3942 1600 3997 illa
1634 3943 1748 4012 ipsa

157 4045 386 4100 Inuitum
415 4041 792 4114 consolationis
818 4038 1124 4110 accipimus.

229 4137 288 4191 '5.
323 4132 471 4189 Nihil
505 4131 706 4203 prodest
740 4129 1034 4201 jejunium,
1069 4142 1224 4195 neque
1260 4126 1435 4180 concio
1473 4125 1582 4180 sine
1610 4124 1751 4180 bouis

158 4228 416 4301 operibus.
447 4255 518 4266 —
546 4225 706 4300 Igitur
734 4222 859 4277 dum
903 4229 1116 4289 tempus
1160 4217 1452 4283 habemus,
1498 4216 1748 4281 obsecro,

163 4321 248 4376 vel
273 4318 466 4374 saltem
491 4315 543 4372 id
572 4313 728 4371 studii
759 4310 1127 4382 impendamus
1153 4305 1515 4380 spiritualibus
1559 4308 1753 4363 merci-

163 4413 266 4468 bus
293 4407 706 4481 conquirendis,
749 4404 890 4477 quod
921 4402 1008 4457 alii
1053 4404 1104 4458 in
1155 4401 1419 4472 perituras
1446 4399 1752 4464 collocant;

167 4517 342 4575 neque
368 4501 436 4556 ab
480 4499 581 4555 hac
625 4496 977 4554 sollicitudine
1019 4505 1324 4558 cessemus,
1366 4491 1411 4545 si
1453 4499 1599 4547 recte
1627 4489 1756 4562 quid

168 4601 347 4649 actum
393 4589 551 4645 fuerit
573 4629 587 4653 ,
621 4588 703 4642 vel
750 4586 794 4641 si
836 4586 1064 4654 aliquam
1094 4581 1436 4638 all'ectiouum
1462 4581 1617 4636 nobis
1641 4597 1758 4636 mo-

172 4685 429 4741 lestarum
460 4696 648 4750 magna
676 4677 941 4748 vigilantia
980 4674 1439 4746 proﬂigaverimus
1463 4714 1476 4737 ,
1522 4681 1582 4727 ut
1625 4686 1759 4727 eon-

172 4775 411 4833 scientiae
441 4773 580 4828 bono
611 4771 852 4826 instructi
891 4768 1195 4824 testimonio
1219 4809 1234 4832 ,
1267 4765 1575 4836 multiplicis
1613 4763 1764 4819 volu-

177 4871 335 4942 ptatis
364 4867 590 4924 fructum
620 4865 996 4936 percipiamus.
1048 4861 1229 4931 Neque
1258 4860 1400 4914 enim
1440 4859 1542 4912 hoc
1586 4856 1760 4912 solum

176 4961 468 5033 qumritur,
495 4967 552 5021 ut
578 4958 681 5012 huc
705 4955 940 5026 quotidie
961 4952 1368 5016 conveniamus,
1397 4960 1451 5005 et
1477 4950 1544 5006 de
1574 4949 1762 5005 iisdem

176 5057 434 5111 continuo
483 5049 793 5113 audiamus,
839 5056 893 5102 et
937 5062 1032 5116 per
1077 5053 1242 5098 totam
1289 5043 1762 5112 Quadragesimam

172 5147 499 5219 jejunemus.
550 5139 988 5210 Quandoquidem
1019 5138 1064 5194 si
1093 5136 1224 5191 nihil
1250 5152 1312 5190 ex
1345 5134 1608 5205 frequenti
1635 5149 1766 5189 con-

177 5245 343 5292 ventu
397 5240 453 5288 et
504 5230 900 5294 admonitione,
957 5237 1117 5299 atque
1168 5241 1236 5281 ex
1283 5225 1471 5296 jejunii
1528 5233 1770 5293 tempore

179 5329 377 5383 animae
403 5331 601 5379 nostra
624 5321 812 5377 lucrati
845 5319 1121 5385 fuerimus,
1161 5327 1286 5372 tunc
1311 5332 1416 5372 non
1439 5317 1610 5373 solum
1639 5315 1770 5371 nihil

181 5415 430 5472 utilitatis
454 5411 677 5468 aﬂ‘erent
700 5411 837 5476 haec,
866 5408 962 5464 sed
991 5419 1045 5464 et
1070 5407 1289 5478 majoris
1312 5404 1773 5462 condemnationis

183 5504 400 5564 occasio
423 5511 618 5569 erunt,
645 5503 688 5558 si
714 5500 929 5572 quidem
961 5509 1102 5554 tanta
1124 5498 1292 5554 curati
1316 5497 1584 5569 diligentia
1613 5495 1772 5551 iidem

183 5607 599 5672 permaneamus
619 5631 639 5660 ,
668 5603 719 5649 et
747 5593 792 5648 si
823 5607 998 5662 neque
1027 5589 1314 5646 iracundus
1341 5589 1433 5643 iiat
1457 5587 1602 5643 mitis
1625 5628 1640 5655 ,
1673 5601 1774 5642 ne-

188 5701 294 5760 que
321 5682 746 5755 indignabundus
771 5682 825 5737 in
843 5680 1301 5737 mansuetudinem
1320 5692 1378 5734 se
1393 5686 1586 5742 vertat,
1605 5691 1779 5746 neque

193 5776 405 5833 invidus
429 5774 483 5831 in
513 5772 936 5830 benevolentiam
967 5786 1027 5828 se
1053 5770 1356 5837 transferat,
1389 5784 1562 5840 neque
1586 5760 1778 5824 insano

195 5866 496 5925 divitiarum
540 5879 723 5922 amore
767 5874 1046 5937 correptus
1091 5862 1314 5921 desistat
1359 5861 1428 5918 ab
1471 5859 1698 5923 affectu,
1725 5868 1781 5915 et

1839 2680 2138 2738 faciendum
2169 2689 2270 2735 est.
2318 2679 2430 2736 Nos
2463 2679 2606 2734 enim
2626 2719 2643 2745 ,
2669 2678 2790 2748 quia
2819 2692 2914 2746 per
2939 2677 3165 2749 gratiam
3191 2675 3430 2736 divinam

1839 2772 1904 2827 ad
1940 2772 2043 2827 hoc
2085 2771 2334 2826 destinati
2363 2783 2582 2836 sumus,
2625 2770 2773 2839 quasi
2824 2769 3132 2839 spirituales
3161 2771 3178 2801 ί
3209 2769 3348 2824 ﬁlios
3378 2769 3433 2823 lu

1843 2865 2004 2919 hasce
2030 2862 2243 2918 scholas
2270 2876 2366 2916 vos
2387 2859 2625 2930 quotidie
2655 2871 2928 2925 vocantes,
2961 2860 3252 2916 salutarem
3275 2858 3431 2915 vobis

1841 2954 2137 3010 doctrinam
2190 2941 2536 3023 proponimus
2579 2969 2593 3005 :
2640 2965 2814 3020 neque
2854 2965 2914 3004 ea
2967 2967 3089 3020 quae
3133 2967 3200 3006 ex
3246 2960 3433 3012 nostra

1844 3054 2025 3101 mente
2053 3036 2471 3114 excogitavimus
2493 3082 2510 3108 ,
2556 3041 2651 3096 sed
2679 3056 2742 3097 ea
2770 3057 2889 3111 qua:
2917 3057 2947 3096 a
2975 3041 3204 3098 Domino
3232 3057 3328 3112 per
3349 3041 3437 3097 di-

1845 3137 1997 3192 vinas
2018 3135 2321 3204 Scripturas
2351 3133 2506 3188 nobis
2540 3133 2734 3188 donata
2762 3142 2917 3197 sunt,
2963 3134 3016 3188 iu
3045 3133 3279 3190 medium
3305 3133 3437 3190 affe-

1845 3230 2012 3284 rimus
2048 3221 2245 3296 illaque
2271 3224 2422 3280 vobis
2455 3223 2764 3294 frequenter
2792 3224 3141 3279 inculcamus.
3197 3224 3252 3279 Si
3283 3238 3434 3292 ergo,

1845 3335 1967 3374 cum
2012 3332 2110 3373 nos
2152 3331 2365 3372 omnem
2411 3316 2760 3372 adhibeamus
2796 3315 3124 3385 vigilantiam
3166 3328 3437 3385 omneque

1847 3409 2108 3475 studium,
2140 3415 2196 3463 et
2223 3422 2318 3463 vos
2347 3407 2586 3477 quotidie
2625 3406 2677 3460 in
2709 3405 2850 3459 viam
2889 3405 3130 3461 veritatis
3155 3403 3435 3475 ducamus,

1847 3497 1944 3557 vos
1970 3502 2020 3555 in
2045 3500 2232 3556 iisdem
2259 3499 2614 3571 perseveretis
2644 3499 2797 3554 malis
2822 3518 2836 3552 :
2867 3498 3097 3568 cogitate
3125 3505 3356 3569 quantus
3384 3506 3442 3553 et

1850 3599 2031 3648 noster
2050 3592 2119 3646 sit
2139 3590 2344 3646 futurus
2359 3590 2531 3657 dolor,
2554 3598 2608 3645 et
2631 3600 2826 3660 quanta
2843 3599 3016 3644 vestra
3038 3588 3440 3658 condemnatio,

1851 3698 1920 3738 ne
1964 3681 2090 3752 quid
2128 3681 2299 3736 dicam
2339 3681 2602 3736 acerbius.
2651 3679 2905 3747 Quamvis
2930 3681 3072 3736 enim
3102 3694 3202 3735 nos
3230 3679 3441 3746 crimini

1852 3788 1958 3828 non
1989 3772 2155 3826 simus
2175 3771 2410 3835 obnoxii,
2442 3779 2499 3824 ut
2525 3769 2613 3840 qui
2640 3769 2771 3824 nihil
2793 3767 3450 3842 prastermittamus,quod

1853 3862 1919 3917 ad
1949 3871 2178 3916 vestram
2211 3860 2473 3932 pertineat
2498 3858 2941 3924 aedificationem;
2991 3869 3170 3915 tamen
3198 3861 3322 3932 quia
3351 3876 3445 3916 ve-

1854 3963 1980 4008 stra:
2009 3953 2190 4018 salutis
2216 3965 2402 4006 curam
2444 3950 2678 4020 gerimus
2701 3990 2718 4018 ,
2767 3949 2888 4005 ideo
2928 3965 3036 4004 non
3074 3965 3360 4021 possumus
3390 3949 3447 4005 il

1857 4062 1964 4115 non
1994 4045 2225 4116 graviter
2263 4042 2424 4099 ferre.
2475 4043 2607 4111 Quia
2656 4051 2711 4098 et
2746 4041 2937 4097 doctor
2960 4056 3081 4096 cum
3111 4041 3258 4096 videt
3284 4039 3452 4102 disci-

1858 4138 2039 4208 pulum
2065 4136 2268 4196 nullum
2293 4150 2358 4190 ex
2385 4149 2513 4189 cura
2550 4149 2645 4188 sua
2686 4133 2912 4190 fructum
2945 4132 3122 4188 facere
3143 4175 3159 4198 ,
3191 4148 3298 4188 non
3329 4133 3450 4188 vul-

1859 4232 2055 4303 gariter
2078 4229 2223 4286 dolet
2255 4236 2308 4284 et
2329 4228 2535 4300 gemit,
2580 4226 2772 4282 videns
2799 4241 2860 4282 se
2887 4241 3102 4282 omnem
3131 4227 3372 4284 laborem
3398 4235 3455 4299 et

1861 4338 2078 4398 operam
2110 4319 2354 4391 perdere.

1933 4417 1988 4474 ιι.
2029 4415 2154 4471 Hzec
2177 4429 2322 4470 nunc
2339 4413 2462 4470 dico
2477 4415 2520 4480 ⁸,
2551 4427 2656 4468 non
2679 4421 2739 4467 ut
2761 4412 3038 4468 caritatem
3060 4419 3292 4475 vestram
3319 4425 3458 4470 mm-

1864 4525 1987 4577 rore
2014 4507 2266 4572 afficiam,
2295 4507 2388 4562 sed
2437 4516 2495 4561 ut
2520 4507 2749 4561 excitem
2795 4515 2848 4560 et
2879 4504 3139 4560 instruam
3160 4545 3175 4570 ,
3218 4520 3325 4576 quo
3353 4520 3460 4560 nou

1866 4601 2061 4658 frustra
2087 4599 2302 4671 jejuniis
2329 4613 2521 4668 corpus
2547 4597 2841 4669 caetigetis,
2873 4611 3048 4667 neque
3082 4605 3284 4654 temere
3325 4605 3381 4652 et
3407 4595 3464 4650 in

1867 4707 2062 4745 vanum
2111 4691 2223 4745 dies
2268 4688 2700 4758 Quadragesimze
2749 4672 2964 4743 sanctae.
2999 4686 3323 4757 transigatis.
3394 4685 3467 4753 Et

1869 4781 1992 4852 quid
2023 4780 2142 4835 dico
2185 4778 2302 4834 dies
2339 4777 2777 4848 Quadragcsimze
2816 4787 3052 4844 sanetzc,
3091 4792 3210 4832 cum
3245 4790 3468 4846 prorsus

1873 4872 2070 4928 nullam
2119 4886 2218 4927 nos
2239 4870 2379 4925 diem
2431 4883 2686 4940 umquam
2735 4868 3037 4939 transigere
3084 4876 3368 4939 oporteat,
3420 4867 3468 4923 si

1874 4963 2124 5036 possibile
2150 4971 2251 5027 est,
2281 4976 2378 5033 per
2408 4969 2577 5016 totum
2611 4960 2737 5022 vita:
2760 4959 3086 5015 curriculum
3109 5000 3125 5026 ,
3150 4958 3202 5014 in
3230 4973 3333 5029 qua
3361 4973 3469 5014 non

1874 5057 2078 5111 lucrum
2112 5053 2331 5123 aliquod
2370 5052 2648 5124 spirituale
2695 5052 2748 5111 in
2793 5051 2949 5107 nobis
2987 5065 3345 5121 reponamus,
3385 5047 3473 5104 vel

1874 5163 1970 5217 per
1997 5161 2206 5217 preces.
2237 5145 2320 5200 vel
2349 5160 2447 5214 per
2468 5144 2860 5199 confessionem
2884 5184 2899 5208 ,
2939 5143 3022 5197 vel
3056 5157 3150 5212 per
3168 5141 3473 5216 e‘leemosy-

1877 5254 2004 5306 nas,
2037 5238 2120 5293 vel
2149 5252 2245 5307 per
2271 5235 2445 5306 aliqua
2471 5235 2575 5290 alia
2612 5235 2908 5306 spiritualia
2936 5235 3078 5291 bona
3107 5234 3310 5305 opera?
3339 5231 3475 5288 Nam

1830 5387 1841 5393 ,
1878 5330 1923 5385 si
1945 5327 2142 5384 Paulus
2172 5336 2350 5382 tantus
2377 5335 2432 5393 et
2458 5327 2599 5391 talis,
2623 5326 2713 5396 qui
2734 5340 2928 5382 arcana
2959 5325 3050 5380 illa
3071 5323 3232 5380 verba
3252 5323 3474 5392 audivit,

1879 5436 1998 5492 quae
2028 5433 2197 5490 usque
2225 5419 2277 5473 in
2307 5418 2624 5476 hodiernum
2663 5417 2805 5474 diem
2849 5417 3024 5472 nullus
3064 5417 3330 5488 cognovit,
3357 5413 3477 5472 cla-

1883 5510 2062 5566 mabat
2087 5510 2271 5565 dicens
2299 5527 2312 5562 :
2348 5509 2586 5577 Quotidie
2605 5509 2816 5575 morior,
2850 5526 2941 5580 per
2969 5518 3186 5563 uestram
3210 5506 3478 5577 gloriatio-

1882 5617 1995 5655 nem
2015 5599 2090 5671 (ιτ
2120 5598 2239 5653 Cor.
2264 5599 2347 5656 l5.
2376 5598 2504 5670 3i):
2548 5597 2750 5654 docens
2778 5613 2898 5665 nos,
2931 5613 2991 5654 se
3017 5597 3095 5652 sic
3122 5596 3361 5667 seipsum
3385 5610 3483 5666 pro

1885 5690 2080 5761 pietate
2108 5689 2356 5760 periculis
2384 5689 2717 5761 exposuisse,
2745 5699 2803 5744 nt
2823 5687 3061 5759 quotidie
3080 5685 3242 5744 morti
3268 5683 3481 5748 vicinus

1953 5806 1970 5837 ⁸
2006 5811 2097 5855 Sex
2125 5811 2252 5861 Mss,
2281 5802 2497 5860 dilectos.
2524 5815 2630 5864 pro,
2650 5799 2945 5864 spirituum.

1951 5869 1972 5901 ⁸
1993 5870 2120 5931 ileg.
2146 5880 2290 5931 unus,
2317 5869 2487 5918 Porro
2503 5862 2605 5916 licet:
2625 5862 2754 5913 dico.
