4086 6478
694 441 768 501 95
1433 437 1491 497 S.
1529 427 2312 497 JOANNIS‘CllRYSOSTOII
2353 430 2669 492 ARCIIIEP.
2710 434 3248 498 CONSTANTINOP.
3876 441 3946 502 ω

691 558 872 609 esset:
901 560 957 606 et
987 549 1126 620 quod
1167 558 1354 605 natura
1384 563 1495 605 non
1519 547 1620 605 fert
1647 548 1760 618 (uni
1797 548 1940 604 enim
1979 544 2136 602 morti
2162 542 2267 598 ob-

693 643 835 699 noxii
862 657 1050 698 sumus
1076 644 1309 711 omnes).
1342 641 1440 696 Iw:
1477 641 1591 710 ipse
1621 640 1876 710 pertinaci
1906 653 2004 693 suo
2029 637 2268 692 institqu

693 735 903 805 agebat,
935 733 1143 790 tametsi
1174 732 1432 802 benignus
1455 731 1597 786 Dens
1620 729 1769 785 illum
1798 729 2031 800 quotidie
2055 729 2108 783 in
2135 727 2268 783 alio-

693 841 811 881 rum
870 825 1098 881 salutem
1143 832 1530 881 conservaret:
1565 822 1790 894 proinde
1834 822 1878 878 si
1924 820 2015 876 ille
2057 821 2147 890 qui
2190 827 2268 874 tot

689 917 959 986 prteclarls
997 917 1247 987 operibus
1275 917 1520 972 excelsus
1554 925 1710 980 erat,
1757 924 1811 970 et
1857 911 2004 983 quasi
2047 905 2266 981 angelus

688 1023 854 1078 super
897 1017 1088 1063 terram
1131 1007 1459 1077 apparebat,
1506 1005 1742 1077 quotidie
1779 1004 2026 1059 studebat
2069 1001 2266 1072 aliquid

690 1100 824 1155 lucri
852 1099 1044 1164 facere,
1070 1107 1121 1155 et
1150 1113 1246 1167 pro
1267 1098 1487 1154 veritate
1511 1106 1653 1152 stare
1690 1095 1742 1154 in
1771 1095 1888 1150 acie
1915 1101 2099 1150 contra
2127 1092 2268 1163 peri-

691 1193 810 1247 cula
831 1232 848 1258 ,
891 1179 1296 1262 spiritualesque
1332 1189 1431 1244 sibi
1470 1188 1719 1258 colligere
1747 1199 1984 1251 merces,
2015 1201 2079 1240 ac
2106 1200 2266 1238 num-

689 1297 849 1353 quam
873 1281 1093 1354 gradum
1118 1283 1310 1339 sistere
1339 1295 1353 1334 :
1385 1280 1594 1352 qualem
1619 1278 1934 1334 habebimus
1953 1291 2050 1333 nos
2077 1275 2264 1333 defen-

691 1373 1020 1446 sionem,qui
1037 1388 1141 1428 non
1167 1373 1337 1427 solum
1364 1371 1518 1426 bonis
1545 1369 1796 1440 operibus
1822 1367 2070 1424 omnibus
2096 1365 2264 1422 desti-

589 1450 599 1462 “
690 1464 787 1518 ιιιιί
813 1477 1030 1530 sumus,-
1061 1462 1156 1518 sed
1183 1471 1238 1519 et
1284 1469 1362 1518 tot
1399 1462 1552 1516 malis
1588 1460 1791 1532 gravati
1834 1473 2059 1530 quorum
2101 1469 2265 1512 unum

691 1557 968 1614 dumtaxat
991 1557 1043 1612 in
1087 1557 1257 1627 ipsum
1289 1554 1598 1626 perditionis
1643 1551 1958 1624 profundum
1985 1549 2266 1606 detrudere

691 1662 791 1704 nos
818 1649 1027 1719 possit,
1071 1648 1380 1718 nullumque
1405 1654 1664 1718 prstare:
1693 1643 1923 1700 studium
1964 1643 2117 1698 nobis
2159 1652 2264 1709 est,

692 1751 750 1798 ut
771 1743 854 1798 vel
879 1742 1066 1798 saltem
1088 1743 1203 1797 hate
1228 1739 1610 1797 emendcmttsl
1634 1742 1754 1792 cum
1780 1745 1956 1791 autem
1986 1735 2124 1790 idem
2151 1736 2265 1805 ipse

690 1847 835 1903 saepe
861 1832 1156 1902 reperiatur
1185 1845 1289 1885 non
1319 1829 1409 1884 uni
1448 1827 1668 1898 ﬂagitio,
1713 1825 1804 1882 sed
1833 1825 2074 1896 pluribus
2093 1825 2265 1879 obno-

691 1925 830 1991 xius,
861 1938 981 1980 cum
1009 1938 1202 1993 nempe
1223 1932 1277 1978 et
1297 1920 1580 1978 iracundus
1605 1921 1674 1974 sit
1706 1929 1760 1975 et
1783 1919 2166 1989 intemperans,
2211 1925 2267 1972 et

686 2000 901 2082 avarus,
922 2023 978 2070 et
1005 2013 1233 2078 invidus,
1261 2021 1316 2069 et
1336 2011 1481 2067 ferox
1503 2051 1520 2078 ,
1549 2019 1603 2066 et
1626 2024 1799 2080 neque
1829 2009 1942 2064 lucc
1973 2008 2263 2077 corrigere,

688 2121 864 2173 neque
885 2104 1094 2160 virtutis
1118 2118 1279 2174 opera
1306 2103 1566 2173 attingere
1591 2100 1736 2167 velit,
1763 2099 1935 2170 qualis
1964 2108 2146 2169 postea
2165 2098 2266 2153 erit

689 2210 815 2267 spes
839 2195 1062 2252 salutis?
1105 2195 1230 2251 Haec
1255 2194 1410 2261 dico,
1441 2202 1496 2248 et
1539 2192 1718 2248 dicere
1747 2207 1854 2247 non
1895 2191 2156 2255 desinam,
2209 2197 2266 2246 ut

691 2288 963 2344 auditores
988 2302 1144 2344 suum
1189 2285 1384 2356 quique
1406 2284 1697 2341 remedium
1725 2282 1988 2353 accipiant
2017 2297 2082 2337 ex
2109 2281 2264 2336 dictis

687 2378 925 2442 nostris,
988 2385 1044 2432 et
1095 2374 1386 2442 studeant,
1441 2381 1503 2430 ut
1547 2372 1727 2429 statim
1783 2373 1851 2428 ab
1897 2371 2263 2428 aﬂ'ectionibus

648 2458 650 2460 ’
687 2477 922 2522 mentem
966 2465 1297 2522 turbantibus
1353 2465 1682 2530 liberentur,
1730 2463 2264 2536 convalescentesque

686 2557 940 2614 virtutum
966 2547 1402 2629 studiis-posthac
1429 2570 1488 2613 se
1509 2553 1932 2611 accommodent.
1957 2553 2168 2609 Etenim
2201 2553 2264 2608 iis

686 2650 777 2721 qui
816 2649 1081 2720 corporali
1121 2647 1309 2704 morbo
1350 2648 1631 2713 laborant,
1685 2645 1924 2716 quamvis
1964 2645 2262 2699 sexcenties

685 2741 924 2799 medicus
957 2739 1191 2797 remedia
1217 2745 1480 2810 apponat,
1523 2737 1568 2792 si
1606 2750 1749 2807 :rger
1779 2743 1955 2790 autem
1982 2733 2262 2789 medicinae

683 2832 1047 2902 operationem
1074 2844 1179 2886 non
1205 2829 1468 2893 admittat,
1497 2836 1555 2882 et
1577 2841 1721 2896 stupe
1748 2838 2090 2890 succensens,
2118 2831 2263 2893 post-

685 2935 845 2995 quam
895 2921 1135 2978 medicus
1184 2919 1495 2992 imposuerit
1545 2916 1888 2988 pharmacum
1916 2956 1932 2984 ,
1985 2914 2264 2984 impatiens

685 3015 889 3072 doloris
917 3013 1047 3071 illud
1075 3012 1314 3083 rejiciat,
1365 3011 1507 3066 nulla
1551 3009 1678 3066 inde
1721 3009 1948 3064 utilitate
1992 3015 2256 3075 suscepta,

691 3120 848 3162 nemo
896 3104 1131 3174 prudens
1174 3103 1437 3158 medicum
1484 3101 1758 3172 arguerit,
1804 3098 1944 3170 quod
1975 3113 2079 3152 non
2108 3112 2262 3151 suum

685 3198 856 3269 egerit
878 3195 1112 3252 ofﬁcium
1141 3210 1158 3249 :
1187 3194 1375 3250 eodem
1406 3193 1564 3249 modo
1589 3200 1648 3248 et'
1663 3191 1749 3247 hic
1771 3206 1870 3246 nos
1897 3189 2229 3245 medicamen
2246 3222 2261 3232 -

688 3299 800 3345 tam
851 3301 916 3344 ex
967 3286 1226 3360 spirituali
1275 3285 1514 3341 doctrina
1556 3283 1851 3339 confectum
1899 3281 2258 3353 imponimus;

686 3389 923 3436 vestrum
952 3387 1127 3432 autem
1151 3374 1555 3444 postltac'fucrit
1576 3373 1720 3428 ferre
1745 3372 1976 3436 dolores,
2002 3381 2055 3426 et
2080 3385 2262 3426 curam

684 3484 807 3526 cum
833 3469 1057 3524 utilitate
1084 3467 1382 3533 admittere,
1408 3474 1465 3522 ut
1489 3481 1518 3520 a
1545 3465 1730 3519 morbo
1751 3463 1979 3528 liberati,
1995 3463 2059 3517 ad
2079 3477 2260 3517 verant

687 3559 1058 3632 regrediamini
1103 3558 1406 3613 sanitatem.
1455 3555 1548 3612 Sic
1588 3557 1730 3611 enim
1778 3562 1832 3608 et
1881 3554 1978 3623 ipsi
2020 3569 2262 3622 magnam

683 3646 986 3722 percipielis
1014 3649 1313 3714 utilitatem,
1343 3657 1397 3702 et
1425 3662 1520 3702 nos
1542 3661 1647 3701 non
1677 3644 1881 3700 modica
1913 3645 2036 3700 hinc
2061 3659 2263 3699 conso-

690 3742 885 3796 latione
904 3740 1212 3804 alliciemur,
1242 3739 1284 3792 si
1311 3737 1600 3792 viderimus
1627 3748 1740 3801 eos,
1770 3735 1858 3805 qui
1884 3735 2028 3805 prius
2055 3735 2262 3790 labora-

687 3832 836 3896 bant,
867 3839 973 3885 tam
1001 3830 1320 3885 cito‘bonatn
1347 3826 1700 3882 valetudinem
1730 3840 2094 3896 recuperasse.

757 3921 910 3976 Ratio
933 3921 1158 3974 humana
1187 3927 1346 3988 potest
1371 3916 1540 3972 omnia
1585 3917 1705 3970 vitia
1747 3915 2012 3983 edomare;
2043 3914 2263 3970 Paulum

685 4012 949 4082 praedicat.
971 4040 1043 4052 —
1058 4009 1429 4079 Unusquisque
1450 4022 1576 4079 ergo
1613 4014 1848 4062 vestrum
1866 4047 1882 4073 ,
1915 4006 2138 4061 obsecro
2158 4047 2172 4071 ,
2216 4006 2262 4062 si

688 4118 794 4156 non
822 4111 996 4167 antea,
1019 4099 1204 4154 saltem
1234 4113 1374 4154 nunc
1399 4111 1615 4169 cperam
1641 4096 1730 4152 det
1754 4136 1769 4162 ,
1807 4105 1868 4151 ut
1909 4095 2093 4151 vitium
2121 4096 2262 4166 quod

687 4194 787 4249 sibi
829 4192 996 4262 magis
1035 4205 1191 4260 quam
1238 4199 1430 4244 cetera
1471 4188 1720 4243 infestum
1766 4188 1929 4242 sentit
1960 4201 2042 4242 ex
2085 4188 2262 4242 anima

689 4292 922 4348 exsecet,
966 4291 1022 4338 et
1058 4283 1142 4352 pia
1183 4280 1499 4351 cogitatione
1541 4279 1690 4349 quasi
1733 4278 1993 4348 spirituali
2035 4278 2264 4348 quodam

687 4375 864 4444 gladio
888 4382 1064 4440 utens,
1092 4372 1322 4442 seipsnm
1343 4371 1413 4426 ab
1436 4384 1502 4426 eo
1522 4369 1732 4425 liberet.
1763 4369 1918 4426 Dedit
1938 4370 2080 4426 enim
2109 4370 2264 4426 nobis

689 4467 828 4522 Deus
858 4465 1114 4520 rationem
1163 4478 1282 4534 qum
1327 4459 1551 4517 sttl'liciat
1597 4469 1652 4516 ct
1687 4462 1892 4531 possit,
1943 4461 1987 4516 si
2038 4462 2263 4517 velimus

687 4572 872 4627 parum
901 4556 1190 4624 respicere,
1207 4553 1386 4609 omnia
1409 4568 1526 4622 quae
1563 4552 1612 4606 in
1636 4551 1787 4608 nobis
1816 4561 2105 4606 nascuntur
2134 4553 2258 4606 vitia

686 4647 924 4703 domare.
975 4643 1444 4714 Propter-actium
1483 4653 1782 4698 sanctorum
1826 4644 2061 4697 omnium
2100 4643 2260 4697 vitam

682 4749 740 4792 et
781 4737 1025 4791 instituta
1061 4735 1113 4790 lu
1149 4733 1340 4790 divinis
1364 4733 1652 4804 Scripturis
1688 4733 1947 4802 descripta
1971 4774 1987 4799 ,
2032 4733 2260 4804 Spiritus

688 4827 856 4882 sancti
898 4829 1063 4898 gratia
1098 4827 1339 4896 reliquit,
1383 4835 1442 4880 ut
1481 4826 1750 4881 discentes
1791 4839 1920 4890 eos,
1967 4825 2087 4881 licet
2115 4827 2261 4896 t-jns-

688 4918 811 4972 tletn
857 4918 1050 4972 fuerint
1088 4928 1288 4972 natura:
1315 4957 1332 4982 ,
1373 4918 1616 4971 virtutem
1660 4925 1848 4971 tamen
1900 4919 2260 4973 omnimodatn

691 5009 1028 5074 exhibuisse,
1075 5024 1144 5064 ne
1189 5009 1353 5064 simus
1403 5023 1505 5062 nos
1548 5008 1718 5078 ignavi
1759 5017 1816 5063 et
1860 5007 2073 5065 desides
2114 5011 2166 5065 in
2198 5012 2262 5066 iis

693 5101 1026 5157 exercendis.

759 5191 812 5246 5.
853 5193 1044 5247 Annon
1085 5199 1285 5245 naturm
1329 5201 1524 5245 nostra:
1555 5189 1651 5245 fuit
1691 5199 1744 5244 et
1791 5191 1974 5246 beatus
2011 5190 2262 5247 Paulus?

690 5283 876 5353 l’lagro
897 5284 1038 5338 enim
1063 5298 1243 5338 amore
1274 5283 1428 5352 hujus
1458 5282 1588 5347 viri,
1630 5290 1686 5338 et
1710 5292 1985 5352 prepterea
2009 5286 2261 5340 continuo

691 5384 935 5428 versatur
960 5375 1071 5444 ipse
1115 5375 1167 5427 in
1211 5389 1303 5428 ore
1347 5387 1495 5439 meo,
1538 5382 1592 5428 et
1631 5373 1781 5444 quasi
1821 5373 1872 5427 in
1916 5375 2259 5446 archetypum

688 5463 904 5533 aliquod
931 5463 1224 5534 exemplar,
1249 5464 1319 5518 ita
1345 5474 1399 5519 et
1426 5464 1476 5517 in
1510 5465 1647 5518 illius
1675 5463 1904 5518 animam
1945 5467 2257 5536 respiciens,

687 5558 1006 5626 obstupesco
1032 5556 1082 5610 itt
1112 5556 1338 5611 hocviro
1353 5557 1539 5616 mirum
1568 5556 1848 5612 affectuum
1875 5567 2256 5628 contemptum,

690 5645 1014 5723 fortitudinis
1035 5647 1426 5713 excellentiam,
1453 5647 1648 5700 amoris
1676 5647 1726 5700 in
1757 5647 1922 5702 Deum
1953 5646 2212 5704 fervorem
2242 5667 2256 5703 :

691 5748 748 5793 et
785 5750 994 5792 mecum
1038 5747 1261 5811 reputo,
1306 5752 1466 5791 ttnttm
1505 5737 1772 5793 hominem
1814 5754 2002 5794 omnes
2040 5741 2258 5797 virtutes

688 5830 869 5885 Studia
893 5841 992 5883 suo
1019 5827 1072 5883 in
1093 5842 1153 5884 se
1181 5829 1456 5900 collegisse
1489 5836 1544 5884 ct
1567 5829 1904 5899 exhibuisse;
1949 5844 2151 5901 nosque
2192 5847 2258 5890 ne

2380 545 2656 603 minimum
2687 549 2898 619 quidem
2927 549 3124 608 bonum
3152 566 3288 624 opus
3323 561 3578 623 praestare
3621 556 3776 614 velle.
3820 557 3952 628 Quis

2374 637 2533 717 igitur
2557 655 2656 695 nos
2676 638 2866 711 eripiet
2908 655 2941 697 a
2984 643 3244 714 supplicio
3289 645 3623 702 ievitabilif
3665 648 3797 704 Nam
3826 666 3951 705 cum

2373 725 2614 797 ejusdem
2659 731 2749 787 ille
2792 730 3070 790 nobiscum
3115 732 3277 791 fuerit
3297 749 3523 806 nam,
3551 747 3606 794 et
3626 738 3812 796 iisdem
3857 741 3958 795 ob-

2375 819 2566 875 noxius
2590 819 2976 890 aﬂ‘ectionibus,
3019 826 3260 896 atquein
3290 836 3443 883 tanta
3463 837 3762 900 temporum
3805 829 3953 886 dim-

2372 911 2588 977 cultate,
2615 913 2884 985 quotidie,
2911 925 2970 971 ut
2997 916 3070 971 ita
3099 915 3275 973 dicam
3296 934 3327 986 ,'
3347 927 3574 988 tractus,
3604 921 3867 979 laceratus
3901 935 3957 979 et

2372 1003 2584 1071 publice
2626 1014 2864 1074 raptatus
2886 1007 2956 1062 ab
2981 1007 3048 1063 iis
3085 1008 3630 1080 quipradicatiouem
3674 1025 3956 1085 opmita-

2370 1091 2536 1157 bant,
2567 1095 2656 1163 qui
2699 1102 2754 1149 et
2789 1109 2933 1167 saepe
2961 1097 3132 1168 ipsum
3171 1110 3420 1156 enectum
3444 1102 3858 1169 existimarunt,
3896 1119 3956 1160 et

2369 1183 2520 1250 quasi
2548 1182 2865 1239 destinatam
2889 1188 3068 1243 animo
3088 1187 3294 1246 eadem
3324 1201 3746 1262 perpetrassent,
3772 1193 3952 1264 ipsum

2372 1271 2702 1340 reliquerunt
2739 1291 2755 1328 :
2795 1275 3130 1334 invenlturne
3167 1281 3359 1351 aliquis
3393 1293 3670 1350 nostrum,
3696 1283 3949 1349 desidias,

2371 1363 2720 1434 scgnitieique
2746 1364 3070 1435 deditorum,
3115 1370 3208 1440 qui
3245 1379 3442 1427 tantam
3469 1374 3717 1430 virtutum
3745 1376 3951 1446 magni-

2372 1457 2606 1512 tudinem
2652 1474 2762 1528 prze
2804 1473 2864 1516 se
2908 1459 3080 1516 ferat?
3127 1461 3324 1518 Verum
3371 1475 3570 1534 quanta
3615 1464 3806 1522 beatus
3861 1469 3952 1525 ille

2371 1550 2622 1618 praeclara
2663 1567 2825 1623 opera
2868 1551 3072 1620 fecerit,
3103 1561 3157 1610 et
3194 1555 3587 1624 fortitudinem,
3641 1573 3800 1629 quam
3855 1574 3954 1630 pro

2370 1639 2641 1710 religionis
2687 1641 3065 1712 praedicatione
3109 1644 3348 1715 quotidie
3393 1646 3728 1715 exhibuerit,
3772 1665 3878 1704 non
3918 1666 3950 1705 a

2371 1739 2550 1785 nostra
2579 1731 2778 1802 lingua,
2821 1733 2916 1790 sed
2957 1732 3028 1789 ab
3075 1737 3192 1806 ipso
3233 1748 3444 1808 oportet
3487 1738 3673 1796 audire
3712 1741 3950 1798 dicente.

2369 1818 2594 1888 Quando
2616 1822 2759 1877 enim
2787 1822 2839 1878 in
2865 1837 2985 1879 eam
3009 1824 3223 1881 devenit
3247 1829 3637 1897 necessitatem,
3658 1840 3721 1888 ut
3733 1842 3953 1903 propter

2370 1909 2936 1980 pseudoapostolorum
2983 1913 3248 1970 fallaciam
3287 1931 3376 1973 res
3401 1932 3528 1974 suas
3555 1935 3808 1978 enarrare
3853 1937 3954 1978 eo-

2368 2013 2586 2070 geretur
2612 2017 2627 2054 :
2661 2012 2765 2056 tam
2786 2017 2947 2073 grave
2973 2005 3114 2060 enim
3141 2005 3281 2062 istud
3301 2015 3357 2063 et
3381 2008 3664 2065 molestum
3691 2011 3791 2081 ipsi
3811 2020 3949 2076 erat.

2372 2101 2428 2144 ut
2456 2091 2838 2162 reluctaretur,
2880 2103 2937 2151 et
2976 2111 3264 2167 numquam
3303 2099 3358 2153 in
3385 2100 3616 2159 medium
3656 2116 3720 2159 ea
3757 2103 3953 2160 silet-re

2370 2180 2549 2248 vellet,
2578 2183 2687 2238 imo
2712 2184 2944 2254 seipsum
2970 2185 3191 2243 auderet
3219 2202 3413 2246 vocare
3441 2190 3809 2263 blasphemum
3833 2233 3852 2261 ,
3896 2205 3954 2251 et

2369 2283 2804 2342 persequuwrem
2830 2294 2845 2331 :
2871 2279 3121 2348 quoniam
3144 2287 3322 2336 autem
3350 2284 3801 2350 pernecessarium
3829 2301 3952 2342 esse

2371 2360 2598 2430 videret,
2629 2372 2688 2419 ut
2717 2363 3068 2434 impostorum
3099 2381 3192 2422 ora
3219 2369 3558 2438 obstruent,
3589 2383 3644 2429 et
3675 2373 3954 2444 discipulis

2369 2468 2583 2522 parvam
2623 2453 2776 2512 daret
2815 2457 3233 2514 consolationem
3279 2477 3294 2515 :
3347 2461 3426 2517 sic
3469 2462 3580 2518 fere
3621 2465 3784 2534 copit
3830 2475 3953 2536 post

2368 2546 2532 2600 multa
2561 2547 2662 2602 alia
2683 2548 2861 2605 dicere
2886 2567 2898 2603 :
2922 2548 2990 2604 Its
3012 2566 3112 2620 quo
3134 2551 3247 2621 quis
3276 2553 3430 2607 audet
3447 2596 3462 2620 ,
3489 2571 3582 2625 per
3607 2556 3952 2625 insipientiast

2367 2636 2564 2707 loquor,
2596 2637 2759 2692 audeo
2779 2649 2830 2692 et
2859 2655 2950 2710 ego
2981 2639 3058 2710 (Ξ.
3087 2639 3206 2696 Cor.
3234 2642 3318 2697 ll.
3346 2641 3459 2714 21).
3490 2644 3780 2701 Considera
3809 2647 3949 2712 piant

2365 2727 2631 2792 animam,
2679 2743 2786 2783 non
2823 2729 2996 2785 solum
3025 2731 3336 2799 audaciam,
3367 2734 3461 2790 sed
3501 2745 3554 2791 et
3592 2737 3952 2806 insipientiam

2368 2833 2480 2872 rem
2507 2833 2624 2873 eam
2651 2829 2840 2875 vocat:
2869 2820 3068 2878 docens
3108 2837 3206 2879 nos
3235 2839 3304 2881 ne
3328 2841 3577 2898 umquam
3605 2829 3736 2884 citra
3763 2845 3954 2887 ncces-

2368 2907 2580 2963 s‘ttatetn
2605 2951 2622 2974 ,
2667 2919 2722 2965 et
2763 2911 2912 2966 nullo
2954 2922 3196 2983 urgente,
3220 2929 3339 2984 qua
3363 2930 3394 2969 a
3419 2917 3573 2972 nobis
3609 2916 3742 2972 facta
3779 2932 3907 2975 sunt
3932 2960 3949 2983 ,

2365 3010 2716 3079 ostentemus,
2744 3005 2788 3057 si
2810 3004 3030 3074 quidem
3046 3005 3206 3076 aliqui
3227 3021 3294 3062 ex
3317 3007 3471 3063 nobis
3496 3009 3832 3066 inveniantur
3856 3011 3952 3080 qui

2367 3093 2563 3166 bonum
2590 3094 2805 3164 aliquod
2817 3106 2942 3150 sunt
2965 3099 3191 3166 operati.
3212 3096 3278 3151 lu
3293 3114 3392 3167 quo
3414 3100 3547 3168 quis,
3557 3100 3757 3170 inquit,
3772 3103 3950 3167 aadd,

2365 3201 2456 3254 per
2479 3186 3045 3257 insipientiastloqttor,
3073 3190 3236 3244 audeo
3251 3199 3298 3244 et
3313 3207 3402 3262 ego
3419 3207 3438 3246 :
3461 3189 3561 3246 hoc
3577 3201 3677 3258 est,
3696 3194 3952 3264 quoniam

2367 3291 2466 3346 ego
2496 3278 2714 3331 multam
2740 3277 2893 3332 video
2921 3280 3315 3348 necessitatem,
3339 3280 3536 3337 audere
3556 3283 3694 3346 volo,
3727 3296 3780 3338 et
3821 3284 3954 3338 insi-

2368 3366 2579 3434 pientia
2610 3381 2742 3436 opus
2770 3367 3045 3424 exhibere.
3081 3368 3282 3424 Ηώωὲ
3304 3381 3442 3438 sunt,
3485 3381 3532 3428 et
3551 3390 3673 3443 ego;
3700 3371 3952 3430 Israelita

2364 3466 2502 3518 sant,
2533 3465 2580 3510 et
2605 3473 2730 3528 ego;
2759 3473 2926 3512 semen
2951 3458 3168 3514 Abralue
3190 3470 3340 3528 sunt,
3387 3471 3436 3517 et
3478 3479 3570 3534 ego
3615 3463 3724 3534 (Ib.
3753 3482 3797 3519 ο.
3827 3465 3947 3534 22).

2371 3544 2443 3598 De
2474 3545 2591 3607 hoc,
2624 3548 2835 3616 inquit,
2887 3549 3116 3605 sublime
3159 3551 3370 3619 sapiunt
3409 3560 3462 3605 ct
3503 3551 3832 3623 gloriantur;
3879 3571 3950 3611 ne

2370 3643 2552 3703 putent
2581 3650 2643 3691 ea
2672 3638 2822 3690 nobis
2846 3637 3071 3704 deesse;
3096 3641 3254 3695 etiam
3302 3655 3400 3696 nos
3439 3643 3748 3699 eorutndctn
3784 3646 3952 3714 parti-

2365 3725 2512 3793 cipes
2537 3740 2742 3780 sumus.
2789 3727 2990 3784 Deinde
3030 3729 3254 3799 subjecit
3287 3749 3300 3785 :
3333 3730 3558 3786 linisIri
3586 3733 3770 3790 Christi
3807 3748 3949 3805 sunt,

2366 3828 2420 3870 ut
2443 3817 2609 3871 minus
2637 3819 2836 3886 sapiens
2862 3820 2996 3887 dico,
3031 3822 3146 3890 plus
3169 3839 3262 3892 ego
3303 3822 3410 3893 (Ib.
3441 3840 3488 3877 υ.

2437 3907 2492 3964 6.
2536 3909 2665 3964 Vide
2693 3911 2796 3978 hic,
2825 3910 3043 3976 dilecte,
3085 3913 3252 3969 beatte
3281 3914 3433 3985 hujus
3456 3917 3647 3972 anima:
3673 3918 3951 3979 virtutem.

2367 4000 2497 4056 Nam
2529 4014 2803 4072 postquam
2834 4020 2944 4060 rem
2982 4019 3012 4058 a
3058 4020 3118 4060 se
3166 4006 3375 4072 factam,
3421 4008 3694 4064 audaciam
3729 4020 3782 4066 et
3812 4012 3948 4066 insi-

2369 4091 2618 4160 pientiam
2646 4094 2868 4160 vocavit,
2899 4097 3142 4165 quamvis
3176 4097 3228 4151 in
3262 4106 3404 4152 tanta
3443 4109 3586 4154 esset
3627 4102 3952 4158 necessitate

2367 4183 2720 4249 constitutus,
2753 4199 2924 4254 neque
2964 4187 3043 4241 sic
3075 4196 3248 4241 tamen
3293 4188 3449 4242 dictis
3490 4199 3770 4245 contentus
3799 4191 3898 4246 fuit
3929 4209 3946 4247 :

2368 4273 2461 4329 sed
2490 4289 2608 4329 cum
2640 4275 3103 4332 demonstraturus
3127 4290 3270 4333 esset
3298 4293 3356 4334 se
3381 4281 3506 4336 illos
3533 4297 3722 4353 magno
3743 4299 3948 4353 praece-

2366 4367 2496 4424 dere
2524 4369 2824 4435 intervallo,
2854 4377 2908 4424 ut
2938 4385 3005 4425 nc
3025 4371 3142 4440 quis
3170 4386 3290 4425 eum
3323 4381 3470 4441 putet
3497 4389 3592 4442 per
3628 4375 3951 4431 ostentatio-

2367 4473 2488 4514 nem
2519 4458 2632 4514 ltarc
2657 4461 2851 4523 dicere,
2883 4461 3072 4516 iterum
3103 4462 3458 4530 insipientiam
3488 4474 3640 4520 vocat
3663 4465 3857 4535 quodsi
3884 4481 3950 4523 se

2367 4551 2655 4617 dicebatur,
2686 4552 2833 4622 quasi
2873 4551 3073 4607 diceret
3117 4569 3132 4606 :
3176 4551 3292 4608 Non
3321 4568 3438 4608 sum
3470 4555 3679 4609 nescius
3707 4572 3792 4611 me
3820 4572 3936 4612 taeta

2367 4641 2543 4697 facere
2566 4658 2685 4712 qua:
2714 4643 2910 4698 multos
2933 4642 3186 4707 olfendat,
3207 4653 3261 4698 et
3277 4659 3394 4713 qute
3421 4660 3591 4714 neque
3618 4661 3703 4700 me
3721 4647 3944 4702 deccat:

2367 4731 2460 4786 sed
2492 4748 2577 4788 me
2618 4733 2890 4802 compellit
2935 4748 3123 4804 magna
3156 4735 3478 4800 necessitas;
3528 4735 3645 4790 ideo
3691 4737 3949 4807 ignoscite

2367 4823 2495 4877 mihi
2527 4824 2843 4894 insipientia:
2872 4825 3028 4880 verba
3070 4825 3327 4896 loquenti.
3371 4826 3538 4895 llujus
3573 4827 3656 4882 vel
3701 4829 3947 4886 umbram

2368 4916 2633 4970 imitemur
2657 4932 2772 4983 nos,
2802 4918 2888 4986 qui
2923 4919 3082 4972 tantis
3113 4919 3403 4987 premimur
3427 4919 3676 4988 peccatis,
3722 4931 3776 4975 et
3801 4937 3948 4991 smne

2367 5009 2410 5062 si
2453 5023 2672 5076 parvum
2713 5008 2962 5078 quiddam
3006 5019 3152 5063 recte
3191 5008 3440 5073 facimus,
3489 5025 3660 5079 neque
3687 5011 3857 5080 ipsum
3893 5017 3948 5068 in

2369 5101 2727 5170 promptuario
2752 5101 2945 5154 mentis
2990 5109 3185 5154 nostra:
3227 5100 3516 5168 repositum
3561 5117 3775 5156 manere
3807 5105 3947 5173 pati-

2367 5208 2508 5256 mur,
2536 5191 2629 5246 sed
2657 5201 2712 5246 ttt
2735 5192 3011 5261 gloriolam
3051 5192 3280 5260 aliquam
3324 5190 3394 5245 ab
3445 5191 3748 5247 hominibus
3769 5209 3946 5249 vene-

2367 5299 2504 5346 mur,
2536 5283 2898 5353 divnlgamus,
2945 5291 2999 5338 et
3027 5283 3094 5337 ob
3138 5282 3558 5352 intempestivam
3590 5286 3948 5354 nugacitatem

2366 5373 2541 5427 divina
2568 5374 2916 5428 retributione
2955 5375 3307 5443 nosmetipsos
3336 5373 3657 5430 fraudamus.
3708 5377 3778 5430 At
3814 5376 3948 5431 nihil

2369 5462 2474 5517 tale
2501 5463 2654 5518 beato
2676 5463 2838 5519 Paulo
2863 5463 3156 5518 accidebat.
3209 5463 3313 5520 Sed
3353 5463 3476 5534 quid
3493 5465 3520 5518 ἲ
3549 5464 3775 5519 Miuistri
3802 5465 3947 5520 Chri-

2367 5554 2431 5607 sti
2453 5563 2590 5621 sttnt,
2620 5563 2670 5607 ut
2697 5554 2860 5608 minus
2889 5556 3086 5623 sapiens
3101 5555 3236 5620 dico,
3270 5557 3383 5624 plus
3408 5571 3500 5624 ego
3516 5570 3537 5618 ,'
3578 5555 3703 5611 dein
3733 5557 3948 5613 adducit

2366 5646 2420 5700 in
2467 5646 2698 5701 modium
2744 5661 2806 5700 ea
2859 5661 2976 5716 qua:
3010 5645 3439 5715 pscutloapostuli
3469 5661 3572 5700 non
3600 5647 3944 5703 exhibebant.

2368 5737 2648 5802 Quomodo
2680 5736 2823 5791 enim
2849 5735 3216 5790 exbibttissent
3254 5735 3341 5803 qtti
3371 5735 3646 5790 veritatem
3675 5751 3946 5806 Oppugna-

2368 5832 2531 5900 bant,
2575 5838 2628 5887 ct
2655 5828 2785 5884 nihil
2808 5842 2912 5883 non
2942 5826 3165 5898 agebant
3191 5836 3247 5883 ut
3271 5826 3629 5898 pmdicationi
3679 5828 3947 5897 religionis
