4102 6546
565 439 633 498 97
1337 441 1394 499 S.
1430 438 1715 501 JOANNIS
1751 437 2237 498 CHRYSOSTOMI
2275 440 2589 497 ARCIIIEP.
2633 437 3175 515 CONSTANTINQP.
3885 440 3947 495 98

565 569 696 627 μωιι
748 556 846 633 τῆς
899 555 1176 619 εὐσεϐείας
1229 557 1404 612 πάντα
1434 555 1906 629 διαπραττόμενοι,
1959 557 2054 610 καὶ
2105 555 2215 609 τῶν

561 644 937 716 άφελεστέρων
965 643 1063 707 τὰς
1085 643 1316 707 διανοίας
1359 644 1856 714 παρασαλεύοντες;
1893 641 2073 697 Είπὼν
2099 641 2202 695 τοίο

559 748 676 799 νυν,
717 730 887 800 ’Υπὲρ
913 730 1048 799 ἐγὼ,
1077 727 1464 800 ἀπαριθμεῖται
1497 730 1681 785 λοιπὸν
1726 731 1795 785 τά
1823 731 1918 800 τῆς
1968 728 2215 802 ἀνδρείας

559 817 725 877 αὑτοῦ
749 815 1160 888 κατορθώματα,
1195 814 1509 886 καίφησιν·
1554 818 1657 871 Ἐν
1689 817 1896 881 κόποις
1934 829 2216 883 περισσο-

559 905 770 972 τέρως,
814 903 884 956 ἐν
937 900 1196 970 πληγαῖς
1244 904 1758 970 ὑπερδαίλόντως,
1807 901 1878 954 ἐν
1937 899 2214 967 θανάτοις

559 988 874 1054 πολλάκις.
906 987 971 1040 Τί
997 986 1210 1054 λέγεις;
1249 987 1410 1041 Ξένον
1454 1005 1505 1040 τι
1534 988 1626 1040 καὶ
1659 985 1961 1057 παράδοξόν
1996 988 2114 1039 ἐστι
2153 986 2213 1039 :0

557 1074 710 1145 παρά
733 1073 826 1128 σοῦ
851 1073 1165 1144 λεγόμενον.
1197 1073 1351 1125 Ἐστι
1375 1073 1482 1141 γάρ
1523 1071 1781 1135 πολλάκις
1815 1072 2042 1126 θάνατον
2077 1073 2211 1124 ὑπο-

557 1163 741 1231 μεῖναι
760 1177 774 1226 ;
794 1161 921 1224 Ναὶ,
942 1161 1124 1232 φησὶν,
1141 1161 1188 1212 εί
1219 1158 1311 1212 καὶ
1333 1159 1408 1229 μή
1424 1160 1489 1229 τῇ
1529 1158 1716 1230 πείρᾳ,
1743 1158 1876 1211 ἀλλά
1893 1161 1959 1229 τῇ
1983 1156 2176 1227 γνώμῃ
2193 1172 2208 1187 ⁶

553 1248 819 1302 διδάσκων
845 1247 1013 1316 ἡμᾶς,
1044 1247 1122 1299 δτι
1150 1245 1408 1308 τοιούτοις
1428 1244 1690 1314 διηνεκῶς
1724 1245 1917 1298 ἐαυτὸν
1947 1243 2222 1307 κινδύνοις,

553 1333 784 1400 ἑξεδίδου
809 1332 895 1385 διά
916 1331 976 1384 :0
1005 1334 1264 1402 κήρυγμα
1293 1333 1405 1392 τοῖς
1435 1330 1662 1383 θάνατον
1715 1329 1864 1400 αὑτῷ
1913 1330 2209 1391 τίκτουσιν,

553 1419 671 1476 ἀλλ’
695 1420 728 1488 ἡ
756 1417 850 1471 τοῦ
878 1416 1013 1470 θεοῦ
1042 1417 1203 1487 χάρις
1255 1419 1313 1470 ἐν
1340 1418 1521 1480 αὑτοῖς
1581 1416 1765 1487 μέσοις
1805 1418 1918 1478 τοῖς
1949 1414 2210 1478 κινδύνοις

551 1507 645 1562 τὸν
680 1505 917 1575 ἀθλητήν
957 1504 1327 1573 διεφύλαττεν,
1388 1503 1529 1558 ὥστε
1585 1505 1694 1566 τοῖς
1746 1502 2210 1574 μαθητευομένοις

551 1593 756 1663 πολλὴν
794 1592 1040 1660 γίνεσθαι
1072 1591 1219 1660 παρ’
1251 1588 1412 1642 αὑτοῦ
1438 1589 1534 1658 τὴν
1563 1588 1850 1656 ὠφέλειαν.
1909 1587 2010 1641 Ἐν
2038 1588 2209 1642 θανά-

552 1695 700 1749 τοις,
724 1679 878 1749 φησὶ,
921 1675 1210 1740 πολλάκις
1233 1691 1245 1704 ·
1278 1675 1398 1729 ὑπὸ
1437 1673 1739 1729 Ἰουδαίων
1767 1673 2048 1739 πεντάκις
2074 1688 2208 1728 tea-

552 1762 895 1830 σαίιάκοντα
939 1761 1100 1827 παρά
1145 1759 1295 1829 μίαν
1335 1758 1582 1823 ἔλαϐον,
1621 1751 1751 1827 τρίς
1791 1757 2204 1827 ὲρῤαδδίσθην,

551 1850 714 1914 απαξ
736 1848 1084 1914 ἐλιθάσθην,
1131 1847 1255 1915 τρίς
1299 1846 1676 1916 ἐναυάγησα.
1733 1845 2110 1919 νυχθήμερον
2139 1848 2209 1903 έν

553 1935 634 2002 τῷ
653 1935 824 2002 ,βυθῷ
855 1935 1171 2002 πεποίηκα,
1191 1932 1551 2001 ὁδοιπορίαις
1568 1933 1881 2000 πολλάκις,
1907 1935 2208 2001 κινδύνοις

552 2021 856 2091 ποταμῶν,
897 2019 1202 2086 κινδύνοις
1229 2019 1493 2086 λῃστῶν,
1521 2019 1826 2087 κινδύνοις
1861 2021 1930 2074 ἐκ
1973 2022 2205 2090 γένους,

553 2109 856 2174 κινδύνοις
893 2107 956 2171 ἐξ
1009 2107 1228 2168 ἐθνῶν,
1276 2105 1576 2171 κινδύνοις
1627 2105 1700 2158 ἐν
1722 2106 2204 2175 ψευδαδέλφοις,

553 2194 857 2260 κινδύνοις
877 2194 947 2246 ἐν
973 2180 1245 2257 πόλεσιν,
1278 2191 1578 2257 κινδύνοις
1601 2191 1672 2244 ὲν
1721 2192 1930 2261 ἐρημίᾳ
1951 2232 1967 2258 ,
2007 2193 2207 2249 κεν-δύ-

530 2300 681 2350 ηις
706 2284 776 2338 ἐν
797 2281 1100 2348 θαλάσσῃ.
1131 2279 1222 2350 Μή
1276 2279 1459 2341 ἀπλῶς
1507 2280 1960 2351 παρατρέχωμεν,
1995 2282 2205 2353 ἀγαπη-

549 2373 653 2433 τοὶ,
679 2370 747 2424 τὰ
770 2366 1063 2439 εἰρημένα·
1090 2367 1318 2419 ἕκαστον
1344 2364 1452 2436 γάρ
1483 2365 1686 2420 τούτων
1711 2366 1831 2419 καθ’
1856 2367 2014 2420 ἑαυτὸ
2049 2369 2206 2438 μόνον

549 2453 784 2520 πέλαγος
817 2451 949 2519 ἡμῖν
975 2447 1316 2501 ὑποδείκνυσι
1346 2448 1686 2519 πειρασμῶν.
1721 2448 1854 2502 Οὐδὲ
1880 2449 1986 2521 γὰρ
2023 2450 2206 2514 ἁπλῶς

549 2531 853 2602 ὁδοιπορίαν
884 2529 1011 2600 μίαν
1036 2524 1221 2581 εἶπεν·
1279 2527 1423 2590 ἀλλ’,
1461 2527 1837 2598 Ὀδοιπορίαις,
1883 2533 2034 2600 φησὶ,
2076 2532 2201 2584 πολ.

548 2615 706 2676 λάκις
725 2631 737 2642 ·
778 2612 897 2664 οὑδέ
926 2608 1473 2678 κίνδυνον”ποναμῶν,
1493 2608 1625 2662 ἀλλά
1656 2611 1882 2673 πολλοὺς
1901 2613 1996 2664 καὶ
2020 2613 2204 2682 διαφό-

552 2711 679 2765 ρους
704 2692 999 2754 κινδύνους,
1044 2689 1138 2742 καὶ
1168 2690 1346 2743 πάντα
1377 2690 1512 2760 μετά
1553 2691 1750 2761 πολλῆς
1776 2693 1874 2762 τῆς
1900 2693 2205 2764 ὑπερϐολῆς

549 2774 826 2844 ὑπέμεινε.
855 2771 964 2824 Καὶ
995 2770 1134 2842 μετά
1171 2769 1344 2823 ταῦτα
1389 2770 1502 2848 [90]
1536 2772 1750 2826 ἄπαντα
1785 2772 1944 2827 πάλιν
1996 2774 2157 2844 φησίν
2185 2793 2200 2806 ο

558 2854 655 2908 Ἐν
686 2855 849 2917 κόπῳ
883 2851 982 2906 καί
1032 2852 1258 2922 μόχθῳ,
1282 2851 1354 2905 ἐν
1391 2852 1748 2922 ἀπρυπνίαις
1789 2854 2102 2921 πολλάκις,
2132 2855 2204 2909 ἐν

538 2938 696 3009 λιμῷ
719 2940 816 2992 καὶ
856 2939 1038 3006 δίψει,
1080 2937 1152 2991 ἐν
1183 2938 1490 3004 νηστείαις
1534 2937 1868 3004 πολλάκις,
1901 2938 1972 2994 ἐν
2019 2943 2200 3011 ¹ψύχει

545 3020 646 3075 καὶ
674 3021 1011 3090 γυμνότητι,
1038 3019 1216 3088 χωρὶς
1245 3019 1362 3071 τῶν
1383 3021 1694 3087 παρεκτός.

617 3103 682 3167 ζ’.
706 3102 851 3172 Ὅρα
873 3100 1034 3154 πάλιν
1063 3100 1190 3153 ἀλλο
1215 3101 1448 3168 πέλαγος
1481 3103 1614 3171 ἡμῖν
1642 3101 1964 3173 πειρασμῶν
1990 3103 2202 3172 ἀνοιγό-

549 3198 728 3254 μενον.
756 3181 940 3235 Είπὼν
964 3180 1090 3252 γὰρ,
1114 3181 1295 3252 Χωρὶς
1319 3180 1428 3234 τῶν
1453 3181 1742 3252 παρεκτὸς,
1774 3180 1992 3253 ῂνίξατο
2021 3183 2103 3236 ὅτι
2133 3185 2202 3238 τά

542 3263 987 3335 παραλειφθέντα
1015 3263 1236 3315 πλείονα
1259 3263 1404 3326 είκδς
1435 3260 1574 3316 εἶναι
1601 3263 1710 3316 τῶν
1739 3265 2061 3336 εἰρημένων.
2092 3266 2200 3318 Καὶ

542 3347 664 3401 οὐδὲ
692 3346 854 3416 μέχρι
879 3344 1068 3398 τούτου
1094 3344 1247 3414 ἔστη,
1284 3344 1420 3398 ἀλλά
1448 3345 1608 3398 πάλιν
1651 3346 1794 3416 ἡμᾶς
1823 3345 2060 3399 διδάσκει
2099 3347 2199 3410 τὰς

542 3432 946 3497 ἐπισυστάσεις,
971 3431 1188 3494 καὶτὰς
1242 3430 1546 3502 συστροφὰς
1584 3431 1648 3495 ἀς
1699 3431 2011 3502 ὑπέμεινεν,
2056 3431 2199 3486 οὕτω

540 3515 715 3584 λέγων
741 3532 756 3547 ⁸
802 3517 863 3572 Ἡ
891 3515 1298 3580 ἐπισύστασίς
1326 3529 1444 3582 μου
1495 3514 1532 3581 ἡ
1591 3513 1720 3567 καθ’
1752 3511 1998 3582 ἡμέραν,
2032 3515 2070 3580 ἡ
2095 3515 2200 3582 με·-

535 3617 721 3669 ριμνα
746 3599 959 3654 πασῶν
978 3600 1096 3653 τῶν
1141 3597 1530 3667 Ἐκκλησιῶν.
1574 3598 1704 3652 ἰδοὺ
1734 3601 1894 3653 πάλιν
1920 3600 2014 3652 καὶ⁸
2040 3600 2197 3652 τοῦτο

545 3687 728 3742 ίκανὸν
758 3685 1108 3756 κατόρθωμα,
1136 3686 1184 3738 εί
1217 3688 1310 3739 καὶ
1353 3687 1511 3754 μόνον
1567 3686 1843 3754 τυγχάνει,
1894 3687 1973 3749 είς
2027 3686 2196 3756 αὐτήν

541 3774 706 3828 αὑτὸν
731 3775 1048 3840 ἐναγαγεῖν.
1086 3771 1186 3841 τὴν
1219 3772 1393 3840 ἀκραν
1441 3771 1682 3842 κορυφὴν
1709 3771 1807 3840 τῆς
1849 3771 2078 3841 ἀρετῆς·
2131 3772 2197 3825 ’11

534 3859 811 3931 μέριμνα,
842 3858 994 3927 φησὶ,
1025 3857 1241 3909 πασῶν
1268 3854 1385 3910 τῶν
1442 3855 1832 3922 Ἐκκλησιῶν,
1874 3857 1992 3926 οὐχὶ
2047 3859 2193 3927 μιᾶς,

532 3945 636 4002 καὶ
655 3945 769 4008 δύο,
795 3945 889 3998 καὶ
905 3942 1093 4012 τριῶν,
1129 3941 1264 3995 ἀλλὰ
1293 3941 1481 3994 πασῶν
1512 3941 1621 3994 τῶν
1652 3941 1794 3994 κατὰ
1815 3943 1911 4013 τὴν
1941 3944 2194 4012 οἰκουμέ-

538 4047 658 4103 νην.
691 4030 864 4100 Ὄσην
892 4028 1001 4098 γάρ
1020 4029 1168 4097 ήλιος
1186 4026 1458 4096 διατρέχει
1488 4026 1590 4096 γῆν
1619 4027 1717 4089 τὰς
1741 4027 1945 4090 οίκείας
1973 4027 2196 4092 ἀκτῖνας

537 4116 740 4184 ἀφιεὶς,
754 4113 1020 4182 τοσαύτην
1045 4113 1140 4167 καὶ
1159 4114 1186 4165 ό
1209 4114 1473 4183 μακάριος
1494 4109 1648 4177 οὗτος
1669 4111 1783 4184 εἶχε
1805 4113 1903 4184 τήν
1925 4114 2195 4185 μέριμναν

539 4203 634 4255 καὶ
662 4200 761 4269 τὴν
808 4199 1084 4269 φροντίδα,
1119 4193 1272 4260 Εἶδες
1304 4198 1505 4260 πλάτος
1537 4198 1743 4267 ψυχῆς
1773 4193 1913 4260 εῐδες
1963 4198 2195 4262 διανοίας

540 4285 796 4358 μέγεθοςς
821 4286 929 4338 Καὶ
958 4283 1018 4336 τὸ
1047 4283 1173 4352 ἑξῆς
1202 4283 1258 4336 δέ
1286 4283 1623 4352 ἐπαγόμενον
1660 4282 1822 4337 πάλιν
1856 4283 2091 4354 ᾶπαντα,
2119 4285 2194 4349 ὡς

537 4366 1084 4438 είπεϊν,τάείρημένα
1100 4367 1498 4436 ἀποκρύπτειι.
1521 4367 1614 4431 Τίς
1635 4368 1743 4436 γὰρ
1761 4369 2019 4433 ἀσθενεῖ,
2040 4370 2190 4441 φησὶ,

534 4456 636 4510 καί
682 4457 794 4510 οὐκ
855 4453 1132 4518 ἀσθενῶς
1195 4453 1288 4518 τίς
1354 4452 1842 4519 σκανδαλίζεται,
1915 4455 2014 4508 καὶ
2083 4459 2192 4511 οὐκ

534 4542 649 4612 ἐγὼ
695 4541 1025 4609 πυροῦμαις
1084 4539 1294 4601 Βαῦαὶ,
1338 4540 1477 4608 πόση
1529 4538 1624 4592 τοῦ
1677 4540 1869 4610 ἀνδρὸς
1922 4540 2111 4595 τούτου
2158 4545 2192 4614 ἡ

527 4621 881 4698 ’φιλοστοργία
899 4641 913 4656 ·
941 4625 1080 4693 πόση
1130 4624 1164 4692 ἡ
1209 4623 1482 4693 ἀγρυπνία
1500 4640 1514 4654 ο
1544 4625 1684 4694 πόση
1707 4625 1739 4693 ἡ
1766 4626 2022 4696 μέριμνα,
2057 4629 2193 4682 Ποία

538 4714 722 4786 μήτηρ
739 4712 878 4765 οὕτω
903 4711 1251 4765 διακόπτεται
1279 4708 1346 4761 τά
1379 4708 1658 4781 σπλάγχνα
1684 4710 1777 4763 τοῦ
1816 4711 2001 4774 παιδὸς
2024 4714 2191 4785 αὐτῆς

532 4798 910 4871 πυρέττοντος,
945 4797 1041 4849 καὶ
1062 4795 1153 4848 ἐπὶ
1175 4795 1274 4865 τῆς
1295 4793 1484 4865 κλίνης
1521 4796 1795 4866 κειμένου,
1825 4798 1900 4861 ὡς
1949 4800 1978 4851 ό
2013 4802 2191 4869 μακά-

537 4903 648 4959 ριος
687 4876 840 4946 οὗτος
865 4875 1003 4950 ὑπὲρ
1027 4880 1132 4933 τῶν
1159 4882 1215 4933 ἐν
1243 4881 1456 4950 ἑκάστῳ
1483 4881 1632 4952 τόπῳ
1660 4883 2026 4939 ἀσθενούντων
2055 4888 2192 4956 μᾶλ-

532 4969 623 5020 λον
652 4965 890 5035 ἡσθένει,
926 4961 1021 5016 καὶ
1045 4962 1186 5032 ὑπὲρ
1207 4960 1314 5013 τῶν
1349 4962 1846 5032 σκανδαλιζομένων
1877 4968 2142 5038 ἐπυροῦτο
2173 4987 2187 5033 ;

533 5052 729 5105 Σκόπει
755 5050 864 5119 γάρ
891 5066 981 5120 μοι
1007 5045 1203 5112 λέξεως
1232 5046 1486 5116 ἔμφασιν.
1523 5049 1635 5102 Οὐκ
1665 5045 1807 5113 είπε,
1833 5052 1920 5114 τίς
1958 5055 2188 5107 σκανδα-

534 5132 761 5197 λίζεται,
785 5134 877 5185 καὶ
902 5132 1001 5183 οὑκ
1027 5128 1138 5196 ἐγὼ
1167 5127 1471 5198 λυποῦμαι;
1504 5129 1639 5183 ἀλλά
1666 5132 1967 5201 Πυροῦμαι
1986 5173 2000 5196 ,
2030 5139 2184 5205 φησὶ,

529 5219 631 5291 τὴν
678 5218 928 5272 ἐπίτασιν
959 5216 1091 5285 ἡμῖν
1144 5214 1244 5283 τῆς
1299 5214 1490 5284 ὀδύνης
1542 5215 1736 5285 δηλῶν,
1773 5220 1863 5271 καὶ
1907 5225 2187 5291 μονονουχὶ

530 5304 740 5367 δεικνὺς
773 5301 1203 5373 ἑμπυριζόμενον
1232 5301 1440 5364 ἑαυτὸν,
1496 5303 1589 5355 κα)⁵
1643 5303 1926 5372 καιόμενον
1976 5307 2184 5359 ἔνδοθεν

533 5390 672 5460 ὑπὲρ
702 5389 808 5442 τῶν
833 5388 901 5440 τὰ
934 5385 1206 5439 σκάνδαλα
1233 5386 1627 5455 ὑπομενόντων.
1655 5385 1786 5443 Οἶδα
1814 5391 1894 5443 ὅτι
1915 5394 1994 5455 εἰς
2047 5394 2179 5446 πολὺ

535 5475 708 5545 μῆκος
747 5473 981 5538 ἐξέτεινα
1032 5470 1130 5540 τὴν
1191 5470 1532 5525 διδασκαλίαν
1555 5513 1570 5538 ,
1599 5475 1693 5526 καὶ
1722 5472 1895 5528 ταῦτα
1931 5495 2179 5550 προῃρη-

533 5558 690 5630 μένος
714 5558 945 5626 σήμερον
968 5556 1260 5616 συστεῖλαι,
1280 5555 1364 5606 ἵνα
1384 5557 1573 5626 μικρὸν
1597 5559 1660 5610 ἐκ
1690 5558 1782 5611 τοῦ
1807 5559 1906 5630 τῆς
1929 5565 2178 5631 νηστείας

529 5642 690 5694 πόνου
721 5640 972 5708 ἀνεθῆναι
999 5638 1257 5708 δυνηθῆτε
1280 5657 1292 5668 η
1325 5638 1436 5690 ἀλλ’
1463 5640 1560 5692 οὑκ
1609 5637 1701 5694 οἷδ’
1739 5642 1885 5707 ὅπως
1923 5646 2175 5716 ἐμπεσὼν

529 5731 607 5793 είς
635 5728 724 5780 τὸν
755 5725 979 5779 πλοῦτον
1003 5724 1109 5777 τῶν
1157 5725 1596 5796 κατορθωμάτων
1641 5728 1733 5782 τοῦ
1767 5731 1920 5799 ἁγίου
1962 5734 2170 5799 τούτου,

529 5817 776 5888 καθάπερ
831 5815 934 5866 ὑπὸ
985 5813 1159 5884 ῥύμης
1213 5812 1416 5868 ὑδάτων
1454 5816 1846 5890 σφοδροτάτης,
1883 5819 2023 5876 οὕτω
2075 5823 2171 5896 τὴν

589 5959 615 5991 ⁸
638 5957 805 6009 Morel.
831 5951 1231 6020 θπυκρύπτιιβίὶί
1250 5969 1418 6009 omnes
1443 5958 1750 6022 ἀποκρύπτει.

2325 555 2570 624 γλῶτταν
2591 554 2925 627 παρεσύρην.
2944 554 3035 608 Διὸ
3059 554 3218 626 μέχρι
3240 552 3428 606 τούτου
3453 551 3660 624 στήσας
3686 553 3771 608 τὸν
3791 553 3948 622 λόγον,

2323 640 2625 712 παρακαλῶ
2646 642 2746 713 τήν
2787 641 3058 714 ὑμετέραν
3112 640 3330 711 ἀγάπην
3361 638 3625 712 διηνεκῶς
3673 639 3854 693 τοῦτον
3899 639 3950 693 ιν

2320 727 2527 799 διανοίᾳ
2557 727 2892 801 περιφέρειν,
2946 728 3040 781 καὶ
3068 726 3226 780 τοῦτο
3254 726 3563 797 λογίζεσθαι
3603 724 3847 796 συνεχῶς,
3877 725 3949 777 δτι

2320 816 2419 885 τῆς
2451 815 2620 886 αὐτῆς
2644 817 2774 886 ἡμῖν
2807 814 3077 870 κοινωνῶν
3101 813 3335 883 φύσεως,
3390 817 3483 869 καὶ
3511 815 3625 878 τοῖς
3652 813 3825 876 αὑτοῖς
3854 813 3950 866 πά-

2322 903 2470 958 θεσιν
2499 905 2874 976 ὑποκείμενος,
2909 905 3001 958 καὶ
3030 904 3368 974 ἐπιτήδευμα
3429 903 3566 972 ἔχων
3615 901 3818 964 εὐτελὲς
3869 902 3952 954 καὶ

2319 991 2810 1063 εὐκαταφρόνητον,
2844 992 2936 1046 καὶ
2986 991 3228 1062 δέρματα
3274 990 3513 1057 ράπτων,
3548 990 3642 1042 καὶ
3683 989 3770 1041 ἐπὶ
3805 990 3951 1058 ἐργα-

2321 1078 2544 1148 στηρίου
2579 1078 2844 1148 ἑστηκὼς,
2875 1077 3061 1148 ἐπειδὴ
3090 1076 3362 1147 ἡδουλήθη
3410 1076 3505 1129 καὶ
3550 1075 3776 1146 ἡθέλησε
3831 1075 3954 1144 πρὸς

2317 1165 2440 1227 τοὺς
2476 1165 2577 1234 τῆς
2630 1165 2832 1236 ἀρετῆς
2879 1165 3072 1228 πόνους
3111 1164 3301 1217 ἑαυτὸν
3356 1162 3622 1224 ἐκδοῦναι,
3676 1163 3767 1215 καὶ
3819 1162 3952 1227 ἀξιον

2317 1249 2506 1304 ἑαυτὸν
2532 1253 2870 1320 καταστῆσαι
2895 1251 2994 1317 τῆς
3019 1251 3284 1320 ὑποδοχῆς
3313 1248 3408 1302 τοῦ
3443 1248 3597 1318 ἀγίου
3632 1248 3949 1319 Πνεύματος,

2315 1335 2701 1408 δαψιλεστέρας
2738 1336 3018 1407 ἀπήλαυσε
3067 1335 3168 1406 τῆς
3221 1334 3428 1390 ἀνωθεν
3478 1334 3804 1405 φιλοτιμίας.
3853 1335 3949 1386 Καὶ

2316 1424 2476 1492 ήμεϊς
2502 1423 2702 1491 τοίνυν,
2737 1422 2834 1476 ἐὰν
2869 1421 3219 1493 βουληθῶμεν
3253 1421 3321 1475 τά
3349 1424 3481 1493 παρ’
3515 1421 3724 1476 ἑαυτῶν
3767 1420 3954 1474 ἐπιδεί-

2315 1507 2528 1574 ξασθαι,
2561 1509 2714 1563 οὑδὲν
2734 1508 2794 1563 :0
2826 1508 3035 1564 κωλύον
3059 1509 3171 1562 τῶν
3202 1508 3387 1563 αὑτῶν
3443 1510 3590 1581 ἡμᾶς
3644 1507 3952 1562 ἀπολαῦσαι.

2313 1594 2597 1666 Φιλότιμος
2624 1595 2733 1666 γάρ
2758 1598 2787 1650 ό
2808 1595 3106 1668 Δεσπότης.
3140 1596 3233 1648 καὶ
3274 1596 3562 1650 Βούλεται
3592 1594 3818 1660 πάντας
3863 1594 3957 1648 ἀν-

2313 1676 2583 1746 θρώπους
2602 1679 2891 1749 σωθῆναι,
2925 1681 3027 1734 καί
3068 1681 3156 1746 είς
3185 1679 3515 1750 ἐπίγνωσιν
3555 1680 3835 1746 ἀληθείας
3861 1680 3953 1732 ἐλ-

2313 1765 2456 1821 θεῖν.
2529 1766 2738 1833 Ἀξίους
2792 1766 2974 1821 τοίνυν
3029 1767 3256 1829 ἐαυτοὺς
3303 1766 3822 1836 κατασκευάσωμεν,
3867 1764 3956 1817 καὶ

2314 1851 2450 1920 μετὰ
2510 1851 2820 1924 προθυμίας
2863 1850 3094 1922 ζεούσης
3132 1852 3231 1922 τῆς
3266 1851 3467 1924 ἀρετῆς
3515 1850 3614 1921 όψὶ
3657 1850 3786 1920 γοῦν
3835 1865 3954 1904 ποτε

2312 1935 2698 2007 ἐπιλαθώμεθα
2723 1977 2738 2004 ,
2776 1938 2870 1992 καὶ
2921 1937 3031 1991 τῶν
3057 1937 3116 1990 ἑν
3151 1938 3285 2008 ήμῖν
3339 1937 3528 1992 παθῶν
3556 1937 3656 2004 τὴν
3687 1929 3956 2006 διόρθωσιν

2312 2021 2704 2094 ἐπιδειξάμενοι
2739 2022 3072 2094 ἐπιτηδείους
3104 2023 3331 2087 ἑαυτοὺς
3373 2019 3819 2094 ἀπεργασὼμεθα
3842 2017 3952 2092 [9i]

2313 2108 2448 2177 πρὸς
2470 2107 2565 2178 τήν
2593 2107 2687 2161 τοῦ
2717 2108 3034 2179 Πνεύματος
3058 2108 3326 2178 ὑποδοχήν
3352 2125 3364 2142 ο
3395 2102 3464 2180 ἧς
3514 2107 3726 2176 γένοιτο
3762 2107 3956 2170 πάντας

2309 2195 2458 2266 ἡμᾶς
2486 2193 2816 2265 ἀξιωθῆναι,
2849 2195 3031 2266 χάριτι
3053 2196 3148 2248 καὶ
3189 2192 3570 2265 φιλανθρωπίᾳ
3615 2193 3711 2247 τοῦ
3762 2192 3956 2260 Κυρίου

2311 2281 2466 2350 ἡμῶν
2499 2279 2672 2351 ἰησοῦ
2698 2280 2954 2352 Χριστοῦ,
2988 2281 3106 2353 μεθ’
3129 2276 3190 2334 οῦ
3224 2279 3301 2350 τῷ
3325 2281 3516 2351 Ila-cpt.
3539 2281 3657 2349 ἄμα
3705 2278 3783 2350 τῷ
3829 2278 3957 2347 ἁγίῳ

2311 2366 2606 2437 Πνεύματι,
2642 2367 2790 2434 δόξα,
2811 2367 3032 2437 κράτος,
3065 2367 3223 2438 τιμὴ,
3254 2365 3348 2420 νῦν
3369 2368 3462 2421 καὶ
3482 2366 3569 2419 ἀεὶ
3602 2366 3697 2419 καὶ
3735 2366 3814 2429 είς
3841 2363 3959 2426 τοὺς

2311 2452 2511 2516 αίῶνας
2537 2452 2644 2506 τῶν
2667 2453 2900 2509 αίὼνων.
2941 2455 3131 2524 ’Δμὴνο
3582 2454 3587 2458 ”

2955 2592 3196 2646 ΟΜΙΔῘΑ
3227 2590 3321 2645 IB'.

2310 2714 2412 2779 Είς
2439 2712 2512 2765 τὰ
2535 2711 2838 2767 ἀκόλουθα
2875 2711 2984 2779 τῆς
3017 2713 3296 2780 κτίσεως·
3333 2731 3351 2763 ι
3381 2711 3546 2780 Αὕτη
3571 2712 3610 2780 ἦ
3629 2713 3851 2778 ,βίϐλος
3868 2727 3958 2780 τε·

2378 2781 2601 2847 νέσεως
2625 2780 2884 2850 οὐρανοῦ
2909 2797 2972 2833 τε
2986 2780 3094 2850 ,καὶ
3118 2779 3259 2849 τῆς,
3275 2849 3279 2850 ν
3295 2779 3393 2835 ὅτε
3418 2779 3751 2850 ἐγένετο·νῇ
3781 2779 3959 2850 ἡμέρᾳ

2376 2851 2666 2918 ἐποίησεν
2697 2852 2730 2904 ό
2761 2849 2901 2914 Θεὸς
2935 2848 3043 2903 τὸν
3069 2848 3331 2916 οὐρανὸν
3358 2848 3468 2904 καί
3491 2855 3605 2920 τὴν
3633 2848 3774 2920 γῆν.
3803 2848 3824 2904 ὁ

2376 2983 2595 3057 α’.Φὲρε
2614 2985 2678 3055 δὴ
2703 2987 2941 3056 σήμερον
2964 2983 3342 3057 πληρώσωμεν
3357 2987 3512 3057 ἡμῶν
3529 2987 3629 3058 τὴν
3651 2988 3958 3059 ὑπόσχεσιν,

2309 3073 2404 3125 καὶ
2429 3063 2527 3141 τῆς
2561 3071 2823 3142 συνήθους
2850 3070 3113 3141 ἁψώμεθα
3139 3071 3505 3138 διδασκαλίας,
3531 3073 3627 3126 καὶ
3649 3075 3719 3147 τῇ
3744 3074 3960 3128 ἀκολου-

2307 3158 2399 3230 θίᾳ
2432 3157 2540 3212 τῶν
2573 3157 2763 3229 πρῴην
2800 3158 3107 3228 εἰρημένων
3140 3158 3465 3229 συνάψωμεν
3493 3162 3585 3214 καὶ
3608 3160 3679 3214 τά
3706 3162 3960 3232 μέλλοντα

2306 3244 2400 3296 νῦν
2426 3243 2776 3314 ῥηθήσεσθαι.
2826 3245 2971 3298 Ἰστε
3001 3243 3134 3315 γάρ,
3185 3245 3268 3297 δτι
3298 3245 3392 3298 καὶ⁵
3416 3245 3559 3311 απαξ
3594 3247 3690 3300 καὶ
3714 3247 3960 3317 δεύτερον

2306 3329 2627 3393 σπεύδοντας
2649 3330 2816 3400 ἡμᾶς,
2832 3329 2927 3383 καὶ
2954 3329 3308 3400 βουλομένους
3327 3329 3485 3385 τοῦτο
3504 3333 3756 3403 ποιῆσαι,
3778 3335 3814 3406 ἡ
3837 3333 3959 3405 περὶ

2302 3420 2427 3480 τοὺς
2474 3415 2736 3484 ἀδελφοὺς
2781 3415 2906 3478 τοὺς
2945 3416 3247 3486 ἡμετέρους
3292 3417 3517 3488 πρόνοια
3570 3419 3671 3490 τὴν
3714 3420 3960 3489 γλῶτταν

2303 3499 2434 3573 ἡμῖν
2467 3504 2548 3566 είς
2573 3501 2674 3571 τήν
2707 3501 2842 3572 πρὸς
2870 3502 3110 3564 ἐκείνους
3138 3503 3458 3572 παραίνεσιν
3490 3507 3793 3576 μετήγαγε,
3829 3509 3960 3562 non

2306 3589 2405 3659 μὲν
2427 3587 2537 3659 γάρ
2564 3587 2692 3650 τοὺς
2719 3588 3075 3657 νενοσηκότας
3098 3588 3206 3640 τῶν
3243 3587 3506 3658 ἀδελφῶν,
3554 3592 3650 3646 καὶ
3679 3593 3774 3649 διά
3803 3611 3958 3663 συνη·

2303 3674 2452 3737 θείας
2507 3673 2777 3745 πρόληψιν
2830 3671 3224 3742 ἀποσχίζοντας
3278 3675 3502 3739 ἑαυτοὺς
3548 3677 3644 3730 τοῦ
3699 3680 3960 3748 συλλόγου

2299 3760 2488 3813 τούτου
2525 3759 2620 3813 τοῦ
2673 3759 3073 3830 πνευματικοῦ.
3125 3761 3220 3814 καὶ
3266 3760 3363 3831 τήν
3413 3763 3607 3833 ἡδονήν
3645 3764 3753 3835 τῆς
3805 3768 3962 3835 ἀγίας

2302 3847 2495 3916 ἑορτῆς
2522 3846 2549 3886 δ
2577 3848 2709 3917 ήμϊν
2738 3845 3269 3917 ἀκρωτηριάξοντας,
3300 3848 3389 3902 διά
3416 3836 3513 3920 τῆς
3542 3850 3753 3922 πολλῆς
3789 3870 3960 3926 παρα·

2301 3932 2542 4002 κλήσεως
2569 3932 2663 3984 καὶ
2688 3931 2994 4001 συμϐουλῆς
3021 3932 3332 4002 ἑπείθομεν,
3373 3933 3448 4005 μή
3478 3935 3570 3989 ἐπὶ
3607 3937 3752 3991 πολὺ
3796 3938 3958 4011 χωρία

2301 4019 2413 4082 ζειν
2438 4019 2657 4082 ἑαυτοὺς
2685 4019 2786 4089 τῆς
2822 4018 2916 4072 τοῦ
2954 4019 3190 4091 Χριστοῦ
3235 4021 3490 4092 ποίμνης,
3536 4022 3670 4093 μηδι
3717 4023 3828 4090 ἔξω
3868 4024 3957 4078 τοῦ

2302 4102 2470 4174 σηκοῦ
2512 4102 2699 4157 τούτου
2737 4103 2833 4156 τοῦ
2882 4104 3252 4174 πνευματικοῦ
3274 4105 3597 4169 πλανᾶσθαι,
3627 4109 3726 4162 καὶ
3751 4111 3836 4180 τῷ
3867 4113 3962 4182 μὲν

2299 4189 2442 4259 λόγῳ
2469 4190 2566 4242 καὶ
2589 4186 2666 4257 τῷ
2692 4187 2915 4258 ὀνόματι
2961 4189 3091 4258 ἡμῖν
3116 4188 3376 4258 ἡνῶσθαι,
3397 4193 3465 4263 τῇ
3489 4191 3544 4246 δὲ
3564 4193 3800 4268 ἀληθείᾳ
3839 4198 3961 4251 Ἴου.

2298 4275 2469 4336 δαίοις
2486 4273 2901 4327 κατακολουθεῖν
2933 4276 3045 4338 τοῖς
3067 4275 3162 4328 ἐπὶ
3190 4278 3258 4347 τῇ
3295 4279 3420 4348 σκιᾷ
3449 4279 3960 4353 παρακαθημένοις,

2299 4360 2393 4413 καὶ
2423 4358 2501 4428 τῷ
2530 4359 2710 4428 λύχνῳ
2757 4359 3217 4430 προσηλωμένας,
3256 4362 3396 4432 μετά
3425 4362 3523 4434 τήν
3556 4363 3834 4439 ἐλλαμψιν
3868 4369 3960 4424 τοῦ

2297 4449 2393 4518 τῆς
2425 4446 2766 4518 δικαιοσύνης
2793 4448 2943 4517 ἡλίου
2963 4463 2978 4477 °
3008 4449 3136 4501 ποτέ
3156 4449 3213 4502 δέ
3240 4450 3348 4504 τῶν
3373 4452 3603 4505 ἐνταῦθα
3626 4455 3964 4530 συλλεγομέ.

2297 4535 2404 4587 νων
2426 4535 2550 4596 τοὺς
2567 4535 2844 4604 ἀμυήτους
2865 4534 3312 4607 παρεκαλέσαμεν
3337 4537 3654 4609 ἐπιδραμεῖν
3675 4544 3746 4614 τῇ
3771 4543 3961 4616 κλήσει

2298 4623 2366 4690 τῇ
2401 4621 2765 4688 πνευματικῇ,
2796 4619 2890 4670 καὶ
2918 4620 3094 4672 πάντα
3124 4619 3314 4685 ῦπνον,
3344 4624 3442 4675 καὶ
3470 4625 3650 4678 πᾶσαν
3682 4629 3960 4702 ῥᾳθυμίαν

2301 4703 2818 4772 ἀποτιναξαμένους,
2847 4703 2995 4773 πόθῳ
3018 4703 3215 4768 ζέοντι,
3256 4705 3350 4759 καὶ
3393 4707 3672 4781 προθυμίᾳ
3703 4729 3962 4769 cum-"4-

2301 4792 2436 4863 μένῃ
2460 4789 2707 4858 ἑτοίμους
2736 4789 2961 4852 ἑαυτοὺς
2982 4789 3118 4860 πρὸς
3137 4790 3235 4861 τὴν
3260 4790 3522 4864 ὑποδοχήν
3542 4794 3644 4866 τῆς
3667 4797 3962 4871 βασιλικῆς

2296 4876 2500 4946 δωρεᾶς
2527 4874 2962 4945 ἀπεργάσασθαι,
2989 4875 3081 4928 καὶ
3109 4874 3344 4931 σπεῦσαι
3364 4879 3501 4949 πρὸς
3518 4879 3610 4934 τὸν
3632 4882 3738 4954 τήν
3766 4887 3961 4958 ἄφεσιν

2293 4962 2401 5014 τῶν
2422 4958 2782 5029 πεπλημμελη
2791 4958 2964 5027 μένων
2984 4958 3345 5030 δωρούμενον,
3379 4961 3473 5016 καὶ⁸
3500 4964 3567 5017 τὰ
3585 4968 3764 5038 μυρία
3783 4972 3960 5041 ἀγαθὰ

2296 5045 2436 5116 μετά
2465 5044 2741 5113 δαψιλείας
2771 5044 3098 5114 παρέχοντα.
3148 5044 3298 5099 Ἐπεὶ
3327 5043 3420 5100 οὖν
3443 5049 3666 5105 καὶτῶν
3700 5057 3840 5128 περὶ
3864 5060 3958 5130 τήν

2293 5133 2384 5186 τοῦ
2411 5133 2593 5201 πάσχα
2617 5130 2810 5201 ἑορτὴν
2840 5130 3242 5200 σφαλλομένων,
3263 5132 3353 5187 καὶ
3374 5133 3460 5189 διά
3475 5137 3574 5206 τῆς
3589 5142 3959 5216 νομιζομένης

2291 5217 2501 5302 ταύτης
2526 5217 2728 5286 μικρᾶς
2748 5217 3181 5302 παρατηρήσεως
3209 5220 3421 5288 μεγάλα
3450 5223 3676 5289 ἑαυτοὺς
3703 5227 3960 5302 ζημιούνο

2286 5318 2414 5364 των,
2454 5300 2550 5371 τὴν
2601 5303 2731 5371 ἡμῖν
2778 5299 3151 5370 ἁρμόττουσαν
3217 5304 3468 5374 πρόνοιαν
3549 5299 3956 5386 ἐποιησάμεθα,

2288 5386 2621 5472 κατάλληλον
2646 5386 2927 5472 αὐτῶν,τῷ
2959 5386 3232 5458 τραύματι
3263 5389 3361 5462 τὴν
3409 5391 3708 5463 θεραπείαν
3753 5401 3958 5472 ἐπαγα.

2285 5471 2493 5538 γόντες,
2546 5471 2637 5524 καὶ
2663 5474 2778 5534 τοῖς
2829 5471 3094 5540 ἀμυήτοις
3124 5473 3224 5543 τήν
3255 5477 3635 5546 προσήκουσαν
3663 5471 3952 5540 νουθεσίαν

2285 5554 2725 5625 προσηγάγομεν,
2752 5554 3040 5609 ἀκόλουθον
3067 5557 3133 5612 ἀν
3157 5557 3242 5627 είη
3269 5559 3469 5626 λοιπὸν,
3499 5563 3686 5635 ἐπειδὴ
3717 5570 3866 5639 πρὸς
3889 5574 3957 5626 τά

2283 5642 2674 5709 κατεπείγοντα
2705 5643 2812 5696 τῶν
2864 5643 3183 5712 νοσημάτων
3226 5645 3482 5717 ἔστημεν,
3529 5651 3624 5702 καὶ
3668 5652 3734 5705 :0
3767 5657 3952 5712 αὐτῶν

2283 5727 2698 5798 ἐπληρώσαμεν,
2734 5731 2882 5798 κοινῇ
2920 5731 3081 5781 πᾶσιν
3121 5731 3249 5799 ὑμῖν
3283 5734 3523 5803 σήμερον
3555 5736 3805 5795 ἑστίασιν
3850 5763 3952 5798 παν

2287 5815 2529 5887 ραθεῖναι
2557 5813 2653 5885 τὴν
2676 5816 3064 5886 πνευματικήν.
3087 5817 3294 5889 Ὥσπερ
3316 5819 3422 5892 γὰρ
3448 5821 3626 5894 πρὶνὴ
3656 5826 3774 5885 τῶν
3797 5831 3953 5891 ἀδελ.

2344 5964 2374 6006 δ
2401 5965 2523 6028 Reg.
2550 5977 2675 6014 unus
2696 5969 2778 6024 τῆς
2821 5970 3130 6027 πνευματικῆς
3163 5973 3344 6030 ιορτῆς,
