4086 6486
235 359 312 421 97
1390 356 1458 414 IN
1492 355 1646 414 CAP.
1675 354 1738 413 ll.
1766 354 2011 415 GENES.
2051 356 2281 416 llOMlL.
2323 359 2440 418 Xll.

241 475 613 544 obsisterent,
663 490 726 532 ac
773 482 996 531 mentes
1025 472 1414 544 simpliciorum
1443 469 1857 528 subverterent?

241 566 426 637 Igitur
455 577 518 623 ut
543 567 696 634 dixit,
725 566 853 621 Plus
881 582 992 638 ego,
1021 573 1300 623 enumerat
1321 572 1502 634 postea
1528 560 1858 618 fortitudinis

243 673 368 714 suae
403 661 666 729 praeclara
693 673 879 729 opera,
909 667 963 712 et
983 657 1156 726 inquit
1181 670 1196 706 :
1226 654 1296 709 In
1317 654 1573 710 laboribus
1603 653 1856 725 plurimis,

246 748 303 803 in
338 749 518 821 plagis
543 764 702 817 supra
739 747 943 800 modum
965 787 982 811 ,
1031 747 1086 799 in
1113 745 1355 799 mortibus
1377 743 1680 814 frequenter.
1723 741 1860 810 Quid

246 839 439 894 dicis?
468 837 804 908 Stupendum
831 846 885 893 et
904 835 1217 892 admirabile
1245 844 1329 890 est
1353 834 1492 906 quod
1519 850 1547 887 a
1571 842 1622 889 te
1649 835 1855 889 dicitur.

253 929 436 985 Estne
465 928 608 984 enim
639 928 913 999 possibile,
948 935 1005 981 ut
1031 927 1151 996 quis
1176 939 1319 995 saepe
1347 924 1638 979 moriatur?
1662 924 1859 988 Etiam,

251 1019 444 1090 inquit
470 1058 488 1085 ,
538 1018 780 1090 quamvis
822 1032 929 1072 non
972 1016 1161 1072 mortis
1202 1014 1534 1085 experientia
1561 1055 1576 1080 ,
1624 1024 1858 1068 attamen

252 1108 536 1165 moriendi
576 1108 890 1178 proposito:
921 1107 1120 1162 docens
1149 1120 1268 1172 nos,
1297 1104 1524 1161 subinde
1548 1118 1606 1158 se
1631 1103 1701 1158 ob
1726 1118 1862 1171 pne-

255 1201 597 1257 dicationem
627 1197 815 1254 mortis
845 1198 1078 1270 pericula
1102 1196 1332 1263 adiisse,
1353 1195 1448 1252 sed
1490 1195 1581 1250 Dei
1607 1194 1775 1266 gratia
1807 1194 1860 1248 in

258 1291 470 1347 mediis
497 1290 748 1362 periculis
777 1289 1034 1344 athletam
1079 1295 1348 1344 servatum
1373 1325 1390 1354 ,
1433 1300 1540 1356 quo
1583 1285 1859 1354 discipulis

255 1382 444 1452 magis
469 1379 767 1452 prodesset.
808 1377 876 1434 In
912 1379 1189 1445 mortibus,
1232 1376 1424 1447 inquit,
1473 1376 1758 1445 frequenter
1779 1390 1798 1428 :
1827 1391 1860 1428 a

252 1471 475 1529 Judais
499 1473 763 1544 quinquies
783 1471 1120 1542 quadraginta
1141 1470 1318 1538 plagas
1341 1484 1444 1522 una
1471 1467 1636 1521 minus
1661 1466 1856 1534 accepi,

255 1573 339 1617 ter
366 1564 527 1634 virgis
562 1578 722 1617 casus
746 1577 881 1626 sunt,
906 1560 1064 1614 semel
1102 1558 1390 1628 lapidatus,
1433 1566 1508 1610 ter
1534 1556 1861 1626 naufragium

258 1658 390 1726 feci,
406 1665 672 1710 noctemac
699 1655 832 1709 diem
852 1653 1180 1725 in’profundo
1203 1653 1318 1724 egi;
1343 1651 1674 1706 initineribus
1700 1666 1855 1720 stupe,

260 1745 516 1818 periculis
557 1745 822 1816 ﬂuminum
849 1782 866 1811 ,
913 1743 1147 1812 periculis
1195 1743 1448 1796 latronum
1472 1782 1487 1807 ,
1535 1739 1772 1811 periculis
1801 1755 1863 1793 ea:

260 1853 477 1908 genere,
507 1833 744 1905 periculis
773 1849 840 1888 ea:
865 1831 1113 1904 gentibus,
1144 1831 1379 1901 periculis
1415 1847 1478 1885 ea:
1508 1831 1654 1899 falsis
1687 1830 1865 1901 fratri-

263 1928 366 1981 bus
392 1967 408 1992 ,
454 1925 691 1995 periculis
721 1925 777 1978 in
817 1922 1096 1977 ciuitatibus
1124 1961 1143 1990 ,
1191 1923 1430 1992 periculis
1467 1922 1520 1976 in
1553 1921 1860 1986 solitudine,

264 2018 519 2086 periculis
542 2017 596 2071 in
623 2016 754 2070 mari
781 2015 858 2089 (2.
887 2015 1006 2070 Cor.
1047 2015 1136 2070 η.
1165 2013 1403 2084 2ι.-26).
1444 2012 1522 2068 Ne
1551 2013 1863 2082 simpliciter

265 2118 660 2180 prietereamus
711 2106 830 2163 lucc
878 2106 1018 2162 dicta
1046 2145 1066 2172 ,
1119 2104 1300 2160 dilecti
1353 2122 1368 2158 :
1420 2119 1542 2159 nam
1590 2104 1864 2174 quodlibet

266 2199 469 2255 horum
517 2213 612 2268 per
657 2213 716 2252 se
764 2197 936 2251 solum
981 2195 1206 2265 pelagus
1248 2193 1466 2264 aliquod
1514 2194 1862 2251 tentationum

267 2290 438 2346 nobis
457 2288 714 2344 ostendit.
740 2287 859 2343 Non
885 2288 1028 2344 enim
1049 2285 1364 2356 simpliciter
1385 2285 1486 2340 iter
1505 2301 1668 2340 unum
1693 2284 1862 2342 dixit:

266 2381 397 2450 sed,
428 2380 494 2435 In
519 2380 779 2435 itineribus
825 2395 958 2451 saepe
1008 2395 1026 2434 :
1073 2394 1245 2449 neque
1284 2394 1447 2434 unum
1476 2379 1768 2449 periculum
1811 2379 1864 2432 in

268 2471 476 2536 ﬂuviis,
508 2469 605 2526 sed
647 2471 810 2525 multa
839 2480 893 2526 et
915 2470 1089 2535 varia;
1115 2480 1171 2525 et
1207 2470 1384 2525 omnia
1427 2470 1626 2539 ingenti
1654 2468 1869 2525 fortitu-

267 2563 404 2618 dine
447 2562 586 2617 tulit.
638 2562 703 2617 Et
731 2569 853 2634 post
876 2561 990 2620 bzsc
1018 2563 1196 2618 omnia
1233 2563 1423 2618 iterum
1451 2563 1622 2633 inquit
1651 2578 1664 2614 :
1699 2560 1766 2616 In
1791 2563 1868 2617 la-

271 2655 400 2708 bore
417 2663 464 2708 et
488 2669 739 2723 mutua,
765 2655 819 2709 in
843 2654 1027 2727 uigiliis
1042 2670 1196 2726 stupe,
1221 2655 1274 2709 in
1295 2655 1433 2726 [ante
1454 2667 1500 2710 et
1529 2655 1709 2723 siti,’in
1726 2658 1870 2728 jeju-

270 2747 376 2802 niis
402 2762 556 2815 stupe,
576 2749 630 2800 in
657 2748 844 2818 [rigore
861 2757 910 2801 et
936 2747 1183 2815 nuditate,
1205 2757 1388 2818 preter
1413 2747 1506 2804 illa
1523 2763 1639 2819 qua
1666 2750 1862 2804 extrin-

269 2849 422 2890 secus
449 2845 565 2891 sunt
599 2834 710 2905 (Ib.
739 2852 787 2890 υ.
812 2837 902 2892 27.
929 2837 1047 2909 σιέδ).

348 2927 406 2981 Ἰ.
444 2925 599 2981 Pauli
622 2942 861 2982 erumna
888 2929 1060 2982 variae.
1090 2958 1162 2968 —
1185 2927 1318 2984 Vide
1361 2930 1551 2985 iterum
1590 2929 1732 2984 aliud
1769 2945 1867 3000 pe-

271 3019 433 3090 lagus
461 3020 811 3074 teutationum
843 3019 999 3074 nobis
1026 3021 1239 3088 aperiri.
1273 3019 1342 3075 Ut
1366 3021 1506 3075 enim
1535 3020 1690 3088 dixit,
1721 3020 1870 3076 Pras-

274 3117 355 3162 ter
384 3106 476 3163 illa
510 3123 623 3176 quis
657 3110 966 3163 extrinsecus
1000 3118 1140 3175 sunt,
1177 3109 1467 3165 insinuavit
1509 3113 1869 3180 praetermissa

277 3203 432 3270 plura
461 3214 602 3262 esse.
635 3215 792 3270 quam
835 3216 953 3271 qum
978 3201 1118 3257 dicta
1145 3210 1288 3255 sunt.
1321 3201 1506 3271 Neque
1533 3203 1616 3257 his
1649 3212 1873 3258 conten-

275 3302 368 3346 tus
399 3289 516 3358 fuit,
543 3305 726 3345 verum
754 3306 851 3347 nos
880 3291 1036 3347 docet
1067 3307 1341 3362 pressurus
1365 3302 1419 3348 et
1441 3293 1872 3364 conspirationes

273 3397 414 3453 quas
439 3381 710 3446 sustinuit,
744 3383 822 3436 sic
845 3381 1029 3437 dicens
1061 3399 1075 3436 :
1107 3383 1358 3437 lustantia
1405 3399 1516 3438 mea
1553 3386 1868 3455 quotidiana,

276 3471 570 3526 sollicitudo
589 3473 811 3526 omnium
839 3471 1208 3527 Ecclesiansm.
1231 3473 1368 3529 Ecce
1392 3473 1495 3529 hoc
1518 3475 1718 3530 bonum
1737 3491 1872 3545 opus

278 3563 366 3617 vel
388 3562 600 3617 unicum
618 3563 890 3618 sufﬁciens
904 3573 1007 3629 est,
1022 3575 1079 3618 ut
1094 3579 1336 3620 summus
1353 3565 1452 3637 ipsi
1470 3567 1720 3622 virtutum
1735 3583 1872 3638 apex

278 3652 589 3727 tribuatur;
633 3652 962 3720 Sollicitudo,
1009 3653 1200 3724 inquit,
1243 3657 1467 3710 omnium
1501 3655 1873 3727 Ecclesiarum,

277 3757 389 3797 non
412 3743 590 3806 unius,
612 3743 695 3797 vel
720 3741 969 3810 duarum,
999 3746 1080 3800 vel
1105 3746 1288 3812 trium,
1344 3747 1438 3803 sed
1474 3747 1711 3802 omnium
1754 3765 1873 3819 qua:

279 3835 335 3889 in
392 3843 503 3888 toto
547 3833 699 3889 orbe.
745 3833 881 3890 Nam
920 3846 1173 3905 quantam
1215 3844 1410 3891 terram
1445 3838 1525 3892 sol
1567 3839 1728 3894 radiis
1762 3839 1874 3895 suis

283 3925 538 3992 illustrat,
569 3933 772 3981 tantam
801 3941 984 3981 curam
1012 3937 1066 3981 et
1094 3927 1507 3984 sollicitudinem
1530 3928 1712 3984 habuit
1735 3932 1872 3987 Pau-

283 4015 387 4069 lus.
416 4014 606 4069 Vidisti
631 4015 963 4072 latitudinem
994 4018 1201 4073 animi?
1231 4019 1408 4075 vidisti
1433 4021 1629 4076 mentis
1671 4023 1874 4091 magni-

283 4105 567 4161 tudinem?
597 4106 714 4161 Jam
756 4107 896 4178 quod
933 4108 1308 4178 subsequitur,
1340 4112 1519 4165 omnia
1559 4113 1871 4182 superiora,

283 4209 342 4252 ut
367 4198 437 4252 ita
476 4198 671 4265 dicam,
710 4201 964 4270 contegit.
1021 4200 1148 4267 Quis
1173 4203 1314 4256 enim
1344 4203 1660 4271 infirmatur,
1680 4207 1872 4276 inquit,

278 4301 444 4360 stega
470 4307 578 4345 non
612 4291 892 4360 inﬁrmor?
944 4294 1056 4361 quis
1100 4294 1504 4361 scandalizatur,
1547 4306 1594 4351 et
1636 4313 1728 4367 ego
1770 4315 1871 4353 non

280 4397 404 4434 uror
427 4379 446 4452 (
469 4382 525 4435 2.
551 4381 672 4436 Cor.
703 4384 789 4437 11.
814 4383 886 4439 29
932 4382 950 4454 )
979 4385 1002 4437 2'
1032 4385 1212 4454 Papae,
1237 4397 1470 4456 quantus
1489 4388 1587 4442 viri
1613 4388 1771 4458 hujus
1817 4391 1875 4445 in

282 4472 424 4526 ﬁlios
452 4487 609 4527 amor
631 4483 685 4528 et
715 4474 1042 4545 indulgentia
1075 4477 1090 4531 ε
1122 4482 1316 4547 quanta
1356 4481 1627 4549 vigilantia
1652 4482 1668 4536 ι
1697 4498 1869 4552 quan-

281 4571 333 4616 ta
350 4574 479 4616 cura
514 4566 528 4616 ι
561 4562 692 4629 Qum
729 4572 899 4618 mater
923 4566 999 4620 sic
1042 4567 1310 4622 cruciatur
1335 4569 1473 4622 intra
1504 4571 1710 4626 viscera
1757 4571 1874 4627 lilio

283 4650 438 4708 febre
460 4652 758 4719 laborante,
804 4663 863 4710 et
905 4656 956 4709 in
993 4655 1133 4711 lecto
1176 4657 1550 4726 decumbente,
1585 4670 1643 4715 ut
1683 4661 1872 4718 beatus

281 4743 374 4799 ille
417 4759 516 4814 pro
551 4747 740 4814 quovis
787 4747 1016 4813 inlirmo,
1063 4764 1402 4819 quocumque
1433 4751 1518 4807 ille
1541 4754 1660 4807 loco
1702 4763 1873 4822 esset,

280 4835 673 4900 inlirmabatur,
705 4847 760 4892 et
790 4853 884 4907 pro
928 4841 1300 4896 scandalizatis
1336 4843 1628 4898 urebatur?
1676 4846 1867 4902 Consi-

279 4924 409 4980 dera
432 4924 592 4990 enim,
619 4942 823 4996 quaso,
844 4931 1128 4983 verborum
1151 4932 1404 4986 latentem
1431 4935 1536 4988 vim
1570 4945 1624 4990 et
1647 4938 1869 5006 empha-

277 5016 384 5071 sin.
417 5015 532 5070 Non
558 5017 718 5082 dixit,
747 5017 878 5084 Quis
903 5019 1310 5086 scandalizatur,
1339 5031 1392 5076 et
1418 5038 1516 5093 ego
1544 5039 1647 5079 non
1671 5025 1870 5082 doleo?

277 5107 398 5172 sed,
441 5105 594 5170 Uror,
653 5107 858 5176 inquit,
906 5109 1173 5164 intensnm
1216 5111 1370 5166 nobis
1412 5113 1657 5170 dolorem
1690 5116 1869 5172 decla-

271 5212 427 5262 rans,
450 5199 602 5267 quasi
618 5199 1018 5256 demonstraret
1036 5217 1094 5256 se
1121 5202 1441 5259 intrinsecus
1472 5207 1682 5263 incendi
1711 5219 1765 5263 et
1786 5215 1868 5264 uri

278 5303 376 5358 pro
403 5289 467 5343 iis
484 5289 573 5358 qui
599 5290 1022 5346 olfendebantur.
1051 5293 1177 5349 Scio
1203 5310 1288 5350 me
1327 5296 1379 5351 in
1411 5313 1656 5368 magnam
1707 5303 1868 5370 proli-

281 5380 506 5435 xitatem
555 5383 864 5438 extendisse
916 5383 1236 5453 doctrinam,
1281 5389 1524 5458 quamvis
1579 5400 1865 5447 statueram

283 5469 444 5544 hodie
471 5470 686 5526 brevior
713 5486 855 5539 esse,
895 5485 954 5528 ut
979 5475 1248 5544 paululum
1279 5493 1308 5530 a
1331 5478 1516 5548 jejunii
1538 5481 1720 5536 labore
1742 5497 1866 5552 pos-

275 5559 394 5613 sitis
421 5560 688 5629 respirare
712 5578 726 5616 :
752 5563 843 5617 sed
861 5565 1041 5619 nescio
1061 5567 1349 5634 quomodo,
1375 5578 1428 5622 ut
1459 5569 1510 5622 in
1541 5569 1752 5626 divitias
1773 5574 1867 5626 bo-

273 5665 465 5708 norum
510 5664 734 5724 operum
789 5652 942 5725 hujus
989 5656 1173 5712 sancti.
1204 5656 1386 5727 incidi,
1443 5659 1676 5731 linguam
1729 5664 1860 5721 mihi

3472 370 3560 427 98

1955 475 2105 546 quasi
2134 477 2302 546 rapidi
2331 477 2565 533 numinis
2596 477 2676 532 vis
2701 476 2893 548 rapuit.
2927 478 3218 548 Propterea
3247 480 3334 538 hic
3379 481 3551 540 finem

1954 566 2164 622 dicendi
2205 566 2425 633 faciens,
2448 581 2545 621 oro
2579 557 2859 624 caritatem
2899 579 3154 636 vestram,
3201 581 3257 626 ut
3298 575 3553 632 continue

1955 658 2106 713 illum
2138 659 2190 712 in
2229 667 2410 714 mente
2458 660 2864 725 circumferatis,
2909 671 2964 717 et
3008 647 3234 734 subinde
3281 669 3549 737 cogitetis,

1954 764 2076 805 eum
2133 750 2376 819 ejusdem
2425 752 2704 808 nobiscum
2741 763 2946 808 natum
2978 765 3307 823 consortem,
3357 757 3552 816 iisdem

1953 841 2325 897 allectionibus
2366 843 2678 910 obnoxium,
2719 846 2989 915 opitieium
3030 846 3137 902 vile
3198 863 3261 903 ac
3307 860 3552 905 contem-

1953 946 2101 1005 ptum
2131 945 2467 991 exercentem
2500 937 2713 1006 pellium
2735 947 2996 1002 sutorem,
3028 948 3081 993 et
3103 939 3154 992 in
3185 939 3414 996 ofllcinis
3439 941 3549 997 frc-

1951 1036 2225 1094 quentem,
2258 1029 2379 1096 quia
2403 1029 2570 1082 voluit
2595 1037 2648 1082 et
2691 1029 2930 1085 decrevit
2971 1031 3225 1086 virtutum
3267 1031 3444 1088 studio
3489 1047 3552 1091 se

1952 1117 2275 1187 mancipare,
2299 1127 2351 1173 et
2389 1117 2635 1173 idonemn
2679 1134 2738 1174 se
2783 1123 3109 1177 constituere
3153 1123 3552 1192 receptaculum

1951 1205 2178 1276 Spiritus
2219 1209 2411 1273 sancti,
2468 1209 2664 1280 largius
2701 1227 2912 1282 quoque
2955 1227 3183 1282 superna
3233 1214 3554 1273 liberalitate

1951 1300 2178 1370 potitum
2204 1317 2343 1356 esse.
2382 1302 2448 1357 Et
2479 1319 2581 1358 nos
2621 1304 2768 1372 item,
2812 1305 2855 1359 si
2895 1305 3224 1362 voluerimus
3259 1308 3402 1378 quod
3447 1324 3547 1363 no-

1950 1402 2119 1447 strum
2167 1404 2250 1448 est
2292 1393 2488 1462 facere,
2535 1396 2668 1450 nihil
2712 1397 3015 1467 prohibebit
3055 1399 3244 1455 eadem
3273 1414 3373 1453 nos
3408 1401 3546 1457 bona

1950 1483 2226 1553 consequi.
2269 1483 2526 1539 Liberalis
2556 1486 2696 1540 enim
2726 1496 2807 1542 est
2838 1486 3115 1550 Dominus,
3157 1497 3211 1543 et
3263 1489 3381 1543 Vult
3429 1506 3543 1545 ont-

1950 1591 2038 1628 nes
2065 1575 2290 1629 homines
2329 1577 2491 1631 salvos
2530 1578 2661 1645 ﬁeri,
2693 1587 2844 1648 atque
2885 1578 2953 1631 ad
2980 1579 3286 1649 agnitionem
3328 1582 3550 1637 veritatis

1950 1669 2218 1737 venire“.
2254 1667 2386 1723 Tim.
2411 1670 2464 1724 ἓ.
2499 1671 2824 1740 ι).·ῐ)ἰεηηε
2853 1671 3012 1741 igitur
3057 1687 3155 1727 nos
3200 1673 3345 1744 ipsos
3391 1675 3545 1728 exhi-

1952 1762 2197 1828 beamus,
2229 1777 2291 1817 ac
2318 1761 2540 1817 ferventi
2564 1763 2837 1818 alacritate
2863 1764 3111 1820 virtutem
3142 1765 3224 1820 vel
3249 1780 3374 1821 sero
3422 1777 3544 1821 tan-

1952 1849 2072 1906 dem
2102 1852 2588 1922 apprehendamus,
2614 1851 2668 1908 et
2695 1853 3002 1909 affectiones
3029 1865 3241 1910 nostras
3269 1857 3545 1927 corrigen-

1953 1951 2056 2010 tes,
2079 1944 2301 2001 idoneos
2327 1961 2424 2000 nos
2455 1946 2740 2001 reddamus
2764 1945 2829 2000 ad
2858 1946 3115 2017 Spiritum
3165 1956 3409 2002 sanctum
3453 1965 3539 2004 r3-

1953 2036 2256 2106 cipiendnm
2287 2055 2301 2091 :
2333 2038 2474 2108 quod
2497 2045 2554 2092 ut
2591 2054 2914 2103 mereamur,
2961 2039 3224 2094 concedat
3265 2040 3436 2110 gratia
3487 2047 3559 2095 et'

1953 2128 2251 2198 benignitas
2294 2127 2502 2184 Domini
2547 2130 2711 2183 nostri
2740 2127 2864 2184 Jesu
2892 2128 3110 2196 Christi,
3132 2131 3348 2200 quicum
3406 2131 3567 2188 Patri.

1954 2217 2135 2285 simul,
2165 2228 2219 2273 et
2242 2218 2444 2288 Spiritu
2490 2226 2678 2274 sancto
2697 2219 2766 2274 sit
2785 2218 2977 2289 gloria,
3003 2219 3288 2288 imperium
3339 2228 3396 2275 et
3442 2219 3546 2276 ho~

1955 2323 2078 2379 nor,
2106 2323 2247 2365 nunc
2274 2322 2329 2366 et
2347 2323 2586 2380 semper,
2609 2320 2663 2366 et
2686 2311 2737 2365 in
2763 2309 2958 2366 saecula
2986 2310 3325 2368 seculorum.
3347 2312 3550 2366 Amen.

2524 2464 2804 2523 HOMILIA
2859 2463 2974 2520 XII.

1957 2578 2034 2635 De
2050 2578 2118 2633 iis
2135 2592 2254 2649 qute
2277 2586 2579 2648 sequuntur
2607 2577 2934 2633 creationem
2963 2592 2976 2630 :
3012 2571 3114 2632 Hic
3143 2585 3216 2631 est
3241 2577 3368 2630 liber
3394 2592 3554 2646 gene-

2028 2669 2238 2724 rationis
2263 2670 2376 2724 ctuti
2401 2678 2449 2723 et
2490 2678 2640 2723 terra!
2665 2683 2697 2733 ,·
2728 2667 2933 2740 quando
2954 2667 3089 2737 facta
3139 2677 3256 2722 sunt
3284 2683 3305 2723 :
3332 2684 3434 2739 quo
3462 2668 3560 2724 die

2030 2761 2145 2831 fecit
2175 2760 2311 2816 Deus
2337 2760 2516 2816 calum
2536 2769 2583 2814 et
2611 2769 2802 2814 terram
2835 2757 2985 2829 (Gen.
3018 2759 3075 2814 2.
3107 2757 3186 2831 ι).

2032 2892 2085 2946 l.
2115 2892 2228 2961 Age
2274 2890 2596 2960 promissum
2640 2897 2882 2945 nostrum
2913 2886 3075 2945 hodie
3101 2887 3417 2966 impleamus
3441 2931 3457 2956 ,
3499 2897 3558 2946 et

1958 2991 2268 3037 consuetam
2286 2981 2586 3036 doctrinam
2604 2987 2914 3044 tractantes,
2933 2978 3159 3034 dicenda
3185 2994 3328 3035 nunc
3349 2980 3413 3036 iis
3435 2995 3557 3050 qua:

1959 3087 2120 3144 supra
2150 3072 2289 3126 dicta
2319 3081 2446 3126 sunt
2465 3078 2842 3127 contexamus.
2878 3071 3041 3127 Scitis
3061 3071 3228 3140 enim,
3260 3087 3360 3128 nos
3387 3073 3560 3129 semel

1960 3171 2124 3234 atque
2153 3164 2344 3218 iterum
2373 3162 2476 3217 hoc
2493 3161 2666 3218 facere
2691 3161 3014 3228 decrevisse,
3034 3172 3088 3217 et
3110 3163 3180 3218 ad
3219 3163 3320 3219 hoc
3344 3172 3560 3235 paratos

1960 3254 2151 3321 fuisse,
2178 3254 2272 3310 sed
2307 3269 2489 3311 curam
2518 3254 2761 3320 fratrum,
2793 3269 2952 3324 quam
2975 3255 3229 3325 gerimus,
3268 3256 3320 3311 in
3343 3256 3558 3314 illorum

1959 3344 2378 3400 admonitionem
2412 3343 2645 3414 linguam
2679 3351 2916 3400 nostram
2947 3343 3054 3399 alio
3079 3345 3341 3415 rapuisse.
3370 3346 3556 3414 Quan-

1961 3433 2247 3504 doquidem
2295 3433 2568 3489 interdum
2629 3432 2854 3488 inﬁmis
2889 3433 3174 3501 fratribus,
3206 3435 3400 3506 quibus
3427 3452 3560 3493 con-

1962 3534 2171 3581 suetum
2189 3532 2305 3579 erat
2323 3534 2662 3594 sequestrare
2682 3538 2741 3578 se
2761 3523 2828 3578 ab
2854 3523 2956 3579 hoc
2984 3524 3244 3594 spirituali
3267 3535 3560 3595 conventu,

1963 3627 2021 3675 et
2043 3619 2296 3674 mutilare
2343 3617 2497 3672 nobis
2522 3626 2722 3672 sancta:
2754 3615 2773 3649 ί
2799 3615 3099 3672 festivitatis
3123 3617 3338 3688 gaudia,
3379 3618 3554 3674 suasi-

1962 3723 2084 3765 mus
2107 3706 2439 3764 consulendo
2477 3714 2534 3762 et
2559 3706 2939 3774 exhortando,
2972 3721 3039 3762 ne
3067 3707 3270 3769 diutius
3319 3709 3389 3764 ab
3425 3709 3555 3766 ovili

1964 3801 2161 3858 Christi
2187 3801 2383 3868 absint,
2411 3807 2466 3856 et
2491 3808 2641 3855 extra
2664 3799 2870 3855 caulam
2895 3801 3030 3855 hanc
3050 3800 3378 3869 spiritualem
3395 3801 3558 3857 abera

1963 3903 2085 3948 rent
2117 3908 2132 3946 :
2159 3891 2376 3946 nomine
2404 3889 2618 3961 quidem
2654 3898 2708 3946 et
2746 3890 3112 3960 appellatione
3153 3890 3306 3947 nobis
3347 3891 3556 3960 juncti,

1963 4001 2156 4041 revera
2178 3995 2355 4042 autem
2379 3985 2594 4042 Judzeos
2611 3995 2898 4054 sectantes,
2917 3987 3006 4057 qui
3028 3985 3444 4042 adhuc’umbm
3466 4001 3555 4042 as-

1964 4076 2160 4143 sident,
2188 4076 2529 4148 lacerumque
2565 4077 2764 4133 addicti
2808 4085 2954 4144 sunt,
2987 4085 3269 4148 postquam
3293 4077 3374 4133 sol
3394 4078 3563 4148 iustis

1967 4168 2054 4222 tite
2084 4167 2255 4222 illuxit
2280 4184 2294 4233 ;
2326 4167 2592 4224 interdum
2622 4169 2782 4224 etiam
2804 4167 3040 4223 nondum
3073 4168 3307 4225 initiatos
3328 4169 3430 4239 (ᾳ),
3463 4170 3572 4238 qui

1966 4257 2020 4313 in
2060 4267 2203 4314 cestu
2247 4257 2507 4324 aderant,
2539 4259 2736 4315 hortati
2775 4273 2962 4314 sumus
2986 4301 3001 4327 ,
3043 4268 3102 4314 ut
3124 4258 3193 4314 ad
3221 4259 3557 4328 spiritualem

1965 4349 2302 4404 vocationem
2369 4357 2684 4413 accurrant,
2735 4362 3070 4418 excussoque
3121 4349 3270 4404 omni
3332 4348 3559 4420 ignavis

1964 4457 2175 4508 somno,
2206 4441 2433 4497 ferventi
2460 4443 2748 4509 desiderio,
2771 4452 2829 4498 et
2858 4442 3058 4514 ingenti
3097 4443 3374 4499 alacritate
3400 4457 3560 4516 para-

1965 4542 2050 4588 tos
2091 4548 2150 4588 se
2189 4533 2258 4588 ad
2291 4532 2626 4603 suscipienda
2672 4534 2822 4604 regis
2869 4549 3097 4589 munera
3146 4542 3447 4605 przestent,
3500 4543 3558 4592 et

1963 4632 2251 4692 preperent
2275 4623 2344 4678 ad
2364 4638 2486 4678 eum
2505 4624 2596 4695 qui
2617 4623 2986 4680 remissionem
3007 4623 3174 4679 donat
3189 4632 3558 4694 peccatorum,

1963 4723 2017 4768 et
2037 4715 2331 4770 liberaliter
2356 4715 2633 4770 innumera
2663 4716 2800 4770 bona
2842 4716 3166 4786 suppeditat.
3200 4717 3384 4787 Itaque
3407 4727 3557 4788 post-

1962 4820 2120 4874 quam
2151 4818 2338 4860 eorum
2367 4806 2456 4875 qui
2483 4806 2624 4861 circa
2652 4807 2871 4861 Paschte
2892 4805 3085 4862 festum
3114 4807 3396 4874 errabant,
3434 4809 3554 4879 qui.

1961 4911 2064 4965 que
2087 4911 2180 4964 per
2200 4898 2338 4950 hanc
2363 4896 2590 4960 minimi,
2621 4905 2677 4951 ut
2709 4898 2994 4966 putabant,
3026 4898 3284 4953 momenti
3306 4899 3556 4954 observa

1963 4986 2185 5050 tionem,
2215 5001 2463 5056 magnum
2485 4986 2586 5043 sibi
2611 4987 2866 5042 damnum
2899 4987 3221 5055 inferebant,
3253 5005 3552 5059 congruen-

1964 5082 2070 5128 tem
2115 5089 2299 5129 curam
2341 5077 2607 5146 gessimus
2653 5078 2752 5148 (ὁ),
2801 5076 2998 5133 idoneo
3040 5078 3286 5134 adhibito
3347 5078 3556 5134 vulneri

1961 5165 2375 5234 medicamento,
2404 5175 2460 5221 et
2512 5183 2618 5223 non
2655 5167 2879 5224 initiatis
2903 5184 2966 5224 ea
3019 5171 3088 5225 de
3133 5184 3193 5224 re
3232 5169 3560 5239 probecom-

1962 5256 2214 5324 monitis,
2269 5266 2436 5312 restat
2476 5265 2531 5312 ut
2573 5259 2824 5315 omnibus
2876 5257 3028 5315 vobis
3075 5258 3236 5316 hodie
3275 5257 3558 5329 spirituale

2024 5431 2040 5496 ξ
2079 5438 2194 5496 Reg.
2221 5445 2365 5496 unus.
2391 5432 2676 5496 spiritualis,
2702 5446 2807 5496 pro,
2831 5440 3028 5485 semota.

2023 5492 2095 5560 (η)
2132 5495 2214 5542 Hic
2249 5492 2458 5556 loquitur
2490 5495 2554 5560 de
2594 5492 2958 5560 catechumenis
2993 5508 3135 5560 quos
3156 5495 3347 5560 initiare
3380 5505 3432 5548 et
3477 5499 3557 5549 ha-

1961 5555 2140 5622 ptigare
2165 5562 2382 5622 exeunte
2402 5558 2793 5622 Quadragesims,
2819 5570 2925 5608 mos
2945 5555 3069 5608 erit.
3094 5556 3222 5607 Vide
3265 5561 3559 5612 catecbeses

1961 5623 1996 5666 t.
2023 5616 2070 5670 2,
2097 5622 2200 5662 ett.
2230 5615 2286 5664 l3
2308 5617 2372 5665 de
2395 5615 2776 5670 catechuinenis.

2024 5675 2096 5739 (ὸ)
2129 5675 2491 5741 chrysostomus
2511 5680 2638 5731 circa
2657 5679 2788 5729 diem
2810 5679 3000 5742 pascha:
3022 5680 3332 5734 conclusam
3359 5686 3487 5733 erat.
