4086 6482
581 369 652 426 99
1322 359 1378 417 S.
1420 354 1696 416 JOANNIS
1729 347 2146 412 CHRYSOSTO!

2251 343 2554 404 MlCBlEP.
2595 346 3126 406 CONSTANTIXOP.

583 486 796 550 paretur
825 473 1149 531 convivium.
1179 471 1309 528 Nam
1349 465 1798 541 quemadmodum
1844 465 1891 521 si
1937 463 2158 519 fratrum

584 579 890 624 nostrorum
931 566 1171 637 neglecta
1209 577 1336 618 cura
1360 602 1375 628 ,
1425 558 1887 632 praetermissaque
1948 553 2156 608 illorum

583 659 970 722 admonitione,
999 663 1188 716 emittm
1225 653 1382 709 seriei
1413 651 1703 713 haerentes,
1733 659 1981 718 ipsosque
2005 641 2156 699 inllr-

583 758 791 804 mantes
819 746 1344 816 euntemmissemus,
1392 740 1514 811 jure
1563 738 1824 810 quispiam
1855 747 1952 790 nos
1977 746 2160 803 repre-

585 839 876 902 hendisset,
901 844 1087 906 utpote
1109 843 1464 904 opportunum
1487 839 1696 900 tempus
1739 832 2157 897 pratercurreno

585 942 666 986 tes
691 949 705 984 :
735 930 804 984 ita
830 941 990 990 nunc,
1019 926 1141 996 quia
1165 923 1296 980 nihil
1326 921 1738 993 prmtermissum
1767 923 1870 981 est,
1903 922 2157 983 quantum

585 1031 780 1076 nostra
800 1019 938 1073 vires
957 1018 1156 1079 sinunt,
1180 1015 1275 1070 sed
1297 1015 1516 1071 verbum
1529 1011 1780 1068 doctrina:
1797 1007 2156 1070 adhibuimus,

587 1111 861 1179 pecuniam
903 1106 1357 1164 dinumeravimus
1381 1146 1398 1170 ,
1449 1104 1757 1170 seminaque
1795 1100 1848 1152 in
1878 1109 2016 1152 terra
2058 1095 2158 1150 hac

581 1199 845 1269 spirituali
901 1197 1162 1267 jecimus,
1191 1203 1602 1250 consentaneum
1631 1199 1732 1256 est,
1775 1198 1830 1244 ut
1868 1188 2057 1242 iterum
2102 1185 2154 1239 in

584 1290 812 1345 medium
835 1287 1144 1352 alierantur,
1171 1301 1290 1357 qua:
1315 1301 1381 1342 ea
1411 1287 1564 1340 beato
1584 1281 1729 1337 Meae
1755 1290 1878 1336 sunt
1901 1280 2035 1336 lecta
2054 1317 2070 1344 ,
2100 1286 2156 1332 ut

582 1383 754 1436 fructu
809 1379 931 1433 inde
970 1377 1195 1433 collecto
1219 1420 1233 1443 ,
1259 1377 1472 1432 domum
1503 1373 1678 1428 redire
1703 1373 1877 1427 liceat.
1902 1370 2154 1437 Quantam

585 1472 742 1539 igitur
787 1469 902 1524 luce
939 1469 1066 1534 sint,
1124 1468 1417 1522 audiamus.
1449 1464 1502 1519 4.
1544 1461 1646 1517 Hic
1692 1463 1932 1525 estliber,
1963 1459 2152 1529 inquit,

584 1560 918 1628 generationis
940 1557 1049 1612 caeli
1068 1567 1114 1612 et
1139 1566 1284 1611 terra
1305 1554 1505 1626 quando
1532 1557 1666 1624 {acta
1684 1561 1798 1606 sunt
1820 1568 1839 1606 :
1858 1566 1955 1620 quo
1981 1549 2063 1604 die
2081 1549 2154 1616 fe-

583 1650 650 1702 cit
677 1647 812 1702 Deus
838 1647 1015 1702 cadum
1043 1655 1088 1700 et
1115 1655 1319 1709 terram,
1346 1645 1400 1698 5.
1429 1652 1476 1697 et
1505 1657 1651 1696 omne
1678 1639 1948 1711 virgultum
1990 1638 2103 1708 agri
2133 1678 2151 1704 ,

581 1748 848 1806 antequam
868 1737 1083 1789 oriretur
1103 1750 1253 1803 super
1269 1744 1474 1800 terram,
1496 1747 1787 1799 omnemque
1803 1731 2006 1784 herbam
2019 1728 2148 1799 agri,

581 1831 876 1896 priusquam
901 1826 1136 1880 oriretur.
1167 1823 1287 1878 Non
1315 1824 1446 1877 enim
1474 1824 1669 1890 pluerat
1701 1819 1838 1874 Deus
1876 1835 2028 1889 super
2054 1829 2153 1872 ter-

583 1935 714 1983 ram,
743 1927 788 1972 et
813 1919 961 1971 homo
1001 1933 1099 1970 non
1129 1925 1234 1969 erat
1259 1915 1346 1984 qui
1378 1914 1558 1967 coleret
1589 1922 1792 1966 (errant.
1818 1911 1870 1965 6.
1897 1907 2036 1965 Fons
2060 1925 2153 1962 au-

577 2021 671 2060 tem
698 2006 992 2062 ascendebat
1025 2007 1088 2060 de
1117 2015 1267 2072 terra,
1296 2015 1344 2058 et
1392 2004 1632 2074 irrigabat
1657 2005 1937 2056 universam
1965 2001 2148 2073 [aciem

575 2108 720 2152 terra:
756 2096 903 2166 (Gen.
930 2096 1008 2166 2).
1035 2095 1320 2151 Considera
1353 2094 1479 2148 mihi
1529 2107 1735 2157 rursus,
1761 2093 2006 2153 obsecro.
2050 2090 2147 2144 ad-

577 2187 831 2242 mirabilis
860 2186 1015 2256 hujus
1046 2185 1312 2256 propheta:
1335 2184 1668 2252 sapientiam,
1697 2182 1804 2236 imo
1823 2182 1990 2236 sancti
2024 2179 2146 2248 Spi-

574 2281 707 2333 ritus
754 2278 1069 2332 doctrinam.
1128 2275 1258 2330 Nam
1296 2285 1570 2344 postquam
1624 2273 1776 2328 nobis
1822 2287 1916 2341 per
1967 2282 2148 2341 partes

573 2371 840 2423 enarravit
868 2377 1137 2422 creaturas
1166 2381 1374 2428 omnes,
1407 2374 1460 2419 et
1491 2381 1584 2419 sex
1627 2364 1830 2419 dierum
1858 2371 2148 2432 pertracta-

575 2462 651 2516 vit
687 2476 870 2530 opera,
919 2471 972 2515 et
1012 2459 1380 2514 formationem
1421 2457 1686 2521 hominis,
1735 2465 2152 2526 potestatemque

577 2553 859 2608 visibilium
883 2553 1118 2607 omnium
1147 2552 1221 2604 illi
1247 2564 1581 2612 concessam,
1612 2563 1751 2602 nunc
1786 2548 1972 2600 iterum
1999 2561 2150 2600 sum-

576 2643 760 2696 matim
809 2643 985 2694 omnia
1014 2650 1281 2710 repetens,
1311 2639 1481 2708 inquit
1509 2655 1522 2692 :
1555 2637 1654 2690 llic
1693 2646 1763 2691 est
1791 2639 1913 2690 liber
1939 2652 2150 2707 genera-

573 2734 724 2787 tionis
749 2733 859 2786 carli
883 2743 928 2786 et
955 2741 1116 2794 terraz,
1141 2733 1342 2801 quando
1369 2734 1503 2800 facta
1527 2739 1660 2782 sunt.
1692 2730 1881 2798 Operae
1922 2727 2145 2796 pretium

574 2824 661 2877 hic
688 2824 842 2877 fuerit
869 2823 1154 2891 inquirere,
1181 2835 1346 2890 quare
1376 2820 1646 2888 Scriptura
1674 2819 1864 2872 librum
1893 2817 2032 2871 hunc
2050 2831 2146 2870 vo-

575 2914 774 2970 caverit
795 2913 908 2967 εωιί
936 2921 992 2966 et
1021 2921 1195 2976 terrm,
1227 2911 1465 2980 quamvis
1492 2909 1653 2963 nndta
1681 2910 1778 2961 alia
1811 2909 1860 2961 in
1889 2922 1948 2962 se
1971 2907 2146 2961 conti-

570 3014 726 3071 neat,
753 3013 807 3059 et
826 3003 1013 3060 doceat
1038 3017 1134 3057 nos
1157 3002 1256 3056 alia
1283 3001 1531 3072 plurima,
1575 3014 1770 3067 nempe
1797 2998 1862 3052 de
1879 2998 2144 3067 justorum

571 3095 852 3149 virtutibus
887 3103 1137 3157 tractans,
1168 3094 1235 3145 de
1263 3091 1584 3159 benignitate
1615 3089 1728 3152 Dei,
1757 3088 1930 3156 deque
1971 3086 2147 3140 indul-

569 3185 766 3254 gentia,
795 3199 950 3252 quam
972 3196 1096 3252 erga
1120 3180 1344 3250 primum
1358 3188 1592 3233 creatum
1619 3177 1886 3231 hominem
1907 3185 1962 3231 et
1988 3190 2146 3231 omne

573 3277 859 3329 humanum
885 3289 1051 3343 genus
1081 3273 1324 3328 exhibuit
1371 3288 1383 3324 :
1410 3282 1462 3326 et
1489 3271 1555 3325 de
1603 3271 1720 3324 aliis
1761 3269 1937 3322 multis
1957 3311 1970 3334 ,
2027 3285 2144 3338 qua:

573 3365 728 3433 hujus
757 3365 1012 3433 temporis
1041 3378 1144 3418 non
1190 3361 1348 3416 fuerit
1374 3362 1665 3417 declarare.
1698 3359 1775 3415 Ne
1805 3360 2032 3425 mireris,
2059 3359 2142 3414 di-

569 3460 738 3512 lecte:
763 3471 875 3510 mos
903 3457 1045 3511 enim
1074 3456 1159 3509 hic
1182 3464 1264 3509 est
1286 3470 1451 3508 sacrte
1479 3456 1786 3521 Scripturae,
1816 3463 1996 3506 utnon
2023 3451 2140 3506 ubi-

567 3564 671 3616 que
717 3549 893 3602 omnia
943 3547 1292 3618 particulatim
1346 3555 1590 3608 enarret;
1624 3546 1716 3600 sed
1744 3560 1863 3599 cum
1913 3561 1997 3610 ea,
2025 3559 2142 3614 quae

556 3637 793 3708 plurima
815 3638 1258 3704 complectuntur,
1280 3637 1460 3690 dicere
1484 3635 1728 3704 coeperit,
1759 3635 2139 3689 consideranda

578 3727 841 3796 relinquat
867 3727 1138 3794 sequentia
1188 3726 1272 3792 iis,
1317 3727 1404 3795 qui
1432 3727 1684 3779 studiosis
1731 3727 1945 3779 auribus
1987 3726 2139 3779 exci—

575 3819 722 3885 piunt
746 3830 808 3871 ea
847 3833 963 3885 qua:
993 3816 1254 3870 dicuntur.
1282 3816 1343 3869 Et
1375 3826 1428 3869 ut
1454 3815 1628 3869 discas
1653 3830 1764 3869 rem
1794 3815 1863 3869 ita
1906 3830 2024 3870 esse
2048 3855 2062 3880 ,
2090 3815 2142 3869 id

570 3913 741 3976 palam
763 3907 950 3961 faciam
977 3924 1040 3962 ex
1073 3909 1156 3961 his
1185 3923 1302 3977 qua
1331 3923 1468 3962 nunc
1501 3916 1624 3961 sunt
1653 3909 1806 3962 lecta.
1838 3907 1970 3961 Ecce
1998 3907 2140 3961 enim

571 3999 620 4050 in
652 3998 1035 4066 superioribus,
1071 4007 1349 4066 postquam
1398 4012 1494 4050 nos
1517 3997 1691 4050 divina
1713 3996 1982 4066 Scriptura
2028 3995 2139 4051 lor-

568 4089 855 4142 mationem
887 4088 1121 4141 omnium
1150 4087 1447 4140 minutatim
1473 4086 1674 4151 docuit,
1711 4102 1849 4138 nunc
1891 4101 1994 4139 non
2025 4100 2141 4138 om—

569 4180 714 4230 nium
747 4178 1005 4243 meminit,
1037 4177 1132 4232 sed
1165 4178 1364 4246 inquit:
1396 4176 1489 4229 llic
1538 4187 1607 4230 est
1646 4177 1766 4229 liber
1809 4178 2140 4246 generationis

567 4270 678 4321 carli
697 4279 743 4322 et
774 4278 919 4322 terra:
939 4307 953 4333 ,
998 4269 1199 4337 quando
1226 4268 1359 4337 {acta
1403 4277 1518 4321 sunt
1549 4283 1566 4320 :
1591 4284 1688 4336 quo
1719 4267 1800 4320 die
1846 4269 1962 4338 fecit
2006 4266 2141 4321 Deus

570 4359 746 4410 ca'lum
771 4369 814 4410 et
840 4369 1044 4421 terram,
1071 4367 1123 4411 et
1149 4367 1357 4413 cmtcra.

641 4449 697 4499 2.
731 4447 916 4501 Viden’
942 4448 1210 4517 quomodo
1237 4458 1408 4501 totum
1439 4462 1739 4502 sermonem
1778 4447 1843 4502 ad
1871 4449 2057 4503 caelum
2086 4457 2139 4503 et

571 4547 767 4591 terram
798 4537 1084 4603 convertit,
1107 4553 1172 4591 ex
1199 4538 1302 4590 illis
1327 4539 1427 4592 alia
1459 4539 1634 4592 omnia
1662 4539 1814 4593 nobis
1843 4539 2137 4594 contuenda

572 4629 920 4698 relinquens?
948 4628 1079 4683 Cum
1111 4643 1239 4696 ergo
1267 4628 1394 4683 dicit
1416 4629 1601 4683 omium
1631 4640 1684 4684 et
1713 4639 1926 4694 terram,
1951 4645 2140 4686 omnes

574 4727 842 4773 creaturas
870 4719 1030 4772 simul
1055 4717 1478 4786 comprehendit,
1508 4729 1610 4772 tam
1634 4733 1725 4774 eas
1745 4735 1862 4788 qua:
1889 4721 1939 4774 in
1967 4721 2098 4774 catlo
2122 4760 2136 4785 ,

567 4823 728 4877 quam
755 4824 871 4876 qua:
899 4809 949 4861 in
984 4819 1142 4863 terra.
1195 4808 1344 4863 Sicut
1369 4809 1522 4877 igitur
1550 4809 1599 4862 in
1633 4811 1964 4864 enarratione
1989 4825 2138 4864 erea-

573 4909 807 4951 turarum
833 4912 935 4951 non
960 4899 1136 4952 omnia
1156 4898 1407 4968 deinceps
1429 4898 1576 4963 dicit,
1599 4897 1693 4954 sed
1731 4900 1960 4954 maxime
1979 4914 2140 4969 gene-

569 4991 700 5052 ralia
732 4997 930 5042 tantum
984 5001 1395 5056 commemorat,
1444 5006 1542 5044 nec
1583 4992 1848 5060 sigillatim
1879 5008 2093 5047 enarrat
2127 5014 2139 5046 :

571 5083 640 5134 ita
665 5090 720 5136 et
738 5080 929 5134 librum
960 5089 1148 5146 totum,
1171 5081 1269 5135 etsi
1301 5081 1463 5135 multa
1490 5082 1588 5133 alia
1610 5082 1900 5146 contineat,
1946 5082 2137 5134 librum

569 5173 923 5240 generationis
963 5172 1076 5226 cmli
1103 5181 1153 5226 et
1183 5181 1338 5227 terra:
1357 5172 1656 5242 appellavit,
1685 5175 1835 5227 nobis
1859 5189 1922 5229 ex
1951 5174 2139 5228 horum

570 5265 1072 5318 cmumemoratione
1115 5264 1254 5333 quod
1305 5266 1564 5334 reliquum
1608 5273 1689 5318 est
1730 5265 2138 5334 computandum

581 5355 907 5423 relinquens,
940 5367 1158 5408 necesse
1185 5367 1303 5408 esse
1342 5355 1516 5407 omnia
1547 5354 1599 5407 in
1629 5355 1730 5408 hoc
1760 5352 1890 5408 libro
1918 5355 2139 5408 visibilia

577 5445 856 5506 t'mttineri,
888 5455 993 5496 tam
1033 5459 1093 5497 ea
1120 5459 1237 5511 quin
1277 5443 1329 5496 in
1359 5444 1510 5508 caelo,
1539 5458 1694 5512 quam
1725 5458 1842 5512 qua:
1888 5446 1938 5498 in
1980 5451 2137 5497 terra.

579 5537 692 5599 Quo
736 5534 835 5594 die,
861 5536 1041 5602 inquit,
1068 5534 1184 5602 fecit
1207 5533 1340 5588 Deus
1369 5542 1546 5587 castum
1566 5547 1612 5588 et
1643 5545 1825 5588 terram
1850 5576 1862 5598 ,
1909 5545 1956 5587 et
2001 5551 2144 5589 omne

574 5624 841 5692 virgultum
868 5625 996 5692 agri,
1024 5633 1288 5692 antequam
1318 5626 1454 5692 ﬁeret
1481 5640 1627 5694 super
1656 5635 1856 5688 terram,
1888 5638 1927 5676 et
1951 5644 2144 5680 omnem

579 5715 775 5768 herbam
819 5715 962 5784 agri,
994 5725 1256 5786 antequam
1308 5717 1539 5772 oriretur.
1592 5715 1711 5770 Non
1777 5719 1905 5769 enim
1950 5717 2142 5785 pluerat

2273 454 2412 514 Deus
2437 475 2590 530 super
2614 469 2817 527 terram
2847 477 3002 528 usque
3027 463 3176 516 homo
3197 470 3308 516 erat
3348 461 3437 531 qui
3471 463 3658 518 celeret
3677 464 3843 521 illam.

2265 549 2372 604 Sed
2391 554 2506 621 fons
2532 550 2828 606 ascendebat
2851 568 2878 606 e
2903 561 3058 620 terra,
3083 563 3130 608 et
3157 553 3402 624 irrigabat
3440 555 3726 608 urtica-satu
3754 558 3838 624 {a-

2262 639 2390 694 ciem
2416 651 2584 696 ιιι-ηε.
2606 640 2836 698 Grandis
2882 642 3162 698 thesaurus
3191 644 3244 698 in
3275 644 3513 714 pauculis
3535 643 3712 700 verbis
3739 647 3844 700 illis

2262 731 2570 788 reconditus
2594 742 2675 789 est
2698 749 2712 787 :
2737 732 2878 790 unde
2893 749 3082 804 magna
3109 733 3409 805 prudentia,
3429 751 3547 806 quae
3569 734 3840 803 dicuntur,

2258 823 2478 893 juvante
2523 837 2622 879 nos
2676 824 2770 879 Dei
2791 828 2959 894 gratia
2989 867 3004 892 ,
3036 823 3283 898 congruit
3327 829 3612 898 explicare,
3639 843 3842 899 vosque

2261 914 2614 983 spiritualium
2639 917 2822 972 harum
2843 916 3150 974 divitiarum
3179 930 3459 976 consortes
3484 921 3680 978 facere.
3719 921 3842 992 Spi-

2261 1005 2393 1059 ritus
2417 1005 2560 1060 enim
2586 1016 2800 1063 sanctus
2820 1007 3115 1064 futurorum
3142 1009 3417 1080 prtescius,
3448 1020 3505 1065 ut
3535 1011 3665 1067 nulli
3691 1021 3841 1082 post-

2261 1093 2362 1150 hac
2412 1094 2771 1162 contendere,
2819 1107 2874 1152 et
2916 1098 3292 1155 ecclesiasticis
3349 1099 3688 1170 dogmatibus
3708 1142 3725 1166 ,
3769 1115 3839 1158 ea

2261 1183 2491 1253 propriis
2532 1185 2826 1242 ratiociniis
2845 1226 2860 1251 ,
2884 1186 3107 1242 adversa
3136 1187 3328 1244 divinis
3354 1189 3641 1260 Scripturis
3665 1190 3840 1244 immi~

2258 1288 2408 1329 scere
2423 1275 2598 1341 liceat,
2621 1275 2782 1331 etiam
2804 1291 2944 1332 nunc
2967 1277 3162 1343 denuo,
3182 1287 3460 1349 postquam
3471 1291 3837 1335 creaturarum

2257 1364 2501 1420 ordinem
2539 1365 2760 1433 docuit,
2809 1375 2866 1422 et
2915 1368 3043 1437 quid
3075 1369 3337 1438 primum,
3387 1371 3516 1440 quid
3542 1371 3837 1426 secundum

2261 1455 2570 1524 productum
2593 1457 2680 1522 sit,
2712 1466 2762 1512 et
2793 1457 2935 1528 quod
2965 1459 3169 1514 semina
3190 1473 3284 1514 sua
3310 1460 3467 1516 tellus
3491 1460 3655 1517 verbo
3682 1476 3841 1515 mau-

2256 1545 2488 1616 datoque
2519 1549 2728 1605 Domini
2770 1550 3078 1605 ministrans
3128 1550 3375 1618 ediderit,
3418 1566 3482 1607 ac
3508 1551 3836 1623 producendi

2257 1640 2364 1693 vim
2393 1640 2678 1709 acceperit,
2707 1655 2828 1696 cum
2860 1657 3033 1710 neque
3059 1642 3188 1697 salis
3210 1645 3588 1713 cooperatione
3606 1653 3787 1714 egeret
3818 1685 3834 1708 .

2256 1731 2345 1800 qui
2376 1732 2608 1787 nondum
2637 1741 2751 1788 erat
2773 1774 2789 1798 ,
2823 1749 2998 1804 neque
3025 1734 3320 1803 pluviarum
3369 1735 3702 1801 humiditate,
3737 1751 3836 1790 ne-

2255 1837 2360 1892 que
2384 1823 2615 1878 hominis
2637 1826 2842 1879 cultura
2867 1842 2882 1891 ;
2912 1840 3034 1879 nam
3064 1833 3120 1880 et
3143 1825 3234 1882 ille
3260 1825 3492 1881 nondum
3523 1828 3573 1881 in
3601 1827 3834 1882 medium

2256 1913 2562 1982 prodierat:
2591 1914 2710 1970 ideo
2737 1916 2925 1969 iterum
2950 1918 3142 1985 repetit
3169 1917 3518 1985 particulatim
3547 1918 3747 1983 omnia,
3778 1929 3837 1973 nt

2258 2003 2530 2058 indomitas
2575 2005 2911 2074 impudenter
2945 2005 3316 2062 blaterantium
3370 2007 3565 2076 linguae
3613 2023 3833 2078 compe-

2255 2104 2492 2150 scantur.
2513 2094 2648 2162 Quid
2679 2097 2820 2150 enim
2847 2096 2965 2150 ait?
2999 2096 3093 2150 Die
3114 2113 3215 2168 quo
3239 2098 3355 2167 fecit
3403 2097 3539 2152 Deus
3563 2101 3744 2153 etclqu
3785 2111 3834 2152 et

2256 2196 2459 2252 terram,
2487 2196 2533 2239 et
2563 2202 2708 2240 omne
2732 2189 3000 2256 virgultum
3028 2189 3159 2258 agri,
3194 2189 3486 2257 priusquam
3525 2190 3662 2255 ﬁeret
3681 2205 3833 2258 super

2254 2285 2466 2341 terram,
2512 2291 2802 2346 omnemque
2830 2277 3034 2330 herbam
3064 2277 3177 2345 agri
3195 2318 3211 2343 ,
3261 2278 3550 2348 priusquam
3592 2279 3824 2331 oriretur.

2257 2362 2376 2418 Non
2401 2364 2534 2418 enim
2579 2365 2776 2433 pluerat
2808 2364 2942 2419 Deus
2967 2383 3116 2434 super
3145 2377 3366 2434 terrain,
3420 2384 3509 2420 nec
3533 2378 3637 2420 erat
3681 2369 3830 2421 homo

2257 2456 2341 2521 qui
2371 2457 2550 2509 coleret
2575 2456 2738 2510 illam.
2768 2455 2908 2510 Fons
2937 2468 3104 2509 autem
3129 2459 3424 2513 ascendebat
3469 2460 3533 2512 de
3573 2471 3728 2522 terra,
3784 2471 3829 2513 et

2252 2547 2447 2616 rigabat
2491 2547 2772 2602 universam
2797 2550 2976 2617 {aciem
3015 2559 3177 2603 terra.
3209 2549 3320 2605 lloc
3349 2551 3460 2604 vult
3487 2551 3686 2617 dicere,
3711 2567 3826 2606 ser-

2251 2653 2409 2693 mone
2431 2649 2482 2692 ct
2504 2650 2771 2709 praecepto
2821 2640 2980 2705 illius,
3005 2655 3125 2709 quae
3153 2641 3296 2711 prius
3343 2655 3448 2696 non
3475 2653 3626 2696 erant
3644 2684 3658 2708 ,
3701 2657 3826 2712 pro-

2251 2729 2405 2784 ducta
2437 2729 2621 2795 fuisse,
2646 2740 2702 2784 et
2745 2746 2862 2800 qua:
2889 2747 2992 2785 non
3039 2731 3385 2798 exsistebant,
3415 2733 3587 2787 subito
3609 2747 3823 2801 compa-

2253 2820 2440 2874 ruisse.
2477 2819 2648 2873 ﬂerba
2698 2830 2796 2886 est,
2831 2836 2948 2889 quae
2975 2835 3038 2874 ex
3067 2831 3205 2876 terra
3236 2821 3476 2890 provenit
3503 2840 3515 2874 :
3542 2822 3628 2876 hic
3651 2834 3826 2876 autem

2251 2909 2467 2965 herbam
2493 2911 2696 2976 dicens,
2724 2912 2924 2964 semina
2958 2912 3132 2965 omnia
3156 2911 3298 2966 dicit.
3330 2912 3398 2966 Et
3420 2912 3488 2967 de
3517 2914 3705 2984 pluviis
3733 2915 3827 2967 do-

2247 3018 2376 3058 cens
2410 3017 2506 3057 nos
2541 3002 2728 3056 iterum
2769 3002 2945 3056 divina
2974 3003 3242 3072 Scriptura
3280 3003 3499 3057 subdit:
3533 3003 3654 3057 Non
3691 3009 3824 3057 enim

2248 3097 2442 3164 pluerat
2473 3093 2607 3148 Deus
2646 3111 2798 3163 super
2835 3105 3018 3148 terram
3047 3111 3066 3148 :
3097 3095 3195 3149 hoc
3224 3105 3325 3160 est,
3358 3095 3591 3150 nondum
3637 3096 3825 3165 plut-ite

2247 3188 2475 3256 desuper
2499 3185 2794 3248 cadebant;
2820 3185 3116 3256 deindeque
3142 3187 3403 3250 ostendit,
3447 3202 3618 3257 neque
3649 3188 3820 3242 homi-

2247 3281 2328 3333 nis
2371 3277 2676 3348 operatione
2721 3277 2969 3332 habuisse
2993 3293 3170 3346 opus:
3204 3277 3322 3332 Non
3362 3279 3525 3344 enim,
3570 3281 3676 3343 ait,
3718 3290 3825 3334 erat

2246 3373 2393 3424 homo
2418 3373 2501 3441 qui
2526 3380 2819 3440 operaretur
2860 3381 3043 3423 terram
3073 3386 3092 3424 :
3115 3371 3265 3440 quasi
3289 3371 3525 3426 clamans
3549 3381 3604 3426 et
3640 3371 3822 3426 dicens

2247 3461 2470 3531 posteris
2504 3461 2786 3516 omnibus:
2831 3460 3024 3515 Audite
3055 3461 3188 3527 lucc,
3230 3470 3284 3515 et
3309 3460 3526 3523 discite,
3557 3461 3824 3530 quomodo

2243 3556 2310 3607 ab
2335 3553 2483 3609 initio
2509 3568 2696 3608 omnes
2720 3563 2872 3607 terra:
2919 3563 3202 3620 proventus
3228 3553 3334 3606 sint
3377 3553 3637 3621 producti,
3675 3560 3821 3607 etne

2245 3657 2437 3699 terram
2468 3645 2752 3700 colentium
2779 3643 3062 3712 diligentia:
3085 3642 3262 3697 omnia
3290 3643 3521 3706 tribuite,
3546 3658 3718 3714 neque
3745 3644 3822 3696 eis

2247 3739 2341 3792 hos
2375 3739 2487 3807 ejus
2520 3746 2700 3807 partus
2741 3737 3026 3790 adscribito
3055 3755 3066 3789 :
3099 3735 3192 3789 sed
3222 3736 3386 3789 verbo
3425 3745 3479 3790 et
3517 3732 3780 3806 praecepto
3802 3776 3817 3801 ,

2243 3833 2380 3899 quod
2412 3845 2438 3882 a
2469 3829 2752 3884 Conditore
2777 3845 2874 3884 suo
2903 3829 2967 3883 ad
2998 3843 3114 3883 eam
3145 3828 3404 3897 prolatum
3435 3840 3535 3906 est.
3576 3828 3699 3882 lla-c
3723 3841 3818 3882 au-

2247 3934 2349 3974 tem
2390 3922 2563 3975 omnia
2605 3924 2754 3989 liunt,
2787 3930 2843 3976 ut
2867 3922 3134 3975 discamus
3162 3931 3356 3976 terram
3386 3921 3450 3974 ad
3491 3920 3696 3976 edenda
3736 3935 3818 3976 se-

2245 4015 2385 4068 mina
2433 4029 2527 4069 sua
2575 4015 2794 4068 aliorum
2845 4015 3228 4070 elementorum
3289 4015 3665 4083 coaperatione
3714 4029 3818 4067 non

2243 4108 2431 4173 egere,
2464 4105 2556 4160 sed
2585 4108 2882 4160 Conditoris
2911 4106 3158 4160 mandato
3196 4115 3498 4160 contentam
3541 4104 3724 4161 fufsse.
3755 4104 3820 4158 Et

2244 4199 2381 4266 quod
2427 4199 2722 4251 mirandum
2753 4199 3178 4267 stupendumque
3208 4208 3310 4260 est,
3342 4201 3386 4252 is
3427 4200 3513 4268 qui
3543 4214 3680 4252 nunc
3711 4208 3815 4251 ter-

2245 4303 2355 4339 ram
2388 4287 2546 4340 verbo
2574 4287 2639 4340 ad
2663 4297 2737 4341 tot
2763 4287 2961 4341 semina
2992 4288 3324 4358 producenda
3349 4289 3617 4353 excitavit,
3648 4299 3699 4342 et
3726 4303 3819 4356 po-

2244 4385 2459 4432 tentiam
2502 4395 2650 4433 suam
2697 4379 2938 4432 humana:
2961 4379 3180 4433 rationis
3227 4391 3436 4449 captum
3483 4389 3816 4448 superantem

2242 4472 2495 4535 exhibuit,
2530 4471 2665 4524 hanc
2693 4472 2858 4540 ipsam
2890 4481 2993 4524 tam
3021 4486 3234 4540 gravem
3259 4481 3311 4525 et
3339 4481 3538 4526 tantum
3563 4471 3816 4525 mundum

2244 4578 2400 4630 supra
2426 4562 2639 4616 dorsum
2668 4577 2821 4616 suum
2870 4563 3126 4617 ferentem
3158 4579 3316 4631 super
3351 4579 3515 4633 aquas
3557 4564 3816 4629 fundavit,

2244 4656 2378 4707 sicut
2421 4665 2472 4707 et
2513 4654 2763 4722 protihela
2806 4655 2931 4708 dicit
2969 4673 2979 4706 :
3017 4655 3116 4720 Qui
3167 4655 3395 4723 fundavit
3441 4665 3626 4709 terram
3670 4673 3817 4725 super

2243 4762 2398 4808 aquas
2429 4743 2596 4813 (Psal.
2627 4745 2745 4798 I35.
2770 4744 2844 4811 6).
2879 4745 3006 4810 Quae
3043 4746 3270 4798 humana
3298 4745 3432 4798 ratio
3455 4744 3520 4799 ad
3551 4746 3665 4799 lucc
3697 4762 3816 4814 pcr-

2247 4839 2447 4903 tingere
2486 4835 2685 4902 possit?
2711 4834 2840 4888 Nam
2871 4849 2989 4888 cum
3021 4833 3265 4889 homines
3300 4834 3492 4889 domus
3517 4835 3779 4890 aediﬁcant
3799 4880 3813 4898 ,

2244 4935 2296 4978 et
2318 4923 2652 4978 {uiridanienta
2673 4925 2849 4992 jacere
2880 4926 3082 4988 volunt,
3108 4927 3256 4995 prius
3283 4925 3523 4990 fodiunt;
3553 4935 3606 4981 et
3633 4927 3720 4980 ubi
3750 4925 3814 4979 ad

2245 5013 2499 5080 profunda
2527 5016 2883 5082 pervenerint,
2913 5015 2956 5068 si
2980 5015 3063 5069 vel
3092 5031 3309 5084 parvum
3353 5015 3627 5071 humorem
3668 5020 3814 5073 vide-

2246 5105 2374 5169 rint,
2402 5104 2529 5157 nihil
2567 5118 2670 5158 non
2698 5114 2852 5173 agunt
2887 5114 2944 5158 ut
2979 5113 3146 5159 totum
3191 5106 3361 5174 ipsum
3389 5107 3721 5176 exhauriant,
3765 5120 3814 5160 et

2245 5195 2321 5245 sic
2369 5191 2704 5248 fundamenta
2752 5195 2927 5249 locent
2968 5213 2980 5247 :
3034 5206 3308 5267 prepterea
3353 5199 3589 5252 omnium
3634 5199 3813 5267 Opifex

2245 5283 2420 5336 omnia
2447 5298 2599 5338 secus
2642 5299 2798 5353 quam
2829 5285 3070 5340 homines
3112 5286 3256 5352 facit,
3301 5295 3360 5341 ut
3396 5302 3460 5342 ex
3504 5288 3602 5342 hoc
3646 5289 3817 5344 discas

2247 5375 2564 5428 ineffabilem
2594 5377 2708 5442 ejus
2736 5379 3046 5442 potentiam,
3079 5387 3151 5444 et,
3184 5379 3394 5448 quando
3420 5379 3530 5449 ipse
3559 5381 3810 5440 voluerit,

2247 5466 2505 5519 elementa
2537 5467 2646 5518 hzec
2677 5468 2829 5535 plane
2858 5469 3201 5533 contrarium,
3231 5484 3387 5538 quam
3445 5470 3640 5536 solent,
3689 5473 3803 5539 eae-

2247 5568 2388 5609 Clum
2416 5570 2478 5608 ex
2508 5551 2803 5610 Conditoris
2829 5566 3092 5626 prmeepto
3117 5559 3415 5613 ostendere.

2324 5646 2587 5698 Eleiucnta
2621 5644 2724 5699 Deo
2753 5650 2958 5700 omnino
2995 5649 3192 5701 subdita
3230 5662 3382 5712 sunt;
3412 5667 3577 5704 servos
3608 5649 3700 5703 Dei
3737 5666 3811 5703 re-

2253 5750 2505 5796 cemitur.
2526 5771 2592 5780 --—
2614 5740 2664 5796 5.
2702 5741 2764 5796 Et
2789 5751 2844 5797 ut
2873 5742 2921 5797 id
2949 5742 3090 5812 quod
3121 5745 3328 5815 dicitur,
3362 5744 3639 5801 dilucidius
3672 5745 3814 5802 vobis
