4152 6498
406 409 507 466 Ml

401 523 513 589 ﬁat,
537 523 648 595 jam
669 523 738 580 de
756 523 858 580 hoc
880 534 1195 596 argumento
1213 526 1410 599 aliquid
1436 531 1780 602 disseramus,
1804 547 1988 606 postea

392 613 468 668 ad
494 615 634 671 aliud
682 616 973 670 transituri.
1009 615 1120 672 Hoc
1143 618 1283 673 enim
1312 631 1496 677 contra
1534 638 1789 694 aquarum
1839 642 1993 688 natu-

396 718 516 758 ram
544 713 645 771 est,
678 705 822 762 ferre
847 722 1043 775 corpus
1086 719 1192 764 tam
1236 726 1396 780 grave
1431 731 1445 767 :
1477 724 1530 769 et
1570 717 1758 774 iterum
1804 735 1990 781 contra

397 805 641 852 naturam
672 807 846 864 terrae,
881 799 1063 856 sedem
1113 815 1262 858 suam
1307 805 1358 858 in
1392 807 1480 861 tali
1505 807 1852 870 fundamento
1893 819 1988 873 ha-

397 887 546 944 bere.
580 891 648 944 Et
674 890 799 959 quid
831 893 1082 949 miraris?
1107 895 1163 950 ln
1184 911 1528 973 [quacumque
1562 918 1742 960 rerum
1785 922 1990 966 creata-

394 993 516 1032 rum
555 981 781 1035 scrutari
811 981 1074 1049 volueris,
1122 985 1366 1042 invenies
1413 991 1728 1052 immensam
1773 999 1989 1069 Opilicis

395 1069 711 1138 potentiam,
763 1087 991 1142 eumque
1032 1089 1128 1130 sua
1173 1079 1448 1136 voluntate
1484 1085 1782 1154 gubernare
1811 1094 1986 1148 omnia

391 1158 787 1225 deprehendes.
814 1163 1004 1221 Videre
1022 1168 1163 1222 enim
1195 1169 1295 1226 hoc
1326 1172 1452 1229 licet
1477 1175 1528 1229 in
1559 1178 1702 1247 igne,
1723 1183 1807 1236 cui
1829 1183 1990 1240 absu-

392 1252 573 1306 mendi
600 1263 784 1307 natura
805 1264 886 1308 est
907 1272 923 1310 :
951 1259 1128 1312 omnia
1150 1261 1291 1316 enim
1309 1261 1462 1320 facile
1484 1266 1686 1336 domat,
1709 1275 1984 1331 materiam

389 1336 681 1407 lignorum,
717 1342 971 1413 lapidum,
1002 1362 1306 1418 corporum,
1341 1363 1395 1418 et
1426 1354 1548 1411 ferri
1580 1376 1594 1412 :
1622 1371 1676 1414 at
1706 1374 1984 1434 postquam

396 1427 677 1496 imperavit
720 1432 996 1502 Dominus,
1042 1452 1264 1507 corpora
1310 1451 1488 1498 tenera
1530 1455 1585 1501 et
1620 1427 1983 1523 corruptibilia

391 1505 502 1572 non
535 1521 723 1588 tetigit,
761 1523 855 1577 sed
885 1524 1082 1582 illtesos
1112 1505 1306 1599 pueros
1331 1539 1562 1592 servavit
1604 1540 1654 1594 in
1685 1505 1862 1599 medio
1889 1561 1984 1600 ca-

389 1609 542 1662 Inino
570 1609 734 1680 (Dan.
765 1613 843 1684 3).
879 1615 943 1670 Et
970 1634 1037 1673 ne
1066 1621 1276 1678 mireris
1300 1627 1343 1680 si
1376 1641 1598 1700 corpora
1631 1633 1843 1691 illorum
1876 1655 1982 1696 non

387 1701 586 1770 tetigit,
613 1703 710 1759 sed
740 1706 1047 1767 irrationale
1075 1713 1400 1772 elementum
1443 1730 1584 1776 tanta
1618 1726 1985 1790 moderatione

389 1789 747 1861 obsequutum
789 1805 890 1862 est,
921 1811 1175 1869 quantum
1220 1806 1396 1863 nullus
1433 1824 1592 1881 queat
1633 1815 1803 1872 effari.
1851 1789 1981 1877 Nam

386 1894 461 1934 ne
490 1883 696 1950 capillis
740 1886 955 1955 quidem
989 1890 1199 1948 illorum
1238 1899 1483 1967 nocebat,
1530 1904 1624 1958 sed
1669 1908 1984 1968 circumibat

389 1967 533 2036 illos,
565 1981 619 2026 et
662 1973 800 2030 intra
843 1991 903 2034 se
937 1982 1277 2040 continebat:
1307 1989 1442 2058 ignis
1480 2005 1656 2050 autem
1686 1999 1981 2058 substantia

387 2068 660 2131 tamquam
692 2066 1052 2126 obedientiam
1083 2076 1362 2144 exhibens,
1394 2093 1448 2136 et
1482 2084 1686 2142 Domini
1732 2095 1982 2150 mandato

383 2151 650 2216 serviens.
707 2156 902 2215 illzcsos
949 2170 1004 2218 et
1051 2164 1277 2222 intactos
1335 2173 1580 2230 servabat
1641 2181 1981 2242 admirabiles

384 2239 507 2296 illos
537 2259 749 2313 pueros,
781 2250 870 2318 qui
897 2255 1046 2319 quasi
1077 2255 1127 2310 in
1159 2268 1311 2326 prato
1339 2271 1393 2318 et
1423 2264 1576 2320 horto
1604 2273 1938 2330 ambulantes
1961 2320 1975 2343 ,

384 2341 532 2388 tanta
580 2340 863 2396 securitate
905 2345 958 2399 in
1003 2348 1213 2404 camino
1251 2353 1613 2413 versabantur.
1648 2359 1717 2416 Et
1756 2380 1822 2418 ne
1860 2369 1980 2437 quis

382 2430 600 2491 putaret
629 2427 887 2485 visibilem
919 2433 1068 2490 illum
1100 2437 1271 2507 ignem
1303 2447 1614 2511 operatione
1639 2453 1824 2508 carefe
1849 2427 1977 2522 ,-id-

378 2512 530 2568 circo
558 2515 816 2587 benignus
859 2521 1114 2582 Dominus
1140 2528 1278 2584 illius
1299 2533 1588 2591 efficaciam
1615 2549 1722 2595 non
1749 2541 1975 2613 impedi-

379 2603 460 2657 vit
486 2620 502 2658 :
531 2605 626 2661 sed
655 2609 759 2664 vim
784 2611 926 2668 illam
958 2617 1148 2672 urendi
1177 2620 1395 2677 illaesam
1428 2632 1677 2697 servavit,
1709 2643 1762 2688 et
1790 2650 1976 2692 servos

378 2706 512 2748 suos
540 2694 627 2750 illa
670 2705 974 2768 superiores
998 2705 1141 2773 fecit,
1169 2717 1226 2762 ut
1254 2713 1399 2768 nullo
1423 2717 1584 2772 modo
1629 2694 1972 2784 Iazderentur.

376 2781 646 2840 Caeterum
674 2801 733 2844 ut
759 2793 960 2849 scirent
983 2797 1071 2864 qui
1101 2815 1293 2868 pueros
1322 2804 1635 2877 injecerant,
1664 2824 1859 2882 quanta
1882 2832 1970 2872 es-

375 2884 464 2929 set
488 2879 726 2935 omnium
756 2882 846 2938 Dei
894 2891 1149 2956 potentia,
1181 2892 1233 2948 in
1259 2894 1378 2952 illos
1423 2899 1560 2968 ignis
1585 2879 1735 2960 suam
1777 2923 1971 2977 opera.

377 2964 578 3021 tionem
619 2974 891 3040 exercuit,
923 2978 992 3032 ita
1029 2988 1086 3034 ut
1109 2981 1197 3036 ille
1225 2984 1338 3051 ipse
1384 2987 1520 3057 ignis
1552 3006 1648 3047 eos
1689 2996 1830 3050 intus
1869 2999 1973 3052 cir-

372 3059 753 3126 cummuniret,
782 3077 878 3119 eos
905 3076 1082 3122 autem
1103 3072 1192 3139 qni
1220 3071 1352 3129 foris
1378 3087 1531 3133 erant
1555 3093 1737 3139 ureret
1759 3095 1813 3141 et
1842 3102 1972 3144 con-

373 3159 636 3204 sumeret.
690 3151 878 3208 Vidisti
917 3172 1025 3226 quo
1070 3169 1224 3227 pacto
1268 3165 1526 3224 Dominus
1572 3175 1786 3241 quando
1832 3181 1965 3246 vult,

370 3237 638 3296 elementa
663 3245 839 3299 omnia
871 3246 922 3301 in
950 3254 1274 3310 contrariam
1297 3269 1463 3316 mutet
1488 3237 1775 3323 essentiam
1798 3270 1968 3344 20ρί-

373 3326 463 3383 fex
493 3331 642 3396 enim
661 3344 743 3389 est
767 3345 821 3391 et
850 3338 1126 3408 Dominus,
1151 3355 1202 3399 et
1232 3362 1329 3416 pro
1358 3364 1451 3405 sua
1481 3354 1757 3415 volantate
1787 3326 1963 3419 omnia

369 3416 667 3488 dispensat.
695 3424 866 3483 Vultis
892 3439 946 3485 et
984 3432 1035 3486 in
1064 3437 1218 3506 aquis
1245 3438 1472 3509 idipsum
1502 3446 1684 3504 videre
1727 3416 1967 3512 factunii

371 3508 506 3564 Nam
528 3513 665 3569 sicut
690 3516 823 3587 ignis
851 3518 937 3576 hic
965 3523 1030 3576 iis
1058 3527 1144 3594 qui
1167 3527 1309 3585 intus
1324 3508 1486 3588 erant
1528 3537 1660 3594 nihil
1702 3508 1960 3613 nocebat,

368 3601 465 3655 sed
489 3601 591 3657 illis
616 3610 886 3677 parcebat,
914 3613 1110 3670 oblitus
1134 3634 1247 3673 suae
1274 3627 1634 3696 operationis;
1665 3633 1716 3687 in
1745 3650 1838 3690 eos
1864 3601 1961 3694 au;

371 3701 478 3748 tem
505 3698 595 3765 qui
625 3697 754 3754 foris
778 3715 930 3758 erant
959 3708 1212 3764 saviebat
1253 3729 1405 3770 more
1432 3731 1530 3773 suo
1554 3737 1567 3772 :
1596 3723 1676 3778 sic
1713 3735 1768 3780 et
1795 3741 1963 3798 aquas

367 3783 667 3842 videbimus
695 3790 827 3846 alios
852 3794 1066 3863 quidem
1103 3801 1468 3874 submergere,
1497 3809 1618 3864 aliis
1646 3823 1823 3870 autem
1844 3783 1959 3875 lce-

363 3873 514 3940 dere,
540 3877 608 3931 ita
630 3890 688 3933 ut
712 3881 911 3953 absque
931 3887 1126 3945 damno
1155 3873 1445 3952 transeant.
1475 3900 1848 3964 Recordamini
1873 3873 1959 3966 hic

366 3964 661 4025 Pharaonis
687 3981 743 4026 et
768 3973 1160 4048 Egyptiorum,
1187 3996 1348 4056 atque
1376 3993 1553 4061 populi
1583 3964 1952 4072 Hebreorum,

361 4059 634 4125 quomodo
659 4061 713 4117 bi
732 4065 798 4119 ad
821 4069 1126 4126 mandatum
1153 4074 1383 4145 Domini,
1411 4059 1602 4152 magno
1623 4059 1771 4145 Mose
1796 4059 1952 4162 duce,

364 4161 462 4215 per
511 4164 660 4207 mare
715 4154 952 4213 Rubrum
1001 4165 1155 4232 quasi
1212 4182 1308 4235 per
1366 4171 1570 4229 aridam
1631 4182 1957 4239 transierunt

362 4235 560 4303 (Ezod.
607 4241 691 4314 14)
717 4246 980 4318 :IEgyptii
1023 4263 1222 4322 autem,
1255 4261 1343 4327 qui
1374 4264 1617 4321 eamdem
1667 4235 1953 4330 viam‘cut'n

362 4325 640 4387 Pharaone
667 4333 743 4389 ire
782 4339 1048 4409 volebant,
1081 4347 1232 4415 aquis
1276 4349 1450 4406 obruti
1495 4356 1759 4416 submersi
1807 4374 1951 4420 sunt.

360 4416 434 4472 Ita
464 4420 635 4477 solent
665 4425 928 4484 elementa
970 4437 1199 4491 revereri
1227 4452 1411 4497 servos
1455 4445 1686 4519 Domini,
1715 4464 1767 4507 et
1796 4470 1826 4508 a
1855 4472 1955 4513 suo

355 4522 418 4562 se
439 4511 718 4569 continere
745 4516 964 4588 impetu.
993 4525 1284 4583 Audiamus
1311 4547 1429 4599 nos,
1459 4511 1721 4610 quotquot
1748 4544 1953 4604 feroces

351 4608 410 4654 et
440 4602 698 4668 iracundi,
725 4618 780 4663 et
802 4612 919 4668 aliis
943 4615 1310 4678 aﬂectionibus
1335 4626 1406 4680 ob
1427 4602 1948 4708 nostra-mpignaviam

356 4690 594 4762 impliciti
624 4710 858 4756 nostram
885 4706 1112 4763 salutem
1141 4718 1566 4788 pessumdamus,
1600 4706 1950 4790 etvimitemnr

352 4791 555 4839 tantam
601 4788 791 4847 borum
822 4797 1208 4858 elementorum
1254 4811 1460 4867 ratione
1496 4822 1789 4878 carentium
1822 4828 1950 4883 obe-

347 4870 628 4942 dientiam,
682 4897 778 4937 nos
820 4889 910 4954 qui
948 4893 1156 4948 ratione
1203 4897 1436 4969 insigniti
1468 4921 1669 4965 sumus.
1720 4914 1850 4972 Nam
1902 4922 1946 4975 si

352 4961 509 5032 ignis,
539 4968 628 5035 qui
653 4969 722 5023 ita
749 4972 905 5042 edax,
948 4977 1020 5032 ita
1051 4981 1373 5052 vehemens,
1403 4999 1717 5064 corporibus
1762 5019 1947 5062 corru-

349 5053 622 5122 ptibilibus
649 5069 701 5114 et
748 5071 852 5118 tam
883 5070 1082 5124 teneris
1106 5078 1364 5146 pepercit,
1407 5053 1564 5152 quam
1592 5103 1831 5150 meretur
1857 5114 1949 5153 ve-

347 5143 490 5199 niam
521 5145 702 5214 homo,
728 5166 881 5208 suum
907 5160 1178 5220 refrenare
1204 5166 1436 5227 furorem
1485 5191 1702 5249 propter
1729 5190 1949 5243 manda.

347 5245 459 5290 tum
492 5237 722 5308 Domini,
756 5255 810 5300 et
831 5247 962 5304 iram
993 5267 1116 5323 erga
1160 5261 1459 5326 proximum
1504 5284 1536 5324 e
1585 5285 1800 5341 pectore
1843 5296 1942 5337 suo

342 5325 892 5432 eliminaremolensi:
916 5341 985 5396 Et
1010 5325 1357 5420 quodmajus
1402 5367 1524 5425 est,
1570 5325 1708 5432 ignis
1737 5377 1938 5428 tantam

345 5417 530 5471 urendi
559 5408 662 5473 vim
692 5417 920 5492 habend,
953 5408 1103 5488 suam
1134 5444 1497 5506 operationem
1531 5408 1636 5506 noon
1665 5460 1933 5528 ostendit;

346 5507 497 5528 Lm-
535 5525 551 5528 ,
586 5520 615 5528 ν.

1673 5507 1687 5509 -
1703 5507 1898 5514 ----τ--
1919 5507 1933 5528 ι

343 5507 505 5563 homo
530 5520 728 5575 autem.
762 5529 1097 5580 mansuetum
1143 5533 1362 5598 animal,
1395 5543 1657 5602 rationale
1701 5560 1754 5604 et
1781 5555 1936 5609 beni-

341 5607 806 5667 gnum,contraria
830 5623 942 5666 sua:
970 5625 1172 5674 natura:
1189 5621 1331 5692 facit,
1355 5634 1738 5706 etnegligentia
1760 5659 1936 5702 mores

339 5702 467 5743 suos
512 5691 564 5745 in
613 5694 811 5752 ferinos
859 5706 1036 5758 vertit.
1091 5707 1292 5768 Idcirco
1321 5727 1375 5772 et
1418 5691 1594 5778 divin;
1638 5727 1931 5803 Scriptura,

340 5789 556 5852 propter
567 5784 875 5848 aﬂ'ectiones
897 5794 1011 5851 illas
1030 5797 1461 5878 interturbantcs,
1487 5784 1926 5882 irrationabiliuni

1519 417 1586 476 IN
1621 419 1774 478 CAP.
1796 419 1863 477 11.
1905 421 2154 483 GENES.
2193 425 2421 485 llOMIL.
2467 429 2584 490 le.

3591 461 3702 522 102

2099 545 2154 591 et
2180 536 2669 600 fcrarttm‘nomina
2702 547 2766 604 iis
2807 552 2898 621 qui
2925 554 3130 614 ratione
3157 559 3389 636 insigniti
3433 583 3558 628 sunt
3587 580 3686 630 im~

2099 630 2285 698 ponit;
2327 633 2590 692 interdum
2621 654 2782 698 canes
2805 646 2877 700 ob
2917 630 3297 720 impudentiam
3339 672 3392 717 et
3433 665 3689 736 impetum

2096 734 2270 780 want.
2301 725 2523 785 dicens:
2552 729 2716 788 Canes
2740 740 2885 803 muti,
2920 758 3021 798 non
3061 748 3282 805 valentes
3322 754 3513 812 latrare
3535 760 3691 833 (lani.

2098 811 2303 833 μη.
2381 818 2450 833 .,
2538 820 2552 833 .
2737 827 2937 833 .

2096 811 2339 884 56.10);
2380 818 2645 877 interdum
2699 830 2767 881 ob
2812 827 3084 890 iibidinem
3133 844 3338 910 equos:
3396 811 3692 922 Νομιγὲιῖιᾶ

2094 903 2342 958 emissarii
2365 909 2491 975 [acti
2509 922 2645 978 sunt,
2675 921 3014 991 unusquisque
3037 927 3106 979 ad
3128 945 3341 987 uxorem
3367 941 3588 1006 proximi
3610 945 3692 999 sui

2092 989 2349 1048 hinniebat
2397 997 2532 1072 (λεν.
2565 1003 2617 1056 5.
2659 1005 2750 1074 8);
2785 989 3049 1070 interdum
3079 1034 3205 1076 vero
3233 989 3692 1096 asinos,'obmstnw:

2095 1082 2366 1148 piditatem
2412 1099 2466 1143 et
2497 1093 2782 1153 ruditatem
2810 1117 2822 1153 :
2851 1103 3187 1174 Comparatus
3208 1127 3281 1169 est
3311 1082 3452 1176 enim
3475 1164 3490 1188 ,
3523 1125 3690 1199 inquit

2095 1171 2356 1199 Q.._:...--_.
2439 1183 2450 1194 '
2632 1189 2643 1199 ·
2714 1191 2725 1199 ¹
2795 1193 2806 1199 ⁸
2851 1196 2861 1199 ³

2091 1171 2384 1246 Scriptura,
2419 1183 2667 1251 jumentis
2706 1191 3074 1267 insipientibus,
3107 1215 3154 1257 et
3193 1209 3376 1267 similis
3413 1171 3692 1287 factus'eu

2091 1261 2193 1287 .‘Il.’-
2222 1265 2377 1287 In,_l
2441 1273 2494 1287 an
2561 1278 2636 1287 .-ι
2744 1283 2775 1287 --

2091 1261 2194 1317 tuo
2221 1265 2392 1334 (Psal.
2425 1273 2516 1329 ss.
2553 1278 2642 1349 is)
2663 1295 2682 1344 ;
2706 1261 2994 1354 aliquando
3020 1261 3180 1351 etiam
3206 1261 3390 1358 1.0;;
3413 1261 3693 1373 gilii".

2092 1366 2264 1423 vocat,
2298 1361 2368 1416 ob
2390 1369 2734 1433 rapacitatem
2759 1387 2814 1432 et
2841 1381 3184 1457 aviditatem;
3229 1396 3516 1466 aliquando
3564 1406 3690 1463 item

2091 1449 2319 1515 aspides,
2351 1454 2420 1507 ob
2441 1456 2850 1524 fraudulentiam
2877 1489 2893 1548 ε.
2925 1449 3198 1548 Venenum,

3225 1487 3413 1558 inquit,
3453 1499 3692 1566 aspidum

2089 1537 2180 1590 sub
2206 1538 2349 1596 labiis
2374 1561 2547 1602 eorum
2569 1551 2740 1620 (Psal.
2773 1541 2896 1616 1593
2923 1566 3014 1636 t);

3040 1585 3439 1649 nonnumquam
3467 1599 3691 1658 serpen-

2094 1636 2172 1682 tes
2192 1642 2246 1684 et
2266 1633 2498 1704 viperas,
2523 1642 2595 1696 ob
2623 1644 2795 1704 latens
2817 1668 3078 1714 venenum
3100 1673 3156 1718 et
3179 1670 3454 1738 malitiam,
3480 1633 3618 1735 sicut
3637 1692 3692 1739 et

2094 1717 2272 1739 L-_-.~-
2313 1722 2330 1739 ¹
2585 1733 2598 1739 “

3116 1717 3119 1718 ν
3480 1717 3618 1735 ων...
3637 1717 3690 1739 υ.

2090 1717 2278 1774 beatus
2303 1722 2535 1784 Joannes
2551 1733 2834 1807 clamabat,
2863 1745 3047 1806 dicens
3071 1770 3084 1805 :
3112 1755 3403 1831 Serpentes,
3427 1775 3690 1842 progenies

3163 1808 3173 1809 κ
3213 1808 3235 1826 Γ
3253 1808 3403 1831 --νν--,
3427 1808 3517 1836 μιν
3556 1808 3690 1829 οσυεο

2090 1808 2394 1877 viperarum,
2428 1821 2542 1886 quis
2569 1825 2706 1880 vobis
2735 1830 3094 1894 demonstravit
3120 1849 3294 1918 fugere
3316 1870 3347 1905 α
3373 1808 3583 1915 ventu;
3611 1866 3691 1921 ira

2093 1899 2110 1921 Ι
2128 1900 2168 1921 ΙΙ
2185 1904 2272 1921 -..ΑΙ
2334 1908 2365 1921 -
2418 1910 2466 1921 -ι
2489 1913 2510 1921 ¹“
2535 1915 2544 1921 ¹

2090 1899 2302 1969 (Matth.
2333 1908 2386 1962 5.
2418 1910 2472 1981 7)
2489 1913 2512 1964 ἲ
2532 1915 2751 1986 insuper
2769 1935 2822 1976 et
2843 1926 2945 1981 alia
2966 1899 3689 2012 affectionibus

3251 1992 3260 1994 _
3278 1992 3334 1998 ..τ
3359 1992 3375 1999 -
3391 1992 3688 2012 νυγνιιυνι1⁵

2091 1992 2161 2046 tia
2190 1998 2405 2053 nomina
2429 2002 2674 2073 imponit,
2701 2015 2854 2071 utsic
2877 2020 2959 2075 vel
2983 2027 3192 2082 tandem
3217 2035 3422 2093 confusi
3440 2043 3506 2097 ad
3533 2061 3688 2107 suam

2091 2083 2254 2107 ..ΙΣ-μ-
2268 2103 2294 2107 -
2311 2089 2334 2107 -Ι
2351 2105 2364 2107 -
2499 2096 2510 2107 ⁵
2749 2105 2756 2107 ’
2786 2106 2806 2107 ⁷⁷

2087 2083 2374 2153 aliquando
2417 2096 2640 2154 redeant
2672 2105 3024 2180 nobilitatem,
3053 2128 3108 2171 et
3138 2135 3236 2176 suo
3259 2132 3442 2195 generi
3485 2083 3689 2195 conftn:

3010 2173 3020 2180 .
3210 2173 3227 2176 -
3300 2173 3442 2185 --.νη
3485 2173 3689 2195 ...ηαυπ-

2090 2173 2370 2244 derentnr,
2417 2184 2896 2267 aﬂectionibusqne
2935 2207 3047 2260 suis
3088 2173 3296 2270 divina:
3324 2219 3468 2293 leges
3497 2231 3689 2288 θηρία,

2090 2275 2202 2293 Ιιηηο
2258 2270 2445 2293 -.-ιι---
2478 2291 2488 2293 ,
2511 2291 2546 2293 κ-
2639 2281 2650 2293 ι
2691 2283 2725 2293 .-

2086 2275 2225 2332 rant,
2255 2270 2448 2339 quibus
2471 2291 2590 2334 sese
2618 2281 2981 2355 delinqueodo
3012 2270 3392 2367 permiserunt:

2155 2357 2210 2410 4.
2252 2359 2358 2416 Sed
2401 2369 2585 2422 nescio
2620 2380 2890 2441 quomodo
2914 2399 2943 2437 a
2972 2395 3237 2450 sermonis
3281 2398 3484 2470 impetu
3521 2409 3687 2468 abre-

2086 2454 2206 2515 ptus
2243 2452 2312 2506 ad
2343 2453 2460 2511 hare
2489 2459 2716 2531 digressi
2745 2470 2930 2528 simus.
2962 2478 3075 2549 Age
3097 2499 3237 2542 nunc
3275 2492 3342 2545 ad
3360 2452 3685 2562 rinstitutum

2086 2539 2361 2562 “Lm”
2446 2559 2484 2562 λ,
2549 2552 2598 2562 ..

3009 2539 3038 2549 _
3196 2539 3233 2542 ν,
3276 2539 3341 2545 __
3387 2539 3682 2562 ...,......υ..ι

2083 2539 2401 2612 redeamus;
2433 2559 2485 2604 et
2514 2552 2788 2614 videamus
2813 2565 3064 2644 qpidnam
3089 2577 3250 2633 etiam
3281 2583 3423 2640 aliud
3454 2605 3551 2645 nos
3580 2596 3682 2651 do-

2081 2642 2209 2688 cere
2255 2635 2378 2691 velit
2409 2639 2594 2698 beatus
2621 2646 2712 2704 ille
2739 2635 3019 2724 propheta.
3049 2661 3183 2722 Nam
3216 2682 3270 2726 nt
3301 2675 3454 2747 dixit,
3479 2683 3584 2740 llic
3610 2701 3686 2746 est

2085 2721 2207 2747 LL-..
2250 2738 2333 2747 --.Α
2351 2731 2467 2747 μή..
2541 2734 2554 2746 ο
2688 2739 2716 2747 .-

2842 2721 2853 2724 Ἴ
3173 2721 3181 2722 ,
3219 2721 3269 2726 _.-
3302 2721 3435 2734 ...σι-ν
3479 2721 3580 2740 naue
3610 2721 3682 2746 ιιι

2081 2721 2207 2775 liber
2239 2731 2578 2794 generationis
2604 2739 2717 2793 mli
2744 2753 2793 2795 et
2823 2754 2990 2817 terra,
3021 2769 3335 2827 progressus
3366 2723 3525 2841 ultra,
3554 2791 3682 2833 nar-

2081 2821 2162 2866 r‘“
2207 2814 2399 2872 “9mm
2427 2821 2734 2913 άίιίεοηιῑιμε
2775 2814 3435 2913 hominis-formationem.
3461 2814 3531 2924 Εἰ
3559 2871 3680 2938 (μείς,

2081 2907 2321 2938 mann-in.
2349 2910 2579 2938 ιι---ε.-..
2612 2919 2655 2938 J!
2795 2936 2803 2938 _
2891 2927 2931 2938 .-

2079 2907 2324 2973 superios
2348 2910 2580 2971 breviter
2603 2909 2811 2980 dixerat
2838 2945 2853 2981 :
2879 2927 2948 2984 Et
2983 2938 3100 3003 fecit
3146 2940 3284 3000 Dens
3313 2907 3589 3025 hominem:
3612 2963 3683 3017 ad
3775 2953 3777 2957 ’

2079 2995 2346 3025 hn--:..._
2387 3003 2472 3025 ﬁ-.-
2511 3011 2532 3025 ι
2592 3013 2620 3025 .-
2670 3013 2723 3025 η.

2077 2995 2348 3066 imaginem
2378 3003 2472 3059 Dei
2500 3011 2622 3078 fecit
2662 3013 2840 3084 illum,
2883 2995 3026 3080 nunc
3069 3030 3238 3090 dicit:
3267 3039 3319 3093 7.
3346 3042 3411 3096 Et
3441 3001 3681 3114 [emicvit
3759 3121 3766 3124 _

2083 3084 2215 3124 Dm“
2244 3090 2493 3124 Imma“...
2558 3101 2759 3124 ...ΑμηΔ
2863 3111 2875 3124 .
2944 3123 2947 3124 ,

3143 3084 3198 3088 .-ν
3224 3084 3237 3090 -
3275 3084 3319 3093 συ
3346 3084 3411 3096 μ’
3441 3084 3511 3114 ,νυ
3527 3084 3680 3109 σιωυη

2081 3084 2215 3142 Deus
2241 3090 2493 3150 hominem
2513 3139 2528 3163 ,
2554 3101 2813 3170 pulverem
2839 3111 2902 3166 de
2930 3123 3065 3171 terra
3085 3162 3100 3187 ,
3133 3133 3182 3176 et
3220 3127 3490 3200 inspiravit
3518 3140 3570 3194 in
3597 3145 3680 3214 [u-

2081 3177 2200 3214 rs'tm
2232 3182 2342 3214 Αἶα..
2384 3188 2692 3214 οωίκ---Α---υ
2777 3199 2806 3214 "
3010 3209 3026 3214 ‘

3086 3177 3099 3187 ,
3224 3177 3486 3200 -.-τη-,η
3621 3177 3679 3197 ..-

2077 3177 2200 3231 ciem
2231 3182 2342 3243 eius
2379 3188 2694 3253 spiraculum
2740 3199 2885 3266 vita,
2918 3216 2966 3258 et
2994 3209 3161 3276 factus
3194 3229 3267 3272 est
3296 3222 3446 3280 homo
3476 3229 3528 3283 in
3561 3177 3679 3288 uiti-

2075 3284 2210 3323 mam
2243 3274 2505 3334 viventem.
2537 3282 2782 3355 Magnum
2810 3304 2892 3348 est
2917 3274 3058 3367 quod
3090 3304 3177 3361 hic
3205 3309 3354 3377 dicit,
3378 3327 3431 3372 et
3455 3332 3678 3393 stupore

2076 3359 2287 3393 ιιΙοηηη.
2322 3365 2628 3393 λημμηέ-.
2758 3391 2765 3393 ,
3022 3390 3034 3393 -

2933 3359 2950 3367 .-
3156 3359 3169 3361 _
3210 3359 3354 3377 ..-τ-ν,
3379 3359 3431 3372 νο
3455 3359 3541 3376 alii
3581 3359 3676 3384 υΙυ

2075 3359 2289 3428 plenum
2319 3365 2713 3446 humanamque
2754 3390 3135 3448 transcenderis
3159 3411 3394 3459 mentem
3424 3425 3439 3461 :
3470 3359 3676 3484 ειιὲον-

2075 3454 2226 3484 lun-s'l
2291 3456 2458 3484 int-“1‘
2532 3462 2570 3484 ἢ
2589 3483 2597 3484 ί
2703 3470 2716 3484 ⁸
2821 3475 2835 3484 ⁸

2072 3454 2226 3505 "lati!
2247 3496 2263 3521 ,
2291 3456 2494 3528 inquit,
2519 3462 2662 3521 Dem
2694 3470 2979 3545 hominem.
3011 3486 3267 3552 Ρνιυϐνειη
3307 3454 3577 3568 accipiens,
3598 3511 3677 3582 (α)

2072 3544 2135 3582 ab
2164 3554 2298 3582 smn
2354 3551 2500 3582 et..."
2536 3556 2599 3582 .s-
2639 3565 2801 3582 -..ηο-
3132 3579 3140 3582 -

2071 3544 2135 3598 tle
2163 3554 2318 3602 terra.
2354 3551 2506 3608 Sicut
2533 3556 2601 3612 de
2635 3565 2885 3623 omnibus
2910 3579 3172 3634 creaturis
3198 3544 3494 3648 visibilib'us
3520 3544 3670 3655 dio‘e:

3211 3635 3494 3648 "HW",
3520 3635 3670 3655 mw-

2069 3635 2191 3692 bam
2242 3642 2611 3704 universorum
2659 3652 2915 3724 Opilicem
2955 3672 3135 3725 omnia
3178 3687 3373 3743 praeter
3420 3683 3671 3747 humana:

2069 3738 2274 3786 natura:
2317 3750 2522 3793 morem
2569 3757 2765 3815 agere,
2800 3760 2854 3805 nt
2906 3769 3004 3824 per
3035 3760 3138 3818 hoc
3174 3765 3456 3832 ineffabilia
3503 3779 3670 3850 ipsius

2069 3833 2398 3881 manatretur
2425 3831 2631 3886 virtus:
2664 3838 2734 3894 ita
2777 3854 2831 3898 et
2873 3863 2922 3901 in
2964 3850 3196 3911 hominis
3225 3831 3549 3929 formatione
3579 3875 3665 3931 in-

3225 3911 3544 3929 -,,-....υινιιν
3579 3911 3665 3931 Ill-

2067 3911 2343 3970 veniemus
2391 3935 2532 3976 nunc
2579 3924 2800 3988 factum.
2832 3933 2964 3993 Vide
3003 3945 3144 3999 enim
3191 3958 3458 4021 quomodo
3505 3978 3668 4036 super

2067 4013 2232 4036 gnatoa
2265 4015 2456 4036 lA--4---
2506 4014 2592 4036 tu"
2621 4017 2681 4036 "'
2710 4021 2743 4036 ’⁴
2810 4026 2821 4036 ⁸
2845 4025 2860 4036 “
3015 4032 3026 4036 Δ

2065 4013 2235 4070 aquas
2265 4015 2459 4065 terram
2505 4014 2778 4088 fundavit,
2807 4025 2860 4080 id
2887 4032 3028 4094 quod
3058 4037 3189 4093 citra
3207 4013 3388 4102 -lidem
3433 4013 3663 4115 huitiatia

2908 4093 2913 4094 7
3231 4093 3388 4102 _._'...
3433 4093 3663 4115 "us-unua

2067 4093 2203 4148 ratio
2229 4110 2333 4152 non
2353 4105 2496 4172 capit
2523 4124 2539 4160 :
2566 4118 2618 4163 et
2649 4119 2920 4181 quomodo
2946 4127 3389 4206 quandocumque
3416 4144 3664 4218 voluerit,

2067 4183 2197 4218 εἷο-ιι
2230 4193 2559 4218 ΛΒΙΔ“¹³²““““’
2606 4210 2658 4218 υ*
2969 4212 2980 4218 ’

2964 4183 2978 4191 .
3174 4183 3279 4187 κ---ν
3326 4183 3389 4194 -ν
3423 4183 3642 4205 νν-ιιυιιι

2064 4183 2202 4240 sicut
2229 4193 2579 4262 ostendimus,
2605 4210 2661 4256 ut
2687 4218 2875 4262 omnes
2899 4212 3211 4275 substantia:
3235 4183 3499 4287 contraria
3524 4193 3666 4307 ipsa:

2064 4288 2181 4330 rum
2214 4288 2416 4337 natura:
2452 4300 2613 4356 agant
2647 4293 2828 4350 ei'licit.
2861 4300 3030 4358 Simili
3074 4312 3232 4368 modo
3271 4327 3326 4372 et
3350 4321 3402 4375 in
3432 4288 3667 4388 hominis

2065 4365 2274 4388 l‘_..—--'
2688 4387 2695 4388 ί
2725 4386 2733 4388 “

3185 4365 3223 4368 κ,
3274 4365 3324 4372 _-
3432 4365 3662 4388 ...,........

2064 4365 2383 4430 formatione
2427 4394 2569 4434 nunc
2611 4386 2765 4441 nobis
2803 4392 2927 4460 quid
2961 4396 3155 4456 factum
3191 4407 3262 4462 sit
3296 4411 3472 4470 divina
3519 4419 3662 4478 Scri-

2062 4469 2215 4527 ptura
2245 4464 2498 4525 declarat.
2530 4473 2795 4533 Formaoit
2824 4483 2984 4554 Deus,
3019 4491 3206 4563 inquit,
3237 4503 3511 4573 hominem,
3546 4517 3663 4581 pul-

2060 4565 2222 4606 verem
2271 4559 2539 4627 accipiens
2579 4568 2644 4619 de
2682 4579 2836 4626 terra.
2865 4577 3001 4644 Quid
3041 4559 3218 4640 dicis?
3246 4559 3662 4665 Acoeptovner'de

2061 4650 2200 4698 terra
2243 4648 2463 4716 pulvere
2507 4655 2752 4715 formavit
2791 4664 3058 4726 hominem
3078 4675 3103 4726 ‘l
3133 4677 3301 4736 Etiam
3324 4725 3339 4751 ,
3371 4648 3540 4759 linquit
3561 4736 3575 4760 ,
3611 4711 3663 4754 et

3325 4737 3339 4751 ι
3372 4737 3422 4741 ---
3470 4737 3540 4748 --·-
3561 4737 3575 4760 ι
3611 4737 3658 4754 νε

2059 4747 2162 4788 non
2191 4737 2542 4811 simpliciter;
2573 4763 2672 4804 nec
2701 4759 2992 4821 quamlibet
3029 4764 3247 4825 fortuito
3289 4737 3486 4836 terrain
3509 4785 3658 4856 dicit,

2059 4827 2149 4856 una.
2188 4827 2445 4856 Π..Ι.....-..Δ
2478 4853 2489 4856 ,
2522 4855 2527 4856 ,
2647 4842 2659 4854 ο
2719 4845 2731 4856 ι
2831 4850 2842 4856 -
2922 4852 2955 4856 __

2055 4827 2150 4882 sed
2178 4827 2446 4889 Pulvereni
2471 4853 2490 4891 :
2511 4842 2659 4908 quasi
2689 4845 2732 4899 si
2755 4850 2872 4916 quis
2903 4852 3064 4921 dicat,
3095 4865 3466 4927 tenuissimum
3497 4885 3553 4932 et
3579 4832 3656 4934 vi:

2055 4916 2315 4975 lissimum
2338 4927 2478 4995 quod
2501 4940 2586 4985 est
2612 4933 2662 4987 in
2689 4942 2848 4992 terra.
2876 4916 3119 5014 Magnum

2053 5011 2263 5068 videtur
2281 5019 2422 5086 quod
2449 5021 2646 5078 dictum
2670 5038 2752 5084 est
2773 5049 2786 5084 :
2812 5011 2998 5093 verum
3020 5042 3064 5095 si
3081 5047 3286 5116 cogites
3310 5055 3429 5123 quis
3453 5062 3652 5131 opifex,

2055 5104 2363 5173 neutiquam
2393 5110 2550 5168 fidem
2581 5115 2778 5177 habere
2808 5123 2947 5182 facto
2973 5138 3268 5209 recusabis,
3294 5104 3388 5200 sed
3417 5104 3652 5210 mi:abe:

2050 5191 2124 5244 ris
2151 5203 2203 5247 et
2228 5197 2476 5256 adorabis
2499 5204 2806 5267 Conditoris
2848 5225 3159 5285 potentiam.
3187 5191 3341 5297 Quod
3362 5239 3406 5291 si
3427 5239 3540 5298 haec
3565 5262 3651 5301 se-

2047 5284 2277 5341 cundum
2318 5294 2696 5363 cogitationum
2736 5284 2940 5363 tuarum
2978 5313 3393 5381 imbecillitatem
3436 5338 3646 5393 emetiri

2045 5374 2300 5446 volueris,
2335 5390 2390 5437 et
2435 5388 2700 5448 curiosius
2743 5400 3065 5473 explorare,
3113 5425 3209 5479 par
3243 5425 3324 5470 est
3366 5429 3420 5473 ut
3452 5422 3544 5478 tibi
3593 5426 3646 5484 in

2106 5844 2181 5910 (a)
2207 5853 2274 5898 ita
2298 5853 2433 5916 Regii
2459 5863 2562 5908 Mss.
2592 5869 2644 5912 et
2665 5862 2818 5928 Cum,
2837 5875 2983 5932 atque
2999 5877 3070 5928 sic
3093 5877 3272 5942 legitur
3296 5881 3345 5933 ln
3363 5886 3544 5943 Bibliis.
