4152 6502
579 425 686 482 103

566 549 746 598 male
762 538 1106 596 considerare
1119 531 1527 592 volneritnus,et
1542 533 1752 579 nostras
1771 523 2004 578 rationes
2028 528 2138 574 tam

563 631 862 689 imbecilles
907 628 1275 697 reprimamus,
1318 634 1422 674 non
1469 631 1626 688 posse
1665 615 1924 670 dictorum
1947 625 2140 682 capere

565 719 990 778 sublimitatem?
1013 717 1140 772 Nam
1181 729 1300 783 qua:
1340 711 1610 773 dicuntur,
1656 706 1774 762 iidei
1810 704 1977 759 oculis
2004 701 2142 757 indt-

565 822 719 882 gent,
743 821 972 877 suntque
998 807 1072 862 ob
1093 814 1326 859 nostram
1360 800 1719 854 infirmitatem
1750 794 1913 848 multa
1943 792 2138 882 verbof

568 881 684 958 rum
733 897 1168 968 attemperatione
1205 890 1488 960 descripta.
1520 883 1952 956 Quandoquidem
2001 881 2138 937 istud

567 996 738 1063 ipsum
759 988 899 1062 quod
930 987 1098 1056 inquit
1129 1003 1142 1039 :
1176 981 1430 1038 Farmavit
1456 979 1594 1033 Deus
1622 977 1893 1040 hominem,
1916 985 1961 1029 et
1989 975 2142 1042 inspi-

566 1085 715 1147 ravit,
746 1079 1018 1148 indignum
1046 1076 1154 1130 Deo
1186 1072 1341 1128 fuerit
1367 1089 1382 1125 :
1407 1069 1500 1124 sed
1536 1077 1752 1137 propter
1781 1080 1878 1119 nos
1897 1106 1912 1129 ,
1931 1071 1996 1118 et
2020 1079 2141 1132 pro-

566 1181 683 1241 pter
712 1169 1070 1224 inﬁrmitatem
1101 1174 1331 1219 nostram
1361 1160 1475 1214 lucc
1511 1159 1588 1213 sic
1626 1167 1804 1212 narrat
1833 1156 2100 1223 Scriptura
2119 1193 2136 1218 ,

564 1261 632 1316 ad
659 1252 898 1316 nostntnt
923 1275 982 1314 se
1011 1258 1316 1314 tenuitatem
1342 1252 1647 1314 demittens,
1673 1259 1737 1304 nt-
1757 1259 1897 1304 tanta
1917 1248 2147 1302 familiar

567 1353 724 1404 ritate
747 1349 965 1419 dignati,
995 1346 1062 1401 ad
1088 1345 1353 1416 fastigium
1379 1343 1506 1397 illud
1540 1341 1826 1395 ascendere
1853 1343 2138 1410 possimus.

571 1441 634 1495 Et
659 1441 908 1512 protrivit,
933 1438 1120 1506 inquit,
1141 1436 1280 1490 Deus
1306 1435 1574 1496 hominem,
1603 1431 1854 1503 pulverem
1875 1430 2143 1498 accipiens

563 1531 627 1584 de
650 1541 800 1583 terra.
825 1530 959 1584 llinc
979 1529 1025 1582 si
1049 1542 1238 1595 sapere
1259 1527 1520 1586 volumus,
1551 1539 1653 1576 non
1681 1537 1840 1591 parva
1871 1521 2023 1574 nobis
2044 1519 2143 1574 ltu-

567 1622 805 1674 tuilitatis
849 1621 1019 1674 oritur
1056 1617 1315 1672 doctrina.
1362 1615 1492 1670 Nam
1535 1629 1654 1669 cum
1695 1613 2138 1683 cogitaverimus,

569 1712 709 1766 mide
732 1709 1120 1765 consntutinnis
1147 1722 1256 1761 suae
1285 1707 1491 1760 initium
1535 1714 1717 1758 natura
1747 1711 1924 1758 nostra
1953 1717 2140 1757 susce-

569 1802 728 1872 perit,
756 1802 962 1856 etiatnsi
1009 1799 1308 1854 sexcenties
1343 1796 1627 1865 supercilia
1677 1795 2023 1865 surrigamus,
2053 1809 2140 1849 re-

568 1892 868 1962 pritnitnur,
892 1889 1251 1953 bumiliamur,
1270 1897 1324 1944 et
1343 1889 1650 1942 substantia
1672 1897 1865 1941 nostra:
1881 1887 2140 1940 rationem

567 1982 957 2053 perpendentes
979 2023 994 2046 ,
1020 1979 1330 2034 modestiam
1358 1979 1630 2034 discimus.
1662 1978 1784 2033 Ideo
1809 1979 1950 2033 enim
1980 1979 2140 2044 Deus,

566 2074 651 2128 cui
684 2083 824 2127 tanta
853 2071 1043 2126 salutis
1087 2082 1280 2125 nostra:
1305 2083 1451 2134 cura,
1483 2069 1549 2122 ad
1593 2069 1757 2123 nostri
1789 2067 2142 2122 eruditionem

569 2162 840 2232 propheta:
880 2163 1108 2230 linguam
1139 2165 1214 2214 sic
1261 2160 1474 2214 direxit.
1502 2159 1706 2226 Quippe
1735 2175 1852 2212 cum
1897 2158 2143 2227 superius

565 2256 786 2310 dixisset
809 2254 986 2308 divina
1019 2253 1312 2321 Scriptura.
1347 2251 1410 2304 Et
1439 2251 1553 2319 fecit
1583 2251 1719 2305 Deus
1759 2251 2008 2304 hominem
2028 2292 2041 2314 ,
2063 2266 2145 2303 se-

563 2348 785 2400 cundum
811 2345 1078 2415 imaginem
1102 2341 1198 2397 Dei
1229 2343 1344 2413 fecit
1365 2358 1497 2405 eum,
1528 2341 1673 2395 dedit
1701 2341 1774 2394 illi
1801 2341 2035 2395 omnium
2066 2341 2143 2393 vi-

563 2435 796 2490 sibilium
828 2443 1168 2502 potestatem,
1188 2443 1242 2484 ttt
1271 2449 1336 2486 ne
1357 2446 1421 2486 ex
1449 2441 1557 2486 suis
1582 2431 1972 2484 constitutionis
2003 2430 2145 2499 igno-

565 2525 733 2580 rantia
754 2525 889 2579 altos
909 2525 1124 2593 spiritus
1145 2532 1462 2587 assumeret,
1477 2522 1918 2590 prmscriptosque
1946 2521 2142 2574 limites

573 2617 816 2678 transiret
849 2634 862 2669 :
890 2615 1159 2684 superiora
1189 2624 1432 2684 repetens
1458 2613 1726 2682 Scriptura
1757 2613 1913 2667 docet
1939 2609 2142 2666 forma-

569 2714 724 2764 tionis
762 2712 876 2780 ejus
915 2709 1192 2778 originem,
1224 2719 1279 2762 et
1327 2707 1467 2760 unde
1510 2721 1572 2759 ac
1619 2706 1890 2774 quomodo
1941 2706 2142 2774 primus

566 2805 726 2856 homo
749 2801 1035 2870 productus
1058 2800 1145 2854 sit.
1174 2798 1301 2853 Nam
1324 2799 1368 2852 si
1397 2807 1515 2867 post
1541 2798 1676 2850 hanc
1701 2798 2015 2860 doctrinam,
2039 2813 2142 2867 qua

563 2892 774 2960 agnovit
798 2906 856 2945 se
882 2898 1069 2945 eterra
1093 2889 1288 2943 habere
1313 2889 1589 2955 originem,
1618 2904 1682 2943 ex
1712 2904 1812 2956 qua
1841 2890 2065 2952 semina,
2089 2896 2144 2942 et

561 2991 752 3036 extera
778 2980 1020 3034 animalia
1040 3023 1054 3046 ,
1085 2979 1326 3049 quamvis
1367 2978 1644 3043 formatio,
1673 2979 1967 3047 animmque
2011 2979 2140 3032 sub-

564 3076 754 3127 Stantia
786 3071 1136 3141 incorporalis
1165 3071 1330 3124 multo
1353 3071 1695 3124 excellentior
1727 3086 1818 3139 per
1841 3070 2141 3140 benignita-

567 3177 672 3220 tvm
707 3166 797 3219 Dei
841 3178 1090 3218 concessa
1134 3161 1245 3216 sit:
1277 3177 1372 3232 per
1399 3163 1533 3215 hanc
1567 3161 1707 3214 enim
1755 3160 1959 3229 accepit
2001 3159 2141 3230 quod

568 3256 839 3310 rationalis
868 3255 953 3316 sit,
983 3263 1038 3308 et
1059 3253 1304 3307 omnibus
1331 3251 1448 3304 aliis
1487 3251 1710 3320 imperet
1737 3269 1748 3303 :
1782 3251 1859 3315 si,
1891 3252 2102 3320 inquam
2123 3292 2138 3318 ,

565 3347 688 3402 licet
720 3345 834 3399 lta-c
849 3345 1058 3406 doctus,
1082 3343 1344 3410 serpentis
1367 3342 1676 3410 deceptione
1704 3356 1885 3412 parem
1912 3343 2139 3411 aliquam

561 3453 683 3489 cum
720 3436 828 3489 Deo
857 3432 1211 3502 aequalitatem
1257 3431 1568 3499 imaginatus
1596 3440 1677 3484 est
1721 3434 1765 3484 is
1790 3431 1878 3500 qui
1907 3431 1972 3485 de
2003 3439 2139 3484 terra

565 3533 856 3582 formatus:
887 3527 929 3579 si
959 3525 1122 3594 priori
1152 3525 1451 3577 narratione
1488 3533 1767 3576 contentus
1792 3523 1979 3578 fuisset
2019 3524 2143 3578 bea-

564 3630 647 3673 tus
676 3619 759 3671 ltic
790 3616 1066 3685 protilteta,
1097 3625 1149 3668 et
1178 3614 1277 3668 nisi
1310 3613 1547 3681 repetitis
1585 3615 1830 3666 omnibus
1866 3613 2144 3683 diligenter

565 3727 663 3764 nos
689 3709 978 3773 docuisset,
1008 3708 1058 3760 in
1083 3722 1239 3774 quam
1272 3721 1375 3758 non
1404 3705 1773 3759 incidissemus
1797 3707 2055 3760 insaniam
2083 3708 2106 3758 Υ

637 3802 688 3854 5.
732 3798 913 3868 Itaque
940 3797 1222 3864 plurimum
1265 3795 1330 3849 ad
1372 3796 1720 3849 erudiendum
1763 3811 1859 3850 nos
1895 3797 2137 3851 conducit

564 3906 604 3945 ε(
626 3891 701 3942 ire
731 3888 870 3942 unde
907 3885 1196 3941 substantia
1227 3895 1401 3938 nostra
1433 3884 1657 3953 primum
1694 3887 1948 3954 originem
1992 3901 2129 3940 acce-

571 3981 723 4046 perit.
752 3977 814 4030 [t‘t
838 3976 1095 4047 formavit,
1121 3974 1304 4041 inquit.
1332 3972 1468 4026 Deus
1495 3973 1766 4036 hominem,
1792 3975 2040 4039 pulverem
2064 3990 2145 4028 ac-

564 4070 766 4137 cipiens
795 4068 857 4120 de
886 4076 1019 4119 terra
1041 4106 1057 4128 ,
1083 4073 1130 4118 et
1168 4063 1434 4132 insufﬂauit
1463 4063 1514 4114 in
1550 4064 1727 4133 facient
1762 4067 1872 4131 ejus
1911 4065 2143 4131 spiracu-

569 4162 673 4213 lum
697 4161 822 4211 vitta.
846 4156 1103 4223 Quoniam
1129 4153 1428 4207 hominibus
1451 4152 1786 4219 loquebatur,
1806 4155 1960 4208 aliter
1987 4171 2142 4223 quam

571 4263 720 4302 more
769 4256 949 4300 nostro
993 4243 1176 4297 audire
1223 4257 1326 4295 non
1355 4243 1690 4307 valentibus,
1723 4241 1821 4296 hac
1860 4244 2143 4297 verborum

569 4339 906 4409 simplicitate
927 4345 980 4389 et
1007 4333 1358 4389 crassitudine
1379 4348 1504 4386 usus
1532 4343 1613 4387 est
1637 4349 1652 4395 ;
1681 4342 1806 4387 etut
1834 4332 2023 4388 doceat
2048 4349 2145 4389 nos

569 4447 674 4498 quo
706 4437 858 4498 pacto
887 4427 1167 4480 formatum
1198 4423 1344 4476 illum
1371 4423 1436 4475 de
1473 4432 1612 4476 terra
1638 4463 1653 4486 ,
1701 4424 1994 4493 benignitas
2043 4427 2145 4479 Do-

571 4521 697 4577 mini
731 4519 1043 4574 rationalem
1073 4514 1265 4568 anima:
1307 4513 1589 4568 essentiam
1643 4512 1839 4568 habere
1880 4516 2141 4582 voluerit,

571 4633 659 4687 per
688 4629 847 4686 quam
873 4610 1066 4665 animal
1097 4609 1196 4662 hoc
1217 4607 1515 4661 absolutum
1553 4615 1608 4662 et
1639 4607 1925 4674 perfectum
1972 4609 2142 4664 ﬁeret.

575 4710 635 4763 fit
677 4706 972 4776 inspiravit,
1005 4703 1208 4770 inquit,
1253 4700 1302 4752 in
1331 4700 1508 4769 {aciem
1537 4700 1645 4766 eius
1670 4701 1978 4768 spiraculum
2011 4704 2142 4756 vitm.

577 4798 798 4852 Vitalem
828 4797 900 4850 ait
943 4791 1196 4862 operandi
1223 4790 1514 4845 efﬁcaciam
1545 4790 1592 4842 ei
1613 4829 1629 4855 ,
1652 4793 1739 4858 qui
1766 4789 1832 4844 de
1863 4801 2000 4846 terra
2043 4793 2148 4847 for-

575 4899 746 4946 matus
771 4899 874 4951 est,
905 4881 1223 4953 spiraculum
1250 4880 1426 4934 datum
1449 4894 1587 4944 esse,
1618 4888 1672 4934 et
1698 4879 1809 4934 haec
1835 4881 1926 4935 fuit
1949 4888 2149 4939 consti-

576 4984 706 5037 tntio
753 4977 1061 5034 substantia:
1099 4975 1311 5028 animus.
1345 4971 1495 5028 Unde
1541 4973 1721 5026 subdit
1750 4989 1762 5024 :
1797 4973 1862 5026 Et
1890 4980 2052 5043 factus
2080 4987 2147 5028 est

575 5074 723 5124 homo
751 5071 801 5122 in
828 5069 1047 5120 animant
1072 5066 1330 5118 viventem.
1362 5063 1452 5118 ille
1480 5063 1753 5126 formatus,
1787 5065 1971 5133 inquit,
2001 5076 2054 5120 et
2081 5067 2147 5120 de

574 5163 789 5231 pulvere
835 5168 1129 5226 susceptus,
1171 5155 1454 5223 inspiratus
1494 5156 1756 5221 Spiraculo
1786 5157 1925 5222 vitm,
1961 5157 2148 5210 Factus

574 5266 642 5309 est
674 5256 724 5306 in
752 5255 970 5304 animum
996 5250 1250 5301 viventem.
1267 5245 1397 5310 Quid
1421 5243 1522 5309 est,
1545 5245 1610 5298 In
1633 5246 1852 5298 animant
1876 5249 2148 5301 viventem?

577 5347 687 5400 lloc
731 5357 844 5405 cst,
874 5342 1158 5395 eﬂicaciter
1206 5348 1508 5405 cperantem
1537 5378 1551 5402 ,
1584 5336 1864 5391 habentem
1910 5343 2148 5407 corporis

581 5436 814 5491 membra
843 5434 1008 5501 ipsius
1037 5428 1430 5497 operationibus
1459 5430 1736 5481 servientis
1767 5431 2031 5496 ipsiusque
2052 5447 2146 5483 vo-

579 5526 763 5582 luntati
801 5519 1233 5591 obtemperantis
1268 5519 1527 5572 Catlerum
1558 5519 1736 5571 nescio
1763 5519 2027 5586 quomodo
2055 5536 2150 5574 nos

579 5635 699 5673 eum
726 5614 1136 5669 subverteritnus
1172 5609 1435 5674 ordinem,
1461 5618 1514 5661 et
1539 5617 1681 5661 tanta
1712 5609 1867 5662 fuerit
1903 5612 2150 5677 nequitia:

582 5711 857 5774 accessio,
903 5717 959 5760 ut
1007 5715 1169 5771 Ipsam
1205 5717 1456 5770 cogamus
1494 5702 1668 5755 carnis
1716 5701 2150 5770 concupiscentiis

583 5801 829 5870 obsequi,
848 5810 898 5856 et
927 5813 1063 5862 eam,
1090 5811 1200 5866 qtae
1242 5805 1419 5865 utpote
1445 5792 1655 5847 domina
1693 5793 1811 5847 aliis
1838 5808 2066 5864 prxesse
2091 5805 2144 5850 et

1297 412 1358 470 8.
1395 407 1670 470 JO‘ANNIS
1693 394 2165 463 CHRYSOSTOIK
2203 393 2521 454 ARCHIEP.
2558 393 3090 452 GONS’I'ANTINOP.

3728 397 3828 454 104

2254 510 2517 583 imperare
2539 511 2785 579 debebat,
2806 528 2836 567 e
2864 512 2998 567 solio
3015 510 3363 571 deturbatam.
3385 514 3563 569 carnis
3584 512 3824 582 volupta-

2249 603 2389 657 tibus
2421 617 2610 674 parere
2633 619 2905 674 cogamus,
2940 605 3240 674 ignorantes
3280 605 3444 674 ipsius
3470 605 3821 670 nobilitatem,

2248 701 2306 747 et
2329 703 2578 764 quantam
2607 709 2715 764 prta
2745 695 2842 748 ista
2871 695 3212 750 eminentiam
3243 697 3428 750 sortita
3457 697 3545 751 sit.
3577 695 3709 751 Nam
3736 713 3822 750 eo-

2245 785 2350 853 gita
2373 824 2392 851 ,
2415 787 2673 849 obsecro,
2703 783 3037 840 formationis
3067 786 3309 842 ordinem
3341 804 3354 841 :
3385 798 3438 842 et
3475 788 3714 856 expende
3745 797 3822 840 Ie-

2247 889 2392 941 cum,
2423 876 2542 945 quis
2568 885 2708 932 esset
2739 875 2828 930 ille
2851 885 3132 947 antequam
3164 878 3512 947 inspirentur
3541 894 3569 931 a
3603 878 3820 932 Domine

2244 965 2568 1034 spiraculum
2594 967 2743 1032 vitat,
2771 977 2827 1024 et
2859 969 3007 1025 ﬁeret
3049 969 3101 1023 in
3130 969 3359 1024 animant
3390 970 3673 1025 viventem.
3710 970 3821 1022 lua-

2246 1057 2404 1113 nimis
2433 1073 2624 1128 nempe
2666 1059 2870 1130 imago,
2907 1063 3216 1132 operatione
3260 1076 3477 1127 carens,
3504 1073 3558 1117 et
3590 1061 3656 1116 ad
3692 1061 3819 1116 nihil

2247 1147 2424 1212 utilis;
2455 1149 2523 1201 ita
2570 1157 2627 1204 ut
2666 1157 2831 1204 totum
2870 1151 2998 1206 illud
3039 1152 3188 1222 quod.
3227 1154 3278 1208 in
3320 1162 3520 1206 tantum
3566 1152 3820 1206 honorem

2247 1237 2417 1307 ipsum
2451 1239 2709 1307 provexit.
2735 1240 2864 1294 nihil
2887 1241 3317 1312 aliud.sit,quam
3344 1243 3668 1312 spiraculum
3698 1243 3823 1297 illud

2247 1345 2276 1382 a
2310 1331 2416 1384 Deo
2445 1331 2780 1401 inspiratam.
2807 1332 3073 1388 Caeterum
3101 1345 3157 1389 ut
3184 1334 3287 1390 boc
3310 1350 3415 1388 non
3453 1335 3623 1388 solum
3654 1349 3719 1387 es
3763 1334 3826 1387 iis

2245 1437 2362 1489 quae
2392 1431 2516 1475 tunc
2547 1423 2678 1476 facta
2708 1433 2851 1490 sunt,
2880 1425 2974 1480 sed
2999 1435 3054 1480 et
3085 1440 3151 1480 es
3181 1425 3246 1482 iis
3269 1441 3387 1496 qua:
3429 1441 3567 1480 nunc
3591 1426 3828 1495 quotidie

2245 1512 2558 1582 contingunt
2582 1514 2784 1580 videas,
2811 1517 2982 1586 cogita
3013 1526 3186 1573 tecum
3205 1517 3472 1586 quomodo
3498 1528 3615 1588 post
3635 1520 3826 1570 auium

2246 1606 2682 1674 cmigrationem,
2715 1622 2908 1676 corpus
2936 1607 3039 1662 hoc
3089 1619 3194 1662 tant
3226 1610 3443 1664 insuave
3487 1618 3541 1664 et
3585 1608 3826 1678 injucun-

2247 1695 2370 1748 dntu
2399 1707 2620 1765 apparet
2646 1715 2660 1752 :
2690 1707 2744 1752 et
2765 1698 2888 1766 quid
2916 1698 3054 1766 dico,
3095 1699 3312 1754 insuave
3339 1709 3396 1755 et
3444 1699 3830 1770 injucundan

2246 1800 2404 1852 quam
2432 1786 2775 1856 horrendum,
2799 1806 2955 1860 quam
2987 1793 3249 1863 fetidum,
3279 1806 3330 1852 ct
3360 1798 3694 1855 deformitate
3719 1803 3828 1870 ple-

2248 1893 2396 1944 num,
2420 1879 2560 1946 quod
2581 1891 2734 1936 antea
2764 1898 2885 1937 cum
2909 1885 2980 1939 ab
3003 1886 3179 1942 anima
3200 1900 3490 1958 regeretur,
3508 1892 3826 1962 jucundum,

2246 1978 2475 2036 gratum,
2503 1969 2891 2043 admodumque
2921 1975 3213 2032 formosum
3239 1989 3357 2033 erat
3376 2021 3390 2042 ,
3422 1983 3581 2036 multa
3613 1984 3825 2052 pletmut

2250 2058 2527 2126 prudentia
2553 2103 2570 2128 ,
2601 2073 2654 2117 et
2682 2064 2748 2117 ad
2780 2065 2914 2119 bona
2942 2083 3316 2139 opera-magna
3343 2071 3657 2128 dexteritate
3689 2091 3826 2142 prm-

2246 2150 2432 2205 ditum.
2483 2153 2608 2209 llzec
2652 2157 2830 2226 utique
2860 2161 3035 2212 omnia
3080 2162 3409 2231 cogitantes,
3443 2179 3506 2219 ac
3548 2168 3826 2221 uobiscum

2247 2251 2554 2308 reputantes
2601 2258 2794 2314 quanta
2843 2249 2914 2303 sit
2958 2251 3149 2306 anima:
3199 2265 3394 2307 nostrae
3437 2256 3706 2322 nobilitas,
3763 2275 3829 2313 ne

2246 2332 2370 2399 quid
2413 2349 2474 2388 ea
2523 2335 2794 2403 indignum
2822 2353 3139 2406 Operemur,
3173 2357 3238 2397 ne
3264 2345 3668 2414 coinquinentus
3709 2366 3826 2404 eam

2247 2423 2447 2478 illicitis
2475 2427 2743 2494 Operibus,
2773 2445 2839 2483 ne
2868 2432 2967 2485 sub
3003 2433 3181 2487 carnis
3207 2437 3516 2490 servitutem
3543 2455 3661 2492 eam
3699 2443 3826 2494 sub-

2241 2514 2489 2583 jugemus
2511 2557 2526 2580 ,
2560 2534 2624 2572 ne
2651 2527 2760 2572 tam
2787 2522 3055 2589 nobilem,
3093 2534 3340 2595 tantaque
3366 2529 3620 2598 dignitate
3647 2534 3822 2586 subii-
3910 2562 3926 2573 ι

2245 2622 2386 2660 ment
2408 2649 2423 2673 ,
2455 2610 2533 2664 sic
2569 2610 2856 2666 crudeliter
2887 2622 2941 2667 et
2985 2615 3473 2673 immisericorditer
3514 2631 3822 2678 tractemus.

2246 2696 2376 2750 Nam
2423 2708 2638 2768 propter
2667 2701 2810 2756 illius
2838 2702 3189 2759 substantiam
3233 2723 3327 2761 nos
3368 2709 3456 2777 qui
3486 2725 3710 2779 corpore
3749 2715 3826 2766 iu-

2246 2787 2407 2841 Voitlli
2435 2805 2639 2854 sutnus,
2671 2792 2714 2845 si
2745 2793 2999 2861 velimus,
3032 2811 3308 2863 possumus
3335 2813 3454 2854 cum
3501 2803 3825 2872 incorporeis

2246 2880 2549 2946 virtutibus,
2576 2883 2857 2952 adjuvante
2887 2902 2980 2941 nos
3009 2888 3183 2943 divina
3213 2892 3400 2960 gratia,
3433 2905 3660 2960 certare,
3691 2908 3744 2950 et
3774 2897 3822 2950 in

2247 2979 2386 3025 terra
2415 2975 2771 3041 ambulantes,
2803 2981 2951 3045 quasi
3001 2981 3052 3033 in
3083 2983 3218 3035 caelo
3251 2985 3450 3046 vivere.
3474 2996 3529 3040 et
3562 2987 3690 3042 nihil
3722 2992 3821 3042 nti-

2247 3078 2348 3117 ttus
2390 3080 2548 3133 quam
2588 3067 2690 3120 illm
2731 3068 2961 3135 habere;
3006 3072 3114 3125 into
3153 3073 3286 3128 {orte
3325 3077 3519 3145 aliquid
3549 3082 3820 3148 amplius:

2246 3156 2512 3221 quomodo
2538 3167 2733 3221 autem,
2757 3175 2854 3228 ego
2880 3160 3072 3215 dicam.
3092 3162 3315 3228 Quando
3335 3168 3476 3220 enim
3503 3170 3620 3237 quis
3643 3173 3823 3227 iuvem

2247 3254 2331 3299 tus
2375 3247 2528 3301 fuerit
2565 3252 2893 3318 corruptibili
2941 3253 3039 3308 hoc
3081 3270 3304 3324 corpore
3330 3261 3720 3328 circumdatus,
3755 3266 3822 3319 ita

2246 3336 2405 3389 vitam
2434 3354 2596 3406 agens
2625 3350 2678 3392 ut
2716 3356 2962 3418 supernae
3009 3343 3109 3397 illa:
3137 3347 3356 3400 virtutes
3376 3391 3389 3408 .
3419 3352 3686 3418 quomodo
3719 3371 3826 3409 non

2247 3429 2645 3496 propensiorem
2675 3411 2766 3486 Ι)Ὲὶ
2788 3436 3008 3501 gratiam
3037 3438 3302 3500 sortietur,
3326 3441 3447 3507 quia
3469 3445 3708 3510 corporis
3734 3461 3826 3500 nco

2245 3521 2580 3576 cessitatibus
2616 3523 2876 3580 obnoxius
2902 3566 2917 3593 ,
2950 3527 3303 3599 incorruptam
3344 3533 3536 3590 anima:
3575 3537 3823 3593 nobilita-

2247 3617 2352 3663 tem
2387 3613 2400 3641 ¹
2433 3614 2703 3667 servavit?

2331 3699 2498 3753 Virtus
2546 3704 2829 3769 possibiiis;
2873 3723 3136 3776 possumus
3173 3710 3423 3766 Joannem
3464 3713 3746 3784 Baptistam
3778 3729 3825 3772 et

2248 3788 2470 3844 Paulum
2489 3793 2971 3866 imitari—Ecquis
2992 3814 3262 3869 umquam,
3278 3803 3443 3868 dices,
3468 3807 3664 3875 poterit
3683 3808 3823 3861 inve-

2249 3881 2347 3932 niri
2377 3883 2533 3935 talis?
2570 3884 2754 3939 Merito
2780 3887 3122 3954 impossibilis
3152 3894 3301 3946 nobis
3339 3893 3450 3948 hmo
3481 3911 3565 3949 res
3595 3903 3821 3956 VldCllll’.

2247 3984 2469 4046 quorum
2499 3973 2661 4028 virtus
2686 3978 2970 4032 admodum
2994 3980 3200 4051 exigua.
3230 3984 3294 4036 At
3321 3984 3365 4036 si
3396 3985 3474 4038 vis
3493 3985 3697 4041 discere
3720 4003 3824 4042 non

2248 4075 2366 4114 esse
2394 4062 2491 4115 hoc
2521 4063 2841 4132 impossibile
2863 4109 2876 4132 ,
2906 4069 3076 4140 cogita
3098 4112 3113 4135 ,
3141 4087 3236 4134 oro
3255 4113 3269 4134 ,
3299 4087 3484 4128 omnes
3501 4075 3674 4142 justus
3694 4118 3708 4136 ,
3735 4078 3822 4146 qui

2251 4152 2471 4205 Domino
2501 4155 2566 4207 ab
2607 4156 2754 4209 initio
2793 4173 2958 4227 usque
2987 4160 3053 4212 ad
3100 4175 3334 4228 prmsens
3374 4171 3578 4232 tempus
3617 4166 3823 4235 placue-

2251 4252 2370 4294 runt
2399 4258 2642 4312 magnum
2667 4245 2834 4308 illum.
2865 4259 2919 4301 et
2945 4249 3239 4304 infecundas
3268 4252 3452 4316 tilium,
3476 4264 3530 4307 et
3557 4258 3720 4309 eremi
3751 4259 3822 4309 ci-

2249 4348 2365 4386 vem
2393 4333 2648 4388 Joannem
2681 4338 2723 4402 ’,
2755 4337 2975 4391 Paulum
3005 4355 3214 4409 quoque
3243 4341 3548 4408 magistrum
3581 4345 3743 4409 orbis,
3772 4355 3826 4400 ct

2249 4439 2458 4478 Omnem
2489 4436 2788 4481 sanctorum
2824 4444 3126 4496 numerum,
3157 4432 3244 4500 qui
3274 4433 3516 4486 eamdem
3543 4451 3700 4502 quam
3729 4451 3822 4489 nos

2251 4524 2488 4568 naturam
2521 4516 2772 4582 habuere,
2801 4518 2985 4572 iisdem
3017 4523 3254 4588 corporis
3285 4523 3688 4578 necessitatibus
3724 4525 3820 4576 oli-

2251 4606 2414 4671 noxii,
2436 4615 2486 4660 et
2517 4623 2581 4660 ne
2601 4610 2734 4662 ultra
2759 4611 3081 4678 impossibile
3109 4627 3226 4664 esse
3253 4628 3382 4680 opus
3409 4614 3702 4678 existitnes,
3735 4631 3823 4670 ne-

2250 4713 2351 4765 que
2389 4699 2599 4766 segnior
2641 4701 2713 4752 sis
2751 4699 2816 4753 ad
2859 4703 3126 4763 virtutem,
3156 4701 3220 4754 ad
3247 4717 3402 4770 quam
3445 4704 3594 4756 facile
3627 4706 3821 4772 ample-

2250 4789 2492 4842 Ctendam
2519 4800 2685 4842 tantas
2703 4808 2730 4842 a
2757 4793 2980 4845 Domino
3002 4803 3190 4846 nactus
3209 4809 3267 4846 cs
3292 4795 3616 4848 tice-tsiones.
3638 4797 3822 4849 Sciens

2250 4880 2390 4932 enim
2423 4878 2676 4950 benignus
2707 4881 2956 4934 Dominus
2995 4893 3189 4936 nostra:
3221 4884 3456 4936 νοΙυιιιειι
3479 4900 3504 4937 s
3547 4885 3821 4938 inﬁrmita-

2251 4979 2378 5033 tem,
2411 4979 2464 5024 et
2490 4969 2556 5022 ad
2591 4971 2868 5024 labendunt
2901 4973 3303 5038 proclivitalctn,
3324 4989 3509 5041 magna
3534 4974 3682 5027 nobis
3711 4991 3822 5028 me—

2252 5061 2510 5114 dicamina
2541 5064 2590 5115 iu
2621 5078 2889 5117 sacrarum
2918 5064 3309 5133 Scripturarum
3343 5065 3567 5119 lectione
3592 5067 3822 5135 reliquit,

2253 5162 2310 5203 ut
2336 5168 2396 5204 ea
2422 5155 2643 5209 subinde
2662 5155 2968 5209 vulneribus
2996 5157 3190 5210 nostris
3216 5157 3566 5223 imponentes,
3591 5167 3644 5211 et
3667 5160 3822 5211 vitam

2255 5246 2461 5299 illorum
2503 5246 2775 5300 beatorum
2805 5247 3035 5304 virorum
3070 5259 3191 5302 ante
3221 5248 3405 5301 oculos
3433 5258 3785 5316 proponcntes
3808 5291 3826 5313 ,

2254 5337 2320 5389 ad
2342 5338 2690 5391 aemulandum
2716 5351 3083 5407 provocemur,
3107 5348 3158 5392 et
3181 5340 3426 5392 virtutem
3458 5353 3564 5391 non
3593 5339 3822 5408 negliga-

2255 5539 2280 5586 ἃ
2321 5475 2446 5548 ξείε
2489 5474 2636 5586 favit.
2682 5481 2735 5525 et
2773 5474 2975 5527 Coisiin.
3013 5475 3183 5526 Morel.
3221 5483 3272 5526 et
3307 5476 3408 5538 alii,
3439 5482 3686 5545 energima
3716 5487 3820 5542 (τὴν

2282 5553 2487 5586 νεογειαν
2519 5575 2528 5583 .

2282 5540 2612 5645 “ﬁgitFigit-il.
2637 5605 2689 5645 et
2710 5599 2807 5666 duo
2837 5599 2948 5646 Mss.
2974 5599 3089 5666 Alii,
3120 5597 3291 5666 Etiam,
3319 5604 3711 5666 pro,_Jommrm.
3745 5606 3816 5652 ln-

2254 5665 2449 5728 trrpres
2477 5665 2739 5728 otiumque
2771 5663 3070 5728 lcgeral,_iia
3106 5663 3523 5728 ut__Jo.:t-tttn‘-s__ltic
3567 5675 3816 5714 rut-aretur

2256 5722 2440 5769 Helias.
2481 5723 2580 5784 Sic
2625 5725 2777 5784 etiam»
2818 5729 2919 5769 tres
2972 5722 3116 5782 Mss,
3163 5722 3352 5784 licitum
3394 5722 3531 5772 illum
3580 5728 3815 5777 Jommcm

2258 5783 2450 5843 (Ἠλίαν
2472 5782 2646 5830 ἐκεῖνον
2678 5781 2934 5843 Ἰωάννην).
