4152 6568
248 651 366 695 mus
395 635 411 669 ¹
436 675 453 703 ,
492 632 588 690 sed
619 631 881 704 fugiamus
912 630 1300 700 peccatum,~et
1319 623 1503 680 omnia
1534 619 1792 675 faciamus
1812 653 1830 682 ,

250 742 318 783 ne
343 725 590 795 indignos
620 738 719 778 nos
747 718 1102 776 inen‘abilibus
1128 714 1232 770 illis
1257 713 1411 768 bonis
1443 709 1791 767 exhibeamus
1819 723 1833 758 :

247 816 388 888 quod
417 815 571 870 nobis
594 812 842 868 omnibus
869 806 1210 871 concedatur,
1239 803 1406 873 gratia
1419 810 1486 888 et
1513 799 1838 869 benignitate

252 882 462 964 Domini
493 906 618 961 Jesu
647 901 867 965 Christi,
890 914 1011 954 cum
1032 912 1138 967 quo
1163 895 1302 950 Patri
1330 902 1385 949 et
1407 882 1626 962 Spiritui
1653 896 1840 944 saneto

246 998 314 1052 sit
349 995 542 1066 gloria,
572 991 875 1063 imperium,
906 997 962 1044 et
988 986 1160 1049 honor
1185 983 1236 1038 in
1264 981 1458 1045 saecula
1487 978 1838 1035 saeculorum.

247 1092 445 1146 Amen.

814 1193 1104 1252 HOMILIA
1139 1191 1298 1251 ΧΙΠι.

256 1315 320 1372 Et
368 1313 614 1385 plantavit
654 1309 902 1365 Dominus
950 1306 1087 1360 Deus
1131 1304 1424 1377 paradisum
1464 1301 1522 1356 in
1567 1299 1731 1354 Edem
1777 1300 1845 1354 ad

323 1412 570 1465 orientem
589 1445 604 1470 ,
647 1414 694 1457 et
738 1401 904 1474 posuit
951 1400 1058 1454 illic
1111 1399 1360 1452 hominem
1405 1411 1554 1466 quem
1607 1393 1846 1466 formavit

327 1499 483 1570 (Gen.
511 1497 566 1551 1.
591 1495 670 1567 8).

325 1635 377 1688 l.
426 1634 621 1689 Videns
644 1643 876 1688 vestrum
904 1627 1223 1698 inexplebile
1248 1624 1590 1686 desiderium,
1617 1627 1678 1674 et
1704 1615 1846 1674 mul-

254 1735 363 1780 tam
386 1725 712 1788 aviditatem,
737 1733 1074 1790 mentemque
1096 1727 1377 1779 attentam,
1399 1729 1500 1768 nec
1522 1727 1625 1766 non
1655 1720 1846 1763 omnes

255 1815 318 1870 ad
346 1817 676 1884 spiritualem
705 1814 843 1867 hanc
878 1811 1172 1866 doctrinam
1212 1807 1559 1866 advolantes;
1600 1797 1848 1874 quamvis

259 1908 415 1962 valde
444 1907 544 1960 sim
572 1921 705 1960 mea:
732 1905 924 1972 inopia:
955 1902 1082 1975 mihi
1113 1900 1393 1961 conscius;
1426 1897 1733 1964 frequenter
1765 1899 1846 1945 ta-

257 2014 378 2053 men
409 2007 462 2052 et
483 1996 718 2066 quotidie
749 1995 960 2062 impetu
981 2000 1034 2046 et
1062 2000 1272 2044 tenuem
1320 1987 1457 2041 hanc
1487 1997 1726 2038 menSam
1752 1996 1843 2034 vo-

259 2089 340 2142 bis
363 2100 664 2157 proponere
688 2084 897 2147 studeo,
922 2080 1197 2136 conlidens
1223 2093 1314 2130 vos
1337 2074 1604 2130 desiderio
1630 2071 1850 2141 ﬂagran-

260 2188 360 2242 tes,
389 2177 576 2244 majori
603 2173 877 2229 alacritate
906 2188 1023 2242 qua:
1045 2171 1300 2224 dicuntur
1323 2175 1665 2234 suscepturos
1692 2176 1811 2217 esse
1829 2201 1846 2227 ,

257 2267 684 2338 quandoquidem
713 2275 768 2320 et
797 2264 848 2319 in
878 2262 1220 2318 sensibilibus
1245 2259 1436 2313 eduliis
1466 2256 1645 2310 videre
1677 2261 1852 2322 potest

257 2362 430 2432 quivis
481 2362 579 2414 hoc
618 2360 945 2428 contingere.
972 2355 1205 2424 Urgente
1237 2364 1464 2420 namque
1509 2347 1849 2402 convivarum

259 2453 536 2522 appetitu,
567 2449 773 2504 etiamsi
812 2446 1122 2515 paupercula
1169 2456 1352 2496 mensa
1396 2441 1498 2503 sit,
1527 2448 1583 2492 et
1620 2437 1774 2504 in0ps
1809 2435 1852 2487 is

259 2548 348 2616 qui
377 2543 621 2599 convivio
663 2541 857 2609 excipit
880 2579 896 2605 ,
933 2551 1119 2606 magna
1143 2544 1476 2588 tamencum
1523 2530 1792 2598 voluptate
1819 2525 1852 2579 ii

259 2635 502 2705 apposita
533 2633 852 2695 absumunt;
885 2637 1068 2682 contra
1097 2627 1138 2680 si
1181 2625 1355 2679 minor
1377 2620 1702 2690 epulantium
1735 2616 1854 2672 fue-

262 2728 330 2782 rit
359 2725 644 2794 appelitus,
676 2721 880 2776 etiamsi
928 2727 1295 2787 sumptuosum
1326 2713 1484 2769 fuerit
1521 2711 1735 2780 epulum
1759 2751 1777 2775 ,
1801 2717 1857 2763 et

265 2820 408 2872 varia
431 2818 750 2884 copiosaque
762 2811 962 2876 edulia,
988 2811 1187 2862 mtllum
1208 2807 1329 2862 inde
1348 2803 1710 2868 conunodum,
1731 2815 1852 2854 cum

265 2924 426 2967 nemo
453 2910 522 2963 sit
541 2909 628 2977 qui
657 2905 913 2975 appositis
943 2902 1016 2956 uti
1043 2911 1219 2971 queat.
1259 2900 1352 2952 llic
1380 2905 1574 2958 autem,
1597 2894 1715 2964 quia
1738 2908 1859 2962 gra-

265 3005 335 3058 tia
366 3002 456 3056 Dei
483 2999 684 3054 alacres
712 3005 767 3051 et
797 2995 1023 3050 famelici
1051 2993 1116 3046 ad
1143 2989 1473 3060 spiritualem
1504 3000 1742 3041 mensam
1769 2998 1858 3038 ac-

265 3094 478 3157 ceditis,
507 3101 559 3147 et
584 3090 680 3160 ipsi
708 3104 900 3155 magno
923 3083 1191 3139 desiderio
1213 3081 1459 3141 dicimus,
1484 3079 1735 3138 scientes,
1761 3089 1859 3128 nos

265 3184 461 3240 sobriis
503 3181 718 3235 auribus
746 3179 951 3231 divinas
991 3175 1147 3226 hasce
1187 3170 1521 3225 narrationes
1561 3180 1856 3236 apponere.

265 3274 532 3342 Quoniam
561 3281 614 3325 et
643 3267 872 3339 agricola
897 3306 911 3330 ,
942 3265 1030 3342 qui
1062 3264 1309 3332 pinguem
1338 3268 1393 3312 et
1431 3258 1654 3312 fertilem
1673 3270 1860 3324 agrum

269 3338 494 3424 invenit,
524 3338 800 3430 postquam
828 3338 1007 3408 omnia
1031 3368 1150 3423 qua:
1175 3351 1256 3405 sui
1281 3348 1440 3403 ollicii
1469 3344 1861 3417 erant‘prmsti-

269 3461 367 3524 tit,
412 3471 475 3510 ac
518 3463 712 3509 terram
745 3449 1000 3512 suleavit,
1051 3452 1286 3498 aratrum
1341 3441 1534 3505 duxit,
1577 3441 1864 3509 spinasque

269 3547 489 3610 eduxit,
536 3553 660 3598 tunc
689 3540 906 3610 largiter
942 3536 1208 3600 seminat,
1238 3533 1482 3602 bonaque
1523 3546 1618 3599 spe
1659 3528 1865 3597 fultus,

269 3635 510 3708 quoudie
548 3646 768 3703 germen
811 3635 1088 3698 exspectat
1125 3624 1384 3687 seminis,
1414 3621 1555 3691 quod
1584 3629 1738 3675 teme
1782 3618 1860 3673 l'e-

271 3727 528 3786 cunditati
567 3723 865 3788 commisit,
897 3721 962 3775 ad
997 3730 1150 3774 terra:
1182 3716 1508 3772 feracitatem
1550 3712 1830 3768 attendens
1850 3752 1863 3776 ,

273 3823 339 3876 ad
368 3820 535 3876 multo
563 3817 816 3887 majorem
841 3815 985 3886 jacto
1014 3812 1218 3868 semine
1239 3825 1468 3865 messem
1499 3806 1867 3878 excipiendam

276 3908 794 3984 paratus-Similiter
823 3914 877 3960 et
919 3919 1017 3958 nos
1041 3943 1056 3966 ,
1096 3918 1218 3957 cum
1255 3902 1494 3956 videmus
1539 3900 1865 3954 alacritatem

275 4014 512 4060 vestram
538 3997 773 4070 quotidie
805 3995 1106 4050 increscere
1125 4035 1139 4057 ,
1169 3991 1494 4046 desiderium
1525 3989 1725 4060 vige”,
1754 3998 1868 4042 stu-

277 4094 424 4148 dium
452 4092 777 4145 incrementa
799 4100 1030 4145 sumere,
1060 4083 1250 4137 bonam
1274 4097 1423 4150 spem
1449 4080 1730 4140 habemus,
1757 4095 1870 4133 ma-

275 4184 491 4254 jorique
533 4179 709 4233 studio
750 4185 803 4230 et
841 4174 1150 4239 alacritate,
1187 4183 1442 4242 quantum
1493 4173 1631 4226 vires
1675 4181 1874 4226 nostra:

281 4280 592 4343 suppetunt,
627 4270 678 4323 in
705 4265 1112 4321 :cdil‘teatiouem
1141 4273 1330 4317 vestrae
1360 4263 1596 4316 caritatis
1618 4303 1632 4326 ,
1667 4261 1717 4315 in
1756 4263 1873 4331 glo-

284 4368 419 4422 riam
451 4363 575 4428 Dei,
607 4362 658 4415 in
690 4358 947 4414 Ecclesia:
984 4356 1076 4410 Dei
1107 4355 1272 4409 decus
1299 4351 1495 4421 aliquid
1531 4353 1667 4407 ferre
1706 4352 1876 4406 anhe-

285 4460 478 4514 lamus.
509 4454 618 4522 Age
657 4451 814 4521 igitur
833 4490 848 4514 ,
886 4448 932 4503 si
971 4446 1137 4515 placet
1164 4486 1179 4511 ,
1205 4445 1444 4513 repetitis
1474 4445 1537 4498 iis
1566 4459 1682 4512 quae
1709 4459 1878 4512 nuper

283 4550 426 4603 dicta
455 4539 600 4610 sunt,
629 4548 1020 4610 consequenter
1043 4537 1112 4591 de
1139 4537 1393 4591 hodierna
1421 4535 1649 4590 lectione
1677 4544 1879 4589 tracte-

288 4653 428 4694 mus.
461 4634 598 4704 Quid
625 4641 803 4687 autem
835 4633 904 4685 sit
932 4629 1072 4699 quod
1103 4643 1272 4697 nuper
1303 4626 1648 4689 tractabatur,
1681 4642 1882 4694 quous-

287 4748 392 4804 que
443 4739 747 4783 sermonem
775 4721 1207 4778 extenderimus.
1246 4728 1299 4772 et
1332 4718 1420 4772 ubi
1460 4718 1618 4771 linem
1667 4716 1882 4772 dicendi

290 4820 608 4880 fecerimus,
653 4813 1011 4869 necessarium
1041 4819 1123 4865 est
1160 4809 1358 4863 dicere.
1389 4807 1453 4860 Et
1487 4809 1716 4878 formavit
1746 4807 1884 4862 Deus

292 4912 566 4969 hominem,
597 4907 852 4976 pulverem
876 4901 1143 4971 accipiens
1172 4899 1234 4952 de
1264 4908 1415 4952 terra.
1444 4898 1507 4951 Et
1537 4899 1801 4967 inspiravit
1832 4900 1884 4953 in

291 5006 476 5075 [aciem
505 5001 614 5070 ejus
641 4996 949 5066 spiraculum
971 4994 1104 5060 vitm,
1137 4995 1397 5063 factusque
1424 5000 1494 5044 est
1524 4992 1672 5044 homo
1700 4991 1750 5045 in
1772 4992 1887 5044 ani-

295 5111 432 5149 mam
471 5093 712 5145 viventem
745 5086 898 5159 (Gen.
924 5085 979 5138 2.
1013 5085 1090 5155 7).
1126 5082 1277 5151 Quod
1310 5094 1433 5137 tunc
1458 5084 1722 5150 dicebam,
1754 5084 1804 5138 id
1833 5094 1886 5139 et

297 5201 438 5243 nunc
467 5185 664 5249 dicam,
695 5189 750 5237 et
774 5178 1003 5234 subinde
1031 5190 1330 5231 memorare
1360 5190 1476 5229 non
1497 5176 1741 5242 cessabo,
1772 5193 1888 5229 ma-

296 5287 459 5350 gnam
513 5285 568 5330 et
615 5271 932 5328 iuell‘abilem
986 5283 1108 5323 esse
1157 5266 1534 5336 benignitatem
1587 5267 1890 5322 communis

299 5370 540 5427 omnium
564 5363 771 5420 Domini
794 5377 916 5433 erga
937 5376 1107 5430 genus
1127 5368 1387 5413 nostrum.
1404 5358 1676 5429 Siquidem
1691 5373 1890 5430 magna

299 5457 746 5528 attemperatione
773 5454 842 5508 ob
869 5452 1094 5507 salutem
1122 5460 1358 5504 nostram
1391 5463 1518 5503 usus
1543 5459 1644 5514 est,
1675 5466 1894 5520 magno—

300 5568 409 5626 que
435 5548 632 5606 animal
673 5547 804 5614 ltoc,
829 5545 1102 5600 hominem
1124 5542 1264 5607 dico,
1305 5541 1506 5597 honore
1536 5556 1896 5613 prosequatus

301 5655 430 5709 est;
463 5655 670 5698 necnon
709 5637 887 5692 verbis
913 5644 967 5691 et
991 5634 1150 5690 rebus
1174 5632 1496 5698 declaravit,
1534 5649 1592 5688 se
1637 5649 1892 5703 majorem

303 5739 424 5806 ejus
443 5775 459 5798 ,
487 5746 646 5803 quam
672 5729 957 5784 visibilium
980 5725 1218 5782 omnium
1244 5738 1424 5779 curam
1457 5724 1727 5781 habuisse.
1755 5724 1896 5780 Nihil

373 5893 390 5921 ι
426 5883 589 5952 mm,
604 5893 912 5952 prementis?
925 5881 991 5931 ad
1010 5877 1363 5952 inmutationem
1381 5879 1557 5943 agendi
1583 5876 1780 5931 rationis
1799 5887 1900 5933 Deo

304 5946 475 6015 digna-
527 5941 760 5998 t'ir'tutem
782 5943 927 6009 igitur
951 5955 1043 5993 non
1057 5941 1367 6006 negligemus.

1337 506 1408 564 ΙΝ
1445 503 1595 564 CAP.
1611 501 1679 562 ll.
1705 496 1953 561 (ἱ-ΕΝΕ.
1996 493 2227 554 ΗΟΜΙῘ...
2260 493 2398 554 Illi.

3438 498 3541 558 £06

1949 610 2095 667 enim
2117 608 2368 680 prohibet
2392 607 2553 666 etiam
2579 606 2741 664 hodie
2762 605 2952 665 eadem
2978 608 3260 682 explmre
3285 613 3428 682 apud
3451 629 3542 670 ca-

1945 701 2157 756 ritatem
2191 708 2447 756 vestram.
2475 697 2607 753 Nam
2650 699 2789 754 sicut
2828 708 3068 756 aromata
3091 741 3108 770 ,
3137 711 3338 772 quanto
3373 706 3546 774 magis

1946 794 2126 864 digitis
2153 801 2472 856 atteruntur,
2505 801 2654 847 tanto
2675 791 2930 862 majorem
2960 801 3153 850 natura
3174 810 3269 850 sua
3296 795 3543 868 fragran-

1949 888 2075 942 tiam
2118 885 2348 942 reddunt
2377 903 2390 938 :
2420 885 2492 939 ita
2531 894 2586 940 et
2631 884 2682 938 in
2713 883 3004 956 Scripturis
3033 887 3282 942 usuvenit
3301 927 3316 952 ,
3345 900 3547 958 quanto

1947 981 2066 1050 quis
2091 979 2216 1034 illas
2246 978 2477 1048 amplius
2507 987 2736 1034 tractare
2773 979 3062 1049 studuerit,
3095 989 3244 1037 tanto
3269 983 3440 1052 magis
3466 985 3548 1038 vi-

1947 1070 2077 1126 dere
2113 1072 2308 1139 poterit
2347 1069 2598 1127 latentem
2628 1069 2682 1124 in
2728 1070 2858 1140 ipsis
2885 1070 3192 1128 thesaurum
3217 1115 3236 1139 ,
3259 1083 3423 1145 atque
3449 1076 3576 1135 ἱιιιιιΔ

1949 1175 2167 1215 mensos
2194 1160 2475 1229 percipere
2500 1159 2808 1215 divitiarum
2837 1159 3060 1216 fructus.
3090 1161 3158 1216 Et
3184 1163 3443 1233 formavit,
3468 1165 3553 1220 in-

1949 1250 2098 1320 quit,
2140 1249 2280 1304 Deus
2320 1250 2611 1318 hominem,
2662 1250 2920 1320 pulverem
2966 1251 3235 1322 accipiens
3277 1255 3342 1309 de
3391 1266 3546 1310 terra.

1953 1341 2332 1403 Animadverte
2352 1383 2370 1409 ,
2401 1341 2626 1403 obsecro
2645 1384 2660 1410 ,
2687 1331 2886 1411 quanta
2910 1343 3140 1404 varietas
3183 1361 3246 1406 ex
3292 1347 3408 1416 ipso
3429 1363 3555 1409 vcr-

1952 1434 2142 1490 borum
2168 1435 2451 1505 prooemio.
2484 1435 2541 1495 ιιι
2568 1436 2818 1492 omnibus
2846 1437 2989 1490 enim
3016 1437 3134 1493 aliis
3157 1439 3419 1495 creaturis
3447 1441 3550 1496 do-

1951 1529 2061 1583 cuit
2089 1543 2187 1582 nos
2214 1529 2398 1584 beatus
2426 1528 2601 1586 Moses
2631 1528 2846 1582 modum
2877 1530 3184 1595 creationis,
3209 1530 3302 1586 his
3327 1532 3504 1593 verbis
3533 1549 3548 1587 :

1954 1619 2097 1674 Dixit
2124 1619 2285 1686 Deus,
2318 1618 2438 1674 Fiat
2460 1621 2571 1688 lux,
2599 1630 2646 1673 et
2673 1625 2810 1690 facta
2858 1631 2931 1674 est
2960 1619 3082 1686 lux;
3106 1621 3225 1676 Fiat
3255 1624 3549 1690 ﬁrmamen-

1951 1721 2097 1777 tum;
2141 1711 2484 1783 Congregetur
2525 1728 2700 1780 aqua;
2729 1710 2885 1768 Fiant
2931 1713 3246 1780 lancinat-ia;
3297 1715 3552 1778 Germiuet

1953 1814 2088 1858 terra
2115 1803 2319 1858 herbam
2348 1803 2469 1874 [ωιιὶ
2493 1820 2512 1866 ;
2538 1802 2836 1856 Producant
2864 1819 3010 1872 aqum
3036 1804 3239 1869 reptilia
3264 1807 3552 1861 animarum

1955 1895 2241 1958 viventium,
2270 1903 2346 1956 et,
2372 1892 2632 1947 Producat
2659 1902 2791 1947 terra
2823 1894 3046 1948 animam
3075 1894 3341 1948 viventem.
3361 1894 3553 1952 Vidisti

1954 1985 2222 2058 quomodo
2262 1986 2426 2040 verbo
2473 1986 2651 2039 omnia
2696 1986 2922 2039 formata
2952 1986 3097 2040 sint?
3134 1985 3237 2042 Sed
3279 1988 3555 2044 videamus

1954 2084 2138 2145 postea
2167 2075 2292 2152 quid
2330 2074 2382 2129 in
2422 2076 2696 2150 creatione
2735 2075 2966 2129 hominis
3009 2075 3175 2132 dicat.
3207 2073 3274 2130 Et
3319 2079 3558 2150 formavit

1961 2164 2094 2219 Deus
2121 2166 2395 2220 hominem.
2431 2163 2562 2219 \‘ide
2589 2160 2860 2234 quomodo
2901 2164 3188 2220 verborum
3230 2175 3557 2237 attempera-

1958 2258 2122 2323 tione,
2150 2257 2303 2326 queis
2329 2255 2398 2312 ob
2426 2264 2662 2311 nostram
2709 2255 3072 2311 infirmitatem
3106 2272 3234 2312 usus
3259 2269 3363 2322 est,
3396 2259 3556 2316 simul

1955 2356 2012 2403 et
2033 2346 2248 2401 modum
2277 2347 2573 2403 creationis
2600 2346 2810 2412 doceat,
2841 2357 2895 2402 et
2921 2348 3311 2414 diversitatem,
3341 2365 3467 2420 qua,
3502 2361 3560 2406 ut

1960 2439 2194 2494 humano
2229 2453 2378 2494 more
2409 2439 2631 2508 loquar,
2663 2439 2822 2492 veluti
2863 2439 2953 2493 Dei
2986 2439 3231 2494 manibus
3267 2441 3555 2498 formatum

1961 2529 2133 2599 ipsum
2163 2528 2396 2593 indicat,
2425 2529 2566 2586 sicut
2589 2538 2644 2583 et
2685 2529 2822 2583 alius
2853 2529 3113 2599 propheta
3159 2529 3289 2585 dicit
3323 2549 3335 2584 :
3372 2531 3560 2586 Manus

1962 2630 2062 2674 tua:
2080 2621 2303 2689 fecerunt
2332 2636 2430 2686 me,
2456 2630 2503 2675 et
2523 2621 2898 2692 plasmaverunt
2929 2639 3007 2675 me
3031 2621 3174 2693 (Job.
3203 2623 3288 2678 10.
3314 2624 3396 2694 8).
3428 2625 3561 2680 Nam

1960 2711 2008 2766 si
2037 2711 2350 2782 simpliciter
2380 2713 2713 2782 imperasset,
2744 2728 2945 2784 quaeso,
2976 2723 3033 2768 ut
3058 2730 3125 2768 cx
3157 2723 3298 2769 terra
3329 2717 3564 2770 oriretur

1965 2801 2147 2868 homo,
2172 2817 2352 2857 annon
2382 2803 2432 2858 id
2462 2804 2604 2874 quod
2630 2805 2838 2874 jussum
2862 2812 2976 2858 erat
2999 2804 3312 2874 productum
3340 2805 3564 2862 luisset?

1962 2892 2069 2947 Sed
2102 2904 2157 2947 ut
2185 2910 2278 2964 per
2313 2895 2600 2951 creationis
2643 2895 2860 2952 modum
2893 2896 3192 2950 doctrinam
3243 2897 3399 2951 nobis
3439 2913 3567 2967 per-

1965 2995 2176 3057 petuam
2226 2986 2496 3054 traderet,
2545 2998 2602 3042 ut
2641 3004 2708 3043 ne
2752 2988 2953 3057 majora
3002 3005 3160 3058 quam
3206 3005 3325 3059 qua:
3373 3001 3564 3046 natura

1965 3089 2144 3133 nostra
2193 3078 2364 3134 ferret
2408 3081 2765 3152 sentiremus,
2795 3081 2915 3134 ideo
2975 3082 3055 3135 sic
3105 3091 3352 3137 accurate
3383 3083 3565 3137 omnia
3621 3095 3626 3100 '

1966 3181 2218 3236 enarrat,
2253 3179 2305 3227 et
2338 3172 2414 3226 ait
2443 3189 2455 3225 :
2490 3170 2754 3227 Formavit
2802 3171 2939 3227 Deus
2987 3173 3240 3228 hominem
3261 3215 3277 3239 ,
3312 3176 3568 3245 pulverem

1966 3261 2234 3330 accipiens
2261 3263 2278 3294 ¹
2307 3264 2369 3316 de
2391 3272 2542 3316 terra.

2037 3353 2094 3406 2.
2121 3353 2255 3408 Vide
2285 3363 2336 3408 et
2365 3355 2417 3408 in
2441 3355 2541 3410 hac
2569 3370 2629 3410 re
2677 3353 2959 3410 honorem.
3009 3355 3125 3412 Non
3176 3359 3319 3413 enim
3369 3368 3567 3416 terram

1969 3448 2259 3516 quamlibet
2285 3448 2498 3517 accipit,
2528 3448 2620 3503 sed
2659 3449 2956 3518 pulverem,
2987 3452 3356 3506 tenuissimum
3389 3463 3566 3523 terrae,

1971 3546 2028 3590 ut
2066 3538 2136 3591 ita
2188 3537 2308 3606 quis
2331 3538 2547 3604 dixerit,
2574 3549 2629 3593 et
2651 3539 2791 3593 hunc
2818 3540 2989 3609 ipsum
3036 3540 3305 3609 pulverem
3335 3542 3402 3598 de
3430 3553 3572 3598 terra

1972 3636 2241 3697 prmcepto
2266 3643 2365 3682 suo
2411 3629 2460 3682 in
2498 3630 2742 3700 corporis
2769 3641 3011 3684 naturam
3047 3632 3335 3686 transtulit.
3366 3633 3570 3701 Quem-

1973 3719 2259 3773 admodum
2310 3719 2450 3774 enim
2497 3720 2665 3789 ipsam
2709 3731 2866 3775 terra:
2895 3720 3252 3776 substantiam'
3291 3739 3396 3776 non
3426 3725 3570 3778 exsi-
3629 3710 3650 3725 ⁸

1973 3819 2202 3866 stentem
2237 3810 2508 3879 produxit,
2555 3811 2624 3864 ita
2673 3825 2835 3875 nunc,
2889 3825 3012 3865 cum
3063 3812 3249 3878 voluit,
3298 3815 3571 3882 pulverem

1974 3901 2042 3956 de
2068 3911 2209 3956 terra
2237 3902 2287 3955 in
2315 3917 2511 3971 corpus
2532 3903 2813 3956 convertit.
2845 3902 2942 3957 llic
2976 3903 3282 3958 exclamare
3319 3906 3471 3974 juvat
3521 3907 3573 3961 id

1976 3994 2117 4063 quod
2148 4009 2178 4046 a
2209 3994 2368 4050 beato
2402 3993 2601 4047 Davide
2626 3993 2824 4047 dictum
2870 4001 2997 4048 est:
3034 3993 3159 4058 Quis
3206 3995 3439 4065 loquetur
3478 4013 3574 4065 po-

1979 4087 2158 4138 tentias
2211 4082 2460 4149 Domini,
2529 4083 2732 4137 auditas
2791 4085 2941 4155 faciet
3008 4100 3180 4138 omnes
3236 4085 3414 4140 laudes
3467 4088 3578 4159 ejus

1982 4177 2165 4247 (Psal.
2195 4176 2318 4231 l05.
2345 4175 2460 4245 2)?
2507 4175 2649 4246 quod
2679 4191 2742 4229 ex
2804 4176 3020 4245 pulvere
3064 4177 3171 4230 tale
3214 4178 3410 4231 animal
3455 4195 3579 4250 pro-

1979 4269 2208 4332 duxerit,
2235 4278 2290 4325 et
2315 4270 2366 4324 in
2395 4279 2596 4324 tantum
2627 4269 2887 4323 honorem
2916 4269 3175 4335 everterit,
3209 4278 3388 4340 totque
3416 4271 3581 4327 bene-

1983 4360 2100 4416 ﬁcia
2127 4363 2179 4417 iu
2201 4377 2323 4417 eum
2350 4362 2530 4416 statim
2556 4361 2625 4425 ab
2654 4361 2805 4416 initio
2829 4361 3133 4424 contulerit.
3158 4379 3307 4419 suam
3333 4365 3579 4435 benigni-

1986 4462 2146 4507 tatem
2182 4469 2277 4523 per
2301 4455 2478 4507 omnia
2530 4453 2842 4508 ostendens.
2875 4451 2943 4505 Et
2983 4453 3266 4522 inspiravit,
3303 4455 3492 4525 inquit,
3527 4458 3579 4510 in

1985 4545 2166 4616 faciem
2192 4547 2300 4614 ejus
2330 4545 2641 4614 spiraculum
2663 4545 2795 4613 vitm,
2822 4554 2868 4599 et
2897 4544 3066 4614 factus
3095 4555 3165 4597 est
3192 4545 3341 4598 homo
3371 4547 3424 4600 in
3470 4548 3583 4600 ani-

1985 4653 2119 4689 mam
2158 4637 2397 4689 viventem

2059 4728 2246 4783 Contra
2297 4744 2381 4782 eos
2417 4726 2504 4798 qui
2552 4727 2783 4781 dicebant
2812 4728 3035 4781 animam
3063 4746 3125 4782 ea:
3163 4731 3445 4784 substantia
3491 4729 3586 4784 Dei

1989 4836 2113 4874 esse.
2148 4818 2283 4873 Deus
2311 4819 2550 4888 simplex,
2579 4819 2968 4889 incompositus,
3000 4829 3045 4872 et
3083 4821 3252 4891 ﬁgura
3302 4837 3584 4874 carens.—

1991 4914 2087 4967 llic
2134 4913 2346 4983 quidam
2400 4913 2539 4966 male
2570 4911 2766 4974 feriati,
2823 4912 3050 4981 propriis
3081 4912 3208 4966 meti
3251 4913 3584 4977 ratiociniis,

1992 5004 2230 5072 nihilque
2281 5003 2390 5057 Deo
2439 5003 2656 5073 dignum
2711 5003 3025 5072 cogitantes,
3077 5019 3253 5072 neque
3298 5005 3585 5058 verborum

1992 5098 2491 5164 attemperalionem
2541 5109 2724 5150 secum
2781 5103 3110 5163 reputantes,
3161 5096 3338 5150 dicere
3368 5097 3586 5159 audent,

1992 5191 2222 5242 animam
2251 5205 2313 5241 ex
2347 5189 2436 5243 Dei
2466 5189 2758 5242 substantia
2785 5204 2924 5243 esse.
2953 5189 2996 5242 Ο
3026 5189 3316 5245 insaniam!
3348 5206 3380 5245 ο
3401 5207 3588 5245 amen-

1997 5281 2156 5335 tiam!
2188 5289 2317 5350 qnot
2357 5280 2610 5350 perniciei
2657 5281 2770 5333 vias
2794 5280 3041 5336 diabolus
3069 5283 3272 5350 paravit
3299 5283 3590 5337 cultoribus

1995 5373 2140 5427 suis!
2189 5371 2241 5424 Id
2275 5380 2330 5424 ut.
2373 5372 2570 5435 discas,
2599 5370 2870 5440 perpende
2895 5386 3053 5440 quam
3085 5371 3313 5427 diversis
3343 5373 3590 5430 incedant

1996 5464 2114 5518 viis.
2138 5462 2268 5517 Nam
2296 5463 2384 5516 alii
2411 5478 2475 5516 ex
2500 5462 2603 5516 hoc
2632 5462 2794 5517 verbo
2824 5477 3008 5517 ansam
3035 5465 3381 5533 arripientes,
3418 5465 3592 5537 Inspi-

1997 5560 2148 5624 ravit,
2201 5558 2387 5611 dicunt
2430 5557 2638 5609 animas
2688 5570 2754 5610 ex
2806 5555 3097 5610 subsvamia
3151 5557 3240 5611 Dei
3289 5573 3445 5622 esse;
3503 5560 3593 5615 alii

1999 5663 2209 5702 rursum
2239 5649 2441 5712 dicunt,
2470 5647 2520 5700 in
2543 5645 2921 5699 vilissimorum
2944 5645 3218 5699 brutorum
3241 5647 3592 5703 substantiam

2003 5740 2145 5809 ipsas
2168 5740 2393 5792 transire
2418 5755 2430 5790 :
2456 5752 2558 5806 qua
2583 5737 2815 5790 amentia
2837 5735 2962 5806 quid
2989 5735 3226 5791 deterius
3245 5751 3365 5792 csse
3388 5741 3595 5807 possit!

2072 5942 2087 5972 ί
2124 5946 2175 5991 ιιι
2190 5945 2306 6003 Reg.
2331 5951 2428 5989 uno
2453 5946 2505 5990 et
2525 5936 2654 5989 Colb.
2676 5949 2771 5986 uno
2789 5934 2936 5986 deest
2958 5948 3068 5996 vox,
3093 5931 3355 5998 accipiens.
