4152 6512
646 485 748 545 ιω

641 606 774 672 Quia
801 601 942 656 enim
987 593 1332 653 obtenebrata
1372 599 1456 647 est
1501 591 1636 645 ratio
1678 602 1886 651 eorum.
1938 596 1994 642 et
2029 597 2212 639 verum

641 692 929 759 Scriptura:
977 701 1191 744 sensum
1233 686 1497 757 ignorant,
1527 683 1676 752 quasi
1720 680 1973 737 escaecati
2023 676 2218 733 mentis

641 781 810 851 oculis
831 780 883 834 in
910 780 1118 834 diversa
1153 775 1389 832 feruntur
1413 771 1729 844 praecipitia,
1755 770 1881 826 dum
1930 769 2019 825 alii
2071 767 2215 822 illam

639 887 798 943 supra
824 872 1127 943 dignitatem
1152 866 1398 930 efferunt,
1430 863 1522 919 alii
1547 872 1725 930 autem
1750 861 1882 917 infra
1907 859 2215 931 dignitatem

641 964 961 1036 deprimunt.
982 962 1112 1018 Nam
1138 960 1182 1016 si
1212 973 1279 1014 eo
1298 956 1440 1028 quod
1475 957 1746 1026 Scriptura
1783 953 1943 1020 dicat,
1985 950 2218 1020 Inspira-

643 1060 714 1113 oit
731 1059 789 1112 in
815 1056 992 1124 facient
1033 1054 1162 1124 ejus,
1190 1066 1254 1106 os
1300 1051 1410 1106 Deo
1459 1049 1714 1120 afiingere
1753 1046 1940 1113 velint,
1994 1057 2218 1100 necesse

639 1151 745 1205 erit
768 1147 926 1203 etiam
953 1158 1144 1200 manus
1163 1141 1263 1213 ipsi
1293 1141 1528 1196 tribuere
1555 1159 1569 1193 :
1597 1135 2024 1207 quandoquidem
2059 1133 2212 1199 dixit,

641 1237 902 1293 Fsrmssit
939 1235 1206 1289 hominem.
1233 1231 1340 1288 Sed
1393 1245 1461 1285 ne
1503 1229 1712 1283 illorum
1762 1224 2114 1295 nugacitatem
2161 1239 2214 1277 in

641 1327 873 1383 medium
895 1326 1244 1399 proferimus,
1273 1335 1524 1392 cogamur
1548 1329 1603 1374 et
1629 1317 1729 1388 ipsi
1768 1316 2014 1373 indecora
2045 1315 2211 1385 loqui,

638 1432 738 1489 age
785 1418 1021 1487 ipsorum
1061 1415 1335 1470 stultitiam
1389 1421 1446 1468 et
1495 1410 1840 1482 multiplicem
1891 1407 2212 1464 dementiam

508 1502 523 1512 ⁷
639 1510 955 1575 devitemtts,
985 1522 1050 1563 ae
1075 1505 1274 1562 divinae
1293 1504 1600 1575 Scriptum,
1635 1517 1755 1573 qua
1785 1501 2014 1571 seipsam
2051 1500 2216 1554 inter-

640 1585 899 1670 pretatur,
923 1611 1141 1669 scepum
1167 1596 1570 1667 subsequamur,
1601 1590 1887 1648 dummodo
1913 1600 2090 1646 tamen
2119 1603 2215 1645 nos

639 1690 926 1747 verborum
963 1689 1219 1745 crassitiei
1259 1702 1365 1742 non
1404 1685 1772 1749 attendamus,
1799 1682 1893 1739 sed
1922 1682 2216 1754 cogitemus

641 1779 1000 1836 inﬁrmitatem
1053 1789 1284 1832 nostram
1336 1774 1639 1846 huiusmodi
1693 1774 1952 1830 crassitie'l
1999 1784 2212 1827 causam

639 1883 777 1925 esse.
809 1867 989 1939 Neque
1016 1867 1155 1922 enim
1184 1874 1400 1936 possent
1420 1879 1578 1920 aures
1620 1864 1864 1920 humana)
1899 1879 1962 1920 ea
1989 1877 2107 1934 qua:
2127 1863 2214 1919 di-

637 1970 830 2015 cuntur
850 1960 1115 2030 excipere,
1139 1958 1240 2012 nisi
1267 1965 1413 2012 tanto
1438 1955 1740 2013 fruerentur
1775 1968 2215 2028 temperamento.

632 2047 940 2121 Cogitantes
964 2048 1142 2118 itaque
1166 2055 1221 2103 et
1243 2057 1478 2102 nostram
1520 2045 1896 2113 infirmitatem,
1927 2057 1979 2102 et
2011 2045 2126 2101 btec
2149 2045 2217 2101 de

639 2140 751 2196 Deo
782 2141 922 2195 dicta
951 2138 1135 2198 fuisse.
1165 2137 1242 2192 sic
1261 2151 1324 2193 ea
1350 2135 1719 2206 suscipiamus,
1750 2145 1806 2192 ut
1833 2151 1928 2207 par
1953 2143 2034 2192 est
2061 2150 2123 2191 ea
2149 2134 2217 2190 de

641 2231 753 2285 Deo
777 2231 1038 2300 accipere,
1071 2243 1168 2284 nec
1193 2230 1244 2282 in
1275 2239 1558 2297 corporum
1589 2227 1833 2293 ianuam,
1857 2227 1938 2282 vel
1963 2227 2015 2283 in
2044 2242 2213 2282 mem-

638 2321 853 2376 brorum
896 2320 1355 2389 campositionem,
1417 2318 1583 2372 Deum
1628 2319 1799 2388 ipsum
1844 2317 2210 2381 deducamus;

637 2411 731 2468 sed
759 2411 936 2466 omnia
964 2409 1033 2466 de
1063 2410 1190 2474 Deo,
1221 2419 1279 2463 ut
1297 2408 1566 2472 convenit,
1594 2408 1965 2479 imaginemur.
2006 2407 2213 2462 Numen

636 2503 779 2556 enim
808 2500 1032 2570 simplex
1065 2500 1574 2569 ineompositumque
1594 2512 1697 2566 est,
1736 2513 1800 2554 ac
1827 2498 1993 2570 ﬁgura
2021 2506 2167 2554 caret
2195 2512 2211 2555 :

638 2607 762 2648 nam
805 2592 849 2647 si
900 2607 972 2648 es
1027 2592 1180 2647 nobis
1229 2589 1573 2646 similitudine
1619 2590 1793 2651 ducta.
1838 2590 2062 2644 velimus
2105 2588 2215 2642 Deo

639 2683 996 2739 membrorum
1051 2683 1490 2752 compositionem
1538 2681 1804 2744 tribuere,
1851 2679 2212 2750 imprudentes

635 2775 691 2828 in
718 2774 988 2844 genﬁlium
1019 2773 1340 2842 impietatem
1369 2772 1608 2826 labimur.
1636 2771 1767 2826 Cum
1790 2771 1965 2839 itaque
1983 2769 2215 2824 audieris

636 2865 960 2935 Scripturatn
1004 2863 1291 2928 dicentem,
1326 2861 1583 2916 Formosit
1623 2861 1758 2915 Deus
1799 2861 2078 2923 hominem,
2105 2858 2211 2913 vir-

637 2965 800 3011 tatem
826 2954 1065 3011 eamdem
1095 2954 1288 3024 cogita,
1337 2967 1495 3022 quam
1534 2967 1655 3006 cum
1721 2951 1886 3016 dicit,
1942 2948 2103 3014 Fiat;
2149 2962 2215 3004 ac

637 3062 845 3103 rursum
876 3062 994 3101 cum
1021 3045 1273 3110 audieris,
1306 3045 1583 3113 Inspirarit
1608 3046 1659 3098 in
1703 3045 1882 3114 faciem
1908 3044 2019 3114 ejus
2043 3044 2209 3111 spira-

635 3141 803 3193 culum
854 3141 1000 3203 siue,
1058 3139 1247 3194 iterum
1294 3139 1465 3208 cogita
1485 3179 1500 3202 ,
1546 3136 1987 3208 quemadmodum
2033 3134 2211 3191 ineor-

638 3244 827 3298 poreas
876 3230 1096 3282 virtutes
1152 3227 1506 3295 produxerat,
1557 3228 1635 3281 sic
1697 3228 1959 3296 placuisse
1997 3227 2104 3292 illi,
2157 3235 2214 3280 ut

635 3337 830 3390 corpus
859 3319 962 3374 ltoc
983 3335 1047 3373 ex
1080 3319 1292 3388 pulvere
1319 3317 1514 3373 factum
1537 3322 1765 3372 animam
1797 3317 2017 3372 haberet
2043 3319 2210 3373 ratio-

635 3411 831 3476 nalem,
854 3423 971 3478 qua:
992 3409 1246 3463 membris
1257 3409 1529 3477 corporeis
1550 3417 1727 3477 posset
1751 3409 1844 3462 uti.
1871 3408 1982 3464 Hoc
2009 3409 2204 3478 quippe

632 3513 827 3568 corpus
874 3499 1077 3552 Domini
1105 3497 1257 3568 jussu
1306 3508 1566 3563 creatum,
1598 3499 1746 3568 quasi
1802 3499 2208 3554 instrumentum

627 3588 858 3660 jacebat,
886 3590 1064 3660 aliquo
1094 3598 1339 3645 movente
1364 3590 1633 3659 indigens;
1663 3590 1769 3643 imo
1795 3590 1930 3644 sicut
1952 3591 2064 3662 lyra
2093 3607 2210 3660 quae

539 3681 554 3692 '
631 3681 810 3748 aliquo
833 3690 970 3750 eget,
993 3681 1083 3751 qui
1107 3691 1220 3734 arte
1249 3681 1568 3750 solertiaqtte
1597 3697 1690 3736 sua
1723 3682 1908 3751 possit,
1940 3683 2091 3752 quasi
2116 3699 2211 3751 per

636 3771 858 3836 fistulas,
889 3786 982 3840 per
1030 3771 1266 3849 membra
1295 3786 1390 3827 sua
1431 3782 1812 3840 congruentem
1845 3773 2068 3830 Domino
2099 3789 2210 3828 me-

637 3861 829 3917 lodiam
860 3860 1081 3916 referre.
1103 3859 1397 3932 Inspiraeit,
1414 3862 1604 3933 inquit,
1627 3865 1679 3918 in
1701 3865 1880 3934 {aciem
1905 3865 2016 3935 ejus
2039 3867 2208 3936 spira-

633 3953 803 4006 culum
833 3953 966 4015 vita,
1011 3962 1059 4007 et
1095 3953 1257 4021 [actus
1305 3962 1379 4007 est
1424 3953 1571 4008 homo
1598 3955 1650 4007 in
1689 3955 1910 4031 animum
1946 3956 2207 4012 uiuentem.

631 4042 766 4110 Quid
787 4051 887 4107 est,
913 4041 1190 4111 [aspiravit
1213 4044 1525 4114 spiraculum
1551 4045 1666 4098 vita
1684 4045 1712 4098 ?
1736 4045 1801 4100 Id
1812 4055 1912 4111 est,
1937 4046 2038 4104 hoc
2060 4062 2212 4103 crea-

637 4146 744 4190 tum
772 4150 964 4205 corpus
995 4137 1159 4190 voluit
1180 4136 1441 4205 iussitque
1468 4137 1570 4192 vim
1599 4137 1794 4194 habere
1822 4139 2060 4207 vitalem,
2089 4154 2209 4209 qua:

632 4227 845 4282 animali
887 4226 1019 4282 facta
1056 4236 1138 4282 est
1172 4228 1223 4282 in
1265 4228 1493 4286 animam
1519 4229 1802 4292 viventem,
1839 4231 1952 4286 sive
1978 4245 2207 4300 operan-

633 4327 763 4379 tem,
789 4331 907 4386 quae
934 4326 1102 4372 artem
1126 4331 1276 4372 suam
1298 4327 1478 4389 posset
1498 4321 1593 4389 per
1620 4318 1976 4374 membrorum
2004 4329 2205 4375 motum

632 4405 902 4461 exhibere.

702 4498 755 4551 3.
796 4497 889 4551 llic
913 4511 1040 4551 vero
1060 4495 1186 4550 mibi
1218 4496 1520 4567 perpende,
1550 4507 1806 4567 quantum
1833 4497 2042 4554 intersit
2069 4499 2207 4555 inter

635 4586 790 4657 hujus
829 4585 1154 4642 admirabilis
1195 4586 1442 4642 animalis
1484 4588 1797 4652 rationalis,
1839 4599 1893 4644 et
1933 4591 2207 4645 brutorum

634 4679 1002 4734 formationem
1042 4678 1345 4749 discrimen.
1377 4680 1450 4734 De
1477 4678 1580 4733 illis
1605 4681 1744 4734 enim
1784 4680 1952 4736 dixit:
1977 4681 2212 4737 Educant

636 4785 778 4838 aqua:
797 4769 997 4837 reptilia
1023 4770 1305 4823 animarum
1325 4771 1611 4837 viventium,
1633 4779 1687 4827 et
1715 4773 1873 4826 simul
1897 4771 2211 4842 prodierunt

633 4874 698 4913 es
746 4873 881 4928 aqua
921 4859 1167 4912 animalia
1212 4859 1478 4925 anitnata;
1525 4870 1581 4916 et
1629 4860 1682 4915 in
1731 4870 1870 4916 terra
1915 4862 2205 4918 similiter:

633 4949 890 5005 Produrat
927 4959 1060 5004 terra
1096 4951 1318 5004 animant
1362 4953 1620 5006 visentem.
1653 4953 1727 5008 De
1772 4953 1985 5010 homine
2027 4970 2205 5012 autem

631 5059 736 5096 non
763 5043 873 5107 sic;
901 5042 995 5096 sed
1026 5044 1170 5111 prius
1196 5042 1262 5097 de
1292 5044 1509 5112 pulvere
1545 5059 1738 5116 corpus
1783 5048 2037 5104 formatur
2061 5091 2076 5116 ,
2109 5067 2207 5121 po-

629 5144 743 5190 stes
771 5134 944 5188 vitalis
977 5133 1052 5188 illi
1081 5135 1246 5189 virtus
1273 5135 1460 5202 datur,
1490 5153 1610 5208 qua:
1635 5147 1718 5194 est
1739 5141 1930 5196 anima:
1953 5143 2207 5197 substan-

632 5225 722 5278 tia.
765 5222 966 5278 ltlcirco
1009 5223 1075 5279 tie
1113 5224 1280 5279 brutis
1314 5225 1525 5282 dicebat
1563 5227 1813 5300 Moyses:
1845 5231 2068 5302 Sanguis
2099 5235 2207 5302 eius

631 5325 704 5369 est
730 5318 897 5369 anima
925 5319 1032 5388 ejus
1060 5317 1203 5388 (Leu.
1234 5319 1321 5372 i7.
1364 5320 1475 5390 il).
1527 5320 1582 5374 in
1617 5321 1834 5378 homine
1861 5333 2036 5379 autem
2077 5327 2205 5379 sub-

519 5473 522 5476 ξ
632 5409 822 5464 stantia
867 5420 950 5464 est
1003 5410 1311 5480 incorporea
1360 5421 1413 5466 et
1465 5412 1826 5481 immortalis,
1876 5431 1995 5486 quae
2039 5417 2206 5472 multo

634 5501 909 5555 intervallo
935 5501 1431 5570 'corpus‘anteccllit
1449 5542 1466 5567 ,
1497 5513 1549 5558 et
1578 5514 1754 5570 tanto,
1782 5517 1980 5574 quanto
2005 5522 2100 5576 par
2123 5517 2206 5562 est

635 5590 1002 5656 incorporeum
1047 5591 1258 5661 corpori
1306 5591 1590 5647 anteferre.
1645 5594 1838 5651 Verum
1884 5595 2018 5652 forte
2062 5597 2205 5653 dicet

632 5685 893 5751 quispiam
930 5700 942 5735 :
976 5684 1031 5738 Si
1070 5683 1243 5738 anima
1286 5699 1511 5754 corpore
1537 5685 1777 5756 dignior,
1827 5702 1924 5742 cnr
1971 5690 2022 5744 id
2061 5691 2201 5760 quod

635 5774 809 5824 minus
867 5784 948 5829 est
978 5772 1203 5836 primum
1247 5786 1498 5843 creatur,
1525 5778 1741 5848 etquod
1786 5780 1958 5849 majus
2000 5792 2203 5851 postre-

656 5880 779 5918 nqu
808 5864 830 5919 ?
862 5867 1048 5922 Annon
1080 5867 1224 5925 rides
1249 5909 1263 5936 ,
1294 5871 1504 5936 dilecte.
1548 5869 1772 5942 idipsum
1829 5873 1882 5931 in
1933 5875 2206 5934 creatione

1363 476 1424 537 8.
1458 472 1736 534 ιοΑΝΝιε
1769 465 2244 529 οιιιιῖεωτοιι
2281 465 2581 524 Αιιαιιιψ
2639 465 3174 526 οοειετικτιιιοι».

2329 581 2567 640 factum?
2609 583 2758 640 Sicut
2784 584 2928 641 enim
2955 584 3168 652 calum,
3199 579 3340 640 terra
3360 615 3377 650 ~,
3402 582 3486 641 soi
3509 625 3526 651 ,
3557 583 3706 648 luna.
3731 594 3787 642 et
3809 586 3910 641 alia

2323 677 2502 731 omnia
2533 687 2710 733 creata
2739 686 2895 744 sunt,
2924 676 3184 748 brutaque
3207 677 3371 732 etiam
3395 676 3646 732 animalia
3667 715 3684 741 ,
3711 684 3767 732 et
3793 685 3917 747 post

2324 765 2430 822 bat
2482 767 2662 822 omnia
2701 767 2862 822 homo
2885 807 2902 833 ,
2946 767 3032 824 cui
3060 768 3251 822 borum
3299 767 3540 822 omnium
3564 767 3914 840 principatus

2326 853 2643 915 tribuendus
2671 868 2790 916 erat
2821 877 2834 914 :
2865 859 2934 915 ita
2958 868 3014 914 et
3042 859 3098 914 in
3125 857 3357 915 hominis
3385 857 3704 915 for-insucae
3733 859 3912 929 primo

2322 963 2520 1019 corpus
2543 949 2873 1020 producitur,
2903 958 3193 1020 posteaque
3217 948 3397 1008 anima
3421 965 3541 1021 qua
3566 949 3777 1022 dignior
3801 959 3914 1005 est.

2321 1040 2783 1108 Quemadmodum
2839 1041 2983 1096 enim
3049 1039 3203 1095 bruta
3260 1028 3508 1094 animalia
3537 1080 3554 1106 ,
3614 1038 3917 1094 ministerio

2323 1130 2553 1186 hominis
2596 1131 2741 1184 utilia
2790 1131 2999 1193 futura.
3029 1139 3154 1186 ante
3190 1128 3468 1185 hominem
3519 1140 3809 1195 «cantur,
3853 1140 3914 1186 ut

2321 1232 2564 1292 paratum
2589 1219 2816 1279 haberet
2844 1221 3196 1276 ministerium
3224 1220 3270 1274 is
3291 1219 3383 1292 qui
3412 1219 3518 1275 illis
3540 1234 3738 1274 usurus
3761 1231 3912 1275 erat:

2319 1313 2396 1366 sic
2419 1321 2474 1366 et
2498 1321 2622 1367 ante
2646 1312 2876 1366 animam
2899 1326 3098 1380 corpus
3123 1295 3339 1366 creatur
3355 1350 3374 1376 ,
3422 1319 3480 1366 ut
3507 1322 3788 1381 postquam
3825 1325 3917 1366 se-

2320 1402 2551 1458 cundum
2597 1401 2913 1458 ineffabilem
2941 1401 3079 1470 ejus~
3104 1401 3421 1472 sapientiam
3449 1403 3623 1458 anima
3653 1402 3912 1473 producta

2319 1502 2497 1560 esset,
2543 1503 2726 1565 posset
2766 1508 2890 1548 suas
2926 1495 3269 1564 operationes
3309 1508 3408 1565 per
3441 1495 3684 1564 corporis
3731 1504 3913 1549 motus

2320 1587 2591 1644 exhibere.
2621 1588 2674 1643 8.
2709 1587 2776 1642 Et
2807 1589 3088 1658 plantavit,
3116 1588 3324 1658 inquit,
3354 1585 3494 1643 Deus
3536 1589 3829 1659 paradisum
3856 1591 3914 1644 iu

2320 1679 2560 1751 Edemab
2587 1681 2795 1744 oriente,
2815 1692 2861 1735 et
2889 1681 3054 1750 posuit
3073 1681 3180 1735 illic
3193 1680 3463 1746 hominem,
3487 1697 3631 1749 quem
3654 1681 3912 1752 formarit.

2326 1773 2614 1841 Postquam
2676 1773 2936 1838 benignus
3003 1773 3259 1828 Dominus
3314 1771 3696 1843 benignitatem
3758 1787 3914 1829 suam

2319 1863 2550 1918 ostendit
2573 1906 2587 1928 ,
2617 1873 2668 1918 et
2697 1864 2842 1919 illum
2871 1865 3022 1931 cujus
3061 1877 3219 1918 causa
3247 1864 3428 1919 omnia
3455 1872 3747 1928 creaverat,
3777 1879 3912 1935 pro-

2320 1953 2470 2008 duxit
2496 1955 2548 2008 in
2585 1953 2840 2020 medium,
2864 1953 3042 2008 statim
3073 1953 3256 2024 incipit
3279 1968 3372 2008 sua
3422 1953 3474 2008 in
3520 1952 3669 2009 illum
3699 1954 3911 2010 benefi-

2320 2043 2400 2097 cia
2437 2042 2702 2097 conferre.
2761 2041 2830 2096 Et
2877 2043 3139 2112 plantavit,
3197 2041 3386 2113 inquit,
3438 2041 3572 2098 Deus
3615 2043 3916 2114 paradisum

2317 2134 2373 2188 in
2414 2133 2575 2188 Edent
2601 2135 2664 2188 ab
2703 2133 2909 2188 oriente.
2942 2133 3039 2188 [lic
3091 2133 3219 2188 milii
3243 2175 3259 2201 ,
3313 2133 3508 2190 dilecte
3532 2175 3548 2200 ,
3583 2133 3866 2190 considera
3890 2175 3909 2201 ,

2318 2224 2458 2294 quod
2487 2225 2586 2278 nisi
2621 2239 2684 2279 ea
2711 2226 2872 2280 verba
2899 2237 2956 2281 ut
2986 2226 3053 2281 de
3103 2225 3213 2280 Deo
3241 2240 3338 2296 par
3359 2216 3480 2290 est,
3533 2226 3862 2296 accipiamus
3891 2266 3910 2291 ,

2317 2328 2536 2370 necesse
2583 2314 2653 2370 sit
2703 2324 2758 2369 ut
2809 2316 2860 2370 in
2908 2317 3260 2388 pracipitium
3313 2332 3551 2372 ruamus.
3601 2317 3729 2374 Nam
3777 2318 3910 2388 quid

2317 2406 2548 2462 dixerint
2583 2405 2651 2461 de
2689 2407 2833 2463 dicto
2866 2409 3168 2478 bujusmodi
3201 2409 3306 2475 illi,
3340 2409 3429 2478 qui
3457 2410 3634 2465 omnia
3682 2409 3751 2465 de
3794 2410 3912 2465 Deo

2317 2497 2456 2555 dicta
2506 2500 2738 2556 humano
2767 2502 3007 2571 accipere
3061 2516 3209 2556 more
3249 2493 3490 2557 audeat?
3543 2501 3611 2556 Et
3657 2503 3911 2573 plantariis

2318 2591 2454 2646 Deus
2477 2633 2491 2656 ,
2521 2595 2690 2663 inquit
2713 2634 2729 2658 ,
2762 2594 3079 2664 paradisum.
3111 2593 3248 2661 Quid
3271 2635 3286 2658 ,
3319 2594 3542 2662 quam?
3569 2609 3697 2649 num
3715 2595 3911 2666 ligone

2316 2695 2452 2750 opus
2491 2682 2673 2737 habuit
2709 2693 2764 2738 et
2801 2684 3119 2754 agricultura
3147 2684 3361 2755 aliaque
3387 2699 3513 2740 cura
3541 2725 3556 2748 ,
3590 2696 3648 2740 ut
3690 2686 3906 2755 [teratu-

2316 2789 2432 2826 sum
2462 2775 2797 2830 exornare”
2842 2774 3014 2830 Absit.
3049 2774 3243 2831 lterum
3272 2774 3420 2830 enim
3451 2776 3613 2831 etiam
3652 2776 3754 2832 hoc
3781 2778 3903 2834 loco

2317 2863 2474 2926 illud,
2506 2864 2767 2919 Plantaeit
2793 2907 2807 2930 ,
2837 2867 2916 2922 sic
2959 2865 3364 2936 intelligendum
3385 2905 3400 2928 ,
3443 2867 3648 2922 scilicet
3685 2869 3857 2938 ipsum
3881 2907 3900 2934 ,

2318 2953 2640 3022 imperasse.
2669 2964 2725 3009 ut
2752 2953 3026 3026 paradisus
3055 2955 3107 3010 in
3140 2964 3281 3010 terra
3305 2956 3458 3011 fleret
3478 2995 3498 3023 ,
3528 2967 3587 3011 ut
3612 2957 3905 3026 productus

2317 3041 2477 3096 homo
2500 3043 2552 3096 in
2577 3057 2643 3098 eo
2667 3053 2992 3098 versaretur.
3017 3042 3169 3110 Quod
3191 3053 3369 3100 autem
3394 3054 3612 3114 propter
3629 3046 3899 3102 hominem

2317 3133 2615 3202 paradisum
2658 3133 3032 3201 adornaverit,
3060 3134 3182 3189 audi
3227 3135 3559 3206 Scripturam
3589 3136 3854 3192 dicentem
3884 3155 3900 3194 :

2317 3222 2381 3276 Et
2432 3224 2676 3292 plantavit
2707 3223 2845 3279 Deus
2887 3224 3184 3294 paradisum
3222 3226 3276 3280 in
3317 3223 3480 3280 Edent
3507 3227 3570 3281 ab
3599 3225 3826 3296 oriente,
3851 3238 3901 3283 et

2317 3316 2479 3384 posuit
2520 3317 2627 3369 illic
2651 3316 2900 3369 hominem
2921 3357 2936 3382 ,
2981 3333 3128 3386 quem
3158 3320 3411 3388 forntasit.

2387 3405 2572 3460 Contra
2602 3422 2686 3461 eos
2705 3407 2792 3476 qui
2815 3407 3042 3460 dicebant
3070 3407 3380 3463 Paradisunt
3404 3426 3506 3464 non
3528 3410 3704 3466 essein
3728 3420 3894 3466 terra.

2314 3497 2523 3552 -ιΙιΙυο
2551 3499 2715 3551 etiam
2745 3498 2846 3552 loci
2875 3514 3066 3553 nomen
3091 3498 3246 3554 ail‘crt
3269 3500 3478 3572 Moyses
3506 3501 3558 3556 in
3583 3499 3896 3573 Scripturis,

2316 3598 2372 3642 ut
2407 3605 2473 3642 ne
2513 3589 2695 3644 liceret
2735 3586 2930 3644 frustra
2960 3591 3144 3660 nugari
3175 3591 3475 3662 volentibus
3514 3593 3898 3663 simpliciorlat

2313 3680 2530 3733 auribus
2581 3679 2890 3750 imponere,
2945 3680 3267 3751 dicereque,
3319 3697 3427 3737 non
3475 3697 3596 3739 esse
3648 3685 3701 3738 in
3760 3696 3897 3743 terra

2314 3771 2657 3839 paradisum,
2715 3770 2810 3826 sed
2869 3771 2920 3824 in
2972 3772 3148 3837 czelo,
3221 3782 3275 3828 et
3335 3774 3542 3830 fabulas
3596 3775 3896 3845 lmjusmodi

2313 3865 2600 3917 somniare.
2633 3863 2767 3917 Nam
2816 3863 2860 3917 si
2905 3878 3026 3918 cum
3071 3862 3252 3919 divina
3303 3864 3579 3936 Scriptura
3631 3877 3774 3924 tanta
3805 3883 3901 3925 usa

2314 3951 2384 4004 sit
2433 3952 2718 4006 verborum
2770 3955 3153 4019 accuratione,
3204 3969 3314 4010 non
3361 3954 3672 4012 dubitarunt
3719 3967 3898 4014 tamen

2313 4041 2526 4109 quidam
2547 4040 2613 4096 de
2634 4040 2872 4097 facundia
2897 4059 2992 4098 sua
3013 4083 3029 4111 ,
3059 4059 3267 4100 necnon
3295 4045 3362 4102 de
3394 4046 3728 4118 philosophia
3763 4065 3898 4104 esu-

2315 4133 2416 4186 tica
2460 4133 2624 4186 altum
2666 4136 2964 4204 sapientes,
3017 4137 3237 4192 adversa
3276 4137 3567 4208 Scripturis
3609 4141 3788 4211 loqui,
3841 4151 3902 4198 et

2313 4225 2492 4280 dicere
2520 4225 2818 4295 paradisum
2861 4229 2912 4282 in
2956 4239 3100 4284 terra
3141 4245 3246 4284 non
3275 4245 3433 4297 esse,
3478 4231 3749 4302 multaque
3793 4233 3898 4291 alia

2312 4328 2508 4388 prmler
2531 4333 2592 4372 ea
2623 4334 2742 4388 qua:
2767 4318 2905 4374 dicta
2936 4331 3059 4374 sunt
3087 4321 3423 4391 adoptantes,
3449 4333 3635 4378 contra
3658 4323 3902 4394 Scriptu-

2311 4428 2425 4468 ram
2467 4414 2706 4479 sentire;
2752 4425 2806 4468 et
2849 4414 3131 4470 adversam
3181 4425 3363 4471 tenere
3406 4417 3582 4481 viam,
3632 4428 3790 4488 atque
3832 4435 3898 4476 ea

2313 4520 2429 4572 qtne
2459 4506 2526 4560 de
2553 4515 2692 4560 terra
2719 4507 2858 4561 dicta
2885 4516 3036 4572 sunt,
3077 4507 3145 4564 de
3176 4509 3326 4563 ctelis
3355 4508 3496 4564 dicta
3537 4520 3760 4582 putare;
3794 4512 3897 4568 nisi

2315 4594 2501 4650 lmmili
2551 4597 2636 4650 illa
2677 4605 2732 4652 et
2779 4608 3127 4667 attempetata
3179 4600 3462 4655 verborum
3516 4601 3720 4658 ratione
3768 4617 3902 4659 usus

2315 4689 2520 4758 Moyses
2548 4698 2708 4753 esset,
2729 4674 2926 4758 Spiritu
2965 4700 3151 4744 sancto
3189 4691 3421 4759 linguam
3462 4691 3579 4762 ejus
3603 4703 3897 4763 movente,

2313 4795 2420 4850 quo
2464 4796 2570 4835 nou
2610 4781 2844 4836 devoluti
2876 4789 3097 4848 essent,
3141 4783 3382 4852 quamvis
3421 4782 3693 4853 Setiptura
3743 4799 3898 4842 sacra

2312 4885 2430 4926 cum
2462 4887 2559 4926 nos
2599 4873 2700 4928 tale
2738 4873 3007 4942 quidpiam
3036 4872 3229 4928 docere
3274 4874 3414 4939 vult,
3445 4876 3678 4946 scipsam
3730 4881 3900 4934 inter-

2315 4976 2552 5035 pretetur
2571 5007 2589 5033 ,
2635 4974 2690 5020 et
2726 4966 3023 5020 auditorem
3054 4981 3236 5021 errare
3266 4981 3372 5021 non
3400 4967 3578 5022 sinat-1
3621 4967 3728 5024 Sed
3758 4983 3897 5040 quo-

2315 5062 2455 5111 niam
2483 5055 2632 5111 multi
2664 5071 2769 5110 non
2802 5065 2857 5110 ut
2883 5056 3149 5126 quidpiam
3180 5056 3313 5111 lucri
3343 5072 3409 5112 ea
3436 5057 3631 5114 divinis
3653 5058 3899 5128 Scriptu-

2313 5149 2388 5202 ris
2434 5148 2724 5214 demetant,
2757 5147 2849 5203 sed
2890 5148 3173 5217 voluptatis
3208 5150 3398 5218 gratia,
3425 5163 3583 5204 sums
3610 5150 3767 5206 dictis
3793 5151 3897 5205 atl-

2315 5237 2530 5292 bibent:
2563 5237 2682 5293 ideo
2721 5253 2827 5292 non
2868 5238 2933 5291 iis
2972 5238 3062 5306 qui
3104 5246 3361 5306 prosont,
3403 5238 3498 5294 sed
3527 5239 3591 5296 iis
3617 5241 3705 5311 qui
3727 5241 3898 5311 magis

2311 5328 2578 5382 oblectant
2607 5327 2908 5382 attendunt.
2941 5325 3298 5396 Quamobrem
3337 5328 3564 5384 obsecro
3585 5370 3601 5396 ,
3633 5339 3690 5385 ut
3715 5332 3898 5386 omni-

2313 5420 2411 5473 bus
2459 5419 2562 5474 illis
2603 5434 2762 5474 aures
2803 5419 3136 5486 obturantes,
3167 5434 3334 5474 sacrm
3365 5419 3657 5489 Scriptura:
3699 5425 3895 5481 cationi

2311 5512 2684 5580 obsequamur.
2714 5513 2790 5566 Ac
2813 5525 2934 5566 cum
2959 5512 3214 5578 audieris,
3237 5512 3451 5578 dilecte,
3477 5514 3618 5569 Deus
3638 5516 3898 5585 plantavit

2312 5602 2614 5671 paradisum
2640 5601 2693 5656 in
2721 5600 2928 5656 oriente
2957 5615 2970 5664 ζ
3006 5601 3134 5656 illttd
3161 5643 3176 5667 ,
3210 5601 3468 5657 Plantavit
3490 5645 3506 5670 ,
3539 5613 3595 5658 ιιι
3624 5605 3733 5661 Deo
3760 5623 3895 5663 con-

2311 5691 2456 5745 venit
2499 5689 2764 5759 intelligo,
2797 5705 2990 5760 nempe
3018 5691 3158 5762 quod
3203 5694 3551 5764 praeceperit;
3578 5698 3719 5766 quod
3765 5714 3898 5756 vero

2310 5784 2548 5856 sequitur
2572 5784 2754 5852 crede,
2785 5787 3032 5842 nimirum
3079 5789 3380 5858 paradisum
3423 5790 3616 5846 factum
3642 5805 3763 5847 esse
3785 5832 3802 5850 .
3837 5802 3897 5847 et

2314 5879 2368 5936 in
2397 5879 2490 5936 illo
2531 5879 2680 5949 loco,
2727 5878 2814 5935 ubi
2861 5878 3132 5952 Scriptura
3181 5896 3335 5940 sacra
3384 5883 3720 5956 signiﬁcavit.
3775 5881 3892 5943 Ml
