4152 6560
270 479 374 537 l09
1374 467 1439 526 IN
1477 466 1710 526 CAPJI.
1754 462 1907 522 GENI

2035 460 2266 519 HDMIL.
2308 459 2445 518 χιιι.

278 591 502 650 credere
531 589 672 646 enim
720 589 786 643 iis
827 601 943 657 quis
972 585 1025 639 in
1051 584 1228 640 divina
1264 583 1539 652 Scriptura
1583 581 1857 635 feruntur.

288 683 383 738 sed
413 681 517 735 alia
555 696 620 734 ex
649 677 864 748 propria
893 684 1070 732 mente
1109 674 1392 736 inducere,
1442 685 1691 741 magnum
1737 678 1864 738 puto

281 770 578 842 perieulum
619 783 805 823 creare
835 766 955 820 talia
983 764 1322 819 audentibus.
1352 761 1422 816 Et
1448 762 1612 832 posuit
1631 799 1647 826 ,
1675 758 1862 828 inquit,

281 864 353 918 ibi
401 864 670 926 hominem,
717 875 863 929 quem
902 858 1161 929 formavit.

355 957 408 1010 4.
432 954 596 1019 Vide,
619 921 872 1022 quantum
905 921 1174 1004 honoJrem
1209 947 1388 1002 statim
1428 947 1482 1000 in
1510 959 1635 1000 eum
1673 952 1861 998 contu-

283 1045 432 1102 lerit.
464 1046 596 1099 Cum
629 1058 750 1098 eum
782 1051 930 1098 extra
964 1041 1266 1112 paradisum
1297 1047 1566 1102 creasset,
1599 1036 1777 1090 statim
1808 1034 1870 1088 il—

284 1138 400 1192 lum
426 1149 490 1190 eo
513 1132 829 1195 introduxit;
863 1140 921 1186 ut
950 1147 1015 1186 ex
1038 1130 1202 1185 rebus
1231 1128 1359 1198 ipsis
1389 1128 1442 1181 in
1472 1125 1718 1181 beneficii
1745 1139 1872 1178 sen-

285 1241 408 1279 sum
449 1226 622 1293 ipsum
665 1222 991 1288 adduceret,
1031 1229 1090 1274 ut
1129 1221 1291 1274 sciret
1332 1226 1561 1289 quantus
1596 1215 1668 1269 illi
1703 1214 1876 1268 honor

3454 460 3558 513 11η

1968 577 2093 647 ligni
2124 578 2448 632 mentionem
2497 575 2622 631 fecit
2647 617 2661 642 ,
2697 590 2762 630 ac
2805 571 3080 630 ﬂuminum
3114 576 3325 629 nomina
3363 573 3558 628 deinde

1971 672 2125 726 nobis
2151 670 2426 736 declarat,
2458 669 2778 738 illorumque
2806 679 2862 722 ut
2889 668 3085 721 dixerit
3111 667 3371 737 quispiam
3402 681 3558 733 scpao

1971 765 2273 829 rationem,
2314 779 2378 819 ac
2415 763 2686 834 quomodo
2729 777 2794 816 ex
2840 761 2930 815 illo
2950 761 3042 830 qui
3092 759 3396 830 paradisum
3443 759 3562 812 irri-

1973 859 2151 928 gabat,
2198 858 2284 912 alii
2332 857 2386 911 in
2415 867 2643 926 quatuor
2684 856 2854 923 capita
2895 854 3073 917 divisi,
3113 852 3330 907 climata
3373 851 3562 904 distin-

1975 957 2220 1020 guerent.
2247 949 2442 1003 Verum
2471 948 2605 1001 forte
2633 947 2665 1000 ii
2688 946 2775 1015 qui
2801 960 2864 1000 ex
2891 945 3102 1015 propria
3130 936 3561 1010 sapientia'loqui

1976 1047 2196 1104 ‘olunl,
2245 1039 2465 1094 ﬂumina
2515 1037 2602 1091 illa
2657 1051 2761 1090 non
2813 1035 3118 1089 concedunt
3155 1045 3274 1087 esse
3314 1031 3563 1096 ﬂuu-ina,

1980 1147 2151 1202 neque
2179 1145 2345 1202 aquas
2369 1129 2604 1184 fatentur
2624 1143 2744 1184 esse
2766 1142 2930 1196 aquas
2949 1167 2964 1193 ,
2996 1126 3088 1181 sed
3118 1123 3260 1179 aliud
3292 1123 3566 1193 imaginari

1982 1227 2206 1282 suadent
2249 1226 2313 1280 iis
2340 1225 2430 1294 qui
2473 1223 2573 1277 sibi
2613 1236 2770 1276 aures
2810 1217 3214 1274 accommodare
3259 1216 3462 1268 volunt.
3489 1216 3574 1294 ‘At

291 1323 441 1370 esset
474 1327 783 1378 concessus,
826 1313 880 1366 in
913 1311 1216 1383 paradisum
1261 1309 1406 1364 illum
1440 1305 1764 1369 introduxit,
1811 1301 1877 1356 Et

291 1406 461 1478 posuit
477 1404 583 1458 illic
600 1405 870 1469 hominem,
897 1419 1041 1472 quem
1065 1402 1320 1473 formavit.
1344 1398 1479 1456 illud
1501 1400 1652 1462 item,
1673 1396 1876 1461 Posuit,

291 1498 376 1552 sic
413 1497 767 1566 intelligamus
816 1510 880 1550 ac
913 1495 957 1549 si
998 1495 1219 1560 diceret,
1265 1491 1519 1563 praecepit
1559 1498 1615 1544 ut
1644 1489 1751 1542 illic
1790 1487 1882 1540 ha-

1984 1332 2117 1382 nos,
2148 1317 2390 1378 obsecro,
2437 1311 2740 1382 huiusmodi
2789 1310 3034 1364 homines
3075 1323 3142 1362 ne
3179 1307 3450 1370 feramus,
3477 1288 3572 1359 sed

1986 1410 2326 1463 obstruamus
2374 1404 2588 1460 illorum
2627 1401 2783 1457 dictis
2830 1415 3008 1465 aures,
3058 1398 3338 1452 credamus
3377 1395 3570 1450 divina:

1987 1500 2301 1569 Scriptum,
2333 1505 2492 1565 atque
2513 1510 2575 1549 ea
2619 1508 2737 1564 qua:
2779 1491 2829 1545 in
2857 1491 2946 1544 illa
2995 1489 3244 1543 dicuntur
3283 1495 3573 1552 sectantes,

293 1589 512 1650 bitaret,
544 1597 603 1640 ut
624 1596 682 1640 et
709 1595 954 1656 aspectus
989 1594 1043 1640 et
1068 1583 1323 1638 habitatio
1367 1597 1616 1651 magnum
1660 1578 1759 1648 ipsi
1787 1593 1880 1646 pa-

2011 1607 2171 1645 ianam
2212 1589 2511 1644 doctrinam
2555 1587 2608 1639 in
2653 1584 2846 1638 animis
2894 1581 3092 1637 nostris
3132 1594 3395 1647 reponere
3435 1586 3578 1631 sata-

296 1685 446 1733 reret
487 1677 814 1744 voluptatem
834 1715 850 1742 ,
880 1685 932 1730 et
962 1689 1084 1729 eum
1111 1673 1175 1727 ad
1214 1672 1411 1742 gratias
1444 1667 1750 1725 referendas
1788 1681 1884 1721 ex-

292 1768 489 1820 citaret
513 1766 833 1836 cogitantem
862 1773 1116 1834 quantum
1145 1761 1388 1818 beneficii
1419 1760 1731 1829 accepisset,
1757 1770 1878 1811 cum

297 1854 535 1910 nondum
565 1855 834 1925 quidpiam
877 1854 1208 1924 praestitisset
1239 1852 1383 1907 boni.
1415 1851 1493 1906 Ne
1533 1851 1692 1920 igitur
1730 1856 1783 1902 te
1823 1847 1878 1902 in

296 1956 578 2014 stuporem
622 1945 822 2014 injiciat
861 1957 962 1998 vox
1011 1943 1128 2008 illa,
1180 1939 1414 1995 Posuit:
1463 1954 1580 1993 mos
1623 1938 1766 1993 enim
1809 1943 1892 1992 est

298 2038 592 2108 Scriptura
615 2054 783 2095 sacrae
806 2047 1022 2108 propter
1050 2053 1148 2092 nos
1175 2045 1230 2092 et
1248 2036 1314 2090 ad
1341 2035 1625 2090 utilitatem
1649 2042 1889 2087 nostram

304 2132 558 2186 humanis
584 2132 658 2186 uti
686 2131 889 2199 verbis.
918 2129 1069 2198 Quod
1099 2139 1158 2184 ut
1181 2128 1391 2184 ediscas
1413 2168 1427 2193 ,
1459 2123 1732 2196 perpende
1761 2138 1894 2194 quo-

305 2221 472 2274 llltldo
514 2221 690 2289 prius,
720 2235 842 2274 cum
873 2220 942 2275 de
979 2219 1254 2274 stellarum
1298 2219 1571 2272 creatione
1611 2223 1893 2285 ageretur,

305 2308 498 2364 eadem
536 2324 630 2362 usa
662 2309 732 2364 sit
770 2323 902 2366 voce
929 2304 1152 2363 dicens:
1184 2306 1250 2362 Et
1279 2305 1444 2375 posuit
1479 2304 1596 2358 illas
1636 2304 1691 2357 in
1719 2303 1896 2370 ﬁrma-

309 2407 481 2453 mento
522 2397 654 2461 caeli,
691 2412 798 2452 non
835 2407 893 2452 ut
917 2412 1009 2452 eas
1048 2395 1184 2452 ctelo
1226 2396 1417 2450 inlisas
1460 2403 1706 2463 putemus
1752 2391 1898 2463 (nam

309 2503 501 2544 eorum
542 2488 766 2559 singula:
806 2490 1079 2559 proprium
1126 2501 1342 2543 cursum
1384 2486 1693 2550 coniiciunt,
1726 2487 1900 2541 loctint

315 2592 382 2632 cx
417 2578 538 2632 loco
565 2579 877 2646 mutantes),
905 2577 1000 2634 sed
1040 2587 1098 2634 ut
1123 2578 1335 2644 doceat,
1376 2592 1438 2633 se
1465 2576 1571 2631 illis
1609 2585 1666 2631 ut
1690 2577 1740 2630 iu
1771 2577 1903 2630 caelo

316 2676 502 2722 essent
542 2668 894 2739 pnecepisse,
945 2677 1002 2724 ut
1045 2669 1317 2723 hominem
1361 2667 1522 2737 jussit
1562 2667 1614 2720 in
1659 2666 1905 2734 paradiso

315 2758 536 2829 degere.
569 2759 622 2815 9.
650 2758 716 2813 Et
761 2761 1031 2829 produxit,
1062 2760 1252 2831 inquit,
1295 2758 1437 2814 Deus
1479 2758 1543 2810 de
1583 2767 1717 2810 terra
1758 2773 1906 2811 omne

318 2850 516 2919 lignum
539 2849 810 2920 pulchrum
831 2850 899 2904 ad
927 2851 1221 2916 videndam,
1249 2860 1296 2903 et
1318 2849 1503 2902 bonum
1530 2849 1596 2900 ad
1621 2847 1868 2902 edendum
1885 2888 1900 2912 ,

324 2952 372 2995 st
401 2941 598 3013 lignum
622 2944 735 2996 vita:
757 2943 810 2996 in
835 2943 1000 2996 medio
1021 2943 1248 3013 paradisi
1275 2950 1322 2996 et
1350 2941 1543 3011 lignum
1563 2941 1632 2993 ad
1650 2941 1909 2994 sciendum

325 3031 518 3085 bonum
541 3040 590 3084 et
619 3033 829 3086 malum.
858 3033 997 3087 Ecce
1016 3033 1175 3086 aliam
1198 3029 1440 3086 beneﬁcii
1467 3030 1699 3100 speciem
1729 3029 1781 3082 in
1814 3028 1912 3083 hoc

328 3136 518 3177 norem
549 3124 712 3176 creati
755 3123 1004 3178 hominis.
1044 3123 1178 3190 Quia
1208 3123 1350 3179 enim
1391 3123 1539 3177 illum
1580 3124 1635 3177 in
1662 3121 1912 3191 paradiso

329 3214 539 3269 versari
566 3214 810 3279 volebat,
839 3216 1094 3285 prazcepit
1127 3230 1195 3270 ex
1230 3223 1371 3270 terra
1412 3216 1632 3269 arbores
1674 3213 1913 3267 diversas

326 3305 482 3369 oriri,
512 3320 630 3372 quae
674 3305 832 3360 simul
870 3313 925 3360 et
965 3313 1186 3374 aSpectu
1220 3303 1469 3368 jucunda:
1515 3311 1729 3367 essent,
1758 3312 1812 3356 et
1845 3301 1912 3355 ad

328 3396 511 3450 cibum
537 3405 694 3463 aptae.
729 3395 891 3451 Omne
924 3395 1138 3467 lignum,
1169 3397 1359 3467 inquit,
1392 3396 1660 3467 pulchrum
1687 3404 1912 3464 aspectu,

331 3483 385 3538 id
409 3492 516 3548 est,
547 3484 610 3537 ad
639 3486 1032 3554 spectaculum;
1059 3484 1129 3538 Et
1159 3486 1344 3539 bonum
1371 3486 1440 3538 ad
1465 3501 1641 3548 esum;
1667 3483 1916 3538 videlicet

334 3575 500 3644 ligna,
529 3589 646 3643 qum
677 3578 848 3629 visum
876 3575 1147 3631 oblectare
1172 3583 1425 3646 possent,
1453 3584 1504 3630 et
1535 3590 1630 3631 esu
1670 3590 1915 3645 magnam

336 3666 582 3737 prmbere
609 3667 964 3734 voluptatem;
988 3681 1212 3736 qumque
1239 3675 1419 3736 utpote
1441 3666 1603 3719 multa
1629 3675 1684 3719 et
1703 3666 1916 3734 copiosa

337 3755 564 3810 multam
617 3754 682 3808 iis
727 3769 891 3810 usuro
940 3766 1189 3825 parerent
1237 3755 1579 3825 voluptatem.
1633 3753 1803 3810 Omne
1850 3753 1918 3807 li-

334 3859 522 3916 gnum,
551 3845 738 3915 inquit,
770 3844 1144 3915 quodcumque
1163 3845 1384 3912 dixeris,
1407 3847 1535 3901 oriri
1560 3845 1788 3900 curavit.
1823 3844 1918 3897 Vi-

336 3935 753 3990 distin‘miscria
795 3949 1018 3990 vacuam
1053 3936 1472 3992 habitationem?
1509 3935 1742 3991 vidistiu’
1761 3937 1919 3990 vitam

338 4023 686 4080 mirabilem?
716 4023 871 4080 Sicut
891 4026 1112 4096 angelus
1144 4024 1390 4095 quidam,
1420 4027 1736 4082 versabatur
1762 4026 1922 4081 homo

339 4115 394 4170 in
417 4125 580 4182 terra,
603 4130 830 4186 corpore
850 4117 1066 4186 quidem
1088 4117 1335 4182 amictus,
1352 4116 1446 4172 sed
1465 4129 1614 4172 extra
1636 4133 1922 4188 corporeas

339 4205 692 4261 necessitates
720 4207 1078 4274 constitutus,
1111 4216 1166 4262 et
1198 4207 1647 4278 quemadmodum
1693 4224 1922 4278 purpura

336 4305 396 4352 et
425 4295 728 4351 diademate
751 4307 991 4365 ornatus,
1017 4313 1386 4368 purpureaque
1414 4298 1628 4354 indutus
1653 4309 1822 4365 veste,
1849 4301 1927 4354 sic

336 4400 463 4440 cum
496 4385 738 4441 libertate
764 4388 1073 4442 versabatur
1116 4389 1168 4442 in
1204 4389 1436 4459 paradisi
1482 4389 1730 4455 sedibus,
1762 4391 1925 4445 multa

337 4475 582 4547 gaudens
624 4491 800 4532 rerum
858 4479 1031 4550 copia.
1082 4479 1150 4534 Et
1184 4481 1412 4550 lignum,
1461 4481 1663 4551 inquit,
1714 4483 1828 4537 vitae
1874 4483 1928 4536 in

339 4569 510 4620 medio
532 4570 776 4636 paradisi,
809 4581 854 4624 et
872 4571 1063 4642 lignum
1078 4573 1145 4625 ad
1159 4572 1418 4627 sciendum
1438 4574 1622 4627 bonum
1646 4585 1692 4628 et
1715 4575 1924 4628 malum.

342 4659 633 4727 Postquam
661 4675 757 4715 nos
783 4661 963 4716 docuit
981 4703 996 4726 ,
1033 4673 1230 4718 terram
1257 4679 1416 4719 omne
1447 4666 1648 4735 lignum
1685 4667 1930 4722 emisisse

341 4750 638 4804 secundum
684 4750 896 4807 Domini
940 4765 1302 4824 praeceptum,
1340 4755 1631 4823 jucundum
1689 4757 1839 4822 visu,
1874 4766 1930 4812 et

345 4840 550 4894 bonum
595 4855 711 4906 esu,
743 4851 868 4896 tunc
908 4843 979 4896 ait
1009 4863 1022 4897 :
1057 4843 1121 4896 Et
1147 4846 1341 4914 lignunt
1388 4845 1500 4898 vita;
1535 4846 1587 4897 in
1628 4846 1793 4899 medio
1836 4863 1933 4914 pa-

343 4931 508 4985 radisi
530 4971 545 4996 ,
568 4942 614 4985 et
638 4933 832 5001 lignum
865 4935 930 4986 ad
956 4935 1214 4988 sciendum
1252 4937 1435 4989 bonum
1465 4945 1510 4990 et
1545 4937 1754 4990 malum.
1800 4939 1931 4992 Cum

349 5025 628 5091 prmiiet
667 5028 810 5081 cnim
838 5028 1096 5098 benignus
1141 5029 1398 5083 Dominus
1418 5071 1432 5096 ,
1457 5039 1644 5100 utpote
1669 5030 1892 5085 Creator
1914 5071 1930 5099 ,

348 5126 734 5171 nocutnentum
779 5132 840 5170 ex
897 5119 1140 5174 libertate
1184 5130 1240 5173 et
1283 5121 1567 5173 securitate
1608 5122 1934 5189 procedente

350 5218 594 5276 tempore
632 5213 915 5270 oriturum,
963 5209 1211 5278 produxit
1254 5209 1450 5278 lignum
1491 5210 1612 5264 vita:
1664 5211 1717 5263 in
1757 5211 1935 5265 medio

351 5298 607 5368 paradisi,
642 5313 846 5351 necnon
883 5298 1079 5368 lignum
1124 5299 1325 5352 sciendi
1375 5300 1575 5352 bonum‘
1617 5308 1671 5353 et
1712 5301 1931 5364 malum,

349 5391 477 5459 quia
504 5403 607 5442 non
635 5389 800 5443 multo
831 5398 950 5459 post
977 5391 1043 5443 ab
1066 5405 1133 5444 eo
1157 5390 1424 5445 abstinere
1449 5390 1692 5458 jussurus
1714 5399 1848 5456 erat,
1881 5403 1938 5444 ut

352 5483 496 5535 scire
545 5491 724 5550 posset
767 5497 826 5536 se
870 5497 934 5537 ex
973 5483 1136 5553 gratia
1183 5492 1237 5538 et
1264 5483 1627 5554 benignitate‘
1665 5484 1770 5538 illis
1809 5483 1938 5538 frui-

366 5581 543 5626 turum
574 5587 714 5637 esse,
744 5587 807 5626 ac
851 5589 910 5628 se
946 5573 1223 5646 Dominum
1252 5583 1305 5627 et
1330 5573 1640 5628 Creatorem
1680 5588 1800 5628 esse
1828 5584 1936 5627 tum

369 5663 510 5716 il.ius
553 5664 883 5729 Mlbalﬂllllat,
917 5673 1025 5718 tum
1061 5666 1297 5719 omnimn
1334 5665 1640 5720 visibilium.
1683 5665 1805 5720 Ideo
1829 5665 1938 5733 jam

429 5841 446 5871 ⁸
483 5845 744 5900 Treanta,
760 5839 1131 5904 magniﬁcentia,
1152 5854 1256 5901 pro,
1281 5840 1580 5900 beniqnitate.

1989 1697 2194 1752 gamus,
2224 1681 2548 1748 insuperque
2573 1677 2734 1730 vitam
2758 1672 3415 1744 diligenteriustituamus,
3447 1679 3501 1722 ut
3526 1675 3580 1722 et

1992 1773 2106 1842 ipsa
2149 1772 2259 1825 vita
2302 1771 2372 1823 sit
2413 1767 2672 1822 doctrina:
2719 1764 2900 1828 testis,
2925 1773 2980 1818 et
3023 1762 3270 1832 dogmata
3317 1760 3431 1828 ipsa
3457 1758 3580 1812 vitae

1995 1864 2153 1918 iidem
2186 1862 2399 1916 faciant.
2429 1860 2560 1914 Nam
2602 1863 2646 1913 si
2670 1846 2938 1928 ‘dogmata
2966 1855 3184 1924 quidem
3221 1864 3364 1907 recta
3397 1859 3581 1905 leneao

1996 1970 2132 2020 mus,
2165 1954 2434 2022 vitamque
2456 1961 2633 2005 tamen
2665 1948 3013 2018 negligamus,
3044 1944 3173 1999 nihil
3197 1943 3246 1998 id
3277 1943 3429 1997 nobis
3460 1956 3582 2010 pro—

1998 2048 2172 2111 derit;
2199 2046 2504 2116 pariterque
2536 2042 2580 2096 si
2613 2041 2734 2094 vita:
2758 2053 2940 2094 curam
2969 2037 3279 2097 habeamus,
3311 2043 3582 2089 rectorum

2001 2149 2180 2195 autem
2204 2138 2509 2219 dogmatum
2548 2134 2767 2189 minime
2787 2173 2805 2202 ,
2836 2129 2968 2185 nihil
2998 2129 3064 2182 ad
3093 2128 3320 2182 salutem
3345 2133 3582 2179 nostram

2003 2231 2129 2286 utile
2156 2215 2349 2284 lucrari
2381 2226 2693 2297 poterimus.
2731 2223 2832 2278 Par
2858 2229 2940 2277 est
2983 2220 3149 2284 enim,
3187 2218 3232 2272 si
3262 2215 3587 2271 voluerimus

2003 2335 2057 2378 et
2086 2339 2113 2376 a
2156 2322 2395 2392 gehenna
2425 2318 2634 2374 liberari
2659 2359 2669 2382 ,
2698 2326 2751 2370 et
2778 2326 2998 2386 regnum
3043 2310 3330 2379 consequi,
3363 2318 3590 2378 utroque

2004 2413 2204 2480 ornari,
2247 2421 2300 2467 et
2330 2410 2477 2466 sanis
2514 2405 2873 2477 dogmatibus,
2902 2413 2956 2457 et
2987 2402 3108 2455 vitae
3145 2414 3293 2454 cura.
3326 2398 3454 2465 Qua:
3482 2396 3590 2450 uti-

2007 2507 2148 2570 litas,
2172 2518 2376 2572 quaeso,
2405 2502 2611 2556 arboris
2633 2497 2884 2568 przealta‘,
2910 2505 2963 2549 et
2992 2492 3133 2548 foliis
3161 2491 3450 2555 vernantis,
3474 2504 3593 2558 quas

2008 2595 2267 2650 fructibus
2295 2607 2461 2646 vacua
2505 2590 2611 2645 sit?
2644 2589 2731 2643 Sic
2759 2595 2811 2641 et
2848 2584 3156 2640 Christiano
3198 2580 3329 2635 nihil
3372 2587 3594 2648 prosunt

2010 2697 2153 2741 recta
2206 2687 2492 2753 dogmata,
2548 2682 2594 2736 si
2641 2681 2765 2734 vita!
2826 2678 3122 2732 institutum
3172 2672 3419 2743 negligat.
3471 2670 3598 2725 Ideo

2009 2777 2256 2833 Christus
2309 2777 2440 2830 tales
2479 2774 2723 2828 homines
2757 2772 2944 2825 beatos
2983 2768 3234 2824 dicebat:
3285 2764 3470 2819 Beatus
3512 2764 3598 2834 qui

2012 2869 2202 2940 fecerit,
2232 2878 2276 2922 et
2299 2867 2523 2921 docuerit
2551 2864 2766 2937 (Matth.
2796 2862 2849 2917 Β.
2881 2861 2995 2934 19).
3026 2861 3157 2915 Nam
3188 2859 3428 2914 doctrina
3463 2872 3598 2927 ope-

2013 2973 2130 3013 rum
2161 2959 2314 3029 longe
2353 2957 2652 3012 accuratior
2691 2964 2746 3009 et
2789 2952 2894 3006 fide
2922 2951 3132 3021 dignior
3159 2959 3243 3005 est
3263 2991 3277 3014 ,
3307 2962 3468 3019 quam
3500 2948 3599 3002 do-

2015 3049 2185 3104 ctrina
2217 3048 2498 3101 verborum
2527 3064 2540 3098 :
2573 3045 2774 3099 ctenim
2799 3043 2888 3110 qui
2917 3042 3056 3096 bene
3098 3040 3234 3108 agit,
3262 3037 3470 3094 etiamsi
3517 3047 3601 3090 ta-

2016 3149 2157 3202 ceat,
2178 3154 2276 3193 nec
2297 3138 2560 3201 videatur,
2591 3136 2870 3189 instituere
2897 3141 3093 3202 potest,
3118 3129 3252 3186 alios
3276 3129 3481 3185 scilicet
3508 3143 3602 3198 per

2017 3233 2358 3300 adsliectum,
2393 3228 2526 3282 alios
2568 3241 2664 3298 per
2692 3240 2883 3290 aures;
2929 3225 3147 3295 ipseque
3189 3222 3355 3277 multa
3398 3222 3490 3276 Dei
3512 3220 3605 3276 be-

2020 3322 2321 3378 ncvolentia
2365 3320 2591 3383 fruetur,
2631 3318 2758 3374 dum
2789 3317 2840 3372 id
2879 3317 3041 3372 el'iicit
3067 3326 3125 3370 ut
3173 3329 3278 3372 non
3307 3311 3467 3369 modo
3509 3327 3606 3383 per

2020 3414 2288 3482 seipsum,
2335 3411 2428 3466 sed
2484 3411 2642 3466 etiam
2689 3424 2784 3478 per
2825 3421 2920 3464 eos
2958 3408 3048 3478 qui
3098 3405 3274 3475 ipsum
3313 3404 3608 3473 respiciunt

2023 3504 2280 3559 Dominus
2323 3517 2451 3556 suus
2491 3501 2811 3556 celebretur.
2850 3498 2948 3564 Qui
3004 3495 3310 3566 huiusmodi
3349 3504 3462 3558 est,
3513 3507 3611 3563 per

2023 3604 2305 3652 sexcentas
2335 3596 2542 3664 linguas
2568 3603 2622 3648 et
2649 3606 2744 3663 per
2783 3592 2946 3646 multa
2979 3605 3073 3644 ora
3110 3590 3309 3659 gratias
3343 3597 3398 3641 et
3425 3586 3611 3640 laudes

2022 3687 2209 3740 oil‘eret
2234 3687 2602 3741 universorum
2629 3686 2758 3738 Deo.
2782 3683 2965 3752 Neque
2990 3682 3133 3736 enim
3157 3680 3269 3734 noti
3289 3679 3460 3733 solum
3487 3677 3612 3730 vit-.e

2026 3778 2166 3831 illius
2191 3785 2378 3843 testes,
2407 3784 2461 3831 et
2487 3775 2634 3830 illum
2666 3784 2720 3828 et
2741 3774 2907 3842 ipsius
2937 3772 3221 3826 Dominum
3253 3770 3609 3829 admirantur,

2025 3866 2120 3922 sed
2146 3867 2308 3921 etiam
2337 3880 2440 3921 non
2471 3865 2584 3920 noti
2611 3864 2677 3919 ab
2706 3864 2826 3918 aliis
2854 3863 3144 3928 discentes,
3172 3870 3280 3914 tum
3308 3860 3396 3928 qui
3431 3857 3613 3926 procul

2028 3957 2304 4022 habitant,
2332 3965 2387 4012 et
2412 3957 2573 4025 longo
2610 3953 2894 4009 intervallo
2930 3952 3102 4006 dissiti
3133 3959 3279 4014 sunt,
3321 3963 3424 4004 non
3457 3947 3613 4001 amici

2029 4049 2209 4113 modo,
2236 4048 2330 4104 sed
2365 4048 2524 4102 etiam
2566 4045 2800 4108 inimici,
2833 4043 3044 4098 virtutis
3083 4040 3428 4097 eminentiam
3458 4053 3616 4094 reve-

2030 4141 2306 4194 rebuntur.
2337 4137 2505 4193 Tanta
2529 4136 2723 4206 quippe
2744 4143 2827 4190 est
2852 4133 2991 4188 illius
3021 4133 3217 4198 virtus,
3244 4137 3302 4184 ut
3327 4130 3486 4184 etiam
3513 4143 3614 4197 0p-

2030 4231 2375 4301 pugnantium
2421 4245 2480 4284 se
2505 4244 2597 4283 ora
2639 4228 2882 4281 obstruat
2913 4233 2969 4279 et
3009 4223 3241 4294 linguam
3287 4231 3612 4290 compescat.

2031 4325 2109 4378 Ac
2138 4319 2583 4392 quemadmodum
2622 4316 2825 4373 solares
2861 4315 3040 4370 radios
3079 4314 3274 4369 inllrmi
3309 4313 3478 4368 oculis
3514 4313 3612 4366 ob-

2034 4413 2170 4469 tueri
2202 4428 2306 4467 non
2335 4411 2557 4476 audent,
2584 4410 2661 4464 sic
2687 4423 2787 4464 nec
2815 4408 3066 4462 virtutem
3098 4420 3347 4474 umquam
3380 4403 3615 4471 nequitia

2032 4505 2239 4560 obtueri
2271 4505 2484 4574 poterit,
2516 4502 2609 4558 sed
2642 4501 2855 4557 recedet
2882 4509 2936 4553 et
2957 4507 3103 4569 terga
3125 4497 3290 4561 dabit,
3319 4497 3618 4562 victamque

2035 4613 2094 4652 se
2123 4598 2389 4651 fatebitur.
2420 4595 2571 4662 Quod
2608 4610 2727 4649 cum
2759 4607 3069 4663 persuasum
3115 4590 3268 4645 nobis
3309 4589 3396 4653 sit,
3434 4587 3616 4642 virtuti

2037 4689 2354 4749 haereamus,
2387 4696 2546 4756 atque
2593 4685 2800 4738 fortiter
2824 4691 2878 4737 ct
2907 4690 3022 4735 tuto
3050 4683 3211 4734 vitam
3246 4680 3617 4738 instituamus,

2037 4787 2090 4832 et
2115 4795 2233 4848 quae
2259 4777 2476 4832 minima
2500 4776 2744 4831 videntur
2773 4783 3012 4845 peccata,
3041 4773 3152 4827 sive
3182 4773 3232 4826 in
3261 4772 3438 4826 verbis
3458 4813 3472 4836 ,
3506 4770 3618 4824 sive

2038 4870 2088 4923 iu
2118 4868 2399 4937 operibus,
2443 4867 2627 4921 scdulo
2667 4865 2913 4921 vitemus.
2941 4867 3030 4920 Sic
3063 4865 3205 4918 enim
3240 4878 3527 4932 numquam
3566 4863 3618 4914 in

2039 4960 2240 5028 majora
2267 4959 2563 5013 incidemus
2583 4999 2596 5021 ,
2637 4958 2732 5011 sia
2764 4957 2938 5025 parvis
2974 4955 3337 5010 abstineamus
3362 4972 3375 5006 :
3405 4969 3469 5007 ac
3501 4969 3620 5022 pro-

2039 5052 2263 5106 cedente
2294 5061 2535 5119 tempore
2555 5049 2867 5118 poterimus,
2897 5062 3128 5116 superna
3171 5046 3380 5100 favente
3414 5047 3618 5114 gratia,

2039 5157 2306 5196 summam
2357 5144 2604 5195 virtutem
2656 5141 2950 5208 attingere.
3005 5138 3334 5192 reconditam
3388 5137 3622 5205 ctlugcre

2042 5249 2253 5302 poenam
2281 5243 2335 5287 et
2375 5239 2573 5286 mterna
2617 5229 2869 5298 consequi
2916 5229 3119 5289 bona’,
3169 5229 3333 5297 gratia
3375 5237 3427 5281 et
3474 5226 3624 5280 beni-

2041 5328 2240 5395 gnitate
2280 5325 2488 5378 Domini
2532 5323 2698 5378 nostri
2740 5322 2863 5377 Jesu
2915 5320 3134 5386 Christi,
3167 5335 3288 5374 cum
3343 5334 3448 5388 quo
3478 5318 3617 5372 Patri

2043 5428 2332 5486 sanctoque
2355 5417 2575 5488 Spiritui
2603 5417 2672 5472 sit
2699 5415 2886 5484 gloria,
2920 5414 3223 5482 imperium,
3254 5411 3447 5476 honor,
3479 5426 3622 5466 nunc

2043 5519 2095 5564 et
2124 5524 2357 5578 semper,
2387 5519 2441 5563 et
2467 5507 2519 5562 in
2546 5506 2738 5561 smcula
2764 5504 3102 5561 szeculorum.
3130 5505 3323 5558 Amen.

2098 5708 2110 5737 '
2151 5713 2254 5754 Post
2276 5706 2363 5756 has
2382 5720 2547 5774 voces,
2573 5711 2794 5774 consequi
2819 5710 2957 5774 bona,
2998 5708 3186 5759 additur
3221 5709 3270 5759 in
3293 5709 3479 5768 Savilio,
3506 5724 3614 5774 qna

2033 5779 2115 5886 333i
2135 5768 2542 5878 colligere
2564 5768 2762 5821 eveniat.
2803 5772 2988 5831 Morel.,
3015 5784 3124 5834 qua:
3145 5783 3227 5822 nos
3249 5783 3409 5822 omnes
3445 5768 3608 5824 emise-
