4152 6480
645 438 732 496 111
1291 430 1347 487 S.
1387 427 1663 486 JOANNIS
1699 421 2172 486 CIlRYSOSTOMI
2213 417 2524 477 ARCHIEI’.
2553 421 3084 484 CONS'I'ANTINOP.

1205 546 1478 600 liOilllJA
1507 545 1643 600 XIV.

648 673 711 726 fit
737 676 928 743 arrepit
955 672 1200 728 Dominus
1233 673 1370 726 Deus
1392 673 1662 736 hominem,
1695 687 1842 743 quem
1871 667 2138 739 formarit,
2168 675 2214 718 et

715 766 881 833 posuit
909 781 1022 817 eum
1065 763 1116 817 in
1147 765 1380 832 paradiso
1420 763 1692 830 voluptatis
1711 803 1726 827 ,
1755 771 1809 816 ut
1837 771 2130 831 operaretur
2167 768 2215 812 et

712 855 983 910 custodiret
1013 855 1156 910 illum
1183 855 1335 925 (Gen.
1359 855 1414 909 2.
1451 857 1562 928 l5).

717 993 768 1044 1.
792 989 1008 1056 lterum,
1034 991 1078 1045 si
1101 991 1277 1053 vultis,
1301 990 1564 1046 hesterna:
1584 989 1854 1044 concionis
1876 989 2031 1044 seriei
2058 988 2218 1044 hodie

649 1080 975 1144 insistentes,
1026 1079 1148 1133 hinc
1186 1080 1336 1135 vobis
1372 1079 1699 1149 spiritualem
1739 1078 2042 1134 doctrinam
2089 1091 2218 1132 con-

648 1178 828 1223 texere
854 1168 1175 1223 curabimus.
1207 1168 1369 1222 Multa
1395 1168 1533 1222 enim
1565 1168 1618 1222 in
1645 1167 1732 1232 iis,
1759 1182 1879 1237 qua:
1912 1165 2072 1220 modo
2095 1176 2218 1220 sunt

651 1258 806 1323 lecta,
846 1259 1118 1312 recondita
1161 1259 1240 1312 vis
1266 1267 1367 1324 cst,
1415 1265 1470 1312 et
1495 1273 1592 1328 par
1633 1267 1715 1312 est
1752 1271 1848 1311 nos
1879 1257 1930 1312 itt
1961 1255 2217 1326 profunda

647 1355 1008 1416 penetrantes,
1053 1354 1211 1416 atque
1237 1353 1482 1401 accurate
1517 1347 1697 1401 omnia
1739 1346 2100 1415 cxplorantes,
2134 1343 2216 1396 lu-

647 1451 797 1490 crum
831 1437 951 1492 inde
981 1437 1284 1505 decerpere.
1319 1435 1449 1490 Nam
1484 1436 1527 1490 si
1558 1435 1592 1490 ii
1618 1437 1707 1507 qui
1742 1437 2000 1504 pretiosos
2022 1434 2220 1504 lapides

649 1523 701 1579 in
760 1526 891 1578 mari
949 1527 1228 1593 exquirere
1288 1527 1540 1596 cupiunt,
1608 1537 1808 1581 tantum
1872 1528 2106 1581 laborem
2169 1535 2224 1580 ct

649 1614 943 1669 molestiam
991 1615 1246 1682 subeunt,
1301 1616 1678 1685 incompositos
1722 1631 1978 1686 aquarum
2033 1614 2223 1669 ﬂuctus

650 1705 935 1771 adeuntes,
978 1715 1034 1760 ut
1071 1708 1267 1776 optatis
1320 1708 1586 1778 potiantur
1634 1724 1649 1761 :
1696 1708 1862 1761 multo
1910 1707 2075 1775 magis
2125 1721 2222 1760 nos

650 1797 884 1850 animum
929 1795 1202 1850 intendere
1245 1812 1341 1867 par
1370 1806 1485 1860 est,
1523 1806 1581 1850 ut
1613 1796 1945 1866 perlustratis
2003 1796 2067 1849 iis
2104 1809 2224 1864 qua:

654 1884 707 1939 in
760 1884 1022 1953 profundo
1059 1885 1318 1940 dictorum
1349 1886 1531 1952 latent,
1577 1887 1655 1940 sic
1684 1885 1946 1955 pretiosos
1993 1885 2112 1939 illos
2150 1885 2222 1937 la-

651 1977 800 2044 pides
827 1978 1219 2032 nanciscamur.
1248 1977 1352 2032 Sed
1380 1993 1448 2033 ne
1470 1979 1676 2042 timeas,
1702 1978 1916 2042 dilecte,
1945 1993 2066 2032 cum
2095 1991 2223 2046 pro-

653 2063 872 2120 fundum
902 2065 1077 2120 audis.
1098 2065 1215 2121 Non
1244 2068 1386 2121 enim
1413 2066 1501 2122 hic
1529 2067 1756 2136 impetus
1784 2077 1865 2122 est
1886 2067 2222 2122 aestuantium

652 2155 936 2222 undarum,
966 2156 1060 2211 sed
1103 2150 1524 2226 Spiritns‘gratia
1575 2167 1805 2212 mentem
1844 2166 2079 2212 nostram
2108 2157 2224 2210 illu-

654 2253 851 2310 strans,
903 2259 1022 2314 qua
1066 2244 1120 2299 id
1167 2254 1405 2314 prestat,
1458 2253 1516 2300 ut
1565 2247 1783 2315 quasita
1837 2247 2039 2300 facilius
2079 2246 2226 2299 inve-

653 2333 898 2397 niantur,
929 2342 984 2387 et
1009 2333 1244 2388 laborem
1276 2348 1486 2388 omnem
1518 2334 1687 2388 levem
1718 2332 1900 2389 emcit.
1929 2333 2049 2388 illos
2079 2341 2225 2388 certe

656 2419 863 2489 lapillos
889 2422 1154 2475 invenisse
1173 2430 1497 2476 scrutantem
1522 2435 1626 2476 non
1648 2422 1869 2476 multum
1893 2423 2062 2491 juvat,
2081 2436 2222 2490 stupe

652 2520 832 2566 autem
853 2513 900 2566 ei
931 2513 1112 2568 nocuit
1131 2522 1187 2568 et
1214 2514 1357 2568 mille
1380 2513 1772 2583 naufragiorum
1799 2529 1958 2570 causa
1987 2515 2100 2579 fuit,
2125 2527 2224 2568 nec

653 2609 854 2655 tantam
887 2604 1172 2671 reperienti
1198 2603 1434 2658 laztitiam
1463 2606 1690 2674 peperit,
1719 2614 1969 2675 quantam
2000 2605 2225 2675 repertis

656 2690 760 2746 illis
788 2693 1083 2746 molestiam
1111 2702 1359 2761 expertus
1383 2702 1484 2758 est,
1510 2693 1807 2748 invidorum
1833 2709 2026 2763 nempe
2053 2693 2224 2748 oculis

655 2782 936 2836 adversum
969 2795 1029 2836 se
1055 2783 1356 2850 concitatis,
1388 2793 1442 2838 et
1468 2784 1643 2838 avaris
1671 2784 1738 2838 ad
1765 2782 1962 2839 bellum
1998 2783 2098 2839 sibi
2140 2785 2224 2837 in-

654 2871 928 2926 ferendum
958 2874 1194 2930 armatis.
1217 2873 1291 2928 Ita
1319 2891 1424 2930 non
1457 2875 1616 2931 modo
1642 2877 1840 2931 nullam
1870 2878 2146 2932 utilitatem
2171 2878 2224 2930 in

657 2961 819 3018 vitam
846 2963 1100 3018 inducunt
1128 2967 1324 3034 reperti
1353 2967 1424 3020 illi
1454 2967 1683 3036 lapides;
1711 2968 1805 3022 sed
1831 2969 1991 3023 etiam
2031 2967 2226 3022 multo.

653 3065 770 3106 runt
798 3063 918 3107 sunt
952 3069 1108 3108 causa
1147 3055 1430 3110 bellorum.
1459 3057 1708 3111 Avaritiae
1735 3072 1963 3126 namque
2005 3059 2224 3111 materia

653 3152 758 3210 est,
804 3154 858 3198 et
899 3146 1166 3199 caminum
1212 3147 1514 3215 cupiditatis
1559 3146 1868 3212 incendens,
1909 3164 2090 3214 eorum
2139 3147 2226 3216 qui

658 3232 757 3301 ipsi
805 3232 968 3288 dediti
1008 3249 1131 3288 sunt
1177 3237 1412 3288 animum
1443 3247 1736 3306 oppugnat.
1765 3236 1822 3292 In
1867 3239 2229 3308 spiritualihus

657 3331 842 3374 contra
874 3321 1018 3376 hisce
1058 3323 1304 3390 pretiosis
1335 3325 1597 3393 lapidibus
1627 3325 1756 3380 nihil
1786 3325 2088 3396 hujusmodi
2121 3343 2231 3380 me-

656 3412 935 3478 tuendum,
962 3413 1056 3468 sed
1083 3413 1279 3468 divitia:
1307 3414 1430 3470 hinc
1445 3415 1684 3471 collectas
1715 3419 1988 3472 immensa:
2013 3428 2156 3483 sunt,
2177 3428 2231 3471 et

657 3502 909 3576 voluptas
955 3504 1442 3572 immarcescibilis,
1494 3515 1548 3561 et
1604 3507 1763 3578 longo
1815 3509 2088 3562 intervallo
2141 3523 2231 3562 su-

658 3609 851 3664 perans
872 3611 1085 3649 omnem
1115 3597 1349 3651 ltetitiam
1373 3596 1646 3653 hominum
1674 3615 1738 3654 ex
1770 3601 2085 3670 supradictis
2106 3617 2228 3670 par-

658 3694 788 3737 tam.
820 3684 929 3737 lloc
953 3684 1136 3739 audias
1161 3685 1374 3740 beatum
1407 3687 1655 3742 Davidem
1681 3689 1946 3744 dicentem
1975 3709 1987 3743 :
2015 3689 2228 3743 Deside—

663 3774 844 3828 rabilia
870 3775 1078 3844 eloquia
1109 3785 1196 3829 tua
1222 3792 1374 3845 super
1408 3793 1587 3830 aurum
1627 3787 1674 3830 et
1703 3779 1922 3846 lapidem
1963 3781 2231 3846 pretiosum

660 3867 870 3920 multum
898 3865 1066 3935 (Psal.
1095 3868 1178 3921 18.
1205 3869 1317 3937 11).
1339 3867 1629 3937 Viden‘quo
1646 3881 1802 3938 pacto
1821 3870 2094 3924 materiam
2120 3885 2234 3923 om-

662 3956 810 4011 ttium
852 3957 1285 4024 pretiosissimam
1331 3957 1558 4011 habitam
1591 3958 1641 4010 in
1677 3959 1906 4012 medium
1945 3959 2231 4021 adducens,

661 4059 770 4100 non
796 4045 955 4099 modo
986 4045 1073 4098 tali
1109 4047 1502 4114 comparatione
1539 4057 1821 4100 contentus
1856 4062 1960 4101 non
2001 4057 2114 4110 est;
2143 4047 2235 4100 sed

661 4134 872 4203 adjecit,
904 4133 1140 4198 Multum,
1173 4151 1278 4204 quo
1322 4135 1482 4189 verbo
1525 4136 1677 4190 nobis
1720 4137 1835 4206 ejus
1875 4138 2233 4206 prastautiam

663 4225 990 4278 declaravit?
1018 4225 1184 4293 Super
1208 4242 1409 4288 aurum,
1435 4227 1619 4296 inquit,
1651 4239 1697 4280 et
1718 4229 1936 4298 lapidem
1963 4231 2236 4296 pretiosum

666 4316 880 4367 multum
907 4331 926 4368 :
955 4328 1058 4369 non
1088 4314 1225 4384 quod
1255 4324 1395 4368 tanta
1425 4316 1595 4370 solum
1640 4319 1842 4372 ratione
1867 4318 2234 4372 desiderabilia

665 4405 776 4458 sint
815 4402 990 4457 divina
1037 4404 1277 4473 eloquia,
1311 4406 1402 4458 sed
1447 4405 1569 4474 quia
1610 4405 1751 4460 solas
1795 4405 1950 4461 hasce
1991 4407 2237 4461 materias

671 4493 810 4560 apud
841 4491 1081 4548 homines
1111 4495 1270 4548 sciret
1297 4495 1348 4548 in
1379 4509 1585 4548 summo
1615 4494 1796 4550 haberi
1840 4497 2030 4565 pretio,
2075 4497 2153 4550 his
2184 4499 2236 4550 in

672 4583 901 4638 ntedium
932 4583 1170 4638 adductis
1200 4586 1266 4638 ita
1299 4585 1706 4651 prmccllentiam
1748 4585 1998 4640 indicavit
2018 4628 2031 4648 ,
2063 4596 2116 4641 et
2138 4585 2232 4639 de-

669 4675 919 4730 siderium
945 4677 1272 4745 eloquiorum
1298 4677 1521 4744 Spiritus
1549 4678 1912 4733 vehementius
1938 4694 2056 4732 esse
2083 4679 2234 4731 dixit.

673 4761 741 4817 Et
759 4773 814 4817 ut
831 4763 1048 4818 discatis
1075 4764 1214 4819 hunc
1245 4780 1456 4834 semper
1484 4780 1603 4820 esse
1623 4781 1822 4820 morem
1844 4767 2127 4836 Scriptura:
2153 4768 2236 4820 (Ιὶ-

671 4853 807 4906 vinze
823 4853 1178 4923 spiritualibus
1200 4854 1355 4909 rebus
1379 4855 1622 4909 conferre
1641 4871 1757 4910 eam
1778 4872 1896 4923 qua:
1919 4859 2038 4912 inde
2061 4868 2237 4911 manat

681 4941 980 5007 utilitatem,
1012 4953 1065 4997 et
1086 4944 1161 4996 sic
1183 4945 1592 5012 prrccellentiam
1621 4946 1920 5011 ostendere,
1955 4947 2129 5001 audite
2155 4961 2237 5000 se-

669 5033 884 5099 quentia
912 5051 923 5085 :
948 5031 1012 5086 Et
1037 5034 1265 5107 dulciora
1289 5051 1439 5103 super
1453 5036 1550 5088 mel
1559 5046 1604 5089 et
1633 5036 1820 5104 favum.
1856 5037 1919 5090 Et
1937 5037 2019 5092 hic
2031 5052 2238 5107 quoque

675 5137 779 5176 non
807 5121 945 5191 quod
967 5130 1114 5176 tanto
1139 5123 1312 5178 solum
1335 5125 1566 5181 dulciora
1595 5128 1730 5193 sint,
1760 5143 1855 5183 nec
1877 5129 2015 5198 quod
2039 5139 2236 5184 tantam

675 5215 877 5280 possint
900 5229 1086 5282 parere
1129 5216 1448 5285 voluptatem
1471 5258 1486 5278 ,
1518 5217 1610 5272 sed
1638 5222 1758 5288 quia
1807 5219 1936 5274 nihil
1978 5221 2158 5287 habuit
2188 5225 2237 5275 in

675 5307 832 5359 rebus
860 5306 1158 5371 sensilibus,
1189 5307 1326 5376 quod
1371 5307 1612 5362 conferre
1650 5320 1827 5378 posset
1867 5312 2118 5380 voluptati
2161 5313 2239 5366 di-

643 5398 918 5450 xvinorum
949 5397 1277 5466 eloquiorum
1301 5417 1312 5450 :
1336 5399 1530 5453 idcirco
1559 5399 1642 5454 his
1667 5404 1987 5464 memoratis,
2019 5403 2094 5457 sic
2125 5404 2239 5456 illo-

678 5501 795 5540 rum
823 5487 1160 5541 eminentiam
1191 5488 1499 5555 descripsit,
1524 5505 1586 5544 ac
1616 5490 1908 5544 divinorum
1935 5494 2236 5563 dogmatum

680 5578 999 5646 voluptatem
1041 5579 1292 5647 majorem
1331 5593 1448 5632 esse
1497 5579 1645 5633 dixit.
1689 5582 1887 5634 Eadem
1931 5597 2111 5635 norma
2163 5585 2242 5636 in-

677 5669 858 5721 venies
868 5667 1128 5723 Christum
1145 5668 1196 5721 in
1210 5668 1494 5738 evangeliis
1510 5685 1677 5723 usmn.
1694 5669 1823 5724 Nam
1839 5687 1957 5724 cum
1969 5672 2238 5742 discipulis

678 5757 996 5825 ioqurrelttr,
1029 5759 1358 5826 cupientibus
1394 5759 1874 5828 interpretationem
1909 5758 2114 5817 discere
2150 5779 2238 5832 pa-

2321 532 2516 589 rabolae
2543 535 2852 590 seminantis
2882 537 3078 591 bonum
3108 550 3290 592 semen
3322 536 3374 591 in
3401 550 3530 608 agro
3554 550 3686 604 suo,
3714 547 3770 593 et
3796 538 3894 593 ini-

2319 622 2440 675 mici
2461 623 2658 676 aizania
2683 623 2822 679 inter
2847 625 3078 680 triticum
3101 624 3372 693 jacieutis,
3397 627 3698 680 minutatim
3729 634 3895 680 totam

2319 713 2598 783 explicavit
2623 713 2948 784 parabolam,
2978 714 3161 769 dicens
3185 714 3304 782 quis
3329 712 3491 768 fuerit
3511 713 3555 778 is
3582 714 3672 783 qui
3697 713 3897 769 bonum

2320 817 2501 858 semen
2544 804 2858 869 seminavit,
2885 806 3006 876 quis
3032 819 3188 876 ager,
3229 821 3348 876 qua:
3398 803 3629 872 zizania,
3673 806 3792 876 quis
3834 819 3899 860 ea

2321 895 2680 960 seminaverit,
2709 895 2800 964 qui
2829 910 3116 962 messores,
3137 911 3260 967 qua:
3280 897 3503 952 messis:
3532 908 3590 952 et
3616 908 3900 968 postquam

2321 983 2497 1037 omnia
2541 985 2621 1038 eis
2662 986 2833 1054 palam
2877 986 3108 1050 fecisset,
3159 995 3285 1042 tunc
3319 986 3396 1043 ait
3427 1005 3440 1042 :
3470 988 3609 1042 Iusti
3637 987 3902 1060 fulgebunt

2321 1076 2450 1128 sicut
2477 1075 2556 1130 sol
2581 1077 2633 1130 in
2657 1093 2809 1148 regno
2838 1076 3008 1133 Patris
3035 1095 3208 1133 eorum
3246 1079 3463 1148 (lauit.
3508 1080 3592 1136 l3.
3619 1080 3710 1150 43)
3741 1097 3756 1133 :
3790 1095 3900 1134 nux

2323 1165 2463 1232 quod
2486 1179 2665 1233 parem
2699 1177 2900 1222 tantum
2929 1167 3186 1237 fulgorem
3218 1169 3448 1224 habituri
3475 1171 3583 1224 sint
3612 1170 3774 1238 justi,
3800 1169 3900 1223 sed

2323 1253 2557 1308 ostendit
2598 1257 2766 1310 multo
2796 1257 3052 1327 majorem
3098 1273 3256 1313 esse:
3291 1269 3494 1313 tantum
3529 1267 3705 1314 autem
3731 1259 3900 1320 dixit.

2323 1343 2463 1410 quod
2512 1343 2680 1412 major
2731 1342 2832 1399 hac
2879 1345 3054 1415 imago
3100 1347 3151 1400 in
3195 1348 3490 1403 visibilibus
3529 1348 3749 1418 reperiri
3791 1363 3900 1402 non

2326 1443 2525 1500 posset.
2547 1433 2678 1487 Cum
2711 1434 2871 1504 igitur
2892 1435 3018 1505 quid
3052 1436 3228 1491 simile
3253 1439 3523 1502 audimus,
3555 1451 3622 1492 ne
3657 1437 3709 1490 in
3744 1437 3905 1491 dictis

2329 1535 2531 1579 tantum
2560 1526 2810 1580 sistamus
2827 1527 3071 1596 gradum,
3097 1529 3189 1582 sed
3217 1545 3279 1582 ex
3305 1530 3387 1592 iis,
3412 1545 3529 1599 quas
3557 1531 3658 1583 sub
3685 1543 3904 1583 sensum

2325 1625 2379 1667 et
2419 1615 2518 1668 sub
2567 1625 2842 1684 aspectum
2886 1615 3110 1682 cadunt,
3158 1617 3509 1686 spiritualium
3555 1618 3903 1672 eminentiam

2325 1707 2668 1760 :estimemus.
2697 1705 3134 1777 Quandoquidem
3188 1708 3346 1777 igitur
3398 1709 3482 1762 hic
3534 1707 3905 1763 vehementius

2324 1796 2646 1852 desiderium
2679 1797 2903 1852 inveniri
2945 1807 3120 1867 potest
3159 1799 3356 1868 (divina
3395 1799 3654 1868 siquidem
3696 1807 3819 1852 sunt
3847 1807 3905 1852 et

2326 1887 2616 1954 spiritualia
2657 1886 2892 1956 eloquia,
2921 1902 3038 1957 qua:
3087 1902 3332 1956 magnam
3377 1889 3581 1956 possint
3626 1887 3680 1941 in
3722 1887 3904 1940 animo

2328 1989 2512 2045 parere
2551 1975 2879 2044 spiritualem
2921 1976 3205 2052 laetitiam),
3249 1991 3368 2032 cum
3410 1975 3587 2030 studio
3633 1975 3801 2029 multo
3839 1989 3905 2028 ac

2327 2065 2626 2118 vehementi
2648 2064 2913 2120 desiderio
2937 2064 3090 2119 dictis
3111 2079 3268 2120 aures
3295 2064 3645 2134 prabeamus,
3674 2072 3730 2118 ut
3751 2076 3906 2117 veras

2327 2154 2545 2208 divitias
2574 2153 2697 2208 inde
2722 2155 2883 2218 nacti,
2917 2163 2971 2208 et
2996 2154 3064 2209 ad
3102 2169 3220 2208 eam
3251 2169 3371 2224 qua
3395 2151 3690 2208 secundum
3734 2153 3902 2206 Deum

2326 2254 2408 2300 est
2437 2245 2826 2315 philosophiam
2849 2247 3028 2302 multis
3055 2248 3315 2317 susceptis
3337 2247 3630 2303 seminibus
3647 2287 3664 2314 ,
3703 2247 3782 2300 sic
3803 2246 3904 2300 do-

2327 2351 2470 2391 mum
2499 2347 2846 2393 l'BVCﬂIlDIIl’.

2395 2431 2450 2484 2.
2492 2429 2782 2485 Audiamus
2807 2430 2964 2499 igitur
2991 2443 3112 2500 qua:
3141 2428 3299 2484 hodie
3324 2428 3456 2484 lecta
3477 2425 3584 2482 sint
3607 2443 3620 2480 :
3653 2425 3749 2482 sed
3776 2427 3898 2480 ani-

2327 2518 2472 2576 mum
2501 2519 2769 2581 adhibete.
2808 2526 2863 2573 et
2889 2534 3110 2574 excussa
3155 2518 3367 2586 ignavia
3386 2533 3620 2587 curaque
3663 2516 3905 2572 seculari

2329 2609 2496 2675 omni,
2526 2609 2602 2664 sic
2628 2608 2782 2662 dictis
2801 2608 3060 2664 attendite
3088 2626 3102 2662 :
3133 2608 3325 2664 divina:
3351 2623 3580 2678 namque
3609 2607 3757 2677 leges
3781 2616 3910 2661 sunt

2329 2713 2394 2752 ex
2441 2698 2586 2752 cmlis
2613 2699 2683 2751 ob
2710 2697 2930 2751 salutem
2963 2707 3198 2753 nostram
3229 2699 3492 2753 demissas.
3525 2697 3654 2752 Nam
3684 2697 3752 2762 si,
3782 2711 3908 2751 cum

2329 2787 2682 2856 imperatoria:
2725 2785 2893 2840 literae
2932 2787 3196 2857 leguntur,
3226 2803 3472 2856 maguum
3498 2785 3692 2857 ubique
3718 2797 3801 2843 est
3832 2787 3909 2840 si-

2331 2876 2547 2931 lentium
2568 2916 2584 2942 ,
2613 2884 2666 2930 et
2703 2877 2878 2930 omnis
2915 2877 3168 2931 tumultus
3197 2877 3553 2946 strepitusque
3580 2874 3908 2940 eliminatur,

2330 2962 2576 3017 omnibus
2615 2978 2774 3017 aures
2819 2963 3204 3034 arrigentibus,
3251 2976 3306 3018 et
3345 2963 3528 3017 audire
3575 2963 3912 3033 cupientibus

2331 3055 2456 3124 quid
2492 3055 2848 3124 imperatoria:
2888 3054 3055 3108 litera:
3079 3054 3374 3117 declarent,
3403 3062 3458 3108 et
3486 3069 3733 3124 magnum
3761 3054 3910 3123 peri-

2330 3145 2507 3198 culum
2546 3145 2699 3199 adest
2744 3145 2828 3198 vel
2861 3145 3118 3198 tantillum
3167 3144 3546 3210 tumultuanti,
3576 3155 3630 3199 et
3669 3145 3912 3199 lectionis

2330 3235 2524 3288 seriem
2555 3233 2923 3288 interturbanti
2953 3252 2967 3288 :
2997 3233 3163 3287 multo
3187 3233 3354 3303 magis
3380 3233 3466 3288 hic
3488 3249 3610 3289 cum
3638 3235 3826 3288 timore
3855 3241 3914 3287 et

2334 3333 2566 3378 tremore
2607 3325 2942 3387 adstandum,
2972 3333 3026 3379 et
3049 3325 3212 3378 altum
3241 3325 3542 3379 habendum
3573 3325 3840 3380 silentium
3867 3328 3908 3388 ',

2332 3414 2816 3483 cogitationumque
2839 3413 3092 3468 tumultus
3111 3413 3371 3469 arcendus
3390 3433 3405 3479 ;
3438 3426 3496 3468 ut
3521 3430 3640 3484 qua:
3653 3413 3914 3469 dicuntur

2335 3504 2627 3572 intelligere
2655 3504 2902 3574 possitis,
2936 3514 2989 3558 et
3029 3515 3085 3558 ut
3118 3504 3520 3573 obsequentiam
3550 3513 3779 3559 vestram
3809 3519 3910 3572 ap-

2336 3593 2564 3663 probatis
2591 3592 2701 3648 Rex
2730 3593 2982 3646 caslorum
3004 3633 3019 3659 ,
3048 3593 3338 3662 majoribus
3372 3608 3468 3647 vos
3494 3592 3798 3647 muneribus
3824 3592 3912 3647 di-

2333 3691 2546 3751 gnetur.
2578 3681 2860 3737 Videamus
2886 3683 3043 3752 igitur
3063 3683 3186 3752 quid
3218 3699 3316 3737 nos
3343 3699 3481 3737 nunc
3507 3683 3694 3738 doceat
3724 3684 3910 3738 beatus

2333 3773 2576 3844 Moyses,
2617 3787 2721 3827 non
2754 3775 2964 3842 propria
3011 3782 3214 3828 tantum
3248 3773 3454 3840 lingua,
3487 3772 3579 3827 sed
3621 3782 3674 3827 et
3711 3770 3912 3840 Spiritu

2336 3876 2520 3920 sancto
2548 3866 2759 3920 amatus
2785 3868 2898 3920 haec
2941 3866 3184 3936 loquens.
3215 3867 3301 3920 15.
3335 3865 3398 3918 Et
3435 3865 3624 3932 accepit
3648 3906 3663 3930 ,
3708 3865 3910 3932 inquit,

2339 3957 2587 4011 Dominus
2620 3957 2753 4010 Deus
2793 3958 3062 4018 hominem,
3090 3973 3236 4026 quens
3267 3956 3519 4026 formavit.
3551 3955 3693 4009 Bene
3733 3954 3914 4008 statim

2337 4063 2368 4101 a
2399 4049 2651 4116 principio
2677 4050 2789 4101 lure
2813 4048 2918 4101 duo
2943 4049 3115 4117 posuit
3143 4065 3156 4098 :
3182 4062 3283 4100 non
3305 4047 3446 4100 enim
3467 4046 3614 4108 dixit,
3640 4043 3912 4108 Dominus,

2340 4147 2394 4193 et
2420 4141 2620 4202 tacuit,
2648 4137 2740 4192 sed
2768 4139 2965 4192 addidit
2995 4137 3169 4200 Deus;
3201 4138 3284 4189 hic
3313 4135 3508 4206 aliquid
3537 4136 3708 4188 latens
3734 4142 3788 4187 et
3821 4148 3916 4186 oc-

2341 4229 2536 4284 cultum
2565 4229 2717 4282 nobis
2752 4228 3006 4292 indicans,
3048 4237 3102 4281 ut
3129 4227 3421 4290 discamus,
3454 4226 3565 4279 sive
3594 4222 3867 4278 Dominum
3894 4264 3913 4290 ,

2341 4322 2453 4375 sive
2484 4322 2648 4375 Deum
2681 4320 2956 4373 audiamus
2975 4361 2991 4385 ,
3025 4319 3226 4372 nullum
3253 4333 3372 4371 esse
3403 4319 3539 4371 inter
3562 4316 3673 4370 haec
3702 4315 3916 4368 nomina

2340 4411 2649 4465 discrimen.
2676 4409 2786 4463 lloc
2814 4420 2988 4462 autem
3020 4423 3123 4461 non
3154 4409 3268 4460 sine
3295 4421 3453 4461 causa
3482 4404 3925 4469 commemoravi;

2341 4501 2434 4555 sed
2456 4511 2513 4554 ut
2537 4515 2658 4553 cum
2684 4499 2912 4554 audieris
2933 4498 3150 4552 Paulum
3174 4497 3462 4560 dicentem,
3489 4494 3631 4550 Unus
3652 4493 3787 4546 Deus
3806 4493 3916 4545 Pa-

2344 4603 2434 4656 ter,
2463 4606 2524 4644 ex
2551 4607 2648 4660 quo
2677 4590 2866 4654 omnia,
2899 4599 2945 4644 et
2970 4604 3098 4641 unus
3123 4586 3365 4641 Dominus
3384 4585 3536 4638 Jesus
3555 4582 3803 4642 Christus,
3829 4599 3919 4650 per

2343 4699 2484 4749 quem
2513 4683 2682 4734 omnia
2725 4681 2812 4750 (1.
2842 4678 2959 4733 Cor.
2990 4681 3041 4735 8.
3071 4679 3104 4734 6
3126 4679 3144 4748 )
3164 4717 3180 4742 ,
3209 4692 3276 4732 ne
3305 4687 3457 4745 putes
3485 4674 3834 4728 differentiam
3863 4674 3915 4724 in

2344 4772 2560 4826 vocibus
2585 4786 2704 4824 eSse
2723 4811 2738 4835 ,
2766 4781 2817 4823 et
2845 4771 3066 4824 alteram
3093 4768 3282 4835 majus,
3311 4766 3531 4818 alteram
3567 4763 3742 4817 minus
3766 4761 3922 4827 quid.

2346 4865 2481 4932 piam
2528 4860 2846 4931 significare.
2891 4860 3013 4914 Ideo
3042 4856 3497 4911 lndiscriminatim
3537 4854 3805 4922 Scriptura
3835 4851 3918 4904 his

2347 4957 2510 5007 utitur
2535 4952 2853 5012 nominibus,
2885 4959 2940 5002 ut
2968 4947 3313 5002 contentiosis
3353 4960 3456 4998 non
3497 4943 3650 4997 liceat
3680 4941 3730 4996 id
3773 4941 3912 5009 quod

2347 5046 2444 5116 ipsi
2471 5046 2942 5100 comminiscuntur
2976 5040 3110 5093 inter
3141 5048 3284 5092 recta
3315 5037 3559 5105 dogmata
3596 5033 3814 5087 referre.
3848 5031 3915 5085 Et

2347 5150 2404 5193 ut
2446 5138 2620 5192 discas
2661 5136 2890 5189 divinam
2931 5133 3256 5201 Seripturam
3294 5137 3539 5183 neutrum
3569 5128 3756 5180 horum
3786 5139 3913 5192 qna-

2346 5233 2466 5284 dam
2489 5219 2733 5284 distincta
2765 5225 3148 5294 signiﬁcatione
3185 5229 3390 5274 servata
3415 5219 3682 5288 proferre,
3714 5231 3778 5268 ex
3814 5214 3915 5267 hoc

2349 5325 2463 5391 ipso
2503 5320 2642 5390 quod
2684 5317 2878 5371 dicitur
2920 5315 3198 5384 diligenter
3239 5309 3512 5363 considera
3557 5326 3569 5361 :
3605 5304 3668 5358 Et
3702 5305 3910 5372 accepit,

2349 5414 2546 5480 inquit,
2595 5408 2843 5462 Dominus
2885 5405 3035 5457 Deus.
3082 5404 3153 5456 De
3200 5417 3305 5470 quo
3345 5400 3452 5451 vult
3492 5395 3770 5450 hil‘l‘CliCﬂS
3797 5408 3913 5447 esse

2347 5502 2595 5556 dictum?
2666 5499 2739 5551 De
2810 5498 2961 5550 Patre
3027 5493 3242 5546 solum?
3309 5490 3453 5544 Esto.
3534 5486 3662 5540 Audi
3741 5485 3912 5550 itaque

2351 5593 2566 5647 Paulum
2623 5590 2883 5643 dicentem
2941 5604 2952 5636 :
3017 5582 3158 5637 Unus
3228 5582 3364 5635 Deus
3435 5579 3623 5642 Pater,
3694 5593 3752 5629 ea
3808 5591 3907 5643 qua

2414 5771 2427 5799 ³
2464 5764 2646 5824 Morel,
2670 5769 2714 5812 et
2736 5774 2908 5826 magna
2932 5759 3149 5809 habenda
3174 5755 3434 5819 diligentia.
