4152 6478
189 405 282 464 "8

186 519 374 583 omnia,
423 528 472 574 et
525 537 658 576 unus
702 518 949 575 Dominus
991 517 1142 574 Iesus
1184 518 1436 586 Christus,
1488 536 1578 588 per
1621 536 1768 591 quem

188 610 370 663 omnia.
418 609 556 665 Vide
583 610 851 680 quomodo
893 625 1107 674 nomen,
1150 609 1417 675 Dominus,
1460 610 1595 665 Filio
1619 611 1770 664 attri-

189 694 308 752 buat
331 699 356 750 γ
381 698 498 752 Cur
523 713 652 769 ergo
673 699 852 754 dicant
871 713 1083 765 nomen,
1117 697 1381 763 Dominus,
1413 699 1627 768 majoris
1650 713 1770 754 esse

186 788 460 858 dignitatis
505 805 664 859 quam
711 789 860 853 illud,
902 789 1084 843 Deus?
1127 787 1312 842 Videte
1351 803 1511 857 quam
1555 789 1626 841 sit
1669 787 1772 840 hoc

195 877 511 944 absurdum,
537 887 593 933 et
613 889 808 949 quanta
834 878 1176 947 blasphemiae
1202 877 1453 946 gravitas.
1476 877 1607 930 Cum
1627 875 1770 928 enim

187 967 306 1034 quis
345 967 581 1022 noluerit
617 967 810 1023 divinze
848 966 1137 1035 Scriptura
1182 978 1422 1018 normam
1470 961 1642 1031 sequi,
1675 960 1770 1015 sed

190 1057 301 1112 suis
337 1058 638 1113 ratiociniis
685 1058 859 1112 locum
912 1056 1042 1111 dare
1081 1053 1500 1125 presumpserit,
1554 1066 1770 1106 sensmn

191 1145 408 1203 turbare
427 1148 590 1214 solet,
615 1158 670 1202 et
696 1148 929 1203 infinitas
953 1146 1324 1200 contentiones
1346 1143 1775 1213 quaestionesque

193 1246 373 1293 movet
397 1238 658 1294 adversus
685 1236 1214 1316 sanam‘doctrinam.
1246 1232 1316 1287 Et
1339 1232 1550 1301 accepit,
1581 1232 1771 1300 inquit,

194 1325 448 1381 Dominus
470 1325 609 1382 Deus
629 1327 900 1392 hominem,
920 1340 1067 1396 quem
1088 1323 1340 1396 formarit,
1364 1331 1413 1376 et
1438 1321 1604 1392 posuit
1630 1319 1776 1373 illum

193 1417 246 1469 in
261 1418 508 1486 paradiso
527 1419 817 1486 uoluptatis,
842 1425 900 1471 ut
923 1425 1216 1486 operaretur
1239 1423 1286 1470 et
1315 1413 1587 1468 custodiret
1605 1411 1772 1466 illum.

195 1503 327 1560 Vide
369 1515 625 1575 quantam
666 1505 829 1560 creati
870 1503 1098 1559 hominis
1142 1501 1526 1574 providentiam
1561 1499 1772 1555 haheat.

197 1595 486 1667 Postquam
516 1597 657 1651 enim
707 1595 823 1650 heri
864 1609 962 1650 nos
994 1593 1176 1649 docuit
1209 1592 1396 1648 beatus
1442 1590 1651 1660 Moyses
1693 1588 1776 1645 his

194 1685 412 1740 verbis:
445 1681 702 1739 Pluntasit
729 1684 866 1738 Deus
886 1683 1199 1753 paradisum,
1225 1689 1272 1736 et
1299 1680 1464 1750 posuit
1485 1679 1591 1732 illic
1613 1678 1779 1732 homi-

194 1790 310 1829 nem
339 1789 360 1829 :
388 1775 444 1830 id
489 1783 594 1840 est,
641 1773 813 1829 voluit
845 1783 901 1828 ut
952 1773 1025 1828 ibi
1063 1772 1391 1828 domicilium
1441 1769 1682 1836 haberet,
1723 1779 1779 1824 et

196 1864 431 1935 paradisi
457 1865 661 1921 deliciis
689 1865 952 1920 frueretur
977 1882 993 1919 :
1021 1863 1179 1919 hodie
1206 1864 1398 1919 iterum
1419 1861 1653 1917 declarat
1676 1874 1780 1916 no-

198 1957 281 2010 bis
309 1953 634 2011 ineﬂabilem
663 1956 757 2010 Dei
784 1955 1142 2019 clementiam,
1168 1968 1328 2025 quam
1348 1953 1491 2008 circa
1511 1952 1659 2008 illum
1684 1966 1780 2007 ex-

196 2042 365 2107 hibet,
393 2052 449 2099 et
476 2057 756 2099 resumens
783 2057 1090 2099 sermonem
1117 2043 1192 2097 ait
1221 2060 1236 2098 :
1267 2041 1338 2097 Et
1378 2041 1573 2111 accepit
1601 2037 1780 2094 Domi-

194 2150 293 2188 nus
318 2131 465 2187 Deus
507 2133 776 2198 hominm,
806 2149 952 2204 quem
979 2133 1236 2203 formavit,
1289 2140 1336 2185 et
1379 2129 1543 2201 posuit
1569 2145 1684 2184 eum
1724 2128 1779 2182 in

196 2222 444 2290 paradiso
467 2221 738 2292 uoluptatis
753 2237 774 2286 ;
802 2235 909 2276 non
934 2219 999 2274 In
1029 2221 1269 2290 paradiso
1295 2219 1465 2274 solum
1496 2217 1648 2282 dixit,
1681 2217 1782 2272 sed

194 2312 428 2380 addidit,
466 2311 772 2382 Voluptatis,
815 2323 876 2368 ut
912 2314 1200 2383 ingentem,
1231 2326 1335 2381 qua
1373 2311 1426 2365 in
1458 2311 1545 2365 illa
1572 2310 1778 2365 habita-

196 2402 346 2458 tione
395 2401 704 2468 fruebatur,
742 2403 1067 2473 voluptatem
1117 2400 1277 2456 nobis
1323 2400 1618 2456 declararet
1658 2416 1673 2454 :
1712 2413 1778 2454 ac

194 2503 481 2564 postquam
520 2495 680 2561 dixit,
711 2493 892 2549 Posuit
929 2494 1074 2548 illum
1103 2495 1155 2547 in
1200 2494 1439 2562 paradiso
1481 2492 1774 2562 uoluptatis,

194 2583 370 2650 addit,
396 2581 464 2638 Ut
485 2592 778 2654 operaretur
795 2593 842 2638 et
861 2584 1131 2638 custodiret
1154 2582 1322 2635 illum.
1352 2581 1581 2650 Ingentis
1601 2590 1656 2636 et
1677 2579 1779 2635 hoc

195 2672 543 2743 providentia:
568 2680 670 2728 est.
700 2673 958 2740 Quoniam
983 2673 1125 2728 enim
1151 2672 1203 2725 in
1237 2670 1535 2740 hujusmodi
1561 2669 1779 2725 sedibus

195 2761 346 2816 omni
392 2761 694 2832 replehatur
722 2762 1010 2832 voluptate,
1056 2771 1109 2816 et
1152 2772 1399 2831 aspectus
1421 2761 1772 2829 jucunditate,

196 2864 261 2904 ac
290 2850 471 2905 laetitia
499 2851 622 2906 inde
649 2860 798 2922 parta
825 2850 1118 2918 fruebatur,
1148 2867 1216 2906 ne
1241 2866 1306 2906 ex
1337 2851 1498 2904 nimia
1525 2850 1778 2905 felicitate

197 2939 364 2997 homo
403 2941 749 2999 insolesceret
793 2942 1031 3013 (Omnem
1072 2944 1236 3009 enim,
1288 2943 1479 3012 inquit,
1528 2943 1777 2997 malitiam

195 3030 370 3084 docuit
395 3032 554 3086 otium
577 3031 759 3102 (Ereti.
791 3033 880 3089 53.
921 3032 1038 3102 29),
1071 3031 1190 3087 ideo
1221 3033 1472 3103 prmcepit
1501 3033 1660 3096 Deus,
1706 3031 1776 3087 Ut

194 3130 508 3188 operaretur,
547 3131 595 3174 et
619 3122 887 3176 custodiret
915 3121 1080 3175 illum.
1107 3121 1244 3189 Quid
1277 3133 1477 3185 autem,
1509 3122 1678 3188 dices,
1708 3122 1776 3177 il-

198 3210 299 3264 lius
327 3225 454 3266 cura
479 3212 665 3281 egebat
688 3210 1002 3280 paradisus?
1028 3211 1142 3264 Non
1174 3213 1274 3266 hoc
1299 3211 1459 3278 dico;
1488 3211 1580 3266 sed
1612 3211 1778 3266 voluit

197 3309 375 3379 tamen
393 3310 452 3355 ut
477 3300 737 3356 modicam
762 3314 944 3356 curam
963 3311 1174 3372 gereret
1193 3299 1385 3370 partim
1402 3301 1774 3367 custodiendo,

195 3400 251 3446 et
279 3392 470 3461 partim
511 3391 836 3462 operando‘.
885 3390 943 3447 Si
987 3392 1131 3447 enim
1161 3393 1306 3447 omni
1348 3406 1566 3462 prorsus
1593 3391 1776 3447 labore

195 3497 397 3538 vacuus
424 3483 630 3550 fuisset,
660 3497 727 3541 ex
765 3483 932 3538 nimio
956 3483 1066 3537 otio
1089 3482 1270 3538 statim
1299 3483 1350 3537 in
1379 3481 1644 3553 ignaviam
1673 3483 1774 3538 de-

197 3574 452 3630 clinasset
482 3591 498 3628 :
527 3565 584 3628 at
627 3588 749 3628 cum
777 3572 1076 3643 operationi
1118 3587 1239 3628 sese
1267 3571 1422 3628 daret
1448 3573 1565 3628 sine
1589 3571 1776 3629 dolore

196 3663 282 3719 vel
307 3662 574 3730 molestia,
602 3662 984 3733 temperantior
1003 3675 1122 3718 esse
1146 3669 1374 3730 poterat.
1407 3661 1540 3716 Illud
1567 3669 1771 3727 autem,

197 3754 268 3811 Ut
294 3763 609 3825 operaretur,
633 3768 738 3811 non
764 3754 882 3810 sine
906 3767 1066 3808 causa
1093 3751 1304 3816 dicitur,
1337 3751 1430 3806 sed
1469 3759 1554 3806 est
1583 3760 1774 3806 attem-

193 3855 437 3915 peratum
465 3844 693 3911 dictum,
729 3852 787 3898 ut
817 3845 971 3912 plane
999 3844 1182 3906 sciret,
1225 3855 1284 3896 se
1309 3841 1527 3896 domino
1559 3841 1770 3896 cuidam

193 3937 403 4007 subjici,
434 3937 521 4007 qui
548 3944 708 3990 tante.
731 3935 1017 4004 voluptatis
1044 3932 1424 3989 habitationem
1466 3932 1567 3987 sibi
1593 3931 1777 3989 dedis-

191 4039 295 4094 set,
332 4037 388 4084 et
426 4027 667 4097 ejusdem
714 4025 820 4080 sibi
840 4023 1137 4080 custodiam
1167 4022 1419 4079 traderet.
1453 4023 1591 4077 Deus
1627 4023 1771 4078 enim

193 4120 372 4175 omnia
400 4117 526 4174 facit
569 4126 626 4173 et
665 4125 921 4195 operatur
957 4124 1175 4187 pr0pter
1203 4122 1444 4169 nostram
1467 4114 1769 4180 utilitatem,

192 4224 256 4264 ac
278 4224 400 4264 cum
441 4209 528 4263 illa
572 4207 732 4276 etiam
762 4206 1067 4262 fruitionem
1098 4206 1506 4275 libertatemque
1548 4205 1770 4276 praebet.

192 4297 324 4353 Nam
344 4299 388 4352 si
416 4313 480 4353 ex
507 4298 764 4355 immensa
789 4312 885 4352 sua
911 4295 1438 4372 benignit_ate,etiam
1464 4297 1770 4372 priusquam

194 4406 292 4446 nos
322 4391 658 4462 produceret,
688 4389 974 4447 ineffabilia
1015 4387 1103 4443 illa
1148 4388 1286 4443 bona
1315 4386 1468 4444 nobis
1498 4402 1769 4456 praepara-

192 4482 288 4543 vit,
309 4479 753 4551 quemadmodum
785 4479 875 4535 ille
901 4477 1031 4536 dicit
1059 4495 1074 4533 :
1115 4477 1310 4544 Venite,
1333 4477 1574 4532 benedicti
1599 4475 1770 4530 Patris

193 4571 310 4635 mei,
359 4569 634 4629 hereditate
672 4568 884 4641 accipite
927 4576 1164 4639 paratum
1215 4566 1354 4620 nobis
1401 4583 1612 4636 regnum
1653 4575 1769 4620 ante

189 4660 591 4713 constitutionem
635 4659 812 4713 mundi
844 4658 1055 4727 (Matth.
1095 4657 1188 4713 25.
1231 4655 1324 4731 54)
1354 4675 1368 4712 :
1401 4658 1568 4714 multo
1603 4659 1772 4728 magis

191 4751 473 4818 prmsontia
501 4748 678 4804 omnia
703 4749 918 4818 largiter
941 4748 1212 4819 przebebit.

263 4839 316 4891 3.
357 4837 490 4904 Quia
530 4838 687 4908 igitur
725 4847 800 4893 tot
828 4839 1085 4893 beneficia
1137 4839 1189 4893 in
1227 4846 1464 4893 creatum
1496 4838 1768 4894 hominem

189 4927 432 4992 contulit,
459 4928 737 4998 primoque
764 4944 827 4981 ex
859 4929 1024 4982 nihilo
1055 4928 1319 4996 produxit,
1363 4939 1417 4984 et
1460 4945 1524 4984 ex
1547 4930 1770 4998 pulvere

187 5033 383 5088 corpus
414 5015 643 5071 formare
671 5017 916 5088 dignatus
944 5026 1047 5084 est,
1079 5026 1385 5088 posteaque,
1408 5019 1548 5087 quod
1592 5021 1771 5074 excel-

192 5108 389 5163 lentius
412 5117 549 5172 erat,
576 5108 805 5161 animam
837 5108 1202 5178 incorporeum
1235 5123 1326 5176 per
1358 5107 1769 5164 insufﬂationem

189 5200 354 5263 dedit,
391 5199 689 5269 deindcque
718 5199 1019 5269 paradisum
1049 5214 1190 5262 esse,
1231 5208 1287 5254 et
1328 5215 1450 5253 eum
1483 5199 1591 5255 illic
1618 5214 1770 5254 com-

189 5290 384 5345 morari
409 5289 584 5358 jussit,
615 5300 733 5359 pnst
762 5289 876 5343 hare
895 5298 952 5343 ut
979 5297 1128 5358 pater
1153 5289 1318 5359 prolis
1341 5303 1546 5354 amans,
1581 5298 1767 5345 tenero

190 5381 297 5439 lilio
322 5382 482 5436 multa
515 5381 755 5436 libertate
786 5389 840 5434 et
874 5382 1059 5451 requie
1101 5381 1315 5446 fruenti,
1347 5397 1414 5436 ne
1449 5383 1764 5448 insolescat,

190 5489 405 5544 parvam
426 5472 706 5543 quamdam
731 5483 784 5527 et
809 5470 1136 5527 moderatam
1159 5488 1339 5528 curam
1366 5474 1662 5544 excogitat;
1692 5474 1770 5530 sic

249 5651 265 5682 ι
300 5646 439 5698 Savil.
482 5655 536 5698 et
573 5655 690 5716 Reg:
710 5661 838 5698 unus
857 5649 928 5716 sic
947 5649 1129 5699 habent
1152 5663 1164 5699 :
1292 5649 1470 5716 partim
1489 5651 1766 5716 operando;

249 5663 265 5682 -
300 5663 439 5698 savii.
482 5663 536 5698 et
573 5663 688 5710 neg.
710 5663 838 5698 unus
857 5663 928 5699 sic
948 5663 1129 5699 nauem
1152 5663 1164 5699 :
1383 5663 1470 5700 am
1489 5663 1766 5716 operando;

187 5707 470 5782 antecedent
505 5708 721 5778 operatio
749 5709 902 5782 anatis
945 5715 1062 5782 erat.
1090 5722 1266 5778 expers
1290 5663 1485 5777 moris,
1530 5713 1766 5763 tribuerat

188 5767 260 5823 Uis
281 5775 408 5823 Deus
428 5767 627 5832 operam
646 5770 748 5824 sine
771 5769 935 5823 dolore
957 5778 1003 5827 et
1018 5771 1122 5825 sine
1141 5767 1358 5826 miseria.

1278 407 1344 463 1N
1380 407 1528 464 CAP.
1551 405 1614 464 ll.
1653 407 1896 467 GENES.
1939 407 2166 467 HOMIL.
2206 408 2346 467 XN.

3360 413 3462 474 ιη

1877 521 2023 579 Deus
2052 521 2256 578 Adamn
2280 520 2648 592 operationem
2678 528 2737 577 et
2775 521 3072 578 custodiam
3104 522 3374 593 praecepit,
3404 531 3462 578 ut

1873 625 1995 665 cum
2041 612 2205 667 multa
2250 611 2542 682 voluptate,
2586 613 2872 667 securitate
2913 621 3078 681 atque
3120 613 3301 683 quiete
3346 611 3462 666 inec

1874 699 1982 754 duo
2012 700 2250 769 haberet,
2287 717 2407 771 quae
2447 701 2834 771 aliquantulum
2863 701 3187 771 impedirent
3228 718 3296 754 ne
3323 703 3462 754 ultra

1875 795 2046 840 metas
2089 789 2420 856 procederet.
2471 789 2594 844 Ilaec
2627 789 2842 857 quidem
2885 792 3060 857 primo
3096 789 3292 842 collata
3339 797 3466 841 sunt

1876 875 2094 928 condito
2140 877 2380 941 homini;
2409 891 2530 946 qua:
2565 886 2744 930 autem
2788 877 2890 930 sub
2934 876 3049 930 haec
3087 875 3294 944 adjecta
3341 883 3466 928 sunt

1877 979 2122 1034 magnam
2150 980 2274 1035 erga
2300 966 2449 1019 illum
2474 965 2748 1021 declarant
2773 966 3157 1034 benignitatem
3183 973 3348 1035 atque
3377 963 3466 1017 in-

1876 1053 2224 1122 dulgentiam,
2281 1068 2440 1123 quam
2484 1069 2550 1108 ex
2589 1069 2685 1108 sua
2732 1054 2969 1108 bonitate
3010 1055 3271 1109 exhibuit.
3325 1050 3465 1121 Quid

1878 1143 2020 1199 enim
2045 1143 2173 1198 dicit
2200 1144 2510 1212 Scriptum?
2539 1143 2604 1196 Et
2630 1144 2866 1212 pracepit
2888 1142 3134 1198 Dominus
3161 1142 3299 1198 Deus
3317 1143 3467 1198 Adin.

1949 1233 2138 1289 Contra
2164 1250 2248 1288 eos
2271 1235 2360 1303 qui
2391 1233 2637 1301 quasdam
2661 1248 2802 1286 uoces
2845 1231 3013 1298 Patri,
3043 1235 3290 1304 quasdam
3329 1231 3470 1286 Filio

1878 1324 2246 1378 adscribebant.
2270 1353 2342 1365 -—
2365 1323 2505 1378 Ecce
2529 1324 2720 1378 iterum
2752 1322 2839 1378 hic
2866 1320 3054 1378 eadem
3083 1322 3472 1379 consuetudine

1881 1414 2067 1478 utitur,
2099 1421 2157 1467 ut
2183 1410 2375 1468 iisdem
2417 1411 2727 1481 frequenter
2768 1411 3015 1480 repetitis
3039 1409 3342 1467 accuratius
3366 1409 3470 1465 do-

1878 1504 2104 1558 ctrinam
2130 1503 2479 1574 excipiamus,
2511 1511 2565 1556 et
2591 1516 2659 1556 ne
2688 1501 2826 1556 ultra
2853 1499 3088 1556 feramus
3113 1515 3231 1568 eos,
3257 1500 3348 1570 qui
3374 1514 3473 1554 au-

1878 1593 2008 1650 dent
2046 1595 2260 1648 nomina
2288 1606 2385 1664 pro
2423 1591 2577 1648 libito
2605 1591 2958 1662 distinguere,
3007 1601 3062 1646 et
3111 1590 3257 1646 aliud
3300 1591 3468 1654 Patri,

1879 1685 2024 1741 aliud
2073 1686 2210 1741 Filio
2267 1685 2596 1742 adscribere.
2647 1685 2782 1751 Quia
2832 1684 2974 1739 enim
3024 1685 3305 1754 utriusque
3364 1697 3471 1738 una

1880 1779 2175 1834 substantia
2201 1787 2305 1843 est,
2347 1777 2468 1834 ideo
2489 1776 2666 1833 divina
2706 1776 2978 1846 Scriptura
3005 1775 3470 1831 indiscriminatim

1880 1868 2167 1938 aliquando
2201 1868 2371 1934 Patri,
2394 1867 2684 1938 aliquando
2710 1867 2846 1922 Filio
2878 1865 3082 1920 tribuit.
3112 1863 3182 1919 Et
3206 1868 3470 1936 precepit,

1880 1959 2073 2030 inquit,
2101 1958 2348 2014 Dominus
2377 1959 2514 2014 Deus
2543 1960 2669 2013 Adae
2694 1959 2883 2013 dicens.
2910 1957 3009 2013 llic
3036 1959 3230 2014 merito
3258 1967 3473 2026 stupea-

1881 2064 2000 2104 mus
2024 2049 2117 2105 Dei
2142 2048 2486 2106 clementiam
2514 2051 2676 2106 verba
2713 2051 2894 2104 omnia
2921 2057 3266 2119 superantem
3284 2046 3472 2103 viden-

1883 2151 1984 2208 tes,
2012 2157 2170 2212 qnam
2219 2141 2368 2197 brevi
2408 2140 2510 2196 hac
2551 2140 2786 2196 dictione
2828 2139 3066 2195 exhibet.
3112 2136 3184 2193 Et
3206 2137 3466 2209 prtecepit,

1882 2233 2073 2303 inquit.
2095 2232 2228 2287 Vide
2254 2233 2432 2288 statim
2459 2233 2525 2287 ab
2550 2232 2720 2298 initio,
2747 2239 2947 2301 quanto
2965 2229 3172 2287 honore
3196 2227 3469 2286 hominem

1881 2322 2241 2392 prosequitur.
2271 2321 2456 2391 Neque
2469 2321 2610 2376 enim
2632 2320 2804 2376 dixit:
2836 2320 3139 2390 Imperavit,
3164 2317 3246 2374 vel
3267 2317 3468 2374 iussit:

1881 2414 1977 2469 sed
2007 2413 2133 2484 quid
2155 2414 2180 2468 τ
2201 2412 2474 2482 Ρνωσερίι.
2500 2412 2649 2469 Sicut
2666 2411 2872 2466 amicus
2894 2409 3070 2466 amico
3095 2409 3164 2466 de
3186 2409 3347 2465 rebus
3377 2424 3473 2464 nea

1880 2505 2129 2560 cessziriis
2159 2505 2470 2574 prmeipiens
2510 2503 2762 2573 loquitur,
2799 2502 2868 2557 ita
2908 2511 2964 2558 et
3002 2503 3144 2557 Deus
3169 2517 3292 2572 erga
3323 2501 3471 2556 Ada-

1882 2614 2027 2654 mum
2048 2600 2064 2630 ¹
2092 2597 2324 2653 afficitur
2347 2597 2532 2668 :quasi
2569 2595 2671 2651 hoc
2693 2595 2900 2650 honore
2925 2594 3098 2664 ipsum
3124 2593 3191 2649 ad
3216 2593 3476 2648 obedien-

1884 2691 2013 2747 dnm
2040 2692 2104 2747 iis
2123 2706 2288 2761 quau
2319 2705 2380 2746 se
2409 2688 2872 2760 pmcipiebantur,
2903 2695 3244 2743 attracturus.
3280 2684 3367 2740 l6.
3403 2681 3472 2739 Et

1882 2785 2120 2858 pracepit
2150 2784 2404 2840 Dominus
2430 2782 2571 2838 Deus
2611 2781 2738 2836 Λάαν
2777 2780 2950 2834 dicens
2976 2793 2994 2834 :
3020 2777 3100 2834 De
3140 2778 3280 2832 omni
3304 2777 3469 2848 tigno,

1880 2877 2017 2948 quod
2043 2886 2116 2931 est
2161 2878 2215 2929 in
2246 2875 2506 2945 paradiso,
2546 2871 2852 2927 comedenda
2887 2869 3116 2924 comedas
3141 2869 3271 2924 :17.
3310 2867 3375 2922 de
3401 2866 3473 2921 li-

1879 2983 1979 3038 gno
2007 2976 2177 3021 autem
2218 2965 2410 3022 sciendi
2456 2963 2639 3018 bonum
2685 2973 2734 3018 et
2777 2961 2986 3028 malum,
3029 2975 3132 3015 non
3177 2957 3468 3012 comedetis.

1883 3057 2209 3125 Quocumque
2229 3065 2393 3110 autem
2422 3055 2504 3109 die
2529 3052 2845 3108 comederitis
2880 3067 2944 3107 ex
2969 3067 3050 3116 eo,
3089 3059 3250 3104 morte
3281 3049 3469 3103 moris-

1880 3150 2024 3203 mini.
2054 3147 2241 3220 Magna
2290 3147 2447 3216 hujus
2483 3144 2734 3226 praecepti
2782 3143 3008 3198 facilitas
3038 3150 3140 3198 est.
3172 3139 3299 3206 Sed,
3329 3139 3467 3194 dile-

1879 3248 1985 3302 cte,
2015 3253 2174 3308 grave
2201 3236 2399 3293 malum
2432 3247 2515 3290 est
2541 3233 2780 3298 desidia;
2811 3234 2953 3289 sicut
2975 3233 3118 3289 enim
3145 3231 3234 3286 illa
3265 3229 3392 3285 facit
3413 3237 3468 3283 ut

1880 3328 2052 3386 facilia
2078 3328 2256 3384 omnia
2283 3326 2564 3382 videantur
2585 3324 2842 3393 dimcilia,
2871 3324 2950 3379 sic
2974 3323 3208 3379 studium
3239 3329 3295 3378 et
3331 3319 3470 3390 vigi-

1879 3422 2063 3486 lantia,
2107 3419 2268 3475 etiam
2315 3419 2493 3473 omnia
2536 3417 2701 3472 ardua
2740 3426 2796 3470 et
2824 3415 3060 3471 difficilia
3099 3412 3273 3469 facilia
3311 3409 3472 3468 nobis

1878 3509 2125 3566 reddunt.
2153 3508 2291 3576 Quid
2330 3509 2498 3572 enim,
2534 3506 2643 3574 dic,
2675 3521 2878 3576 quaeso,
2910 3505 3011 3559 hoc
3047 3503 3302 3559 mandato
3337 3501 3470 3558 faci-

1881 3595 2025 3652 lius?
2052 3598 2184 3668 quid
2214 3597 2319 3652 hoc
2349 3596 2551 3652 honore
2577 3596 2791 3665 majus?
2816 3593 3165 3650 Concedebat
3181 3593 3382 3649 versari
3413 3591 3468 3648 iu

1877 3687 2145 3758 paradiso,
2177 3687 2463 3742 visibilium
2486 3685 2819 3741 formositate
2847 3685 3129 3751 oblectari,
3158 3683 3469 3756 aspicienda

1876 3779 2162 3834 exhilarari
2197 3788 2253 3834 et
2278 3776 2505 3833 fruendo
2530 3793 2773 3847 magnam
2805 3777 3131 3848 voluptatem
3162 3777 3465 3848 percipere.

1876 3869 2060 3942 Cogita
2086 3885 2244 3941 quam
2275 3870 2566 3941 jucundum
2598 3869 2750 3925 fuerit
2783 3870 2971 3926 videre
3022 3869 3245 3926 arbores
3277 3866 3467 3923 fructi-

1878 3961 1976 4016 bus
2013 3971 2282 4028 oneratas,
2316 3959 2506 4015 ﬂorum
2537 3961 2871 4025 varietatem,
2918 3959 3206 4016 herbarum
3235 3956 3467 4015 diversi-

1878 4059 2061 4118 tatem,
2094 4051 2344 4106 foliorum
2373 4065 2576 4116 minus,
2599 4060 2758 4122 atque
2782 4051 2886 4106 alia
2915 4067 3035 4122 quae
3063 4052 3362 4108 verisimile
3380 4056 3468 4105 est

1878 4145 1932 4199 in
1963 4143 2211 4215 paradiso
2249 4141 2433 4209 fuisse,
2483 4151 2539 4197 et
2586 4143 2640 4197 in
2681 4142 2930 4213 paradiso
2975 4158 3006 4198 a
3055 4144 3166 4200 Deo
3204 4144 3460 4214 plumato.

1877 4233 2101 4302 Propter
2145 4232 2247 4289 hoc
2283 4233 2426 4288 enim
2474 4233 2722 4303 superius
2765 4233 2946 4288 divina
2994 4234 3268 4303 Scriptura
3312 4233 3463 4298 dicit,

1877 4327 2134 4382 Produxit
2170 4327 2338 4382 adhuc
2363 4342 2427 4381 ea:
2454 4337 2587 4381 terra
2616 4343 2764 4381 omne
2787 4327 2980 4398 lignum
3008 4326 3276 4397 pulchrum
3317 4342 3468 4395 aspe-

1876 4429 1958 4474 ctu
1984 4460 2000 4486 ,
2039 4428 2086 4474 et
2126 4420 2308 4474 bonum
2353 4417 2421 4471 ad
2469 4419 2852 4479 comedendum,
2899 4428 2958 4472 ut
2995 4418 3134 4473 scire
3176 4417 3461 4487 possimus,

1875 4519 2073 4580 quanta
2103 4508 2286 4564 fruens
2314 4509 2576 4571 ubertate,
2606 4523 2710 4578 per
2728 4522 2972 4577 magnam
2997 4508 3460 4578 intemperantiam

1874 4612 1930 4656 et
1981 4601 2376 4671 negligentiam,
2418 4600 2602 4654 datum
2656 4599 2756 4654 sibi
2798 4599 3105 4654 mandatum
3158 4600 3460 4656 violaverit.

1875 4693 2082 4762 Cogita,
2107 4693 2353 4758 obsecro,
2386 4691 2604 4746 honoris
2628 4692 2993 4759 eminentiam,
3023 4708 3143 4763 quae
3168 4693 3313 4747 illum
3338 4707 3468 4762 pro-

1875 4795 2131 4854 sequutus
2156 4793 2259 4852 est,
2287 4783 2409 4839 data
2439 4784 2511 4838 illi
2543 4798 2725 4839 mensa
2765 4783 2975 4855 prOpria
3011 4795 3065 4840 et
3103 4792 3380 4856 segregata
3407 4785 3463 4841 in

1877 4875 2141 4946 paradiso,
2167 4885 2220 4930 ut
2250 4890 2318 4930 ne
2348 4883 2558 4945 putaret
2600 4874 2843 4929 eamdem
2891 4876 2991 4930 sibi
3017 4885 3073 4930 et
3095 4875 3352 4944 jnmentis
3379 4875 3464 4929 in-

1875 4968 2030 5034 strui,
2076 4967 2172 5022 sed
2223 4968 2445 5022 haberet
2497 4967 2646 5035 quasi
2695 4982 2819 5033 rex,
2873 4968 2923 5020 in
2979 4967 3223 5036 paradiso
3273 4982 3462 5037 agens,

1874 5058 2183 5114 deliciarum
2224 5058 2453 5128 copiam,
2491 5066 2546 5112 et
2573 5058 2724 5127 quasi
2769 5058 3018 5113 dominus
3049 5060 3333 5130 separatim
3362 5060 3460 5113 do-

1875 5158 2047 5218 geret,
2070 5158 2231 5217 atque
2258 5148 2415 5202 aliam
2445 5163 2603 5216 quam
2630 5147 2856 5202 ministri
2889 5149 3269 5204 habitationem
3298 5149 3461 5204 sorti-

1877 5249 2041 5293 retur.
2085 5239 2152 5292 Et
2201 5239 2440 5310 pracepit
2483 5237 2738 5292 Dominus
2785 5239 2923 5294 Deus
2971 5240 3097 5294 Adte
3143 5242 3352 5295 dicens:
3380 5239 3464 5296 Ea:

1874 5329 2012 5382 omni
2035 5329 2192 5399 ligno,
2221 5329 2356 5398 quod
2391 5338 2465 5382 est
2491 5329 2544 5382 in
2573 5329 2831 5398 paradiso,
2864 5331 3171 5385 comedenda
3197 5332 3426 5386 comedes
3445 5347 3466 5388 :

1874 5435 1938 5473 ea:
1968 5419 2104 5489 ligno
2125 5429 2291 5472 autem
2317 5418 2509 5472 sciendi
2529 5418 2716 5472 bonum
2744 5428 2793 5472 et
2818 5420 3032 5487 "talum,
3064 5436 3164 5474 non
3194 5421 3466 5477 comedetis

1873 5523 1937 5562 ex
1960 5524 2037 5561 eo.
2072 5507 2396 5575 Quocumque
2420 5517 2587 5561 autem
2612 5509 2694 5560 die
2722 5510 3055 5573 comederitis,
3086 5520 3245 5563 morte
3274 5510 3462 5563 morie-

1873 5598 1995 5652 mini
2022 5614 2043 5652 :
2067 5598 2218 5669 quasi
2245 5598 2450 5654 diceret
2475 5599 2542 5653 ad
2568 5599 2715 5653 illum
2747 5617 2761 5652 :
2789 5598 2924 5653 Num
2951 5600 3234 5656 molestum
3261 5598 3461 5670 aliquid

1938 5777 1952 5807 ¹
1989 5775 2266 5839 Savtl.,ttog.
2294 5782 2346 5827 et
2366 5774 2597 5838 Colbert.,
2621 5787 2738 5840 ergo
2760 5787 2908 5843 genus
2929 5774 3206 5831 humanum.
