4152 6492
665 445 757 498 H3
1395 444 1450 500 S.
1490 444 1764 501 JOANHIS
1799 441 2271 502 CIIRYSOSTOMI
2310 443 2622 500 ARCHIEP.
2663 440 3190 500 CONSTANTINOP.

662 566 713 608 et
759 571 921 623 grate
952 564 1073 624 peto
1104 571 1167 609 cx
1213 558 1306 610 te?
1355 555 1476 610 Frui
1516 557 1658 610 enim
1693 559 1943 612 omnibus
1989 557 2078 611 tibi
2110 571 2227 625 per-

663 644 838 709 mitto,
869 641 968 696 hoc
999 660 1159 697 unum
1188 645 1437 714 przecipio
1481 659 1548 698 ne
1585 645 1823 715 tetigeris
1850 666 1862 698 :
1895 657 1951 701 et
1989 661 2228 715 magnam

628 747 873 798 «pmttztttt
915 733 1166 798 decerno,
1208 729 1272 787 ‘ut
1314 735 1393 788 vel
1430 736 1620 790 timore
1667 736 1946 799 coercitus,
1977 737 2155 790 datum
2203 752 2231 788 a

663 833 749 872 me
796 820 886 872 tibi
935 821 1239 872 mandatum
1289 824 1576 876 custodias.
1624 825 1746 878 llaec
1794 826 2038 888 faciebat,
2083 827 2233 892 quasi

663 905 912 956 dominus
963 907 1152 974 aliquis
1203 907 1465 970 liberalis,
1515 911 1731 964 domum
1783 927 2023 979 magnam
2076 913 2232 964 alicui

663 993 1010 1057 cuncredens,
1037 1005 1087 1047 et
1112 1008 1166 1048 ut
1195 997 1486 1050 dominium
1513 1001 1609 1051 sibi
1643 1001 1843 1051 salvum
1876 1009 2108 1064 maneat,
2141 1016 2233 1067 pa-

665 1098 781 1134 tum
814 1093 1011 1134 tantum
1043 1085 1278 1152 pecunia:
1305 1087 1536 1138 dandum
1576 1088 1642 1140 ab
1670 1087 1760 1139 illo
1785 1089 2110 1156 prazscribat.
2149 1089 2236 1142 Sic

664 1187 792 1226 sane
821 1182 873 1226 et
903 1173 1160 1242 benignus
1201 1185 1380 1228 noster
1410 1176 1684 1240 Dominus,
1714 1191 1971 1233 concesso
2001 1179 2234 1232 omnium

664 1275 780 1327 qua:
818 1261 867 1314 in
915 1264 1157 1328 paradiso
1200 1272 1350 1317 erant
1394 1263 1586 1326 fructu,
1624 1265 1691 1318 ab
1719 1280 1824 1320 uno
1850 1275 2050 1318 tantum
2097 1266 2238 1334 ligno

664 1352 930 1406 abstinere
951 1352 1130 1420 jussit.
1180 1363 1234 1406 ut
1273 1353 1410 1408 scire
1437 1365 1618 1422 posset
1662 1356 1839 1418 homo,
1878 1371 1935 1410 se
1980 1371 2100 1410 esse
2140 1355 2240 1408 sub

668 1445 910 1507 Domino,
943 1447 1024 1498 cui
1055 1445 1272 1500 obedire
1316 1446 1536 1502 deberet
1571 1457 1625 1501 et
1650 1463 1857 1518 parcre,
1897 1449 1941 1502 si
1982 1448 2107 1517 quid
2153 1449 2239 1502 ille

665 1536 970 1604 imperaret.

736 1625 791 1678 4.
831 1625 960 1691 Quis
991 1641 1086 1694 pro
1121 1625 1374 1692 dignitate
1411 1625 1755 1680 admirabitur
1794 1630 2092 1682 communis
2123 1642 2240 1680 om-

671 1716 814 1768 nium
843 1718 1006 1770 nostri
1032 1716 1235 1770 Domini
1258 1717 1664 1771 liberalitatem?
1688 1718 1820 1772 Cum
1843 1720 2047 1773 nullum
2069 1719 2242 1774 adhuc

668 1805 938 1872 specimen
960 1821 1069 1874 pra:
1089 1821 1147 1858 se
1173 1806 1332 1859 ferret
1362 1806 1548 1869 Adam,
1579 1815 1772 1875 quanta
1803 1807 2056 1862 benelicia
2086 1823 2242 1863 acce-

671 1895 747 1962 pit
771 1897 782 1946 !
812 1893 991 1964 Neque
1019 1896 1160 1949 enim
1187 1895 1510 1949 dimidiatam
1539 1897 1611 1949 illi
1645 1896 1792 1951 dedit
1821 1913 1998 1951 rerum
2032 1898 2241 1951 fruitio-

669 2001 792 2038 nem
815 2027 829 2047 ,
859 2000 1030 2054 neque
1077 2001 1105 2037 a
1151 1985 1390 2053 pluribus
1432 1987 1700 2041 abstinere
1739 1987 1918 2056 jussit,
1948 1997 2002 2041 et
2037 1988 2246 2042 caeteris

673 2075 806 2127 irui‘
841 2093 854 2128 :
884 2077 976 2128 sed
1003 2076 1310 2144 participem
1337 2077 1572 2130 omnium
1604 2092 1721 2146 qua:
1749 2087 1903 2132 erant
1923 2078 1974 2131 in
2007 2077 2247 2144 paradi~o

672 2179 795 2219 esse
830 2166 1023 2230 voluit;
1071 2166 1138 2218 ab
1168 2181 1272 2218 uno
1317 2166 1430 2219 solo
1475 2166 1617 2234 ligno
1661 2166 1930 2220 abstinere
1971 2169 2242 2235 prmcepit,

676 2264 978 2307 monstrans
1019 2270 1077 2307 re
1104 2254 1235 2322 ipsa,
1269 2253 1466 2307 nullius
1494 2255 1711 2308 alterius
1751 2255 1913 2324 gratia
1948 2255 2045 2309 hoc
2073 2257 2243 2324 ipsum

673 2360 732 2398 se
759 2345 949 2406 facere,
981 2360 1137 2413 quam
1165 2357 1219 2398 nt
1247 2356 1513 2399 tantorum
1556 2346 1936 2400 beneﬁciorum
1969 2357 2242 2402 auctorem

675 2453 962 2507 agnoscere
993 2438 1151 2490 homo
1178 2447 1374 2505 posset.
1412 2437 1478 2491 Et
1496 2437 1772 2492 considera
1799 2453 1919 2492 cum
1951 2439 2066 2492 aliis
2088 2440 2245 2492 etiam

677 2529 762 2582 hic
804 2529 1092 2583 bonitatem
1139 2529 1254 2589 Dei,
1285 2538 1481 2598 quanto
1521 2529 1724 2584 honore
1767 2529 1924 2584 etiam
1969 2530 2244 2583 mulierem

682 2617 1038 2686 prosequitur,
1067 2632 1182 2686 quae
1207 2632 1269 2670 ex
1314 2618 1402 2669 illo
1433 2617 1705 2670 formanda
1732 2629 1865 2671 erat.
1898 2618 2139 2672 Nondum
2184 2633 2245 2671 ea

676 2710 818 2762 enim
847 2709 1118 2776 producta,
1152 2711 1300 2776 quasi
1331 2709 1536 2775 utrique
1563 2707 1857 2770 mandaret,
1887 2708 2097 2762 dicebat
2125 2727 2137 2761 :
2167 2707 2248 2762 Ne

676 2797 984 2850 romedcritis
1025 2813 1088 2850 ea:
1136 2814 1192 2850 eo
1217 2811 1234 2848 :
1263 2805 1348 2860 et,
1406 2796 1728 2864 Quocumque
1781 2798 1863 2850 die
1912 2799 2245 2863 comederitis,

677 2897 832 2939 morte
856 2888 1131 2940 moriemini
1161 2903 1179 2939 :
1205 2887 1480 2940 declarans
1504 2889 1610 2954 jam
1644 2885 1764 2940 inde
1802 2886 1871 2940 ab
1901 2887 2052 2940 initio
2080 2905 2244 2942 unum

678 2993 795 3031 csse
843 2979 1012 3031 virum
1056 2989 1110 3031 et
1159 2980 1455 3046 mulierem,
1502 2984 1636 3035 sicut
1680 2991 1734 3035 et
1789 2983 1978 3036 Paulus
2035 2984 2243 3052 inquit:

681 3069 841 3136 Caput
886 3071 1109 3121 mulieris
1156 3070 1231 3121 vir
1267 3068 1481 3139 (Ephcs.
1529 3072 1580 3124 5.
1613 3071 1727 3137 9.3).
1783 3071 2069 3139 Propterea
2123 3086 2249 3138 ergo

679 3158 824 3225 quasi
873 3159 1078 3227 utrique
1122 3159 1369 3226 loquitur,
1413 3169 1469 3212 ut
1513 3161 1729 3228 posthac
1770 3160 1991 3214 formata
2033 3176 2098 3213 ex
2139 3162 2251 3213 viro

681 3248 920 3311 muliere,
945 3249 1276 3302 occasionem
1309 3248 1382 3301 illi
1413 3249 1641 3317 pra-beat
1664 3249 1888 3302 docendi
1915 3250 2058 3302 illam
2087 3249 2251 3315 ipsius

683 3346 962 3404 pnecepta.
1011 3337 1127 3390 Jam
1177 3337 1286 3389 scio
1324 3337 1532 3406 quidem
1563 3338 1976 3406 vulgatissimam
2021 3352 2138 3390 esse
2183 3338 2250 3390 de

685 3425 784 3478 hoc
813 3426 952 3493 ligno
985 3427 1355 3494 quaestionem,
1407 3436 1462 3480 et
1506 3429 1701 3480 multos
1727 3440 1927 3482 temere
1955 3429 2246 3496 loquentes,

681 3517 888 3583 culpam
911 3517 977 3570 ab
1009 3519 1220 3572 homine
1249 3519 1300 3570 in
1326 3519 1488 3572 Deum
1516 3517 1805 3574 transferre
1824 3521 1940 3584 niti,
1970 3519 2250 3574 audacter-

683 3622 787 3674 que
821 3606 999 3662 dicere
1025 3625 1037 3660 :
1065 3607 1227 3676 Cujus
1271 3609 1344 3662 rei
1381 3610 1548 3678 gratia
1576 3609 1723 3663 dedit
1751 3609 2080 3672 mandatum,
2109 3609 2250 3677 quod

680 3697 878 3750 sciebat
908 3697 1174 3751 hominem
1215 3700 1706 3768 transgressurum?
1737 3709 1790 3753 et
1816 3701 2006 3754 iterum
2035 3719 2047 3753 :
2076 3698 2251 3764 Quare

677 3785 833 3852 jussit
858 3785 1056 3854 lignum
1086 3785 1199 3840 ﬁeri
1228 3788 1278 3839 in
1316 3787 1598 3855 paradiso?
1625 3799 1678 3842 et
1705 3790 1866 3842 multa
1885 3789 1987 3842 alia
2016 3807 2028 3842 :
2062 3789 2156 3842 sed
2185 3805 2251 3843 ne

682 3888 823 3928 nunc
849 3885 968 3926 ante
1001 3883 1206 3943 tempus
1232 3877 1678 3944 prtevaricationis
1707 3878 1978 3931 videamur
2009 3881 2252 3946 prosilire

684 3961 751 4014 ad
789 3978 850 4016 ca
888 3963 1202 4027 enarranda,
1235 3979 1412 4033 opera:
1439 3967 1665 4033 pretium
1701 3975 1803 4032 est,
1837 3976 1893 4020 ut
1921 3982 2020 4020 nos
2060 3982 2249 4035 exspe-

683 4065 888 4110 ctemus
917 4056 1055 4110 beati
1082 4056 1238 4110 Musis
1263 4059 1622 4112 narrationem
1652 4075 1664 4110 :
1693 4070 1750 4112 ut
1787 4073 1907 4112 cum
1935 4059 2000 4113 ad
2030 4075 2149 4114 eum
2179 4060 2254 4112 Io-

683 4160 803 4198 eum
829 4147 1245 4213 pervenerimus,
1280 4150 1594 4216 tempestive
1621 4165 1968 4217 qua-eumque
1999 4149 2088 4203 Dei
2127 4165 2250 4219 gra-

685 4235 754 4287 tia
807 4233 1032 4298 dederit,
1079 4234 1146 4288 de
1191 4251 1252 4291 ea
1305 4251 1365 4289 re
1417 4235 1683 4299 dicentes,
1743 4252 1925 4291 verum
1968 4238 2254 4306 Scriptura:

683 4338 897 4377 sensum
934 4334 1158 4377 vestram
1203 4325 1487 4379 doceamus
1537 4328 1807 4380 caritatem
1844 4342 1984 4396 :quo
2027 4330 2255 4381 scientes

684 4415 1074 4482 Scripturarum
1118 4415 1425 4479 veritatem,
1471 4415 1700 4468 debitam
1754 4415 1980 4469 Domino
2029 4416 2252 4484 gloriam

683 4503 938 4569 nilei-alis,
979 4520 1075 4557 nec
1105 4519 1169 4557 eo
1198 4505 1284 4573 qui
1316 4507 1552 4573 peccavit
1580 4507 1799 4568 omisso,
1841 4507 2050 4574 culpam
2085 4507 2255 4558 incul-

686 4594 787 4656 pati
817 4593 924 4646 Deo
954 4595 1255 4661 imputetis;
1280 4595 1388 4662 jam
1430 4606 1626 4656 autem,
1660 4597 1703 4647 si
1732 4596 1878 4658 libet,
1907 4595 1974 4649 de
2003 4596 2250 4664 prtesenti

687 4683 906 4736 lectione
947 4683 1088 4751 quod
1137 4685 1373 4752 sequitur
1425 4698 1823 4752 prosequamur.
1872 4684 1952 4738 l8.
2000 4682 2064 4735 Et
2104 4685 2250 4745 dixit,

689 4771 873 4838 inquit,
917 4771 1158 4824 Dominus
1186 4772 1320 4827 Dens
1344 4813 1355 4826 .
1389 4772 1508 4826 Non
1547 4784 1618 4826 est
1653 4774 1834 4825 bonum
1865 4774 2112 4826 hominem
2151 4791 2255 4827 esse

674 4861 865 4913 solum.
922 4862 1058 4915 Ecce
1101 4862 1286 4916 iterum
1331 4863 1572 4917 similiter
1614 4862 1764 4923 dixit,
1815 4864 1946 4917 sicut
1988 4875 2039 4917 ct
2087 4866 2253 4932 prius,

685 4949 933 5004 Dominus
953 4951 1084 5004 Deus
1107 4968 1125 5004 ,ο
1153 4962 1206 5006 ut
1235 4953 1409 5008 animo
1430 4954 1566 5006 dicta
1599 4954 1892 5022 iuligeutes,
1926 4969 1992 5008 ne
2016 4964 2256 5022 putemus

687 5039 860 5092 divina
916 5041 1190 5110 Scriptura
1248 5044 1641 5111 prwstantiores
1706 5053 1914 5097 nostras
1979 5046 2256 5112 opiniones

684 5143 828 5183 esse.
875 5128 1125 5200 Dixitque,
1175 5133 1268 5193 ait,
1317 5129 1562 5185 Dominus
1591 5130 1726 5186 Deus
1753 5149 1772 5184 :
1797 5132 1916 5186 Non
1964 5145 2034 5186 est
2075 5136 2255 5187 bonum

685 5232 793 5270 esse
813 5219 1060 5273 hominem
1091 5222 1273 5273 solum.
1301 5219 1616 5286 Considera,
1645 5221 1909 5290 quomodo
1949 5239 2052 5275 non
2083 5233 2257 5278 cessat

693 5309 860 5360 bonus
912 5308 1068 5373 Deus,
1121 5311 1212 5362 sed
1260 5311 1514 5365 bcuelicia
1572 5311 1844 5364 beneﬁciis
1895 5313 2148 5377 cumulat,
2205 5323 2258 5366 rt

691 5399 964 5452 abundans
995 5401 1226 5454 bonitate
1249 5403 1388 5454 omni
1423 5402 1628 5456 honore
1654 5403 1988 5457 circumdare
2009 5405 2117 5458 vult
2143 5407 2256 5458 ani-

691 5490 793 5540 mal
821 5489 919 5543 hoc
948 5493 1150 5546 ratione
1180 5493 1477 5560 prcedituin,
1508 5504 1564 5547 ut
1594 5510 1696 5548 non
1728 5495 1898 5549 solum
1925 5494 2143 5549 honeste
2163 5495 2256 5549 sed

689 5587 742 5632 et
786 5579 1062 5634 commode
1109 5584 1265 5634 vivat.
1300 5582 1428 5635 Nam
1478 5583 1617 5636 Dixit
1647 5584 1892 5640 Dominus
1929 5584 2106 5638 Deus:
2138 5583 2258 5638 Non

754 5737 770 5764 ⁸
808 5741 886 5781 tlte
913 5748 1072 5800 voces.
1096 5744 1137 5784 et
1161 5737 1344 5784 t'u'tcri»
1376 5739 1491 5794 fini,
1517 5739 1715 5788 deerant
1765 5757 1808 5789 ι;ι
1857 5738 2036 5800 ΜοιϊΙ.,
2062 5739 2147 5788 sed
2173 5740 2253 5788 ba-

693 5795 864 5847 hcutut'
889 5809 936 5846 tu
955 5796 1089 5846 s'atil.
1120 5805 1166 5846 et
1195 5812 1239 5845 in
1267 5812 1436 5847 novent
1465 5807 1564 5846 31s.).

3813 438 3915 494 HO

2335 565 2406 608 cst
2434 555 2620 608 bonum
2648 556 2897 607 hominem
2942 568 3046 606 esse
3079 554 3260 606 solum.
3291 545 3562 604 Faciamus
3602 551 3678 604 illi
3703 553 3908 620 adjuto-

2335 661 2439 698 rem
2464 646 2731 698 secundum
2760 644 2927 695 illum.

2418 735 2528 789 Vox
2558 735 2808 788 faciamus
2832 735 2914 785 cui
2939 734 3141 785 dicitur.
3169 762 3238 772 ——
3259 731 3397 787 Ecce
3423 731 3616 785 iterum
3636 731 3795 784 etiam
3826 728 3915 783 hic

2337 824 2463 876 dicit
2484 863 2498 885 ,
2532 823 2823 876 Faciamus.
2863 823 3010 876 Sicut
3047 823 3188 876 enim
3233 822 3284 875 in
3316 821 3579 890 principio
3605 821 3672 874 de
3699 820 3919 873 homine

2338 910 2618 966 formando
2644 911 2871 974 dicebat,
2906 909 3178 962 Faciamus
3207 911 3455 963 hominem
3481 911 3750 963 secundum
3779 910 3911 960 ima-

2338 1002 2503 1070 ginem
2529 1011 2749 1054 nostram
2775 1010 2822 1052 et
2848 1001 3115 1053 secundum
3136 1000 3512 1052 similitudinem
3542 1014 3561 1051 :
3589 999 3660 1051 ita
3687 1009 3738 1052 et
3763 1012 3905 1051 nunc

2341 1087 2611 1142 mulierem
2637 1089 2975 1149 formaturus,
3005 1088 3190 1142 eodem
3219 1087 3379 1141 verbo
3408 1088 3593 1152 utitur,
3625 1097 3678 1140 et
3702 1085 3868 1154 inquit
3899 1102 3916 1144 :

2341 1177 2632 1233 Faciamus.
2661 1179 2756 1232 Cui
2790 1178 2888 1232 hoc
2909 1177 3072 1231 dicit?
3097 1178 3210 1232 Non
3239 1189 3429 1233 creaue
3457 1177 3612 1230 alicui
3636 1177 3916 1244 potentiae,

2339 1267 2434 1322 sed
2459 1269 2506 1322 ei
2549 1268 2636 1337 qui
2684 1283 2750 1321 ex
2792 1281 2850 1322 se
2897 1279 3052 1320 natus
3097 1277 3199 1330 est,
3243 1266 3552 1320 consiliario
3594 1267 3913 1331 admirabili,

2342 1357 2564 1424 potenti,
2612 1354 2834 1424 principi
2874 1356 3018 1425 pacis
3051 1353 3203 1426 (lsai.
3251 1355 3303 1409 9.
3351 1354 3427 1424 6),
3471 1353 3743 1423 unigenito
3783 1351 3908 1406 Filir

2342 1459 2460 1498 suo.
2508 1444 2573 1498 Et
2605 1455 2659 1498 ut
2691 1445 2848 1500 sciret
2876 1445 3066 1508 Adam,
3093 1445 3288 1497 animal
3319 1443 3650 1498 formandum
3697 1443 3911 1512 :cqualir

2341 1552 2462 1590 cum
2509 1537 2621 1604 ipso
2649 1535 2916 1605 dignitatis
2961 1534 3091 1600 lore,
3138 1535 3336 1588 idcirco
3377 1531 3822 1602 quemadmodum
3849 1532 3920 1586 de

2344 1625 2458 1694 ipso
2484 1625 2708 1690 dicebat,
2749 1623 3040 1686 Faciamus,
3067 1625 3144 1676 sic
3178 1631 3231 1675 et
3259 1637 3399 1676 nunc
3436 1621 3573 1676 dixit
3602 1638 3614 1673 :
3643 1619 3916 1672 Faciamus

2343 1717 2623 1785 adjutorem
2661 1714 2933 1766 secundum
2972 1714 3134 1765 illum.
3170 1711 3462 1781 Utrumque
3503 1711 3727 1764 multum
3761 1711 3920 1763 habet

2346 1806 2616 1875 ponderis,
2646 1814 2756 1858 tum
2781 1801 2921 1873 quod
2971 1803 3060 1863 ait,
3095 1803 3408 1871 Adjutorem,
3439 1811 3546 1854 tum
3578 1799 3717 1869 quod
3749 1799 3919 1861 addit,

2347 1897 2637 1950 Secundum
2667 1896 2831 1949 illum.
2858 1893 3011 1956 Nolo,
3045 1895 3234 1962 inquit,
3267 1894 3414 1946 illum
3460 1892 3631 1946 solum
3658 1905 3798 1953 esse,
3826 1890 3922 1943 sed

2349 1987 2542 2040 habere
2559 2000 2622 2040 es
2651 1986 2999 2040 contubernio
3019 1984 3435 2038 consolationem
3465 1983 3715 2051 aliquam,
3751 1995 3924 2048 neque

2349 2075 2450 2130 hoc
2497 2077 2692 2138 solum,
2743 2076 2836 2129 sed
2871 2072 3240 2142 producendus
3275 2083 3356 2125 cst
3397 2071 3607 2139 adjutor
3649 2069 3744 2138 ipsi
3789 2085 3924 2122 con-

2349 2180 2581 2236 gruens;
2612 2165 2886 2218 mulierem
2931 2163 3222 2216 insinuans.
3258 2161 3546 2230 Propterea
3585 2174 3704 2213 cum
3751 2160 3922 2211 dixis-

2349 2269 2429 2310 set
2464 2273 2475 2308 :
2511 2253 2777 2307 Faciamus
2803 2255 2876 2306 illi
2906 2253 3211 2322 adjutorem,
3240 2251 3404 2312 addit,
3438 2251 3729 2304 Secundum
3755 2250 3922 2312 illum,

2350 2357 2408 2402 ut
2433 2362 2552 2402 cum
2583 2345 2780 2398 videris
2816 2344 2993 2397 statim
3023 2342 3211 2396 adduci
3244 2342 3460 2406 bestias,
3489 2351 3544 2394 et
3572 2340 3746 2393 omnia
3774 2341 3926 2391 vola-

2349 2440 2462 2493 tilia
2496 2438 2633 2503 cmli,
2681 2453 2748 2492 ne
2791 2447 2943 2506 putes
2971 2435 3037 2490 de
3081 2434 3189 2488 illis
3235 2448 3353 2486 esse
3391 2431 3609 2485 dictum.
3642 2430 3770 2484 Nam
3805 2431 3929 2484 licet

2353 2530 2516 2584 multa
2544 2529 2922 2584 irrationabilia
2965 2526 3250 2580 animantia
3281 2524 3531 2592 adiuvent
3579 2524 3724 2576 illum
3766 2524 3816 2576 in
3849 2523 3928 2574 la-

2350 2622 2568 2676 boribus
2596 2622 2729 2685 suis,
2764 2621 2964 2674 nullutn
2992 2629 3165 2672 tamen
3195 2633 3289 2686 par
3316 2627 3396 2670 est
3423 2615 3662 2669 rationali
3692 2615 3922 2667 mulieri.

2351 2713 2504 2767 Unde
2529 2727 2648 2766 cum
2679 2711 2921 2773 dixisset,
2953 2710 3246 2776 Ailjutorem
3276 2706 3548 2760 secundum
3593 2706 3758 2768 illum,
3801 2705 3930 2757 sub-

2351 2803 2426 2857 dit
2457 2822 2468 2856 :
2505 2802 2584 2856 l9.
2616 2801 2680 2854 Et
2711 2800 2940 2869 formavit
2991 2798 3127 2850 Deus
3171 2798 3334 2848 adhuc
3380 2797 3441 2848 de
3471 2806 3603 2848 terra
3646 2811 3816 2847 omnes
3841 2794 3928 2845 be-

2351 2896 2472 2948 stias
2493 2894 2622 2962 agri,
2651 2903 2696 2946 et
2719 2893 2885 2944 omnia
2909 2890 3129 2942 volatilia
3155 2889 3285 2953 etrli,
3314 2897 3358 2940 et
3380 2887 3522 2939 «luxit
3547 2886 3634 2938 illa
3655 2887 3722 2936 ad
3743 2886 3926 2948 Adam,

2351 2997 2404 3036 ut
2436 2985 2617 3036 rideret
2645 2982 2764 3050 quid
2795 2990 2987 3032 rorare!
3015 2980 3103 3030 illa
3119 2995 3137 3040 ;
3164 2987 3208 3029 et
3233 2993 3378 3030 onme
3403 2976 3748 3046 quodcumque
3777 2990 3928 3027 cocc-

2351 3076 2417 3126 rit
2448 3073 2611 3126 Adam
2651 3073 2868 3122 animum
2909 3070 3166 3131 uirentem,
3213 3068 3305 3118 hoc
3338 3075 3406 3118 est
3451 3081 3627 3117 nomen
3676 3065 3768 3116 illi.
3812 3063 3928 3116 Non

2356 3174 2576 3225 temere,
2621 3176 2790 3230 neque
2834 3159 3032 3227 absque
3078 3172 3237 3210 causa
3289 3159 3388 3208 huc
3439 3153 3633 3208 factum
3679 3164 3781 3217 est,
3831 3152 3928 3205 sed

2355 3265 2569 3323 propter
2607 3267 2666 3305 ea
2697 3267 2816 3320 quze
2843 3252 2998 3319 paulo
3041 3258 3158 3317 post
3205 3249 3373 3299 futura
3401 3255 3571 3299 crant.
3623 3245 3758 3298 Deus
3784 3246 3929 3298 enim

2352 3359 2472 3398 cum
2503 3342 2773 3411 prmsciret
2796 3340 2920 3410 quid
2945 3355 3046 3392 non
3077 3339 3242 3392 multo
3270 3346 3388 3407 post
3408 3345 3720 3390 eventurqu
3761 3345 3930 3402 esset,

2353 3435 2585 3489 ostendit
2625 3434 2777 3487 nobis
2806 3441 3054 3500 quantam
3093 3429 3404 3499 sapientiam
3433 3429 3647 3482 condito
3675 3443 3704 3479 a
3745 3443 3802 3482 se
3832 3429 3931 3480 ho-

2357 3527 2482 3579 mini
2513 3525 2682 3589 dedit,
2722 3533 2781 3579 ut
2817 3538 2936 3576 cum
2963 3521 3329 3591 praevaricatio
3369 3519 3597 3572 mandati
3625 3535 3655 3572 a
3688 3519 3793 3572 Deo
3818 3517 3928 3572 dati

2353 3619 2642 3686 contingat.
2675 3632 2778 3670 non
2808 3624 3018 3684 putetur
3042 3629 3135 3684 per
3163 3611 3508 3682 ignorantiam
3537 3626 3804 3680 peccasse,
3833 3611 3929 3664 sed

2353 3709 2491 3762 scire
2517 3707 2689 3776 possis
2717 3706 2920 3773 lapsum
2953 3705 3099 3757 illum
3140 3718 3205 3758 ex
3233 3701 3434 3756 desidia
3465 3703 3645 3755 fuisse.

2426 3799 2480 3852 5.
2523 3797 2652 3850 Nam
2698 3795 2838 3864 quod
2894 3809 3082 3862 magna
3132 3794 3387 3861 sapientia
3433 3791 3684 3861 przrditus
3738 3793 3928 3857 fuerit,

2355 3891 2498 3944 disce
2519 3905 2582 3942 es
2615 3889 2676 3942 iis
2701 3902 2818 3955 quae
2850 3901 2984 3940 nunc
3011 3889 3157 3939 llunt.
3188 3885 3252 3938 Et
3280 3884 3493 3936 adduxit
3516 3885 3625 3946 illa,
3653 3883 3838 3951 inquit,
3859 3884 3930 3935 ad

2360 3981 2543 4043 Adam,
2593 3988 2647 4029 ut
2693 3976 2878 4029 videret
2924 3976 3044 4044 quid
3081 3985 3273 4028 vocaret
3302 3975 3411 4026 illa.
3445 3973 3592 4027 Fecit
3622 3971 3722 4026 hoc
3766 3973 3928 4034 Dens,

2358 4069 2816 4122 demonstraturus
2856 4066 3010 4118 nobis
3055 4078 3297 4133 magnam
3331 4063 3470 4116 illius
3495 4062 3826 4132 sapientiam.
3864 4063 3932 4117 Et

2359 4157 2548 4209 iterum
2573 4195 2588 4220 ,
2638 4154 2784 4220 Quod
2820 4154 3008 4206 vocavit
3035 4193 3050 4217 ,
3106 4153 3314 4221 inquit,
3347 4152 3547 4214 Adam,
3586 4155 3678 4205 hoc
3716 4161 3789 4204 est
3832 4169 3931 4205 no-

2358 4262 2469 4299 men
2498 4245 2593 4296 illi.

2427 4335 2608 4388 Adami
2635 4333 2880 4400 sapientia
2905 4349 2922 4395 ;
2948 4331 3148 4384 libertas
3176 4327 3389 4382 arbitrii.
3416 4357 3489 4367 —
3513 4326 3730 4380 Factum
3752 4337 3930 4382 autem

2359 4427 2458 4480 hoc
2479 4434 2578 4486 est,
2609 4439 2712 4476 non
2744 4433 2799 4475 nt
2822 4422 3088 4474 discamus
3109 4419 3251 4472 illius
3271 4417 3582 4486 sapientiam
3612 4417 3805 4481 solum,
3833 4419 3930 4472 sed

2359 4530 2414 4572 nt
2439 4527 2491 4570 et
2529 4516 2826 4586 symbolum
2853 4513 3070 4566 dominii
3101 4526 3195 4579 per
3240 4512 3509 4564 nominum
3538 4509 3933 4578 impositionem

2359 4617 2726 4676 cognoscatur.
2755 4604 2884 4656 Nam
2935 4611 2989 4656 et
3029 4601 3332 4654 hominibus
3376 4614 3492 4654 mos
3519 4609 3600 4654 est
3631 4598 3730 4653 hoc
3757 4598 3932 4653 facere

2362 4701 2413 4752 in
2443 4700 2648 4765 signum
2677 4693 2916 4756 dominii,
2948 4701 3006 4745 ut
3030 4706 3149 4744 cum
3195 4702 3379 4743 servos
3419 4688 3664 4752 emcriut,
3694 4688 3933 4756 ipsorum

2361 4790 2573 4842 nomina
2618 4793 2839 4838 mutent.
2870 4782 3021 4835 Unde
3048 4792 3100 4835 et
3131 4781 3296 4833 Adam
3325 4780 3556 4844 instruit,
3588 4789 3646 4831 ut
3683 4779 3934 4832 omnibus

2362 4879 2530 4932 brutis
2556 4889 2818 4944 tamquam
2843 4874 3089 4926 dominus
3121 4873 3332 4926 nomina
3363 4871 3524 4924 indat.
3556 4869 3630 4925 Ne
3660 4871 3820 4939 igitur
3851 4870 3934 4926 hic

2363 4969 2536 5022 subito
2575 4978 2880 5036 praetereas,
2928 4964 3138 5024 dilecte,
3187 4961 3325 5030 quod
3369 4961 3582 5026 dicitur,
3628 4961 3720 5015 sed
3759 4963 3932 5030 cogita

2362 5069 2570 5130 quanta:
2621 5058 2779 5110 fuerit
2818 5054 3092 5123 sapientia:
3144 5063 3219 5106 tot
3265 5052 3566 5122 generibus,
3607 5051 3923 5111 volatilibus.

2364 5149 2654 5218 reptilibus,
2682 5148 2826 5208 leris,
2858 5143 3133 5212 iumentis,
3158 5152 3212 5196 et
3240 5142 3359 5196 aliis
3386 5142 3570 5206 brutis,
3600 5141 3930 5207 domesticis,

2363 5249 2417 5295 et
2442 5240 2756 5309 agrestibus,
2789 5248 2841 5290 et
2871 5238 2923 5290 iu
2960 5251 3093 5304 aqua
3124 5235 3281 5288 vitam
3309 5234 3604 5303 agentibus,
3651 5243 3706 5288 et
3734 5247 3764 5286 e
3793 5246 3932 5286 terra

2367 5332 2655 5402 productis,
2686 5340 2739 5384 et
2783 5331 2833 5382 in
2865 5342 3069 5380 summa
3111 5327 3356 5380 omnibus
3389 5328 3600 5394 propria
3644 5335 3697 5378 et
3741 5339 3933 5377 conve-

2366 5425 2558 5478 nientia
2591 5439 2698 5476 sua:
2745 5432 2946 5474 natura!
2986 5421 3260 5486 imponere
3291 5418 3526 5471 nomina.
3576 5415 3705 5470 Nam
3751 5414 3930 5479 Quod—

2362 5530 2575 5584 cumque
2600 5513 2786 5566 vocat'il
2814 5512 2995 5570 Adam,
3025 5511 3210 5578 inquit,
3243 5511 3334 5562 hoc
3364 5524 3539 5562 nomen
3567 5519 3638 5560 est
3665 5508 3759 5559 illi.
3791 5504 3934 5559 Vidi-

2363 5609 2431 5662 sti
2459 5613 2873 5659 eonsmumatam
2903 5602 3225 5670 potentiam?
3256 5600 3426 5654 vidisti
3455 5599 3674 5654 dominii
3701 5597 3933 5650 auctori-

2365 5698 2564 5752 tatem?
2593 5694 2862 5764 Perpende
2881 5709 2999 5748 cum
3023 5693 3138 5746 aliis
3160 5694 3316 5747 etiam
3340 5693 3459 5754 hoc,
3487 5690 3626 5761 quod
3655 5701 3707 5744 et
3729 5690 3933 5751 leones,

2367 5798 2417 5841 ct
2447 5785 2617 5859 pardi,
2665 5795 2719 5842 et
2747 5785 2959 5854 vipera,
2989 5793 3042 5840 et
3078 5785 3290 5854 scorpii,
3321 5794 3371 5839 et
3413 5789 3707 5852 serpentes,
3740 5787 3791 5834 ct
3829 5781 3934 5834 abs
