4152 6488
659 436 759 492 ιη

654 564 1030 619 pmponamus.
1072 548 1306 603 Audistis
1329 551 1473 604 enim
1500 551 1657 604 modo
1681 552 2006 621 Scripturam
2033 549 2216 603 dicen-

656 650 760 691 tem
791 658 805 692 :
828 639 918 692 20.
946 638 1072 692 Ade
1090 655 1204 693 vero
1228 655 1329 693 non
1353 641 1578 694 inventus
1601 651 1673 696 est
1697 642 1904 709 adiutor
1926 640 2101 694 similis
2119 639 2216 694 illi.

650 726 787 794 Quid
827 727 928 781 sibi
969 729 1077 782 vult
1106 723 1280 783 bre’vis
1328 730 1443 785 haec
1482 730 1665 795 dictio,
1695 733 1821 785 Ade.-
1866 731 2016 786 vero!
2053 744 2220 800 quare

653 817 869 886 apponit
884 819 1341 888 eonjunctionem?
1355 834 1530 875 annon
1541 820 1826 877 adliciebat
1840 819 2035 884 dicere,
2054 820 2182 875 Adae
2196 821 2221 874 2

653 903 766 959 Non
793 906 989 976 absque
1017 907 1218 961 ratione
1238 947 1254 972 ,
1277 923 1451 978 neque
1475 910 1792 965 curiositatis
1832 910 1999 978 gratia
2051 909 2222 978 inqui-

655 998 804 1050 rendi
837 997 955 1050 talia
981 997 1134 1051 nobis
1171 998 1378 1052 animus
1399 1011 1511 1065 est,
1541 999 1634 1054 sed
1655 1008 1713 1054 ut
1739 999 2021 1068 diligenter
2042 999 2221 1054 omnia

653 1086 803 1139 vobis
830 1085 1258 1155 interpretantes,
1281 1088 1562 1144 doceamus
1590 1103 1684 1143 vos
1726 1103 1897 1158 neque
1935 1089 2219 1144 dictionem

655 1185 891 1240 parvam,
920 1190 1091 1246 neque
1117 1177 1370 1248 syllabam
1401 1192 1557 1232 unam
1586 1178 1638 1232 in
1669 1179 1862 1234 divinis
1883 1178 2072 1234 Uteris
2090 1193 2222 1232 con-

657 1269 853 1316 sentam
879 1278 999 1320 esse
1034 1266 1476 1334 pretercundam.
1510 1267 1624 1321 Non
1675 1270 1816 1323 enim
1840 1269 1996 1324 verba
2021 1266 2224 1338 qualia-

653 1365 881 1420 cumque
908 1360 1049 1416 sunt,
1075 1353 1168 1408 sed
1194 1354 1419 1422 Spiritus
1445 1357 1616 1410 sancti
1648 1357 1804 1412 verba
1821 1398 1836 1418 .
1859 1365 1915 1411 et
1943 1365 2222 1425 propterea

657 1458 903 1513 magnum
940 1444 1010 1498 ibi
1040 1447 1341 1500 thesaurum
1371 1447 1608 1502 invenire
1651 1447 1800 1512 licet,
1836 1447 1993 1501 etiam
2033 1448 2087 1501 in
2118 1461 2220 1500 una

656 1534 876 1602 syllaba.
902 1535 1208 1590 Auscultate
1237 1537 1414 1606 igitur,
1444 1539 1688 1602 obsecro,
1705 1552 1890 1608 magna
1911 1536 2218 1606 diligentia;

658 1624 831 1680 nullus
870 1625 1046 1690 deses,
1083 1626 1258 1680 nullus
1308 1629 1696 1682 somniculosus
1735 1631 1822 1692 sit,
1845 1643 2032 1683 omnes
2078 1626 2223 1698 vigili

655 1717 834 1770 animo
857 1715 1068 1780 adeste;
1092 1709 1264 1771 nullus
1288 1718 1522 1773 externis
1538 1717 1969 1787 occupationibus
1989 1725 2221 1772 mentem

654 1804 930 1867 distrahat,
962 1805 1165 1860 nullum
1190 1807 1471 1861 saeculares
1494 1821 1636 1862 cura:
1661 1808 1942 1878 abripiant,
1958 1807 2055 1862 sed
2079 1807 2226 1876 cogi-

655 1902 731 1948 tet
759 1896 1117 1966 unusquisque
1162 1897 1454 1966 spiritualis
1499 1898 1654 1968 hujus
1695 1899 2116 1969 congregationis
2144 1897 2223 1952 di-

653 1984 926 2052 gnitatem,
954 1995 1007 2038 et
1029 1999 1092 2040 ea
1119 2001 1238 2055 qua:
1279 1986 1574 2042 audivimus
1600 1987 1766 2042 Deum
1792 1989 1944 2043 nobis
1984 2003 2078 2058 per
2102 2004 2224 2058 pro-

657 2074 932 2142 phetarum
954 2077 1182 2146 linguam
1207 2078 1385 2133 dicere
1408 2095 1424 2133 :
1449 2079 1627 2148 sicque
1650 2094 1808 2134 aures
1831 2080 2028 2150 arrigat
2060 2088 2115 2135 et
2139 2079 2221 2134 in-

657 2173 854 2218 tentam
906 2174 1135 2220 mentem
1184 2166 1463 2230 adhibeat,
1512 2183 1577 2221 ne
1618 2167 1818 2237 aliquid
1865 2183 2050 2223 eorum
2103 2184 2222 2237 quze

655 2253 996 2318 seminanius,
1027 2254 1081 2310 in
1110 2264 1310 2324 petram
1337 2256 1511 2321 cadat,
1531 2258 1614 2312 vel
1635 2272 1789 2314 secus
1804 2259 1962 2321 viam,
1981 2259 2063 2313 vel
2085 2260 2223 2313 inter

653 2341 867 2411 spinas;
897 2341 991 2397 sed
1016 2357 1176 2399 omne
1213 2360 1396 2400 semen
1427 2349 1478 2400 in
1507 2355 1702 2400 terram
1732 2347 1954 2410 bonam,
1981 2348 2222 2402 latitudi-

657 2445 778 2484 nem
826 2431 948 2486 dico
998 2433 1191 2488 mentis
1236 2445 1446 2503 vestrm,
1484 2437 1797 2506 projectum,
1827 2439 2027 2509 largum
2073 2439 2224 2492 vobis

656 2523 882 2578 fructum
903 2524 1092 2581 alferre
1117 2537 1292 2596 queat,
1320 2538 1373 2583 et
1401 2545 1429 2580 a
1459 2530 1608 2583 nobis
1635 2523 1936 2588 concredita
1965 2531 2221 2603 multipli-

654 2621 760 2666 cet.
799 2612 1060 2668 Cancrum
1087 2616 1360 2672 videamus
1383 2617 1505 2687 quid
1526 2618 1626 2675 sibi
1657 2621 1786 2675 velit
1811 2619 1969 2690 hujus
1987 2620 2220 2690 conjun-

654 2703 848 2758 ctionis
870 2706 1056 2774 copula
1089 2723 1101 2758 :
1134 2707 1260 2760 Atlas
1310 2723 1424 2762 vero
1477 2725 1578 2763 non
1627 2711 1970 2766 inveniebatur
2019 2714 2226 2784 adjutor

653 2792 835 2846 similis
861 2793 958 2847 illi.
1003 2794 1154 2862 Vide,
1182 2795 1424 2860 obsecro,
1450 2798 1643 2854 divinat
1683 2799 1968 2870 Scriptura:
2005 2817 2224 2858 accura-

657 2893 765 2936 tam
784 2883 1129 2955 diligentiam.
1157 2886 1438 2958 Postquam
1457 2889 1610 2955 dixit,
1640 2891 1764 2945 Ade
1787 2907 1902 2946 vero
1926 2909 2028 2946 non
2052 2893 2225 2946 iaeeu-

658 2986 737 3029 tus
762 2986 832 3030 est
851 2976 1054 3046 adjutor
1083 2979 1100 3009 ¹
1133 2993 1148 3028 :
1183 2993 1287 3033 non
1313 2979 1386 3035 ibi
1406 2980 1658 3045 substitit,
1680 2981 1773 3038 sed
1802 2982 2032 3052 adjecit,
2062 2983 2225 3038 Simi-

658 3065 723 3119 lis
748 3066 824 3118 illi
851 3082 870 3120 :
891 3067 1247 3123 additamenta
1274 3069 1368 3125 illo
1406 3085 1619 3126 causam
1645 3072 1799 3127 nobis
1825 3073 2129 3137 declarans,
2154 3073 2227 3128 ob

658 3171 817 3225 quam
845 3157 1230 3227 conjunctiouis
1248 3161 1489 3230 copulam
1519 3163 1800 3219 addiderit.
1826 3165 2092 3220 Existimo
2105 3181 2229 3221 acu-

658 3251 822 3305 tiores
865 3252 1167 3321 conjectare
1205 3268 1361 3324 posse
1388 3296 1402 3318 .
1443 3267 1498 3311 et
1539 3258 1832 3326 prmvidere
1872 3258 1994 3327 quid
2035 3259 2226 3315 dicturi

656 3339 843 3394 simus.
886 3339 1077 3395 Verum
1098 3343 1220 3413 quia
1249 3344 1415 3399 nostri
1439 3344 1598 3402 oflicii
1628 3358 1707 3402 est
1730 3388 1747 3414 ,
1773 3347 1863 3417 qui
1892 3361 2226 3402 communem

656 3429 902 3484 omnibus
921 3429 1213 3486 doctrinam
1245 3433 1579 3502 proferimus,
1608 3437 1854 3492 omnibus
1873 3438 2031 3492 etiam
2058 3436 2231 3492 mani-

658 3519 792 3574 festa
823 3519 994 3576 facere
1018 3538 1137 3592 quae
1161 3539 1191 3577 a
1217 3525 1370 3580 nobis
1396 3526 1642 3582 dicuntur
1663 3569 1677 3593 ,
1705 3543 1802 3599 age
1821 3529 2108 3585 doceamus
2132 3545 2226 3585 vos

655 3609 805 3678 cujus
827 3612 993 3680 gratia
1018 3613 1099 3667 sic
1121 3612 1344 3678 dixerit;
1367 3616 1459 3670 sed
1486 3631 1767 3686 parumper
1786 3620 2060 3675 sustinete.
2091 3618 2224 3673 Nam

658 3709 936 3768 postquam
974 3700 1026 3754 in
1055 3703 1415 3771 superioribus
1432 3704 1606 3771 dictis,
1634 3708 1770 3762 sicut
1788 3723 2054 3764 memores
2074 3709 2224 3772 estis,

655 3789 926 3858 Scriptura
977 3790 1154 3846 divina
1197 3793 1457 3859 dixisset,
1506 3794 1778 3851 Faciamus
1825 3799 1902 3852 illi
1944 3801 2228 3868 adjutorem

657 3877 930 3932 secundum
950 3895 1098 3934 am:
1129 3884 1305 3935 statim
1325 3883 1508 3938 docuit
1532 3899 1629 3938 nos
1658 3885 1965 3951 bestiarum,
1991 3896 2046 3943 et
2067 3890 2229 3958 repti-

659 3970 785 4023 lium
811 3979 864 4024 et
887 3970 1158 4026 brutorum
1180 3976 1412 4028 omnium
1440 3974 1841 4043 formationem;
1869 3978 1943 4033 ait
1969 3981 2133 4046 enim,
2161 3978 2227 4033 Et

658 4058 890 4141 formavit
910 4058 1047 4114 Deus
1065 4061 1232 4116 adhuc
1256 4063 1318 4116 de
1336 4073 1466 4118 terra
1486 4081 1655 4121 omnes
1682 4065 1880 4132 bestias,
1923 4077 1972 4122 et
2004 4068 2228 4123 volucres

657 4149 788 4210 ccli,
811 4158 857 4202 et
872 4150 1014 4204 (lusit
1035 4150 1125 4205 illa
1151 4153 1219 4206 ad
1241 4152 1421 4218 Atlans,
1455 4165 1508 4208 ul
1531 4156 1714 4211 videret
1734 4159 1856 4226 quid
1875 4167 2072 4212 vocaret
2112 4158 2228 4212 illa.

663 4235 730 4291 Et
753 4239 905 4306 quasi
925 4240 1170 4294 dominus
1195 4245 1444 4298 omnibus
1468 4245 1716 4315 imposuit
1744 4247 1979 4313 nomina,
2005 4257 2062 4302 et
2106 4249 2228 4302 uni-

661 4328 852 4398 cuique
897 4329 1206 4396 bestiarum,
1232 4340 1286 4385 et
1332 4333 1624 4397 volucrum,
1654 4345 1710 4390 et
1755 4335 2043 4391 brutorum-
2083 4337 2229 4392 omni

660 4420 839 4486 generi
887 4435 1040 4475 situm
1072 4422 1384 4477 vocabulum
1429 4425 1720 4480 secundum
1769 4442 2076 4484 concessam
2129 4428 2232 4484 sibi

661 4509 972 4577 sapientiam
994 4511 1314 4580 assignavit:
1345 4523 1402 4567 ut
1421 4517 1556 4569 scire
1584 4531 1880 4584 possemus,
1903 4533 2087 4572 omnes
2115 4518 2231 4573 illas

660 4608 951 4664 creaturas,
977 4601 1103 4656 licet
1148 4603 1348 4657 homini
1393 4606 1694 4676 ministrent
1741 4617 1798 4661 et
1838 4622 1935 4662 nos
1979 4608 2232 4678 adjuvent

660 4689 997 4756 cooperando
1021 4691 1316 4755 nobiscum,
1356 4694 1741 4750 irrationabiles
1782 4706 1955 4753 tatuen
2001 4707 2234 4766 esse,et

665 4779 880 4834 homine
921 4780 1074 4851 longe
1118 4782 1429 4852 inferiores;
1458 4786 1599 4840 unde
1641 4802 1709 4841 ue
1738 4798 1981 4856 putemus
2003 4805 2125 4845 eum
2161 4789 2230 4846 de

664 4868 771 4924 illis
794 4868 1012 4935 dixisse,
1051 4869 1322 4925 Faciamus
1346 4874 1423 4926 illi
1449 4876 1754 4945 adjutorens.
1777 4876 1909 4932 Nam
1935 4879 2056 4934 licet
2078 4880 2232 4949 adju-

663 4967 812 5023 vent,
841 4972 896 5016 et
923 4960 977 5015 in
1018 4962 1196 5016 multis
1217 4963 1511 5020 ministerio
1546 4981 1644 5020 suo
1668 4968 1866 5024 homini
1911 4971 2066 5026 utiles
2096 4974 2224 5037 sint,

665 5052 872 5107 ratione
899 5061 1075 5108 tamen
1095 5063 1296 5110 carent.
1337 5055 1478 5112 Sane
1504 5059 1646 5128 quod
1683 5059 1867 5127 juvent
1889 5077 1988 5118 nos
2005 5102 2021 5129 ,
2050 5079 2228 5119 rerum

662 5143 817 5200 docet
840 5146 1182 5213 experientia.
1203 5147 1318 5202 Alia
1337 5147 1477 5202 enim
1493 5149 1638 5204 utilia
1655 5159 1779 5205 sunt
1796 5152 1860 5206 ad
1883 5153 2230 5211 convehenda

669 5237 992 5300 necessaria,
1011 5237 1113 5292 alia
1139 5235 1206 5292 ad
1232 5237 1507 5292 colendam
1533 5247 1750 5295 terram.
1796 5240 2228 5315 Quandoquidem

663 5325 763 5380 bos
783 5335 1014 5380 aratrum
1039 5325 1217 5392 trahit,
1243 5328 1420 5383 sulcos
1449 5337 1611 5393 secat,
1639 5339 1694 5386 et
1726 5333 1871 5386 varia
1897 5332 2231 5402 agriculturae

664 5430 826 5485 opera
846 5427 1086 5482 exercet;
1110 5417 1292 5472 asinus
1305 5417 1372 5472 ad
1381 5420 1722 5476 convehenda
1737 5425 2031 5478 necessaria
2046 5424 2230 5480 admo-

662 5507 790 5561 dum
815 5507 958 5562 utilis
977 5514 1061 5562 est
1081 5548 1097 5572 ,
1122 5517 1174 5562 et
1196 5508 1443 5579 pleraque
1461 5509 1707 5566 animalia
1730 5511 1834 5568 alia
1862 5513 2100 5583 corporis
2133 5529 2231 5568 no-

664 5597 761 5651 stri
807 5596 927 5652 usui
975 5597 1227 5654 serviunt.
1267 5597 1476 5654 Etenim
1517 5614 1645 5656 oves
1669 5602 1842 5660 lanam
1872 5603 1940 5660 ad
1971 5605 2229 5674 parandas

725 5771 743 5804 ο
777 5771 911 5823 savii.
940 5783 989 5827 et
1245 5778 1434 5841 adjutor
1457 5777 1624 5830 unum
1649 5778 1737 5830 an.

1354 435 1410 491 S.
1447 434 1721 494 JOANNIS
1742 433 2209 493 CIIRYSOSTOIII
2246 430 2562 490 ABClilEP.
2599 429 3124 490 CONSTANTINOP.

2325 556 2503 601 vestes
2533 546 2786 615 praebent,
2815 555 2870 600 et
2911 559 3085 615 caprze
3108 559 3175 600 ex
3201 544 3312 599 suis
3335 542 3454 614 pilis
3493 539 3690 612 aliquid
3712 546 3894 595 nostro

2326 636 2624 691 ministerio
2668 635 2913 700 aderunt,
2947 635 3184 704 Iucteque
3233 645 3286 689 et
3326 634 3432 688 alio
3477 645 3688 701 quoque
3733 629 3889 682 modo

2324 741 2501 783 escam
2528 725 2784 796 praebent.
2825 725 3052 780 Proinde
3081 740 3147 779 ne
3165 724 3434 780 existimes
3451 764 3468 789 ,
3496 722 3547 777 id
3569 717 3711 792 quod
3734 731 3892 784 supra

2325 817 2474 883 dicit,
2502 815 2775 871 Faciamus
2798 817 2876 872 illi
2908 815 3211 885 adjutorem,
3241 815 3309 869 de
3336 814 3441 869 illis
3465 813 3664 868 dictum
3709 824 3726 862 :
3773 805 3892 863 ideo

2326 923 2467 963 nunc
2515 921 2815 962 sermonem
2860 906 3136 974 incipiens,
3167 904 3356 973 inquit,
3383 901 3508 956 Adae
3541 914 3658 954 vero
3685 913 3788 950 uae
3813 896 3894 949 in-

2325 1007 2499 1051 ventus
2525 1007 2598 1050 est
2616 996 2820 1066 adjutor
2861 994 3044 1049 similis
3077 995 3123 1048 ei
3144 1009 3164 1050 :
3187 993 3336 1063 quasi
3351 992 3566 1046 doceret
3593 1002 3690 1043 nos
3709 987 3897 1042 beatus

2324 1087 2499 1142 Moses
2520 1125 2539 1154 ,
2567 1096 2624 1141 et
2649 1085 2766 1140 bare
2799 1083 3005 1139 diceret
3047 1084 3210 1138 verba
3243 1099 3257 1136 :
3291 1082 3415 1137 liae
3462 1078 3639 1135 omnia
3681 1075 3896 1147 quidem

2325 1176 2581 1247 producta
2606 1183 2750 1240 sunt,
2782 1174 2919 1230 etab
2943 1171 3116 1228 Alam
3157 1187 3251 1228 sua
3298 1177 3618 1240 acceperunt
3660 1169 3895 1234 nomina,

2325 1268 2526 1323 nullum
2554 1275 2732 1322 tamen
2773 1281 2839 1323 ex
2868 1266 2934 1321 iis
2985 1264 3234 1320 omnibus
3255 1262 3472 1333 dignum
3501 1260 3602 1314 fuit
3627 1260 3896 1314 inventum

2324 1358 2466 1429 quod
2493 1358 2640 1412 illum
2665 1355 2958 1426 adjuvaret.
3002 1355 3126 1410 ideo
3149 1354 3334 1408 volens
3360 1367 3458 1406 nos
3481 1349 3676 1405 docere
3705 1347 3901 1418 produ-

2324 1448 2480 1504 cendi
2517 1447 2762 1502 animalis
2806 1446 3199 1511 formationem,
3231 1452 3286 1499 et
3313 1443 3549 1498 indicare
3575 1439 3769 1495 animal
3797 1437 3899 1495 hoc

2326 1538 2724 1609 producendum
2775 1536 2913 1591 istud
2940 1538 3111 1606 ipsum
3159 1549 3277 1589 esse
3301 1534 3368 1589 de
3395 1547 3504 1603 quo
3527 1531 3757 1596 dicebat,
3793 1528 3899 1583 Fa-

2325 1630 2520 1682 ciamus
2570 1627 2646 1680 illi
2687 1627 2970 1697 adjutorem
3017 1624 3292 1679 secundum
3329 1624 3496 1689 illum,
3549 1620 3776 1676 similem
3823 1618 3899 1674 illi

2327 1716 2517 1785 inquit,
2551 1714 2655 1770 hoc
2695 1726 2799 1782 est,
2841 1714 3079 1784 ejusdem
3124 1713 3451 1774 substantia,
3501 1711 3616 1781 ipso
3657 1709 3897 1780 dignum,

2328 1808 2444 1878 ipso
2470 1807 2599 1861 nihil
2629 1807 2928 1861 inferiorem
2955 1821 2969 1858 :
3001 1815 3056 1861 et
3081 1805 3218 1860 hanc
3253 1804 3324 1859 ob
3364 1819 3478 1858 rem
3517 1803 3748 1868 dicebat,
3775 1803 3899 1856 Ma

2325 1915 2440 1953 vero
2467 1913 2571 1951 non
2613 1897 2954 1951 inveniebatur
2991 1895 3198 1966 adjutor
3223 1895 3402 1949 similis
3446 1894 3522 1947 illi
3549 1908 3570 1947 :
3596 1901 3900 1946 molnstrans

2331 1988 2484 2043 nobis
2508 1987 2694 2042 beatus
2717 1986 2804 2040 ille
2823 2027 2838 2050 ,
2861 1995 3345 2055 quantumcumque
3368 1982 3521 2038 nobis
3549 1980 3898 2036 ministerium

2326 2077 2610 2133 exhibeant
2644 2076 2756 2130 haec
2787 2076 2937 2130 bruta
2956 2114 2974 2140 ,
3004 2074 3145 2128 aliud
3173 2082 3348 2127 tamen
3371 2069 3638 2142 quoddam
3688 2069 3897 2136 adjuto-

2323 2167 2459 2222 rium
2487 2180 2607 2221 esse
2626 2165 2804 2220 multis
2827 2165 3063 2220 numeris
3087 2164 3448 2227 excellentius,
3469 2160 3610 2233 quod
3632 2175 3662 2214 a
3678 2159 3901 2214 muliere

2325 2259 2455 2314 Adae
2487 2267 2784 2328 prcstatur.

2393 2351 2450 2404 2.
2491 2350 2671 2422 itaque
2694 2350 2820 2420 quia
2841 2347 3089 2405 omnibus
3113 2345 3428 2403 animalibus
3463 2343 3572 2414 jam
3605 2340 3901 2412 productis.

2326 2452 2382 2499 et
2408 2458 2561 2497 suum
2609 2456 2802 2497 nomen
2832 2455 2862 2496 a
2895 2441 3063 2507 primo
3114 2438 3330 2494 homine
3373 2435 3597 2503 sortitis,
3643 2432 3902 2502 benignus

2327 2534 2581 2589 Dominus
2609 2533 2836 2588 similem
2869 2531 2945 2586 illi
2969 2531 3266 2600 adjutorem
3287 2537 3346 2582 ut
3373 2525 3690 2597 produceret
3723 2521 3902 2592 inqui-

2326 2622 2477 2678 rcbat
2507 2621 2633 2692 :qui
2677 2621 2855 2676 omnia
2883 2628 3094 2689 propter
3132 2618 3402 2673 hominem
3424 2630 3456 2670 a
3503 2627 3565 2670 se
3617 2613 3900 2668 formatum

2327 2711 2619 2782 dispensat,
2643 2718 2698 2764 et
2726 2717 2940 2780 propter
2965 2709 3106 2762 hunc
3129 2720 3342 2762 omnem
3385 2703 3644 2760 visibilem
3689 2710 3901 2755 creatu-

2329 2817 2441 2857 ram
2482 2799 2750 2870 produxit,
2773 2801 2817 2854 is
2863 2814 2986 2854 cum
3041 2799 3162 2853 aliis
3213 2796 3460 2852 omnibus
3508 2803 3565 2848 et
3615 2791 3901 2847 mulierem

2328 2891 2541 2947 format.
2581 2891 2652 2946 Et
2697 2891 2820 2944 vide
2860 2905 3017 2960 quam
3057 2889 3342 2960 diligenter
3389 2885 3758 2941 formationem
3802 2895 3905 2937 nos

2327 2981 2533 3036 doceat.
2575 2980 2704 3035 Nam
2735 2987 3012 3049 postquam
3043 2993 3142 3032 nos
3160 2978 3361 3043 docuit,
3391 2989 3450 3031 se
3477 2974 3613 3030 velle
3641 2971 3902 3043 produce-

2330 3089 2389 3130 re
2415 3074 2491 3128 illi
2513 3073 2828 3142 adjutorium
2871 3071 3042 3126 stmile
3073 3069 3175 3140 ipsi
3207 3085 3221 3122 :
3250 3082 3371 3123 nam
3407 3065 3651 3136 superius
3673 3064 3903 3128 dixerat,

2333 3161 2603 3217 Faciamus
2629 3161 2702 3214 illi
2729 3160 3040 3230 adjutorium
3076 3158 3352 3213 secundum
3392 3155 3535 3210 illum
3564 3172 3583 3209 :
3625 3164 3681 3210 et
3708 3153 3796 3209 hic
3819 3153 3905 3208 in-

2331 3252 2465 3322 quit,
2504 3249 2621 3304 Non
2647 3250 2981 3304 invadebatur
3030 3247 3236 3318 adjutor
3275 3245 3454 3300 similis
3481 3244 3560 3299 illi
3605 3260 3626 3298 :
3667 3257 3784 3299 eam
3833 3241 3906 3296 ob

2330 3355 2545 3396 causam
2568 3356 2630 3394 ex
2657 3339 2796 3393 illius
2834 3337 3128 3393 substantia
3172 3337 3340 3408 ipsam
3368 3333 3583 3396 format,
3610 3342 3665 3388 et
3690 3332 3902 3400 inquit:

2329 3430 2421 3484 2i.
2447 3429 2512 3482 Et
2536 3429 2738 3482 immisit
2768 3425 3018 3480 Dominus
3070 3423 3206 3479 Deus
3249 3438 3503 3478 excessum
3549 3423 3603 3476 in
3638 3420 3827 3486 Adam,
3857 3428 3904 3474 st

2331 3520 2581 3573 dormivit.
2615 3517 2681 3570 Et
2707 3518 2900 3587 accepit
2923 3531 3076 3570 unum
3105 3525 3356 3569 costarum
3400 3513 3560 3577 illius,
3587 3519 3635 3565 et
3683 3511 3909 3578 implevit

2331 3625 2532 3663 carnem
2592 3624 2684 3677 pro
2735 3608 2844 3661 illa.
2892 3605 2983 3660 22.
3037 3603 3432 3674 Εάὲβοσυὶιηυ
3479 3601 3719 3655 Dominus
3765 3597 3906 3652 Deus

2331 3709 2519 3754 costam
2546 3740 2562 3764 ,
2591 3714 2740 3768 «om
2763 3698 2954 3766 accepit
2981 3697 3044 3750 de
3070 3697 3232 3749 Adam
3255 3735 3271 3760 ,
3298 3694 3351 3748 in
3378 3691 3660 3757 mulierem,
3689 3700 3737 3744 et
3759 3688 3907 3742 ἀει-τῆ

2331 3790 2473 3843 illam
2499 3788 2566 3842 ad
2603 3789 2786 3841 Adam.
2816 3787 3000 3857 Magna
3041 3786 3323 3841 verborum
3367 3784 3448 3838 vis
3473 3791 3586 3847 est,
3615 3789 3670 3835 et
3690 3793 3906 3836 omnem

2335 3877 2620 3932 humanum
2657 3886 2870 3946 captum
2929 3873 3335 3930 transcendens.
3380 3871 3497 3928 Non
3553 3871 3694 3926 enim
3749 3867 3908 3923 aliter

2335 3976 2554 4038 possunt
2581 3965 2694 4020 haec
2737 3979 2925 4034 magna
2952 3965 3192 4034 intelligi,
3219 3978 3378 4033 quam
3425 3961 3545 4017 fidei
3571 3959 3742 4015 oculis
3769 3972 3906 4013 con-

2332 4068 2531 4126 specta.
2573 4055 2640 4108 Et
2668 4055 2872 4108 immisit
2916 4053 3072 4119 Deus,
3119 4053 3324 4122 inquit,
3354 4066 3605 4105 excessum
3635 4050 3688 4101 iu
3717 4048 3904 4111 Adam,

2333 4157 2381 4199 et
2401 4145 2652 4198 dormivit.
2677 4144 2811 4199 Vide
2830 4158 2986 4214 quam
3007 4151 3252 4198 accurata
3268 4142 3338 4197 sit
3355 4152 3410 4196 et
3429 4141 3621 4196 eximia
3638 4139 3905 4195 doctrina.

2336 4233 2570 4304 Utraque
2609 4234 2785 4303 posuit
2829 4233 3016 4287 beatus
3058 4233 3150 4287 ille
3193 4229 3489 4302 propheta,
3521 4232 3629 4284 imo
3675 4228 3910 4298 Spiritus

2337 4335 2548 4382 sanctus
2574 4339 2667 4394 per
2695 4324 2832 4379 illius
2861 4323 3090 4392 linguam
3122 4363 3137 4387 ,
3163 4322 3363 4376 docens
3389 4335 3488 4374 nos
3534 4319 3791 4374 factorum
3822 4333 3912 4371 se-

2338 4417 2491 4471 riem.
2527 4413 2983 4482 Immisitpinquit,
3015 4427 3268 4466 excessum
3292 4412 3345 4464 in
3370 4411 3553 4472 Atlans,
3575 4420 3624 4463 et
3649 4408 3906 4463 dormivit.

2335 4507 2485 4573 Quod
2517 4515 2642 4560 tunc
2673 4505 2852 4568 fiebat,
2877 4518 3049 4573 neque
3083 4517 3333 4558 excessus
3361 4501 3532 4556 solum
3561 4509 3706 4567 erat,
3735 4515 3909 4569 neqne

2336 4610 2554 4652 somnus
2583 4595 2770 4650 solitus
2796 4612 2809 4647 :
2837 4593 2930 4650 sed
2951 4593 3071 4663 quia
3097 4594 3311 4662 sapiens
3330 4603 3381 4645 et
3403 4590 3571 4646 solers
3597 4599 3793 4644 nostra
3816 4605 3910 4642 na-

2335 4696 2469 4741 tura:
2493 4685 2678 4754 Opilex
2703 4700 2862 4739 unam
2885 4700 2953 4740 ex
2992 4684 3158 4740 costis
3198 4683 3342 4738 illius
3383 4683 3658 4738 ablaturus
3683 4693 3821 4750 erat,
3850 4690 3907 4737 ut

2335 4792 2404 4833 ne
2431 4775 2705 4832 sentiendo
2731 4776 2993 4840 dolorem,
3021 4775 3224 4829 mulieri
3255 4790 3319 4830 ex
3351 4783 3498 4829 costa
3523 4789 3619 4829 sua
3664 4775 3904 4829 formata:

2336 4876 2518 4937 postea
2569 4865 2766 4919 doloris
2816 4878 3019 4919 memor
3067 4862 3305 4918 infensus
3349 4873 3533 4930 esset,
3585 4874 3903 4934 eapvopter,

2336 4958 2574 5011 immisso
2622 4969 2862 5018 excessu,
2895 4961 3042 5008 tanto
3094 4953 3239 5006 illum
3288 4967 3478 5007 somno
3531 4954 3818 5023 oppressit,
3850 4963 3908 5009 ut

2335 5047 2486 5119 quasi
2524 5045 2812 5116 gravedine
2860 5042 3086 5112 quadam
3125 5051 3428 5111 correptus,
3457 5043 3655 5098 nullum
3682 5043 3759 5098 rei
3785 5059 3906 5114 qua

2337 5139 2495 5194 fiebat
2511 5150 2722 5192 sensum
2745 5142 2978 5204 caperet,
3019 5131 3112 5188 se'd
3152 5133 3288 5189 sicut
3326 5135 3556 5202 optimus
3587 5133 3778 5191 aniles
3813 5152 3910 5191 an-

2340 5228 2502 5284 ferret
2527 5228 2668 5298 quod
2717 5227 2820 5282 sibi
2875 5225 3171 5292 videbatur,
3225 5234 3282 5281 et
3317 5227 3589 5297 suppleret
3636 5228 3724 5282 ubi
3778 5228 3905 5297 quid

2337 5322 2539 5385 deerat,
2567 5329 2620 5374 et
2645 5316 2783 5387 quod
2813 5316 2936 5372 inde
2959 5325 3276 5385 sumpserat,
3305 5315 3594 5371 secundum
3615 5331 3766 5372 suam
3794 5318 3906 5372 for-

2336 5420 2508 5466 maret
2572 5409 2927 5464 clementiam.
2995 5405 3244 5473 lmnaisit,
3298 5407 3506 5477 inquit,
3547 5422 3805 5462 messem
3855 5407 3909 5461 in

2337 5501 2520 5565 Adam,
2551 5507 2596 5552 et
2623 5498 2874 5552 donavit.
2905 5497 3202 5566 Accepitque
3229 5512 3380 5549 unam
3403 5506 3654 5551 costarum
3679 5496 3839 5562 illius,
3859 5506 3909 5551 et

2338 5591 2557 5659 implevit
2579 5603 2779 5642 carnem
2808 5602 2900 5656 pro
2926 5584 3018 5639 illa
3046 5603 3066 5639 :
3091 5596 3149 5641 ut
3192 5601 3260 5642 ne
3311 5595 3512 5658 posset,
3539 5587 3782 5642 discusso
3819 5603 3907 5642 so-

2339 5696 2464 5734 ωηο
2496 5717 2511 5740 .
2556 5676 2694 5746 quod
2746 5677 2937 5729 factum
2981 5684 3096 5728 erat
3141 5689 3204 5730 cx
3252 5676 3459 5732 defectu
3499 5679 3722 5733 sentire.
3775 5677 3905 5732 Nam

2340 5785 2583 5842 qustum
2632 5783 2696 5823 eo
2734 5777 3008 5837 tempore,
3063 5779 3168 5836 quo
3209 5766 3576 5838 auferebatur,
3623 5772 3901 5841 ignoravit,
