4102 6506
442 566 706 632 αίρεσεως
734 556 907 626 καιρῷ
933 553 1211 624 ἠγνόησεν,
1235 550 1348 632 ἀλλ’
1367 550 1513 618 ὅμως
1542 542 1730 632 ἔμελλε
1756 540 1894 632 μετά
1917 538 2086 632 ταῦτα

446 623 906 713 ἀπιγινώσκεινττδ
920 623 1156 708 γεγονός.
1175 637 1270 690 Ἱν’
1290 631 1382 688 οῦν
1405 635 1539 704 μήτε
1559 634 1616 683 ὲν
1646 629 1722 699 τῷ
1744 623 2089 713 ἀφαιρεῖσθαι

444 710 638 801 ὀδύνην
686 727 832 797 αὐτῷ
877 726 1165 796 ἐμποιήσῃ,
1215 723 1349 790 μήτε
1388 718 1526 790 μετά
1562 715 1732 769 ταῦτα
1779 715 1814 801 Δή
1859 710 2090 801 ἔλλειψις

447 795 686 885 ἀθυμίαν
735 795 1052 881 ἐργάσηται,
1087 795 1366 878 ἀμφότερα
1405 803 1574 864 οὕτως
1623 798 1973 885 ᾠκονόμησε,
1999 795 2092 885 καὶ

448 881 776 968 ἀφελόμενος
806 895 1103 958 ἀνωδύνως,
1123 895 1215 946 καὶ
1251 889 1541 960 πληρώσας
1579 887 1628 938 ιδ
1653 886 1856 943 λεῖπον,
1894 882 1988 935 καὶ⁵
2018 881 2091 951 μὴ

450 986 810 1057 συγχωρήσας
839 981 1060 1052 μηδενὸς
1103 979 1263 1032 αὐτὸν
1294 977 1401 1029 τῶν
1442 971 1816 1057 γεγενημένων
1844 968 2091 1057 αἴσθησιν

449 1054 718 1136 δέξασθαι.
746 1068 936 1123 Λαϐὼν
957 1063 1069 1129 οὖν,
1094 1066 1244 1135 φησὶ,
1269 1062 1466 1130 ταύτην
1488 1060 1581 1130 τήν
1613 1056 1870 1127 πλευρὰν,
1899 1054 2092 1124 ᾠκοδό-

453 1171 592 1225 μησε
620 1155 816 1220 Κύριος
851 1153 878 1204 ὁ
902 1151 1030 1213 Θεὸς
1065 1151 1142 1212 είς
1161 1151 1409 1216 γυναῖκα.
1440 1143 1738 1213 Παράδοξον
1774 1141 1833 1193 τὸ
1872 1139 2094 1208 εἰρημέ-

450 1259 559 1303 νον,
584 1238 675 1292 καὶ
702 1238 866 1291 νικῶν
896 1236 1032 1307 μετὰ
1061 1237 1259 1304 πολλῆς
1279 1238 1375 1304 τῆς
1396 1229 1695 1301 ὑπερϐολῆς
1716 1227 1807 1279 τὸν
1832 1227 2093 1297 ἡμέτερον

449 1325 727 1393 λογισμόν.
763 1323 999 1376 Τοιαῦτα
1028 1321 1134 1390 7&9
1170 1321 1377 1373 ἅπαντα
1407 1316 1474 1369 τά
1507 1314 1655 1384 παρά
1682 1312 1772 1366 τοῦ
1804 1309 2088 1363 Δεσπότου.

449 1410 554 1463 Τοῦ
602 1410 710 1478 γὰρ
763 1409 870 1462 ἀπὸ
926 1407 1018 1460 τοῦ
1063 1406 1182 1476 χοδς
1221 1403 1522 1472 πλασθῆναι
1562 1401 1651 1453 τὸν
1683 1397 1964 1466 ἄνθρωπον
1994 1397 2093 1448 οὐκ

449 1496 663 1548 ἔλαττον
698 1493 872 1547 τοῦτο.
917 1491 1026 1546 Καὶ
1057 1493 1155 1561 δρα
1208 1489 1303 1560 τῆν
1348 1486 1748 1556 συγκατάϐασιν
1799 1485 1898 1554 τῆς
1941 1481 2092 1544 θείας

447 1581 691 1650 Γραφῆς,
719 1578 865 1640 ὅσοις
886 1579 1092 1647 ῥήμασι
1120 1575 1378 1645 κέχρηται
1398 1573 1484 1626 διά
1515 1573 1611 1641 τῆν
1638 1569 1905 1639 ἡμετέραν
1937 1567 2094 1620 ἀσθέ-

449 1683 616 1720 νειαν.
647 1666 753 1718 Kal
784 1665 980 1726 ἔλαϐε,
1016 1665 1167 1733 φησὶ,
1195 1662 1341 1730 μίαν
1369 1658 1484 1712 τῶν
1520 1655 1794 1723 πλευρῶν
1818 1653 2021 1707 αὐτοῦ.

516 1802 609 1871 Μὴ
625 1801 973 1872 ἀνθρωπίνως
988 1800 1141 1869 δέχου
1157 1798 1223 1850 τά
1239 1798 1521 1866 λεγόμενα,
1542 1794 1674 1846 ἀλλά
1699 1792 1795 1863 τὴν
1812 1792 2095 1861 παχύτητα

447 1887 557 1941 τῶν
582 1887 777 1951 λέξεων
803 1890 869 1954 τῇ
903 1884 1149 1953 ἀσθενείᾳ
1184 1882 1394 1949 λογίζου
1428 1883 1494 1951 τῇ
1520 1878 1849 1949 ἀνθρωπίνῃ.
1885 1878 1948 1930 El
1988 1877 2096 1947 7&9

453 1973 528 2043 μή
554 1971 702 2043 ίΗθ]
734 1971 942 2032 τούτοις
967 1972 1075 2030 τοῖς
1110 1969 1344 2038 ῥήμασιν
1363 1967 1646 2036 ἐχρήσατο,
1673 1964 1786 2027 πῶς
1814 1963 1882 2016 ἂν
1909 1963 2096 2032 μαθεῖν

448 2057 790 2128 ἠδυνήθημεν
815 2055 985 2111 ταῦτα
1013 2055 1081 2108 τά
1106 2055 1387 2124 ἀπόρρητα
1417 2053 1714 2121 μυστήριας
1744 2049 1834 2119 Μὴ
1861 2051 1970 2111 τοῖς
2003 2050 2098 2120 ῥή-

453 2161 615 2214 μασιν
633 2140 724 2196 οὐν
754 2143 935 2212 μόνοις
959 2139 1419 2209 ὲναπομείνωμεν,
1441 2135 1575 2190 ἀλλά
1597 2135 1909 2205 θεοπρεπῶς
1935 2137 2099 2187 ἀπαν-

449 2241 518 2282 τα
546 2228 750 2297 νοῶμεν
776 2227 848 2291 ὼς
872 2227 963 2280 ἐπὶ
981 2224 1138 2277 Θεοῦ.
1167 2223 1240 2276 Τὸ
1269 2223 1395 2292 7&9,
1423 2223 1651 2280 Ἔλαϐε.
1682 2222 1775 2274 καὶ
1801 2222 1900 2273 ὅσα
1928 2219 2100 2273 τοιαῦ-

451 2329 539 2376 τα,
577 2312 666 2364 διά
694 2311 794 2379 τήν
823 2307 1104 2363 ἀσθένειαν
1127 2309 1226 2377 τήν
1258 2307 1530 2376 ἡμετέραν
1561 2306 1790 2375 εἴρηται.
1823 2305 2018 2356 Σκόπει
2039 2305 2097 2356 δὲ

452 2399 569 2461 πῶς
618 2397 711 2450 καὶ
745 2395 972 2450 ινταῦθα
994 2393 1155 2446 πάλιν
1184 2394 1248 2462 τῇ
1277 2392 1412 2461 αὐτῇ
1446 2391 1702 2460 συνηθείᾳ
1738 2391 2023 2459 ὲχρήσατο,

453 2483 548 2538 καὶ
574 2482 666 2536 ἐπὶ
695 2481 787 2534 τοῦ
829 2479 1015 2549 Ἀδάμ.
1051 2480 1258 2548 Ὥσπερ
1288 2477 1392 2546 7&9
1422 2477 1537 2528 ἐκεῖ
1561 2477 1652 2529 καὶ
1677 2475 1840 2539 ἅπαξ.
1869 2475 1960 2528 καὶ
1981 2474 2099 2527 δεύ-

452 2586 630 2641 τερον,
685 2566 793 2630 καὶ,
821 2566 1078 2630 πολλάκις
1115 2562 1251 2619 εἴπεο
1297 2564 1406 2618 Kal
1440 2565 1616 2616 ἔλαϐε
1645 2565 1857 2630 Κύριος
1895 2566 1928 2616 ό
1959 2562 2100 2627 Θεὸς

453 2656 558 2709 τὸν
580 2655 909 2722 ἄνθρωπον,
939 2654 1011 2706 δν
1043 2653 1289 2705 ἔπλασε
1314 2650 1408 2703 καὶ
1431 2649 1610 2711 πάλιν,
1640 2649 1745 2702 Kal
1772 2648 2101 2703 ἐνετείλατο

454 2742 670 2806 Κύριος
701 2743 731 2792 ὀ
757 2739 899 2803 Θεὸς
924 2735 1002 2801 τῷ
1049 2735 1235 2804 away-
1266 2735 1358 2789 καὶ
1392 2734 1570 2798 πάλιν,
1595 2733 1702 2785 Καὶ
1725 2729 1852 2785 εἷπε
1890 2733 2102 2797 Κύριος

455 2827 492 2880 ὀ
524 2825 686 2889 Θεὸς,
725 2823 1070 2890 Ποιήσωμεν
1110 2821 1267 2884 αὐτῷ
1306 2818 1536 2886 βοηθὸν
1568 2817 1694 2870 κατ’
1721 2817 1924 2869 αὐτόν’
1961 2815 2102 2870 οὕτω

458 2911 550 2965 καὶ
597 2911 690 2963 νῦν
739 2927 889 2980 φησι,
935 2909 1042 2963 Kal
1098 2907 1441 2975 ᾠκοδόμησε
1473 2908 1685 2973 Κύριος
1725 2908 1758 2958 ὀ
1813 2905 1955 2970 Θεὸς
1990 2905 2104 2972 τὴν

457 2993 747 3059 πλευρὰν,
775 2992 855 3059 ἧν
888 2992 1062 3044 ἔλαϐε
1089 2989 1207 3044 ἀπὸ
1229 2989 1333 3042 τοῦ
1368 2989 1556 3057 Ἀδὰμ,
1590 2991 1677 3052 είς
1702 2987 1971 3052 γυναῖκα·
2010 2989 2106 3041 καί⁵

457 3081 735 3150 ἀνωτέρω,
771 3081 879 3134 Kal
911 3079 1161 3133 ἐπέϐαλε
1209 3078 1419 3143 Κύριος
1440 3080 1472 3130 ὀ
1510 3078 1650 3142 Θεὸς
1680 3078 1968 3130 ἔκστασιν
2004 3078 2102 3132 ἐπί

458 3165 566 3218 τὸν
601 3163 792 3231 Ἀδάμ’
819 3165 906 3216 ἵνα
935 3163 1109 3234 μάθῃς
1145 3162 1218 3223 ὡς
1251 3161 1473 3230 οὐδεμία
1503 3161 1732 3231 διαφορά
1759 3163 1872 3214 ἐστι
1894 3162 2104 3232 Ila-:90;

459 3253 556 3306 καὶ
585 3249 701 3302 υίοῦ
732 3251 789 3301 ιν
812 3251 931 3312 ταῖς
961 3248 1186 3313 λέξεσιν,
1213 3246 1348 3300 ἀλλά
1373 3247 1460 3299 διὰ.
1486 3246 1545 3298 τὺ
1581 3246 1706 3315 μίαν
1735 3243 1873 3298 εῖναι
1901 3247 1998 3316 τήν
2019 3249 2109 3300 οὐ-

460 3336 584 3389 σίαν
605 3336 810 3404 ἀμφοτέ
820 3350 947 3403 ρων,
975 3333 1277 3402 ἀδιαφόρως
1299 3335 1332 3402 ή
1361 3332 1549 3402 Γραφὴ
1571 3332 1836 3402 κέχρηται
1864 3335 1974 3395 τοῖς
1995 3333 2111 3386 ὀνό-

463 3437 645 3490 μασιν.
693 3419 820 3472 ἰδού
849 3419 978 3486 γοῦν
1000 3419 1090 3470 καὶ
1111 3418 1202 3470 ἐπὶ
1230 3418 1327 3487 τῆς
1355 3417 1692 3478 διαπλάσεως
1727 3417 1825 3486 τῆς
1855 3417 2110 3484 γυναικὸς

462 3509 529 3575 τῇ
571 3505 704 3574 αὐτῇ
758 3504 1016 3574 συνηθείᾳ
1057 3505 1324 3574 ἐχρήσατο
1361 3502 1605 3567 εἰποῦσα,
1637 3502 1744 3556 Kal
1766 3503 2110 3571 ᾠκοδόμησε

463 3591 674 3655 Κύριος
731 3591 763 3642 ὀ
822 3589 963 3653 Θεὸς
1013 3586 1126 3654 τὴν
1171 3585 1456 3653 πλευρὰν,
1495 3585 1573 3653 ἢν
1597 3587 1810 3639 ἐλαϐεν
1853 3586 1971 3639 ἀπὸ
2005 3587 2110 3640 τοῦ

477 3674 676 3742 Ἀδὰμ,
717 3675 804 3736 είς
842 3671 1109 3741 γυναῖκα.
1142 3671 1206 3724 Τί
1242 3673 1307 3724 ἂν
1331 3672 1531 3724 εῐποιεν
1569 3670 1798 3724 ἐνταῦθα
1827 3673 1873 3723 οί
1905 3674 2112 3740 αίρετι-

467 3760 572 3818 κοὶ.
611 3759 660 3809 οί
693 3757 868 3810 πάντα
907 3755 1353 3826 περιεργάζεσθαι
1397 3755 1728 3825 βουλόμενοι,
1761 3757 1856 3808 καὶ
1899 3757 1995 3809 τοῦ
2022 3759 2114 3828 δη-

471 3839 730 3912 μιουργοῦ
761 3841 864 3893 τῶν
896 3840 1030 3892 ὅλων
1052 3841 1148 3908 τὴν
1176 3840 1422 3907 γέννησιν
1445 3839 1823 3908 κατειληφέναι
1843 3841 2109 3910 οἰόμενοι;

471 3929 626 3988 ιΙοίος
660 3928 813 3993 λόγος
843 3925 999 3977 τοῦτο
1018 3923 1344 3993 ἑρμηνεῦσαι
1363 3924 1610 3989 δύναται;
1636 3929 1785 3987 ποῖος
1815 3925 1936 3988 νοῦς
1959 3943 2115 3979 κατα-

468 4011 654 4067 λαϐεῖν
675 4029 688 4074 ;
715 4011 859 4065 Μίαν
890 4009 1144 4078 πλευρὰν,
1168 4007 1350 4076 φησὶν,
1373 4008 1420 4059 ἑ)
1431 4009 1549 4060 αϐε·
1569 4010 1660 4062 καὶ
1689 4011 1803 4072 πῶς
1827 4012 1890 4062 ὲκ
1914 4012 2115 4081 ταύτης

468 4099 568 4165 τῆς
601 4098 727 4166 μιᾶς
771 4097 831 4148 τὸ
877 4095 994 4147 ὅλον
1032 4085 1168 4156 ζῶον
1206 4093 1486 4158 διέπλασε;
1517 4093 1582 4145 Τί
1609 4093 1664 4144 δὲ
1695 4093 1854 4162 λέγω,
1900 4095 2016 4157 πῶς
2053 4097 2118 4148 ὲκ

470 4183 675 4250 ταύτης
709 4182 805 4250 τῆς
850 4181 975 4249 μιᾶς
1007 4181 1069 4233 τὸ
1099 4177 1236 4242 ζῶον
1262 4178 1583 4242 διέπλασεν;
1627 4179 1759 4231 Είπέ
1791 4196 1882 4250 μοι
1923 4181 2040 4242 πῶς
2082 4183 2116 4251 ή

474 4269 761 4338 ἀφαίρεσις
797 4267 1017 4334 γέγονε;
1047 4265 1161 4327 πῶς
1187 4265 1434 4335 αἴσθησιν
1462 4265 1558 4317 οὐκ
1586 4265 1741 4318 ἔλαϐε
1763 4267 1860 4336 τῆς
1889 4268 2114 4339 ἀφαιρέ.

476 4369 640 4415 σεως;
705 4351 842 4403 Ἀλλ’
898 4351 1046 4403 οὐδὲν
1091 4349 1289 4402 τούτων
1329 4351 1525 4420 δυνήσῃ
1573 4353 1762 4404 είπεῖν·
1807 4353 1964 4422 μόνος
2011 4356 2117 4425 7&9

477 4439 678 4502 ἐκεῖνος
707 4434 844 4490 οἶδεν
877 4438 905 4489 ὁ
927 4435 1022 4506 τὴν
1045 4435 1399 4506 δημιουργίαν
1426 4437 1810 4507 ἐργασάμενος.
1852 4440 1913 4492 El
1943 4441 2119 4494 τοίνυν

477 4523 646 4576 ταῦτα
685 4523 752 4576 τά
795 4523 851 4574 ἐν
883 4523 1054 4592 χερσὶ,
1086 4523 1178 4574 καὶ
1212 4522 1280 4574 τά
1316 4521 1414 4591 τῆς
1441 4522 1774 4587 διαπλάσεως
1798 4524 1892 4578 τοῦ
1926 4528 2120 4594 ὁμογε-

481 4608 601 4670 νοῦς
638 4611 766 4677 ήμϊν
807 4608 982 4676 εὑρεῖν
1029 4607 1165 4670 ζώου
1207 4607 1267 4659 οὐ
1311 4608 1810 4679 καταλαμϐάνομεν.
1842 4611 2011 4682 πόσης
2055 4613 2122 4666 ἂν

481 4695 568 4764 εἴη
599 4695 792 4764 μανίας
831 4694 923 4746 καὶ
961 4693 1379 4763 παραφροσύνης
1406 4694 1475 4746 τά
1507 4696 1644 4749 κατά
1677 4697 1766 4748 τὸν
1796 4697 2122 4768 δημιουργὸν

483 4779 950 4850 περιεργάζεσθαι,
986 4781 1078 4831 καὶ
1115 4781 1296 4832 ὲκεῖνα
1326 4781 1549 4846 φάσκειν
1581 4781 1959 4852 κατειληφέναι
1993 4797 2018 4824 α
2049 4778 2122 4836 ὧν

482 4868 602 4919 οῦτε
632 4869 686 4919 al
719 4866 993 4935 ἀσώματοι
1021 4867 1113 4918 καὶ
1138 4866 1275 4918 θεῖαι
1299 4866 1551 4934 δυνάμεις
1580 4867 1675 4937 τὴν
1705 4868 1900 4938 ἀκριϐῆ
1927 4871 2123 4937 γνῶσιν

485 4954 710 5022 ἔχουσιν,
769 4953 900 5004 ἀλλά
955 4952 1092 5020 μετά
1145 4952 1309 5021 φόϐου
1354 4952 1447 5004 καὶ
1505 4953 1702 5023 τρόμου
1754 4955 2123 5023 δοξολογοῦσαι

482 5035 741 5103 διηνεκῶς
771 5033 1068 5085 διατελοῦσι
1087 5051 1101 5099 ;

549 5169 618 5230 γ’.
653 5171 758 5223 Kal
790 5169 1148 5238 ᾠκοδόμησε,
1180 5171 1333 5237 φησὶ,
1359 5172 1570 5238 Κύριος
1588 5191 1619 5225 ο
1643 5172 1784 5239 Θεὸς
1813 5172 1925 5240 τὴν
1944 5179 2126 5229 πλευ-

483 5260 615 5325 ρὰν,
643 5256 719 5321 ἢν
741 5257 953 5309 ἐλαϐεν
969 5257 1086 5309 ἀπὸ
1113 5257 1216 5310 τοῦ
1253 5257 1441 5324 Ἀδὰμ,
1464 5259 1549 5321 είς
1573 5259 1838 5325 γυναῖκα.
1875 5261 2011 5330 Ὅρα
2029 5265 2125 5331 τῆς

489 5343 704 5411 Γραφῆς
726 5343 821 5410 τὴν
849 5343 1147 5412 ἀκρίϐειαν.
1168 5342 1364 5394 Οὐκέτι
1399 5341 1504 5412 γάρ
1534 5340 1703 5405 εἶπεν,
1733 5345 1980 5410 ἔπλασεν,
2013 5349 2124 5401 ἀλλ’

503 5429 916 5498 ’ῼκοδόμησενο
945 5430 1125 5500 ἐπειδὴ
1155 5433 1216 5482 ὲκ
1247 5429 1338 5483 τοῦ
1362 5430 1460 5500 ήδη
1483 5430 1804 5492 πλασθέντος
1829 5432 1856 5471 b
1884 5433 1942 5485 τὸ
1967 5435 2129 5503 μέρος

489 5515 666 5577 ἔλαϐε,
713 5517 806 5568 καὶ
843 5517 916 5578 ὼς
951 5517 1015 5569 ἂν
1058 5518 1196 5570 εἴποι
1227 5533 1330 5579 τις,
1362 5516 1421 5568 τὸ
1463 5516 1647 5568 λεῖπον
1693 5517 1994 5586 ἐχαρίσατο.
2031 5521 2129 5573 Διά

489 5600 644 5653 τοῦτό
680 5618 830 5670 φησι,
857 5602 961 5655 Καὶ
984 5601 1383 5672 ᾠκοδόμησεν-³
1418 5602 1517 5654 οὐκ
1543 5600 1710 5670 ἀλλην
1736 5601 1925 5656 πλάσιν
1949 5606 2128 5675 εἰργά-

556 5769 798 5834 ³Φάσκειν
818 5773 1177 5834 κατειλημμένα,
1203 5773 1270 5822 s'lc
1300 5772 1491 5834 quidam
1515 5785 1624 5820 mSS.
1691 5769 1720 5808 δ
1743 5773 1936 5826 Coislin.
1963 5779 2016 5826 ὲκ
2038 5777 2122 5828 τοῦ

491 5831 611 5881 ίζίου
645 5832 940 5888 πλασθέντος.
967 5831 1082 5884 Ibid.
1107 5834 1226 5899 Reg.
1251 5831 1374 5885 unius
1394 5836 1526 5898 μέρος
1550 5834 1795 5894 ἐλάμϐανε.

1222 438 1280 494 S.
1319 429 1596 491 JOANNIS
1632 417 2114 484 CHRYSOS'I'OMI
2152 415 2467 474 ARCHIEP.
2507 413 3048 474 CONSTANTINOP.

3741 408 3842 464 129

2190 550 2340 595 σατο,
2369 532 2482 586 ἀλλ’
2507 533 2570 584 ὲκ
2589 532 2687 600 τῆς
2713 529 2811 599 ήδη
2849 527 3139 598 γενομένης
3166 522 3412 587 πλάσεως
3449 522 3620 596 βραχύ
3657 541 3710 576 τι
3745 523 3840 593 μέ-

2191 637 2282 688 ρος
2311 617 2509 680 λαϐὼν,
2537 616 2691 670 τοῦτο
2718 615 2779 667 τὸ
2803 612 2965 684 μέρος
2997 613 3329 683 ᾠκοδόμησε,
3362 611 3456 663 καὶ
3494 610 3695 662 τέλειον
3727 609 3842 676 d9-

2189 703 2394 769 γάσατο
2415 703 2472 754 τὸ
2499 702 2654 766 ζῶον.
2688 700 2836 769 Πόση
2867 697 2961 750 τοῦ
2982 697 3356 767 ἀριστοτέχνου
3381 693 3513 747 Θεοῦ
3534 695 3567 762 ή
3593 693 3844 763 δύναμις,

2189 788 2296 841 ἀπὸ
2343 788 2437 841 τοῦ
2473 785 2805 857 βραχυτάτου
2867 783 3064 853 μέρους
3105 781 3308 835 ἐκείνου
3349 779 3614 832 τοσούτων
3665 778 3848 848 μελῶν

2189 876 2477 939 ἀναλογίαν
2495 872 2850 944 ἐργάσασθαι,
2883 870 2975 923 καί
3000 868 3263 930 τοσαύτας
3287 866 3565 937 αἰσθήσεις
3589 866 3848 935 δημιουρ-

2190 963 2370 1031 γῆσαι,
2439 962 2531 1015 καὶ
2591 959 2789 1013 τέλειον
2842 957 2932 1010 καὶ
2973 955 3262 1026 ὀλόκληρον
3305 954 3400 1008 καὶ
3438 951 3848 1023 ἀπηρτισμένου

2193 1052 2326 1115 ζῶον
2361 1050 2782 1112 κατασκευάσαι,
2805 1048 2864 1101 τὸ
2891 1045 3183 1107 δυνάμενον
3211 1044 3304 1096 καὶ
3337 1041 3849 1112 προσδιαλέγεσθαι,

2192 1140 2283 1192 καὶ
2311 1143 2377 1209 τῇ
2397 1137 2495 1206 τῆς
2511 1137 2694 1197 οὐσίας
2716 1134 2966 1201 κοινωνίᾳ
2990 1131 3190 1201 πολλὴν
3211 1128 3357 1199 αὐτῷ
3376 1129 3473 1198 τήν
3495 1127 3850 1198 παραμυθίαν

2192 1226 2484 1296 εἰσφέρειν.
2513 1224 2610 1277 Διά
2649 1223 2760 1292 7&9
2791 1222 2889 1292 τὴν
2924 1218 3113 1274 τούτου
3137 1218 3476 1286 παράκλησιν
3505 1217 3658 1269 τοῦτο
3690 1215 3849 1288 [119]

2191 1311 2252 1363 τὸ
2282 1311 2416 1374 ζῶον
2449 1307 2868 1378 έδημιουργήθη.
2901 1307 2991 1358 Διὸ
3021 1307 3114 1358 καὶ
3154 1303 3362 1366 Παῦλος
3387 1303 3588 1370 ἐλεγενο
3624 1305 3706 1356 οὐ
3732 1305 3852 1371 τὰρ

2191 1397 2435 1462 ἐκτίσθη
2467 1399 2498 1449 ὀ
2522 1394 2675 1462 ἀνὴρ
2699 1392 2796 1447 διὰ
2821 1392 2934 1459 τὴν
2952 1390 3223 1460 γυναῖκα,
3251 1389 3412 1443 ἀλλὰ
3437 1387 3588 1458 γυνὴ
3614 1387 3712 1441 διὰ
3736 1387 3854 1441 τὸν

2193 1481 2398 1550 ἄνδρα.
2451 1481 2609 1549 Ὁρᾷς
2635 1478 2749 1541 πῶς
2771 1478 2984 1531 ἃπαντα
3006 1476 3072 1528 δι’
3103 1475 3261 1528 αὐτὸν
3291 1474 3528 1541 γίνεταις
3560 1472 3712 1526 Μετά
3735 1471 3852 1543 7&9

2193 1568 2291 1636 τὴν
2321 1565 2674 1637 δημιουργίαν
2708 1564 2808 1631 τῆς
2839 1561 3085 1624 κτίσεως,
3122 1560 3258 1630 μετά
3304 1559 3366 1612 τὸ
3404 1558 3745 1629 παραχθῆναι
3775 1559 3854 1612 τὰ

2195 1653 2377 1718 ἄλογα,
2423 1653 2491 1704 τά
2526 1652 2658 1721 πρὸς
2692 1649 2893 1718 βρῶσιν
2929 1648 3227 1716 ἐπιτήδεια,
3265 1645 3335 1699 τὰ
3373 1645 3508 1715 πρὸς
3547 1646 3854 1716 ὑπηρεσίαν

2194 1735 2546 1806 χρησιμεύειν
2583 1735 2872 1804 δυνάμενα,
2896 1732 3082 1801 ἐπειδὴ
3109 1732 3278 1783 ἐδεῖτο
3301 1732 3329 1783 ὁ
3358 1728 3612 1792 πλασθεὶς
3638 1729 3855 1800 ἀνθρω-

2195 1824 2294 1886 πός
2328 1839 2471 1884 τινος
2496 1820 2590 1872 τοῦ
2621 1819 3161 1890 προσδιαλεγομένου,
3195 1817 3290 1869 καὶ
3309 1815 3605 1886 δυναμένου
3641 1819 3706 1886 τῇ
3731 1833 3854 1869 κοι-

2195 1907 2358 1976 νωνία
2375 1907 2473 1974 τῆς
2495 1905 2677 1967 οὐσίας
2698 1903 2895 1973 πολλὴν
2915 1900 3060 1971 αὐτῷ
3082 1901 3337 1972 παρέχειν
3363 1900 3458 1972 τὴν
3477 1901 3854 1972 παραμυθίαν,

2195 1994 2281 2047 διὸ.
2302 1994 2459 2045 τοῦτο
2493 1994 2556 2044 ὲκ
2589 1991 2687 2060 τῆς
2719 1990 2957 2060 πλευρᾶς
2989 1989 3151 2042 αὐτοῦ
3185 1990 3595 2059 δημιουργεῖται
3628 1990 3686 2042 τὸ
3712 1988 3858 2052 ζῶον

2195 2079 2350 2133 τοῦτο
2375 2079 2435 2130 τὸ
2471 2077 2701 2145 λογικὸν,
2729 2078 2820 2128 καὶ
2847 2075 2988 2129 κατά
3017 2077 3116 2144 τὴν
3142 2076 3449 2144 εὐμήχανον
3467 2076 3630 2129 αὐτοῦ
3658 2076 3858 2145 σοφίαν

2197 2165 2395 2218 τέλειον
2431 2164 2522 2216 καὶ
2559 2161 2959 2233 ἀπηρτισμένον
2991 2161 3121 2213 αὐτὸ
3159 2162 3468 2230 εἰργάσατο,
3505 2161 3644 2214 κατά
3676 2165 3859 2216 πάντα

2195 2250 2274 2320 τῷ
2314 2250 2583 2320 ἀνθρώπῳ
2618 2250 2820 2318 ὅμοιον,
2871 2248 2991 2300 ἀντὶ
3032 2245 3144 2310 τοῦ,
3190 2245 3420 2314 λογικὸν,
3467 2248 3759 2317 δυνάμενον
3792 2250 3859 2303 έν

2197 2338 2306 2397 τοῖς
2351 2334 2580 2403 καιρίοις
2627 2333 2774 2402 αὐτῷ
2811 2332 2903 2385 καὶ
2953 2335 3059 2393 τοῖς
3094 2332 3406 2398 ἀναγκαίοις
3431 2334 3522 2386 καὶ
3562 2334 3854 2403 συνέχουσι

2197 2420 2296 2490 τὴν
2327 2415 2472 2488 ζωὴν
2496 2420 2565 2472 τά
2597 2418 2693 2487 τῆς
2729 2416 2978 2486 βοηθείας
3005 2416 3294 2485 εἰσφέρειν.
3325 2417 3455 2480 Θεὸς
3486 2418 3594 2487 7&9
3628 2415 3694 2489 ἧν
3727 2420 3756 2472 6
3783 2421 3860 2474 τά

2199 2506 2374 2558 πάντα
2401 2504 2560 2574 σοφίᾳ
2584 2504 2689 2555 τινὶ
2718 2503 2812 2555 καὶ
2839 2502 3166 2572 δημιουργίᾳ
3193 2502 3508 2572 οἰκονομῶν.
3536 2504 3597 2556 El
3628 2504 3736 2572 7&9
3761 2507 3861 2574 Iul

2200 2593 2358 2661 ἡμεῖς
2404 2590 2491 2643 διά
2530 2573 2626 2658 τὴν
2659 2587 2766 2640 τῶν
2797 2587 3070 2656 λογισμῶν
3108 2587 3387 2640 ἀσθένειαν
3419 2573 3864 2658 καταλαμϐάνειν

2203 2679 2277 2747 μὴ
2316 2675 2591 2746 δυνάμεθα
2629 2674 2718 2726 τὸν
2761 2675 2959 2743 τρόπον
2987 2673 3094 2726 τῶν
3135 2673 3534 2744 γεγενημένων,
3561 2675 3673 2726 ἀλλ’
3707 2678 3864 2746 ὅμως

2201 2762 2546 2831 πιστεύομεν,
2578 2761 2659 2812 ὅτι
2704 2758 2780 2828 τῷ
2820 2759 3116 2828 βουλήματι
3147 2755 3307 2810 αὐτοῦ
3347 2760 3521 2811 πάντα
3563 2759 3721 2824 είκει,
3763 2766 3865 2816 καὶ

2201 2849 2334 2915 ὅπερ
2384 2847 2449 2899 ἀν
2504 2844 2798 2916 προστάξῃ,
2844 2845 3001 2896 τοῦτο
3060 2847 3139 2905 είς
3186 2844 3347 2914 μέσον
3380 2846 3703 2915 παράγεται.
3747 2848 3865 2900 Kal

2204 2931 2568 2999 ᾠκοδόμησε,
2615 2931 2766 2999 φησὶ,
2811 2930 3023 2994 Κύριος
3058 2931 3092 2981 ό
3127 2929 3270 2995 Θεὸς
3316 2930 3430 2996 τὴν
3466 2934 3753 3000 πλευρὰν,
3779 2930 3866 3000 ἢν·

2204 3020 2419 3072 ἐλαϐεν
2443 3018 2559 3072 ἀπὸ
2590 3017 2692 3070 τοῦ
2737 3016 2927 3084 Ἀδὰμ.
2958 3017 3045 3079 είς
3073 3015 3343 3084 γυναῖκα,
3371 3017 3466 3069 καί
3501 3016 3724 3086 ἢγαγεν
3754 3022 3867 3075 αὐ-

2205 3105 2320 3168 τὴν
2348 3104 2497 3172 πρὸς
2517 3104 2624 3156 τὸν
2658 3101 2848 3170 Ἀδάμ·
2879 3100 3116 3165 δεικνὺς,
3144 3101 3226 3153 ὅτι
3247 3101 3313 3154 δι’
3335 3102 3496 3154 αὐτὸν
3524 3105 3692 3173 αὐτήν
3717 3122 3866 3177 παρ-

2205 3193 2425 3259 ήγαγεν.
2454 3189 2696 3256 Ἦγαγεν
2727 3186 2920 3256 αὐτὴν,
2950 3186 3106 3256 φησὶ,
3132 3186 3265 3256 πρὸς
3285 3186 3377 3239 τδν
3417 3187 3604 3258 Ἀδάμ.
3646 3190 3866 3262 Ἐπειδὴ

2206 3280 2312 3348 γὰρ
2343 3278 2517 3339 οὐδεὶς
2567 3275 2786 3346 εὑρέθη,
2835 3273 3021 3344 φησὶν.
3054 3275 3110 3326 έν
3146 3274 3279 3328 πᾶσι
3317 3276 3428 3338 τοῖς
3465 3276 3643 3339 ἀλλοις
3677 3276 3868 3347 ὅμοιός

2210 3381 2289 3416 σοι
2326 3363 2535 3433 βοηθὸς,
2595 3363 2702 3414 ἰδού
2746 3363 2881 3431 ὅπερ
2919 3360 3232 3431 ὑπεσχόμην
3272 3362 3702 3432 (ἐπηγγειλάμην
3750 3365 3868 3436 7&9

2211 3449 2400 3518 βοηθὸν
2462 3448 2643 3518 ὅμοιόν
2701 3464 2782 3498 σοι
2838 3445 3307 3516 κατασκευάζειν),
3364 3447 3521 3501 τοῦτο
3570 3449 3868 3519 πληρώσας

2209 3529 2550 3599 παραδίδωμί
2604 3545 2704 3582 σοι.
2739 3529 2956 3597 Ἥγαγεε
2997 3526 3104 3597 γὰρ
3132 3527 3346 3595 αὑτήν,
3383 3529 3536 3599 φησὶ,
3572 3533 3720 3596 πρὸς
3757 3531 3870 3584 τὸν

2223 3615 2412 3682 Ἀδάμ.
2458 3615 2565 3667 Kal
2613 3609 2783 3666 εῖπεν
2819 3611 3010 3679 Ἀδὰμ,
3051 3611 3227 3665 Τοῦτο
3264 3611 3382 3665 νῦν
3401 3615 3622 3668 ὀστοῦν
3650 3617 3718 3670 ἐκ
3746 3613 3872 3671 τῶν

2213 3698 2436 3753 ὀστέων
2450 3716 2589 3768 μου,
2617 3697 2712 3751 καί
2744 3697 2899 3765 σὰρξ
2925 3697 2996 3750 ἐκ
3032 3693 3150 3750 τῶν
3184 3696 3425 3766 σαρκῶν
3443 3716 3583 3768 μου.

2280 3855 2388 3907 Θέα
2428 3872 2516 3924 μοι
2562 3855 2820 3915 ἔνταύθα,
2867 3853 3142 3922 ἀγαπητὲ.
3181 3853 3298 3918 πῶς
3346 3857 3484 3924 μετὰ
3529 3858 3630 3924 τῆς
3675 3858 3870 3928 σοφίας

2214 3940 2426 4010 ἐκείνης
2458 3941 2554 4010 τῆς
2592 3939 2819 4008 ἀφάτου,
2871 3939 2967 4006 τῆς
3012 3939 3160 4009 παρὰ
3194 3939 3286 3992 τοῦ
3328 3940 3460 3992 Θεοῦ
3509 3942 3655 4012 αὐτῷ
3695 3961 3870 4017 χορη.

2214 4026 2491 4096 γηθείσης,
2539 4025 2602 4078 τά
2647 4025 2909 4094 δείγματα
2950 4027 3080 4095 ήμίν
3120 4026 3326 4079 ἐδείκνυ
3359 4026 3446 4080 διά
3487 4029 3582 4096 τῆς
3612 4031 3718 4085 τῶν
3749 4031 3871 4086 ὀνο·

2221 4111 2402 4179 μάτων
2464 4110 2662 4172 θέσεως
2714 4111 2856 4181 άπερ
2909 4109 3140 4180 ἐπέθηκε
3193 4111 3464 4174 τοσούτοις
3516 4117 3628 4177 τοῖς
3684 4116 3872 4182 γένεσι

2217 4201 2323 4253 τῶν
2369 4200 2571 4268 ἀλόγων
2622 4200 2793 4263 ζώων,
2843 4201 2937 4253 καὶ
2987 4203 3328 4271 προφητικῆς
3377 4202 3573 4272 ἠξίωτο
3623 4208 3868 4279 χάριτος.

2213 4291 2315 4382 διὰ
2339 4291 2446 4361 7&9
2475 4289 2630 4343 τοῦτο
2667 4293 2723 4342 έν
2757 4293 2868 4352 τοῖς
2909 4290 3162 4360 ἀνωτέρω
3195 4292 3428 4356 ἐδίδαξεν
3452 4296 3595 4363 ἡμᾶς
3629 4299 3657 4349 ὁ
3683 4303 3896 4366 μακά..

2221 4377 2333 4454 ριος
2361 4377 2511 4443 οὗτος
2536 4381 2837 4451 προφήτης,
2866 4381 2947 4432 δτι
2987 4381 3123 4449 μετά
3154 4379 3247 4434 τοῦ
3289 4381 3454 4436 ὕπνου
3494 4387 3585 4438 καὶ
3617 4386 3872 4454 ἔκστασις

2221 4473 2379 4526 αὐτὸν
2419 4471 2608 4525 ἐλαϐεν
2633 4509 2648 4532 ,
2696 4470 2771 4533 ὡς
2821 4469 2953 4539 μηδὲ
2994 4471 3129 4534 ὅλως
3169 4471 3416 4543 αῐσθησιν
3464 4473 3713 4541 δέξασθαι
3770 4482 3873 4534 τοῦ

2220 4562 2526 4633 γενομένου,
2560 4561 2626 4614 ἵν’
2675 4560 2891 4613 έπειδάν
2930 4561 3104 4631 μάθῃς
3137 4559 3260 4628 νῦν,
3295 4564 3373 4617 ἔτι
3418 4564 3553 4633 μετά
3595 4569 3692 4638 τήν
3741 4569 3874 4624 θέαν

2220 4655 2317 4724 τῆς
2358 4654 2614 4722 γυναικὸς
2657 4652 2793 4723 μετά
2842 4651 3122 4721 ἀκριϐείας
3157 4653 3482 4723 ἀπαγγέλλει
3527 4659 3587 4710 τὸ
3629 4662 3871 4729 γεγονὸς,

2223 4748 2446 4818 πεισθῇς
2487 4744 2760 4817 ἀκριϐῶς,
2797 4746 2875 4799 δτι
2918 4747 3225 4815 προφητικῇ
3261 4748 3445 4817 χάριτι
3482 4749 3652 4804 ταῦτα
3703 4753 3874 4821 c9017-

2223 4854 2405 4906 γεται,
2461 4839 2555 4892 καὶ
2607 4837 2960 4906 ἐνηχούμενος
3017 4837 3120 4889 ὑπὸ
3169 4836 3268 4902 τῆς
3333 4839 3424 4891 τοῦ
3491 4841 3645 4909 ἀγίου
3697 4843 3872 4897 una-

2227 4944 2390 4996 ματος
2435 4925 2801 4988 διδασκαλίας.
2851 4924 2909 4978 '0
2965 4923 3070 4996 7&9
3127 4925 3293 4994 μηδὲν
3337 4927 3444 4980 τῶν
3493 4933 3873 5000 γεγενημένων

2224 5015 2394 5080 είδὼς,
2426 5016 2611 5086 ἐπειδὴ
2659 5016 2865 5084 ήγαγεν
2915 5014 3081 5086 αὐτὴν
3109 5015 3244 5086 πρὸς
3275 5016 3455 5081 αὐτὸν,
3492 5019 3641 5089 φησί·
3691 5022 3875 5079 Τοῦτο

2224 5106 2340 5160 νῦν
2377 5106 2598 5160 ὀστοῦν
2640 5105 2706 5158 ἐκ
2749 5104 2865 5158 τῶν
2909 5104 3140 5159 ὀστέων
3172 5122 3310 5174 μου,
3347 5107 3445 5160 καί
3473 5108 3630 5176 σὰρξ
3660 5111 3725 5163 ἐκ
3761 5111 3874 5181 τῆς

2225 5196 2448 5261 σαρκός
2467 5213 2605 5264 μου.
2632 5195 2853 5263 Ἕτερος
2882 5195 2937 5248 δέ
2965 5211 3046 5256 τις
3069 5196 3401 5266 ἑρμηνευτής
3424 5213 3604 5266 φησιν,
3634 5199 3750 5252 ἀντὶ
3771 5201 3872 5255 τοῦ

2226 5287 2372 5349 Νῦν,
2406 5285 2587 5339 Τοῦτο
2625 5285 2805 5349 ἅπαξ,
2842 5283 3016 5354 δηλῶν
3053 5286 3132 5336 ὅτι
3161 5285 3252 5336 νῦν
3278 5286 3433 5338 τοῦτο
3471 5288 3627 5354 μόνον
3661 5290 3870 5357 γέγονε,

2227 5377 2319 5428 καὶ
2351 5376 2530 5428 οὐκέτι
2551 5374 2720 5438 οῦτως
2758 5375 2908 5428 ἔσται
2934 5375 3032 5443 τῆς
3063 5377 3316 5442 γυναικὸς
3348 5379 3381 5445 ή
3410 5377 3709 5444 διάπλασις.
3735 5382 3873 5450 Νῦν,

2229 5465 2409 5533 φησὶν,
2446 5465 2502 5529 ἐξ
2529 5465 2717 5535 ἀνδρὸς
2764 5463 2982 5531 γέγονεν
3019 5466 3050 5534 ή
3099 5467 3254 5534 γυνὴ,
3312 5467 3448 5533 μετά
3481 5469 3536 5520 δὲ
3569 5470 3735 5524 ταῦτα
3773 5477 3876 5547 οὐχ

2228 5555 2416 5618 οὓτως,
2450 5556 2562 5607 ἀλλ’
2592 5557 2653 5607 ὲκ
2687 5556 2784 5625 τῆς
2820 5556 3072 5622 γυναικὸς
3105 5557 3132 5607 ὁ
3170 5557 3328 5626 ἀνήρ’
3365 5558 3560 5626 μᾶλλον
3585 5561 3640 5614 δὲ
3673 5565 3771 5617 οὐκ
3809 5569 3878 5622 ὲκ

2232 5645 2326 5713 τῆς
2349 5645 2617 5711 γυναικὸς,
2651 5644 2763 5698 ἀλλ’
2793 5645 2855 5696 ὲκ
2877 5648 2974 5715 τῆς
3005 5645 3324 5714 ἀμφοτέρων
3350 5648 3652 5717 συνεργίας
3679 5651 3750 5716 ὡς
3781 5662 3879 5714 καὶ

2231 5737 2259 5787 ὁ
2300 5735 2506 5797 Παῦλός
2563 5752 2740 5803 φησιν·
2783 5738 2866 5788 Οὐ
2924 5735 3031 5803 γάρ
3074 5737 3242 5788 ἐστιν
3272 5736 3426 5804 ἀνὴρ
3469 5739 3536 5791 ἐκ
3569 5750 3878 5818 γυναικὸς⁹

2230 5827 2390 5885 ἀλλὰ
2417 5829 2568 5898 γυνή
2590 5827 2658 5893 ἐξ
2685 5827 2921 5895 ἀνδρός·
2948 5828 3043 5883 καί
3067 5831 3174 5884 οὐκ
3196 5829 3440 5896 ἐκτίσθη
3458 5829 3610 5900 ἀνὴρ
3633 5833 3731 5889 διὰ
3766 5839 3886 5908 τὴν
