4152 6510
331 434 425 498 nl

329 558 513 624 postea
539 557 716 605 tamen
742 548 1049 621 cogniturus
1074 554 1208 604 erat.
1248 545 1428 619 Itaque
1483 557 1540 603 ut
1587 563 1654 603 ne
1681 547 1828 602 illum
1858 545 1913 600 in

333 637 626 695 auferendo
653 637 860 706 dolore,
887 653 1058 708 neque
1099 638 1168 693 ob
1209 638 1527 693 ablationem
1565 637 1777 691 tristitia
1798 635 1918 690 alii-

331 737 492 792 eerct,
525 737 751 798 utraque
774 729 850 782 sic
875 728 1217 798 dispensavit,
1250 737 1306 781 ut
1351 735 1406 782 et
1448 727 1582 782 citra
1618 729 1912 781 cruciatum

331 817 474 874 illius
510 819 764 881 auferret,
794 825 848 871 et
896 815 1113 885 impleto
1151 831 1216 871 eo
1263 815 1383 872 loco
1423 817 1563 870 unde
1596 815 1910 883 abstulerat,

328 906 590 965 factorum
619 922 834 962 sensum
852 907 1125 976 percipere
1154 923 1260 962 non
1285 907 1504 962 sineret.
1553 905 1715 977 igitur
1756 919 1914 961 acce-

329 1003 475 1067 ptam
503 996 640 1050 hanc
662 1004 863 1050 costam
893 992 1172 1050 aediﬁcavit
1202 995 1457 1050 Dominus
1479 995 1619 1050 Deus
1641 995 1693 1049 in
1725 994 1916 1050 mulie-

331 1100 472 1140 rem.
505 1083 833 1140 Admirabile
885 1085 1118 1151 dictum,
1148 1093 1383 1139 nostram
1435 1083 1696 1139 rationem
1749 1083 1913 1142 nimia

331 1173 648 1232 excellentia
675 1175 914 1229 vincens.
972 1174 1248 1244 Ejusmodi
1276 1175 1420 1229 enim
1447 1181 1572 1230 sunt
1595 1174 1773 1229 omnia
1795 1187 1914 1242 quae

331 1259 469 1318 lunt
493 1277 524 1317 a
545 1255 787 1318 Domino.
829 1262 972 1318 istud
1000 1263 1140 1318 enim
1157 1300 1173 1329 ,
1201 1277 1358 1332 quam
1380 1263 1653 1316 hominem
1669 1277 1699 1317 e
1722 1262 1913 1332 pulve-

332 1359 395 1408 re
424 1349 661 1417 iormari,
693 1366 801 1405 non
842 1361 924 1406 est
954 1353 1149 1406 minus.
1190 1352 1258 1407 Et
1281 1351 1404 1406 vide
1429 1353 1621 1406 iterum
1648 1349 1918 1422 quomodo

331 1441 512 1497 divina
568 1442 842 1511 Scriptura
890 1441 1068 1498 verbis
1104 1451 1299 1498 nostra:
1350 1442 1643 1498 infirmitati
1699 1436 1941 1496 accom-‘

336 1531 514 1586 modis
538 1546 631 1587 usa
659 1534 746 1587 sit.
779 1531 845 1587 Et
870 1535 1080 1602 accepit,
1103 1534 1289 1603 inquit,
1309 1550 1460 1588 unam
1485 1544 1735 1588 costarum
1756 1532 1916 1587 illius.

410 1619 481 1676 Ut
505 1613 666 1676 Deum
693 1623 831 1677 decet
860 1627 967 1676 tunc
995 1623 1141 1678 verba
1172 1623 1531 1694 intelligenda;
1573 1622 1821 1677 Dominus
1872 1629 1923 1675 et

335 1709 476 1768 Dens
501 1714 566 1768 de
596 1713 750 1768 Patre
772 1724 820 1768 et
845 1713 1006 1768 Filio.
1026 1714 1187 1770 —Ne
1226 1716 1458 1769 humano
1499 1729 1649 1769 more
1693 1712 1923 1782 accipias

333 1817 458 1874 qua:
478 1802 744 1871 dicuntur,
774 1805 867 1861 sed
895 1820 1073 1860 crassa
1123 1805 1282 1860 verba
1308 1807 1553 1862 humanas
1574 1803 1921 1861 imbecillitati

333 1896 624 1949 convenire
651 1895 872 1963 cogites.
897 1891 1029 1949 Nam
1059 1896 1161 1950 nisi
1189 1895 1272 1950 bis
1296 1895 1476 1950 verbis
1501 1894 1773 1963 Scriptura
1790 1893 1922 1964 fuis-

333 1991 422 2039 set
461 1995 576 2048 usa,
606 1985 873 2053 quomodo
899 1994 1003 2040 tam
1035 2000 1222 2041 arcana
1271 1987 1522 2056 mysteria
1569 1985 1778 2040 discere
1825 1999 1923 2054 po-

334 2074 664 2129 tuissemus?
693 2090 760 2130 ne
801 2075 960 2145 igitur
1003 2077 1185 2132 verbis
1233 2085 1434 2132 tantum
1479 2076 1677 2132 addicti
1732 2078 1921 2143 simus,

334 2162 437 2217 sed
478 2164 656 2218 omnia
697 2173 755 2219 ut
780 2179 877 2234 par
901 2175 984 2220 est
1007 2166 1074 2221 de
1096 2167 1208 2221 Deo
1234 2167 1548 2222 sentiamus.
1575 2165 1922 2236 Quandoqui-

331 2253 462 2308 dem
499 2254 626 2308 dum
654 2254 866 2323 dicitur,
916 2257 1140 2327 Accepit,
1192 2267 1248 2313 et
1290 2259 1467 2314 omnia
1521 2259 1666 2323 talia,
1711 2265 1927 2328 propter

339 2353 581 2400 nostram
623 2344 981 2400 infirmitatem
1041 2347 1113 2401 ita
1163 2347 1304 2403 dicta
1350 2356 1493 2404 sunt.
1547 2347 1946 2402 Animadverte.

335 2443 520 2488 autem
540 2434 808 2503 quomodo
834 2445 888 2490 et
909 2436 996 2491 hic
1027 2436 1213 2492 eadem
1248 2453 1342 2494 usa
1379 2448 1464 2493 est
1503 2439 1925 2504 consuetudine,

333 2536 444 2592 qua
470 2511 652 2591 supra,
683 2537 804 2577 cum
849 2524 915 2579 de
954 2524 1122 2580 Adam
1148 2535 1347 2597 ageret.
1378 2525 1510 2581 Nam
1541 2537 1598 2581 ut
1624 2529 1692 2582 ibi
1718 2530 1883 2585 semel
1906 2569 1925 2598 ,

336 2626 404 2668 ac
424 2612 640 2676 iterum,
669 2623 720 2668 et
747 2615 940 2683 saepius
959 2614 1112 2681 dixit,
1156 2614 1225 2668 Et
1252 2617 1444 2687 accepit
1495 2617 1744 2673 Dominus
1785 2619 1928 2676 Deus

338 2702 594 2756 hominem
617 2719 630 2757 :
661 2712 717 2759 et
745 2705 956 2769 iterum,
992 2705 1060 2758 Et
1080 2709 1316 2775 precepit
1337 2707 1580 2764 Dominus
1607 2709 1744 2765 Deus
1767 2713 1930 2768 Adae:

337 2801 399 2846 et
415 2792 629 2858 iterum,
653 2792 892 2863 Dixiliyne
911 2795 1156 2850 Dominus
1187 2796 1324 2852 Deus
1346 2815 1365 2852 :
1382 2798 1654 2855 Faciamus
1678 2803 1758 2856 illi
1776 2804 1930 2875 adju-

339 2889 503 2934 torem
529 2883 741 2936 similem
770 2885 893 2938 illi:
922 2887 999 2941 sic
1021 2895 1077 2941 et
1117 2902 1258 2942 nunc
1300 2889 1488 2959 inquit,
1545 2889 1614 2944 Et
1659 2893 1930 2961 cedi/icauit

341 2967 598 3024 Dominus
652 2971 788 3026 Deus
838 2983 1047 3040 costam,
1092 2992 1241 3044 quam
1291 2979 1483 3048 accepit
1533 2979 1596 3032 ab
1649 2979 1833 3046 Adam,
1876 2982 1930 3035 in

342 3059 639 3125 mulierem;
662 3070 714 3115 et
737 3065 894 3132 paulo
913 3066 1178 3131 superius,
1208 3066 1274 3120 Et
1293 3068 1500 3121 immisit
1521 3068 1768 3123 Dominus
1793 3070 1932 3124 Deus

341 3165 604 3204 excessum
649 3151 702 3204 in
741 3152 944 3205 Adam:
971 3163 1030 3206 ut
1070 3153 1244 3208 discas
1292 3157 1487 3210 nullam
1520 3157 1688 3213 Patris
1717 3168 1772 3213 et
1808 3158 1930 3213 Filii

343 3237 709 3294 diversitatem
745 3239 843 3294 has
880 3242 1138 3296 dictiones
1177 3244 1409 3298 indicare
1443 3262 1456 3298 :
1487 3246 1609 3314 quia
1656 3246 1931 3316 utriusque

341 3337 434 3385 est
479 3343 580 3384 una
635 3332 900 3395 essentia,
957 3331 1411 3388 indiscriminatim
1473 3335 1775 3390 nominibus
1817 3337 1932 3392 istis

343 3422 619 3492 Scriptura
645 3422 834 3478 utitur.
859 3423 995 3478 Ecce
1032 3423 1190 3494 igitur
1215 3432 1271 3479 et
1295 3423 1433 3480 hanc
1452 3425 1888 3481 consuetudinem
1914 3467 1929 3493 ,

345 3529 475 3571 eum
515 3514 584 3570 de
626 3515 943 3571 formatione
968 3518 1208 3573 mulieris
1242 3521 1370 3590 agit,
1394 3516 1638 3573 similiter
1661 3519 1931 3588 servavit,

347 3607 577 3663 dicens:
611 3605 674 3662 Et
712 3607 981 3675 cediﬁcarit
1029 3606 1280 3663 Dominus
1325 3609 1464 3666 Deus
1522 3618 1735 3676 costam,
1782 3625 1933 3679 quam

347 3693 541 3760 accepit
567 3692 629 3744 ab
670 3691 851 3756 Adam,
890 3694 943 3744 in
984 3693 1263 3748 mulierem.
1299 3694 1435 3761 Quid
1463 3712 1594 3768 ergo
1629 3700 1717 3755 hic
1755 3700 1935 3756 dicent

347 3781 588 3838 heretici
612 3824 627 3849 ,
656 3783 746 3853 qui
770 3782 946 3837 omnia
974 3783 1242 3840 curiosius
1282 3787 1566 3856 explorare
1617 3793 1821 3857 volunt,
1879 3803 1935 3851 et

341 3872 653 3928 Conditoris
680 3873 915 3927 omnium
951 3875 1349 3942 generationem
1379 3880 1848 3947 comprehendisse
1871 3899 1934 3940 se

345 3964 574 4034 putant?
601 3965 731 4032 Quis
756 3979 934 4020 sermo
957 3965 1056 4021 hoc
1079 3967 1347 4036 explicare
1383 3971 1614 4037 poterit?
1639 3986 1756 4040 quae
1781 3988 1934 4028 mens

343 4054 843 4123 comprehendere?
887 4054 1057 4111 Unam
1102 4065 1340 4124 costam,
1377 4058 1566 4128 inquit,
1595 4063 1831 4132 accepit;
1881 4074 1937 4120 et

349 4139 620 4208 quomodo
648 4155 712 4196 ex
757 4141 858 4198 hac
885 4144 1036 4198 unica
1062 4155 1208 4200 costa
1231 4154 1397 4203 totum
1433 4151 1627 4206 animal
1649 4152 1935 4210 formavit?

351 4226 422 4282 Et
448 4229 576 4298 quid
601 4229 744 4297 dico,
772 4233 1039 4301 quomodo
1061 4250 1126 4289 ex
1155 4237 1254 4290 hac
1293 4253 1394 4292 una
1422 4240 1618 4294 animal
1641 4241 1935 4300 formavit?

348 4317 446 4373 Dic
466 4360 482 4385 ,
510 4318 755 4386 obmro,
784 4324 1051 4392 quomodo
1082 4325 1278 4381 ablatio
1328 4328 1464 4384 facta
1506 4333 1623 4385 est?
1667 4335 1936 4401 quomodo

349 4407 543 4475 Adam,
588 4425 708 4464 cum
747 4411 1044 4468 auferretur
1081 4425 1251 4481 costa,
1303 4433 1408 4474 non
1449 4421 1774 4479 sensitISed
1806 4425 1936 4482 nihil

349 4497 544 4555 horum
564 4501 746 4559 dicere
778 4505 977 4575 poteris
1009 4522 1184 4562 :unus
1220 4509 1362 4564 enim
1414 4519 1616 4568 tantum
1667 4516 1788 4580 scit,
1845 4519 1933 4588 qui

351 4597 436 4644 est
454 4590 568 4660 ipse
594 4590 868 4648 Conditor.
897 4594 1048 4661 Quod
1075 4597 1120 4650 si
1153 4597 1265 4653 haec
1288 4614 1408 4669 quae
1434 4602 1484 4656 in
1516 4604 1760 4661 manibus
1788 4617 1932 4674 sunt,

349 4687 408 4733 et
434 4681 678 4734 animalis
702 4681 846 4737 illius
864 4684 1002 4752 quod
1032 4686 1187 4741 nobis
1206 4701 1367 4743 carne
1390 4702 1672 4761 cognatum
1706 4703 1791 4748 est
1827 4695 1938 4749 for-

351 4769 638 4826 mationem
689 4789 796 4828 non
845 4776 1380 4845 comprehendimus;
1420 4783 1602 4852 quanti
1651 4783 1825 4838 delirii
1880 4795 1935 4840 et

353 4861 602 4916 amentiae
629 4860 788 4917 fuerit
818 4865 1078 4921 curiosius
1099 4867 1368 4938 inquirere
1391 4886 1511 4941 qua:
1544 4873 1707 4942 ipsius
1733 4875 1935 4930 Condi-

352 4950 484 5003 toris
510 4961 654 5015 sunt,
685 4961 740 5005 et
765 4953 942 5009 dicere
968 4970 1026 5010 se
1062 4957 1146 5010 illa
1172 4961 1650 5028 comprehendere,
1705 4980 1931 5033 quorum

352 5054 526 5109 neque
554 5040 880 5112 incorporea:
900 5053 954 5099 et
973 5045 1166 5101 divinae
1187 5049 1407 5104 virtutes
1429 5051 1626 5120 justam
1655 5055 1931 5109 scientiam

349 5129 567 5194 habent,
599 5131 693 5186 sed
715 5149 835 5188 cum
881 5135 1072 5192 timore
1097 5145 1151 5191 et
1194 5147 1426 5196 tremore
1453 5142 1505 5196 in
1531 5141 1740 5199 assidua
1766 5145 1936 5216 glori-

349 5221 593 5274 fica‘tione
637 5226 1015 5290 perseverant?

423 5314 476 5368 3.
502 5311 569 5366 Et
590 5313 860 5382 aediﬁcavit
888 5315 1131 5372 Dominus
1157 5317 1294 5374 Deus
1319 5331 1532 5390 costam,
1567 5339 1716 5390 quam
1741 5328 1933 5395 accepit

347 5404 414 5456 ab
464 5403 645 5469 Adam,
675 5405 729 5458 in
777 5408 1056 5462 mulierem.
1091 5407 1219 5463 Vide
1263 5410 1550 5482 Scriptura:
1583 5415 1932 5485 diligentiam.

348 5493 468 5549 Non
495 5494 634 5548 enim
652 5494 760 5564 jam
787 5496 935 5561 dicit,
965 5499 1249 5566 Formavit,
1284 5502 1399 5566 sed,
1433 5503 1737 5574 ZEdiﬁcavit
1765 5522 1785 5560 :
1810 5511 1931 5577 quia

349 5599 417 5640 ex
433 5584 542 5654 jam
571 5585 797 5641 formato
820 5597 1022 5657 partem
1049 5593 1270 5661 accepit,
1321 5601 1376 5646 et
1413 5597 1562 5662 quasi
1591 5596 1792 5652 diceret
1837 5599 1934 5652 ali-

349 5677 492 5747 quis,
548 5679 688 5747 quod
740 5679 923 5734 deerat
969 5681 1132 5738 dedit.
1189 5683 1312 5738 ideo
1363 5683 1509 5751 dicit,
1543 5686 1608 5740 Et
1627 5688 1935 5756 a’diﬁcauit:

350 5784 458 5824 non
502 5768 660 5822 aliam
719 5768 1086 5828 formationem
1135 5772 1278 5844 fecit,
1331 5775 1427 5833 scd
1465 5790 1529 5834 ex
1555 5793 1620 5836 eo
1659 5778 1798 5850 quod
1820 5779 1932 5850 jam

1430 437 1498 495 IN
1532 434 1766 495 CAPJI.
1804 429 2054 491 GENES.
2097 431 2332 488 ιιοδιιῑι.
2373 431 2486 489 ιν.

3503 427 3608 487 {ﬂ

2021 542 2306 600 formatum
2346 552 2483 608 erat,
2523 551 2738 613 accepta
2781 542 3116 614 portiuncula
3166 541 3415 614 quadam,
3467 541 3607 596 hanc

2022 643 2227 705 partem
2252 633 2554 699 cdiflcavit,
2583 642 2636 688 et
2657 633 2949 704 perfectum
2994 633 3124 688 fecit
3149 634 3366 688 animal.
3397 633 3607 702 Quanta

2021 725 2206 794 optimi
2255 723 2527 780 architecti
2581 725 2676 778 Dei
2722 725 2982 795 potentia,
3012 739 3130 794 qua:
3156 737 3224 778 ex
3255 722 3458 777 tantilla
3485 737 3610 788 par-

2023 813 2182 868 ticula
2235 821 2313 867 tot
2363 821 2416 866 et
2463 825 2568 867 tam
2624 813 2885 884 elegantia
2937 811 3175 867 membra
3229 806 3608 869 concinnavit:

2024 911 2200 958 tantos
2234 903 2482 957 formavit
2529 917 2748 969 sensus,
2776 917 2839 956 ac
2876 903 3192 970 perfectum,
3225 901 3509 969 integrum,
3554 909 3612 954 et

2022 994 2326 1049 absolutum
2371 993 2569 1048 animal
2599 993 2742 1058 fecit,
2796 993 2937 1062 quod
2981 992 3228 1061 possit-et
3255 988 3510 1060 colloqui,
3557 999 3614 1044 et

2023 1083 2398 1138 communione
2443 1083 2754 1138 substantias
2797 1082 2914 1137 viro
2952 1083 3115 1136 multa
3162 1079 3611 1144 aﬂ'erre,.solatial

2023 1171 2156 1226 Nam
2182 1172 2248 1226 ad
2273 1172 2390 1240 ejus
2409 1172 2830 1226 consolationem
2859 1171 3052 1225 animal
3069 1169 3171 1225 hoc
3200 1168 3483 1224 formatum
3507 1177 3611 1224 est.

2027 1262 2179 1318 Unde
2200 1272 2254 1318 et
2274 1263 2466 1317 Paulus
2495 1263 2748 1317 dicebat:
2783 1260 2908 1316 Non
2953 1262 3090 1316 enim
3131 1265 3380 1332 formatus
3424 1269 3497 1315 est
3540 1261 3616 1314 uir

2025 1362 2232 1424 propter
2283 1354 2562 1418 mulierem,
2586 1351 2675 1406 sed
2705 1352 2885 1406 mulier
2922 1361 3130 1422 prapter
3159 1351 3320 1404 uirum
3363 1351 3380 1420 (
3399 1352 3452 1406 i.
3484 1348 3604 1405 Cor.

2027 1442 2114 1496 Η.
2143 1441 2231 1507 9).
2267 1441 2429 1495 Vides
2469 1441 2740 1511 quomodo
2761 1441 2940 1496 omnia
2969 1451 3188 1510 propter
3230 1441 3400 1495 virum
3446 1438 3617 1494 ﬁant?

2024 1529 2246 1598 Condita
2273 1529 2415 1583 enim
2446 1540 2711 1597 creatura,
2747 1529 3022 1599 productis
3046 1529 3235 1594 brutis,
3291 1537 3346 1582 et
3394 1529 3517 1588 cibo
3562 1538 3618 1583 et

2027 1621 2322 1677 ministerio
2361 1621 2593 1686 utilibus,
2652 1623 2774 1692 quia
2823 1621 3085 1675 formatus
3129 1619 3292 1674 homo
3337 1619 3613 1688 indigebat

2025 1711 2202 1781 aliquo
2229 1710 2646 1774 confabulatore,
2679 1719 2733 1764 et
2781 1724 2848 1765 eo
2895 1710 2985 1780 qui
3028 1710 3295 1779 particeps
3337 1709 3457 1778 ejus
3480 1709 3613 1762 sub-

2026 1801 2238 1856 stantia:
2281 1802 2505 1855 multum
2545 1801 2717 1856 solatii
2739 1800 2933 1855 aii'erre
2956 1810 3156 1870 posset,
3187 1799 3308 1854 ideo
3352 1814 3418 1853 ex
3446 1799 3618 1854 latere

2028 1890 2167 1948 illius
2190 1890 2292 1945 hoc
2321 1892 2580 1946 rationale
2602 1891 2801 1945 animal
2847 1891 3063 1957 format.
3104 1898 3159 1945 et
3195 1887 3486 1944 secundum
3537 1887 3622 1942 in-

2026 1980 2286 2034 dustriam
2312 1996 2462 2036 suam
2485 1990 2540 2038 et
2564 1981 2878 2051 sapientiam
2907 1979 3200 2051 perfectum
3231 1988 3287 2034 et
3314 1978 3619 2034 absolutum

2029 2070 2131 2125 hoc
2155 2069 2301 2136 facit,
2326 2086 2421 2141 per
2448 2073 2626 2127 omnia
2655 2072 2855 2126 homini
2883 2070 3080 2137 simile,
3122 2069 3175 2125 id
3197 2079 3299 2137 est,
3329 2069 3616 2132 rationale,

2029 2160 2169 2230 quod
2205 2161 2254 2216 ei
2309 2171 2488 2230 posset
2533 2161 2585 2215 in
2614 2161 3022 2217 necessitatibus
3051 2169 3106 2216 et
3132 2159 3432 2216 commodis
3462 2159 3622 2229 hujus

2030 2252 2152 2305 vitae
2197 2251 2436 2306 subsidio
2461 2265 2601 2307 esse.
2634 2252 2779 2308 Deus
2829 2252 2972 2308 enim
3003 2263 3141 2319 erat,
3186 2252 3278 2322 qui
3319 2251 3497 2305 omnia
3535 2265 3626 2305 sa-

2031 2341 2196 2411 pienti
2225 2341 2452 2411 quadam
2507 2343 2716 2398 ratione
2757 2343 2997 2398 condidit
3037 2352 3093 2398 et
3130 2342 3458 2398 moderatur.
3507 2341 3622 2397 Etsi

2030 2431 2173 2486 enim
2223 2446 2324 2487 nos
2366 2431 2457 2502 qui
2507 2440 2615 2488 tam
2660 2432 2912 2489 imbecilli
2957 2441 3137 2490 mente
3165 2447 3371 2498 sumus,
3402 2432 3620 2489 modum

2031 2535 2136 2590 quo
2161 2519 2296 2576 facta
2323 2528 2448 2575 sunt
2474 2523 2614 2576 scire
2643 2537 2751 2577 non
2783 2537 3085 2592 possumus.
3128 2523 3398 2577 credimus
3442 2532 3621 2578 tamen

2034 2612 2292 2666 voluntati
2335 2612 2476 2666 illius
2521 2612 2699 2667 omnia
2737 2615 2986 2681 cessisse,
3018 2621 3075 2669 et
3105 2613 3360 2683 quidquid
3389 2612 3621 2682 impera-

2031 2705 2128 2770 vit,
2172 2702 2370 2759 factum
2415 2719 2558 2760 esse.
2606 2704 2697 2760 22.
2731 2705 2800 2759 Et
2818 2706 3109 2774 wdiﬁeauit,
3157 2705 3347 2776 inquit,
3378 2705 3625 2758 Dominus

2034 2793 2170 2847 Deus
2183 2804 2391 2860 costam,
2413 2811 2564 2864 quam
2584 2797 2772 2866 accepit
2797 2800 2861 2850 ab
2883 2795 3069 2863 Adam,
3087 2796 3140 2850 in
3161 2796 3417 2850 mulierem
3432 2807 3511 2850 :et
3525 2798 3620 2849 ad-

2033 2884 2176 2938 duxit
2198 2884 2338 2938 illam
2356 2885 2424 2936 ad
2445 2885 2650 2940 Adam:
2665 2886 2956 2940 ostendens
2983 2900 3042 2941 se
3061 2894 3276 2956 propter
3292 2886 3441 2939 illum
3469 2886 3624 2940 istam

2032 2973 2356 3039 condidisse,
2387 2975 2607 3031 adduxit
2632 2976 2774 3030 illam
2800 2976 2866 3030 ad
2903 2977 3093 3030 Adam.
3123 2976 3385 3041 Quoniam
3423 2976 3622 3043 nullus,

2034 3065 2226 3134 inquit,
2259 3065 2310 3119 in
2343 3066 2590 3121 omnibus
2612 3067 2730 3122 aliis
2759 3067 2973 3135 adjutor
3007 3065 3102 3121 tibi
3142 3066 3392 3122 inventus
3429 3075 3512 3121 est
3553 3067 3628 3120 si-

2032 3154 2195 3218 milis,
2247 3168 2375 3208 ecce
2419 3153 2521 3209 hoc
2567 3156 2709 3225 quod
2742 3155 3032 3225 pollicebar
3072 3154 3328 3228 (promisi
3356 3156 3499 3210 enim
3532 3157 3628 3213 tibi

2034 3242 2297 3299 facturum
2328 3259 2414 3298 me
2439 3244 2736 3315 adjutorem
2783 3246 3014 3302 similem
3060 3244 3214 3318 tibi),
3259 3261 3402 3301 nunc
3453 3247 3630 3316 perfe-

2033 3342 2180 3388 ctum
2235 3333 2386 3389 trado
2428 3335 2542 3391 tibi.
2569 3337 2798 3391 Adduxit
2818 3335 2984 3405 illam,
3015 3336 3206 3407 inquit,
3232 3337 3302 3389 ad
3324 3336 3510 3390 Adam.
3530 3335 3625 3391 25.

2035 3420 2106 3476 Et
2131 3423 2261 3477 dixit
2287 3425 2473 3492 Adam,
2505 3424 2618 3480 Hoc
2639 3443 2772 3481 nunc
2791 3442 2847 3482 os
2875 3443 2939 3482 ea:
2963 3427 3161 3482 ossibus
3186 3429 3329 3496 meis,
3344 3439 3392 3482 et
3427 3445 3546 3482 caro
3565 3443 3629 3483 ea:

2034 3529 2187 3567 carne
2206 3530 2336 3568 mea.

2106 3604 2272 3658 Adam
2318 3606 2664 3676 propheticam
2713 3608 2931 3678 gratiam
2968 3609 3180 3676 accepit.
3224 3637 3297 3650 —
3336 3608 3470 3665 Vide
3505 3609 3623 3675 hic,

2036 3706 2240 3762 quaeso,
2280 3694 2549 3764 quomodo
2577 3711 2699 3751 cum
2747 3697 2996 3753 ineffabili
3039 3697 3129 3752 illa
3158 3698 3437 3768 sapientia,
3468 3699 3567 3754 sibi
3593 3713 3626 3754 ι

2042 3782 2151 3837 Deo
2201 3785 2568 3854 suppeditata,
2620 3787 2774 3856 cujus
2823 3787 2978 3843 nobis
3021 3787 3214 3842 indicia
3263 3788 3629 3843 demonstrata

2037 3883 2162 3929 sunt
2192 3889 2287 3945 per
2322 3877 2598 3931 nominum
2647 3879 3069 3947 impositicnem,
3099 3895 3218 3950 qua:
3247 3888 3324 3934 tot
3350 3881 3628 3935 brutorum

2038 3963 2348 4017 animalium
2369 3965 2656 4034 generibus
2683 3967 2896 4034 indidit,
2915 3967 3077 4024 etiam
3108 3969 3474 4039 propheticam
3502 3985 3628 4038 gra-

2040 4054 2166 4108 tiam
2212 4055 2423 4123 aCcipit.
2449 4055 2582 4110 Nam
2624 4056 2823 4112 idcirco
2869 4067 3026 4114 antea
3069 4057 3250 4113 docuit
3301 4073 3401 4113 nos
3441 4060 3629 4114 beatus

2041 4143 2130 4200 ille
2157 4147 2436 4216 propheta,
2467 4161 2589 4201 eum
2636 4159 2692 4202 et
2733 4163 2945 4211 somno,
2977 4155 3031 4203 et
3074 4146 3275 4202 exstasi
3320 4159 3628 4218 correptum

2038 4233 2246 4290 fuisse:
2289 4238 2360 4292 ita
2417 4247 2475 4292 ut
2519 4254 2588 4293 ne
2615 4252 2832 4294 sensum
2862 4237 3078 4308 quidem
3119 4237 3281 4291 ullum
3325 4237 3441 4306 ejus
3487 4239 3632 4307 quod

2039 4323 2201 4380 (lebat
2230 4326 2568 4396 perciperet:
2596 4337 2653 4382 ut
2690 4343 2810 4383 cum
2845 4342 2986 4382 nunc
3012 4327 3194 4391 discis,
3225 4342 3346 4381 eum
3369 4327 3480 4380 visa
3513 4313 3632 4381 mu-

2039 4414 2170 4472 liere
2218 4417 2500 4488 diligenter
2529 4420 2669 4487 quod
2711 4418 2908 4473 factum
2955 4427 3074 4473 erat
3117 4434 3390 4484 enarrare,
3439 4419 3629 4474 credas

2039 4516 2208 4573 certo,
2250 4522 2370 4561 eum
2415 4519 2632 4576 accepta
2681 4508 2991 4578 prophetica
3044 4511 3246 4579 gratia,
3299 4510 3627 4579 etSpiritus

2039 4602 2209 4655 saneti
2237 4601 2479 4655 doctrina
2506 4602 2742 4657 afflatum
2783 4603 2897 4657 hac
2918 4603 3084 4673 loqui.
3121 4603 3329 4673 Quippe
3351 4619 3471 4657 cum
3494 4605 3626 4658 nihil

2040 4691 2108 4745 de
2164 4692 2230 4746 iis
2273 4707 2391 4761 quae
2434 4692 2568 4746 facta
2600 4704 2755 4747 erant
2788 4695 2970 4759 sciret,
2999 4703 3280 4765 postquam
3325 4695 3465 4749 Deus
3492 4695 3630 4751 hanc

2041 4781 2119 4836 illi
2147 4782 2385 4848 adduxit,
2418 4783 2607 4853 inquit,
2639 4783 2753 4838 Hoc
2779 4801 2911 4838 nunc
2957 4802 3013 4840 os
3056 4802 3118 4838 ex
3144 4786 3338 4840 ossibus
3389 4787 3531 4852 meis,
3582 4795 3630 4841 et

2039 4887 2157 4924 caro
2187 4888 2249 4925 ea:
2282 4889 2433 4927 carne
2483 4890 2613 4927 mea.
2643 4876 2794 4929 Alius
2821 4891 2949 4929 vero
2983 4874 3197 4945 quidam
3231 4875 3492 4945 interpres
3514 4873 3589 4945 (α)
3610 4916 3625 4940 ,

2039 4977 2137 5032 pro
2164 4961 2337 5027 Nunc,
2365 4964 2523 5018 vertit
2551 4963 2664 5018 Hoc
2698 4965 2869 5031 semel,
2909 4965 3189 5030 declarans
3211 4967 3376 5020 semel
3419 4974 3626 5020 tantum

2040 5053 2142 5109 hoc
2161 5054 2356 5109 factum
2381 5070 2519 5123 esse,
2566 5072 2737 5126 neque
2762 5059 2898 5111 ultra
2926 5057 3040 5112 fore
3065 5057 3225 5112 talem
3256 5058 3490 5113 mulieris
3514 5057 3626 5112 ior-

2038 5146 2348 5200 mationem.
2377 5145 2561 5212 Nunc,
2603 5148 2790 5218 inquit,
2833 5148 2967 5202 facta
3011 5158 3095 5202 est
3133 5163 3199 5202 ex
3247 5149 3361 5202 viro
3391 5149 3621 5214 mulier,

2041 5237 2261 5308 posthac
2311 5253 2418 5292 non
2470 5239 2549 5293 sic
2577 5239 2699 5306 erit,
2752 5239 2842 5294 sed
2884 5256 2952 5295 ex
2981 5240 3201 5294 muliere
3235 5242 3346 5304 vir;
3382 5242 3487 5293 imo
3517 5256 3624 5296 non

2042 5341 2108 5380 ex
2147 5325 2390 5394 muliere,
2438 5327 2531 5382 sed
2562 5343 2626 5383 ex
2673 5330 2948 5400 utriusque
2973 5330 3379 5399 cooperatione;
3409 5331 3544 5394 sicut
3571 5342 3626 5387 et

2042 5417 2235 5472 Paulus
2255 5418 2462 5488 inquit:
2494 5420 2614 5473 Non
2646 5429 2718 5474 est
2747 5420 2879 5474 enim
2902 5420 2977 5474 vir
3000 5436 3062 5474 ea:
3081 5421 3307 5487 muliere,
3335 5421 3424 5474 sed
3445 5422 3626 5476 mulier

2039 5524 2102 5563 ea:
2138 5510 2242 5564 viro
2271 5519 2356 5564 :et
2383 5525 2484 5564 non
2512 5511 2744 5565 conditus
2770 5520 2841 5566 est
2881 5513 2956 5566 uir
2981 5522 3185 5583 prapter
3214 5513 3504 5576 mulierem,
3537 5513 3624 5565 sed

2113 5659 2183 5720 (α)
2209 5656 2314 5704 Νοη
2341 5669 2467 5704 unus
2493 5662 2700 5715 tantum,
2721 5658 2809 5705 sed
2829 5657 2928 5706 duo
2953 5661 3069 5706 sunt
3089 5657 3407 5716 interpretes,
3426 5657 3512 5714 qui
3535 5666 3618 5701 vo-

2049 5736 2133 5794 ges
2153 5727 2317 5794 Dm
2345 5728 2438 5794 rm
2471 5727 2814 5794 vertuntthoc
2844 5729 2990 5794 semel
3028 5726 3191 5794 (rubro
3230 5726 3406 5794 anui),
3442 5735 3622 5794 nempe

2051 5785 2373 5845 Symmachus
2395 5792 2449 5837 et
2471 5785 2764 5852 Theodotio,
2793 5797 2849 5841 ut
2871 5785 3042 5840 videas
3057 5789 3108 5837 iu
3144 5785 3387 5848 ﬂexaplis
3420 5785 3620 5834 nostris.
