4152 6484
624 395 726 452 1ξὸ

620 505 802 558 mulier
825 509 1027 570 propter
1073 500 1231 553 virum
1274 497 1364 571 (I.
1396 498 1509 553 Cor.
1539 499 1626 553 Η.
1657 499 1710 553 8.
1756 497 1852 566 9).
1896 498 1966 550 At
2011 493 2194 548 isthmc

626 597 758 664 ipsa,
784 592 924 647 dicet
947 592 1158 661 aliquis,
1200 607 1316 662 quae
1345 591 1481 645 dicta
1510 600 1651 647 sunt.
1680 589 1966 644 ostendunt
2001 586 2192 640 mulieo

622 701 735 740 rem
755 700 821 740 ex
842 684 956 739 viro
985 664 1172 739 laetam
1198 699 1334 738 esse.
1371 682 1564 737 Verum
1593 690 1862 750 exspecta,
1906 689 1960 734 et
1993 677 2194 731 videbis

623 785 923 829 accuratam
976 773 1270 826 doctrinam
1314 786 1474 842 quam
1515 771 1747 840 subjicit.
1795 769 1932 823 Dicit
1980 767 2120 821 enim
2176 783 2190 819 :

631 863 980 918 Verumtamen
1005 878 1160 931 neque
1191 862 1265 915 uir
1288 862 1396 916 sine
1420 862 1648 925 muliere,
1680 875 1840 929 neque
1873 858 2056 910 mulier
2087 856 2195 910 sine

624 955 733 1006 viro
772 952 938 1024 (Ibid.
985 968 1033 1005 ο.
1057 953 1114 1007 ll
1144 950 1163 1020 )
1191 968 1202 1004 :
1231 966 1336 1020 quo
1376 950 1532 1006 docet
1565 965 1662 1005 nos
1692 958 1872 1018 postea
1920 946 2194 1014 utriusque

622 1055 928 1112 congressu,
952 1048 1294 1109 utrorumque
1321 1049 1376 1095 et
1397 1039 1492 1093 viri
1523 1046 1578 1094 et
1601 1037 1836 1092 mulieris
1861 1035 2192 1090 constitutio-

625 1145 748 1186 nem
795 1145 931 1184 esse.
961 1128 1164 1185 Idcirco
1190 1139 1244 1184 et
1271 1129 1438 1184 Adam
1467 1128 1712 1183 dicebat:
1745 1125 1857 1179 lloe
1879 1141 2011 1178 nunc
2043 1139 2100 1177 os
2131 1139 2194 1177 ea:

623 1221 814 1276 ossibus
831 1221 972 1284 meis,
1001 1229 1048 1272 et
1073 1236 1191 1274 caro
1219 1235 1281 1274 es
1312 1234 1464 1272 carne
1495 1233 1624 1270 mea.

691 1311 743 1364 Α.
779 1309 978 1363 Deinde
1017 1317 1075 1362 ut
1103 1310 1240 1363 scias
1279 1309 1435 1374 hujus
1478 1307 1768 1377 praphetite
1793 1303 2189 1370 certitudiuem,

618 1410 674 1454 et
700 1400 963 1468 quomodo
989 1401 1040 1453 in
1065 1401 1202 1468 hunc
1223 1399 1362 1453 diem
1389 1407 1442 1452 et
1467 1413 1634 1467 usque
1667 1396 1732 1451 ad
1776 1394 2191 1450 consummatio-

620 1509 742 1548 nem
756 1493 1038 1561 alTulgeant
1050 1493 1190 1547 illius
1204 1491 1365 1546 dicta.
1383 1492 1502 1544 audi
1517 1489 1814 1561 sequentia.
1825 1489 1914 1543 25.
1932 1487 2036 1540 Ista
2048 1501 2192 1539 voca-

619 1583 748 1636 bitur
769 1583 967 1645 mulier,
996 1582 1184 1653 inquit,
1208 1583 1324 1652 quia
1350 1599 1412 1635 ea:
1438 1583 1542 1634 viro
1566 1596 1657 1634 suo
1706 1589 1906 1648 sumpta
1943 1587 2016 1631 est
2058 1579 2188 1644 ipsa.

619 1672 710 1725 24.
747 1671 960 1741 l'rOpter
988 1673 1082 1726 hoc
1110 1671 1414 1740 derelinquet
1443 1672 1588 1723 homo
1613 1679 1803 1739 patrem
1821 1684 1984 1731 suum,
2013 1676 2060 1718 et
2085 1681 2193 1718 ma-

622 1769 746 1813 trem
772 1777 935 1825 suam,
959 1771 1005 1814 et
1031 1761 1301 1814 adhcrebit
1342 1759 1486 1813 tta-ori
1527 1775 1652 1822 sua,
1707 1767 1754 1810 et
1800 1765 1945 1810 erant
1991 1756 2091 1808 duo
2139 1755 2192 1807 in

617 1865 816 1901 cantem
843 1865 1014 1902 unam.
1047 1849 1236 1904 Vidisti
1257 1848 1524 1918 quomodo
1547 1847 1721 1902 omnia
1747 1845 1901 1901 nobis
1913 1845 2193 1914 diligenter

615 1937 844 2006 aperuit,
875 1946 928 1990 et
960 1938 1161 2008 singula
1194 1952 1289 2007 per
1318 1938 1649 2007 prophetiam
1677 1950 1826 1990 suam
1865 1933 2190 2003 explanavit.

619 2024 731 2080 Ista
754 2068 768 2091 ,
801 2027 990 2096 inquit,
1021 2028 1274 2080 vocabitur
1303 2028 1500 2089 mulier,
1529 2026 1647 2095 quia
1669 2025 1730 2077 de
1759 2024 1862 2077 viro
1883 2039 1974 2078 suo
1992 2031 2192 2091 sumpta

619 2129 712 2172 est.
755 2121 948 2172 lterum
977 2119 1129 2173 nobis
1151 2118 1472 2173 ablationem
1512 2127 1675 2173 costa:
1702 2116 1967 2170 insinuat:
2001 2113 2193 2168 deinde

621 2226 740 2278 quae
794 2210 962 2263 futura
1011 2218 1165 2265 erant
1214 2209 1523 2272 declarans,
1570 2208 1776 2276 inquit,
1828 2204 2045 2274 Propta-
2099 2203 2192 2255 liae

617 2297 866 2366 relinquet
920 2302 1068 2350 homo
1123 2307 1316 2366 patrem
1348 2312 1495 2349 suum
1516 2335 1532 2358 ,
1590 2303 1638 2348 et
1692 2303 1902 2346 malum
1931 2306 2076 2344 suam
2097 2330 2114 2356 ,
2141 2298 2191 2344 et

615 2387 886 2441 atlltasrebit
929 2387 1078 2442 uxori
1122 2403 1230 2442 suc
1251 2426 1266 2452 ,
1294 2397 1342 2440 et
1369 2394 1512 2440 erant
1543 2386 1644 2438 duo
1685 2384 1739 2437 in
1783 2397 1984 2436 carnem
2011 2395 2187 2434 unam.

619 2476 804 2543 Unde,
859 2477 986 2543 die,
1042 2492 1178 2543 oro,
1234 2477 1396 2532 subiit
1443 2477 1518 2530 illi
1575 2476 1627 2530 in
1680 2483 1912 2529 mentem
1965 2482 2023 2526 ut
2077 2471 2193 2527 bzec

615 2566 856 2622 diceret:
889 2567 1028 2622 unde
1056 2566 1256 2621 sciebat
1284 2566 1456 2620 futura
1481 2607 1495 2630 ,
1517 2573 1571 2619 et
1599 2561 2046 2632 multiplicandum
2071 2573 2192 2614 esse

616 2656 904 2711 humanum
942 2657 1212 2727 genuslet
1236 2655 1374 2726 quod
1396 2655 1600 2708 futurus
1619 2661 1760 2708 esset
1790 2652 1883 2704 viri
1921 2649 2190 2704 mulieris-

615 2762 723 2816 que
743 2761 1058 2815 congressus
1091 2745 1231 2800 unde
1270 2741 1557 2798 noscebat?
1574 2741 1900 2811 Congressus
1915 2741 2056 2794 enim
2083 2739 2172 2794 illo

617 2845 736 2902 post
761 2835 1240 2902 prtevaricationem
1265 2832 1362 2886 fuit
1385 2849 1398 2884 :
1431 2847 1551 2885 nam
1579 2846 1744 2901 usque
1769 2829 1837 2884 ad
1869 2829 2012 2882 illam
2039 2829 2189 2898 quasi

612 2924 785 2992 angeli
825 2923 1171 2978 versabantur
1209 2925 1260 2977 in
1300 2923 1566 2990 paradiso,
1607 2935 1710 2974 non
1750 2919 2191 2988 concupiscentiis

619 3012 901 3080 ﬂagrantes
924 3053 940 3078 ,
988 3028 1093 3067 non
1130 3013 1198 3066 ab
1229 3013 1348 3066 aliis
1393 3011 1759 3067 aﬂectionibus
1799 3009 2050 3074 intestati,
2083 3023 2190 3064 non

617 3112 820 3154 nature
873 3101 1284 3156 necessitatibus
1326 3102 1565 3167 obnoxii,
1610 3101 1705 3156 sed
1755 3114 1972 3170 prorsus
2014 3100 2190 3155 incor-

615 3192 893 3262 ruptibiles
929 3201 984 3247 et
1029 3193 1358 3248 immortales
1397 3193 1630 3256 conditi,
1674 3206 1845 3263 neque
1896 3191 1980 3246 vel
2026 3191 2191 3246 vesti-

619 3291 920 3337 mentorum
962 3285 1156 3337 amietu
1207 3282 1278 3336 ibi
1329 3283 1554 3352 egebant
1593 3300 1607 3336 :
1649 3283 1739 3337 25.
1797 3282 1960 3336 Erant
2015 3283 2147 3334 enim
2175 3322 2189 3345 ,

614 3371 828 3440 inquit,
875 3371 1019 3425 ambo
1074 3372 1196 3425 ntuli
1218 3411 1234 3438 ,
1291 3381 1336 3426 et
1389 3388 1490 3426 non
1543 3371 1908 3427 erubescebant.
1967 3371 2192 3425 l‘cecato

615 3463 758 3516 enim
807 3473 859 3516 et
907 3464 1347 3531 prmvaricatione
1375 3463 1608 3517 nondum
1653 3471 1912 3533 praesente
1935 3503 1949 3526 ,
1980 3460 2146 3530 gloria
2173 3499 2189 3525 ,

615 3571 736 3623 qua:
763 3570 990 3622 superne
1016 3563 1256 3620 venerat,
1283 3555 1461 3610 vestiti
1489 3565 1637 3609 erant
1657 3593 1675 3621 ,
1706 3562 1760 3608 et
1787 3553 1909 3608 ideo
1933 3569 2037 3606 non
2067 3569 2191 3606 eru-

619 3643 902 3697 bescebant
927 3660 941 3707 ;
972 3653 1092 3712 post
1121 3643 1590 3712 transgressionem
1617 3653 1793 3697 autem
1824 3641 2091 3710 praecepti.
2113 3642 2192 3695 in-

618 3743 880 3801 trogressa
898 3743 980 3788 est
996 3743 1050 3789 et
1065 3734 1448 3800 erubescentia,
1467 3741 1520 3788 et
1533 3733 1786 3788 nuditatis
1804 3732 2019 3801 agnitio.
2039 3731 2191 3786 Unde

621 3818 799 3887 igitur,
826 3821 911 3875 die
934 3865 947 3887 ,
973 3836 1153 3891 quaeso
1177 3862 1193 3888 ,
1224 3823 1276 3876 in
1305 3831 1479 3877 mente
1504 3821 1703 3884 habuit,
1737 3829 1795 3875 ut
1820 3823 1932 3875 lucc
1951 3819 2192 3876 diceret?

622 3927 796 3967 annon
827 3913 997 3979 palam
1025 3921 1108 3968 est
1129 3927 1252 3967 eum
1282 3911 1603 3982 pr0phetica:
1626 3911 1808 3981 grati-.c
1834 3911 2145 3980 participem
2173 3948 2190 3975 ,

622 4003 799 4055 omnia
825 4002 936 4056 ltmc
952 4003 1315 4071 spiritualibus
1339 4002 1533 4056 vidisse
1554 4001 1758 4055 oculis?
1781 3999 1903 4054 Haec
1925 4015 2063 4054 nunc
2087 4013 2194 4054 non

617 4092 817 4160 absque
854 4093 1056 4146 ratione
1094 4091 1250 4157 dico,
1297 4091 1388 4147 sed
1412 4099 1468 4144 ut
1509 4092 1667 4145 etiam
1717 4089 1840 4144 hinc
1881 4089 2193 4144 immensam

623 4181 717 4234 Dei
746 4182 1120 4248 benignitatem
1142 4181 1376 4246 discatis,
1403 4195 1559 4248 quam
1590 4181 1821 4234 humano
1847 4177 2028 4248 generi
2046 4177 2189 4232 exhi-

625 4271 738 4322 buit
765 4311 779 4331 ,
827 4270 945 4323 data
987 4270 1059 4323 illi
1100 4269 1168 4323 ab
1208 4270 1358 4324 initio
1390 4269 1495 4322 vita
1537 4271 1794 4338 angelica,
1824 4278 1878 4324 et
1907 4268 2194 4324 innumeris

624 4363 675 4414 in
708 4361 850 4414 illtun
877 4361 1079 4414 collatis
1101 4360 1387 4423 beneﬁciis,
1409 4374 1472 4415 ac
1488 4375 1608 4414 cum
1633 4361 1752 4414 aliis
1772 4359 2014 4414 omnibus
2035 4359 2193 4412 etiam

620 4449 925 4517 prophetica
951 4449 1204 4518 dignitate
1228 4463 1478 4503 concessa
1507 4466 1520 4501 ε
1545 4456 1600 4502 ιιι
1623 4462 1743 4502 cum
1771 4446 2008 4502 videritis
2025 4445 2196 4500 homi-

619 4556 738 4592 nem
770 4548 889 4608 post
915 4547 992 4592 tot
1019 4537 1272 4593 beneﬁcia
1299 4537 1534 4592 desidem
1559 4552 1697 4603 esse,
1726 4537 1935 4606 culpam
1955 4538 2004 4590 in
2030 4537 2193 4591 Deum

623 4645 689 4683 ne
734 4629 1045 4697 rejeceritis,
1093 4629 1188 4684 sed
1237 4629 1334 4698 ipsi
1365 4636 1532 4683 totum
1579 4629 1862 4697 imputetis.
1900 4627 2016 4697 Ipse
2053 4627 2194 4681 enim

627 4721 934 4789 sibitnetipsi
985 4720 1219 4774 omnium
1261 4720 1520 4773 malorum
1548 4729 1731 4772 auctor
1774 4718 1903 4784 luit,
1953 4719 2090 4785 quod
2142 4726 2196 4770 et

626 4818 805 4877 postea
832 4809 1065 4872 discetis,
1091 4818 1198 4863 tum
1230 4809 1429 4863 scilicet
1455 4808 1593 4877 quod
1621 4809 1777 4862 tantis
1803 4809 1952 4862 bonis
1985 4809 2196 4864 excide-

627 4902 714 4962 rit,
748 4909 856 4953 tum
885 4900 1022 4968 quod
1062 4900 1130 4953 ob
1170 4901 1653 4968 przevaricationem
1695 4898 2076 4953 condemnatus
2103 4899 2192 4952 sit.

622 4989 750 5044 Nam
789 5005 908 5043 cum
946 4990 1118 5059 cogito
1153 4991 1271 5043 vitae
1305 4990 1445 5044 illius
1479 4999 1694 5055 statum,
1716 5004 1871 5059 quem
1907 4990 1979 5043 illi
2013 4990 2194 5045 Domi-

622 5096 720 5134 nus
758 5079 920 5144 dedit,
965 5089 1067 5132 tam
1095 5080 1372 5134 multifaria
1413 5082 1463 5135 in
1499 5082 1667 5150 ipsum
1712 5083 1964 5136 beneﬁcia
2008 5095 2194 5137 cumu-

621 5171 818 5236 lando;
849 5183 902 5226 et
931 5171 1153 5242 primum
1185 5173 1394 5240 quidem
1420 5214 1436 5238 ,
1490 5175 1627 5240 quod
1649 5217 1662 5239 ,
1695 5184 1815 5230 ante
1869 5176 2032 5244 ipsius
2081 5173 2192 5228 for-

628 5269 934 5328 mationem,
970 5277 1184 5334 propter
1228 5267 1398 5336 ipsum
1451 5275 1618 5320 totum
1653 5269 1792 5327 hunc
1843 5269 2094 5324 mundum
2141 5279 2195 5324 et

624 5364 893 5410 creaturas
912 5356 1162 5422 condidit,
1181 5367 1232 5412 et
1257 5371 1438 5428 postea
1463 5359 1629 5427 ipsum
1649 5357 1910 5422 formavit,
1941 5370 1996 5413 ut
2026 5358 2194 5416 lactus

624 5447 920 5502 \‘isibilibus
944 5449 1184 5504 omnibus
1216 5449 1476 5506 frueretur
1495 5467 1510 5516 ;
1529 5451 1649 5506 dein
1668 5450 1806 5520 quod
1830 5461 1886 5505 ut
1904 5453 2192 5520 jussitesso.

631 5539 930 5606 paradisum
956 5581 971 5602 ,
1003 5543 1052 5592 in
1079 5540 1166 5595 illo
1197 5542 1372 5596 statim
1399 5544 1568 5611 ipsum
1612 5543 1769 5597 vitam
1812 5558 1968 5611 agere
1995 5543 2186 5608 voluit,

628 5629 872 5682 animalia
899 5631 1047 5684 bruta
1075 5631 1139 5686 ab
1170 5632 1260 5686 illo
1290 5636 1548 5703 separavit
1573 5677 1586 5702 ,
1615 5643 1668 5688 et
1696 5634 1930 5687 omnium
1954 5633 2025 5687 illi
2047 5633 2192 5688 dedit

627 5727 960 5789 potestatem,
992 5722 1136 5789 quasi
1161 5721 1431 5779 dominum
1459 5728 1622 5780 servis
1645 5733 1700 5781 et
1723 5721 1947 5780 subditis
1977 5724 2184 5779 nomina

1361 390 1418 445 S.
1456 387 1731 445 JOANNlS
1768 380 2232 442 CHRYSOSTOIII
2271 383 2588 442 ANCIIIEP.
2628 387 3161 444 CONSTANTINOP.

3789 395 3888 450 1‘23

2304 500 2576 564 imponere
2595 498 2830 564 jubendo
2855 516 2868 562 ;
2895 508 3078 568 postea
3110 513 3254 563 vero,
3282 500 3401 568 quia
3430 501 3576 558 solus
3603 514 3739 566 erat.
3765 520 3885 561 eunt

2308 585 2563 655 indigeret
2593 587 2773 656 aliquo
2799 588 3040 657 adjutore
3059 628 3076 654 ,
3126 589 3214 661 qui
3242 600 3441 646 natura:
3471 593 3589 660 ejus
3621 597 3889 665 particeps

2299 684 2475 738 esset,
2533 690 2707 744 neque
2762 675 2864 730 boc
2916 678 3136 742 omisit,
3196 678 3288 732 sed
3347 680 3598 749 producta
3664 683 3888 741 muliere

2301 765 2458 819 modo
2481 781 2586 835 quo
2614 765 2712 820 sibi
2737 767 2954 835 placuit,
2985 768 3127 822 illam
3153 769 3251 836 ipsi
3290 770 3341 823 in
3377 786 3565 824 manus
3601 774 3883 827 concredi-

2298 854 2397 918 dit,
2423 869 2485 909 ac
2512 867 2700 924 praeter
2728 855 2842 911 lucc
2868 859 3041 911 omnia
3072 859 3361 928 prephetia:
3384 874 3595 928 quoquc
3620 861 3877 929 dignitate

2300 945 2444 997 illum
2488 946 2784 1014 insignivit;
2809 956 2863 1000 et
2891 957 3009 1015 post
3034 947 3290 1002 immensa
3321 948 3408 1002 illa
3438 950 3688 1005 beneﬁcia
3717 960 3879 1018 caput

2297 1033 2454 1086 etiam
2476 1036 2712 1089 omnium
2736 1035 2951 1090 donavit
2967 1036 3064 1101 illi,
3089 1045 3148 1090 ut
3163 1037 3229 1092 ab
3260 1038 3507 1092 omnibus
3519 1039 3662 1094 curis
3679 1049 3734 1094 et
3747 1041 3888 1094 solli-

2297 1122 2615 1178 citudinibus
2650 1127 2887 1195 corporis
2928 1127 3064 1180 liber
3103 1135 3284 1191 esset,
3314 1141 3486 1196 neque
3510 1128 3630 1181 ullis
3653 1129 3882 1184 vestium

2299 1210 2640 1278 indumentis,
2665 1227 2836 1283 neque.
2860 1214 2964 1269 alio
2987 1215 3166 1286 aliquo
3187 1215 3422 1285 indigere
3447 1217 3591 1270 illum
3616 1218 3878 1284 permisit,

2299 1301 2392 1354 sed
2410 1342 2426 1366 ,
2455 1310 2516 1356 ut
2539 1303 2648 1356 dixi
2672 1344 2686 1367 ,
2714 1304 2864 1373 quasi
2893 1306 3135 1374 angelum
3166 1315 3471 1362 terrestrem
3499 1321 3659 1376 super
3685 1319 3883 1364 terram

2297 1391 2440 1446 illum
2489 1393 2687 1447 versari
2714 1393 2878 1447 voluit
2909 1411 2923 1447 :
2955 1409 3076 1448 cum
3107 1396 3262 1464 igitur
3309 1397 3423 1450 iure
3450 1398 3625 1450 omnia
3671 1413 3881 1453 mecum

2297 1489 2516 1547 reputo,
2546 1481 2864 1550 obstupeseo
2897 1491 2950 1536 ct
2993 1483 3196 1536 Domini
3241 1482 3571 1538 clementiam
3613 1485 3663 1538 itt
3691 1487 3885 1540 huma-

2297 1583 2422 1621 num
2443 1583 2629 1638 genus.
2659 1580 2712 1624 et
2741 1569 2969 1626 hominis
2995 1571 3251 1626 desidiam
3273 1615 3286 1633 ,
3319 1581 3375 1626 et
3402 1573 3594 1626 diaboli
3636 1573 3882 1628 inviden-

2296 1659 2423 1712 tiam
2454 1677 2468 1712 :
2499 1673 2602 1714 non
2650 1661 2790 1714 enim
2835 1660 3038 1716 ferebat
3088 1662 3260 1715 malus
3313 1662 3401 1716 ille
3453 1663 3663 1718 dmmon
3701 1662 3885 1720 videro

2295 1747 2349 1802 in
2393 1763 2617 1818 corpore
2669 1751 2934 1806 hominem
2966 1753 3253 1820 angelicam
3283 1755 3443 1807 vitam
3473 1764 3734 1823 agentem.

2363 1839 2417 1893 5.
2461 1839 2675 1894 Horalis
2696 1842 2958 1912 epilogus;
3003 1843 3275 1895 liberalitas
3314 1842 3408 1896 Dei
3440 1844 3492 1896 in
3521 1845 3762 1898 homines.

2292 1927 2557 1984 (laterum
2575 1946 2642 1985 ne
2662 1932 2822 1985 nimia
2841 1933 3164 2001 longitudine
3184 1949 3484 1989 sermonem
3505 1935 3878 2003 extendamus,

2296 2018 2339 2070 si
2369 2018 2562 2086 placet,
2587 2020 2671 2074 hic
2697 2019 2854 2075 ﬁnem
2880 2022 3130 2090 loquendi
3159 2021 3433 2090 facientes,
3463 2039 3780 2092 reponemus
3822 2027 3878 2081 in

2299 2118 2569 2176 ptrsterum
2598 2127 2659 2166 ea
2703 2127 2821 2182 qum
2848 2112 2916 2167 de
2954 2113 3147 2168 diaboli
3180 2113 3385 2168 insidiis
3429 2126 3739 2185 sequuntur,
3783 2132 3880 2172 ve-

2295 2210 2460 2252 stram
2499 2213 2714 2256 orantes
2761 2203 3054 2266 caritatem,
3087 2212 3143 2256 nt
3176 2203 3456 2273 diligenter
3479 2220 3541 2259 ea
3569 2221 3690 2274 qua:
3737 2206 3879 2261 dicta

2277 2296 2419 2341 stunt
2457 2291 2730 2343 memoria:
2759 2293 3162 2355 commendetis,
3191 2302 3246 2347 et
3270 2293 3540 2347 vobiscum
3567 2295 3883 2363 espendatis

2294 2393 2355 2433 ea
2383 2379 2583 2445 omnia,
2611 2389 2664 2433 ut
2685 2380 2995 2449 profundius
3022 2382 3073 2436 in
3099 2383 3508 2452 cogitationibus
3531 2386 3722 2439 vestris
3747 2400 3886 2440 con-

2295 2467 2489 2521 sidant.
2518 2468 2649 2522 Nam
2675 2471 2721 2524 si
2748 2472 3000 2525 continuo
3019 2472 3395 2527 beneliciorum
3420 2474 3534 2539 Dei,
3557 2489 3674 2543 qua:
3702 2475 3754 2528 in
3781 2490 3882 2528 no-

2294 2565 2462 2610 strum
2478 2571 2643 2626 genus
2662 2560 2902 2622 contulit,
2929 2560 3288 2626 recordemur,
3313 2572 3366 2617 et
3387 2563 3482 2631 ipsi
3505 2564 3636 2634 grati
3657 2565 3880 2629 erimus.

2293 2660 2348 2705 et
2375 2649 2440 2704 ad
2471 2651 2680 2708 virtutis
2701 2655 2836 2707 viam
2868 2669 3054 2724 magna
3082 2654 3132 2708 id
3149 2654 3253 2710 erit
3271 2656 3648 2710 exstimulatio.
3673 2655 3883 2725 Quippe

2295 2743 2633 2799 manifestum
2659 2754 2758 2810 est,
2793 2761 2913 2800 eum
2939 2747 3027 2815 qui
3059 2746 3313 2802 beneﬁcia
3343 2748 3432 2802 Dei
3461 2763 3644 2803 secum
3667 2750 3878 2820 recogi-

2298 2839 2392 2896 tat,
2424 2846 2641 2902 Operam
2667 2833 2911 2888 daturum
2939 2850 3006 2889 ne
3050 2835 3151 2889 illis
3194 2835 3436 2905 indiguus
3476 2837 3737 2904 videatur,
3781 2839 3882 2894 sed

2298 2921 2431 2974 tanti
2471 2923 2628 2976 studii
2653 2932 2708 2977 ct
2746 2933 2850 2976 tam
2894 2924 3026 2993 grati
3058 2925 3219 2978 animi
3262 2925 3514 2988 futurum,
3565 2936 3623 2980 ut
3667 2937 3722 2982 et
3773 2928 3881 2983 alia

2294 3021 2686 3082 consequenter
2713 3025 3002 3070 mereatur.
3047 3015 3304 3070 Liberalis
3337 3016 3532 3087 quippe
3557 3028 3640 3072 est
3692 3018 3878 3074 Domi-

2297 3116 2397 3156 nus
2425 3113 2626 3168 noster,
2679 3114 2734 3159 et
2779 3104 2992 3174 quando
3034 3104 3176 3159 videt
3197 3119 3296 3160 nos
3337 3115 3486 3176 grato
3527 3107 3705 3162 animo
3758 3123 3884 3164 esse

2295 3193 2436 3248 circa
2464 3208 2525 3247 ea
2564 3209 2682 3264 qute
2720 3195 2830 3262 jam
2871 3196 3022 3250 nobis
3050 3197 3335 3265 concessit,
3368 3200 3502 3254 ultra
3543 3215 3642 3254 nos
3685 3202 3880 3270 potiori

2297 3285 2464 3354 gratia
2490 3286 2884 3356 majoribusque
2910 3289 3215 3342 muneribus
3243 3289 3428 3359 implet
3457 3300 3691 3346 :tantnm
3722 3292 3879 3348 nobis

2297 3387 2479 3430 nostra
2527 3377 2671 3430 salus
2723 3392 2865 3431 cura:
2892 3377 2997 3441 sit,
3050 3393 3118 3433 ne
3162 3379 3235 3433 ita
3281 3381 3626 3449 inmgitanter
3666 3391 3883 3450 tempus

2298 3467 2673 3536 transigamus,
2727 3483 2899 3537 neque
2950 3467 3053 3522 hoc
3095 3469 3449 3534 attendamus,
3501 3472 3546 3525 si
3601 3472 3879 3529 dimidium

2296 3553 2720 3624 Quadragesima:
2750 3556 3037 3620 transierit,
3079 3556 3170 3610 sed
3201 3557 3245 3610 si
3274 3573 3372 3627 qua
3402 3560 3455 3613 in
3497 3559 3598 3616 hoc
3640 3571 3884 3632 tempore

2295 3658 2327 3697 a
2356 3645 2508 3698 nobis
2552 3645 2687 3699 bene
2731 3655 2879 3715 gesta
2909 3654 3055 3711 sunt,
3082 3655 3136 3700 et
3164 3647 3208 3700 si
3231 3662 3363 3716 quas
3404 3649 3713 3706 aﬂ’eetiones
3758 3668 3884 3722 quas

2296 3749 2394 3788 nos
2432 3735 2740 3804 perturbant
2767 3738 3175 3792 correxerimus.
3205 3737 3334 3792 Nam
3367 3739 3410 3792 si
3440 3741 3674 3809 quotidie
3717 3743 3882 3812 spiri-

2297 3825 2422 3879 tuali
2443 3825 2684 3880 doctrina
2709 3826 2915 3889 retecti,
2945 3841 3158 3895 semper
3198 3827 3354 3882 iidem
3382 3831 3751 3898 manserimus,
3779 3850 3882 3888 ne-

2297 3932 2401 3983 que
2447 3917 2500 3970 in
2525 3917 2806 3972 virtutibus
2833 3919 3178 3980 creverimus,
3203 3935 3373 3988 neque
3402 3931 3738 3988 peccatorum
3782 3938 3882 3993 ge-

2299 4018 2426 4058 nera
2456 4019 2485 4056 e
2515 4007 2820 4072 pectoribus
2848 4005 3039 4058 nostris
3069 4005 3494 4074 ell'ugaverimus,
3539 4025 3644 4062 non
3701 4011 3879 4066 solum

2299 4093 2420 4148 inde
2446 4093 2574 4146 nihil
2604 4095 2700 4146 erit
2729 4094 2985 4154 utilitatis,
3015 4092 3110 4148 sed
3140 4102 3195 4147 et
3215 4095 3496 4162 plurimum
3525 4100 3825 4154 nocumenti
3863 4118 3880 4156 :

2299 4183 2722 4254 quandoquidem
2751 4184 2836 4254 qui
2869 4193 3011 4238 tanta
3034 4200 3156 4238 cura
3182 4183 3393 4240 habitus
3418 4187 3547 4241 nihil
3571 4189 3699 4244 lucri
3730 4189 3878 4258 facit,

2301 4289 2471 4342 neque
2486 4275 2712 4341 proﬁcit,
2731 4274 2986 4342 majorem
3005 4272 3103 4327 sibi
3118 4284 3394 4329 coacervat
3409 4275 3667 4343 gehennae
3680 4279 3879 4349 ignem.

2300 4365 2425 4420 Ideo
2454 4379 2572 4430 oro,
2601 4373 2658 4418 ut
2682 4366 2869 4420 saltem
2896 4365 3154 4436 reliquum
3178 4367 3367 4436 jejunii
3397 4378 3608 4440 tempus
3644 4384 3700 4427 ut
3725 4374 3882 4430 decet

2301 4453 2649 4519 insumamus,
2674 4463 2730 4507 ut
2753 4454 2972 4524 singulis
3000 4453 3364 4514 hebdomadis.
3393 4457 3500 4512 imo
3525 4460 3747 4530 singulis
3765 4462 3880 4519 die-

2302 4542 2400 4597 bus
2426 4559 2523 4598 nos
2562 4544 2701 4612 ipsos
2748 4544 3164 4611 consideremus,
3214 4554 3267 4600 et
3305 4547 3426 4601 vitia
3477 4549 3546 4604 ab
3600 4552 3881 4610 animabus

2302 4635 2498 4688 nostris
2521 4634 2868 4702 expellamus,
2911 4651 2975 4691 ac
3012 4635 3272 4691 bonorum
3313 4652 3534 4708 operum
3578 4645 3878 4712 possessio-

2303 4738 2422 4778 nem
2463 4726 2855 4794 conquiramus,
2884 4727 3019 4781 sicut
3064 4727 3318 4796 propheta
3363 4739 3544 4784 noster
3581 4733 3878 4801 admonuit,

2302 4814 2629 4869 declinemus
2654 4830 2683 4868 a
2729 4817 2883 4869 malis
2909 4816 2929 4888 (
2952 4815 3098 4870 Psal.
3132 4819 3219 4872 56.
3257 4817 3325 4872 27
3355 4819 3395 4888 ),
3423 4829 3477 4873 et
3515 4822 3581 4874 ad
3627 4825 3875 4880 virtutem

2305 4912 2635 4957 transeamus
2666 4921 2680 4957 :
2715 4902 2815 4959 hoc
2850 4906 3048 4960 etenim
3094 4921 3278 4962 verum
3311 4916 3393 4961 est
3429 4907 3713 4977 jejunium.
3769 4914 3877 4969 Ira-

2302 4993 2503 5047 cundus
2541 4993 2768 5048 ferocem
2811 4994 3258 5063 perturbationem
3304 4999 3389 5066 pia
3431 5000 3755 5068 cogitatione
3805 5002 3878 5058 ab

2301 5082 2475 5136 anima
2504 5082 2764 5147 eliminet,
2797 5084 3253 5137 mansuetudinem
3279 5094 3454 5141 autem
3498 5096 3553 5142 et
3599 5089 3872 5148 lenitatem

2301 5173 2648 5243 amplexetur.
2697 5173 2861 5228 Deses
2911 5180 2963 5227 et
2989 5173 3365 5242 intemperans.
3414 5185 3468 5230 et
3519 5177 3871 5238 formosorum

2300 5279 2581 5332 corporum
2610 5263 2849 5317 curiosus
2873 5270 3138 5330 spectator
3165 5263 3510 5333 cogitationes
3551 5283 3675 5322 suas
3704 5271 3873 5326 retre-

2301 5363 2424 5416 net,
2481 5362 2533 5407 et
2586 5354 2637 5408 in
2696 5353 2968 5406 latitudine
3010 5352 3201 5407 mentis
3237 5369 3347 5407 sua:
3400 5353 3651 5412 inscribat
3701 5359 3870 5431 legem

2299 5447 2492 5500 Christi
2530 5445 2814 5510 dicentem,
2867 5444 2965 5510 Qui
3007 5447 3274 5515 inspexerit
3314 5449 3568 5501 mulierem
3600 5461 3652 5502 ut
3687 5467 3870 5506 corton-

2301 5544 2456 5610 piscat
2498 5539 2678 5602 illam,
2722 5541 2835 5607 jam
2881 5538 3180 5590 adulterium
3227 5540 3472 5592 commisit
3528 5557 3639 5595 cum
3693 5542 3786 5596 illa
3813 5549 3866 5600 in

2297 5632 2447 5685 corde
2474 5629 2605 5698 δυο(
2639 5628 2824 5682 Matth.
2855 5629 2907 5684 5.
2956 5626 3084 5696 28),
3118 5632 3506 5685 incontincnlim
3535 5634 3713 5688 vitium
3735 5632 3868 5690 cllu-

2299 5725 2426 5796 giat,
2455 5736 2510 5782 ct
2537 5723 2836 5781 sobrietatis
2867 5723 3112 5778 virtutem
3141 5736 3408 5795 operetur.
