4152 6498
365 599 552 653 Contra
587 607 789 669 peccata
827 598 1028 669 lingua.
1063 628 1132 638 —-
1160 596 1258 664 Qui
1303 597 1589 666 praecipitis
1619 607 1672 651 et
1703 605 1864 650 teme-

286 689 449 743 raria:
488 690 680 759 libgua:
705 701 823 754 est,
851 673 910 744 (et
934 704 1280 759 quarenmque
1308 690 1641 743 nhvenientia
1672 689 1872 750 ell'utit,

285 778 530 834 imitetur
555 781 764 834 beatum
798 781 1131 849 prophetam,
1153 789 1209 836 et
1231 781 1420 862 dicat;
1445 781 1606 847 Pone,
1637 780 1872 847 Domine,

285 869 572 922 custodiam
619 870 695 922 ori
743 887 880 935 meo,
919 881 966 924 et
1005 873 1186 926 ostium
1232 873 1519 926 munitionis
1564 872 1709 927 labiis
1751 873 1874 926 meis

286 957 462 1027 (Psal.
498 959 618 1014 140.
650 961 705 1028 3)
735 974 753 1020 :
782 972 834 1015 et
872 977 1160 1031 numquam
1189 973 1388 1018 temere
1417 975 1469 1018 et
1506 963 1708 1034 absque
1735 965 1874 1019 utili-

286 1057 399 1104 tate
439 1050 676 1120 proferat
723 1056 879 1109 verba
908 1097 922 1121 ,
966 1057 1059 1110 sed
1100 1059 1279 1111 audiat
1317 1057 1532 1112 Paulum
1560 1059 1868 1115 dicentem:

287 1139 470 1193 Omnis
496 1142 813 1211 vociferatio,
847 1156 892 1198 et
919 1161 1080 1214 furor,
1107 1157 1152 1200 et
1178 1147 1485 1218 blasphemia
1506 1190 1520 1211 ,
1549 1161 1596 1202 et
1624 1149 1869 1204 obscaeni-

285 1239 402 1294 tas,
434 1241 480 1285 et
513 1234 787 1290 scurrilitas
823 1238 1030 1290 tollatur
1066 1254 1098 1290 a
1136 1239 1304 1304 vobis,
1342 1256 1455 1293 cum
1499 1241 1637 1293 omni
1676 1242 1869 1295 malitia

281 1326 298 1384 (
328 1319 517 1390 Eplies.
546 1324 600 1378 4.
631 1325 768 1394 3i);
800 1336 854 1380 et
883 1325 1073 1381 iterum
1108 1346 1120 1381 :
1152 1328 1212 1382 Si
1243 1319 1354 1396 quis
1387 1347 1550 1384 sermo
1582 1331 1771 1396 bonus,
1803 1333 1870 1384 ad

275 1413 669 1480 aediﬁcatione»:
695 1417 864 1482 utilis,
895 1428 950 1471 ut
975 1419 1058 1472 det
1089 1421 1306 1489 gratiam
1335 1422 1654 1475 audientibus
1688 1421 1863 1492 (Ibid.

279 1516 327 1553 υ.
356 1501 470 1571 29).
498 1502 804 1560 iuramenta
831 1521 1040 1578 quoque
1070 1510 1240 1563 modis
1267 1511 1514 1566 omnibus
1541 1511 1705 1582 l'ugiat
1724 1553 1737 1575 ,
1769 1527 1863 1566 au~

276 1593 431 1648 diens
455 1598 771 1658 sententiam
798 1598 1016 1667 Christi,
1044 1616 1162 1670 quzc
1187 1601 1315 1656 dicit
1341 1618 1360 1655 :
1387 1603 1590 1657 Dictum
1623 1615 1696 1658 est
1725 1608 1861 1659 anti-

275 1683 392 1750 quis
416 1698 438 1737 .°
464 1701 564 1738 non
590 1687 834 1755 pejerabis
860 1702 880 1742 :
907 1705 999 1759 ego
1026 1700 1193 1744 autent
1220 1692 1333 1746 dico
1368 1694 1522 1759 vobis,
1555 1711 1656 1750 non
1675 1697 1864 1765 juran-

273 1771 397 1824 dum
417 1776 620 1828 omnino
645 1776 856 1848 (Matth.
883 1779 936 1834 ὅ.
961 1781 1048 1835 53.
1071 1782 1186 1851 51).
1209 1782 1286 1836 Ne
1311 1785 1469 1852 igitur
1487 1785 1626 1841 dicat
1646 1788 1857 1857 aliquis,

270 1858 334 1914 In
374 1877 433 1916 re
466 1862 607 1933 justa
647 1867 770 1934 juro
803 1884 815 1920 :
849 1884 1020 1939 neque
1053 1873 1195 1926 enim
1232 1874 1282 1927 in
1322 1889 1380 1928 re
1415 1877 1556 1943 justa
1596 1892 1767 1948 neque
1809 1882 1857 1933 in

270 1951 466 2019 injusta
486 1953 676 2023 iurare
697 1957 838 2013 licet.
869 1959 1064 2018 Durum
1098 1963 1256 2031 igitur
1274 1979 1303 2018 a
1326 1965 1642 2033 juramentis
1667 1983 1728 2022 os
1755 1984 1860 2023 scr-

269 2057 456 2098 vemus
488 2063 502 2099 :
527 2055 585 2101 et
620 2047 703 2102 his
729 2050 979 2107 omnibus
1009 2055 1308 2112 muniamus
1335 2070 1570 2113 nostram
1601 2061 1854 2130 linguam,

267 2132 427 2200 labia,
457 2145 511 2190 et
539 2148 790 2204 mentem,
825 2157 889 2195 ne
920 2142 1001 2197 vel
1030 2145 1155 2214 quid
1187 2147 1442 2202 malarum
1475 2152 1851 2220 cogitationum

266 2226 589 2285 intrinsecus
629 2246 905 2299 nascatur,
939 2237 1018 2290 vel
1049 2251 1146 2306 per
1171 2238 1400 2309 linguam
1434 2241 1575 2296 loras
1615 2244 1852 2312 profera-

265 2326 372 2372 tur.
401 2321 571 2374 Aures
593 2337 807 2392 quoque
831 2325 1116 2396 diligenter
1144 2330 1431 2399 sepiamus,
1458 2348 1524 2389 ne
1545 2350 1731 2389 vanam
1759 2350 1855 2390 au-

261 2407 521 2464 ditionem
550 2413 840 2482 suscipiant
867 2433 880 2469 :
905 2418 1040 2472 sicut
1066 2428 1119 2473 et
1149 2420 1332 2476 beatus
1357 2422 1529 2478 Moses
1557 2427 1807 2496 praecepit
1831 2468 1847 2494 ,

261 2497 450 2572 dicens
483 2518 496 2554 :
527 2501 850 2558 Auditionem
889 2521 1069 2561 uanam
1103 2526 1204 2563 non
1246 2513 1486 2583 suscipies
1515 2516 1726 2585 (Exi-1.
1756 2517 1847 2572 25.

261 2586 360 2656 1);
408 2599 462 2643 et
503 2591 693 2646 iterum
742 2595 928 2652 beatus
974 2600 1134 2654 David
1179 2602 1388 2658 diccbat
1433 2623 1447 2658 :
1491 2605 1848 2664 Detralientem

257 2688 446 2745 secreto
470 2684 701 2750 proximo
736 2703 828 2740 suo
851 2729 864 2751 ,
892 2689 1024 2743 hunc
1052 2695 1380 2763 persequebar
1409 2695 1579 2767 (Psal.
1611 2699 1730 2755 100.
1764 2702 1842 2773 5).

264 2766 472 2834 Vidisti,
502 2771 711 2839 dilecte,
742 2786 936 2846 quanta
964 2782 1118 2836 nobis
1154 2766 1514 2853 contentione,
1548 2801 1740 2858 quanta
1768 2766 1845 2847 vi-

259 2861 475 2931 gilantia
501 2865 567 2919 ad
596 2868 841 2924 virtutem
883 2874 1172 2941 parandam
1199 2893 1334 2946 opus
1365 2879 1472 2934 sit?
1495 2885 1761 2950 quomodo
1791 2893 1844 2939 et

261 2969 420 3022 parva
467 2959 723 3027 particula
774 2963 1046 3034 neglecta,
1097 2969 1255 3023 tutius
1302 2972 1593 3039 periculum
1642 2976 1843 3030 infert?

255 3043 514 3110 Quocirca
541 3059 593 3102 et
621 3050 745 3105 alibi
773 3052 967 3108 clamat
995 3056 1182 3111 beatus
1218 3059 1379 3114 David
1399 3104 1412 3126 ,
1446 3078 1701 3119 accusans
1741 3067 1840 3121 hoc

254 3134 535 3190 iacientem
563 3156 578 3192 :
608 3139 801 3195 Sedens
829 3146 1064 3199 adversus
1094 3152 1302 3217 fratrent
1337 3161 1477 3204 turni
1517 3154 1798 3223 loquebaris
1819 3198 1835 3224 ,

252 3233 297 3291 et
334 3235 510 3278 contra
547 3229 710 3294 ﬁlium
751 3235 925 3287 matris
953 3245 1052 3289 tute
1085 3240 1302 3305 ponebas
1327 3244 1624 3298 scandalum
1650 3246 1834 3319 (Psal.

251 3312 341 3366 l9.
372 3314 484 3383 20).
522 3317 576 3371 Si
612 3320 688 3374 sic
727 3331 904 3375 nostra
936 3329 1112 3381 omnia
1141 3331 1379 3386 membra
1405 3335 1794 3394 muniverimus
1817 3381 1832 3406 ,

250 3406 540 3472 poterimus
574 3409 637 3463 ad
679 3411 885 3468 virtutis
918 3430 1079 3486 opera
1117 3421 1379 3486 excitari,
1419 3433 1470 3478 et
1510 3425 1742 3496 linguam
1781 3430 1832 3484 in

247 3493 494 3552 laudibus
521 3507 575 3552 et
599 3501 984 3569 glorilicatione
1025 3508 1116 3563 Dei
1146 3525 1406 3580 occupare
1430 3555 1445 3579 ,
1470 3530 1626 3571 aures
1655 3527 1832 3575 autem

244 3583 299 3637 in
327 3585 509 3642 auditu
532 3598 587 3642 et
613 3590 891 3661 disciplina
911 3595 1210 3655 divinorum
1233 3602 1585 3674 eloquiorum,
1607 3617 1661 3664 et
1683 3624 1832 3664 men-

243 3684 356 3730 tem
397 3677 450 3730 in
478 3678 838 3751 spiritualibus
869 3684 1202 3757 dogmatibus
1233 3696 1687 3766 contemplandis,
1718 3715 1834 3754 ma-

241 3782 348 3820 nus
373 3783 498 3823 vero
525 3786 628 3826 non
659 3774 712 3829 in
742 3777 926 3846 rapina
955 3789 1008 3834 et
1032 3783 1272 3851 avaritia,
1298 3787 1391 3841 sed
1418 3788 1468 3842 in
1491 3789 1828 3865 eleemosyna

239 3866 298 3912 et
338 3859 489 3914 bonis
514 3864 766 3931 Operibus
796 3867 1084 3942 faciendis,
1111 3882 1165 3928 et
1201 3876 1364 3945 pedes
1394 3893 1498 3933 non
1531 3879 1581 3935 in
1608 3859 1829 3941 theatris

238 3959 298 4003 et
328 3955 642 4018 spectaculis
668 3957 957 4019 damnosis.
991 3966 1428 4038 equestribusque
1467 3970 1623 4040 ludis,
1654 3975 1746 4030 sed
1774 3978 1828 4031 in

237 4041 502 4110 ecclesiis,
529 4056 580 4100 et
600 4047 842 4105 domibus
869 4057 1253 4125 prccationum,
1283 4070 1337 4115 et
1362 4072 1666 4120 sanctorum
1695 4083 1828 4122 mar-

238 4140 418 4200 tyrum
451 4136 634 4193 loculis
661 4141 737 4212 (τι)
765 4159 778 4205 ;
811 4154 866 4198 ut
899 4148 966 4200 ab
994 4148 1096 4203 illis
1123 4150 1544 4210 benedictionem
1569 4158 1826 4227 percitis-

237 4236 378 4283 mus.
407 4235 459 4279 et
483 4242 580 4282 nos
603 4244 632 4283 a
662 4230 940 4289 diabolicis
969 4237 1170 4308 laqueis
1197 4241 1392 4299 irretiri
1426 4260 1531 4300 non
1566 4249 1820 4304 sinamus.

235 4308 298 4366 8i
328 4313 403 4368 sic
435 4317 644 4372 solliciti
675 4331 910 4378 nostram
949 4327 1172 4383 salutem
1204 4335 1600 4404 curaverimus,
1630 4341 1823 4407 poteri-

235 4416 362 4456 mus
387 4415 439 4459 ct
462 4421 526 4461 ex
549 4408 756 4478 jejunio
786 4413 985 4470 lucrum
1019 4419 1209 4484 facere,
1236 4432 1289 4476 et
1317 4424 1574 4482 daimonis
1607 4430 1823 4486 insidias

235 4495 488 4566 effugere,
521 4509 575 4556 et
601 4518 845 4574 magnam
871 4522 1100 4578 superne
1125 4515 1345 4583 gratiam
1377 4521 1584 4589 assequi
1619 4539 1630 4574 :
1659 4538 1818 4591 quam

235 4596 299 4640 ut
328 4603 424 4642 nos
449 4605 633 4648 omnes
670 4609 1033 4666 assequamur,
1068 4605 1323 4660 concedat
1358 4611 1525 4677 gratia
1565 4620 1618 4665 et
1657 4615 1818 4667 mise-

232 4676 463 4733 ricordia
495 4681 696 4739 Domini
727 4688 900 4764 nostri
938 4689 1064 4745 Jesu
1091 4692 1284 4749 Christi
1310 4737 1323 4759 ,
1356 4676 1474 4751 cum
1504 4715 1610 4768 quo
1635 4702 1774 4757 Patri
1801 4745 1815 4768 ,

234 4777 528 4837 sanctoque
551 4759 768 4842 Spiritui
799 4777 868 4832 sit
893 4779 1079 4848 gloria,
1109 4782 1386 4852 imperium
1411 4827 1426 4852 ,
1453 4788 1641 4856 honor,
1672 4808 1815 4848 nunc

231 4865 293 4910 et
317 4871 546 4930 semper,
576 4873 630 4918 et
660 4865 711 4919 in
739 4869 930 4922 saecula
960 4873 1302 4933 smculorum.
1332 4878 1521 4934 Amen.

793 5062 1067 5119 llOMlLIA
1110 5065 1247 5119 XVI.

235 5144 295 5200 lu
329 5149 815 5216 tumvaricationem
845 5154 1070 5221 primum
1099 5158 1454 5211 crcatorum’.
1475 5159 1537 5211 Et
1553 5171 1692 5215 erant
1709 5179 1818 5215 ani-

305 5243 369 5291 ba
395 5241 518 5292 nudi
535 5281 548 5300 ,
579 5251 624 5293 et
653 5243 844 5310 Adam,
871 5253 916 5298 et
943 5261 1072 5300 uxor
1093 5248 1204 5313 ejus
1222 5288 1235 5313 ,
1263 5258 1307 5301 et
1338 5266 1435 5302 non
1467 5250 1816 5308 erubescebant

309 5328 459 5396 (Gen.
488 5329 541 5384 2.
569 5330 682 5401 25).

310 5443 362 5495 1.
391 5442 591 5510 Aliquot
614 5443 676 5496 de
700 5443 1078 5514 Scripturaruni
1101 5448 1399 5506 inexhausta
1420 5453 1563 5524 copia
1585 5455 1729 5509 dictis
1748 5441 1816 5511 a°d

228 5549 442 5603 scopum
466 5536 644 5606 pergit.
666 5566 738 5577 —
762 5537 928 5595 Hodie
957 5541 1105 5596 vobis
1129 5583 1142 5606 ,
1171 5542 1498 5602 dilectissimi
1523 5589 1538 5614 ,
1568 5548 1815 5618 spiritua-

292 5727 367 5808 ρ)
398 5735 674 5808 Wa:
695 5741 953 5808 martyrum
974 5737 1118 5808 loculi
1140 5743 1369 5808 et_thec:e
1392 5743 1679 5808 frequenter
1702 5763 1806 5799 me-

229 5797 477 5869 mtur
497 5796 526 5840 δ
547 5793 880 5869 Chrysostomo
901 5801 948 5869 lu
972 5805 1272 5866 Panegyricis
1295 5793 1798 5869 'romoll,“ubiiisilia-

226 5853 360 5909 bitus
379 5858 534 5910 bonos
556 5853 688 5923 saepe
707 5859 1018 5913 describitur.

1398 483 1463 539 IN
1497 481 1734 540 CAR".
1765 479 2003 541 GENES.
2053 481 2283 538 llilillL.
2322 483 2438 540 XVI

3473 495 3573 550 136

1989 594 2091 649 lem
2131 595 2439 651 thesaurum
2469 600 2675 668 aperire
2721 599 2840 655 volo
2859 642 2873 664 ,
2903 602 3031 670 qui,
3060 603 3182 660 licet
3209 606 3348 662 inter
3375 611 3574 666 inultos

1981 685 2283 751 dividatur,
2327 703 2612 758 numquam
2655 701 2832 747 tamen
2876 693 3217 752 absumitur:
3248 700 3338 768 qui
3382 716 3570 758 omnes

1982 775 2310 847 locupletat,
2341 789 2395 834 et
2435 781 2486 834 in
2531 781 2678 836 nullo
2719 783 3049 840 imminuitur
3070 828 3087 853 ,
3119 787 3213 842 sed
3244 799 3298 844 et
3325 804 3565 860 augetur.

1980 867 2440 934 Quemadmodum
2467 873 2609 927 enim
2637 874 2689 928 in
2722 877 2956 931 sensibili
2987 877 3238 934 thesauro
3263 882 3306 934 si
3336 885 3457 950 quis
3487 885 3570 939 vel

1981 974 2192 1026 parvam
2223 965 2493 1033 acceperit
2530 965 2828 1033 portionem
2853 1009 2867 1026 .
2912 970 3106 1023 multas
3138 984 3317 1026 tamen
3360 972 3569 1029 divitias

1979 1053 2103 1109 inde
2141 1055 2240 1109 sibi
2281 1057 2486 1124 parabit
2515 1076 2528 1112 :
2558 1058 2630 1113 ita
2659 1067 2712 1113 et
2742 1059 2793 1113 in
2824 1061 3016 1124 divinis
3055 1061 3345 1133 Scripturis
3364 1106 3379 1130 ,
3407 1066 3567 1122 etiam

1977 1145 2027 1197 in
2058 1160 2216 1214 parva
2245 1146 2476 1202 dictione
2501 1163 2753 1204 sensuum
2780 1152 3012 1221 gravitas
3036 1154 3389 1210 et'immenste
3417 1157 3568 1214 inve-

1975 1236 2191 1290 niuntur
2214 1237 2432 1292 divitiae.
2460 1240 2604 1295 Talis
2633 1242 2773 1296 enim
2805 1252 2992 1298 natura
3023 1245 3180 1315 hujus
3209 1246 3440 1303 thesauri
3465 1291 3480 1314 ,
3514 1261 3567 1305 ut

1971 1329 2252 1398 epulantes
2297 1329 2457 1385 faciat
2495 1346 2588 1386 eos
2624 1334 2713 1403 qui
2754 1350 2814 1390 se
2859 1336 3163 1401 inveniunt,
3195 1350 3249 1394 et
3279 1357 3564 1413 numquam

1970 1417 2216 1472 deﬁciat:
2243 1419 2360 1473 fons
2381 1421 2523 1474 enim
2547 1421 2777 1492 Spiritus
2801 1426 2969 1479 sancti
2995 1423 3150 1497 hujus
3170 1431 3436 1502 scaturigo
3460 1442 3562 1488 est.

1967 1505 2252 1576 Reliquum
2279 1508 2476 1573 fuerit,
2515 1526 2611 1566 vos
2635 1529 2755 1582 qua:
2788 1517 3054 1584 preposita
3083 1529 3209 1572 sunt
3242 1512 3449 1577 summa
3477 1523 3558 1578 dio

1968 1597 2179 1665 ligentia
2209 1599 2259 1652 in
2293 1601 2547 1655 memoria
2580 1613 2834 1672 perpetuo
2856 1621 3100 1672 servare;
3127 1618 3183 1662 ut
3206 1620 3382 1668 autem
3409 1613 3563 1669 facile

1965 1687 2106 1743 dicta
2141 1693 2351 1759 assequi
2386 1695 2621 1760 possitis,
2658 1704 2859 1750 tantum
2891 1699 3031 1767 quud
3064 1711 3304 1758 nostrum
3333 1715 3416 1760 est
3444 1722 3558 1762 ma-

1964 1795 2069 1848 gno
2098 1782 2274 1835 studio
2299 1783 2603 1839 :iil’eramus.
2638 1787 2815 1841 Gratia
2850 1793 2990 1845 enim
3024 1806 3204 1860 parata
3234 1805 3354 1862 est,
3384 1808 3440 1853 et
3471 1814 3562 1856 re-

1963 1871 2123 1939 qnirit
2167 1887 2260 1926 eos
2301 1874 2391 1942 qui
2437 1875 2604 1944 ipsam
2651 1877 2868 1952 largiter
2905 1884 3222 1954 suscipiant.
3266 1888 3558 1946 Audiamus

1965 1961 2122 2030 igitur
2145 1979 2264 2033 qua:
2301 1965 2460 2022 hodie
2498 1977 2620 2023 sunt
2664 1971 2799 2026 lecta
2820 2014 2833 2037 ,
2864 1982 2921 2029 ut
2948 1974 3218 2032 discamus
3242 1978 3555 2038 immensam

1963 2052 2054 2110 Dei
2081 2053 2480 2124 benignitatem,
2511 2067 2564 2112 et
2589 2069 2787 2129 quanto
2812 2063 2997 2120 salutis
3026 2076 3221 2123 nostra:
3243 2072 3415 2140 gratia
3443 2088 3554 2129 ser-

1959 2145 2134 2199 monis
2157 2155 2578 2217 temperamento
2602 2153 2672 2208 sit
2696 2169 2843 2209 usus.
2871 2156 2962 2213 25.
2991 2158 3057 2212 Et
3077 2172 3221 2216 erant
3239 2165 3387 2218 ambo
3408 2169 3550 2231 nudi,

1959 2243 2061 2286 tam
2083 2235 2278 2300 Adam,
2307 2254 2458 2308 quam
2480 2257 2611 2296 uxor
2633 2245 2742 2315 ejus
2761 2285 2775 2309 ,
2802 2256 2848 2298 et
2881 2263 2983 2302 non
3007 2235 3552 2315 erubescebantﬂon-

1956 2325 2128 2380 sidera
2151 2369 2165 2393 ,
2193 2343 2376 2398 quaeso
2399 2373 2414 2396 ,
2458 2333 2784 2390 eminentem
2828 2337 3208 2397 beatitudinem
3233 2385 3250 2411 ,
3285 2325 3551 2416 qubmodo

1955 2419 2256 2486 superiores
2297 2421 2494 2478 fuerint
2537 2426 2784 2482 omnibus
2827 2433 3236 2503 corporalibus,
3284 2440 3550 2507 quomodo

1955 2515 2147 2562 terram
2187 2511 2338 2580 quasi
2383 2513 2570 2569 caelum
2613 2517 2974 2588 incoluerint;
3016 2533 3070 2578 et
3108 2540 3229 2582 cum
3275 2540 3457 2586 essent
3494 2533 3546 2588 in

1951 2612 2178 2667 corpore
2209 2600 2336 2655 nihil
2366 2605 2643 2673 corporale
2674 2609 2891 2666 tulerint
2919 2631 2934 2667 :
2962 2629 3138 2686 neque
3165 2626 3340 2688 tecto,
3372 2636 3546 2694 neque

1949 2700 2100 2747 veste
2127 2733 2141 2757 ,
2175 2708 2350 2763 neque
2379 2695 2484 2750 alio
2524 2697 2613 2753 tali
2659 2715 2794 2770 opus
2837 2703 3115 2762 habentes.
3157 2709 3326 2766 Perro
3362 2712 3542 2769 divina

1949 2781 2218 2851 Scriptura
2250 2802 2354 2840 non
2384 2788 2698 2859 simpliciter
2721 2804 2775 2848 et
2800 2795 3003 2868 absque
3027 2801 3234 2859 ratione
3264 2804 3544 2866 homobis

1947 2874 2301 2943 significavit,
2342 2881 2436 2935 sed
2477 2892 2534 2936 ut
2573 2898 2691 2939 cum
2738 2887 3079 2946 didicerimus
3117 2895 3282 2951 vitam
3329 2899 3538 2957 illorum

1951 2964 2176 3019 tristitiae
2201 2967 2510 3039 dolorisque
2537 2985 2832 3043 estpertem,
2857 2989 2911 3034 et
2935 2984 3230 3052 angelicum
3252 2992 3535 3058 quemdam

1945 3061 2162 3121 statum,
2197 3066 2253 3110 ut
2292 3058 2360 3112 ita
2392 3060 2584 3129 dicam,
2616 3075 2671 3119 et
2710 3079 2894 3135 pOSIea
2924 3072 3212 3131 viderimus
3242 3093 3336 3134 eos
3365 3087 3537 3138 omni-

1943 3142 2044 3197 bus
2078 3145 2183 3199 illis
2219 3146 2469 3212 destitui,
2501 3161 2556 3206 et
2581 3156 2731 3222 quasi
2758 3172 2789 3212 e
2817 3163 3023 3230 magnis
3048 3164 3246 3222 divitiis
3276 3171 3327 3224 in
3356 3183 3534 3231 extre-

1942 3248 2081 3287 mam
2107 3235 2335 3305 inopiam
2365 3242 2553 3335 qedigi,
2582 3244 2816 3313 ipsorum
2840 3253 3174 3324 negligentia:
3197 3267 3367 3318 totum
3389 3269 3529 3335 quod

2485 3308 2505 3311 _
2603 3308 2616 3313 _
2911 3308 2940 3321 υ
2983 3308 3040 3324 υ-
3390 3308 3523 3335 νη...

1941 3325 1996 3378 iit
2025 3308 2592 3423 ascribamus/Opera:
2636 3341 2862 3408 pretium
2893 3355 3071 3402 autem
3113 3349 3244 3407 lecta
3285 3355 3397 3425 ipsa
3431 3374 3523 3414 au-

1939 3415 2071 3471 dire.
2103 3417 2265 3485 Nam,
2295 3415 2357 3476 ui
2379 3424 2512 3480 dixit
2553 3427 2744 3486 beatus
2773 3431 2947 3490 Moses
2967 3477 2981 3504 ,
3011 3441 3151 3509 quod
3183 3415 3494 3506 nudi-erant
3514 3494 3528 3516 ,

1936 3519 1988 3561 et
2020 3525 2122 3564 non
2163 3513 2550 3572 erubescebant
2582 3519 2788 3593 (neque
2824 3527 2967 3582 enim
3007 3531 3247 3590 sciebant
3271 3553 3331 3593 se
3357 3541 3528 3597 nudos

1935 3614 2054 3656 esse
2080 3644 2094 3668 ,
2130 3605 2259 3658 mira
2288 3606 2453 3675 gloria
2486 3609 2601 3665 illos
2632 3616 2892 3672 vestiente
2919 3628 2972 3674 et
3001 3625 3171 3692 magis
3198 3644 3357 3697 quam
3390 3633 3525 3688 ullus

1935 3694 2159 3748 vestitus
2185 3697 2464 3766 ornante),
2497 3701 2694 3771 inquit,
2731 3707 2782 3761 1.
2819 3708 3043 3779 Serpens
3079 3694 3244 3770 autem
3267 3732 3376 3775 erat
3403 3740 3513 3792 pru-

1933 3783 2252 3840 dentissimus
2280 3789 2502 3843 omnium
2533 3793 2821 3863 bestiarum,
2850 3817 2963 3869 qua:
2988 3819 3140 3871 super
3168 3817 3373 3879 terram,
3400 3831 3519 3884 quas

1933 3878 2117 3946 fecerat
2153 3877 2394 3934 Dominus
2424 3881 2579 3938 Deus.
2617 3886 2682 3940 Et
2711 3889 2839 3943 dixit
2867 3909 3075 3964 serpens
3113 3901 3310 3957 mulieri
3339 3877 3366 3958 :l
3389 3877 3526 3972 Quid

1930 3968 2064 4031 quod
2091 3968 2220 4021 dixit
2263 3969 2400 4024 Deus
2419 4012 2435 4036 ,
2470 3971 2552 4028 Ne
2578 3980 2847 4034 comedatis
2874 3999 2937 4038 cx
2963 3987 3102 4042 omni
3127 3991 3265 4062 ligno
3289 3968 3427 4059 quod
3452 4013 3522 4054 est

1930 4057 1982 4109 in
2009 4059 2246 4126 paradiso
2276 4059 2427 4129 (Gen.
2457 4064 2559 4133 5)?
2590 4066 2722 4124 Vide
2752 4071 2969 4144 maligni
2994 4057 3253 4135 dienmnis
3282 4057 3521 4143 inviden-

1931 4146 2094 4212 tiam,
2137 4160 2187 4204 et
2237 4153 2559 4224 multiplices
2605 4159 2844 4216 tecltnas.
2886 4164 3326 4241 Quandoquidem
3364 4176 3520 4234 scivit

1929 4237 2196 4294 hominem
2232 4241 2522 4300 formatum
2550 4247 2604 4301 in
2630 4264 2840 4306 summo
2865 4269 2984 4310 esse
3013 4237 3215 4317 honore
3234 4263 3272 4328 ί,
3302 4273 3355 4319 et
3390 4282 3518 4336 pro-

1927 4332 2210 4398 pemodum
2244 4335 2375 4390 nihil
2408 4338 2583 4393 minus
2626 4339 2822 4398 habere
2860 4347 3062 4416 angelis
3102 4352 3230 4421 ipsis
3254 4394 3268 4420 ,
3299 4332 3436 4412 sicut
3465 4370 3518 4415 et

1925 4423 2109 4477 beatus
2140 4423 2300 4480 David
2330 4426 2497 4495 inquit
2521 4448 2534 4482 :
2563 4429 2797 4486 Minuisti
2822 4451 2934 4488 eum
2958 4441 3111 4506 paulo
3146 4444 3310 4499 minus
3332 4447 3395 4500 ab
3414 4463 3515 4500 an-

1923 4515 2048 4583 gelis
2076 4513 2244 4585 (Psal.
2271 4517 2321 4572 8.
2355 4518 2411 4589 6)
2442 4536 2454 4572 :
2485 4529 2644 4590 atque
2673 4523 2773 4579 hoc
2803 4524 2974 4595 ipsum
3002 4527 3171 4584 Paulo
3207 4534 3371 4590 minus
3401 4538 3514 4592 ino-

1923 4604 2204 4661 hedieutize
2234 4617 2508 4676 peceatum
2540 4613 2867 4679 introduxit;
2901 4635 3020 4674 nam
3051 4634 3171 4692 post
3198 4628 3500 4694 praivarica

1923 4696 2121 4750 tionem
2169 4699 2270 4752 hoc
2321 4699 2566 4770 loquutus
2611 4715 2694 4760 est
2738 4708 2997 4779 propheta
3041 4731 3056 4768 :
3097 4715 3308 4773 videbat
3354 4721 3500 4791 igitu:

1921 4801 2084 4858 super
2114 4799 2309 4845 terram
2336 4793 2581 4862 angelum
2610 4805 2940 4869 terrestrem,
2963 4813 3017 4858 et
3043 4819 3072 4858 a
3101 4820 3194 4860 sua
3223 4809 3511 4868 rodebatur

1922 4878 2117 4934 invidia
2146 4879 2356 4936 daemon
2393 4883 2656 4940 malorum
2698 4901 2886 4945 auctor
2915 4911 2929 4946 :
2960 4897 3210 4964 quoniam
3237 4915 3360 4955 eum
3396 4903 3509 4973 ipso

1921 4969 2060 5022 inter
2098 4985 2356 5039 supernas
2401 4975 2623 5032 virtutes
2661 4988 2839 5047 esset,
2872 4991 2927 5038 et
2963 4984 3034 5040 ob
3071 4988 3362 5047 voluntatis
3398 4969 3508 5048 sum

1920 5061 2226 5131 nequitiam,
2255 5072 2309 5118 et
2340 5064 2608 5135 ingentem
2635 5071 2911 5140 malitiam,
2937 5091 2970 5131 e
2992 5091 3203 5135 summo
3229 5085 3362 5140 eazlo
3387 5101 3502 5156 pro-

1913 5151 2089 5220 jectus
2114 5155 2289 5223 fuerit,
2316 5173 2506 5229 magna
2533 5177 2660 5218 usus
2690 5175 2772 5220 est
2801 5170 3214 5247 machinatione,
3245 5187 3303 5233 ut
3329 5151 3482 5236 etvho

1918 5244 2114 5300 minem
2142 5248 2311 5317 gratia
2340 5250 2432 5305 Dei
2464 5253 2692 5321 privare,
2724 5265 2778 5311 et
2805 5244 3069 5329 ingratum
3095 5264 3314 5332 factum,
3348 5273 3502 5327 tantis

1918 5329 2071 5388 bonis
2113 5351 2210 5405 per
2243 5337 2476 5395 divinam
2520 5342 2810 5400 bonitatem
2852 5347 2981 5418 ipsis
3006 5356 3279 5411 concessis
3305 5359 3504 5416 nudare

1917 5433 2114 5492 posset.
2146 5427 2213 5483 Et
2235 5429 2361 5498 quid
2389 5429 2549 5486 fecit?
2573 5433 2793 5492 lnvento
2817 5441 3032 5497 animali
3055 5444 3175 5512 hoc,
3200 5460 3502 5518 serpentem

1915 5515 2057 5584 dico,
2087 5519 2175 5587 qui
2206 5530 2395 5576 caetera
2423 5524 2712 5581 calliditate
2735 5544 2830 5584 sua
2857 5533 3122 5603 vincebat,
3151 5515 3362 5595 sicut-et
3388 5541 3501 5598 Mo-

1914 5625 2002 5664 ses
2033 5618 2256 5666 testatus
2282 5621 2396 5680 est,
2423 5630 2543 5670 cum
2573 5618 2734 5685 dixit,
2778 5620 2905 5675 Erat
2939 5635 3106 5680 autem
3145 5645 3348 5700 serpens
3375 5649 3500 5702 pru-

1913 5704 2231 5759 dentissimus
2260 5709 2481 5762 omnium
2509 5709 2776 5767 bestiarum
2809 5730 2921 5785 qua:
2946 5733 3096 5788 super
3123 5728 3345 5792 terram,
3367 5739 3499 5794 quas

1977 5859 1992 5888 ι
2028 5856 2240 5919 misum,
2264 5860 2330 5910 ad
2353 5875 2591 5914 sunmmm
2614 5867 2836 5918 honorem
2856 5867 3003 5932 fuisse
3025 5880 3254 5924 evectum.
