4152 6488
666 458 776 516 ιη

666 572 778 628 fecit
823 569 1069 624 Dominus
1109 566 1244 622 Deus
1281 581 1300 620 :
1328 579 1392 620 eo
1430 562 1580 631 quasi
1625 561 1974 616 instrumento
2006 555 2234 627 quodam

661 674 795 715 usus
816 669 918 723 est,
952 675 1045 728 per
1071 659 1213 727 quod
1241 656 1533 718 mulierem,
1562 660 1742 721 utpote
1769 647 2058 718 simplicius
2085 655 2138 701 et
2165 647 2244 700 in-

666 752 867 806 llrmius
889 765 1001 815 vas,
1024 749 1168 816 illius
1188 738 1540 802 familiaritate
1561 744 1612 795 in
1639 754 1878 796 errorem
1900 747 1955 793 ct
1975 736 2243 804 deceptio-

667 855 787 895 nem
813 849 1144 912 provocarat.
1170 836 1236 891 Et
1259 837 1404 899 dixit,
1431 832 1620 902 inquit,
1636 845 1844 902 serpens
1867 829 2086 881 malim.
2111 825 2245 882 llinc

663 931 855 1000 collige
881 930 949 984 ab
976 929 1127 983 initio
1156 926 1350 981 nullam
1390 925 1679 980 bestiarum
1708 923 1875 975 virum
1897 961 1912 984 ,
1941 923 2023 972 vel
2053 917 2242 972 mulie-

668 1035 780 1075 rem
822 1022 1109 1082 terruisso,
1139 1016 1231 1071 sed
1255 1015 1546 1070 dominium
1582 1023 1632 1068 et
1669 1011 2050 1080 subjectionem
2077 1024 2242 1079 agno-

669 1117 829 1176 visse,
857 1122 910 1167 et
933 1112 1069 1166 sicut
1102 1124 1240 1163 nunc
1265 1107 1557 1162 domestica
1584 1103 1850 1168 animalia,
1881 1102 1951 1156 ita
1979 1110 2033 1155 ot
2062 1099 2166 1153 lora
2191 1110 2244 1154 ct

670 1209 1018 1261 immansueta
1048 1212 1175 1257 tunc
1200 1201 1345 1255 mitia
1376 1198 1557 1254 fuisse.

741 1297 794 1350 2.
817 1296 1035 1364 Serpens
1052 1294 1137 1365 qui
1157 1292 1313 1346 Erant
1327 1289 1515 1361 decepit
1531 1290 1630 1342 non
1651 1295 1760 1339 erat
1773 1284 1966 1338 ratione
1981 1282 2240 1354 prcditsts.

667 1392 806 1444 -οΑι
825 1388 958 1442 forte
981 1388 1064 1441 liic
1083 1381 1396 1440 dubitaverit
1416 1380 1533 1450 quis
1547 1388 1600 1434 et
1620 1376 1908 1448 qittesierit,
1927 1388 2052 1428 num
2072 1372 2243 1426 ethoc

669 1479 862 1534 animal
900 1476 1120 1530 ratioois
1159 1473 1319 1529 fuerit
1354 1471 1639 1542 particeps.
1679 1466 1792 1521 Non
1819 1465 1889 1519 ita
1918 1473 2038 1517 est:
2070 1461 2238 1526 absit;

666 1569 760 1624 sed
787 1569 820 1622 ii
858 1567 946 1638 qui
994 1565 1297 1635 Scripturas
1339 1570 1633 1631 Sequuntur
1679 1555 1970 1626 intelligant
2012 1559 2240 1622 Oportet,

671 1662 829 1716 verba
858 1659 1072 1730 quidem
1100 1670 1220 1712 esse
1243 1653 1462 1719 diaboli,
1480 1666 1637 1721 quem
1687 1645 1878 1702 invidia
1919 1642 2241 1706 concitabat,

672 1762 728 1806 ut
758 1751 826 1804 ita
849 1750 1115 1804 hominem
1161 1746 1365 1800 falleret
1397 1760 1412 1798 :
1439 1739 1650 1795 animali
1676 1747 1853 1791 autem
1883 1735 1984 1790 hoc
2025 1745 2082 1788 ut
2124 1733 2242 1788 ido-

673 1857 774 1898 nco
795 1843 1148 1896 instrumento
1171 1834 1414 1891 utebatur
1442 1831 1707 1891 diabolus,
1733 1843 1841 1898 quo
1867 1840 2082 1881 suarum
2107 1826 2246 1881 frau-

666 1932 815 1986 dium
841 1944 961 1986 esca
991 1929 1245 1990 immissa,
1277 1923 1617 1992 supplantare
1646 1918 1870 1989 primum
1915 1925 2096 1986 posset
2123 1930 2241 1969 tnu-

669 2021 884 2084 lierem,
933 2033 1052 2090 qua:
1091 2017 1294 2071 facilius
1329 2012 1500 2082 decipi
1541 2017 1790 2080 poterat;
1827 2018 1880 2061 et
1919 2015 2103 2076 postea
2152 2020 2245 2073 per

667 2112 810 2166 illam
860 2109 1018 2163 etiam
1078 2104 1456 2175 protoplastum
1499 2098 1879 2168 supplantaret.
1925 2096 2102 2164 Itaque
2145 2092 2248 2147 hoc

669 2203 826 2256 bruto
848 2200 1010 2254 utitur
1028 2198 1093 2251 ad
1121 2194 1337 2250 insidias
1380 2191 1682 2248 struendas;
1705 2197 1762 2243 ct
1786 2202 1880 2256 per
1920 2187 2088 2255 ipsum
2127 2201 2244 2238 mu-

670 2290 792 2346 lieri
840 2287 1091 2358 loquitur,
1134 2294 1188 2340 et
1228 2283 1300 2338 ait
1329 2299 1344 2336 :
1374 2281 1545 2347 Quare
1587 2278 1712 2332 dixit
1756 2275 1921 2338 Deus,
1963 2272 2048 2328 Ne
2083 2289 2246 2327 come-

670 2379 802 2434 dutis
817 2395 882 2432 ex
909 2377 1043 2431 onmi
1072 2377 1208 2445 tigno
1230 2371 1366 2444 quod
1390 2379 1462 2425 est
1488 2371 1539 2423 in
1567 2365 1842 2439 paradiso?
1874 2362 2242 2430 Considerate,

668 2473 912 2535 obseao,
941 2465 1279 2538 malignitatis
1295 2461 1690 2518 callidissimam
1716 2455 2078 2511 subtilitatem.
2099 2451 2248 2507 ludu-

669 2562 744 2617 cit
787 2561 928 2617 enim
975 2560 1179 2614 ratione
1224 2551 1452 2616 consilii,
1497 2561 1554 2604 et
1594 2544 2043 2618 interrogationis,
2086 2544 2246 2599 etiam

675 2652 818 2725 quod
847 2667 877 2706 a
901 2651 1008 2706 Deo
1054 2649 1252 2704 dictum
1302 2658 1408 2700 non
1453 2651 1589 2709 erat,
1635 2639 1784 2710 quasi
1827 2637 2029 2692 scilicet
2063 2649 2245 2690 curam

677 2747 911 2814 ipsorum
942 2741 1161 2797 haberet
1187 2758 1200 2794 :
1233 2738 1284 2795 id
1305 2735 1446 2807 quod
1467 2731 1779 2795 ostenditur,
1792 2745 1910 2786 cum
1927 2727 2096 2799 inquit
2115 2744 2127 2778 :
2146 2725 2248 2782 Cur

673 2837 802 2890 dixit
831 2833 984 2900 Deus,
1012 2831 1093 2886 Ne
1111 2829 1384 2885 concedatis
1417 2827 1480 2881 de
1515 2826 1652 2880 omni
1679 2825 1816 2895 ligno
1839 2823 1972 2893 quod
1986 2832 2058 2876 est
2076 2821 2129 2874 in
2153 2837 2247 2892 pa-

671 2923 884 2979 radiso.’
928 2921 1075 2993 quasi
1122 2921 1322 2975 diceret
1363 2916 1624 2987 malignus
1664 2913 1754 2969 ille
1793 2912 2003 2967 daemon
2033 2929 2046 2964 :
2075 2910 2251 2978 Quare

678 3015 818 3070 Deus
847 3014 1075 3082 privavit
1096 3024 1191 3064 vos
1221 3016 1365 3064 tanta
1396 3005 1687 3061 l'ruitione?
1723 3017 1821 3058 cur
1859 3016 1965 3056 non
2008 3000 2251 3056 concedit

675 3113 735 3161 ut
751 3105 1036 3178 participes
1060 3102 1176 3156 sitis
1199 3100 1458 3156 bonorum
1487 3111 1606 3168 quas
1630 3103 1753 3150 sunt
1778 3093 1829 3148 in
1852 3093 2125 3166 paradiso;
2155 3093 2249 3148 sed

679 3195 922 3266 prestitit
965 3192 1180 3262 quidem
1220 3197 1278 3245 ut
1303 3188 1417 3244 visu
1463 3186 1790 3250 l'rueremini,
1832 3199 1938 3238 non
1981 3192 2157 3238 tamen
2186 3198 2252 3238 eo

680 3286 778 3342 l‘rui
825 3285 971 3349 sinit,
999 3291 1054 3338 et
1091 3280 1280 3351 majori
1333 3279 1602 3348 Voluptate
1651 3273 1937 3330 interdicit.
1983 3271 2086 3327 Cur
2127 3273 2253 3326 dixit

685 3378 820 3433 Deus
836 3376 861 3430 ἵ
878 3376 1074 3443 Quare,
1105 3374 1296 3442 inquit,
1326 3371 1458 3427 hoc?
1479 3385 1598 3439 qua:
1635 3367 1829 3422 utilitas
1853 3363 2053 3420 versari
2082 3363 2134 3418 in
2155 3378 2252 3434 pa-

683 3467 878 3527 radiso.
905 3475 960 3521 et
988 3480 1093 3520 non
1110 3462 1209 3518 l'rui
1240 3463 1323 3519 liis
1349 3447 1467 3531 qua:
1494 3460 1547 3514 in
1578 3458 1668 3512 illo
1693 3466 1837 3520 sunt,
1860 3454 1954 3510 sed
1995 3453 2116 3508 ideo
2142 3466 2250 3507 ma-

673 3567 846 3630 jorem
896 3559 1033 3613 ferre
1071 3556 1311 3611 dolorem
1332 3594 1346 3617 ,
1383 3550 1524 3623 quod
1568 3558 1810 3619 spectare
1853 3545 2066 3617 quidem
2107 3543 2255 3598 vobis

679 3655 853 3718 liceat,
903 3649 1005 3706 frui
1041 3664 1144 3704 non
1188 3645 1377 3702 liceat?
1425 3643 1614 3699 Vidisti
1655 3639 1925 3712 quomodo
1949 3653 2042 3708 per
2070 3636 2249 3703 verba,

681 3744 829 3814 quasi
853 3758 948 3814 per
987 3756 1162 3796 escam
1203 3741 1347 3793 virus
1383 3751 1536 3791 suum
1581 3729 1849 3788 immittit?
1877 3728 2107 3785 Debebat
2135 3743 2254 3782 mu-

681 3835 779 3889 lier
802 3849 866 3888 ex
891 3835 1005 3903 ipso
1032 3844 1279 3900 aggressu
1301 3826 1622 3882 eminentem
1646 3821 1947 3890 conjectare
1981 3818 2252 3884 malitiam,

689 3933 798 3978 tum
823 3922 964 3994 quod
989 3921 1056 3976 de
1087 3920 1341 3975 industria
1371 3931 1489 3987 qua:
1528 3929 1634 3969 non
1681 3922 1834 3967 erant
1878 3911 2098 3976 diceret,
2145 3921 2255 3963 tum

685 4015 825 4084 quod
853 4012 1001 4082 quasi
1038 4024 1225 4065 curam
1267 4008 1501 4077 ipsorum
1545 4011 1776 4075 gereret,
1805 4010 1864 4054 ut
1905 4000 2042 4055 scire
2083 4007 2260 4068 posset

686 4121 801 4174 qua:
843 4105 945 4159 illis
967 4118 998 4156 a
1031 4103 1139 4156 Deo
1180 4107 1464 4170 praecepta,
1496 4105 1550 4151 et
1583 4095 1660 4150 sic
1683 4093 1748 4148 ad
1769 4091 2256 4164 prtevaricationem

687 4200 828 4265 ipsus
853 4195 1104 4250 traheret.
1136 4192 1292 4261 Igitur
1316 4205 1436 4245 cum
1469 4197 1651 4259 posset
1693 4186 1868 4241 statim
1914 4185 2256 4253 itnposturam

687 4287 890 4352 videre,
923 4295 977 4340 et
1013 4284 1245 4338 aversari
1291 4282 1448 4336 verba
1486 4280 1563 4333 uti
1594 4279 1831 4348 nugacia,
1862 4285 1916 4330 et
1953 4276 2180 4343 seipsam
2207 4277 2258 4329 in

688 4385 883 4430 tantam
927 4373 1180 4427 vilitatem
1211 4386 1314 4425 non
1343 4369 1595 4438 dejicere.
1624 4367 1810 4421 noluit.
1834 4363 2144 4434 Oportebat,
2176 4366 2259 4417 in-

635 4525 637 4527 ,
686 4465 1034 4538 quam,initio
1060 4463 1382 4532 colloquium
1413 4460 1549 4514 illius
1594 4474 1698 4512 non
1739 4457 1898 4522 ferre,
1933 4456 2026 4510 sed
2064 4455 2134 4510 illi
2161 4456 2261 4510 soli

691 4556 855 4626 loqui,
882 4563 1093 4623 propter
1121 4567 1301 4622 quem,
1319 4559 1372 4605 et
1401 4551 1452 4604 in
1483 4548 1633 4617 cujus
1662 4548 1977 4616 adjutorium
2010 4545 2261 4614 producta

688 4652 824 4710 erat,
853 4644 1110 4714 particeps
1133 4642 1399 4712 dignitatis
1428 4641 1566 4694 illius
1592 4639 1742 4693 facta.
1774 4637 1905 4704 Quia
1933 4646 2131 4698 autem,
2161 4650 2259 4691 nec

688 4736 800 4790 scio
820 4732 1084 4804 quomodo
1112 4731 1320 4795 ailccta,
1347 4730 1662 4799 colloquium
1713 4727 1973 4796 serpentis
2009 4727 2147 4794 tulit,
2170 4741 2264 4796 per

689 4841 848 4894 quem
873 4865 888 4889 ,
937 4833 993 4878 ut
1034 4824 1473 4886 instrumentum.
1524 4819 1817 4891 perniciosa
1860 4818 2055 4873 diaboli
2097 4819 2262 4874 verba

691 4915 944 4986 suscepit,
961 4929 1247 4984 congruum
1273 4922 1388 4968 erat
1407 4913 1582 4966 statim
1607 4925 1726 4965 cum
1748 4908 1978 4964 disceret
1999 4924 2062 4962 ex
2089 4909 2264 4963 verbis

688 5024 826 5078 ejus,
854 5021 972 5062 esse
1001 5006 1088 5061 illa
1109 5021 1229 5060 cum
1261 5007 1482 5060 veritate
1509 5001 1792 5072 pugnantia
1817 5010 1871 5055 et
1904 5001 2007 5055 alia
2052 5000 2263 5068 quidem

689 5098 1027 5155 Conditorem
1077 5097 1384 5167 imperasse,
1433 5094 1535 5148 alia
1578 5099 1753 5148 autem
1803 5089 1972 5154 illum,
2016 5102 2070 5145 et
2110 5091 2266 5161 plane

690 5189 956 5242 contraria
984 5187 1092 5240 Deo
1134 5186 1332 5251 dicere,
1356 5192 1414 5238 ut
1438 5185 1550 5253 ipsa
1595 5191 1949 5246 aversaretur,
1980 5191 2034 5235 et
2062 5179 2268 5251 ingeret

696 5277 836 5330 illius
880 5275 1312 5330 consuetudinem
1339 5313 1354 5339 ,
1403 5271 1899 5339 abominareturqne
1939 5271 2124 5333 illum,
2174 5269 2264 5339 qui

695 5368 944 5436 linguam,
975 5375 1154 5421 contra
1182 5364 1361 5419 datum
1384 5364 1486 5418 illis
1523 5361 1828 5418 mandatum
1867 5377 2055 5415 acuere
2099 5360 2264 5416 audc-

693 5467 790 5510 ret.
826 5455 1018 5511 Verum
1041 5456 1161 5524 quia
1186 5471 1292 5524 pra:
1320 5467 1505 5524 magna
1529 5451 1844 5524 negligentia
1877 5466 1980 5504 non
2016 5451 2262 5505 attende-

697 5547 940 5613 bat,uon
993 5548 1164 5602 solum
1209 5561 1314 5600 non
1358 5556 1440 5599 est
1488 5545 1632 5599 illum
1680 5550 1938 5608 aversata,
1971 5543 2062 5595 sed
2108 5556 2264 5596 omne

694 5634 1000 5691 mandatum
1049 5637 1121 5690 illi
1162 5636 1382 5701 detexit,
1414 5644 1467 5690 et
1495 5649 1656 5704 porco
1701 5632 2012 5703 margaritas
2050 5630 2260 5700 objecit,

697 5725 1035 5803 implevitque
1055 5727 1192 5797 quod
1216 5741 1243 5779 a
1271 5725 1486 5781 Christo
1527 5723 1724 5778 dictum
1765 5733 1848 5778 est
1880 5739 1893 5775 :
1927 5719 2010 5776 Ne
2059 5722 2264 5775 mittatis

697 5820 1206 5888 margaritasrestras
1228 5829 1342 5867 ante
1372 5829 1567 5885 porcos,
1601 5827 1660 5867 ne
1685 5817 1812 5882 forte
1837 5811 2263 5864 somniantium

1407 451 1462 519 8.
1501 445 1777 506 IOANNIS
1811 434 2284 500 CIIBYSOSTOMI
2325 440 2636 498 ABCIIIEP.
2672 439 3207 500 CONSTANTINOP.

3829 442 3924 498 138

2348 557 2556 628 pedibus
2584 556 2710 621 suis,
2735 565 2782 610 et
2805 557 3028 611 conversi
3053 572 3140 611 vos
3168 556 3483 625 disrumpunt
3508 553 3697 624 (llattli
3749 557 3801 611 7.
3825 558 3878 622 ο)
3904 577 3917 612 :

2349 644 2401 701 id
2430 647 2570 717 quod
2599 657 2654 703 et
2674 647 2758 702 hic
2784 647 2978 702 factum
3005 656 3105 702 est.
3137 647 3394 717 Apposuit
3419 646 3561 700 enim
3589 660 3770 716 porco,
3803 645 3923 700 huic

2348 736 2502 792 make
2542 738 2744 804 bestite,
2785 737 3016 793 tia-moui
3057 737 3322 802 videlicet,
3345 737 3434 807 qui
3478 751 3574 808 per
3618 746 3920 806 serpentem

2347 828 2686 897 operabatur,
2740 827 2948 884 divinas
2995 828 3329 898 margaritas,
3363 839 3417 882 ct
3447 842 3551 882 non
3594 827 3768 882 solum
3807 826 3923 881 illas

2345 918 2696 985 conculcavit,
2727 929 2780 974 et
2808 919 2962 975 dictis
2999 933 3058 974 se
3101 918 3367 988 apposuit,
3399 919 3494 973 sed
3525 926 3581 974 et
3611 931 3921 979 conversus.

2348 1022 2451 1063 non
2493 1010 2660 1078 ipsam
2702 1010 2896 1077 solum,
2923 1008 3018 1064 sed
3043 1023 3167 1064 cum
3197 1009 3310 1079 ipsa
3338 1008 3710 1079 primigenium
3755 1008 3924 1062 immi-

2348 1117 2467 1156 nem
2512 1117 2723 1174 quoque
2761 1105 2814 1158 in
2846 1104 3191 1174 praecipitium
3234 1101 3608 1158 inobedientia:
3653 1102 3916 1172 perduxit.

2345 1192 2572 1248 Tantum
2623 1195 2818 1250 malum
2852 1205 2949 1251 est
2981 1196 3181 1266 absque
3210 1194 3417 1250 delectu
3445 1194 3614 1250 cuivis
3639 1204 3693 1248 et
3723 1195 3921 1263 prorni-

2345 1298 2472 1341 scue
2509 1285 2687 1341 divina
2729 1287 2976 1358 mysteria
2997 1287 3264 1358 detegere.
3291 1287 3525 1343 Audiam
3553 1285 3641 1358 qui
3669 1287 3785 1341 sine
3806 1285 3925 1340 dis-

2333 1377 2568 1430 crimine
2618 1375 2928 1447 simpliciter
2960 1391 3081 1432 cum
3109 1376 3359 1432 omnibus
3398 1377 3789 1446 colloquuntur.
3816 1374 3923 1430 Ne-

2347 1481 2450 1535 que
2469 1469 2611 1522 enim
2653 1467 2722 1522 ibi
2769 1468 3014 1524 Christus
3051 1467 3120 1524 de
3160 1467 3396 1524 sensibili
3442 1483 3604 1538 porco
3650 1469 3922 1540 pmeepit.

2346 1557 2441 1613 sed
2464 1559 2707 1614 homines
2751 1561 2983 1629 por-cinis
3024 1561 3264 1616 moribus
3293 1559 3622 1627 subiudicat,
3651 1561 3742 1632 qui
3787 1561 3926 1617 sicut

2349 1650 2500 1704 bruta
2529 1651 2616 1706 illa
2647 1651 2701 1705 in
2731 1652 2931 1720 peccati
2957 1650 3072 1706 luto
3106 1651 3468 1716 involvuntur,
3495 1650 3695 1706 docens
3720 1666 3837 1715 nos,
3867 1661 3926 1705 ut

2349 1754 2698 1810 personarum
2720 1741 3078 1797 diversitatem
3109 1741 3502 1811 dignoscamus,
3528 1752 3583 1797 et
3611 1741 3730 1796 vita:
3758 1740 3925 1796 ratio-

2349 1843 2446 1884 nes
2471 1829 2818 1899 inquiramus,
2842 1831 3056 1902 quando
3096 1829 3295 1901 aliquid
3325 1830 3639 1886 divinorum
3685 1829 3925 1900 eloquio-

2351 1936 2468 1976 rum
2496 1936 2768 1992 exponere
2793 1936 2931 1992 opus
2956 1921 3144 1987 fuerit,
3179 1937 3243 1976 uc
3263 1932 3317 1978 et
3348 1923 3467 1977 illus
3495 1932 3548 1976 et
3576 1923 3928 1992 nosmetipsos

2351 2010 2624 2067 ledamus.
2657 2012 2786 2066 Nam
2815 2014 2906 2083 qui
2933 2013 3064 2069 tales
3079 2023 3226 2080 sunt,
3259 2030 3364 2068 non
3400 2013 3570 2068 solam
3617 2013 3747 2068 nihil
3795 2014 3928 2069 lucri

2351 2117 2416 2158 ex
2441 2101 2599 2158 dictis
2635 2103 2868 2173 capiunt,
2900 2104 2994 2159 sed
3023 2112 3080 2159 et
3100 2118 3194 2159 eos
3214 2104 3303 2173 qui
3330 2103 3496 2159 bonas
3527 2104 3645 2157 illas
3670 2103 3928 2174 margario

2351 2201 2432 2246 tas
2459 2193 2659 2263 absque
2687 2193 3054 2264 disquisitione
3091 2194 3195 2249 illis
3238 2204 3641 2266 proposuerant,
3671 2209 3850 2249 secum
3876 2195 3930 2249 in

2350 2297 2462 2336 sua;
2489 2283 2800 2351 perditionis
2829 2285 3146 2354 profundum
3176 2297 3320 2354 stupe
3366 2294 3752 2354 pertraxerunt.
3805 2283 3930 2339 idco

2349 2390 2469 2429 cum
2511 2375 2781 2447 diligentia
2831 2376 3160 2432 observanda
3203 2386 3326 2431 sunt
3354 2377 3490 2443 haec.
3521 2391 3588 2432 ne
3615 2377 3800 2434 eadem
3832 2391 3929 2447 pa-

2351 2467 2544 2522 tiamur
2561 2483 2680 2538 quas
2705 2468 2777 2522 illi
2801 2468 2890 2539 qui
2921 2467 3006 2524 hic
3030 2468 3239 2538 decepti
3282 2478 3427 2525 sunt.
3477 2467 3608 2524 Nam
3637 2476 3693 2524 et
3719 2485 3860 2524 nune

2352 2561 2607 2616 voluisset
2646 2560 2837 2615 mulier
2881 2576 2987 2616 non
3035 2575 3337 2631 proponere
3387 2561 3698 2631 margaritas
3745 2574 3929 2630 porca.

2354 2665 2525 2720 neque
2555 2651 2668 2720 ipsa
2693 2649 2744 2704 in
2789 2649 3136 2720 praecipitium
3183 2649 3399 2718 ruisset,
3423 2664 3595 2721 neque
3639 2650 3807 2704 virum
3837 2665 3931 2703 se-

2350 2754 2473 2795 cum
2505 2743 2768 2797 traxisset.

2423 2833 2476 2887 '5.
2515 2833 2617 2888 Sed
2657 2835 2931 2889 audiamus
2957 2833 3085 2904 quid
3115 2834 3185 2888 illi
3217 2833 3554 2905 respondeat.
3603 2833 3734 2889 Nam
3761 2844 3819 2890 ut
3845 2836 3933 2889 di-

2353 2931 2524 2987 xerat,
2553 2921 2653 2978 Cur
2677 2924 2803 2977 dixit
2829 2922 2988 2991 Deus,
3015 2922 3092 2979 De
3110 2927 3246 2979 omni
3267 2923 3404 2994 ligno
3434 2926 3658 2994 paradisi
3684 2942 3747 2980 ne
3767 2942 3938 2979 conte-

2355 3015 2528 3068 tlatis.’
2554 3014 2722 3084 inquit
2745 3016 2934 3070 mulier
2953 3014 3186 3084 serpenti
3221 3033 3232 3067 :
3261 3015 3314 3069 2.
3342 3015 3419 3070 De
3444 3017 3579 3070 omni
3606 3016 3744 3088 ligno
3782 3033 3937 3084 para-

2353 3104 2453 3158 disi
2477 3104 2814 3170 comedimus;
2857 3106 2909 3159 3.
2943 3105 3007 3158 de
3033 3110 3199 3175 fructu
3226 3115 3393 3162 autem
3427 3107 3571 3176 ligni,
3612 3107 3748 3178 quod
3775 3117 3845 3161 est
3881 3108 3936 3160 in

2355 3198 2516 3250 medio
2553 3196 2798 3266 paradisi,
2851 3197 2977 3250 dixit
3016 3194 3173 3261 Dens,
3217 3213 3278 3250 ne
3313 3197 3605 3261 concedatis,
3629 3213 3783 3267 neque
3808 3200 3939 3250 atti-

2355 3287 2524 3356 geritis
2551 3287 2738 3354 ipsum,
2761 3294 2814 3338 ut
2843 3300 2942 3339 non
2966 3286 3272 3339 moriemini.
3297 3284 3482 3342 Vidisti
3514 3286 3897 3356 malignitatem
3915 3289 3941 3338 τ

2362 3375 2500 3428 Dixit
2528 3375 2669 3444 quod
2699 3389 2801 3429 non
2831 3383 2964 3438 erat,
2995 3383 3053 3429 ut
3079 3374 3130 3428 in
3161 3374 3481 3444 colloquium
3510 3385 3841 3444 provocant,
3883 3385 3941 3430 et

2358 3463 2589 3518 disceret
2625 3463 2676 3518 id
2713 3464 2854 3533 quod
2899 3473 3032 3519 erat.
3064 3462 3249 3519 Mulier
3281 3465 3423 3520 enim
3452 3473 3634 3534 postea
3663 3464 3940 3521 conlidens

2359 3554 2505 3623 quasi
2535 3553 2791 3609 benevole
2817 3569 2941 3624 erga
2965 3568 3024 3608 se
3051 3553 3269 3609 allectus
3292 3564 3454 3618 esset,
3507 3563 3674 3610 totum
3710 3555 3942 3610 manda-

2361 3653 2470 3697 tum
2514 3642 2751 3709 detexit,
2806 3644 3189 3714 diligenterque
3236 3645 3504 3700 recensuit
3526 3646 3726 3710 omnia,
3768 3656 3824 3701 et
3854 3661 3944 3702 re—

2358 3746 2556 3802 sponso
2588 3749 2686 3788 suo
2723 3749 2937 3789 omnem
2973 3735 3285 3804 sibimetipsi
3310 3735 3670 3792 defensionem
3697 3737 3941 3793 abstulit.

2359 3823 2497 3891 Quid
2526 3824 2667 3880 enim
2697 3834 2847 3895 potes
2867 3825 3069 3894 dicere,
3099 3841 3134 3880 o
3160 3827 3387 3882 mulier?
3428 3825 3572 3881 Dixit
3617 3827 3750 3881 Drsts
3783 3831 3823 3893 ⁸,
3859 3828 3946 3883 Ne

2361 3917 2633 3971 comedetis
2662 3917 2725 3970 de
2750 3917 2886 3970 omni
2906 3917 3042 3987 ligno
3065 3917 3200 3986 quod
3228 3927 3298 3970 est
3333 3918 3384 3972 in
3409 3917 3666 3986 paradiso.
3715 3918 3946 3989 Oporte-

2363 4003 2454 4060 bat
2497 4013 2548 4060 te
2584 4000 2816 4060 aversari
2865 4020 3008 4070 eum,
3035 4006 3125 4076 qui
3171 4006 3380 4061 diversa
3410 4021 3440 4059 a
3473 4007 3582 4061 Deo
3607 4007 3833 4071 dixerat,
3888 4020 3946 4065 ct

2362 4095 2540 4152 dicere
2593 4113 2608 4149 :
2656 4100 2854 4167 Apage,
2900 4097 3160 4166 impostor
3183 4113 3242 4153 es
3272 4107 3347 4161 tu,
3393 4099 3566 4153 nescis
3593 4115 3764 4169 neque
3788 4116 3947 4155 man-

2363 4187 2472 4243 dati
2513 4188 2665 4244 nobis
2710 4189 2817 4244 dati
2868 4191 3194 4260 potentiam,
3252 4205 3423 4259 neque
3453 4190 3665 4260 quantis
3693 4191 3946 4260 lruimur,

2366 4293 2539 4348 neque
2563 4280 2767 4348 copiam
2794 4294 2979 4335 eorum
3024 4294 3142 4348 quae
3171 4279 3325 4334 nobis
3363 4280 3785 4350 suppeditantur.
3807 4281 3947 4337 Nam

2369 4377 2423 4423 tu
2461 4368 2670 4438 quidem
2712 4369 2791 4423 ais
2819 4370 2982 4424 Deum
3012 4370 3226 4432 dixisse,
3279 4371 3480 4424 nullum
3522 4385 3618 4425 nos
3661 4372 3949 4442 degustare

2366 4457 2561 4514 debere
2597 4459 2834 4528 lignum;
2883 4458 3136 4513 Dominus
3173 4469 3348 4513 autem
3379 4470 3432 4514 et
3459 4459 3714 4516 Conditor
3741 4463 3812 4516 ob
3843 4463 3947 4517 im-

2368 4565 2603 4606 mensam
2631 4565 2779 4606 suam
2807 4550 3096 4605 bonitatem
3125 4549 3277 4608 nobis
3300 4551 3539 4620 permisit
3558 4551 3687 4618 frui,
3711 4563 3766 4608 et
3789 4565 3948 4622 pote-

2368 4653 2555 4698 statem
2605 4642 2801 4697 habere
2840 4643 3113 4707 omnium;
3154 4642 3222 4696 ab
3268 4658 3375 4695 uno
3423 4651 3628 4697 tantum
3669 4645 3950 4700 absduere

2362 4734 2540 4804 jussit,
2593 4733 2749 4802 idque
2801 4733 2952 4787 nobis
2999 4733 3304 4797 consulens,
3351 4742 3409 4785 ut
3453 4750 3517 4786 ne
3555 4743 3768 4802 gustato
3821 4736 3946 4798 illo,

2367 4837 2539 4880 morte
2566 4824 3020 4880 occumberemus.
3060 4824 3371 4894 Oportebat,
3403 4827 3446 4879 si
3477 4825 3692 4894 quidem
3709 4827 3950 4897 prudens

2368 4917 2571 4982 fuisset,
2619 4917 2700 4972 bis
2742 4917 2894 4971 dictis
2935 4917 3078 4970 illum
3121 4917 3338 4970 omnino
3378 4917 3648 4982 aversari,
3704 4919 3951 4989 nihilque

2369 5009 2504 5064 ultra
2547 5008 2616 5062 illi
2664 5007 2836 5077 loqui,
2879 5020 3050 5075 neque
3073 5006 3256 5060 audire
3298 5006 3600 5076 loquentem
3635 5025 3649 5061 :
3683 5007 3778 5062 sed
3815 5009 3946 5070 ista,

2370 5102 2604 5155 revelato
2648 5108 2945 5170 pneccpto.
2996 5106 3050 5152 et
3102 5098 3330 5151 narratis
3384 5099 3477 5152 Dei
3521 5100 3736 5165 verbis,
3795 5099 3949 5154 aliud

2369 5191 2627 5245 letiferum
2672 5198 2726 5244 et
2777 5190 3130 5258 perniciosum
3169 5187 3447 5242 consilium
3493 5188 3562 5243 ab
3602 5189 3693 5243 illo
3729 5191 3945 5260 accipit.

2370 5283 2497 5337 Nam
2527 5292 2804 5352 postquam
2831 5281 2964 5336 dixit
2989 5280 3180 5334 mulier
3229 5297 3241 5332 :
3290 5277 3368 5332 De
3395 5281 3531 5333 omni
3556 5281 3694 5351 ligno
3719 5284 3950 5350 paradisi

2367 5375 2580 5437 edimus,
2621 5374 2683 5426 de
2724 5376 2890 5443 [ructu
2922 5383 3090 5424 autent
3131 5370 3257 5441 ligni
3295 5371 3431 5440 quod
3469 5381 3538 5425 cst
3569 5371 3621 5423 in
3663 5372 3827 5425 medio
3853 5390 3952 5443 pa-

2370 5468 2545 5531 radisi,
2596 5467 2725 5522 dixit
2774 5465 2932 5532 Dens,
2981 5481 3041 5518 ne
3069 5466 3344 5519 concedatis
3384 5481 3446 5519 ea:
3479 5445 3590 5524 illo,
3632 5480 3790 5534 neque
3822 5467 3951 5516 atti-

2368 5562 2538 5632 gert'tis
2562 5561 2747 5628 ipsum,
2798 5576 2858 5613 ne
2885 5558 3209 5623 moriemini;
3247 5556 3436 5612 iterum
3478 5556 3737 5626 malignus
3756 5555 3947 5611 salutis

2432 5758 2448 5788 ⁸
2473 5756 2621 5807 Savil.
2644 5753 3106 5825 additlnmargine,
3133 5768 3282 5817 quare
3311 5756 3376 5818 (τί
3399 5753 3513 5814 ὅτι),
3535 5752 3941 5803 sententiamque

2373 5817 2726 5880 interrogative
2752 5817 3027 5878 distinguit.
