  <div class='ocr_page' id='page_1' title='image "/cluster/home/n/w/nwhite01/storage/ocr_20150623/53/uva.x030486927/132.png"; bbox 0 0 4152 6490; ppageno 0'>
   <div class='ocr_carea' id='block_1_1' title="bbox 294 403 397 459">
    <p class='ocr_par' dir='ltr' id='par_1_1' title="bbox 294 403 397 459">
     <span class='ocr_line' id='line_1_1' title="bbox 294 403 397 459; baseline -0.01 0"><span class='ocrx_word' id='word_1_1' title='bbox 294 403 397 459; x_wconf 65' lang='grc' dir='ltr'><strong>1Ἅῖ</strong></span> 
     </span>
    </p>
   </div>
   <div class='ocr_carea' id='block_1_2' title="bbox 289 497 1871 570">
    <p class='ocr_par' dir='ltr' id='par_1_2' title="bbox 289 497 1871 570">
     <span class='ocr_line' id='line_1_2' title="bbox 289 497 1871 570; baseline -0.013 0"><span class='ocrx_word' id='word_1_2' title='bbox 289 525 492 570; x_wconf 67' lang='lat' dir='ltr'><strong>mistra:</strong></span> <span class='ocrx_word' id='word_1_3' title='bbox 534 512 780 568; x_wconf 84' lang='lat' dir='ltr'><strong>inimicus</strong></span> <span class='ocrx_word' id='word_1_4' title='bbox 835 507 1170 566; x_wconf 82' lang='lat' dir='ltr'><strong>contrarium</strong></span> <span class='ocrx_word' id='word_1_5' title='bbox 1211 505 1318 559; x_wconf 90' lang='lat' dir='ltr'><strong>Deo</strong></span> <span class='ocrx_word' id='word_1_6' title='bbox 1367 503 1646 558; x_wconf 82' lang='lat' dir='ltr'><strong>consilium</strong></span> <span class='ocrx_word' id='word_1_7' title='bbox 1700 497 1871 554; x_wconf 67' lang='grc' dir='ltr'><strong>θίγοι-ι.</strong></span> 
     </span>
    </p>
   </div>
   <div class='ocr_carea' id='block_1_3' title="bbox 291 591 1880 678">
    <p class='ocr_par' dir='ltr' id='par_1_3' title="bbox 291 591 1880 678">
     <span class='ocr_line' id='line_1_3' title="bbox 291 591 1880 678; baseline -0.011 -17"><span class='ocrx_word' id='word_1_8' title='bbox 291 609 500 678; x_wconf 70' lang='lat' dir='ltr'><strong>Quippe</strong></span> <span class='ocrx_word' id='word_1_9' title='bbox 539 621 660 661; x_wconf 87' lang='lat' dir='ltr'><strong>cum</strong></span> <span class='ocrx_word' id='word_1_10' title='bbox 703 602 957 671; x_wconf 90' lang='lat' dir='ltr'><strong>benignus</strong></span> <span class='ocrx_word' id='word_1_11' title='bbox 1003 600 1139 652; x_wconf 82' lang='lat' dir='ltr'><strong>Deus</strong></span> <span class='ocrx_word' id='word_1_12' title='bbox 1169 596 1238 650; x_wconf 89' lang='lat' dir='ltr'><strong>ob</strong></span> <span class='ocrx_word' id='word_1_13' title='bbox 1286 608 1530 664; x_wconf 86' lang='lat' dir='ltr'><strong>magnam</strong></span> <span class='ocrx_word' id='word_1_14' title='bbox 1576 591 1741 646; x_wconf 96' lang='lat' dir='ltr'><strong>nostri</strong></span> <span class='ocrx_word' id='word_1_15' title='bbox 1784 605 1880 644; x_wconf 85' lang='lat' dir='ltr'><strong>cu-</strong></span> 
     </span>
    </p>
   </div>
   <div class='ocr_carea' id='block_1_4' title="bbox 295 680 1878 764">
    <p class='ocr_par' dir='ltr' id='par_1_4' title="bbox 295 680 1878 764">
     <span class='ocr_line' id='line_1_4' title="bbox 295 680 1878 764; baseline -0.011 -12"><span class='ocrx_word' id='word_1_16' title='bbox 295 713 411 752; x_wconf 83' lang='lat' dir='ltr'><strong>ram</strong></span> <span class='ocrx_word' id='word_1_17' title='bbox 461 697 530 751; x_wconf 91' lang='lat' dir='ltr'><strong>de</strong></span> <span class='ocrx_word' id='word_1_18' title='bbox 572 695 713 764; x_wconf 87' lang='lat' dir='ltr'><strong>ligno</strong></span> <span class='ocrx_word' id='word_1_19' title='bbox 747 705 956 745; x_wconf 80' lang='lat' dir='ltr'><strong>sumere</strong></span> <span class='ocrx_word' id='word_1_20' title='bbox 985 686 1335 759; x_wconf 89' lang='lat' dir='ltr'><strong>prohibuerit,</strong></span> <span class='ocrx_word' id='word_1_21' title='bbox 1382 693 1439 739; x_wconf 91' lang='lat' dir='ltr'><strong>ut</strong></span> <span class='ocrx_word' id='word_1_22' title='bbox 1466 698 1532 738; x_wconf 90' lang='lat' dir='ltr'><strong>ne</strong></span> <span class='ocrx_word' id='word_1_23' title='bbox 1561 697 1652 751; x_wconf 84' lang='lat' dir='ltr'><strong>per</strong></span> <span class='ocrx_word' id='word_1_24' title='bbox 1691 680 1878 736; x_wconf 89' lang='lat' dir='ltr'><strong>inobe-</strong></span> 
     </span>
    </p>
   </div>
   <div class='ocr_carea' id='block_1_5' title="bbox 291 774 1875 846">
    <p class='ocr_par' dir='ltr' id='par_1_5' title="bbox 291 774 1875 846">
     <span class='ocr_line' id='line_1_5' title="bbox 291 774 1875 846; baseline -0.009 -3"><span class='ocrx_word' id='word_1_25' title='bbox 291 789 548 844; x_wconf 84' lang='lat' dir='ltr'><strong>dientiam</strong></span> <span class='ocrx_word' id='word_1_26' title='bbox 592 783 844 846; x_wconf 74' lang='lat' dir='ltr'><strong>mortales</strong></span> <span class='ocrx_word' id='word_1_27' title='bbox 875 782 1124 837; x_wconf 86' lang='lat' dir='ltr'><strong>lleremns</strong></span> <span class='ocrx_word' id='word_1_28' title='bbox 1171 797 1188 834; x_wconf 88' lang='lat'><strong>:</strong></span> <span class='ocrx_word' id='word_1_29' title='bbox 1240 778 1331 833; x_wconf 88' lang='lat' dir='ltr'><strong>Ille</strong></span> <span class='ocrx_word' id='word_1_30' title='bbox 1366 776 1495 832; x_wconf 90' lang='lat' dir='ltr'><strong>dicit</strong></span> <span class='ocrx_word' id='word_1_31' title='bbox 1535 774 1744 830; x_wconf 85' lang='lat' dir='ltr'><strong>mulieri</strong></span> <span class='ocrx_word' id='word_1_32' title='bbox 1779 776 1875 829; x_wconf 63' lang='grc' dir='ltr'><strong>τι.</strong></span> 
     </span>
    </p>
   </div>
   <div class='ocr_carea' id='block_1_6' title="bbox 293 864 1881 939">
    <p class='ocr_par' dir='ltr' id='par_1_6' title="bbox 293 864 1881 939">
     <span class='ocr_line' id='line_1_6' title="bbox 293 864 1881 939; baseline -0.009 -6"><span class='ocrx_word' id='word_1_33' title='bbox 293 879 420 933; x_wconf 77' lang='lat' dir='ltr'><strong>Non</strong></span> <span class='ocrx_word' id='word_1_34' title='bbox 463 886 623 931; x_wconf 86' lang='lat' dir='ltr'><strong>morte</strong></span> <span class='ocrx_word' id='word_1_35' title='bbox 655 864 954 928; x_wconf 80' lang='lat' dir='ltr'><strong>moriemini.</strong></span> <span class='ocrx_word' id='word_1_36' title='bbox 1003 869 1155 939; x_wconf 81' lang='lat' dir='ltr'><strong>Quali</strong></span> <span class='ocrx_word' id='word_1_37' title='bbox 1201 867 1353 922; x_wconf 87' lang='lat' dir='ltr'><strong>venia</strong></span> <span class='ocrx_word' id='word_1_38' title='bbox 1397 866 1699 937; x_wconf 72' lang='lat' dir='ltr'><strong>dignabitur</strong></span> <span class='ocrx_word' id='word_1_39' title='bbox 1741 865 1881 920; x_wconf 88' lang='lat' dir='ltr'><strong>ullus</strong></span> 
     </span>
    </p>
   </div>
   <div class='ocr_carea' id='block_1_7' title="bbox 291 954 1879 1035">
    <p class='ocr_par' dir='ltr' id='par_1_7' title="bbox 291 954 1879 1035">
     <span class='ocr_line' id='line_1_7' title="bbox 291 954 1879 1035; baseline -0.009 -12"><span class='ocrx_word' id='word_1_40' title='bbox 291 968 593 1032; x_wconf 78' lang='lat' dir='ltr'><strong>mulierem,</strong></span> <span class='ocrx_word' id='word_1_41' title='bbox 632 963 774 1035; x_wconf 88' lang='lat' dir='ltr'><strong>quod</strong></span> <span class='ocrx_word' id='word_1_42' title='bbox 799 963 1017 1017; x_wconf 88' lang='lat' dir='ltr'><strong>omnino</strong></span> <span class='ocrx_word' id='word_1_43' title='bbox 1040 975 1200 1015; x_wconf 82' lang='lat' dir='ltr'><strong>aures</strong></span> <span class='ocrx_word' id='word_1_44' title='bbox 1236 959 1504 1026; x_wconf 85' lang='lat' dir='ltr'><strong>aperuerit</strong></span> <span class='ocrx_word' id='word_1_45' title='bbox 1531 968 1636 1011; x_wconf 90' lang='lat' dir='ltr'><strong>tam</strong></span> <span class='ocrx_word' id='word_1_46' title='bbox 1661 954 1879 1010; x_wconf 75' lang='lat' dir='ltr'><strong>audacia</strong></span> 
     </span>
    </p>
   </div>
   <div class='ocr_carea' id='block_1_8' title="bbox 292 1045 1874 1113">
    <p class='ocr_par' dir='ltr' id='par_1_8' title="bbox 292 1045 1874 1113">
     <span class='ocr_line' id='line_1_8' title="bbox 292 1045 1874 1113; baseline -0.009 -1"><span class='ocrx_word' id='word_1_47' title='bbox 292 1055 530 1112; x_wconf 73' lang='lat' dir='ltr'><strong>dicenti?</strong></span> <span class='ocrx_word' id='word_1_48' title='bbox 598 1055 728 1110; x_wconf 81' lang='lat' dir='ltr'><strong>Nam</strong></span> <span class='ocrx_word' id='word_1_49' title='bbox 791 1067 913 1108; x_wconf 90' lang='lat' dir='ltr'><strong>cum</strong></span> <span class='ocrx_word' id='word_1_50' title='bbox 962 1052 1102 1106; x_wconf 87' lang='lat' dir='ltr'><strong>Deus</strong></span> <span class='ocrx_word' id='word_1_51' title='bbox 1162 1049 1378 1113; x_wconf 84' lang='lat' dir='ltr'><strong>dixerit,</strong></span> <span class='ocrx_word' id='word_1_52' title='bbox 1433 1047 1512 1103; x_wconf 80' lang='lat' dir='ltr'><strong>Ne</strong></span> <span class='ocrx_word' id='word_1_53' title='bbox 1564 1045 1874 1111; x_wconf 88' lang='lat' dir='ltr'><strong>comedatis,</strong></span> 
     </span>
    </p>
   </div>
   <div class='ocr_carea' id='block_1_9' title="bbox 293 1136 1875 1212">
    <p class='ocr_par' dir='ltr' id='par_1_9' title="bbox 293 1136 1875 1212">
     <span class='ocr_line' id='line_1_9' title="bbox 293 1136 1875 1212; baseline -0.009 -9"><span class='ocrx_word' id='word_1_54' title='bbox 293 1161 353 1204; x_wconf 88' lang='lat' dir='ltr'><strong>ut</strong></span> <span class='ocrx_word' id='word_1_55' title='bbox 406 1164 474 1203; x_wconf 87' lang='lat' dir='ltr'><strong>ne</strong></span> <span class='ocrx_word' id='word_1_56' title='bbox 509 1144 810 1201; x_wconf 89' lang='lat' dir='ltr'><strong>moriamini</strong></span> <span class='ocrx_word' id='word_1_57' title='bbox 839 1161 852 1196; x_wconf 89' lang='lat'><strong>:</strong></span> <span class='ocrx_word' id='word_1_58' title='bbox 883 1144 971 1199; x_wconf 88' lang='lat' dir='ltr'><strong>ille</strong></span> <span class='ocrx_word' id='word_1_59' title='bbox 1010 1142 1200 1212; x_wconf 85' lang='lat' dir='ltr'><strong>inquit,</strong></span> <span class='ocrx_word' id='word_1_60' title='bbox 1236 1141 1355 1194; x_wconf 80' lang='lat' dir='ltr'><strong>Non</strong></span> <span class='ocrx_word' id='word_1_61' title='bbox 1381 1148 1541 1192; x_wconf 87' lang='lat' dir='ltr'><strong>morte</strong></span> <span class='ocrx_word' id='word_1_62' title='bbox 1577 1136 1875 1192; x_wconf 81' lang='lat' dir='ltr'><strong>moriemini.</strong></span> 
     </span>
    </p>
   </div>
   <div class='ocr_carea' id='block_1_10' title="bbox 294 1228 1875 1298">
    <p class='ocr_par' dir='ltr' id='par_1_10' title="bbox 294 1228 1875 1298">
     <span class='ocr_line' id='line_1_10' title="bbox 294 1228 1875 1298; baseline -0.008 -5"><span class='ocrx_word' id='word_1_63' title='bbox 294 1238 424 1293; x_wconf 87' lang='lat' dir='ltr'><strong>Dein</strong></span> <span class='ocrx_word' id='word_1_64' title='bbox 473 1252 578 1292; x_wconf 88' lang='lat' dir='ltr'><strong>non</strong></span> <span class='ocrx_word' id='word_1_65' title='bbox 618 1244 901 1290; x_wconf 89' lang='lat' dir='ltr'><strong>contentus</strong></span> <span class='ocrx_word' id='word_1_66' title='bbox 938 1232 1202 1288; x_wconf 86' lang='lat' dir='ltr'><strong>contraria</strong></span> <span class='ocrx_word' id='word_1_67' title='bbox 1234 1231 1389 1285; x_wconf 90' lang='lat' dir='ltr'><strong>dictis</strong></span> <span class='ocrx_word' id='word_1_68' title='bbox 1432 1230 1527 1284; x_wconf 85' lang='lat' dir='ltr'><strong>Dei</strong></span> <span class='ocrx_word' id='word_1_69' title='bbox 1573 1228 1875 1298; x_wconf 88' lang='lat' dir='ltr'><strong>protulisse,</strong></span> 
     </span>
    </p>
   </div>
   <div class='ocr_carea' id='block_1_11' title="bbox 291 1319 1879 1390">
    <p class='ocr_par' dir='ltr' id='par_1_11' title="bbox 291 1319 1879 1390">
     <span class='ocr_line' id='line_1_11' title="bbox 291 1319 1879 1390; baseline -0.004 -10"><span class='ocrx_word' id='word_1_70' title='bbox 291 1329 500 1382; x_wconf 80' lang='lat' dir='ltr'><strong>incusat</strong></span> <span class='ocrx_word' id='word_1_71' title='bbox 553 1341 674 1382; x_wconf 81' lang='lat' dir='ltr'><strong>eum</strong></span> <span class='ocrx_word' id='word_1_72' title='bbox 731 1326 891 1380; x_wconf 88' lang='lat' dir='ltr'><strong>etiam</strong></span> <span class='ocrx_word' id='word_1_73' title='bbox 939 1335 995 1378; x_wconf 93' lang='lat' dir='ltr'><strong>ut</strong></span> <span class='ocrx_word' id='word_1_74' title='bbox 1043 1321 1277 1377; x_wconf 76' lang='lat' dir='ltr'><strong>invidum</strong></span> <span class='ocrx_word' id='word_1_75' title='bbox 1305 1319 1596 1390; x_wconf 87' lang='lat' dir='ltr'><strong>Opificcm,</strong></span> <span class='ocrx_word' id='word_1_76' title='bbox 1646 1334 1754 1389; x_wconf 90' lang='lat' dir='ltr'><strong>quo</strong></span> <span class='ocrx_word' id='word_1_77' title='bbox 1799 1319 1879 1374; x_wconf 91' lang='lat' dir='ltr'><strong>sic</strong></span> 
     </span>
    </p>
   </div>
   <div class='ocr_carea' id='block_1_12' title="bbox 293 1409 1876 1489">
    <p class='ocr_par' dir='ltr' id='par_1_12' title="bbox 293 1409 1876 1489">
     <span class='ocr_line' id='line_1_12' title="bbox 293 1409 1876 1489; baseline -0.006 -17"><span class='ocrx_word' id='word_1_78' title='bbox 293 1417 534 1475; x_wconf 85' lang='lat' dir='ltr'><strong>fraudem</strong></span> <span class='ocrx_word' id='word_1_79' title='bbox 582 1417 834 1472; x_wconf 86' lang='lat' dir='ltr'><strong>inducere</strong></span> <span class='ocrx_word' id='word_1_80' title='bbox 881 1424 1093 1485; x_wconf 89' lang='lat' dir='ltr'><strong>posset,</strong></span> <span class='ocrx_word' id='word_1_81' title='bbox 1163 1422 1216 1468; x_wconf 91' lang='lat' dir='ltr'><strong>et</strong></span> <span class='ocrx_word' id='word_1_82' title='bbox 1273 1413 1609 1489; x_wconf 88' lang='lat' dir='ltr'><strong>supplantata</strong></span> <span class='ocrx_word' id='word_1_83' title='bbox 1655 1409 1876 1465; x_wconf 81' lang='lat' dir='ltr'><strong>muliere</strong></span> 
     </span>
    </p>
   </div>
   <div class='ocr_carea' id='block_1_13' title="bbox 293 1495 1874 1579">
    <p class='ocr_par' dir='ltr' id='par_1_13' title="bbox 293 1495 1874 1579">
     <span class='ocr_line' id='line_1_13' title="bbox 293 1495 1874 1579; baseline -0.006 -16"><span class='ocrx_word' id='word_1_84' title='bbox 293 1509 622 1579; x_wconf 87' lang='lat' dir='ltr'><strong>propositum</strong></span> <span class='ocrx_word' id='word_1_85' title='bbox 671 1522 826 1562; x_wconf 88' lang='lat' dir='ltr'><strong>suum</strong></span> <span class='ocrx_word' id='word_1_86' title='bbox 867 1507 1130 1575; x_wconf 78' lang='lat' dir='ltr'><strong>impleret.</strong></span> <span class='ocrx_word' id='word_1_87' title='bbox 1194 1503 1316 1559; x_wconf 83' lang='lat' dir='ltr'><strong>Non</strong></span> <span class='ocrx_word' id='word_1_88' title='bbox 1371 1513 1531 1558; x_wconf 82' lang='lat' dir='ltr'><strong>morte</strong></span> <span class='ocrx_word' id='word_1_89' title='bbox 1571 1495 1874 1556; x_wconf 77' lang='lat' dir='ltr'><strong>moriemini.</strong></span> 
     </span>
    </p>
   </div>
   <div class='ocr_carea' id='block_1_14' title="bbox 293 1591 1876 1668">
    <p class='ocr_par' dir='ltr' id='par_1_14' title="bbox 293 1591 1876 1668">
     <span class='ocr_line' id='line_1_14' title="bbox 293 1591 1876 1668; baseline -0.007 -11"><span class='ocrx_word' id='word_1_90' title='bbox 293 1603 344 1657; x_wconf 79' lang='grc'><strong>5.</strong></span> <span class='ocrx_word' id='word_1_91' title='bbox 389 1601 588 1657; x_wconf 77' lang='lat' dir='ltr'><strong>Sciebat</strong></span> <span class='ocrx_word' id='word_1_92' title='bbox 629 1601 761 1654; x_wconf 79' lang='lat' dir='ltr'><strong>enim</strong></span> <span class='ocrx_word' id='word_1_93' title='bbox 795 1598 952 1665; x_wconf 76' lang='lat' dir='ltr'><strong>Deus,</strong></span> <span class='ocrx_word' id='word_1_94' title='bbox 995 1599 1130 1666; x_wconf 84' lang='lat' dir='ltr'><strong>quod</strong></span> <span class='ocrx_word' id='word_1_95' title='bbox 1167 1610 1482 1668; x_wconf 86' lang='lat' dir='ltr'><strong>quocumque</strong></span> <span class='ocrx_word' id='word_1_96' title='bbox 1505 1595 1585 1647; x_wconf 87' lang='lat' dir='ltr'><strong>die</strong></span> <span class='ocrx_word' id='word_1_97' title='bbox 1609 1591 1876 1646; x_wconf 76' lang='lat' dir='ltr'><strong>comedetis</strong></span> 
     </span>
    </p>
   </div>
   <div class='ocr_carea' id='block_1_15' title="bbox 292 1683 1878 1762">
    <p class='ocr_par' dir='ltr' id='par_1_15' title="bbox 292 1683 1878 1762">
     <span class='ocr_line' id='line_1_15' title="bbox 292 1683 1878 1762; baseline -0.008 -13"><span class='ocrx_word' id='word_1_98' title='bbox 292 1711 355 1748; x_wconf 73' lang='lat' dir='ltr'><strong>ex</strong></span> <span class='ocrx_word' id='word_1_99' title='bbox 373 1709 454 1759; x_wconf 85' lang='lat' dir='ltr'><strong>eo,</strong></span> <span class='ocrx_word' id='word_1_100' title='bbox 482 1692 771 1762; x_wconf 79' lang='lat' dir='ltr'><strong>aperientur</strong></span> <span class='ocrx_word' id='word_1_101' title='bbox 799 1690 932 1743; x_wconf 78' lang='lat' dir='ltr'><strong>oculi</strong></span> <span class='ocrx_word' id='word_1_102' title='bbox 961 1688 1128 1754; x_wconf 76' lang='lat' dir='ltr'><strong>vestri,</strong></span> <span class='ocrx_word' id='word_1_103' title='bbox 1158 1696 1205 1740; x_wconf 84' lang='lat' dir='ltr'><strong>et</strong></span> <span class='ocrx_word' id='word_1_104' title='bbox 1231 1686 1373 1740; x_wconf 77' lang='lat' dir='ltr'><strong>eritis</strong></span> <span class='ocrx_word' id='word_1_105' title='bbox 1397 1686 1524 1740; x_wconf 79' lang='lat' dir='ltr'><strong>sicut</strong></span> <span class='ocrx_word' id='word_1_106' title='bbox 1550 1683 1641 1747; x_wconf 85' lang='lat' dir='ltr'><strong>dii,</strong></span> <span class='ocrx_word' id='word_1_107' title='bbox 1670 1683 1878 1736; x_wconf 68' lang='lat' dir='ltr'><strong>scientes</strong></span> 
     </span>
    </p>
   </div>
   <div class='ocr_carea' id='block_1_16' title="bbox 292 1773 1875 1838">
    <p class='ocr_par' dir='ltr' id='par_1_16' title="bbox 292 1773 1875 1838">
     <span class='ocr_line' id='line_1_16' title="bbox 292 1773 1875 1838; baseline -0.008 0"><span class='ocrx_word' id='word_1_108' title='bbox 292 1787 475 1838; x_wconf 72' lang='lat' dir='ltr'><strong>bonum</strong></span> <span class='ocrx_word' id='word_1_109' title='bbox 513 1795 560 1836; x_wconf 81' lang='lat' dir='ltr'><strong>et</strong></span> <span class='ocrx_word' id='word_1_110' title='bbox 597 1781 808 1835; x_wconf 83' lang='lat' dir='ltr'><strong>malum.</strong></span> <span class='ocrx_word' id='word_1_111' title='bbox 845 1780 982 1834; x_wconf 87' lang='lat' dir='ltr'><strong>Ecce</strong></span> <span class='ocrx_word' id='word_1_112' title='bbox 1029 1788 1190 1832; x_wconf 88' lang='lat' dir='ltr'><strong>totam</strong></span> <span class='ocrx_word' id='word_1_113' title='bbox 1233 1792 1412 1832; x_wconf 88' lang='lat' dir='ltr'><strong>escam</strong></span> <span class='ocrx_word' id='word_1_114' title='bbox 1445 1794 1457 1829; x_wconf 90' lang='lat'><strong><em>:</em></strong></span> <span class='ocrx_word' id='word_1_115' title='bbox 1488 1775 1704 1829; x_wconf 83' lang='lat' dir='ltr'><strong>calicem</strong></span> <span class='ocrx_word' id='word_1_116' title='bbox 1735 1773 1875 1827; x_wconf 90' lang='lat' dir='ltr'><strong>enim</strong></span> 
     </span>
    </p>
   </div>
   <div class='ocr_carea' id='block_1_17' title="bbox 295 1866 1877 1945">
    <p class='ocr_par' dir='ltr' id='par_1_17' title="bbox 295 1866 1877 1945">
     <span class='ocr_line' id='line_1_17' title="bbox 295 1866 1877 1945; baseline -0.004 -19"><span class='ocrx_word' id='word_1_117' title='bbox 295 1875 594 1945; x_wconf 77' lang='lat' dir='ltr'><strong>pernicioso</strong></span> <span class='ocrx_word' id='word_1_118' title='bbox 624 1888 830 1928; x_wconf 81' lang='lat' dir='ltr'><strong>veneno</strong></span> <span class='ocrx_word' id='word_1_119' title='bbox 862 1872 1074 1941; x_wconf 89' lang='lat' dir='ltr'><strong>plenum</strong></span> <span class='ocrx_word' id='word_1_120' title='bbox 1108 1869 1318 1925; x_wconf 84' lang='lat' dir='ltr'><strong>mulieri</strong></span> <span class='ocrx_word' id='word_1_121' title='bbox 1365 1867 1551 1932; x_wconf 86' lang='lat' dir='ltr'><strong>dedit,</strong></span> <span class='ocrx_word' id='word_1_122' title='bbox 1598 1882 1714 1937; x_wconf 66' lang='lat' dir='ltr'><strong>qua.I</strong></span> <span class='ocrx_word' id='word_1_123' title='bbox 1758 1866 1877 1921; x_wconf 89' lang='lat' dir='ltr'><strong>lcti-</strong></span> 
     </span>
    </p>
   </div>
   <div class='ocr_carea' id='block_1_18' title="bbox 293 1961 1879 2032">
    <p class='ocr_par' dir='ltr' id='par_1_18' title="bbox 293 1961 1879 2032">
     <span class='ocr_line' id='line_1_18' title="bbox 293 1961 1879 2032; baseline -0.005 -11"><span class='ocrx_word' id='word_1_124' title='bbox 293 1973 460 2023; x_wconf 80' lang='lat' dir='ltr'><strong>lcrum</strong></span> <span class='ocrx_word' id='word_1_125' title='bbox 486 1966 588 2022; x_wconf 89' lang='lat' dir='ltr'><strong>hoc</strong></span> <span class='ocrx_word' id='word_1_126' title='bbox 615 1981 734 2023; x_wconf 82' lang='lat' dir='ltr'><strong>esse</strong></span> <span class='ocrx_word' id='word_1_127' title='bbox 758 1966 936 2021; x_wconf 90' lang='lat' dir='ltr'><strong>videre</strong></span> <span class='ocrx_word' id='word_1_128' title='bbox 965 1964 1154 2019; x_wconf 78' lang='lat' dir='ltr'><strong>nolens</strong></span> <span class='ocrx_word' id='word_1_129' title='bbox 1187 1981 1201 2016; x_wconf 90' lang='lat'><strong>:</strong></span> <span class='ocrx_word' id='word_1_130' title='bbox 1235 1971 1440 2032; x_wconf 88' lang='lat' dir='ltr'><strong>poterat</strong></span> <span class='ocrx_word' id='word_1_131' title='bbox 1470 1961 1610 2016; x_wconf 86' lang='lat' dir='ltr'><strong>enim</strong></span> <span class='ocrx_word' id='word_1_132' title='bbox 1633 2002 1647 2027; x_wconf 92' lang='lat'><strong>,</strong></span> <span class='ocrx_word' id='word_1_133' title='bbox 1696 1961 1742 2014; x_wconf 88' lang='lat' dir='ltr'><strong>si</strong></span> <span class='ocrx_word' id='word_1_134' title='bbox 1787 1974 1879 2013; x_wconf 78' lang='lat' dir='ltr'><strong>vo-</strong></span> 
     </span>
    </p>
   </div>
   <div class='ocr_carea' id='block_1_19' title="bbox 293 2052 1871 2124">
    <p class='ocr_par' dir='ltr' id='par_1_19' title="bbox 293 2052 1871 2124">
     <span class='ocr_line' id='line_1_19' title="bbox 293 2052 1871 2124; baseline -0.004 -10"><span class='ocrx_word' id='word_1_135' title='bbox 293 2060 499 2124; x_wconf 77' lang='lat' dir='ltr'><strong>luisset,</strong></span> <span class='ocrx_word' id='word_1_136' title='bbox 537 2058 605 2112; x_wconf 90' lang='lat' dir='ltr'><strong>ab</strong></span> <span class='ocrx_word' id='word_1_137' title='bbox 632 2057 781 2111; x_wconf 91' lang='lat' dir='ltr'><strong>initio</strong></span> <span class='ocrx_word' id='word_1_138' title='bbox 813 2056 911 2111; x_wconf 88' lang='lat' dir='ltr'><strong>hoc</strong></span> <span class='ocrx_word' id='word_1_139' title='bbox 936 2055 1110 2119; x_wconf 86' lang='lat' dir='ltr'><strong>scire;</strong></span> <span class='ocrx_word' id='word_1_140' title='bbox 1153 2053 1250 2109; x_wconf 87' lang='lat' dir='ltr'><strong>sed</strong></span> <span class='ocrx_word' id='word_1_141' title='bbox 1291 2063 1343 2108; x_wconf 92' lang='grc' dir='ltr'><strong>ιιι</strong></span> <span class='ocrx_word' id='word_1_142' title='bbox 1390 2053 1591 2107; x_wconf 78' lang='lat' dir='ltr'><strong>audivit</strong></span> <span class='ocrx_word' id='word_1_143' title='bbox 1632 2053 1700 2107; x_wconf 89' lang='lat' dir='ltr'><strong>ab</strong></span> <span class='ocrx_word' id='word_1_144' title='bbox 1750 2052 1871 2118; x_wconf 91' lang='lat' dir='ltr'><strong>illo,</strong></span> 
     </span>
    </p>
   </div>
   <div class='ocr_carea' id='block_1_20' title="bbox 290 2143 1878 2218">
    <p class='ocr_par' dir='ltr' id='par_1_20' title="bbox 290 2143 1878 2218">
     <span class='ocr_line' id='line_1_20' title="bbox 290 2143 1878 2218; baseline -0.003 -16"><span class='ocrx_word' id='word_1_145' title='bbox 290 2148 434 2218; x_wconf 85' lang='lat' dir='ltr'><strong>quod</strong></span> <span class='ocrx_word' id='word_1_146' title='bbox 477 2147 594 2202; x_wconf 89' lang='lat' dir='ltr'><strong>ideo</strong></span> <span class='ocrx_word' id='word_1_147' title='bbox 622 2163 770 2202; x_wconf 89' lang='lat' dir='ltr'><strong>esum</strong></span> <span class='ocrx_word' id='word_1_148' title='bbox 799 2145 939 2201; x_wconf 86' lang='lat' dir='ltr'><strong>hunc</strong></span> <span class='ocrx_word' id='word_1_149' title='bbox 963 2146 1326 2215; x_wconf 82' lang='lat' dir='ltr'><strong>prohibuisset</strong></span> <span class='ocrx_word' id='word_1_150' title='bbox 1351 2144 1509 2209; x_wconf 89' lang='lat' dir='ltr'><strong>Deus,</strong></span> <span class='ocrx_word' id='word_1_151' title='bbox 1553 2144 1674 2212; x_wconf 82' lang='lat' dir='ltr'><strong>quia</strong></span> <span class='ocrx_word' id='word_1_152' title='bbox 1716 2143 1878 2198; x_wconf 85' lang='lat' dir='ltr'><strong>sciret</strong></span> 
     </span>
    </p>
   </div>
   <div class='ocr_carea' id='block_1_21' title="bbox 289 2233 1875 2307">
    <p class='ocr_par' dir='ltr' id='par_1_21' title="bbox 289 2233 1875 2307">
     <span class='ocr_line' id='line_1_21' title="bbox 289 2233 1875 2307; baseline -0.004 -13"><span class='ocrx_word' id='word_1_153' title='bbox 289 2238 476 2294; x_wconf 70' lang='lat' dir='ltr'><strong>oculos</strong></span> <span class='ocrx_word' id='word_1_154' title='bbox 514 2237 750 2307; x_wconf 85' lang='lat' dir='ltr'><strong>ipsorum</strong></span> <span class='ocrx_word' id='word_1_155' title='bbox 777 2237 1112 2306; x_wconf 79' lang='lat' dir='ltr'><strong>aperiendus.</strong></span> <span class='ocrx_word' id='word_1_156' title='bbox 1144 2249 1344 2304; x_wconf 87' lang='lat' dir='ltr'><strong>eosque</strong></span> <span class='ocrx_word' id='word_1_157' title='bbox 1382 2235 1520 2289; x_wconf 88' lang='lat' dir='ltr'><strong>sicut</strong></span> <span class='ocrx_word' id='word_1_158' title='bbox 1556 2233 1683 2288; x_wconf 86' lang='lat' dir='ltr'><strong>deos</strong></span> <span class='ocrx_word' id='word_1_159' title='bbox 1729 2233 1875 2302; x_wconf 61' lang='lat' dir='ltr'><strong>fere,</strong></span> 
     </span>
    </p>
   </div>
   <div class='ocr_carea' id='block_1_22' title="bbox 289 2324 1878 2396">
    <p class='ocr_par' dir='ltr' id='par_1_22' title="bbox 289 2324 1878 2396">
     <span class='ocr_line' id='line_1_22' title="bbox 289 2324 1878 2396; baseline -0.001 -14"><span class='ocrx_word' id='word_1_160' title='bbox 289 2329 524 2383; x_wconf 82' lang='lat' dir='ltr'><strong>scientes</strong></span> <span class='ocrx_word' id='word_1_161' title='bbox 562 2329 758 2382; x_wconf 83' lang='lat' dir='ltr'><strong>bonum</strong></span> <span class='ocrx_word' id='word_1_162' title='bbox 788 2337 842 2382; x_wconf 90' lang='lat' dir='ltr'><strong>et</strong></span> <span class='ocrx_word' id='word_1_163' title='bbox 869 2327 1065 2381; x_wconf 90' lang='lat' dir='ltr'><strong>malum</strong></span> <span class='ocrx_word' id='word_1_164' title='bbox 1099 2344 1112 2379; x_wconf 95' lang='lat'>:</span> <span class='ocrx_word' id='word_1_165' title='bbox 1145 2324 1421 2396; x_wconf 67' lang='lat' dir='ltr'><strong>aequandae</strong></span> <span class='ocrx_word' id='word_1_166' title='bbox 1445 2324 1741 2396; x_wconf 72' lang='lat' dir='ltr'><strong>divinitatis</strong></span> <span class='ocrx_word' id='word_1_167' title='bbox 1782 2339 1878 2394; x_wconf 87' lang='lat' dir='ltr'><strong>spe</strong></span> 
     </span>
    </p>
   </div>
   <div class='ocr_carea' id='block_1_23' title="bbox 287 2338 1877 2562">
    <p class='ocr_par' dir='ltr' id='par_1_23' title="bbox 287 2338 1877 2562">
     <span class='ocr_line' id='line_1_23' title="bbox 289 2338 1877 2396; baseline -0.001 -14"><span class='ocrx_word' id='word_1_168' title='bbox 289 2338 524 2383; x_wconf 87' lang='lat' dir='ltr'><strong>scientes</strong></span> <span class='ocrx_word' id='word_1_169' title='bbox 562 2338 758 2382; x_wconf 84' lang='lat' dir='ltr'><strong>bonum</strong></span> <span class='ocrx_word' id='word_1_170' title='bbox 788 2338 842 2382; x_wconf 89' lang='lat' dir='ltr'><strong>et</strong></span> <span class='ocrx_word' id='word_1_171' title='bbox 869 2338 1065 2381; x_wconf 84' lang='lat' dir='ltr'><strong>malum</strong></span> <span class='ocrx_word' id='word_1_172' title='bbox 1099 2344 1112 2379; x_wconf 95' lang='lat'>:</span> <span class='ocrx_word' id='word_1_173' title='bbox 1145 2338 1421 2396; x_wconf 75' lang='lat' dir='ltr'><strong>mquanure</strong></span> <span class='ocrx_word' id='word_1_174' title='bbox 1445 2338 1704 2378; x_wconf 83' lang='lat' dir='ltr'><strong>ummtau</strong></span> <span class='ocrx_word' id='word_1_175' title='bbox 1782 2339 1877 2394; x_wconf 89' lang='lat' dir='ltr'><strong>spe</strong></span> 
     </span>
     <span class='ocr_line' id='line_1_24' title="bbox 287 2338 1877 2562; baseline -0.001 -90"><span class='ocrx_word' id='word_1_176' title='bbox 287 2417 494 2485; x_wconf 89' lang='lat' dir='ltr'><strong>inflata,</strong></span> <span class='ocrx_word' id='word_1_177' title='bbox 543 2433 730 2488; x_wconf 87' lang='lat' dir='ltr'><strong>magna</strong></span> <span class='ocrx_word' id='word_1_178' title='bbox 780 2418 1023 2488; x_wconf 76' lang='lat' dir='ltr'><strong>qtnedam</strong></span> <span class='ocrx_word' id='word_1_179' title='bbox 1072 2432 1254 2473; x_wconf 86' lang='lat' dir='ltr'><strong>secum</strong></span> <span class='ocrx_word' id='word_1_180' title='bbox 1312 2338 1877 2562; x_wconf 42' lang='lat' dir='ltr'><strong>concipiebatfalcs</strong></span> 
     </span>
     <span class='ocr_line' id='line_1_25' title="bbox 287 2508 1877 2562; baseline 0 0"><span class='ocrx_word' id='word_1_181' title='bbox 287 2509 436 2562; x_wconf 89' lang='lat' dir='ltr'><strong>enim</strong></span> <span class='ocrx_word' id='word_1_182' title='bbox 483 2516 608 2562; x_wconf 88' lang='lat' dir='ltr'><strong>sunt</strong></span> <span class='ocrx_word' id='word_1_183' title='bbox 647 2508 1067 2562; x_wconf 83' lang='lat' dir='ltr'><strong>machinationes</strong></span> <span class='ocrx_word' id='word_1_184' title='bbox 1113 2508 1348 2562; x_wconf 87' lang='lat' dir='ltr'><strong>inimici.</strong></span> <span class='ocrx_word' id='word_1_185' title='bbox 1379 2516 1461 2561; x_wconf 50' lang='lat' dir='ltr'><strong>‘ut</strong></span> <span class='ocrx_word' id='word_1_186' title='bbox 1514 2523 1653 2562; x_wconf 88' lang='lat' dir='ltr'><strong>ouan</strong></span> <span class='ocrx_word' id='word_1_187' title='bbox 1785 2521 1877 2562; x_wconf 81' lang='lat' dir='ltr'><strong>per</strong></span> 
     </span>
    </p>
   </div>
   <div class='ocr_carea' id='block_1_24' title="bbox 286 2508 1879 2576">
    <p class='ocr_par' dir='ltr' id='par_1_24' title="bbox 286 2508 1879 2576">
     <span class='ocr_line' id='line_1_26' title="bbox 286 2508 1879 2576; baseline 0 -14"><span class='ocrx_word' id='word_1_188' title='bbox 286 2509 436 2562; x_wconf 89' lang='lat' dir='ltr'><strong>enim</strong></span> <span class='ocrx_word' id='word_1_189' title='bbox 483 2516 608 2563; x_wconf 88' lang='lat' dir='ltr'><strong>sunt</strong></span> <span class='ocrx_word' id='word_1_190' title='bbox 647 2508 1067 2563; x_wconf 85' lang='lat' dir='ltr'><strong>machinationes</strong></span> <span class='ocrx_word' id='word_1_191' title='bbox 1113 2508 1348 2573; x_wconf 87' lang='lat' dir='ltr'><strong>inimici,</strong></span> <span class='ocrx_word' id='word_1_192' title='bbox 1379 2516 1461 2561; x_wconf 50' lang='lat' dir='ltr'><strong>‘ut</strong></span> <span class='ocrx_word' id='word_1_193' title='bbox 1514 2508 1726 2576; x_wconf 78' lang='lat' dir='ltr'><strong>quando</strong></span> <span class='ocrx_word' id='word_1_194' title='bbox 1785 2521 1879 2576; x_wconf 87' lang='lat' dir='ltr'><strong>per</strong></span> 
     </span>
    </p>
   </div>
   <div class='ocr_carea' id='block_1_25' title="bbox 285 2596 1875 2667">
    <p class='ocr_par' dir='ltr' id='par_1_25' title="bbox 285 2596 1875 2667">
     <span class='ocr_line' id='line_1_27' title="bbox 285 2596 1875 2667; baseline 0.001 -16"><span class='ocrx_word' id='word_1_195' title='bbox 285 2599 660 2667; x_wconf 83' lang='lat' dir='ltr'><strong>deceptionem</strong></span> <span class='ocrx_word' id='word_1_196' title='bbox 709 2598 762 2653; x_wconf 90' lang='lat' dir='ltr'><strong>in</strong></span> <span class='ocrx_word' id='word_1_197' title='bbox 807 2597 1036 2653; x_wconf 85' lang='lat' dir='ltr'><strong>sublime</strong></span> <span class='ocrx_word' id='word_1_198' title='bbox 1082 2597 1428 2663; x_wconf 79' lang='lat' dir='ltr'><strong>subduxerit,</strong></span> <span class='ocrx_word' id='word_1_199' title='bbox 1462 2596 1772 2652; x_wconf 60' lang='lat' dir='ltr'><strong>tandem‘et</strong></span> <span class='ocrx_word' id='word_1_200' title='bbox 1825 2599 1875 2652; x_wconf 91' lang='lat' dir='ltr'><strong>in</strong></span> 
     </span>
    </p>
   </div>
   <div class='ocr_carea' id='block_1_26' title="bbox 287 2674 1875 2789">
    <p class='ocr_par' dir='ltr' id='par_1_26' title="bbox 287 2674 1875 2789">
     <span class='ocr_line' id='line_1_28' title="bbox 287 2674 1875 2789; baseline 0 -47"><span class='ocrx_word' id='word_1_201' title='bbox 287 2686 612 2757; x_wconf 80' lang='lat' dir='ltr'><strong>profundum</strong></span> <span class='ocrx_word' id='word_1_202' title='bbox 639 2703 735 2756; x_wconf 91' lang='lat' dir='ltr'><strong>per</strong></span> <span class='ocrx_word' id='word_1_203' title='bbox 765 2701 1004 2757; x_wconf 65' lang='lat' dir='ltr'><strong>praeceps</strong></span> <span class='ocrx_word' id='word_1_204' title='bbox 1032 2674 1477 2789; x_wconf 62' lang='lat' dir='ltr'><strong>dejiciat\-lgitur</strong></span> <span class='ocrx_word' id='word_1_205' title='bbox 1520 2695 1582 2741; x_wconf 86' lang='lat' dir='ltr'><strong>ut</strong></span> <span class='ocrx_word' id='word_1_206' title='bbox 1616 2688 1875 2757; x_wconf 75' lang='lat' dir='ltr'><strong>:cqualcm</strong></span> 
     </span>
    </p>
   </div>
   <div class='ocr_carea' id='block_1_27' title="bbox 284 2776 1876 2849">
    <p class='ocr_par' dir='ltr' id='par_1_27' title="bbox 284 2776 1876 2849">
     <span class='ocr_line' id='line_1_29' title="bbox 284 2776 1876 2849; baseline 0.002 -19"><span class='ocrx_word' id='word_1_207' title='bbox 284 2792 352 2832; x_wconf 82' lang='lat' dir='ltr'><strong>se</strong></span> <span class='ocrx_word' id='word_1_208' title='bbox 379 2776 491 2832; x_wconf 86' lang='lat' dir='ltr'><strong>fore</strong></span> <span class='ocrx_word' id='word_1_209' title='bbox 537 2778 646 2833; x_wconf 83' lang='lat' dir='ltr'><strong>Deo</strong></span> <span class='ocrx_word' id='word_1_210' title='bbox 685 2777 967 2847; x_wconf 72' lang='lat' dir='ltr'><strong>imaginata</strong></span> <span class='ocrx_word' id='word_1_211' title='bbox 1015 2786 1118 2840; x_wconf 77' lang='lat' dir='ltr'><strong>cst.</strong></span> <span class='ocrx_word' id='word_1_212' title='bbox 1164 2778 1231 2832; x_wconf 88' lang='lat' dir='ltr'><strong>ad</strong></span> <span class='ocrx_word' id='word_1_213' title='bbox 1258 2776 1406 2833; x_wconf 89' lang='lat' dir='ltr'><strong>c&#39;sum</strong></span> <span class='ocrx_word' id='word_1_214' title='bbox 1451 2779 1778 2849; x_wconf 78' lang='lat' dir='ltr'><strong>properavit,</strong></span> <span class='ocrx_word' id='word_1_215' title='bbox 1822 2787 1876 2833; x_wconf 91' lang='lat' dir='ltr'><strong>et</strong></span> 
     </span>
    </p>
   </div>
   <div class='ocr_carea' id='block_1_28' title="bbox 285 2869 1876 2939">
    <p class='ocr_par' dir='ltr' id='par_1_28' title="bbox 285 2869 1876 2939">
     <span class='ocr_line' id='line_1_30' title="bbox 285 2869 1876 2939; baseline 0.003 -17"><span class='ocrx_word' id='word_1_216' title='bbox 285 2869 417 2922; x_wconf 89' lang='lat' dir='ltr'><strong>illuc</strong></span> <span class='ocrx_word' id='word_1_217' title='bbox 463 2880 644 2938; x_wconf 87' lang='lat' dir='ltr'><strong>postea</strong></span> <span class='ocrx_word' id='word_1_218' title='bbox 686 2869 805 2923; x_wconf 79' lang='lat' dir='ltr'><strong>fixit</strong></span> <span class='ocrx_word' id='word_1_219' title='bbox 849 2877 904 2925; x_wconf 91' lang='lat' dir='ltr'><strong>et</strong></span> <span class='ocrx_word' id='word_1_220' title='bbox 944 2871 1323 2939; x_wconf 76' lang='lat' dir='ltr'><strong>cogitationem</strong></span> <span class='ocrx_word' id='word_1_221' title='bbox 1365 2879 1420 2925; x_wconf 91' lang='lat' dir='ltr'><strong>et</strong></span> <span class='ocrx_word' id='word_1_222' title='bbox 1459 2879 1691 2926; x_wconf 91' lang='lat' dir='ltr'><strong>mentem</strong></span> <span class='ocrx_word' id='word_1_223' title='bbox 1752 2888 1765 2925; x_wconf 91' lang='lat'><strong>:</strong></span> <span class='ocrx_word' id='word_1_224' title='bbox 1820 2879 1876 2930; x_wconf 82' lang='lat' dir='ltr'><strong>et</strong></span> 
     </span>
    </p>
   </div>
   <div class='ocr_carea' id='block_1_29' title="bbox 285 2959 1874 3030">
    <p class='ocr_par' dir='ltr' id='par_1_29' title="bbox 285 2959 1874 3030">
     <span class='ocr_line' id='line_1_31' title="bbox 285 2959 1874 3030; baseline 0.002 -16"><span class='ocrx_word' id='word_1_225' title='bbox 285 2959 420 3014; x_wconf 81' lang='lat' dir='ltr'><strong>nihil</strong></span> <span class='ocrx_word' id='word_1_226' title='bbox 467 2960 608 3015; x_wconf 88' lang='lat' dir='ltr'><strong>aliud</strong></span> <span class='ocrx_word' id='word_1_227' title='bbox 648 2961 1018 3016; x_wconf 89' lang='lat' dir='ltr'><strong>considerabat</strong></span> <span class='ocrx_word' id='word_1_228' title='bbox 1072 2978 1231 3030; x_wconf 90' lang='lat' dir='ltr'><strong>quam</strong></span> <span class='ocrx_word' id='word_1_229' title='bbox 1285 2973 1340 3016; x_wconf 93' lang='lat' dir='ltr'><strong>ut</strong></span> <span class='ocrx_word' id='word_1_230' title='bbox 1383 2963 1602 3017; x_wconf 89' lang='lat' dir='ltr'><strong>calicem</strong></span> <span class='ocrx_word' id='word_1_231' title='bbox 1645 2979 1675 3017; x_wconf 89' lang='lat' dir='ltr'><strong>a</strong></span> <span class='ocrx_word' id='word_1_232' title='bbox 1717 2963 1874 3017; x_wconf 82' lang='lat' dir='ltr'><strong>mali-</strong></span> 
     </span>
    </p>
   </div>
   <div class='ocr_carea' id='block_1_30' title="bbox 283 3051 1871 3122">
    <p class='ocr_par' dir='ltr' id='par_1_30' title="bbox 283 3051 1871 3122">
     <span class='ocr_line' id='line_1_32' title="bbox 283 3051 1871 3122; baseline 0.003 -18"><span class='ocrx_word' id='word_1_233' title='bbox 283 3067 396 3120; x_wconf 80' lang='lat' dir='ltr'><strong>gno</strong></span> <span class='ocrx_word' id='word_1_234' title='bbox 418 3051 658 3106; x_wconf 67' lang='lat' dir='ltr'><strong>dmmone</strong></span> <span class='ocrx_word' id='word_1_235' title='bbox 687 3059 1036 3120; x_wconf 85' lang='lat' dir='ltr'><strong>temperatum</strong></span> <span class='ocrx_word' id='word_1_236' title='bbox 1077 3060 1335 3122; x_wconf 87' lang='lat' dir='ltr'><strong>cpotaret.</strong></span> <span class='ocrx_word' id='word_1_237' title='bbox 1364 3051 1493 3106; x_wconf 83' lang='lat' dir='ltr'><strong>Nam</strong></span> <span class='ocrx_word' id='word_1_238' title='bbox 1536 3052 1677 3122; x_wconf 88' lang='lat' dir='ltr'><strong>quod</strong></span> <span class='ocrx_word' id='word_1_239' title='bbox 1719 3067 1871 3108; x_wconf 81' lang='lat' dir='ltr'><strong>acce-</strong></span> 
     </span>
    </p>
   </div>
   <div class='ocr_carea' id='block_1_31' title="bbox 285 3142 1874 3214">
    <p class='ocr_par' dir='ltr' id='par_1_31' title="bbox 285 3142 1874 3214">
     <span class='ocr_line' id='line_1_33' title="bbox 285 3142 1874 3214; baseline 0.005 -21"><span class='ocrx_word' id='word_1_240' title='bbox 285 3153 382 3211; x_wconf 80' lang='lat' dir='ltr'><strong>pto</strong></span> <span class='ocrx_word' id='word_1_241' title='bbox 418 3143 719 3213; x_wconf 87' lang='lat' dir='ltr'><strong>pernicioso</strong></span> <span class='ocrx_word' id='word_1_242' title='bbox 756 3144 848 3198; x_wconf 92' lang='lat' dir='ltr'><strong>illo</strong></span> <span class='ocrx_word' id='word_1_243' title='bbox 893 3145 1192 3214; x_wconf 87' lang='lat' dir='ltr'><strong>scrpentini</strong></span> <span class='ocrx_word' id='word_1_244' title='bbox 1237 3145 1444 3200; x_wconf 85' lang='lat' dir='ltr'><strong>consilii</strong></span> <span class='ocrx_word' id='word_1_245' title='bbox 1489 3160 1712 3211; x_wconf 83' lang='lat' dir='ltr'><strong>veneno,</strong></span> <span class='ocrx_word' id='word_1_246' title='bbox 1769 3142 1874 3201; x_wconf 88' lang='lat' dir='ltr'><strong>tale</strong></span> 
     </span>
    </p>
   </div>
   <div class='ocr_carea' id='block_1_32' title="bbox 285 3233 1870 3305">
    <p class='ocr_par' dir='ltr' id='par_1_32' title="bbox 285 3233 1870 3305">
     <span class='ocr_line' id='line_1_34' title="bbox 285 3233 1870 3305; baseline 0.001 -17"><span class='ocrx_word' id='word_1_247' title='bbox 285 3235 322 3300; x_wconf 64' lang='lat' dir='ltr'><strong>ii</strong></span> <span class='ocrx_word' id='word_1_248' title='bbox 344 3234 388 3286; x_wconf 92' lang='lat' dir='ltr'><strong>si</strong></span> <span class='ocrx_word' id='word_1_249' title='bbox 418 3233 649 3288; x_wconf 89' lang='lat' dir='ltr'><strong>studimn</strong></span> <span class='ocrx_word' id='word_1_250' title='bbox 680 3233 859 3300; x_wconf 87' lang='lat' dir='ltr'><strong>fuerit,</strong></span> <span class='ocrx_word' id='word_1_251' title='bbox 922 3234 1044 3290; x_wconf 89' lang='lat' dir='ltr'><strong>audi</strong></span> <span class='ocrx_word' id='word_1_252' title='bbox 1083 3234 1412 3305; x_wconf 87' lang='lat' dir='ltr'><strong>Scripturam</strong></span> <span class='ocrx_word' id='word_1_253' title='bbox 1462 3235 1770 3290; x_wconf 88' lang='lat' dir='ltr'><strong>dicentem:</strong></span> <span class='ocrx_word' id='word_1_254' title='bbox 1815 3236 1870 3291; x_wconf 87' lang='lat'><strong>6.</strong></span> 
     </span>
    </p>
   </div>
   <div class='ocr_carea' id='block_1_33' title="bbox 288 3323 1870 3398">
    <p class='ocr_par' dir='ltr' id='par_1_33' title="bbox 288 3323 1870 3398">
     <span class='ocr_line' id='line_1_35' title="bbox 288 3323 1870 3398; baseline 0.001 -23"><span class='ocrx_word' id='word_1_255' title='bbox 288 3323 356 3375; x_wconf 71' lang='lat' dir='ltr'><strong>Et</strong></span> <span class='ocrx_word' id='word_1_256' title='bbox 382 3323 502 3376; x_wconf 85' lang='lat' dir='ltr'><strong>vidit</strong></span> <span class='ocrx_word' id='word_1_257' title='bbox 527 3324 706 3378; x_wconf 87' lang='lat' dir='ltr'><strong>mulier</strong></span> <span class='ocrx_word' id='word_1_258' title='bbox 727 3326 862 3394; x_wconf 81' lang='lat' dir='ltr'><strong>quod</strong></span> <span class='ocrx_word' id='word_1_259' title='bbox 881 3324 1067 3378; x_wconf 84' lang='lat' dir='ltr'><strong>bonum</strong></span> <span class='ocrx_word' id='word_1_260' title='bbox 1091 3334 1216 3378; x_wconf 80' lang='lat' dir='ltr'><strong>esset</strong></span> <span class='ocrx_word' id='word_1_261' title='bbox 1227 3326 1429 3398; x_wconf 66' lang='lat' dir='ltr'><strong>lignum</strong></span> <span class='ocrx_word' id='word_1_262' title='bbox 1459 3324 1527 3378; x_wconf 86' lang='lat' dir='ltr'><strong>ad</strong></span> <span class='ocrx_word' id='word_1_263' title='bbox 1554 3325 1870 3391; x_wconf 80' lang='lat' dir='ltr'><strong>vescendum,</strong></span> 
     </span>
    </p>
   </div>
   <div class='ocr_carea' id='block_1_34' title="bbox 283 3399 1896 3604">
    <p class='ocr_par' dir='ltr' id='par_1_34' title="bbox 283 3399 1896 3604">
     <span class='ocr_line' id='line_1_36' title="bbox 283 3399 1896 3604; baseline 0.002 -140"><span class='ocrx_word' id='word_1_264' title='bbox 283 3423 334 3464; x_wconf 80' lang='lat' dir='ltr'><strong>ct</strong></span> <span class='ocrx_word' id='word_1_265' title='bbox 361 3422 559 3481; x_wconf 81' lang='lat' dir='ltr'><strong>gratum</strong></span> <span class='ocrx_word' id='word_1_266' title='bbox 586 3411 746 3465; x_wconf 77' lang='lat' dir='ltr'><strong>oculis</strong></span> <span class='ocrx_word' id='word_1_267' title='bbox 772 3412 841 3464; x_wconf 85' lang='lat' dir='ltr'><strong>ad</strong></span> <span class='ocrx_word' id='word_1_268' title='bbox 859 3413 1145 3479; x_wconf 76' lang='lat' dir='ltr'><strong>videndum,</strong></span> <span class='ocrx_word' id='word_1_269' title='bbox 1170 3399 1543 3604; x_wconf 40' lang='lat' dir='ltr'><strong>{cinctumque</strong></span> <span class='ocrx_word' id='word_1_270' title='bbox 1565 3413 1632 3466; x_wconf 84' lang='lat' dir='ltr'><strong>ad</strong></span> <span class='ocrx_word' id='word_1_271' title='bbox 1653 3413 1896 3468; x_wconf 63' lang='lat' dir='ltr'><strong>contemp‘</strong></span> 
     </span>
     <span class='ocr_line' id='line_1_37' title="bbox 285 3502 1872 3574; baseline 0.005 -18"><span class='ocrx_word' id='word_1_272' title='bbox 285 3502 533 3572; x_wconf 69' lang='lat' dir='ltr'><strong>piandum</strong></span> <span class='ocrx_word' id='word_1_273' title='bbox 562 3519 580 3557; x_wconf 91' lang='lat'><strong><em>:</em></strong></span> <span class='ocrx_word' id='word_1_274' title='bbox 606 3514 651 3556; x_wconf 88' lang='lat' dir='ltr'><strong>et</strong></span> <span class='ocrx_word' id='word_1_275' title='bbox 677 3505 866 3572; x_wconf 77' lang='lat' dir='ltr'><strong>accepit</strong></span> <span class='ocrx_word' id='word_1_276' title='bbox 893 3506 956 3558; x_wconf 86' lang='lat' dir='ltr'><strong>de</strong></span> <span class='ocrx_word' id='word_1_277' title='bbox 982 3509 1150 3574; x_wconf 81' lang='lat' dir='ltr'><strong>[ructu</strong></span> <span class='ocrx_word' id='word_1_278' title='bbox 1198 3507 1256 3560; x_wconf 89' lang='lat' dir='ltr'><strong>ill</strong></span> <span class='ocrx_word' id='word_1_279' title='bbox 1314 3523 1337 3560; x_wconf 74' lang='grc' dir='ltr'><strong><em>ε</em></strong></span> <span class='ocrx_word' id='word_1_280' title='bbox 1377 3516 1422 3558; x_wconf 89' lang='lat' dir='ltr'><strong>et</strong></span> <span class='ocrx_word' id='word_1_281' title='bbox 1472 3507 1705 3560; x_wconf 82' lang='lat' dir='ltr'><strong>comedit.</strong></span> <span class='ocrx_word' id='word_1_282' title='bbox 1731 3505 1872 3564; x_wconf 80' lang='lat' dir='ltr'><strong>Vere</strong></span> 
     </span>
    </p>
   </div>
   <div class='ocr_carea' id='block_1_35' title="bbox 285 3502 1872 3574">
    <p class='ocr_par' dir='ltr' id='par_1_35' title="bbox 285 3502 1872 3574">
     <span class='ocr_line' id='line_1_38' title="bbox 285 3502 1872 3574; baseline 0.005 -18"><span class='ocrx_word' id='word_1_283' title='bbox 285 3502 533 3572; x_wconf 69' lang='lat' dir='ltr'><strong>piandum</strong></span> <span class='ocrx_word' id='word_1_284' title='bbox 562 3519 580 3557; x_wconf 91' lang='lat'><strong><em>:</em></strong></span> <span class='ocrx_word' id='word_1_285' title='bbox 606 3514 651 3556; x_wconf 88' lang='lat' dir='ltr'><strong>et</strong></span> <span class='ocrx_word' id='word_1_286' title='bbox 677 3505 866 3572; x_wconf 77' lang='lat' dir='ltr'><strong>accepit</strong></span> <span class='ocrx_word' id='word_1_287' title='bbox 893 3506 956 3558; x_wconf 86' lang='lat' dir='ltr'><strong>de</strong></span> <span class='ocrx_word' id='word_1_288' title='bbox 982 3509 1150 3574; x_wconf 81' lang='lat' dir='ltr'><strong>[ructu</strong></span> <span class='ocrx_word' id='word_1_289' title='bbox 1198 3502 1337 3574; x_wconf 70' lang='lat' dir='ltr'><strong>illius</strong></span> <span class='ocrx_word' id='word_1_290' title='bbox 1377 3516 1422 3558; x_wconf 89' lang='lat' dir='ltr'><strong>et</strong></span> <span class='ocrx_word' id='word_1_291' title='bbox 1472 3507 1705 3560; x_wconf 82' lang='lat' dir='ltr'><strong>comedit.</strong></span> <span class='ocrx_word' id='word_1_292' title='bbox 1731 3505 1872 3564; x_wconf 80' lang='lat' dir='ltr'><strong>Vere</strong></span> 
     </span>
    </p>
   </div>
   <div class='ocr_carea' id='block_1_36' title="bbox 284 3591 1869 3666">
    <p class='ocr_par' dir='ltr' id='par_1_36' title="bbox 284 3591 1869 3666">
     <span class='ocr_line' id='line_1_39' title="bbox 284 3591 1869 3666; baseline 0.004 -20"><span class='ocrx_word' id='word_1_293' title='bbox 284 3591 626 3663; x_wconf 79' lang='lat' dir='ltr'><strong>Corrumpunt</strong></span> <span class='ocrx_word' id='word_1_294' title='bbox 659 3593 815 3647; x_wconf 77' lang='lat' dir='ltr'><strong>bonos</strong></span> <span class='ocrx_word' id='word_1_295' title='bbox 844 3610 1005 3648; x_wconf 82' lang='lat' dir='ltr'><strong>mores</strong></span> <span class='ocrx_word' id='word_1_296' title='bbox 1046 3591 1299 3665; x_wconf 68' lang='lat' dir='ltr'><strong>colloquio</strong></span> <span class='ocrx_word' id='word_1_297' title='bbox 1337 3611 1491 3664; x_wconf 82' lang='lat' dir='ltr'><strong>prava</strong></span> <span class='ocrx_word' id='word_1_298' title='bbox 1523 3597 1598 3666; x_wconf 88' lang='lat' dir='ltr'><strong>(l.</strong></span> <span class='ocrx_word' id='word_1_299' title='bbox 1629 3595 1749 3651; x_wconf 88' lang='lat' dir='ltr'><strong>Cor.</strong></span> <span class='ocrx_word' id='word_1_300' title='bbox 1782 3599 1869 3652; x_wconf 82' lang='grc'><strong>15.</strong></span> 
     </span>
    </p>
   </div>
   <div class='ocr_carea' id='block_1_37' title="bbox 285 3683 1868 3754">
    <p class='ocr_par' dir='ltr' id='par_1_37' title="bbox 285 3683 1868 3754">
     <span class='ocr_line' id='line_1_40' title="bbox 285 3683 1868 3754; baseline 0.004 -16"><span class='ocrx_word' id='word_1_301' title='bbox 285 3683 404 3754; x_wconf 83' lang='grc'><strong>⁸55).</strong></span> <span class='ocrx_word' id='word_1_302' title='bbox 444 3684 620 3751; x_wconf 85' lang='lat' dir='ltr'><strong>Quare</strong></span> <span class='ocrx_word' id='word_1_303' title='bbox 647 3685 788 3739; x_wconf 92' lang='lat' dir='ltr'><strong>enim</strong></span> <span class='ocrx_word' id='word_1_304' title='bbox 826 3700 930 3740; x_wconf 91' lang='lat' dir='ltr'><strong>non</strong></span> <span class='ocrx_word' id='word_1_305' title='bbox 960 3695 1083 3741; x_wconf 89' lang='lat' dir='ltr'><strong>ante</strong></span> <span class='ocrx_word' id='word_1_306' title='bbox 1111 3687 1435 3741; x_wconf 90' lang='lat' dir='ltr'><strong>diabolicnm</strong></span> <span class='ocrx_word' id='word_1_307' title='bbox 1483 3688 1766 3744; x_wconf 89' lang='lat' dir='ltr'><strong>consilium</strong></span> <span class='ocrx_word' id='word_1_308' title='bbox 1795 3689 1868 3744; x_wconf 93' lang='lat' dir='ltr'><strong>illi</strong></span> 
     </span>
    </p>
   </div>
   <div class='ocr_carea' id='block_1_38' title="bbox 283 3774 1872 3848">
    <p class='ocr_par' dir='ltr' id='par_1_38' title="bbox 283 3774 1872 3848">
     <span class='ocr_line' id='line_1_41' title="bbox 283 3774 1872 3848; baseline 0.003 -19"><span class='ocrx_word' id='word_1_309' title='bbox 283 3775 395 3830; x_wconf 82' lang='lat' dir='ltr'><strong>tale</strong></span> <span class='ocrx_word' id='word_1_310' title='bbox 437 3774 564 3846; x_wconf 90' lang='lat' dir='ltr'><strong>quid</strong></span> <span class='ocrx_word' id='word_1_311' title='bbox 615 3776 667 3830; x_wconf 91' lang='lat' dir='ltr'><strong>in</strong></span> <span class='ocrx_word' id='word_1_312' title='bbox 717 3787 949 3832; x_wconf 84' lang='lat' dir='ltr'><strong>mentem</strong></span> <span class='ocrx_word' id='word_1_313' title='bbox 992 3779 1156 3844; x_wconf 85' lang='lat' dir='ltr'><strong>venit,</strong></span> <span class='ocrx_word' id='word_1_314' title='bbox 1207 3793 1307 3833; x_wconf 88' lang='lat' dir='ltr'><strong>nec</strong></span> <span class='ocrx_word' id='word_1_315' title='bbox 1334 3779 1534 3848; x_wconf 81' lang='lat' dir='ltr'><strong>lignum</strong></span> <span class='ocrx_word' id='word_1_316' title='bbox 1566 3779 1666 3835; x_wconf 90' lang='lat' dir='ltr'><strong>hoc</strong></span> <span class='ocrx_word' id='word_1_317' title='bbox 1696 3781 1872 3836; x_wconf 85' lang='lat' dir='ltr'><strong>consi-</strong></span> 
     </span>
    </p>
   </div>
   <div class='ocr_carea' id='block_1_39' title="bbox 283 3864 1872 3940">
    <p class='ocr_par' dir='ltr' id='par_1_39' title="bbox 283 3864 1872 3940">
     <span class='ocr_line' id='line_1_42' title="bbox 283 3864 1872 3940; baseline 0.004 -18"><span class='ocrx_word' id='word_1_318' title='bbox 283 3864 510 3934; x_wconf 76' lang='lat' dir='ltr'><strong>deravit,</strong></span> <span class='ocrx_word' id='word_1_319' title='bbox 539 3881 639 3922; x_wconf 89' lang='lat' dir='ltr'><strong>nec</strong></span> <span class='ocrx_word' id='word_1_320' title='bbox 666 3868 781 3938; x_wconf 83' lang='lat' dir='ltr'><strong>ejus</strong></span> <span class='ocrx_word' id='word_1_321' title='bbox 807 3868 1250 3939; x_wconf 87' lang='lat' dir='ltr'><strong>pulchritudinem</strong></span> <span class='ocrx_word' id='word_1_322' title='bbox 1284 3871 1455 3926; x_wconf 83' lang='lat' dir='ltr'><strong>vidit?</strong></span> <span class='ocrx_word' id='word_1_323' title='bbox 1491 3872 1621 3940; x_wconf 81' lang='lat' dir='ltr'><strong>Quia</strong></span> <span class='ocrx_word' id='word_1_324' title='bbox 1655 3872 1872 3929; x_wconf 85' lang='lat' dir='ltr'><strong>timebat</strong></span> 
     </span>
    </p>
   </div>
   <div class='ocr_carea' id='block_1_40' title="bbox 286 3956 1868 4036">
    <p class='ocr_par' dir='ltr' id='par_1_40' title="bbox 286 3956 1868 4036">
     <span class='ocr_line' id='line_1_43' title="bbox 286 3956 1868 4036; baseline 0.005 -26"><span class='ocrx_word' id='word_1_325' title='bbox 286 3956 592 4012; x_wconf 81' lang='lat' dir='ltr'><strong>mandatum</strong></span> <span class='ocrx_word' id='word_1_326' title='bbox 637 3959 770 4025; x_wconf 85' lang='lat' dir='ltr'><strong>Dei,</strong></span> <span class='ocrx_word' id='word_1_327' title='bbox 821 3970 875 4014; x_wconf 92' lang='lat' dir='ltr'><strong>et</strong></span> <span class='ocrx_word' id='word_1_328' title='bbox 920 3960 1369 4031; x_wconf 90' lang='lat' dir='ltr'><strong>subsequuturum</strong></span> <span class='ocrx_word' id='word_1_329' title='bbox 1413 3977 1478 4018; x_wconf 78' lang='lat' dir='ltr'><strong>ex</strong></span> <span class='ocrx_word' id='word_1_330' title='bbox 1525 3979 1619 4019; x_wconf 91' lang='lat' dir='ltr'><strong>esu</strong></span> <span class='ocrx_word' id='word_1_331' title='bbox 1665 3967 1868 4036; x_wconf 87' lang='lat' dir='ltr'><strong>suppli-</strong></span> 
     </span>
    </p>
   </div>
   <div class='ocr_carea' id='block_1_41' title="bbox 284 4048 1870 4122">
    <p class='ocr_par' dir='ltr' id='par_1_41' title="bbox 284 4048 1870 4122">
     <span class='ocr_line' id='line_1_44' title="bbox 284 4048 1870 4122; baseline 0.006 -20"><span class='ocrx_word' id='word_1_332' title='bbox 284 4048 426 4104; x_wconf 83' lang='lat' dir='ltr'><strong>cium</strong></span> <span class='ocrx_word' id='word_1_333' title='bbox 449 4064 466 4104; x_wconf 86' lang='lat'><strong>:</strong></span> <span class='ocrx_word' id='word_1_334' title='bbox 487 4063 624 4104; x_wconf 91' lang='lat' dir='ltr'><strong>nunc</strong></span> <span class='ocrx_word' id='word_1_335' title='bbox 651 4059 826 4105; x_wconf 88' lang='lat' dir='ltr'><strong>autem</strong></span> <span class='ocrx_word' id='word_1_336' title='bbox 857 4060 1132 4122; x_wconf 88' lang='lat' dir='ltr'><strong>postquam</strong></span> <span class='ocrx_word' id='word_1_337' title='bbox 1162 4067 1192 4106; x_wconf 93' lang='lat' dir='ltr'><strong>a</strong></span> <span class='ocrx_word' id='word_1_338' title='bbox 1223 4053 1358 4106; x_wconf 88' lang='lat' dir='ltr'><strong>mala</strong></span> <span class='ocrx_word' id='word_1_339' title='bbox 1392 4053 1489 4108; x_wconf 93' lang='lat' dir='ltr'><strong>hac</strong></span> <span class='ocrx_word' id='word_1_340' title='bbox 1519 4055 1685 4110; x_wconf 87' lang='lat' dir='ltr'><strong>bestia</strong></span> <span class='ocrx_word' id='word_1_341' title='bbox 1712 4055 1870 4110; x_wconf 89' lang='lat' dir='ltr'><strong>dece-</strong></span> 
     </span>
    </p>
   </div>
   <div class='ocr_carea' id='block_1_42' title="bbox 287 4141 1871 4208">
    <p class='ocr_par' dir='ltr' id='par_1_42' title="bbox 287 4141 1871 4208">
     <span class='ocr_line' id='line_1_45' title="bbox 287 4141 1871 4208; baseline 0.008 -19"><span class='ocrx_word' id='word_1_342' title='bbox 287 4148 377 4208; x_wconf 81' lang='lat' dir='ltr'><strong>pta</strong></span> <span class='ocrx_word' id='word_1_343' title='bbox 410 4149 511 4205; x_wconf 89' lang='lat' dir='ltr'><strong>est,</strong></span> <span class='ocrx_word' id='word_1_344' title='bbox 557 4141 627 4194; x_wconf 91' lang='lat' dir='ltr'><strong>ita</strong></span> <span class='ocrx_word' id='word_1_345' title='bbox 655 4150 709 4195; x_wconf 91' lang='lat' dir='ltr'><strong>ut</strong></span> <span class='ocrx_word' id='word_1_346' title='bbox 736 4141 982 4196; x_wconf 84' lang='lat' dir='ltr'><strong>crederet</strong></span> <span class='ocrx_word' id='word_1_347' title='bbox 1023 4157 1128 4196; x_wconf 93' lang='lat' dir='ltr'><strong>non</strong></span> <span class='ocrx_word' id='word_1_348' title='bbox 1179 4144 1352 4197; x_wconf 86' lang='lat' dir='ltr'><strong>solum</strong></span> <span class='ocrx_word' id='word_1_349' title='bbox 1383 4144 1512 4199; x_wconf 92' lang='lat' dir='ltr'><strong>nihil</strong></span> <span class='ocrx_word' id='word_1_350' title='bbox 1539 4145 1720 4200; x_wconf 88' lang='lat' dir='ltr'><strong>damni</strong></span> <span class='ocrx_word' id='word_1_351' title='bbox 1748 4146 1871 4202; x_wconf 90' lang='lat' dir='ltr'><strong>hinc</strong></span> 
     </span>
    </p>
   </div>
   <div class='ocr_carea' id='block_1_43' title="bbox 287 4230 1866 4302">
    <p class='ocr_par' dir='ltr' id='par_1_43' title="bbox 287 4230 1866 4302">
     <span class='ocr_line' id='line_1_46' title="bbox 287 4230 1866 4302; baseline 0.005 -19"><span class='ocrx_word' id='word_1_352' title='bbox 287 4244 557 4299; x_wconf 84' lang='lat' dir='ltr'><strong>passuros,</strong></span> <span class='ocrx_word' id='word_1_353' title='bbox 582 4230 676 4285; x_wconf 89' lang='lat' dir='ltr'><strong>sed</strong></span> <span class='ocrx_word' id='word_1_354' title='bbox 702 4240 755 4285; x_wconf 90' lang='lat' dir='ltr'><strong>ct</strong></span> <span class='ocrx_word' id='word_1_355' title='bbox 783 4231 892 4286; x_wconf 87' lang='lat' dir='ltr'><strong>Deo</strong></span> <span class='ocrx_word' id='word_1_356' title='bbox 920 4232 1152 4300; x_wconf 73' lang='lat' dir='ltr'><strong>mquales</strong></span> <span class='ocrx_word' id='word_1_357' title='bbox 1181 4248 1300 4289; x_wconf 85' lang='lat' dir='ltr'><strong>esse</strong></span> <span class='ocrx_word' id='word_1_358' title='bbox 1326 4233 1550 4302; x_wconf 88' lang='lat' dir='ltr'><strong>futuros,</strong></span> <span class='ocrx_word' id='word_1_359' title='bbox 1571 4245 1697 4291; x_wconf 91' lang='lat' dir='ltr'><strong>tunc</strong></span> <span class='ocrx_word' id='word_1_360' title='bbox 1723 4236 1866 4292; x_wconf 84' lang='lat' dir='ltr'><strong>illam</strong></span> 
     </span>
    </p>
   </div>
   <div class='ocr_carea' id='block_1_44' title="bbox 286 4320 1867 4396">
    <p class='ocr_par' dir='ltr' id='par_1_44' title="bbox 286 4320 1867 4396">
     <span class='ocr_line' id='line_1_47' title="bbox 286 4320 1867 4396; baseline 0.006 -22"><span class='ocrx_word' id='word_1_361' title='bbox 286 4334 409 4388; x_wconf 87' lang='lat' dir='ltr'><strong>spes</strong></span> <span class='ocrx_word' id='word_1_362' title='bbox 429 4320 796 4389; x_wconf 77' lang='lat' dir='ltr'><strong>promissionis</strong></span> <span class='ocrx_word' id='word_1_363' title='bbox 824 4321 888 4375; x_wconf 91' lang='lat' dir='ltr'><strong>ad</strong></span> <span class='ocrx_word' id='word_1_364' title='bbox 916 4323 1234 4379; x_wconf 88' lang='lat' dir='ltr'><strong>sumendum</strong></span> <span class='ocrx_word' id='word_1_365' title='bbox 1255 4326 1429 4380; x_wconf 89' lang='lat' dir='ltr'><strong>cibum</strong></span> <span class='ocrx_word' id='word_1_366' title='bbox 1457 4325 1665 4396; x_wconf 90' lang='lat' dir='ltr'><strong>impulit</strong></span> <span class='ocrx_word' id='word_1_367' title='bbox 1710 4345 1723 4382; x_wconf 92' lang='lat'>:</span> <span class='ocrx_word' id='word_1_368' title='bbox 1771 4343 1867 4383; x_wconf 66' lang='lat' dir='ltr'><strong>ne-</strong></span> 
     </span>
    </p>
   </div>
   <div class='ocr_carea' id='block_1_45' title="bbox 284 4410 1866 4480">
    <p class='ocr_par' dir='ltr' id='par_1_45' title="bbox 284 4410 1866 4480">
     <span class='ocr_line' id='line_1_48' title="bbox 284 4410 1866 4480; baseline 0.006 -18"><span class='ocrx_word' id='word_1_369' title='bbox 284 4423 390 4480; x_wconf 80' lang='lat' dir='ltr'><strong>que</strong></span> <span class='ocrx_word' id='word_1_370' title='bbox 418 4413 553 4464; x_wconf 86' lang='lat' dir='ltr'><strong>intra</strong></span> <span class='ocrx_word' id='word_1_371' title='bbox 577 4424 703 4465; x_wconf 85' lang='lat' dir='ltr'><strong>suos</strong></span> <span class='ocrx_word' id='word_1_372' title='bbox 723 4410 919 4466; x_wconf 91' lang='lat' dir='ltr'><strong>limites</strong></span> <span class='ocrx_word' id='word_1_373' title='bbox 959 4423 1232 4477; x_wconf 88' lang='lat' dir='ltr'><strong>contenta,</strong></span> <span class='ocrx_word' id='word_1_374' title='bbox 1279 4415 1371 4469; x_wconf 91' lang='lat' dir='ltr'><strong>sed</strong></span> <span class='ocrx_word' id='word_1_375' title='bbox 1400 4415 1615 4471; x_wconf 92' lang='lat' dir='ltr'><strong>inimico</strong></span> <span class='ocrx_word' id='word_1_376' title='bbox 1648 4425 1700 4471; x_wconf 91' lang='lat' dir='ltr'><strong>et</strong></span> <span class='ocrx_word' id='word_1_377' title='bbox 1726 4417 1866 4472; x_wconf 92' lang='lat' dir='ltr'><strong>hosti</strong></span> 
     </span>
    </p>
   </div>
   <div class='ocr_carea' id='block_1_46' title="bbox 285 4499 1866 4577">
    <p class='ocr_par' dir='ltr' id='par_1_46' title="bbox 285 4499 1866 4577">
     <span class='ocr_line' id='line_1_49' title="bbox 285 4499 1866 4577; baseline 0.007 -24"><span class='ocrx_word' id='word_1_378' title='bbox 285 4499 472 4554; x_wconf 76' lang='lat' dir='ltr'><strong>salutis</strong></span> <span class='ocrx_word' id='word_1_379' title='bbox 525 4507 720 4555; x_wconf 62' lang='lat' dir='ltr'><strong>nostrae</strong></span> <span class='ocrx_word' id='word_1_380' title='bbox 751 4502 1005 4570; x_wconf 85' lang='lat' dir='ltr'><strong>majorem</strong></span> <span class='ocrx_word' id='word_1_381' title='bbox 1035 4502 1192 4558; x_wconf 83' lang='lat' dir='ltr'><strong>ﬁdem</strong></span> <span class='ocrx_word' id='word_1_382' title='bbox 1222 4504 1443 4570; x_wconf 86' lang='lat' dir='ltr'><strong>habens,</strong></span> <span class='ocrx_word' id='word_1_383' title='bbox 1487 4521 1646 4577; x_wconf 90' lang='lat' dir='ltr'><strong>quam</strong></span> <span class='ocrx_word' id='word_1_384' title='bbox 1691 4509 1866 4564; x_wconf 84' lang='lat' dir='ltr'><strong>verbis</strong></span> 
     </span>
    </p>
   </div>
   <div class='ocr_carea' id='block_1_47' title="bbox 288 4593 1865 4672">
    <p class='ocr_par' dir='ltr' id='par_1_47' title="bbox 288 4593 1865 4672">
     <span class='ocr_line' id='line_1_50' title="bbox 288 4593 1865 4672; baseline 0.006 -22"><span class='ocrx_word' id='word_1_385' title='bbox 288 4593 379 4650; x_wconf 87' lang='lat' dir='ltr'><strong>Del</strong></span> <span class='ocrx_word' id='word_1_386' title='bbox 409 4613 423 4649; x_wconf 91' lang='lat'>:</span> <span class='ocrx_word' id='word_1_387' title='bbox 454 4599 777 4667; x_wconf 76' lang='lat' dir='ltr'><strong>experientia</strong></span> <span class='ocrx_word' id='word_1_388' title='bbox 815 4615 909 4655; x_wconf 89' lang='lat' dir='ltr'><strong>sua</strong></span> <span class='ocrx_word' id='word_1_389' title='bbox 955 4617 1058 4656; x_wconf 91' lang='lat' dir='ltr'><strong>non</strong></span> <span class='ocrx_word' id='word_1_390' title='bbox 1103 4602 1273 4657; x_wconf 90' lang='lat' dir='ltr'><strong>multo</strong></span> <span class='ocrx_word' id='word_1_391' title='bbox 1303 4611 1420 4672; x_wconf 90' lang='lat' dir='ltr'><strong>post</strong></span> <span class='ocrx_word' id='word_1_392' title='bbox 1444 4603 1630 4658; x_wconf 89' lang='lat' dir='ltr'><strong>didicit</strong></span> <span class='ocrx_word' id='word_1_393' title='bbox 1655 4606 1865 4660; x_wconf 86' lang='lat' dir='ltr'><strong>consilii</strong></span> 
     </span>
    </p>
   </div>
   <div class='ocr_carea' id='block_1_48' title="bbox 287 4688 1864 4764">
    <p class='ocr_par' dir='ltr' id='par_1_48' title="bbox 287 4688 1864 4764">
     <span class='ocr_line' id='line_1_51' title="bbox 287 4688 1864 4764; baseline 0.008 -24"><span class='ocrx_word' id='word_1_394' title='bbox 287 4688 595 4756; x_wconf 85' lang='lat' dir='ltr'><strong>perniciem,</strong></span> <span class='ocrx_word' id='word_1_395' title='bbox 635 4700 689 4745; x_wconf 91' lang='lat' dir='ltr'><strong>et</strong></span> <span class='ocrx_word' id='word_1_396' title='bbox 726 4700 919 4760; x_wconf 85' lang='lat' dir='ltr'><strong>quanta</strong></span> <span class='ocrx_word' id='word_1_397' title='bbox 950 4693 1225 4746; x_wconf 86' lang='lat' dir='ltr'><strong>calamitas</strong></span> <span class='ocrx_word' id='word_1_398' title='bbox 1285 4695 1426 4762; x_wconf 88' lang='lat' dir='ltr'><strong>ipsos</strong></span> <span class='ocrx_word' id='word_1_399' title='bbox 1467 4694 1864 4764; x_wconf 75' lang='lat' dir='ltr'><strong>deprehensum</strong></span> 
     </span>
    </p>
   </div>
   <div class='ocr_carea' id='block_1_49' title="bbox 282 4777 1866 4854">
    <p class='ocr_par' dir='ltr' id='par_1_49' title="bbox 282 4777 1866 4854">
     <span class='ocr_line' id='line_1_52' title="bbox 282 4777 1866 4854; baseline 0.006 -23"><span class='ocrx_word' id='word_1_400' title='bbox 282 4785 446 4831; x_wconf 82' lang='lat' dir='ltr'><strong>esset.</strong></span> <span class='ocrx_word' id='word_1_401' title='bbox 490 4777 618 4831; x_wconf 83' lang='lat' dir='ltr'><strong>Nam</strong></span> <span class='ocrx_word' id='word_1_402' title='bbox 645 4778 710 4832; x_wconf 86' lang='lat' dir='ltr'><strong>Ut</strong></span> <span class='ocrx_word' id='word_1_403' title='bbox 740 4781 879 4845; x_wconf 81' lang='lat' dir='ltr'><strong>vidit,</strong></span> <span class='ocrx_word' id='word_1_404' title='bbox 910 4781 1100 4851; x_wconf 86' lang='lat' dir='ltr'><strong>inquit,</strong></span> <span class='ocrx_word' id='word_1_405' title='bbox 1132 4783 1267 4852; x_wconf 87' lang='lat' dir='ltr'><strong>quod</strong></span> <span class='ocrx_word' id='word_1_406' title='bbox 1301 4784 1495 4854; x_wconf 83' lang='lat' dir='ltr'><strong>lignum</strong></span> <span class='ocrx_word' id='word_1_407' title='bbox 1529 4794 1652 4839; x_wconf 80' lang='lat' dir='ltr'><strong>esset</strong></span> <span class='ocrx_word' id='word_1_408' title='bbox 1682 4787 1866 4840; x_wconf 84' lang='lat' dir='ltr'><strong>bonum</strong></span> 
     </span>
    </p>
   </div>
   <div class='ocr_carea' id='block_1_50' title="bbox 282 4865 1866 4942">
    <p class='ocr_par' dir='ltr' id='par_1_50' title="bbox 282 4865 1866 4942">
     <span class='ocr_line' id='line_1_53' title="bbox 282 4865 1866 4942; baseline 0.008 -25"><span class='ocrx_word' id='word_1_409' title='bbox 282 4865 351 4918; x_wconf 84' lang='lat' dir='ltr'><strong>ad</strong></span> <span class='ocrx_word' id='word_1_410' title='bbox 392 4867 706 4932; x_wconf 76' lang='lat' dir='ltr'><strong>vescendum,</strong></span> <span class='ocrx_word' id='word_1_411' title='bbox 743 4878 790 4922; x_wconf 87' lang='lat' dir='ltr'><strong>et</strong></span> <span class='ocrx_word' id='word_1_412' title='bbox 824 4872 958 4938; x_wconf 86' lang='lat' dir='ltr'><strong>quod</strong></span> <span class='ocrx_word' id='word_1_413' title='bbox 987 4872 1144 4924; x_wconf 77' lang='lat' dir='ltr'><strong>oculis</strong></span> <span class='ocrx_word' id='word_1_414' title='bbox 1173 4883 1373 4942; x_wconf 86' lang='lat' dir='ltr'><strong>gratum</strong></span> <span class='ocrx_word' id='word_1_415' title='bbox 1393 4875 1460 4926; x_wconf 87' lang='lat' dir='ltr'><strong>ad</strong></span> <span class='ocrx_word' id='word_1_416' title='bbox 1486 4875 1777 4940; x_wconf 81' lang='lat' dir='ltr'><strong>videndum,</strong></span> <span class='ocrx_word' id='word_1_417' title='bbox 1821 4888 1866 4930; x_wconf 89' lang='lat' dir='ltr'><strong>et</strong></span> 
     </span>
    </p>
   </div>
   <div class='ocr_carea' id='block_1_51' title="bbox 287 4955 1865 5033">
    <p class='ocr_par' dir='ltr' id='par_1_51' title="bbox 287 4955 1865 5033">
     <span class='ocr_line' id='line_1_54' title="bbox 287 4955 1865 5033; baseline 0.008 -23"><span class='ocrx_word' id='word_1_418' title='bbox 287 4955 563 5019; x_wconf 74' lang='lat' dir='ltr'><strong>forrnosum</strong></span> <span class='ocrx_word' id='word_1_419' title='bbox 587 4960 656 5011; x_wconf 86' lang='lat' dir='ltr'><strong>ad</strong></span> <span class='ocrx_word' id='word_1_420' title='bbox 697 4961 1159 5031; x_wconf 83' lang='lat' dir='ltr'><strong>contemplandum,</strong></span> <span class='ocrx_word' id='word_1_421' title='bbox 1200 4965 1449 5033; x_wconf 79' lang='lat' dir='ltr'><strong>cogitavit</strong></span> <span class='ocrx_word' id='word_1_422' title='bbox 1488 4981 1690 5032; x_wconf 88' lang='lat' dir='ltr'><strong>secum,</strong></span> <span class='ocrx_word' id='word_1_423' title='bbox 1729 4967 1865 5022; x_wconf 83' lang='lat' dir='ltr'><strong>forte</strong></span> 
     </span>
    </p>
   </div>
   <div class='ocr_carea' id='block_1_52' title="bbox 283 5048 1862 5126">
    <p class='ocr_par' dir='ltr' id='par_1_52' title="bbox 283 5048 1862 5126">
     <span class='ocr_line' id='line_1_55' title="bbox 283 5048 1862 5126; baseline 0.009 -25"><span class='ocrx_word' id='word_1_424' title='bbox 283 5063 347 5102; x_wconf 76' lang='lat' dir='ltr'><strong>ex</strong></span> <span class='ocrx_word' id='word_1_425' title='bbox 387 5048 580 5104; x_wconf 91' lang='lat' dir='ltr'><strong>diaboli</strong></span> <span class='ocrx_word' id='word_1_426' title='bbox 609 5049 943 5120; x_wconf 87' lang='lat' dir='ltr'><strong>deceptione,</strong></span> <span class='ocrx_word' id='word_1_427' title='bbox 977 5069 1136 5123; x_wconf 86' lang='lat' dir='ltr'><strong>quam</strong></span> <span class='ocrx_word' id='word_1_428' title='bbox 1168 5070 1261 5124; x_wconf 85' lang='lat' dir='ltr'><strong>per</strong></span> <span class='ocrx_word' id='word_1_429' title='bbox 1281 5068 1581 5126; x_wconf 81' lang='lat' dir='ltr'><strong>serpentem</strong></span> <span class='ocrx_word' id='word_1_430' title='bbox 1610 5059 1698 5115; x_wconf 91' lang='lat' dir='ltr'><strong>ille</strong></span> <span class='ocrx_word' id='word_1_431' title='bbox 1734 5061 1862 5115; x_wconf 53' lang='lat' dir='ltr'><strong>all‘e.</strong></span> 
     </span>
    </p>
   </div>
   <div class='ocr_carea' id='block_1_53' title="bbox 284 5138 1862 5220">
    <p class='ocr_par' dir='ltr' id='par_1_53' title="bbox 284 5138 1862 5220">
     <span class='ocr_line' id='line_1_56' title="bbox 284 5138 1862 5220; baseline 0.011 -30"><span class='ocrx_word' id='word_1_432' title='bbox 284 5138 434 5191; x_wconf 85' lang='lat' dir='ltr'><strong>rebat</strong></span> <span class='ocrx_word' id='word_1_433' title='bbox 480 5157 493 5192; x_wconf 90' lang='lat'>:</span> <span class='ocrx_word' id='word_1_434' title='bbox 527 5139 582 5194; x_wconf 89' lang='lat' dir='ltr'><strong>Si</strong></span> <span class='ocrx_word' id='word_1_435' title='bbox 617 5150 671 5196; x_wconf 91' lang='lat' dir='ltr'><strong>et</strong></span> <span class='ocrx_word' id='word_1_436' title='bbox 708 5142 775 5196; x_wconf 89' lang='lat' dir='ltr'><strong>ad</strong></span> <span class='ocrx_word' id='word_1_437' title='bbox 805 5145 1126 5197; x_wconf 86' lang='lat' dir='ltr'><strong>vescendum</strong></span> <span class='ocrx_word' id='word_1_438' title='bbox 1159 5146 1353 5202; x_wconf 89' lang='lat' dir='ltr'><strong>bonum</strong></span> <span class='ocrx_word' id='word_1_439' title='bbox 1379 5157 1462 5203; x_wconf 89' lang='lat' dir='ltr'><strong>est</strong></span> <span class='ocrx_word' id='word_1_440' title='bbox 1487 5141 1710 5220; x_wconf 78' lang='lat' dir='ltr'><strong>lignum,</strong></span> <span class='ocrx_word' id='word_1_441' title='bbox 1739 5161 1792 5207; x_wconf 91' lang='lat' dir='ltr'><strong>et</strong></span> <span class='ocrx_word' id='word_1_442' title='bbox 1817 5153 1862 5208; x_wconf 92' lang='lat' dir='ltr'><strong>si</strong></span> 
     </span>
    </p>
   </div>
   <div class='ocr_carea' id='block_1_54' title="bbox 283 5231 1864 5314">
    <p class='ocr_par' dir='ltr' id='par_1_54' title="bbox 283 5231 1864 5314">
     <span class='ocr_line' id='line_1_57' title="bbox 283 5231 1864 5314; baseline 0.011 -34"><span class='ocrx_word' id='word_1_443' title='bbox 283 5237 485 5282; x_wconf 88' lang='lat' dir='ltr'><strong>tantum</strong></span> <span class='ocrx_word' id='word_1_444' title='bbox 507 5231 688 5286; x_wconf 82' lang='lat' dir='ltr'><strong>oculos</strong></span> <span class='ocrx_word' id='word_1_445' title='bbox 716 5232 982 5308; x_wconf 86' lang='lat' dir='ltr'><strong>oblectare</strong></span> <span class='ocrx_word' id='word_1_446' title='bbox 1005 5244 1202 5303; x_wconf 90' lang='lat' dir='ltr'><strong>potest,</strong></span> <span class='ocrx_word' id='word_1_447' title='bbox 1230 5247 1284 5292; x_wconf 93' lang='lat' dir='ltr'><strong>et</strong></span> <span class='ocrx_word' id='word_1_448' title='bbox 1313 5239 1703 5309; x_wconf 85' lang='lat' dir='ltr'><strong>pulchritudine</strong></span> <span class='ocrx_word' id='word_1_449' title='bbox 1729 5258 1864 5314; x_wconf 72' lang='lat' dir='ltr'><strong>pra:-</strong></span> 
     </span>
    </p>
   </div>
   <div class='ocr_carea' id='block_1_55' title="bbox 280 5318 1860 5398">
    <p class='ocr_par' dir='ltr' id='par_1_55' title="bbox 280 5318 1860 5398">
     <span class='ocr_line' id='line_1_58' title="bbox 280 5318 1860 5398; baseline 0.01 -27"><span class='ocrx_word' id='word_1_450' title='bbox 280 5318 449 5372; x_wconf 88' lang='lat' dir='ltr'><strong>ditnm</strong></span> <span class='ocrx_word' id='word_1_451' title='bbox 485 5329 566 5374; x_wconf 88' lang='lat' dir='ltr'><strong>est</strong></span> <span class='ocrx_word' id='word_1_452' title='bbox 611 5320 882 5388; x_wconf 76' lang='lat' dir='ltr'><strong>ineffabili,</strong></span> <span class='ocrx_word' id='word_1_453' title='bbox 923 5325 965 5378; x_wconf 88' lang='lat' dir='ltr'><strong>si</strong></span> <span class='ocrx_word' id='word_1_454' title='bbox 1009 5325 1169 5380; x_wconf 88' lang='lat' dir='ltr'><strong>etiam</strong></span> <span class='ocrx_word' id='word_1_455' title='bbox 1195 5326 1312 5396; x_wconf 82' lang='lat' dir='ltr'><strong>ejus</strong></span> <span class='ocrx_word' id='word_1_456' title='bbox 1336 5330 1567 5398; x_wconf 91' lang='lat' dir='ltr'><strong>sumptio</strong></span> <span class='ocrx_word' id='word_1_457' title='bbox 1594 5345 1860 5387; x_wconf 89' lang='lat' dir='ltr'><strong>summum</strong></span> 
     </span>
    </p>
   </div>
   <div class='ocr_carea' id='block_1_56' title="bbox 282 5407 1861 5479">
    <p class='ocr_par' dir='ltr' id='par_1_56' title="bbox 282 5407 1861 5479">
     <span class='ocr_line' id='line_1_59' title="bbox 282 5407 1861 5479; baseline 0.009 -17"><span class='ocrx_word' id='word_1_458' title='bbox 282 5407 436 5463; x_wconf 87' lang='lat' dir='ltr'><strong>nobis</strong></span> <span class='ocrx_word' id='word_1_459' title='bbox 487 5410 745 5478; x_wconf 67' lang='lat' dir='ltr'><strong>praebebit</strong></span> <span class='ocrx_word' id='word_1_460' title='bbox 795 5412 1089 5479; x_wconf 89' lang='lat' dir='ltr'><strong>honorem,</strong></span> <span class='ocrx_word' id='word_1_461' title='bbox 1153 5426 1206 5470; x_wconf 88' lang='lat' dir='ltr'><strong>et</strong></span> <span class='ocrx_word' id='word_1_462' title='bbox 1267 5417 1574 5474; x_wconf 87' lang='lat' dir='ltr'><strong>habebimus</strong></span> <span class='ocrx_word' id='word_1_463' title='bbox 1620 5421 1861 5477; x_wconf 88' lang='lat' dir='ltr'><strong>eamdem</strong></span> 
     </span>
    </p>
   </div>
   <div class='ocr_carea' id='block_1_57' title="bbox 279 5499 1862 5576">
    <p class='ocr_par' dir='ltr' id='par_1_57' title="bbox 279 5499 1862 5576">
     <span class='ocr_line' id='line_1_60' title="bbox 279 5499 1862 5576; baseline 0.012 -27"><span class='ocrx_word' id='word_1_464' title='bbox 279 5514 440 5568; x_wconf 85' lang='lat' dir='ltr'><strong>quam</strong></span> <span class='ocrx_word' id='word_1_465' title='bbox 484 5499 741 5572; x_wconf 84' lang='lat' dir='ltr'><strong>Conditor</strong></span> <span class='ocrx_word' id='word_1_466' title='bbox 784 5503 1117 5573; x_wconf 89' lang='lat' dir='ltr'><strong>dignitatem,</strong></span> <span class='ocrx_word' id='word_1_467' title='bbox 1165 5520 1327 5576; x_wconf 89' lang='lat' dir='ltr'><strong>quare</strong></span> <span class='ocrx_word' id='word_1_468' title='bbox 1373 5524 1480 5564; x_wconf 90' lang='lat' dir='ltr'><strong>non</strong></span> <span class='ocrx_word' id='word_1_469' title='bbox 1525 5525 1862 5568; x_wconf 90' lang='lat' dir='ltr'><strong>sumeremus</strong></span> 
     </span>
    </p>
   </div>
   <div class='ocr_carea' id='block_1_58' title="bbox 281 5589 473 5643">
    <p class='ocr_par' dir='ltr' id='par_1_58' title="bbox 281 5589 473 5643">
     <span class='ocr_line' id='line_1_61' title="bbox 281 5589 473 5643; baseline -0.005 0"><span class='ocrx_word' id='word_1_470' title='bbox 281 5589 473 5643; x_wconf 80' lang='lat' dir='ltr'><strong>deeo?</strong></span> 
     </span>
    </p>
   </div>
   <div class='ocr_carea' id='block_1_59' title="bbox 348 5680 1857 5761">
    <p class='ocr_par' dir='ltr' id='par_1_59' title="bbox 348 5680 1857 5761">
     <span class='ocr_line' id='line_1_62' title="bbox 348 5680 1857 5761; baseline 0.009 -27"><span class='ocrx_word' id='word_1_471' title='bbox 348 5684 403 5734; x_wconf 70' lang='grc'><strong>6.</strong></span> <span class='ocrx_word' id='word_1_472' title='bbox 448 5680 635 5739; x_wconf 83' lang='lat' dir='ltr'><strong>Vidisti</strong></span> <span class='ocrx_word' id='word_1_473' title='bbox 662 5685 929 5749; x_wconf 81' lang='lat' dir='ltr'><strong>quomodo</strong></span> <span class='ocrx_word' id='word_1_474' title='bbox 965 5687 1106 5742; x_wconf 82' lang='lat' dir='ltr'><strong>illam</strong></span> <span class='ocrx_word' id='word_1_475' title='bbox 1133 5688 1373 5745; x_wconf 86' lang='lat' dir='ltr'><strong>diabolus</strong></span> <span class='ocrx_word' id='word_1_476' title='bbox 1398 5692 1660 5761; x_wconf 86' lang='lat' dir='ltr'><strong>captivam</strong></span> <span class='ocrx_word' id='word_1_477' title='bbox 1691 5692 1857 5758; x_wconf 80' lang='lat' dir='ltr'><strong>duxit,</strong></span> 
     </span>
    </p>
   </div>
   <div class='ocr_carea' id='block_1_60' title="bbox 289 5776 1856 5863">
    <p class='ocr_par' dir='ltr' id='par_1_60' title="bbox 289 5776 1856 5863">
     <span class='ocr_line' id='line_1_63' title="bbox 289 5776 1856 5863; baseline 0.008 -34"><span class='ocrx_word' id='word_1_478' title='bbox 289 5785 341 5830; x_wconf 93' lang='lat' dir='ltr'><strong>ct</strong></span> <span class='ocrx_word' id='word_1_479' title='bbox 380 5776 564 5831; x_wconf 77' lang='lat' dir='ltr'><strong>allcxit</strong></span> <span class='ocrx_word' id='word_1_480' title='bbox 597 5777 928 5834; x_wconf 81' lang='lat' dir='ltr'><strong>ratiocinium</strong></span> <span class='ocrx_word' id='word_1_481' title='bbox 977 5780 1127 5851; x_wconf 87' lang='lat' dir='ltr'><strong>ejus,</strong></span> <span class='ocrx_word' id='word_1_482' title='bbox 1180 5781 1404 5855; x_wconf 83' lang='lat' dir='ltr'><strong>fecitque</strong></span> <span class='ocrx_word' id='word_1_483' title='bbox 1449 5795 1510 5842; x_wconf 91' lang='lat' dir='ltr'><strong>ut</strong></span> <span class='ocrx_word' id='word_1_484' title='bbox 1543 5803 1659 5858; x_wconf 65' lang='lat' dir='ltr'><strong>quae</strong></span> <span class='ocrx_word' id='word_1_485' title='bbox 1699 5803 1856 5863; x_wconf 84' lang='lat' dir='ltr'><strong>supra</strong></span> 
     </span>
    </p>
   </div>
   <div class='ocr_carea' id='block_1_61' title="bbox 1393 382 2475 448">
    <p class='ocr_par' dir='ltr' id='par_1_61' title="bbox 1393 382 2475 448">
     <span class='ocr_line' id='line_1_64' title="bbox 1393 382 2475 448; baseline -0.007 -3"><span class='ocrx_word' id='word_1_486' title='bbox 1393 391 1454 448; x_wconf 80' lang='lat' dir='ltr'><strong>IN</strong></span> <span class='ocrx_word' id='word_1_487' title='bbox 1495 386 1727 446; x_wconf 72' lang='lat' dir='ltr'><strong>CAPJI.</strong></span> <span class='ocrx_word' id='word_1_488' title='bbox 1770 383 2018 444; x_wconf 77' lang='lat' dir='ltr'><strong>GENES.</strong></span> <span class='ocrx_word' id='word_1_489' title='bbox 2062 383 2290 441; x_wconf 75' lang='lat' dir='ltr'><strong>HUMIL.</strong></span> <span class='ocrx_word' id='word_1_490' title='bbox 2336 382 2475 438; x_wconf 62' lang='lat' dir='ltr'><strong>XVI.</strong></span> 
     </span>
    </p>
   </div>
   <div class='ocr_carea' id='block_1_62' title="bbox 3469 380 3590 435">
    <p class='ocr_par' dir='ltr' id='par_1_62' title="bbox 3469 380 3590 435">
     <span class='ocr_line' id='line_1_65' title="bbox 3469 380 3590 435; baseline 0.017 -2"><span class='ocrx_word' id='word_1_491' title='bbox 3469 380 3590 435; x_wconf 63' lang='grc' dir='ltr'>ιω</span> 
     </span>
    </p>
   </div>
   <div class='ocr_carea' id='block_1_63' title="bbox 1992 491 3586 564">
    <p class='ocr_par' dir='ltr' id='par_1_63' title="bbox 1992 491 3586 564">
     <span class='ocr_line' id='line_1_66' title="bbox 1992 491 3586 564; baseline -0.004 -12"><span class='ocrx_word' id='word_1_492' title='bbox 1992 511 2144 552; x_wconf 84' lang='lat' dir='ltr'><strong>suam</strong></span> <span class='ocrx_word' id='word_1_493' title='bbox 2193 495 2504 564; x_wconf 82' lang='lat' dir='ltr'><strong>dignitatem</strong></span> <span class='ocrx_word' id='word_1_494' title='bbox 2556 503 2709 550; x_wconf 85' lang='lat' dir='ltr'><strong>erant</strong></span> <span class='ocrx_word' id='word_1_495' title='bbox 2753 508 2943 564; x_wconf 87' lang='lat' dir='ltr'><strong>sapere</strong></span> <span class='ocrx_word' id='word_1_496' title='bbox 2993 491 3235 557; x_wconf 86' lang='lat' dir='ltr'><strong>auderet,</strong></span> <span class='ocrx_word' id='word_1_497' title='bbox 3263 508 3365 562; x_wconf 77' lang='lat' dir='ltr'><strong>Qlll.</strong></span> <span class='ocrx_word' id='word_1_498' title='bbox 3395 493 3586 548; x_wconf 63' lang='lat' dir='ltr'><strong>uallata</strong></span> 
     </span>
    </p>
   </div>
   <div class='ocr_carea' id='block_1_64' title="bbox 1987 584 3580 655">
    <p class='ocr_par' dir='ltr' id='par_1_64' title="bbox 1987 584 3580 655">
     <span class='ocr_line' id='line_1_67' title="bbox 1987 584 3580 655; baseline -0.001 -16"><span class='ocrx_word' id='word_1_499' title='bbox 1987 600 2083 655; x_wconf 90' lang='lat' dir='ltr'><strong>spe</strong></span> <span class='ocrx_word' id='word_1_500' title='bbox 2120 600 2278 652; x_wconf 85' lang='lat' dir='ltr'><strong>vana,</strong></span> <span class='ocrx_word' id='word_1_501' title='bbox 2335 585 2407 641; x_wconf 86' lang='lat' dir='ltr'><strong>ab</strong></span> <span class='ocrx_word' id='word_1_502' title='bbox 2445 584 2531 640; x_wconf 90' lang='lat' dir='ltr'><strong>his</strong></span> <span class='ocrx_word' id='word_1_503' title='bbox 2574 599 2790 655; x_wconf 87' lang='lat' dir='ltr'><strong>quoque</strong></span> <span class='ocrx_word' id='word_1_504' title='bbox 2832 599 2952 654; x_wconf 63' lang='lat' dir='ltr'><strong>quae</strong></span> <span class='ocrx_word' id='word_1_505' title='bbox 3002 584 3102 653; x_wconf 91' lang='lat' dir='ltr'><strong>ipsi</strong></span> <span class='ocrx_word' id='word_1_506' title='bbox 3133 597 3390 639; x_wconf 85' lang='lat' dir='ltr'><strong>concessa</strong></span> <span class='ocrx_word' id='word_1_507' title='bbox 3425 597 3580 639; x_wconf 87' lang='lat' dir='ltr'><strong>erant</strong></span> 
     </span>
    </p>
   </div>
   <div class='ocr_carea' id='block_1_65' title="bbox 1986 672 3583 746">
    <p class='ocr_par' dir='ltr' id='par_1_65' title="bbox 1986 672 3583 746">
     <span class='ocr_line' id='line_1_68' title="bbox 1986 672 3583 746; baseline -0.001 -15"><span class='ocrx_word' id='word_1_508' title='bbox 1986 673 2306 731; x_wconf 73' lang='lat' dir='ltr'><strong>excideret?</strong></span> <span class='ocrx_word' id='word_1_509' title='bbox 2334 672 2399 729; x_wconf 84' lang='lat' dir='ltr'><strong>Et</strong></span> <span class='ocrx_word' id='word_1_510' title='bbox 2427 675 2621 745; x_wconf 82' lang='lat' dir='ltr'><strong>accepit</strong></span> <span class='ocrx_word' id='word_1_511' title='bbox 2647 675 2709 729; x_wconf 85' lang='lat' dir='ltr'><strong>de</strong></span> <span class='ocrx_word' id='word_1_512' title='bbox 2741 677 2908 746; x_wconf 80' lang='lat' dir='ltr'><strong>[ructu</strong></span> <span class='ocrx_word' id='word_1_513' title='bbox 2942 676 3100 742; x_wconf 76' lang='lat' dir='ltr'><strong>illius,</strong></span> <span class='ocrx_word' id='word_1_514' title='bbox 3139 685 3186 728; x_wconf 87' lang='lat' dir='ltr'><strong>et</strong></span> <span class='ocrx_word' id='word_1_515' title='bbox 3229 675 3447 728; x_wconf 82' lang='lat' dir='ltr'><strong>comedit</strong></span> <span class='ocrx_word' id='word_1_516' title='bbox 3477 691 3496 729; x_wconf 89' lang='lat'><strong><em>:</em></strong></span> <span class='ocrx_word' id='word_1_517' title='bbox 3531 690 3583 730; x_wconf 84' lang='lat' dir='ltr'><strong>et</strong></span> 
     </span>
    </p>
   </div>
   <div class='ocr_carea' id='block_1_66' title="bbox 1985 764 3582 836">
    <p class='ocr_par' dir='ltr' id='par_1_66' title="bbox 1985 764 3582 836">
     <span class='ocr_line' id='line_1_69' title="bbox 1985 764 3582 836; baseline 0.001 -16"><span class='ocrx_word' id='word_1_518' title='bbox 1985 764 2124 820; x_wconf 86' lang='lat' dir='ltr'><strong>dedit</strong></span> <span class='ocrx_word' id='word_1_519' title='bbox 2160 766 2316 819; x_wconf 82' lang='lat' dir='ltr'><strong>etiam</strong></span> <span class='ocrx_word' id='word_1_520' title='bbox 2347 766 2453 820; x_wconf 76' lang='lat' dir='ltr'><strong>viro</strong></span> <span class='ocrx_word' id='word_1_521' title='bbox 2488 782 2600 830; x_wconf 78' lang='lat' dir='ltr'><strong>suo,</strong></span> <span class='ocrx_word' id='word_1_522' title='bbox 2632 775 2679 819; x_wconf 88' lang='lat' dir='ltr'><strong>et</strong></span> <span class='ocrx_word' id='word_1_523' title='bbox 2709 766 3027 820; x_wconf 85' lang='lat' dir='ltr'><strong>comederunt</strong></span> <span class='ocrx_word' id='word_1_524' title='bbox 3057 781 3076 819; x_wconf 92' lang='lat'><strong><em>:</em></strong></span> <span class='ocrx_word' id='word_1_525' title='bbox 3105 767 3156 822; x_wconf 89' lang='lat'><strong>7.</strong></span> <span class='ocrx_word' id='word_1_526' title='bbox 3187 775 3232 820; x_wconf 87' lang='lat' dir='ltr'><strong>et</strong></span> <span class='ocrx_word' id='word_1_527' title='bbox 3261 766 3426 836; x_wconf 82' lang='lat' dir='ltr'><strong>aperti</strong></span> <span class='ocrx_word' id='word_1_528' title='bbox 3461 779 3582 822; x_wconf 81' lang='lat' dir='ltr'><strong>sunt</strong></span> 
     </span>
    </p>
   </div>
   <div class='ocr_carea' id='block_1_67' title="bbox 1985 857 3579 929">
    <p class='ocr_par' dir='ltr' id='par_1_67' title="bbox 1985 857 3579 929">
     <span class='ocr_line' id='line_1_70' title="bbox 1985 857 3579 929; baseline 0.003 -18"><span class='ocrx_word' id='word_1_529' title='bbox 1985 857 2118 911; x_wconf 85' lang='lat' dir='ltr'><strong>oculi</strong></span> <span class='ocrx_word' id='word_1_530' title='bbox 2158 857 2383 922; x_wconf 85' lang='lat' dir='ltr'><strong>illorum,</strong></span> <span class='ocrx_word' id='word_1_531' title='bbox 2431 869 2500 911; x_wconf 61' lang='lat' dir='ltr'><strong>ee</strong></span> <span class='ocrx_word' id='word_1_532' title='bbox 2518 866 2855 929; x_wconf 67' lang='lat' dir='ltr'><strong>cognoverunt</strong></span> <span class='ocrx_word' id='word_1_533' title='bbox 2880 858 3018 928; x_wconf 82' lang='lat' dir='ltr'><strong>quod</strong></span> <span class='ocrx_word' id='word_1_534' title='bbox 3055 859 3180 912; x_wconf 85' lang='lat' dir='ltr'><strong>nudi</strong></span> <span class='ocrx_word' id='word_1_535' title='bbox 3208 869 3387 914; x_wconf 78' lang='lat' dir='ltr'><strong>essent.</strong></span> <span class='ocrx_word' id='word_1_536' title='bbox 3440 860 3579 928; x_wconf 86' lang='lat' dir='ltr'><strong>Quid</strong></span> 
     </span>
    </p>
   </div>
   <div class='ocr_carea' id='block_1_68' title="bbox 1984 948 3577 1021">
    <p class='ocr_par' dir='ltr' id='par_1_68' title="bbox 1984 948 3577 1021">
     <span class='ocr_line' id='line_1_71' title="bbox 1984 948 3577 1021; baseline 0 -17"><span class='ocrx_word' id='word_1_537' title='bbox 1984 948 2190 1014; x_wconf 88' lang='lat' dir='ltr'><strong>fecisti,</strong></span> <span class='ocrx_word' id='word_1_538' title='bbox 2231 964 2264 1004; x_wconf 92' lang='grc' dir='ltr'>ο</span> <span class='ocrx_word' id='word_1_539' title='bbox 2303 948 2534 1004; x_wconf 88' lang='lat' dir='ltr'><strong>mulier?</strong></span> <span class='ocrx_word' id='word_1_540' title='bbox 2585 950 2698 1004; x_wconf 85' lang='lat' dir='ltr'><strong>Non</strong></span> <span class='ocrx_word' id='word_1_541' title='bbox 2747 950 2918 1004; x_wconf 83' lang='lat' dir='ltr'><strong>solum</strong></span> <span class='ocrx_word' id='word_1_542' title='bbox 2965 950 3264 1019; x_wconf 89' lang='lat' dir='ltr'><strong>pernicioso</strong></span> <span class='ocrx_word' id='word_1_543' title='bbox 3307 952 3577 1021; x_wconf 53' lang='lat' dir='ltr'><strong>accepto!</strong></span> 
     </span>
    </p>
   </div>
   <div class='ocr_carea' id='block_1_69' title="bbox 1983 1040 3583 1111">
    <p class='ocr_par' dir='ltr' id='par_1_69' title="bbox 1983 1040 3583 1111">
     <span class='ocr_line' id='line_1_72' title="bbox 1983 1040 3583 1111; baseline 0 -15"><span class='ocrx_word' id='word_1_544' title='bbox 1983 1041 2210 1096; x_wconf 89' lang='lat' dir='ltr'><strong>consilio</strong></span> <span class='ocrx_word' id='word_1_545' title='bbox 2239 1041 2411 1111; x_wconf 89' lang='lat' dir='ltr'><strong>legem</strong></span> <span class='ocrx_word' id='word_1_546' title='bbox 2446 1056 2476 1095; x_wconf 88' lang='lat' dir='ltr'><strong>a</strong></span> <span class='ocrx_word' id='word_1_547' title='bbox 2517 1041 2625 1096; x_wconf 89' lang='lat' dir='ltr'><strong>Deo</strong></span> <span class='ocrx_word' id='word_1_548' title='bbox 2652 1041 2831 1096; x_wconf 88' lang='lat' dir='ltr'><strong>datam</strong></span> <span class='ocrx_word' id='word_1_549' title='bbox 2855 1040 3200 1104; x_wconf 74' lang='lat' dir='ltr'><strong>conculcasti,</strong></span> <span class='ocrx_word' id='word_1_550' title='bbox 3262 1051 3318 1096; x_wconf 90' lang='lat' dir='ltr'><strong>et</strong></span> <span class='ocrx_word' id='word_1_551' title='bbox 3355 1042 3583 1096; x_wconf 59' lang='lat' dir='ltr'><strong>mandas</strong></span> 
     </span>
    </p>
   </div>
   <div class='ocr_carea' id='block_1_70' title="bbox 1985 1133 3577 1202">
    <p class='ocr_par' dir='ltr' id='par_1_70' title="bbox 1985 1133 3577 1202">
     <span class='ocr_line' id='line_1_73' title="bbox 1985 1133 3577 1202; baseline 0.001 -16"><span class='ocrx_word' id='word_1_552' title='bbox 1985 1139 2094 1186; x_wconf 92' lang='lat' dir='ltr'><strong>tum</strong></span> <span class='ocrx_word' id='word_1_553' title='bbox 2136 1133 2533 1202; x_wconf 88' lang='lat' dir='ltr'><strong>contempsisti,</strong></span> <span class='ocrx_word' id='word_1_554' title='bbox 2587 1141 2643 1186; x_wconf 86' lang='lat' dir='ltr'><strong>et</strong></span> <span class='ocrx_word' id='word_1_555' title='bbox 2674 1134 2725 1186; x_wconf 91' lang='lat' dir='ltr'><strong>in</strong></span> <span class='ocrx_word' id='word_1_556' title='bbox 2767 1141 2964 1186; x_wconf 86' lang='lat' dir='ltr'><strong>tantam</strong></span> <span class='ocrx_word' id='word_1_557' title='bbox 2994 1134 3182 1187; x_wconf 79' lang='lat' dir='ltr'><strong>venisti</strong></span> <span class='ocrx_word' id='word_1_558' title='bbox 3217 1133 3577 1202; x_wconf 81' lang='lat' dir='ltr'><strong>intemperan-</strong></span> 
     </span>
    </p>
   </div>
   <div class='ocr_carea' id='block_1_71' title="bbox 1983 1220 3570 1292">
    <p class='ocr_par' dir='ltr' id='par_1_71' title="bbox 1983 1220 3570 1292">
     <span class='ocr_line' id='line_1_74' title="bbox 1983 1220 3570 1292; baseline 0.004 -18"><span class='ocrx_word' id='word_1_559' title='bbox 1983 1220 2131 1286; x_wconf 90' lang='lat' dir='ltr'><strong>tiam,</strong></span> <span class='ocrx_word' id='word_1_560' title='bbox 2177 1231 2236 1276; x_wconf 91' lang='lat' dir='ltr'><strong>ut</strong></span> <span class='ocrx_word' id='word_1_561' title='bbox 2279 1238 2384 1276; x_wconf 87' lang='lat' dir='ltr'><strong>nou</strong></span> <span class='ocrx_word' id='word_1_562' title='bbox 2429 1232 2679 1277; x_wconf 88' lang='lat' dir='ltr'><strong>contenta</strong></span> <span class='ocrx_word' id='word_1_563' title='bbox 2725 1231 2803 1277; x_wconf 89' lang='lat' dir='ltr'><strong>tot</strong></span> <span class='ocrx_word' id='word_1_564' title='bbox 2853 1231 3229 1292; x_wconf 90' lang='lat' dir='ltr'><strong>tantorumque</strong></span> <span class='ocrx_word' id='word_1_565' title='bbox 3278 1224 3570 1286; x_wconf 86' lang='lat' dir='ltr'><strong>fruitione.</strong></span> 
     </span>
    </p>
   </div>
   <div class='ocr_carea' id='block_1_72' title="bbox 1982 1313 3580 1384">
    <p class='ocr_par' dir='ltr' id='par_1_72' title="bbox 1982 1313 3580 1384">
     <span class='ocr_line' id='line_1_75' title="bbox 1982 1313 3580 1384; baseline 0.003 -17"><span class='ocrx_word' id='word_1_566' title='bbox 1982 1313 2143 1367; x_wconf 88' lang='lat' dir='ltr'><strong>etiam</strong></span> <span class='ocrx_word' id='word_1_567' title='bbox 2191 1313 2407 1369; x_wconf 88' lang='lat' dir='ltr'><strong>unicum</strong></span> <span class='ocrx_word' id='word_1_568' title='bbox 2453 1315 2556 1369; x_wconf 89' lang='lat' dir='ltr'><strong>hoc</strong></span> <span class='ocrx_word' id='word_1_569' title='bbox 2597 1314 2798 1384; x_wconf 88' lang='lat' dir='ltr'><strong>lignum</strong></span> <span class='ocrx_word' id='word_1_570' title='bbox 2824 1353 2840 1380; x_wconf 92' lang='lat'><strong>,</strong></span> <span class='ocrx_word' id='word_1_571' title='bbox 2889 1313 2959 1368; x_wconf 89' lang='lat' dir='ltr'><strong>de</strong></span> <span class='ocrx_word' id='word_1_572' title='bbox 2999 1329 3107 1384; x_wconf 89' lang='lat' dir='ltr'><strong>quo</strong></span> <span class='ocrx_word' id='word_1_573' title='bbox 3147 1329 3214 1369; x_wconf 92' lang='lat' dir='ltr'><strong>ne</strong></span> <span class='ocrx_word' id='word_1_574' title='bbox 3261 1317 3580 1382; x_wconf 85' lang='lat' dir='ltr'><strong>comederes</strong></span> 
     </span>
    </p>
   </div>
   <div class='ocr_carea' id='block_1_73' title="bbox 1982 1405 3578 1475">
    <p class='ocr_par' dir='ltr' id='par_1_73' title="bbox 1982 1405 3578 1475">
     <span class='ocr_line' id='line_1_76' title="bbox 1982 1405 3578 1475; baseline 0.002 -15"><span class='ocrx_word' id='word_1_575' title='bbox 1982 1413 2314 1475; x_wconf 70' lang='lat' dir='ltr'><strong>pmceperat</strong></span> <span class='ocrx_word' id='word_1_576' title='bbox 2343 1405 2620 1472; x_wconf 83' lang='lat' dir='ltr'><strong>Dominus,</strong></span> <span class='ocrx_word' id='word_1_577' title='bbox 2659 1420 2789 1460; x_wconf 88' lang='lat' dir='ltr'><strong>ausa</strong></span> <span class='ocrx_word' id='word_1_578' title='bbox 2816 1405 2889 1460; x_wconf 89' lang='lat' dir='ltr'><strong>sis</strong></span> <span class='ocrx_word' id='word_1_579' title='bbox 2917 1420 3151 1470; x_wconf 85' lang='lat' dir='ltr'><strong>sumere,</strong></span> <span class='ocrx_word' id='word_1_580' title='bbox 3190 1416 3244 1462; x_wconf 91' lang='lat' dir='ltr'><strong>et</strong></span> <span class='ocrx_word' id='word_1_581' title='bbox 3269 1407 3372 1462; x_wconf 84' lang='lat' dir='ltr'><strong>fide</strong></span> <span class='ocrx_word' id='word_1_582' title='bbox 3403 1406 3578 1463; x_wconf 88' lang='lat' dir='ltr'><strong>habita</strong></span> 
     </span>
    </p>
   </div>
   <div class='ocr_carea' id='block_1_74' title="bbox 1982 1495 3579 1566">
    <p class='ocr_par' dir='ltr' id='par_1_74' title="bbox 1982 1495 3579 1566">
     <span class='ocr_line' id='line_1_77' title="bbox 1982 1495 3579 1566; baseline 0.003 -17"><span class='ocrx_word' id='word_1_583' title='bbox 1982 1495 2048 1550; x_wconf 90' lang='lat' dir='ltr'><strong>iis</strong></span> <span class='ocrx_word' id='word_1_584' title='bbox 2082 1511 2202 1566; x_wconf 75' lang='lat' dir='ltr'><strong>qua:</strong></span> <span class='ocrx_word' id='word_1_585' title='bbox 2230 1512 2260 1550; x_wconf 90' lang='lat' dir='ltr'><strong>a</strong></span> <span class='ocrx_word' id='word_1_586' title='bbox 2290 1505 2545 1565; x_wconf 87' lang='lat' dir='ltr'><strong>serpente</strong></span> <span class='ocrx_word' id='word_1_587' title='bbox 2572 1496 2713 1550; x_wconf 91' lang='lat' dir='ltr'><strong>dicta</strong></span> <span class='ocrx_word' id='word_1_588' title='bbox 2740 1504 2903 1563; x_wconf 88' lang='lat' dir='ltr'><strong>sunt,</strong></span> <span class='ocrx_word' id='word_1_589' title='bbox 2955 1495 3163 1551; x_wconf 87' lang='lat' dir='ltr'><strong>fidelius</strong></span> <span class='ocrx_word' id='word_1_590' title='bbox 3205 1499 3402 1566; x_wconf 83' lang='lat' dir='ltr'><strong>putasti</strong></span> <span class='ocrx_word' id='word_1_591' title='bbox 3435 1497 3579 1553; x_wconf 91' lang='lat' dir='ltr'><strong>illius</strong></span> 
     </span>
    </p>
   </div>
   <div class='ocr_carea' id='block_1_75' title="bbox 1982 1587 3594 1657">
    <p class='ocr_par' dir='ltr' id='par_1_75' title="bbox 1982 1587 3594 1657">
     <span class='ocr_line' id='line_1_78' title="bbox 1982 1587 3594 1657; baseline 0.003 -16"><span class='ocrx_word' id='word_1_592' title='bbox 1982 1587 2285 1655; x_wconf 88' lang='lat' dir='ltr'><strong>consilium,</strong></span> <span class='ocrx_word' id='word_1_593' title='bbox 2316 1603 2474 1657; x_wconf 90' lang='lat' dir='ltr'><strong>quam</strong></span> <span class='ocrx_word' id='word_1_594' title='bbox 2513 1587 2820 1643; x_wconf 87' lang='lat' dir='ltr'><strong>mandatum</strong></span> <span class='ocrx_word' id='word_1_595' title='bbox 2868 1603 2899 1642; x_wconf 91' lang='lat' dir='ltr'><strong>a</strong></span> <span class='ocrx_word' id='word_1_596' title='bbox 2942 1589 3234 1645; x_wconf 88' lang='lat' dir='ltr'><strong>Conditore</strong></span> <span class='ocrx_word' id='word_1_597' title='bbox 3271 1593 3476 1656; x_wconf 89' lang='lat' dir='ltr'><strong>datum,</strong></span> <span class='ocrx_word' id='word_1_598' title='bbox 3525 1599 3594 1646; x_wconf 53' lang='lat' dir='ltr'><strong>et.</strong></span> 
     </span>
    </p>
   </div>
   <div class='ocr_carea' id='block_1_76' title="bbox 1983 1677 3576 1752">
    <p class='ocr_par' dir='ltr' id='par_1_76' title="bbox 1983 1677 3576 1752">
     <span class='ocr_line' id='line_1_79' title="bbox 1983 1677 3576 1752; baseline 0.002 -19"><span class='ocrx_word' id='word_1_599' title='bbox 1983 1677 2037 1733; x_wconf 92' lang='lat' dir='ltr'><strong>in</strong></span> <span class='ocrx_word' id='word_1_600' title='bbox 2078 1686 2282 1733; x_wconf 87' lang='lat' dir='ltr'><strong>tantum</strong></span> <span class='ocrx_word' id='word_1_601' title='bbox 2343 1677 2562 1748; x_wconf 90' lang='lat' dir='ltr'><strong>decepta</strong></span> <span class='ocrx_word' id='word_1_602' title='bbox 2607 1693 2704 1744; x_wconf 89' lang='lat' dir='ltr'><strong>es,</strong></span> <span class='ocrx_word' id='word_1_603' title='bbox 2765 1689 2822 1734; x_wconf 94' lang='lat' dir='ltr'><strong>ut</strong></span> <span class='ocrx_word' id='word_1_604' title='bbox 2869 1695 2937 1734; x_wconf 92' lang='lat' dir='ltr'><strong>ne</strong></span> <span class='ocrx_word' id='word_1_605' title='bbox 2978 1680 3130 1735; x_wconf 90' lang='lat' dir='ltr'><strong>venia</strong></span> <span class='ocrx_word' id='word_1_606' title='bbox 3161 1680 3375 1752; x_wconf 82' lang='lat' dir='ltr'><strong>quidem</strong></span> <span class='ocrx_word' id='word_1_607' title='bbox 3420 1680 3576 1752; x_wconf 84' lang='lat' dir='ltr'><strong>digna</strong></span> 
     </span>
    </p>
   </div>
   <div class='ocr_carea' id='block_1_77' title="bbox 1983 1768 3580 1842">
    <p class='ocr_par' dir='ltr' id='par_1_77' title="bbox 1983 1768 3580 1842">
     <span class='ocr_line' id='line_1_80' title="bbox 1983 1768 3580 1842; baseline 0.004 -20"><span class='ocrx_word' id='word_1_608' title='bbox 1983 1768 2104 1823; x_wconf 88' lang='lat' dir='ltr'><strong>sis?</strong></span> <span class='ocrx_word' id='word_1_609' title='bbox 2202 1768 2336 1822; x_wconf 82' lang='lat' dir='ltr'><strong>Num</strong></span> <span class='ocrx_word' id='word_1_610' title='bbox 2399 1769 2541 1824; x_wconf 88' lang='lat' dir='ltr'><strong>enim</strong></span> <span class='ocrx_word' id='word_1_611' title='bbox 2604 1770 2842 1838; x_wconf 86' lang='lat' dir='ltr'><strong>ejusdem</strong></span> <span class='ocrx_word' id='word_1_612' title='bbox 2895 1781 3098 1826; x_wconf 71' lang='lat' dir='ltr'><strong>natura:</strong></span> <span class='ocrx_word' id='word_1_613' title='bbox 3160 1782 3275 1826; x_wconf 88' lang='lat' dir='ltr'><strong>erat</strong></span> <span class='ocrx_word' id='word_1_614' title='bbox 3328 1774 3417 1842; x_wconf 74' lang='lat' dir='ltr'><strong>qui</strong></span> <span class='ocrx_word' id='word_1_615' title='bbox 3479 1773 3580 1830; x_wconf 86' lang='lat' dir='ltr'><strong>hoc</strong></span> 
     </span>
    </p>
   </div>
   <div class='ocr_carea' id='block_1_78' title="bbox 1983 1859 3579 1936">
    <p class='ocr_par' dir='ltr' id='par_1_78' title="bbox 1983 1859 3579 1936">
     <span class='ocr_line' id='line_1_81' title="bbox 1983 1859 3579 1936; baseline 0.004 -22"><span class='ocrx_word' id='word_1_616' title='bbox 1983 1859 2334 1914; x_wconf 84' lang='lat' dir='ltr'><strong>consulebat?</strong></span> <span class='ocrx_word' id='word_1_617' title='bbox 2392 1861 2465 1914; x_wconf 77' lang='lat' dir='ltr'><strong>Ex</strong></span> <span class='ocrx_word' id='word_1_618' title='bbox 2513 1861 2742 1915; x_wconf 87' lang='lat' dir='ltr'><strong>subditis</strong></span> <span class='ocrx_word' id='word_1_619' title='bbox 2771 1873 2824 1916; x_wconf 91' lang='lat' dir='ltr'><strong>et</strong></span> <span class='ocrx_word' id='word_1_620' title='bbox 2851 1863 3043 1928; x_wconf 88' lang='lat' dir='ltr'><strong>servis,</strong></span> <span class='ocrx_word' id='word_1_621' title='bbox 3092 1873 3146 1917; x_wconf 87' lang='lat' dir='ltr'><strong>et</strong></span> <span class='ocrx_word' id='word_1_622' title='bbox 3182 1864 3283 1918; x_wconf 88' lang='lat' dir='ltr'><strong>sub</strong></span> <span class='ocrx_word' id='word_1_623' title='bbox 3312 1874 3398 1919; x_wconf 90' lang='lat' dir='ltr'><strong>tua</strong></span> <span class='ocrx_word' id='word_1_624' title='bbox 3430 1875 3579 1936; x_wconf 88' lang='lat' dir='ltr'><strong>pote-</strong></span> 
     </span>
    </p>
   </div>
   <div class='ocr_carea' id='block_1_79' title="bbox 1982 1952 3576 2023">
    <p class='ocr_par' dir='ltr' id='par_1_79' title="bbox 1982 1952 3576 2023">
     <span class='ocr_line' id='line_1_82' title="bbox 1982 1952 3576 2023; baseline 0.001 -17"><span class='ocrx_word' id='word_1_625' title='bbox 1982 1959 2119 2006; x_wconf 83' lang='lat' dir='ltr'><strong>state</strong></span> <span class='ocrx_word' id='word_1_626' title='bbox 2173 1960 2308 2007; x_wconf 87' lang='lat' dir='ltr'><strong>erat.</strong></span> <span class='ocrx_word' id='word_1_627' title='bbox 2355 1952 2532 2020; x_wconf 87' lang='lat' dir='ltr'><strong>Quare</strong></span> <span class='ocrx_word' id='word_1_628' title='bbox 2576 1954 2653 2008; x_wconf 87' lang='lat' dir='ltr'><strong>sic</strong></span> <span class='ocrx_word' id='word_1_629' title='bbox 2703 1954 2926 2023; x_wconf 79' lang='lat' dir='ltr'><strong>teipsam</strong></span> <span class='ocrx_word' id='word_1_630' title='bbox 2975 1954 3208 2022; x_wconf 57' lang='lat' dir='ltr'><strong>foedasti,</strong></span> <span class='ocrx_word' id='word_1_631' title='bbox 3239 1967 3295 2011; x_wconf 90' lang='lat' dir='ltr'><strong>et</strong></span> <span class='ocrx_word' id='word_1_632' title='bbox 3322 1957 3410 2012; x_wconf 91' lang='lat' dir='ltr'><strong>illo</strong></span> <span class='ocrx_word' id='word_1_633' title='bbox 3448 1958 3576 2013; x_wconf 76' lang='lat' dir='ltr'><strong>reti.</strong></span> 
     </span>
    </p>
   </div>
   <div class='ocr_carea' id='block_1_80' title="bbox 1982 2043 3577 2116">
    <p class='ocr_par' dir='ltr' id='par_1_80' title="bbox 1982 2043 3577 2116">
     <span class='ocr_line' id='line_1_83' title="bbox 1982 2043 3577 2116; baseline 0.003 -20"><span class='ocrx_word' id='word_1_634' title='bbox 1982 2051 2088 2105; x_wconf 91' lang='lat' dir='ltr'><strong>cto,</strong></span> <span class='ocrx_word' id='word_1_635' title='bbox 2127 2053 2342 2111; x_wconf 90' lang='lat' dir='ltr'><strong>propter</strong></span> <span class='ocrx_word' id='word_1_636' title='bbox 2375 2059 2532 2113; x_wconf 84' lang='lat' dir='ltr'><strong>quem</strong></span> <span class='ocrx_word' id='word_1_637' title='bbox 2573 2043 2801 2098; x_wconf 87' lang='lat' dir='ltr'><strong>formata</strong></span> <span class='ocrx_word' id='word_1_638' title='bbox 2854 2059 2950 2110; x_wconf 84' lang='lat' dir='ltr'><strong>es,</strong></span> <span class='ocrx_word' id='word_1_639' title='bbox 3005 2044 3070 2100; x_wconf 84' lang='lat' dir='ltr'><strong>ad</strong></span> <span class='ocrx_word' id='word_1_640' title='bbox 3121 2045 3281 2116; x_wconf 81' lang='lat' dir='ltr'><strong>cujus</strong></span> <span class='ocrx_word' id='word_1_641' title='bbox 3323 2047 3577 2102; x_wconf 71' lang='lat' dir='ltr'><strong>auxilium</strong></span> 
     </span>
    </p>
   </div>
   <div class='ocr_carea' id='block_1_81' title="bbox 1984 2131 3581 2207">
    <p class='ocr_par' dir='ltr' id='par_1_81' title="bbox 1984 2131 3581 2207">
     <span class='ocr_line' id='line_1_84' title="bbox 1984 2131 3581 2207; baseline 0.005 -22"><span class='ocrx_word' id='word_1_642' title='bbox 1984 2131 2238 2200; x_wconf 89' lang='lat' dir='ltr'><strong>producta</strong></span> <span class='ocrx_word' id='word_1_643' title='bbox 2307 2147 2408 2198; x_wconf 83' lang='lat' dir='ltr'><strong>es,</strong></span> <span class='ocrx_word' id='word_1_644' title='bbox 2475 2133 2627 2202; x_wconf 87' lang='lat' dir='ltr'><strong>cujus</strong></span> <span class='ocrx_word' id='word_1_645' title='bbox 2690 2133 3006 2204; x_wconf 74' lang='lat' dir='ltr'><strong>dignitatum</strong></span> <span class='ocrx_word' id='word_1_646' title='bbox 3061 2149 3122 2190; x_wconf 88' lang='lat' dir='ltr'><strong>es</strong></span> <span class='ocrx_word' id='word_1_647' title='bbox 3169 2136 3474 2207; x_wconf 85' lang='lat' dir='ltr'><strong>particeps.</strong></span> <span class='ocrx_word' id='word_1_648' title='bbox 3525 2149 3581 2194; x_wconf 91' lang='lat' dir='ltr'><strong>et</strong></span> 
     </span>
    </p>
   </div>
   <div class='ocr_carea' id='block_1_82' title="bbox 1983 2224 3581 2294">
    <p class='ocr_par' dir='ltr' id='par_1_82' title="bbox 1983 2224 3581 2294">
     <span class='ocr_line' id='line_1_85' title="bbox 1983 2224 3581 2294; baseline 0.004 -17"><span class='ocrx_word' id='word_1_649' title='bbox 1983 2238 2103 2278; x_wconf 92' lang='lat' dir='ltr'><strong>cum</strong></span> <span class='ocrx_word' id='word_1_650' title='bbox 2159 2239 2265 2294; x_wconf 91' lang='lat' dir='ltr'><strong>quo</strong></span> <span class='ocrx_word' id='word_1_651' title='bbox 2305 2224 2544 2294; x_wconf 88' lang='lat' dir='ltr'><strong>ejusdem</strong></span> <span class='ocrx_word' id='word_1_652' title='bbox 2578 2240 2636 2280; x_wconf 89' lang='lat' dir='ltr'><strong>es</strong></span> <span class='ocrx_word' id='word_1_653' title='bbox 2673 2225 2986 2281; x_wconf 66' lang='lat' dir='ltr'><strong>substantia:</strong></span> <span class='ocrx_word' id='word_1_654' title='bbox 3031 2236 3087 2281; x_wconf 89' lang='lat' dir='ltr'><strong>et</strong></span> <span class='ocrx_word' id='word_1_655' title='bbox 3119 2227 3286 2294; x_wconf 84' lang='lat' dir='ltr'><strong>vocis,</strong></span> <span class='ocrx_word' id='word_1_656' title='bbox 3335 2228 3386 2282; x_wconf 89' lang='lat' dir='ltr'><strong>in</strong></span> <span class='ocrx_word' id='word_1_657' title='bbox 3429 2229 3581 2283; x_wconf 70' lang='lat' dir='ltr'><strong>fatni~</strong></span> 
     </span>
    </p>
   </div>
   <div class='ocr_carea' id='block_1_83' title="bbox 1983 2299 3633 2385">
    <p class='ocr_par' dir='ltr' id='par_1_83' title="bbox 1983 2299 3633 2385">
     <span class='ocr_line' id='line_1_86' title="bbox 1983 2299 3633 2385; baseline 0.003 -18"><span class='ocrx_word' id='word_1_658' title='bbox 1983 2299 2265 2369; x_wconf 87' lang='lat' dir='ltr'><strong>liaritatem</strong></span> <span class='ocrx_word' id='word_1_659' title='bbox 2296 2315 2563 2385; x_wconf 87' lang='lat' dir='ltr'><strong>serpentis</strong></span> <span class='ocrx_word' id='word_1_660' title='bbox 2604 2317 2790 2371; x_wconf 87' lang='lat' dir='ltr'><strong>venire</strong></span> <span class='ocrx_word' id='word_1_661' title='bbox 2836 2315 3157 2385; x_wconf 90' lang='lat' dir='ltr'><strong>sustinuisti,</strong></span> <span class='ocrx_word' id='word_1_662' title='bbox 3211 2326 3268 2372; x_wconf 91' lang='lat' dir='ltr'><strong>ut</strong></span> <span class='ocrx_word' id='word_1_663' title='bbox 3307 2333 3337 2372; x_wconf 90' lang='lat' dir='ltr'><strong>a</strong></span> <span class='ocrx_word' id='word_1_664' title='bbox 3368 2318 3633 2373; x_wconf 52' lang='lat' dir='ltr'><strong>diabolo»</strong></span> 
     </span>
    </p>
   </div>
   <div class='ocr_carea' id='block_1_84' title="bbox 1982 2405 3581 2477">
    <p class='ocr_par' dir='ltr' id='par_1_84' title="bbox 1982 2405 3581 2477">
     <span class='ocr_line' id='line_1_87' title="bbox 1982 2405 3581 2477; baseline 0.004 -17"><span class='ocrx_word' id='word_1_665' title='bbox 1982 2420 2077 2476; x_wconf 88' lang='lat' dir='ltr'><strong>per</strong></span> <span class='ocrx_word' id='word_1_666' title='bbox 2097 2405 2237 2460; x_wconf 84' lang='lat' dir='ltr'><strong>hanc</strong></span> <span class='ocrx_word' id='word_1_667' title='bbox 2263 2406 2487 2461; x_wconf 83' lang='lat' dir='ltr'><strong>bestiam</strong></span> <span class='ocrx_word' id='word_1_668' title='bbox 2514 2407 2788 2477; x_wconf 87' lang='lat' dir='ltr'><strong>acciperes</strong></span> <span class='ocrx_word' id='word_1_669' title='bbox 2816 2409 3110 2463; x_wconf 84' lang='lat' dir='ltr'><strong>consilium</strong></span> <span class='ocrx_word' id='word_1_670' title='bbox 3137 2409 3419 2468; x_wconf 79' lang='lat' dir='ltr'><strong>manifeste</strong></span> <span class='ocrx_word' id='word_1_671' title='bbox 3449 2425 3581 2466; x_wconf 70' lang='lat' dir='ltr'><strong>cono</strong></span> 
     </span>
    </p>
   </div>
   <div class='ocr_carea' id='block_1_85' title="bbox 1984 2498 3583 2574">
    <p class='ocr_par' dir='ltr' id='par_1_85' title="bbox 1984 2498 3583 2574">
     <span class='ocr_line' id='line_1_88' title="bbox 1984 2498 3583 2574; baseline 0.005 -22"><span class='ocrx_word' id='word_1_672' title='bbox 1984 2498 2200 2552; x_wconf 87' lang='lat' dir='ltr'><strong>trarium</strong></span> <span class='ocrx_word' id='word_1_673' title='bbox 2243 2499 2308 2553; x_wconf 89' lang='lat' dir='ltr'><strong>iis</strong></span> <span class='ocrx_word' id='word_1_674' title='bbox 2355 2515 2476 2568; x_wconf 70' lang='lat' dir='ltr'><strong>qua:</strong></span> <span class='ocrx_word' id='word_1_675' title='bbox 2536 2514 2566 2553; x_wconf 88' lang='lat' dir='ltr'><strong>a</strong></span> <span class='ocrx_word' id='word_1_676' title='bbox 2621 2499 2732 2555; x_wconf 91' lang='lat' dir='ltr'><strong>Deo</strong></span> <span class='ocrx_word' id='word_1_677' title='bbox 2775 2509 2902 2555; x_wconf 91' lang='lat' dir='ltr'><strong>sunt</strong></span> <span class='ocrx_word' id='word_1_678' title='bbox 2941 2500 3183 2571; x_wconf 84' lang='lat' dir='ltr'><strong>injuncta</strong></span> <span class='ocrx_word' id='word_1_679' title='bbox 3218 2520 3231 2555; x_wconf 90' lang='lat'>:</span> <span class='ocrx_word' id='word_1_680' title='bbox 3261 2517 3436 2574; x_wconf 88' lang='lat' dir='ltr'><strong>neque</strong></span> <span class='ocrx_word' id='word_1_681' title='bbox 3503 2504 3583 2560; x_wconf 74' lang='lat' dir='ltr'><strong>sic</strong></span> 
     </span>
    </p>
   </div>
   <div class='ocr_carea' id='block_1_86' title="bbox 1981 2589 3582 2662">
    <p class='ocr_par' dir='ltr' id='par_1_86' title="bbox 1981 2589 3582 2662">
     <span class='ocr_line' id='line_1_89' title="bbox 1981 2589 3582 2662; baseline 0.005 -19"><span class='ocrx_word' id='word_1_682' title='bbox 1981 2599 2221 2644; x_wconf 85' lang='lat' dir='ltr'><strong>aversata</strong></span> <span class='ocrx_word' id='word_1_683' title='bbox 2271 2605 2332 2646; x_wconf 82' lang='lat' dir='ltr'><strong>es</strong></span> <span class='ocrx_word' id='word_1_684' title='bbox 2375 2591 2560 2658; x_wconf 91' lang='lat' dir='ltr'><strong>illum,</strong></span> <span class='ocrx_word' id='word_1_685' title='bbox 2618 2589 2714 2646; x_wconf 87' lang='lat' dir='ltr'><strong>sed</strong></span> <span class='ocrx_word' id='word_1_686' title='bbox 2760 2605 2865 2662; x_wconf 81' lang='lat' dir='ltr'><strong>spe</strong></span> <span class='ocrx_word' id='word_1_687' title='bbox 2903 2592 3297 2662; x_wconf 60' lang='lat' dir='ltr'><strong>promissionis,</strong></span> <span class='ocrx_word' id='word_1_688' title='bbox 3348 2593 3418 2649; x_wconf 89' lang='lat' dir='ltr'><strong>de</strong></span> <span class='ocrx_word' id='word_1_689' title='bbox 3459 2595 3582 2651; x_wconf 88' lang='lat' dir='ltr'><strong>cibo</strong></span> 
     </span>
    </p>
   </div>
   <div class='ocr_carea' id='block_1_87' title="bbox 1981 2683 3608 2755">
    <p class='ocr_par' dir='ltr' id='par_1_87' title="bbox 1981 2683 3608 2755">
     <span class='ocr_line' id='line_1_90' title="bbox 1981 2683 3608 2755; baseline 0.004 -19"><span class='ocrx_word' id='word_1_690' title='bbox 1981 2683 2072 2737; x_wconf 88' lang='lat' dir='ltr'><strong>illo</strong></span> <span class='ocrx_word' id='word_1_691' title='bbox 2102 2697 2317 2738; x_wconf 90' lang='lat' dir='ltr'><strong>sumere</strong></span> <span class='ocrx_word' id='word_1_692' title='bbox 2345 2697 2472 2737; x_wconf 89' lang='lat' dir='ltr'><strong>ausa</strong></span> <span class='ocrx_word' id='word_1_693' title='bbox 2505 2683 2598 2739; x_wconf 81' lang='lat' dir='ltr'><strong>es?</strong></span> <span class='ocrx_word' id='word_1_694' title='bbox 2629 2683 2985 2754; x_wconf 75' lang='lat' dir='ltr'><strong>Estoigitur;</strong></span> <span class='ocrx_word' id='word_1_695' title='bbox 3035 2685 3260 2755; x_wconf 86' lang='lat' dir='ltr'><strong>teipsam</strong></span> <span class='ocrx_word' id='word_1_696' title='bbox 3300 2687 3352 2740; x_wconf 92' lang='lat' dir='ltr'><strong>in</strong></span> <span class='ocrx_word' id='word_1_697' title='bbox 3377 2696 3608 2743; x_wconf 71' lang='lat' dir='ltr'><strong>tantum-</strong></span> 
     </span>
    </p>
   </div>
   <div class='ocr_carea' id='block_1_88' title="bbox 1981 2773 3576 2848">
    <p class='ocr_par' dir='ltr' id='par_1_88' title="bbox 1981 2773 3576 2848">
     <span class='ocr_line' id='line_1_91' title="bbox 1981 2773 3576 2848; baseline 0.005 -21"><span class='ocrx_word' id='word_1_698' title='bbox 1981 2774 2333 2844; x_wconf 74' lang='lat' dir='ltr'><strong>praccipitium</strong></span> <span class='ocrx_word' id='word_1_699' title='bbox 2374 2773 2666 2843; x_wconf 88' lang='lat' dir='ltr'><strong>depuleris,</strong></span> <span class='ocrx_word' id='word_1_700' title='bbox 2709 2784 2764 2830; x_wconf 90' lang='lat' dir='ltr'><strong>et</strong></span> <span class='ocrx_word' id='word_1_701' title='bbox 2793 2776 2997 2830; x_wconf 88' lang='lat' dir='ltr'><strong>honore</strong></span> <span class='ocrx_word' id='word_1_702' title='bbox 3038 2777 3274 2831; x_wconf 82' lang='lat' dir='ltr'><strong>maximo</strong></span> <span class='ocrx_word' id='word_1_703' title='bbox 3331 2779 3576 2848; x_wconf 74' lang='lat' dir='ltr'><strong>privave-</strong></span> 
     </span>
    </p>
   </div>
   <div class='ocr_carea' id='block_1_89' title="bbox 1981 2865 3574 2933">
    <p class='ocr_par' dir='ltr' id='par_1_89' title="bbox 1981 2865 3574 2933">
     <span class='ocr_line' id='line_1_92' title="bbox 1981 2865 3574 2933; baseline 0.001 -14"><span class='ocrx_word' id='word_1_704' title='bbox 1981 2865 2056 2919; x_wconf 89' lang='lat' dir='ltr'><strong>ris</strong></span> <span class='ocrx_word' id='word_1_705' title='bbox 2103 2881 2116 2918; x_wconf 89' lang='lat'>:</span> <span class='ocrx_word' id='word_1_706' title='bbox 2191 2879 2356 2933; x_wconf 86' lang='lat' dir='ltr'><strong>quare</strong></span> <span class='ocrx_word' id='word_1_707' title='bbox 2393 2871 2448 2920; x_wconf 91' lang='lat' dir='ltr'><strong>et</strong></span> <span class='ocrx_word' id='word_1_708' title='bbox 2487 2865 2660 2919; x_wconf 90' lang='lat' dir='ltr'><strong>virum</strong></span> <span class='ocrx_word' id='word_1_709' title='bbox 2713 2874 2878 2919; x_wconf 75' lang='lat' dir='ltr'><strong>tanta:</strong></span> <span class='ocrx_word' id='word_1_710' title='bbox 2931 2866 3099 2921; x_wconf 75' lang='lat' dir='ltr'><strong>ruinzc</strong></span> <span class='ocrx_word' id='word_1_711' title='bbox 3147 2868 3352 2921; x_wconf 88' lang='lat' dir='ltr'><strong>socium</strong></span> <span class='ocrx_word' id='word_1_712' title='bbox 3397 2869 3574 2924; x_wconf 65' lang='lat' dir='ltr'><strong>facis?</strong></span> 
     </span>
    </p>
   </div>
   <div class='ocr_carea' id='block_1_90' title="bbox 1981 2956 3576 3027">
    <p class='ocr_par' dir='ltr' id='par_1_90' title="bbox 1981 2956 3576 3027">
     <span class='ocr_line' id='line_1_93' title="bbox 1981 2956 3576 3027; baseline 0.003 -16"><span class='ocrx_word' id='word_1_713' title='bbox 1981 2965 2037 3011; x_wconf 91' lang='lat' dir='ltr'><strong>et</strong></span> <span class='ocrx_word' id='word_1_714' title='bbox 2079 2957 2237 3025; x_wconf 85' lang='lat' dir='ltr'><strong>cujus</strong></span> <span class='ocrx_word' id='word_1_715' title='bbox 2286 2966 2340 3011; x_wconf 89' lang='lat' dir='ltr'><strong>te</strong></span> <span class='ocrx_word' id='word_1_716' title='bbox 2367 2956 2684 3027; x_wconf 89' lang='lat' dir='ltr'><strong>adjutricem</strong></span> <span class='ocrx_word' id='word_1_717' title='bbox 2726 2971 2849 3011; x_wconf 91' lang='lat' dir='ltr'><strong>esse</strong></span> <span class='ocrx_word' id='word_1_718' title='bbox 2892 2957 3202 3026; x_wconf 88' lang='lat' dir='ltr'><strong>oportebat,</strong></span> <span class='ocrx_word' id='word_1_719' title='bbox 3247 2960 3390 3014; x_wconf 90' lang='lat' dir='ltr'><strong>illius</strong></span> <span class='ocrx_word' id='word_1_720' title='bbox 3442 2959 3576 3016; x_wconf 85' lang='lat' dir='ltr'><strong>facta</strong></span> 
     </span>
    </p>
   </div>
   <div class='ocr_carea' id='block_1_91' title="bbox 1979 3047 3579 3122">
    <p class='ocr_par' dir='ltr' id='par_1_91' title="bbox 1979 3047 3579 3122">
     <span class='ocr_line' id='line_1_94' title="bbox 1979 3047 3579 3122; baseline 0.002 -18"><span class='ocrx_word' id='word_1_721' title='bbox 1979 3063 2039 3104; x_wconf 87' lang='lat' dir='ltr'><strong>es</strong></span> <span class='ocrx_word' id='word_1_722' title='bbox 2064 3048 2379 3113; x_wconf 77' lang='lat' dir='ltr'><strong>insidiatrix,</strong></span> <span class='ocrx_word' id='word_1_723' title='bbox 2426 3058 2480 3102; x_wconf 92' lang='lat' dir='ltr'><strong>ct</strong></span> <span class='ocrx_word' id='word_1_724' title='bbox 2515 3048 2583 3102; x_wconf 92' lang='lat' dir='ltr'><strong>ob</strong></span> <span class='ocrx_word' id='word_1_725' title='bbox 2624 3047 2901 3102; x_wconf 89' lang='lat' dir='ltr'><strong>minimum</strong></span> <span class='ocrx_word' id='word_1_726' title='bbox 2941 3048 3047 3104; x_wconf 91' lang='lat' dir='ltr'><strong>cibi</strong></span> <span class='ocrx_word' id='word_1_727' title='bbox 3078 3049 3228 3105; x_wconf 89' lang='lat' dir='ltr'><strong>illum</strong></span> <span class='ocrx_word' id='word_1_728' title='bbox 3256 3066 3470 3122; x_wconf 86' lang='lat' dir='ltr'><strong>quoque</strong></span> <span class='ocrx_word' id='word_1_729' title='bbox 3504 3063 3579 3108; x_wconf 88' lang='lat' dir='ltr'><strong>te-</strong></span> 
     </span>
    </p>
   </div>
   <div class='ocr_carea' id='block_1_92' title="bbox 1979 3139 3579 3214">
    <p class='ocr_par' dir='ltr' id='par_1_92' title="bbox 1979 3139 3579 3214">
     <span class='ocr_line' id='line_1_95' title="bbox 1979 3139 3579 3214; baseline 0.001 -18"><span class='ocrx_word' id='word_1_730' title='bbox 1979 3153 2100 3196; x_wconf 90' lang='lat' dir='ltr'><strong>cum</strong></span> <span class='ocrx_word' id='word_1_731' title='bbox 2129 3155 2160 3195; x_wconf 87' lang='lat' dir='ltr'><strong>a</strong></span> <span class='ocrx_word' id='word_1_732' title='bbox 2201 3139 2371 3211; x_wconf 87' lang='lat' dir='ltr'><strong>gratia</strong></span> <span class='ocrx_word' id='word_1_733' title='bbox 2405 3139 2496 3194; x_wconf 91' lang='lat' dir='ltr'><strong>Dei</strong></span> <span class='ocrx_word' id='word_1_734' title='bbox 2527 3139 2846 3195; x_wconf 79' lang='lat' dir='ltr'><strong>abalienas?</strong></span> <span class='ocrx_word' id='word_1_735' title='bbox 2892 3139 3024 3208; x_wconf 74' lang='lat' dir='ltr'><strong>Qua:</strong></span> <span class='ocrx_word' id='word_1_736' title='bbox 3063 3150 3117 3198; x_wconf 89' lang='lat' dir='ltr'><strong>te</strong></span> <span class='ocrx_word' id='word_1_737' title='bbox 3161 3142 3463 3214; x_wconf 82' lang='lat' dir='ltr'><strong>prodigiosa</strong></span> <span class='ocrx_word' id='word_1_738' title='bbox 3495 3147 3579 3199; x_wconf 87' lang='lat' dir='ltr'><strong>in-</strong></span> 
     </span>
    </p>
   </div>
   <div class='ocr_carea' id='block_1_93' title="bbox 1979 3230 3582 3291">
    <p class='ocr_par' dir='ltr' id='par_1_93' title="bbox 1979 3230 3582 3291">
     <span class='ocr_line' id='line_1_96' title="bbox 1979 3230 3582 3291; baseline 0.003 -6"><span class='ocrx_word' id='word_1_739' title='bbox 1979 3231 2126 3286; x_wconf 89' lang='lat' dir='ltr'><strong>sania</strong></span> <span class='ocrx_word' id='word_1_740' title='bbox 2149 3231 2202 3286; x_wconf 92' lang='lat' dir='ltr'><strong>in</strong></span> <span class='ocrx_word' id='word_1_741' title='bbox 2229 3239 2427 3285; x_wconf 86' lang='lat' dir='ltr'><strong>tantam</strong></span> <span class='ocrx_word' id='word_1_742' title='bbox 2449 3230 2724 3286; x_wconf 90' lang='lat' dir='ltr'><strong>audaciam</strong></span> <span class='ocrx_word' id='word_1_743' title='bbox 2758 3231 3001 3287; x_wconf 81' lang='lat' dir='ltr'><strong>induxit?</strong></span> <span class='ocrx_word' id='word_1_744' title='bbox 3030 3232 3146 3289; x_wconf 87' lang='lat' dir='ltr'><strong>Non</strong></span> <span class='ocrx_word' id='word_1_745' title='bbox 3181 3235 3312 3290; x_wconf 90' lang='lat' dir='ltr'><strong>satis</strong></span> <span class='ocrx_word' id='word_1_746' title='bbox 3341 3246 3456 3291; x_wconf 88' lang='lat' dir='ltr'><strong>erat</strong></span> <span class='ocrx_word' id='word_1_747' title='bbox 3485 3237 3582 3290; x_wconf 78' lang='lat' dir='ltr'><strong>tibi</strong></span> 
     </span>
    </p>
   </div>
   <div class='ocr_carea' id='block_1_94' title="bbox 1980 3319 3576 3398">
    <p class='ocr_par' dir='ltr' id='par_1_94' title="bbox 1980 3319 3576 3398">
     <span class='ocr_line' id='line_1_97' title="bbox 1980 3319 3576 3398; baseline 0.004 -22"><span class='ocrx_word' id='word_1_748' title='bbox 1980 3320 2188 3377; x_wconf 89' lang='lat' dir='ltr'><strong>beatam</strong></span> <span class='ocrx_word' id='word_1_749' title='bbox 2219 3319 2357 3375; x_wconf 90' lang='lat' dir='ltr'><strong>hanc</strong></span> <span class='ocrx_word' id='word_1_750' title='bbox 2382 3321 2542 3376; x_wconf 89' lang='lat' dir='ltr'><strong>vitam</strong></span> <span class='ocrx_word' id='word_1_751' title='bbox 2569 3334 2749 3390; x_wconf 86' lang='lat' dir='ltr'><strong>agere,</strong></span> <span class='ocrx_word' id='word_1_752' title='bbox 2780 3329 2837 3376; x_wconf 90' lang='lat' dir='ltr'><strong>et</strong></span> <span class='ocrx_word' id='word_1_753' title='bbox 2859 3336 3087 3391; x_wconf 89' lang='lat' dir='ltr'><strong>corpore</strong></span> <span class='ocrx_word' id='word_1_754' title='bbox 3123 3324 3338 3398; x_wconf 85' lang='lat' dir='ltr'><strong>quidem</strong></span> <span class='ocrx_word' id='word_1_755' title='bbox 3367 3328 3576 3391; x_wconf 75' lang='lat' dir='ltr'><strong>vestiri,</strong></span> 
     </span>
    </p>
   </div>
   <div class='ocr_carea' id='block_1_95' title="bbox 1980 3413 3577 3485">
    <p class='ocr_par' dir='ltr' id='par_1_95' title="bbox 1980 3413 3577 3485">
     <span class='ocr_line' id='line_1_98' title="bbox 1980 3413 3577 3485; baseline 0.004 -17"><span class='ocrx_word' id='word_1_756' title='bbox 1980 3428 2152 3484; x_wconf 90' lang='lat' dir='ltr'><strong>neque</strong></span> <span class='ocrx_word' id='word_1_757' title='bbox 2175 3413 2472 3484; x_wconf 86' lang='lat' dir='ltr'><strong>corporalis</strong></span> <span class='ocrx_word' id='word_1_758' title='bbox 2512 3414 2587 3468; x_wconf 89' lang='lat' dir='ltr'><strong>rei</strong></span> <span class='ocrx_word' id='word_1_759' title='bbox 2618 3414 2843 3485; x_wconf 87' lang='lat' dir='ltr'><strong>alicujus</strong></span> <span class='ocrx_word' id='word_1_760' title='bbox 2873 3415 3103 3485; x_wconf 85' lang='lat' dir='ltr'><strong>indigam</strong></span> <span class='ocrx_word' id='word_1_761' title='bbox 3136 3418 3294 3472; x_wconf 82' lang='lat' dir='ltr'><strong>esse?</strong></span> <span class='ocrx_word' id='word_1_762' title='bbox 3331 3418 3577 3475; x_wconf 88' lang='lat' dir='ltr'><strong>omnibus</strong></span> 
     </span>
    </p>
   </div>
   <div class='ocr_carea' id='block_1_96' title="bbox 1979 3503 3574 3579">
    <p class='ocr_par' dir='ltr' id='par_1_96' title="bbox 1979 3503 3574 3579">
     <span class='ocr_line' id='line_1_99' title="bbox 1979 3503 3574 3579; baseline 0.004 -20"><span class='ocrx_word' id='word_1_763' title='bbox 1979 3504 2032 3560; x_wconf 92' lang='lat' dir='ltr'><strong>in</strong></span> <span class='ocrx_word' id='word_1_764' title='bbox 2087 3503 2333 3574; x_wconf 89' lang='lat' dir='ltr'><strong>paradiso</strong></span> <span class='ocrx_word' id='word_1_765' title='bbox 2372 3503 2510 3570; x_wconf 92' lang='lat' dir='ltr'><strong>frui,</strong></span> <span class='ocrx_word' id='word_1_766' title='bbox 2557 3514 2783 3575; x_wconf 85' lang='lat' dir='ltr'><strong>excepto</strong></span> <span class='ocrx_word' id='word_1_767' title='bbox 2831 3507 2987 3561; x_wconf 91' lang='lat' dir='ltr'><strong>unico</strong></span> <span class='ocrx_word' id='word_1_768' title='bbox 3015 3506 3117 3562; x_wconf 90' lang='lat' dir='ltr'><strong>hoc</strong></span> <span class='ocrx_word' id='word_1_769' title='bbox 3144 3508 3574 3579; x_wconf 82' lang='lat' dir='ltr'><strong>ligno‘lvisibilia</strong></span> 
     </span>
    </p>
   </div>
   <div class='ocr_carea' id='block_1_97' title="bbox 1977 3597 3573 3666">
    <p class='ocr_par' dir='ltr' id='par_1_97' title="bbox 1977 3597 3573 3666">
     <span class='ocr_line' id='line_1_100' title="bbox 1977 3597 3573 3666; baseline 0.005 -15"><span class='ocrx_word' id='word_1_770' title='bbox 1977 3597 2156 3651; x_wconf 89' lang='lat' dir='ltr'><strong>omnia</strong></span> <span class='ocrx_word' id='word_1_771' title='bbox 2189 3597 2290 3651; x_wconf 90' lang='lat' dir='ltr'><strong>sub</strong></span> <span class='ocrx_word' id='word_1_772' title='bbox 2317 3603 2492 3650; x_wconf 88' lang='lat' dir='ltr'><strong>vestra</strong></span> <span class='ocrx_word' id='word_1_773' title='bbox 2522 3611 2642 3651; x_wconf 88' lang='lat' dir='ltr'><strong>esse</strong></span> <span class='ocrx_word' id='word_1_774' title='bbox 2677 3605 2959 3666; x_wconf 89' lang='lat' dir='ltr'><strong>potestate,</strong></span> <span class='ocrx_word' id='word_1_775' title='bbox 3009 3607 3062 3653; x_wconf 91' lang='lat' dir='ltr'><strong>et</strong></span> <span class='ocrx_word' id='word_1_776' title='bbox 3098 3608 3151 3655; x_wconf 90' lang='lat' dir='ltr'><strong>te</strong></span> <span class='ocrx_word' id='word_1_777' title='bbox 3188 3614 3309 3656; x_wconf 87' lang='lat' dir='ltr'><strong>esse</strong></span> <span class='ocrx_word' id='word_1_778' title='bbox 3335 3603 3573 3660; x_wconf 90' lang='lat' dir='ltr'><strong>omnium</strong></span> 
     </span>
    </p>
   </div>
   <div class='ocr_carea' id='block_1_98' title="bbox 1976 3692 3573 3770">
    <p class='ocr_par' dir='ltr' id='par_1_98' title="bbox 1976 3692 3573 3770">
     <span class='ocr_line' id='line_1_101' title="bbox 1976 3692 3573 3770; baseline 0.006 -24"><span class='ocrx_word' id='word_1_779' title='bbox 1976 3692 2288 3748; x_wconf 77' lang='lat' dir='ltr'><strong>dominam?</strong></span> <span class='ocrx_word' id='word_1_780' title='bbox 2331 3694 2435 3750; x_wconf 90' lang='lat' dir='ltr'><strong>Sed</strong></span> <span class='ocrx_word' id='word_1_781' title='bbox 2467 3694 2620 3749; x_wconf 90' lang='lat' dir='ltr'><strong>vanis</strong></span> <span class='ocrx_word' id='word_1_782' title='bbox 2650 3694 2870 3764; x_wconf 88' lang='lat' dir='ltr'><strong>decepta</strong></span> <span class='ocrx_word' id='word_1_783' title='bbox 2926 3696 3406 3766; x_wconf 89' lang='lat' dir='ltr'><strong>promissionibus,</strong></span> <span class='ocrx_word' id='word_1_784' title='bbox 3452 3713 3573 3770; x_wconf 86' lang='lat' dir='ltr'><strong>spe-</strong></span> 
     </span>
    </p>
   </div>
   <div class='ocr_carea' id='block_1_99' title="bbox 1977 3784 3575 3859">
    <p class='ocr_par' dir='ltr' id='par_1_99' title="bbox 1977 3784 3575 3859">
     <span class='ocr_line' id='line_1_102' title="bbox 1977 3784 3575 3859; baseline 0.005 -22"><span class='ocrx_word' id='word_1_785' title='bbox 1977 3784 2103 3839; x_wconf 91' lang='lat' dir='ltr'><strong>rasti</strong></span> <span class='ocrx_word' id='word_1_786' title='bbox 2132 3784 2291 3838; x_wconf 88' lang='lat' dir='ltr'><strong>etiam</strong></span> <span class='ocrx_word' id='word_1_787' title='bbox 2323 3785 2374 3838; x_wconf 93' lang='lat' dir='ltr'><strong>in</strong></span> <span class='ocrx_word' id='word_1_788' title='bbox 2405 3799 2670 3839; x_wconf 90' lang='lat' dir='ltr'><strong>summum</strong></span> <span class='ocrx_word' id='word_1_789' title='bbox 2705 3785 2984 3854; x_wconf 88' lang='lat' dir='ltr'><strong>pervenire</strong></span> <span class='ocrx_word' id='word_1_790' title='bbox 3014 3784 3238 3842; x_wconf 89' lang='lat' dir='ltr'><strong>honoris</strong></span> <span class='ocrx_word' id='word_1_791' title='bbox 3263 3787 3575 3859; x_wconf 69' lang='lat' dir='ltr'><strong>fastigium?</strong></span> 
     </span>
    </p>
   </div>
   <div class='ocr_carea' id='block_1_100' title="bbox 1978 3876 3580 3953">
    <p class='ocr_par' dir='ltr' id='par_1_100' title="bbox 1978 3876 3580 3953">
     <span class='ocr_line' id='line_1_103' title="bbox 1978 3876 3580 3953; baseline 0.002 -21"><span class='ocrx_word' id='word_1_792' title='bbox 1978 3876 2180 3932; x_wconf 88' lang='lat' dir='ltr'><strong>Idcirco</strong></span> <span class='ocrx_word' id='word_1_793' title='bbox 2208 3877 2382 3932; x_wconf 90' lang='lat' dir='ltr'><strong>disces</strong></span> <span class='ocrx_word' id='word_1_794' title='bbox 2412 3893 2470 3933; x_wconf 89' lang='lat' dir='ltr'><strong>re</strong></span> <span class='ocrx_word' id='word_1_795' title='bbox 2499 3878 2633 3947; x_wconf 86' lang='lat' dir='ltr'><strong>ipsa,</strong></span> <span class='ocrx_word' id='word_1_796' title='bbox 2655 3887 2707 3932; x_wconf 88' lang='lat' dir='ltr'><strong>te</strong></span> <span class='ocrx_word' id='word_1_797' title='bbox 2735 3891 2840 3932; x_wconf 93' lang='lat' dir='ltr'><strong>non</strong></span> <span class='ocrx_word' id='word_1_798' title='bbox 2870 3877 3042 3933; x_wconf 88' lang='lat' dir='ltr'><strong>solum</strong></span> <span class='ocrx_word' id='word_1_799' title='bbox 3071 3877 3162 3933; x_wconf 87' lang='lat' dir='ltr'><strong>illa</strong></span> <span class='ocrx_word' id='word_1_800' title='bbox 3194 3894 3301 3935; x_wconf 88' lang='lat' dir='ltr'><strong>non</strong></span> <span class='ocrx_word' id='word_1_801' title='bbox 3323 3895 3580 3953; x_wconf 76' lang='lat' dir='ltr'><strong>assequo.</strong></span> 
     </span>
    </p>
   </div>
   <div class='ocr_carea' id='block_1_101' title="bbox 1977 3967 3571 4037">
    <p class='ocr_par' dir='ltr' id='par_1_101' title="bbox 1977 3967 3571 4037">
     <span class='ocr_line' id='line_1_104' title="bbox 1977 3967 3571 4037; baseline 0.003 -15"><span class='ocrx_word' id='word_1_802' title='bbox 1977 3977 2147 4022; x_wconf 91' lang='lat' dir='ltr'><strong>turam</strong></span> <span class='ocrx_word' id='word_1_803' title='bbox 2195 3983 2338 4034; x_wconf 90' lang='lat' dir='ltr'><strong>esse,</strong></span> <span class='ocrx_word' id='word_1_804' title='bbox 2383 3969 2477 4024; x_wconf 89' lang='lat' dir='ltr'><strong>sed</strong></span> <span class='ocrx_word' id='word_1_805' title='bbox 2525 3977 2580 4022; x_wconf 92' lang='lat' dir='ltr'><strong>et</strong></span> <span class='ocrx_word' id='word_1_806' title='bbox 2623 3967 2871 4023; x_wconf 89' lang='lat' dir='ltr'><strong>omnibus</strong></span> <span class='ocrx_word' id='word_1_807' title='bbox 2904 3968 3014 4037; x_wconf 90' lang='lat' dir='ltr'><strong>jam</strong></span> <span class='ocrx_word' id='word_1_808' title='bbox 3056 3983 3086 4022; x_wconf 89' lang='lat' dir='ltr'><strong>a</strong></span> <span class='ocrx_word' id='word_1_809' title='bbox 3136 3969 3244 4024; x_wconf 88' lang='lat' dir='ltr'><strong>Deo</strong></span> <span class='ocrx_word' id='word_1_810' title='bbox 3297 3971 3387 4025; x_wconf 89' lang='lat' dir='ltr'><strong>tibi</strong></span> <span class='ocrx_word' id='word_1_811' title='bbox 3435 3971 3571 4027; x_wconf 90' lang='lat' dir='ltr'><strong>datis</strong></span> 
     </span>
    </p>
   </div>
   <div class='ocr_carea' id='block_1_102' title="bbox 1976 4057 3571 4129">
    <p class='ocr_par' dir='ltr' id='par_1_102' title="bbox 1976 4057 3571 4129">
     <span class='ocr_line' id='line_1_105' title="bbox 1976 4057 3571 4129; baseline 0.005 -19"><span class='ocrx_word' id='word_1_812' title='bbox 1976 4057 2283 4126; x_wconf 87' lang='lat' dir='ltr'><strong>privandam</strong></span> <span class='ocrx_word' id='word_1_813' title='bbox 2314 4066 2368 4112; x_wconf 85' lang='lat' dir='ltr'><strong>et</strong></span> <span class='ocrx_word' id='word_1_814' title='bbox 2397 4059 2641 4127; x_wconf 81' lang='lat' dir='ltr'><strong>teipsatn,</strong></span> <span class='ocrx_word' id='word_1_815' title='bbox 2694 4067 2750 4112; x_wconf 86' lang='lat' dir='ltr'><strong>et</strong></span> <span class='ocrx_word' id='word_1_816' title='bbox 2785 4057 2960 4113; x_wconf 92' lang='lat' dir='ltr'><strong>virum</strong></span> <span class='ocrx_word' id='word_1_817' title='bbox 3002 4076 3016 4112; x_wconf 89' lang='lat'><strong>:</strong></span> <span class='ocrx_word' id='word_1_818' title='bbox 3051 4067 3214 4129; x_wconf 89' lang='lat' dir='ltr'><strong>atque</strong></span> <span class='ocrx_word' id='word_1_819' title='bbox 3259 4060 3312 4115; x_wconf 90' lang='lat' dir='ltr'><strong>in</strong></span> <span class='ocrx_word' id='word_1_820' title='bbox 3369 4068 3571 4118; x_wconf 87' lang='lat' dir='ltr'><strong>tantam</strong></span> 
     </span>
    </p>
   </div>
   <div class='ocr_carea' id='block_1_103' title="bbox 1976 4150 3570 4221">
    <p class='ocr_par' dir='ltr' id='par_1_103' title="bbox 1976 4150 3570 4221">
     <span class='ocr_line' id='line_1_106' title="bbox 1976 4150 3570 4221; baseline 0.004 -17"><span class='ocrx_word' id='word_1_821' title='bbox 1976 4151 2344 4221; x_wconf 69' lang='lat' dir='ltr'><strong>paenitentiam</strong></span> <span class='ocrx_word' id='word_1_822' title='bbox 2393 4150 2637 4214; x_wconf 88' lang='lat' dir='ltr'><strong>venietis,</strong></span> <span class='ocrx_word' id='word_1_823' title='bbox 2681 4158 2738 4204; x_wconf 90' lang='lat' dir='ltr'><strong>ut</strong></span> <span class='ocrx_word' id='word_1_824' title='bbox 2790 4160 2845 4205; x_wconf 91' lang='lat' dir='ltr'><strong>et</strong></span> <span class='ocrx_word' id='word_1_825' title='bbox 2885 4165 3041 4206; x_wconf 87' lang='lat' dir='ltr'><strong>serus</strong></span> <span class='ocrx_word' id='word_1_826' title='bbox 3068 4161 3248 4208; x_wconf 89' lang='lat' dir='ltr'><strong>vester</strong></span> <span class='ocrx_word' id='word_1_827' title='bbox 3284 4153 3440 4210; x_wconf 90' lang='lat' dir='ltr'><strong>dolor</strong></span> <span class='ocrx_word' id='word_1_828' title='bbox 3490 4156 3570 4211; x_wconf 78' lang='lat' dir='ltr'><strong>tu-</strong></span> 
     </span>
    </p>
   </div>
   <div class='ocr_carea' id='block_1_104' title="bbox 1975 4241 3589 4314">
    <p class='ocr_par' dir='ltr' id='par_1_104' title="bbox 1975 4241 3589 4314">
     <span class='ocr_line' id='line_1_107' title="bbox 1975 4241 3589 4314; baseline 0.002 -16"><span class='ocrx_word' id='word_1_829' title='bbox 1975 4252 2143 4310; x_wconf 89' lang='lat' dir='ltr'><strong>turus,</strong></span> <span class='ocrx_word' id='word_1_830' title='bbox 2189 4253 2245 4298; x_wconf 91' lang='lat' dir='ltr'><strong>et</strong></span> <span class='ocrx_word' id='word_1_831' title='bbox 2281 4245 2544 4314; x_wconf 87' lang='lat' dir='ltr'><strong>malignus</strong></span> <span class='ocrx_word' id='word_1_832' title='bbox 2567 4241 2797 4305; x_wconf 66' lang='lat' dir='ltr'><strong>daemon,</strong></span> <span class='ocrx_word' id='word_1_833' title='bbox 2829 4243 2919 4313; x_wconf 88' lang='lat' dir='ltr'><strong>qui</strong></span> <span class='ocrx_word' id='word_1_834' title='bbox 2947 4243 3049 4298; x_wconf 89' lang='lat' dir='ltr'><strong>hoc</strong></span> <span class='ocrx_word' id='word_1_835' title='bbox 3076 4243 3391 4300; x_wconf 89' lang='lat' dir='ltr'><strong>damnosum</strong></span> <span class='ocrx_word' id='word_1_836' title='bbox 3419 4247 3589 4304; x_wconf 80' lang='lat' dir='ltr'><strong>vobis.-</strong></span> 
     </span>
    </p>
   </div>
   <div class='ocr_carea' id='block_1_105' title="bbox 1973 4333 3584 4406">
    <p class='ocr_par' dir='ltr' id='par_1_105' title="bbox 1973 4333 3584 4406">
     <span class='ocr_line' id='line_1_108' title="bbox 1973 4333 3584 4406; baseline 0.003 -16"><span class='ocrx_word' id='word_1_837' title='bbox 1973 4335 2254 4391; x_wconf 87' lang='lat' dir='ltr'><strong>consilium</strong></span> <span class='ocrx_word' id='word_1_838' title='bbox 2271 4333 2536 4404; x_wconf 84' lang='lat' dir='ltr'><strong>suggessit</strong></span> <span class='ocrx_word' id='word_1_839' title='bbox 2563 4335 2788 4401; x_wconf 87' lang='lat' dir='ltr'><strong>risurus,</strong></span> <span class='ocrx_word' id='word_1_840' title='bbox 2811 4335 3071 4406; x_wconf 89' lang='lat' dir='ltr'><strong>vobisque</strong></span> <span class='ocrx_word' id='word_1_841' title='bbox 3100 4335 3447 4393; x_wconf 63' lang='lat' dir='ltr'><strong>insultaturus</strong></span> <span class='ocrx_word' id='word_1_842' title='bbox 3476 4339 3584 4406; x_wconf 63' lang='lat' dir='ltr'><strong>sit,</strong></span> 
     </span>
    </p>
   </div>
   <div class='ocr_carea' id='block_1_106' title="bbox 1974 4425 3566 4498">
    <p class='ocr_par' dir='ltr' id='par_1_106' title="bbox 1974 4425 3566 4498">
     <span class='ocr_line' id='line_1_109' title="bbox 1974 4425 3566 4498; baseline 0.006 -18"><span class='ocrx_word' id='word_1_843' title='bbox 1974 4434 2156 4496; x_wconf 89' lang='lat' dir='ltr'><strong>utpote</strong></span> <span class='ocrx_word' id='word_1_844' title='bbox 2195 4425 2518 4495; x_wconf 88' lang='lat' dir='ltr'><strong>jacentibus,</strong></span> <span class='ocrx_word' id='word_1_845' title='bbox 2549 4436 2602 4482; x_wconf 95' lang='lat' dir='ltr'><strong>et</strong></span> <span class='ocrx_word' id='word_1_846' title='bbox 2629 4426 2818 4482; x_wconf 88' lang='lat' dir='ltr'><strong>eadem</strong></span> <span class='ocrx_word' id='word_1_847' title='bbox 2845 4442 2965 4496; x_wconf 66' lang='lat' dir='ltr'><strong>quae</strong></span> <span class='ocrx_word' id='word_1_848' title='bbox 2995 4428 3108 4497; x_wconf 89' lang='lat' dir='ltr'><strong>ipse</strong></span> <span class='ocrx_word' id='word_1_849' title='bbox 3134 4429 3335 4498; x_wconf 48' lang='lat' dir='ltr'><strong>passisa</strong></span> <span class='ocrx_word' id='word_1_850' title='bbox 3355 4430 3566 4489; x_wconf 87' lang='lat' dir='ltr'><strong>Etenim</strong></span> 
     </span>
    </p>
   </div>
   <div class='ocr_carea' id='block_1_107' title="bbox 1971 4516 3566 4587">
    <p class='ocr_par' dir='ltr' id='par_1_107' title="bbox 1971 4516 3566 4587">
     <span class='ocr_line' id='line_1_110' title="bbox 1971 4516 3566 4587; baseline 0.004 -15"><span class='ocrx_word' id='word_1_851' title='bbox 1971 4519 2108 4572; x_wconf 89' lang='lat' dir='ltr'><strong>sicut</strong></span> <span class='ocrx_word' id='word_1_852' title='bbox 2136 4517 2223 4571; x_wconf 89' lang='lat' dir='ltr'><strong>ille</strong></span> <span class='ocrx_word' id='word_1_853' title='bbox 2246 4532 2403 4587; x_wconf 89' lang='lat' dir='ltr'><strong>supra</strong></span> <span class='ocrx_word' id='word_1_854' title='bbox 2430 4531 2589 4587; x_wconf 88' lang='lat' dir='ltr'><strong>quam</strong></span> <span class='ocrx_word' id='word_1_855' title='bbox 2631 4516 2855 4572; x_wconf 88' lang='lat' dir='ltr'><strong>decebat</strong></span> <span class='ocrx_word' id='word_1_856' title='bbox 2887 4517 2957 4573; x_wconf 90' lang='lat' dir='ltr'><strong>de</strong></span> <span class='ocrx_word' id='word_1_857' title='bbox 2992 4533 3052 4574; x_wconf 89' lang='lat' dir='ltr'><strong>se</strong></span> <span class='ocrx_word' id='word_1_858' title='bbox 3093 4521 3352 4587; x_wconf 89' lang='lat' dir='ltr'><strong>sentiens,</strong></span> <span class='ocrx_word' id='word_1_859' title='bbox 3382 4537 3410 4577; x_wconf 90' lang='lat' dir='ltr'><strong>a</strong></span> <span class='ocrx_word' id='word_1_860' title='bbox 3441 4538 3566 4578; x_wconf 88' lang='lat' dir='ltr'><strong>con-</strong></span> 
     </span>
    </p>
   </div>
   <div class='ocr_carea' id='block_1_108' title="bbox 1970 4607 3563 4677">
    <p class='ocr_par' dir='ltr' id='par_1_108' title="bbox 1970 4607 3563 4677">
     <span class='ocr_line' id='line_1_111' title="bbox 1970 4607 3563 4677; baseline 0.004 -15"><span class='ocrx_word' id='word_1_861' title='bbox 1970 4622 2118 4664; x_wconf 88' lang='lat' dir='ltr'><strong>cessa</strong></span> <span class='ocrx_word' id='word_1_862' title='bbox 2151 4607 2403 4677; x_wconf 87' lang='lat' dir='ltr'><strong>dignitate</strong></span> <span class='ocrx_word' id='word_1_863' title='bbox 2427 4607 2763 4674; x_wconf 86' lang='lat' dir='ltr'><strong>deturbatus,</strong></span> <span class='ocrx_word' id='word_1_864' title='bbox 2811 4617 2865 4664; x_wconf 89' lang='lat' dir='ltr'><strong>et</strong></span> <span class='ocrx_word' id='word_1_865' title='bbox 2893 4624 2925 4664; x_wconf 90' lang='lat' dir='ltr'><strong>e</strong></span> <span class='ocrx_word' id='word_1_866' title='bbox 2962 4609 3107 4665; x_wconf 69' lang='lat' dir='ltr'><strong>caalis</strong></span> <span class='ocrx_word' id='word_1_867' title='bbox 3143 4610 3194 4664; x_wconf 93' lang='lat' dir='ltr'><strong>in</strong></span> <span class='ocrx_word' id='word_1_868' title='bbox 3238 4619 3433 4666; x_wconf 87' lang='lat' dir='ltr'><strong>terram</strong></span> <span class='ocrx_word' id='word_1_869' title='bbox 3464 4614 3563 4669; x_wconf 87' lang='lat' dir='ltr'><strong>de-</strong></span> 
     </span>
    </p>
   </div>
   <div class='ocr_carea' id='block_1_109' title="bbox 1966 4698 3565 4771">
    <p class='ocr_par' dir='ltr' id='par_1_109' title="bbox 1966 4698 3565 4771">
     <span class='ocr_line' id='line_1_112' title="bbox 1966 4698 3565 4771; baseline 0.004 -18"><span class='ocrx_word' id='word_1_870' title='bbox 1966 4698 2139 4769; x_wconf 89' lang='lat' dir='ltr'><strong>jectus</strong></span> <span class='ocrx_word' id='word_1_871' title='bbox 2177 4708 2261 4753; x_wconf 90' lang='lat' dir='ltr'><strong>est</strong></span> <span class='ocrx_word' id='word_1_872' title='bbox 2292 4715 2307 4752; x_wconf 92' lang='lat'><strong>:</strong></span> <span class='ocrx_word' id='word_1_873' title='bbox 2335 4698 2473 4752; x_wconf 91' lang='lat' dir='ltr'><strong>istud</strong></span> <span class='ocrx_word' id='word_1_874' title='bbox 2500 4698 2674 4768; x_wconf 89' lang='lat' dir='ltr'><strong>ipsum</strong></span> <span class='ocrx_word' id='word_1_875' title='bbox 2701 4708 2756 4753; x_wconf 90' lang='lat' dir='ltr'><strong>et</strong></span> <span class='ocrx_word' id='word_1_876' title='bbox 2780 4713 2874 4752; x_wconf 90' lang='lat' dir='ltr'><strong>vos</strong></span> <span class='ocrx_word' id='word_1_877' title='bbox 2907 4699 3100 4767; x_wconf 85' lang='lat' dir='ltr'><strong>facere,</strong></span> <span class='ocrx_word' id='word_1_878' title='bbox 3132 4710 3184 4755; x_wconf 90' lang='lat' dir='ltr'><strong>ct</strong></span> <span class='ocrx_word' id='word_1_879' title='bbox 3212 4716 3307 4771; x_wconf 89' lang='lat' dir='ltr'><strong>per</strong></span> <span class='ocrx_word' id='word_1_880' title='bbox 3327 4703 3565 4759; x_wconf 88' lang='lat' dir='ltr'><strong>mandati</strong></span> 
     </span>
    </p>
   </div>
   <div class='ocr_carea' id='block_1_110' title="bbox 1971 4789 3560 4860">
    <p class='ocr_par' dir='ltr' id='par_1_110' title="bbox 1971 4789 3560 4860">
     <span class='ocr_line' id='line_1_113' title="bbox 1971 4789 3560 4860; baseline 0.004 -18"><span class='ocrx_word' id='word_1_881' title='bbox 1971 4789 2463 4857; x_wconf 72' lang='lat' dir='ltr'><strong>przevaricationem</strong></span> <span class='ocrx_word' id='word_1_882' title='bbox 2522 4789 2574 4843; x_wconf 93' lang='lat' dir='ltr'><strong>in</strong></span> <span class='ocrx_word' id='word_1_883' title='bbox 2629 4789 2816 4844; x_wconf 90' lang='lat' dir='ltr'><strong>mortis</strong></span> <span class='ocrx_word' id='word_1_884' title='bbox 2865 4791 3049 4846; x_wconf 88' lang='lat' dir='ltr'><strong>venire</strong></span> <span class='ocrx_word' id='word_1_885' title='bbox 3097 4805 3312 4860; x_wconf 74' lang='lat' dir='ltr'><strong>ptenam</strong></span> <span class='ocrx_word' id='word_1_886' title='bbox 3364 4795 3560 4859; x_wconf 88' lang='lat' dir='ltr'><strong>voluit,</strong></span> 
     </span>
    </p>
   </div>
   <div class='ocr_carea' id='block_1_111' title="bbox 1972 4880 3564 4954">
    <p class='ocr_par' dir='ltr' id='par_1_111' title="bbox 1972 4880 3564 4954">
     <span class='ocr_line' id='line_1_114' title="bbox 1972 4880 3564 4954; baseline 0.006 -22"><span class='ocrx_word' id='word_1_887' title='bbox 1972 4881 2041 4935; x_wconf 88' lang='lat' dir='ltr'><strong>ita</strong></span> <span class='ocrx_word' id='word_1_888' title='bbox 2086 4895 2198 4936; x_wconf 73' lang='lat' dir='ltr'><strong>sua:</strong></span> <span class='ocrx_word' id='word_1_889' title='bbox 2221 4880 2550 4935; x_wconf 86' lang='lat' dir='ltr'><strong>satisfaciens</strong></span> <span class='ocrx_word' id='word_1_890' title='bbox 2572 4880 2782 4935; x_wconf 66' lang='lat' dir='ltr'><strong>invidiae</strong></span> <span class='ocrx_word' id='word_1_891' title='bbox 2812 4898 2825 4932; x_wconf 89' lang='lat'><strong>:</strong></span> <span class='ocrx_word' id='word_1_892' title='bbox 2859 4882 2999 4935; x_wconf 90' lang='lat' dir='ltr'><strong>sicut</strong></span> <span class='ocrx_word' id='word_1_893' title='bbox 3027 4890 3081 4936; x_wconf 87' lang='lat' dir='ltr'><strong>et</strong></span> <span class='ocrx_word' id='word_1_894' title='bbox 3105 4882 3320 4953; x_wconf 89' lang='lat' dir='ltr'><strong>sapiens</strong></span> <span class='ocrx_word' id='word_1_895' title='bbox 3347 4886 3564 4954; x_wconf 80' lang='lat' dir='ltr'><strong>quidam</strong></span> 
     </span>
    </p>
   </div>
   <div class='ocr_carea' id='block_1_112' title="bbox 1971 4970 3564 5036">
    <p class='ocr_par' dir='ltr' id='par_1_112' title="bbox 1971 4970 3564 5036">
     <span class='ocr_line' id='line_1_115' title="bbox 1971 4970 3564 5036; baseline 0.004 -12"><span class='ocrx_word' id='word_1_896' title='bbox 1971 4971 2176 5026; x_wconf 87' lang='lat' dir='ltr'><strong>dicebat</strong></span> <span class='ocrx_word' id='word_1_897' title='bbox 2205 4989 2218 5024; x_wconf 87' lang='lat'><strong>:</strong></span> <span class='ocrx_word' id='word_1_898' title='bbox 2248 4970 2454 5024; x_wconf 83' lang='lat' dir='ltr'><strong>Invidia</strong></span> <span class='ocrx_word' id='word_1_899' title='bbox 2488 4979 2655 5025; x_wconf 86' lang='lat' dir='ltr'><strong>autem</strong></span> <span class='ocrx_word' id='word_1_900' title='bbox 2695 4971 2905 5036; x_wconf 79' lang='lat' dir='ltr'><strong>diaboli,</strong></span> <span class='ocrx_word' id='word_1_901' title='bbox 2955 4988 3090 5025; x_wconf 83' lang='lat' dir='ltr'><strong>mors</strong></span> <span class='ocrx_word' id='word_1_902' title='bbox 3118 4974 3173 5026; x_wconf 88' lang='lat' dir='ltr'><strong>in</strong></span> <span class='ocrx_word' id='word_1_903' title='bbox 3199 4973 3447 5029; x_wconf 83' lang='lat' dir='ltr'><strong>mundum</strong></span> <span class='ocrx_word' id='word_1_904' title='bbox 3483 4978 3564 5031; x_wconf 84' lang='lat' dir='ltr'><strong>in-</strong></span> 
     </span>
    </p>
   </div>
   <div class='ocr_carea' id='block_1_113' title="bbox 1971 5055 3561 5134">
    <p class='ocr_par' dir='ltr' id='par_1_113' title="bbox 1971 5055 3561 5134">
     <span class='ocr_line' id='line_1_116' title="bbox 1971 5055 3561 5134; baseline 0.004 -19"><span class='ocrx_word' id='word_1_905' title='bbox 1971 5063 2116 5116; x_wconf 84' lang='lat' dir='ltr'><strong>trauit</strong></span> <span class='ocrx_word' id='word_1_906' title='bbox 2158 5061 2314 5132; x_wconf 82' lang='lat' dir='ltr'><strong>(Sap.</strong></span> <span class='ocrx_word' id='word_1_907' title='bbox 2343 5061 2397 5114; x_wconf 74' lang='grc'><strong>2.</strong></span> <span class='ocrx_word' id='word_1_908' title='bbox 2426 5060 2542 5128; x_wconf 63' lang='lat'><strong>24).</strong></span> <span class='ocrx_word' id='word_1_909' title='bbox 2592 5060 2660 5114; x_wconf 86' lang='lat' dir='ltr'><strong>Et</strong></span> <span class='ocrx_word' id='word_1_910' title='bbox 2699 5061 2855 5129; x_wconf 87' lang='lat' dir='ltr'><strong>dedit,</strong></span> <span class='ocrx_word' id='word_1_911' title='bbox 2888 5063 3080 5132; x_wconf 89' lang='lat' dir='ltr'><strong>inquit,</strong></span> <span class='ocrx_word' id='word_1_912' title='bbox 3113 5055 3262 5118; x_wconf 81' lang='lat' dir='ltr'><strong>etiam</strong></span> <span class='ocrx_word' id='word_1_913' title='bbox 3292 5066 3398 5120; x_wconf 83' lang='lat' dir='ltr'><strong>viro</strong></span> <span class='ocrx_word' id='word_1_914' title='bbox 3426 5084 3561 5134; x_wconf 81' lang='lat' dir='ltr'><strong>suo;</strong></span> 
     </span>
    </p>
   </div>
   <div class='ocr_carea' id='block_1_114' title="bbox 1970 5154 3560 5229">
    <p class='ocr_par' dir='ltr' id='par_1_114' title="bbox 1970 5154 3560 5229">
     <span class='ocr_line' id='line_1_117' title="bbox 1970 5154 3560 5229; baseline 0.004 -22"><span class='ocrx_word' id='word_1_915' title='bbox 1970 5163 2018 5207; x_wconf 80' lang='lat' dir='ltr'><strong>et</strong></span> <span class='ocrx_word' id='word_1_916' title='bbox 2055 5155 2409 5216; x_wconf 82' lang='lat' dir='ltr'><strong>comederunt,</strong></span> <span class='ocrx_word' id='word_1_917' title='bbox 2457 5163 2504 5206; x_wconf 88' lang='lat' dir='ltr'><strong>et</strong></span> <span class='ocrx_word' id='word_1_918' title='bbox 2547 5154 2709 5222; x_wconf 83' lang='lat' dir='ltr'><strong>aperti</strong></span> <span class='ocrx_word' id='word_1_919' title='bbox 2754 5164 2868 5206; x_wconf 80' lang='lat' dir='ltr'><strong>sunt</strong></span> <span class='ocrx_word' id='word_1_920' title='bbox 2913 5154 3048 5208; x_wconf 84' lang='lat' dir='ltr'><strong>oculi</strong></span> <span class='ocrx_word' id='word_1_921' title='bbox 3100 5156 3322 5210; x_wconf 81' lang='lat' dir='ltr'><strong>illorum.</strong></span> <span class='ocrx_word' id='word_1_922' title='bbox 3373 5157 3560 5229; x_wconf 77' lang='lat' dir='ltr'><strong>Magna</strong></span> 
     </span>
    </p>
   </div>
   <div class='ocr_carea' id='block_1_115' title="bbox 1969 5243 3555 5320">
    <p class='ocr_par' dir='ltr' id='par_1_115' title="bbox 1969 5243 3555 5320">
     <span class='ocr_line' id='line_1_118' title="bbox 1969 5243 3555 5320; baseline 0.003 -20"><span class='ocrx_word' id='word_1_923' title='bbox 1969 5247 2126 5300; x_wconf 88' lang='lat' dir='ltr'><strong>etiam</strong></span> <span class='ocrx_word' id='word_1_924' title='bbox 2177 5244 2272 5298; x_wconf 90' lang='lat' dir='ltr'><strong>viri</strong></span> <span class='ocrx_word' id='word_1_925' title='bbox 2317 5244 2654 5314; x_wconf 86' lang='lat' dir='ltr'><strong>negligentia.</strong></span> <span class='ocrx_word' id='word_1_926' title='bbox 2692 5243 2821 5297; x_wconf 82' lang='lat' dir='ltr'><strong>Nam</strong></span> <span class='ocrx_word' id='word_1_927' title='bbox 2853 5245 2978 5300; x_wconf 90' lang='lat' dir='ltr'><strong>licet</strong></span> <span class='ocrx_word' id='word_1_928' title='bbox 3006 5245 3092 5300; x_wconf 90' lang='lat' dir='ltr'><strong>illa</strong></span> <span class='ocrx_word' id='word_1_929' title='bbox 3121 5247 3360 5317; x_wconf 90' lang='lat' dir='ltr'><strong>ejusdem</strong></span> <span class='ocrx_word' id='word_1_930' title='bbox 3390 5263 3555 5320; x_wconf 57' lang='lat' dir='ltr'><strong>geneo</strong></span> 
     </span>
    </p>
   </div>
   <div class='ocr_carea' id='block_1_116' title="bbox 1971 5338 3558 5408">
    <p class='ocr_par' dir='ltr' id='par_1_116' title="bbox 1971 5338 3558 5408">
     <span class='ocr_line' id='line_1_119' title="bbox 1971 5338 3558 5408; baseline 0.002 -17"><span class='ocrx_word' id='word_1_931' title='bbox 1971 5338 2042 5391; x_wconf 91' lang='lat' dir='ltr'><strong>ris</strong></span> <span class='ocrx_word' id='word_1_932' title='bbox 2074 5345 2236 5402; x_wconf 75' lang='lat' dir='ltr'><strong>esset,</strong></span> <span class='ocrx_word' id='word_1_933' title='bbox 2284 5345 2338 5390; x_wconf 89' lang='lat' dir='ltr'><strong>ct</strong></span> <span class='ocrx_word' id='word_1_934' title='bbox 2379 5351 2532 5401; x_wconf 77' lang='lat' dir='ltr'><strong>uxor,</strong></span> <span class='ocrx_word' id='word_1_935' title='bbox 2573 5346 2805 5390; x_wconf 89' lang='lat' dir='ltr'><strong>attamen</strong></span> <span class='ocrx_word' id='word_1_936' title='bbox 2856 5339 3137 5406; x_wconf 85' lang='lat' dir='ltr'><strong>oportebat</strong></span> <span class='ocrx_word' id='word_1_937' title='bbox 3185 5339 3354 5392; x_wconf 84' lang='lat' dir='ltr'><strong>virum</strong></span> <span class='ocrx_word' id='word_1_938' title='bbox 3395 5340 3558 5408; x_wconf 90' lang='lat' dir='ltr'><strong>pluris</strong></span> 
     </span>
    </p>
   </div>
   <div class='ocr_carea' id='block_1_117' title="bbox 1971 5430 3560 5501">
    <p class='ocr_par' dir='ltr' id='par_1_117' title="bbox 1971 5430 3560 5501">
     <span class='ocr_line' id='line_1_120' title="bbox 1971 5430 3560 5501; baseline 0.003 -17"><span class='ocrx_word' id='word_1_939' title='bbox 1971 5430 2144 5486; x_wconf 88' lang='lat' dir='ltr'><strong>facere</strong></span> <span class='ocrx_word' id='word_1_940' title='bbox 2192 5441 2509 5501; x_wconf 68' lang='lat' dir='ltr'><strong>praeceptum</strong></span> <span class='ocrx_word' id='word_1_941' title='bbox 2563 5430 2687 5493; x_wconf 89' lang='lat' dir='ltr'><strong>Dei,</strong></span> <span class='ocrx_word' id='word_1_942' title='bbox 2743 5445 2902 5499; x_wconf 88' lang='lat' dir='ltr'><strong>quam</strong></span> <span class='ocrx_word' id='word_1_943' title='bbox 2956 5431 3188 5485; x_wconf 90' lang='lat' dir='ltr'><strong>illicitam</strong></span> <span class='ocrx_word' id='word_1_944' title='bbox 3235 5431 3371 5486; x_wconf 87' lang='lat' dir='ltr'><strong>hanc</strong></span> <span class='ocrx_word' id='word_1_945' title='bbox 3418 5433 3560 5489; x_wconf 89' lang='lat' dir='ltr'><strong>illius</strong></span> 
     </span>
    </p>
   </div>
   <div class='ocr_carea' id='block_1_118' title="bbox 1969 5521 3547 5592">
    <p class='ocr_par' dir='ltr' id='par_1_118' title="bbox 1969 5521 3547 5592">
     <span class='ocr_line' id='line_1_121' title="bbox 1969 5521 3547 5592; baseline 0 -16"><span class='ocrx_word' id='word_1_946' title='bbox 1969 5524 2472 5591; x_wconf 76' lang='lat' dir='ltr'><strong>concupiscentiam,</strong></span> <span class='ocrx_word' id='word_1_947' title='bbox 2518 5531 2574 5577; x_wconf 90' lang='lat' dir='ltr'><strong>et</strong></span> <span class='ocrx_word' id='word_1_948' title='bbox 2621 5537 2726 5576; x_wconf 91' lang='lat' dir='ltr'><strong>non</strong></span> <span class='ocrx_word' id='word_1_949' title='bbox 2776 5521 2887 5576; x_wconf 82' lang='lat' dir='ltr'><strong>ﬁeri</strong></span> <span class='ocrx_word' id='word_1_950' title='bbox 2932 5521 3387 5592; x_wconf 71' lang='lat' dir='ltr'><strong>praevancattonis</strong></span> <span class='ocrx_word' id='word_1_951' title='bbox 3433 5537 3547 5592; x_wconf 90' lang='lat' dir='ltr'><strong>par-</strong></span> 
     </span>
    </p>
   </div>
   <div class='ocr_carea' id='block_1_119' title="bbox 1970 5601 3553 5684">
    <p class='ocr_par' dir='ltr' id='par_1_119' title="bbox 1970 5601 3553 5684">
     <span class='ocr_line' id='line_1_122' title="bbox 1970 5601 3553 5684; baseline 0.001 -17"><span class='ocrx_word' id='word_1_952' title='bbox 1970 5615 2202 5684; x_wconf 84' lang='lat' dir='ltr'><strong>ticipem,</strong></span> <span class='ocrx_word' id='word_1_953' title='bbox 2233 5629 2402 5684; x_wconf 86' lang='lat' dir='ltr'><strong>neque</strong></span> <span class='ocrx_word' id='word_1_954' title='bbox 2440 5615 2510 5669; x_wconf 89' lang='lat' dir='ltr'><strong>ob</strong></span> <span class='ocrx_word' id='word_1_955' title='bbox 2531 5612 2784 5670; x_wconf 90' lang='lat' dir='ltr'><strong>minimas</strong></span> <span class='ocrx_word' id='word_1_956' title='bbox 2810 5615 3103 5682; x_wconf 85' lang='lat' dir='ltr'><strong>voluptates</strong></span> <span class='ocrx_word' id='word_1_957' title='bbox 3130 5615 3289 5667; x_wconf 88' lang='lat' dir='ltr'><strong>tantis</strong></span> <span class='ocrx_word' id='word_1_958' title='bbox 3320 5601 3553 5683; x_wconf 75' lang='lat' dir='ltr'><strong>Seipsutn</strong></span> 
     </span>
    </p>
   </div>
   <div class='ocr_carea' id='block_1_120' title="bbox 2039 5789 3554 5856">
    <p class='ocr_par' dir='ltr' id='par_1_120' title="bbox 2039 5789 3554 5856">
     <span class='ocr_line' id='line_1_123' title="bbox 2039 5789 3554 5856; baseline 0 -12"><span class='ocrx_word' id='word_1_959' title='bbox 2039 5797 2052 5826; x_wconf 82' lang='grc'><strong><em>⁸</em></strong></span> <span class='ocrx_word' id='word_1_960' title='bbox 2091 5791 2231 5845; x_wconf 81' lang='lat' dir='ltr'><strong>Savil.</strong></span> <span class='ocrx_word' id='word_1_961' title='bbox 2257 5800 2308 5846; x_wconf 91' lang='lat' dir='ltr'><strong>et</strong></span> <span class='ocrx_word' id='word_1_962' title='bbox 2331 5802 2456 5853; x_wconf 69' lang='lat' dir='ltr'><strong>atas,</strong></span> <span class='ocrx_word' id='word_1_963' title='bbox 2477 5801 2514 5845; x_wconf 91' lang='grc' dir='ltr'>ο</span> <span class='ocrx_word' id='word_1_964' title='bbox 2536 5790 2708 5844; x_wconf 76' lang='lat' dir='ltr'><strong>mulier</strong></span> <span class='ocrx_word' id='word_1_965' title='bbox 2726 5791 2753 5842; x_wconf 84' lang='lat'><strong>?.</strong></span> <span class='ocrx_word' id='word_1_966' title='bbox 2771 5803 2920 5854; x_wconf 83' lang='lat' dir='ltr'><strong>quare</strong></span> <span class='ocrx_word' id='word_1_967' title='bbox 2938 5789 3209 5856; x_wconf 79' lang='lat' dir='ltr'><strong>pernicioso</strong></span> <span class='ocrx_word' id='word_1_968' title='bbox 3221 5799 3433 5854; x_wconf 82' lang='lat' dir='ltr'><strong>accepto.</strong></span> <span class='ocrx_word' id='word_1_969' title='bbox 3457 5803 3554 5844; x_wconf 77' lang='lat' dir='ltr'><strong>etc.</strong></span> 
     </span>
    </p>
   </div>
  </div>
