4152 6484
669 428 760 484 ΠΙ
1364 424 1420 478 S.
1458 409 1729 478 JOANNIS
1761 413 2230 474 CllltYSOSTUMt
2268 409 2586 468 ARCIIIEP.
2625 406 3152 465 CONSTANTINOP.

667 539 873 606 privare
898 535 1071 600 bouis,
1102 543 1156 588 et
1182 532 1450 589 olIeudere
1483 530 1894 593 hcneiactorem,
1936 529 2025 598 qui
2071 525 2218 582 illum

670 635 810 679 tanta
849 624 1167 693 benigte'tale
1197 621 1570 689 ‘.amplexatus
1609 630 1745 683 erat,
1785 619 2049 685 vitantque
2074 614 2224 667 dolo-

667 715 740 770 ris
779 723 832 770 ct
870 715 1064 769 laboris
1108 715 1277 767 omnis
1318 721 1588 780 expertem
1635 717 1991 765 concesserat.
2038 708 2225 760 Annon

667 805 809 860 enim
850 804 1044 858 licebat
1078 802 1320 855 omnibus
1368 800 1484 856 aliis
1533 813 1651 871 qua:
1688 801 1738 857 iu
1780 797 2022 868 paradiso
2076 803 2230 850 erant

666 896 872 952 abunde
904 893 1039 949 frui?
1079 908 1240 962 quare
1279 901 1386 946 tant
1424 893 1540 948 leve
1580 892 1878 946 mandatum
1925 887 2230 956 nequcipsc

668 985 874 1039 voluisti
904 983 1155 1036 servare?
1194 983 1300 1038 Sed
1339 983 1473 1038 Iorte
1510 981 1750 1036 audivisti
1787 995 1817 1034 a
1864 979 2082 1034 muliere
2112 993 2230 1048 pcr-

670 1074 850 1129 niciosi
896 1074 1097 1128 consilii
1141 1075 1566 1144 promissionem,
1611 1081 1664 1125 et
1704 1085 1799 1140 spe
1825 1073 1984 1125 etiam
2010 1070 2122 1137 ipse
2153 1068 2232 1119 in-

668 1166 839 1230 ﬂatus,
861 1163 962 1218 cibi
991 1164 1166 1217 statim
1199 1163 1458 1232 particeps
1484 1160 1650 1214 factus
1676 1174 1754 1214 es.
1789 1159 1986 1213 Idcirco
2011 1167 2231 1224 uterque

667 1254 976 1323 supplicium
1005 1254 1158 1307 luetis
1181 1292 1195 1317 ,
1226 1252 1538 1320 docebitque
1564 1265 1654 1304 vos
1675 1264 1852 1304 rerum
1871 1245 2190 1316 experientia
2213 1285 2228 1310 ,

668 1361 770 1399 non
814 1359 930 1400 esse
971 1343 1074 1397 Ilde
1112 1342 1318 1411 dignius
1361 1341 1574 1410 maligni
1618 1337 1875 1393 damonis
1920 1335 2227 1397 consilium,

666 1448 821 1501 quam
855 1434 941 1487 Dei
972 1441 1310 1502 pmeceptum.
1360 1428 1427 1483 Et
1458 1429 1592 1483 dedit
1621 1429 1768 1481 etiam
1788 1427 1892 1481 viro
1912 1442 2035 1488 suo;
2073 1435 2118 1477 et
2143 1439 2231 1476 co-

668 1524 944 1588 mederunt,
973 1533 1019 1576 et
1045 1523 1205 1590 aperti
1233 1531 1346 1576 sunt
1376 1521 1508 1574 oculi
1528 1521 1806 1584 antborum,
1835 1528 1881 1572 et
1903 1522 2232 1586 cognoverunt

666 1616 798 1682 quod
825 1613 946 1665 nudi
970 1623 1148 1665 essent.

735 1705 787 1758 5.
826 1703 1059 1767 Qua-Stin
1081 1715 1264 1767 magna
1293 1699 1441 1752 nobis
1473 1697 1592 1751 hinc
1623 1698 1887 1757 nascitur,
1914 1710 1974 1749 ea
2001 1695 2226 1757 scilicet,

668 1805 822 1859 quam
865 1803 1032 1857 nuper
1062 1786 1347 1857 pollicebar
1374 1785 1581 1840 caritati
1626 1793 1832 1838 vestrae.
1861 1782 2049 1837 Merito
2088 1781 2230 1836 enim

670 1881 787 1950 quis
817 1881 1097 1948 rogaverit,
1118 1892 1277 1948 quam
1305 1878 1552 1930 virtutem
1593 1875 1830 1928 habuerit
1869 1873 1968 1927 hoe
1997 1873 2229 1940 lignum,

669 1971 818 2040 cujus
847 1985 970 2025 esus
999 1970 1204 2024 illorum
1241 1969 1420 2024 oculos
1441 1967 1741 2035 aperuerit,
1768 1975 1818 2020 et
1851 1979 2013 2036 quare
2037 1965 2231 2032 lignum

670 2064 902 2117 scientia:
925 2061 1046 2116 boni
1064 2071 1116 2116 et
1137 2060 1259 2113 mali
1278 2068 1511 2114 vocetur.
1537 2056 1605 2111 Et
1631 2058 1674 2111 si
1703 2057 2227 2126 plaeet,exspectatc,

669 2161 726 2205 ut
760 2165 921 2220 pauca
954 2150 1112 2204 etiam
1147 2149 1216 2202 de
1265 2148 1346 2202 bis
1378 2148 1645 2201 disserens
1690 2145 1962 2200 caritatem
2003 2153 2230 2196 vestram

666 2243 904 2304 doceam,
923 2239 963 2292 si
993 2238 1310 2291 voluerimus
1330 2236 1636 2305 prudenter,
1655 2250 1771 2304 qua:
1804 2234 1857 2288 iu
1879 2234 2057 2287 divina
2085 2233 2231 2286 Scri-

669 2340 818 2397 ptura
844 2327 1108 2391 dicuntur,
1143 2325 1453 2394 intelligere,
1483 2325 1610 2378 nihil
1639 2325 1898 2378 dictorum
1927 2322 2080 2376 nobis
2105 2321 2234 2376 ditii-

666 2421 768 2475 cile
810 2420 977 2472 visum
1020 2418 1106 2472 iri.
1134 2416 1314 2486 Neque
1344 2416 1483 2469 enim
1526 2430 1647 2468 esus
1684 2430 1747 2467 ex
1777 2428 1842 2468 eo
1873 2413 2010 2484 ligno
2050 2411 2234 2467 oculos

669 2511 879 2564 illorum
925 2509 1171 2576 aperuit:
1207 2523 1327 2561 nam
1379 2515 1429 2562 ct
1473 2517 1596 2559 ante
1638 2521 1782 2560 esum
1832 2503 2110 2567 videbant;
2138 2503 2231 2558 sed

666 2600 786 2669 quia
817 2613 939 2654 esus
966 2599 1052 2653 ille
1077 2597 1446 2652 inohedientiae
1476 2605 1589 2649 erat
1615 2605 2000 2664 argumentum,
2021 2605 2073 2648 et
2100 2608 2234 2665 prte-

667 2689 918 2742 varieatio
961 2686 1191 2741 mandati
1233 2700 1263 2739 a
1296 2687 1401 2739 Deo
1443 2685 1618 2738 traditi
1654 2705 1663 2736 ;
1698 2699 1851 2753 quam
1903 2685 1971 2736 ob
2015 2698 2230 2737 causam

666 2787 846 2848 postea
894 2777 1072 2831 uudati
1115 2785 1237 2830 sunt
1283 2776 1477 2844 gloria,
1511 2792 1628 2844 (μω
1676 2776 1791 2830 illos
1839 2774 2232 2840 circumdabat,

665 2871 786 2938 quia
833 2883 890 2922 se
935 2867 1176 2937 indignos
1225 2867 1317 2920 tali
1366 2867 1568 2921 honore
1622 2869 1850 2921 I'eceiam
1892 2886 1902 2918 :
1955 2876 2232 2937 prepterea

669 2960 938 3029 Scriptura
978 2974 1178 3014 morem
1215 2974 1367 3012 suum
1412 2961 1697 3013 observans
1718 3001 1734 3021 ,
1761 2959 1965 3028 ittquit:
1996 2958 2234 3012 Comede-

671 3058 784 3104 runt
809 3089 821 3113 ,
846 3059 891 3102 et
916 3051 1075 3118 aperti
1117 3061 1228 3103 sunt
1251 3051 1384 3103 oculi
1405 3050 1642 3111 illorum,
1674 3061 1716 3103 et
1741 3062 2072 3119 cognouerunt
2101 3051 2235 3120 quod

672 3142 793 3194 nudi
813 3148 970 3193 essent
994 3155 1012 3202 ;
1039 3139 1217 3192 nudati
1245 3146 1461 3209 propter
1486 3149 1759 3207 peccatum
1785 3155 2026 3209 superm-
2055 3138 2238 3210 gratia:

671 3228 863 3282 amictu
884 3269 897 3290 ,
931 3227 1195 3281 sensibilis
1235 3243 1346 3282 suae
1375 3228 1621 3282 nuditatis
1647 3243 1858 3282 sensum
1886 3239 2199 3296 acceperunt
2217 3267 2238 3295 ,

673 3326 724 3369 ut
757 3331 850 3384 per
869 3315 1308 3380 erubescentiani,
1337 3332 1454 3386 qua:
1482 3316 1760 3370 iuvadebat
1785 3319 1946 3387 ipsos,
1970 3329 2117 3372 certo
2137 3319 2238 3372 sci-

673 3415 794 3462 rent
829 3407 879 3459 in
927 3414 1176 3476 quantam
1212 3406 1416 3460 ruinam
1463 3408 1606 3475 ipsos
1655 3407 1960 3463 adduxisset
2007 3408 2236 3463 mandati

669 3495 918 3548 dominici
964 3496 1344 3563 pra-varicatio.
1389 3495 1487 3562 Qui
1543 3498 1685 3550 enim
1731 3508 1882 3551 antea
1932 3498 2238 3553 fruebantur

671 3593 814 3637 tanta
843 3583 1052 3648 fiducia,
1082 3594 1135 3639 et
1164 3600 1334 3654 neque
1361 3586 1459 3639 sibi
1489 3587 1685 3640 conscii
1733 3597 1884 3642 erant
1917 3603 2033 3643 sese
2069 3588 2238 3642 nudos

671 3687 830 3727 esse:
863 3688 956 3726 nec
1006 3675 1131 3728 mtdi
1176 3685 1345 3738 erant,
1374 3677 1794 3746 quandoipiidcut
1824 3694 2050 3748 superna
2094 3681 2237 3748 ipsos

672 3763 839 3831 gloria
882 3766 1065 3833 quovis
1121 3769 1436 3820 vestimento
1491 3766 1765 3821 honestius
1827 3771 2080 3839 tegebat:
2122 3781 2238 3839 post

669 3869 840 3912 esum,
869 3853 968 3906 hoe
994 3862 1094 3915 est,
1129 3863 1246 3922 post
1273 3857 1762 3924 praevaricationem
1815 3869 2196 3928 praeceptorum
2219 3901 2233 3924 ,

671 3941 725 3994 in
754 3949 948 3994 tantam
981 3943 1232 3996 vilitatem
1274 3944 1474 3998 redacti
1512 3957 1652 4010 sunt,
1683 3957 1738 4001 ut
1762 3949 1830 4001 ob
1854 3950 2236 4004 intolerabilem

677 4029 925 4097 pudorem
971 4041 1170 4086 vestem
1221 4042 1342 4087 tunc
1384 4045 1708 4103 quaererent.
1759 4039 1962 4108 Quippe
2010 4041 2239 4094 mandati

678 4120 1039 4188 prmvaricatie
1080 4131 1135 4174 ut
1176 4125 1512 4191 supervenit,
1545 4136 1742 4179 vestem
1785 4126 1926 4180 illam
1971 4144 2157 4182 nevam
2189 4139 2240 4184 et

673 4209 1058 4276 admirabilem,
1087 4212 1268 4280 gloria:
1295 4214 1504 4280 inquam
1527 4229 1583 4268 ac
1604 4232 1842 4283 supernae
1862 4219 2237 4273 benevolentia:

674 4315 776 4368 qua
804 4300 971 4354 induti
1003 4311 1190 4364 erant,
1222 4303 1468 4367 abstulit,
1500 4315 1553 4358 et
1583 4308 1828 4361 nuditatis
1850 4325 2060 4365 sensum
2100 4328 2237 4380 pne-

676 4391 810 4456 buit,
839 4392 1062 4461 illosque
1093 4395 1289 4462 ingenti
1321 4395 1520 4462 pudore
1544 4397 1910 4453 circumdedit.
1937 4404 1989 4456 7.
2021 4401 2085 4454 Et
2113 4420 2236 4457 con-

673 4492 876 4534 suerunt
899 4482 1022 4551 foIia
1050 4483 1196 4549 licus,
1221 4493 1263 4536 et
1292 4488 1512 4554 fecerunt
1539 4487 1855 4558 sibimetipsis
1888 4495 2232 4548 succinctoria.

673 4570 926 4637 Obsecro,
951 4571 1143 4627 dilecte
1163 4614 1175 4635 ,
1207 4575 1396 4642 cogita,
1430 4579 1694 4645 quomodo
1720 4589 1768 4634 et
1799 4596 1827 4634 a
1865 4595 2057 4650 quanto
2093 4586 2237 4640 fasti-

675 4664 760 4728 gio
798 4662 849 4716 itt
896 4662 1211 4731 profundum
1259 4669 1602 4737 praecipitium
1648 4672 1838 4742 dejccit
1884 4674 2005 4730 illos
2044 4677 2234 4733 diaboli

671 4754 968 4807 consilium.
989 4755 1115 4808 Nam
1146 4765 1288 4811 tanta
1332 4760 1495 4829 gloria
1522 4761 1714 4816 dudum
1741 4765 2071 4833 circumdati,
2102 4786 2239 4824 nunc

675 4846 795 4898 t’olia
826 4849 956 4901 Iicus
983 4860 1264 4914 consuunt,
1297 4861 1349 4905 et
1376 4853 1473 4908 sibi
1506 4858 1848 4912 succinctoria
1878 4862 2091 4916 faciunt.
2132 4867 2240 4921 lloc

669 4936 943 4991 diabolica:
972 4939 1296 5008 deceptionis
1339 4944 1538 4999 lucrum
1583 4958 1700 5002 est:
1735 4950 1833 5005 hoc
1883 4957 2085 5009 consilii
2124 4959 2238 5027 ejus

673 5025 1010 5093 machinatio,
1040 5038 1095 5082 ut
1125 5047 1228 5085 non
1257 5035 1428 5087 solum
1455 5037 1654 5105 majora
1685 5056 1786 5095 non
1815 5045 2114 5113 conferret,
2144 5025 2237 5104 sed

669 5123 721 5166 et
746 5117 1016 5183 acquisitis
1043 5119 1300 5186 nudaret,
1343 5134 1394 5176 et
1416 5126 1693 5183 destitutos
1733 5133 1799 5184 ab
1826 5133 1888 5186 iis
1909 5150 2026 5204 qua:
2076 5138 2239 5195 habe-

676 5205 801 5257 bant
825 5207 1147 5262 ostenderet.
1179 5210 1354 5279 ltaque
1379 5216 1498 5282 quia
1534 5219 1636 5273 cibi
1672 5223 1882 5276 occasio
1922 5231 2236 5294 praevarica—

673 5295 866 5349 tionem
909 5297 1060 5362 fecit,
1094 5299 1290 5354 idcirco
1342 5304 1503 5373 inquit
1553 5309 1823 5378 Scriptura
1856 5333 1867 5363 ι
1897 5314 1960 5369 Et
2005 5323 2235 5374 comede-

674 5395 822 5444 runt,
859 5397 903 5436 et
931 5391 1089 5457 aperti
1110 5401 1224 5444 sunt
1255 5395 1384 5447 oculi
1413 5412 1582 5450 eorum
1611 5414 1628 5451 :
1658 5417 1758 5455 non
1791 5405 1857 5459 de
1899 5410 2236 5467 sensibilibtts

672 5477 839 5530 oculis
883 5477 1079 5544 dicens,
1113 5482 1204 5536 sed
1251 5483 1321 5538 de
1368 5501 1526 5542 sensu
1572 5494 1783 5548 mentis.
1815 5495 1944 5551 Nam
1990 5504 2233 5569 quoniam

674 5566 917 5622 titandata
952 5575 1263 5641 transgressi
1289 5587 1432 5640 sunt,
1462 5580 1709 5636 Dominus
1735 5599 1826 5639 eos
1851 5566 2051 5647 sentire
2072 5595 2237 5648 voluit

733 5759 751 5789 ³
787 5764 858 5810 ως
882 5761 1042 5811 Morel.
1071 5766 1198 5827 Apud
1223 5767 1354 5817 Savil.
1387 5779 1434 5819 ot
1458 5778 1582 5824 Mss.
1618 5783 1746 5827 tanta
1770 5780 2133 5845 magniﬁcentia.

3802 401 3898 458 I39

2339 537 2400 578 ea
2421 537 2540 592 qua:
2562 529 2686 576 ante
2703 519 2774 576 ob
2797 520 3120 590 singularem
3147 519 3290 574 illius
3317 519 3370 572 in
3395 532 3456 574 se
3479 517 3901 574 benevolentiam

2332 628 2437 668 non
2459 611 2779 666 sentiebant.
2804 610 2964 680 Igitur
2989 625 3109 665 cum
3139 609 3400 673 audieris,
3427 609 3600 678 Aperti
3628 618 3744 662 sunt
3769 610 3902 662 oeuli

2333 705 2536 758 illorum
2565 719 2584 756 :
2608 703 2709 757 hoc
2733 703 2926 772 cogita,
2949 702 3092 755 illum
3131 700 3371 756 etl‘ecisse
3397 710 3453 755 ut
3482 710 3663 774 posta
3690 702 3901 756 nudita-

2335 804 2440 848 tem
2483 795 2743 848 sentirent
2769 802 2820 847 et
2852 791 3200 861 privationem
3248 791 3430 861 gloria:
3462 805 3566 862 qua
3604 799 3726 846 ante
3749 807 3903 847 esqu

2336 884 2662 937 fruebantur.
2691 881 2842 949 Quod
2883 890 3059 936 autem
3102 880 3214 935 haec
3242 883 3311 935 sit
3351 879 3641 950 Scriptura:
3675 897 3905 936 consue-

2335 973 2480 1038 tudo,
2512 972 2635 1026 audi
2691 973 2834 1026 illaut
2873 972 2999 1026 alibi
3044 971 3308 1027 dicentem
3344 987 3509 1026 :uam
3548 987 3667 1027 cunt
3712 973 3902 1028 ancilla

2333 1061 2506 1118 Same
2531 1063 2825 1118 dominium
2849 1063 3054 1132 fugiens
3084 1072 3304 1126 erraret,
3325 1073 3380 1117 et
3399 1065 3572 1130 posito
3591 1063 3740 1133 juxta
3765 1065 3903 1118 abit.»

2336 1160 2438 1207 tetu
2463 1169 2644 1223 puero,
2669 1168 2698 1208 a
2729 1154 2884 1222 longe
2911 1153 3278 1209 consideraret
3321 1155 3461 1209 illius
3506 1165 3729 1210 mortem
3753 1196 3770 1220 ,
3819 1156 3903 1210 iu-

2333 1245 2447 1312 quit
2479 1261 2490 1294 :
2526 1245 2733 1313 Aperuit
2783 1242 2918 1299 Deus
2959 1245 3132 1298 oculos
3178 1245 3316 1315 Agar
3355 1245 3504 1314 (Gen.
3531 1245 3622 1301 21.
3657 1248 3764 1318 I9),
3798 1262 3905 1301 non

2334 1333 2473 1404 quod
2513 1335 2738 1390 antehae
2787 1353 2889 1390 non
2937 1336 3148 1401 viderit,
3181 1337 3274 1391 sed
3311 1336 3452 1406 quod
3496 1347 3726 1392 mentem
3765 1340 3908 1394 illius

2335 1426 2597 1478 excitarit.
2636 1425 2793 1481 Vides
2839 1426 3092 1490 verbum,
3120 1428 3362 1496 Aperuit,
3414 1442 3520 1484 non
3562 1428 3630 1484 de
3657 1444 3911 1499 corpora-

2339 1516 2474 1569 libus
2503 1518 2672 1570 oculis
2700 1517 2825 1578 dici,
2857 1517 2950 1570 sed
2970 1515 3038 1570 de
3067 1531 3227 1572 sensu
3258 1519 3471 1572 trientali
3492 1518 3519 1572 1

2405 1605 2507 1660 Cur
2536 1608 2726 1676 lignum
2755 1607 2974 1661 scientia
2992 1606 3284 1663 dicatar.—-
3311 1607 3538 1679 Idipsum
3565 1620 3619 1663 et
3644 1609 3713 1663 de
3737 1609 3908 1664 altera

2336 1697 2628 1764 quazstione
2688 1696 3020 1760 dixerimus,
3071 1711 3191 1766 qua:
3247 1696 3370 1751 hinc
3417 1699 3677 1753 exoritur.
3717 1699 3912 1754 Dicunt

2335 1787 2476 1842 enim
2501 1805 2513 1840 τ
2542 1787 2716 1854 Quare
2749 1789 2948 1857 lignum
2992 1789 3229 1844 scientiae
3269 1789 3391 1843 horti
3419 1802 3470 1845 et
3496 1793 3620 1846 mali
3649 1795 3913 1848 vocatur?

2336 1879 2469 1931 Sunt
2493 1878 2634 1932 enim
2663 1879 2981 1933 contentiosi
3025 1879 3172 1932 multi
3196 1880 3285 1948 qui
3311 1880 3491 1936 dicere
3516 1882 3745 1949 audent,
3780 1894 3905 1952 post

2337 1983 2484 2022 esum
2512 1968 2636 2039 ligni
2667 1969 2940 2024 scientiam
2977 1969 3226 2026 habuisse
3273 1971 3442 2026 Adam
3473 1973 3541 2028 ad
3585 1975 3900 2030 discernen-

2337 2059 2463 2112 dum
2509 2059 2707 2113 bonum
2759 2071 2813 2114 et
2847 2061 3044 2114 malum
3099 2080 3111 2114 :
3155 2062 3205 2116 id
3260 2065 3400 2134 quod
3457 2077 3715 2121 extrema:
3750 2067 3914 2124 fuerit

2337 2150 2606 2204 amentize.
2637 2151 2766 2203 Nam
2797 2159 3012 2220 propter
3043 2151 3142 2206 hoc
3169 2169 3328 2222 nuper
3365 2157 3913 2224 cumpraaviderimus

2337 2237 2473 2302 lucc,
2501 2239 2568 2294 de
2612 2241 2871 2310 sapientia
2903 2242 3103 2296 homini
3144 2258 3175 2298 a
3207 2243 3316 2298 Deo
3345 2247 3535 2299 tradita
3583 2257 3686 2301 tam
3732 2250 3916 2305 multis

2341 2329 2681 2383 tractavimus
2703 2370 2716 2393 ,
2748 2329 2885 2383 hanc
2914 2330 3257 2389 ostendentes
3283 2349 3346 2387 ex
3377 2336 3646 2389 nominum
3693 2338 3915 2406 imposi-

2341 2419 2502 2484 tione,
2529 2435 2643 2488 quae
2675 2420 2798 2474 leris
2823 2422 3070 2476 omnibus
3114 2433 3167 2478 et
3195 2425 3501 2479 volucribus
3519 2429 3634 2482 εωιί
3665 2439 3715 2484 ct
3746 2430 3919 2486 brutis

2341 2509 2568 2577 indidit;
2600 2521 2651 2565 et
2684 2511 2822 2580 quod
2854 2529 2974 2566 cum
3002 2517 3100 2569 hac
3131 2517 3470 2572 inenarrabili
3503 2522 3761 2588 sapientia
3789 2538 3916 2592 pro-

2342 2601 2530 2672 phetiae
2563 2603 2782 2672 gratiam
2825 2605 2980 2658 fuerit
3009 2618 3357 2675 assequuntus,
3383 2618 3437 2662 ut
3465 2626 3533 2664 ne
3559 2613 3675 2680 quis
3708 2612 3806 2666 hoc
3833 2613 3919 2668 di-

2342 2708 2461 2747 cere
2486 2696 2641 2747 ausit.
2679 2694 2836 2762 Igitur
2865 2696 2954 2763 qui
2995 2699 3208 2751 nomina
3249 2700 3602 2754 animantibus
3640 2702 3918 2772 imposuit,

2341 2783 2536 2852 quique
2569 2795 2672 2837 tam
2702 2783 3064 2838 admirabilem
3086 2788 3414 2856 prophetiam
3446 2790 3512 2844 de
3544 2792 3763 2846 muliere
3787 2809 3921 2864 pro—

2343 2874 2634 2940 nuntiavit,
2690 2875 3138 2943 quemadmodum
3188 2876 3298 2946 jant
3355 2879 3610 2945 diximus,
3654 2885 3924 2952 quomodo

2340 2960 2606 3030 ignoraret
2636 2964 2758 3032 quid
2787 2966 2981 3018 honuni
3025 2967 3127 3030 sit,
3169 2977 3221 3020 et
3259 2969 3382 3037 quid
3433 2971 3666 3024 malum?
3695 2973 3846 3040 Quod
3875 2978 3923 3031 si

2343 3053 2698 3118 receperimus
2730 3051 2936 3121 (absit),
2964 3054 3154 3108 iterum
3188 3056 3546 3126 bIaSphcmias
3586 3061 3638 3116 in
3663 3062 3922 3120 Condito-

2345 3153 2456 3192 rem
2491 3139 2889 3195 transferemus.
2935 3143 3066 3196 Nam
3107 3149 3370 3214 quontodo
3403 3161 3721 3222 prmeeptum
3767 3156 3924 3211 daret

2342 3228 2639 3299 ignoranti,
2668 3236 3140 3301 transgressionem
3172 3251 3291 3290 esse
3323 3240 3560 3293 malum?
3593 3243 3783 3298 \‘erum
3813 3263 3924 3303 non

2344 3323 2413 3374 ita
2461 3332 2578 3388 est,
2612 3321 2749 3376 absit
2781 3341 2794 3376 :
2825 3323 2916 3377 sed
2966 3326 3121 3380 scivit
3165 3326 3327 3382 clare.
3372 3330 3656 3389 Enimvero
3706 3335 3806 3391 hac
3853 3339 3926 3395 de

2343 3425 2500 3464 causa
2530 3411 2723 3465 animal
2755 3413 2854 3467 hoc
2893 3414 2959 3467 ab
2993 3413 3144 3469 initio
3177 3416 3346 3472 libero
3383 3421 3604 3478 arbitrio
3641 3426 3926 3495 pneditum

2341 3515 2461 3555 esse
2498 3502 2678 3554 voluit.
2704 3504 2855 3568 Quod
2879 3506 2924 3558 si
2952 3520 3056 3559 non
3085 3506 3266 3564 {uisset
3287 3551 3301 3574 ,
3337 3525 3511 3582 neque
3540 3529 3660 3570 eum
3701 3520 3927 3576 manda-

2344 3599 2454 3644 tum
2481 3593 2860 3659 pnevaricatus
2882 3603 2983 3658 est,
3017 3596 3162 3650 illum
3193 3602 3396 3668 puniri,
3432 3619 3600 3672 neque
3627 3607 3671 3660 si
3709 3623 3925 3666 servas-

2343 3692 2445 3748 set,
2479 3683 2678 3737 laudari
2706 3686 3003 3754 oportebat.
3034 3688 3188 3753 Quod
3212 3692 3351 3744 enim
3379 3692 3550 3751 lactus
3575 3699 3642 3752 sit
3683 3703 3928 3758 mortalis

2345 3785 2559 3844 preptcr
2579 3777 3089 3845 prmvaricatiouem,
3117 3789 3169 3834 et
3198 3796 3260 3835 es
3289 3781 3388 3837 hoc
3411 3787 3677 3853 mandato,
3701 3801 3836 3846 etex
3861 3795 3928 3850 iis

2345 3883 2460 3934 qua:
2493 3879 2710 3939 sequuta
2741 3883 2882 3934 sunt,
2912 3873 3114 3926 clarum
3143 3884 3242 3928 est.
3274 3877 3409 3932 Audi
3454 3883 3595 3935 enim
3643 3887 3926 3943 mulierem

2348 3959 2512 4024 ipsam
2557 3959 2856 4028 loquentem
2886 3967 3117 4032 serpenti
3149 3984 3160 4018 :
3193 3966 3268 4019 De
3295 3968 3463 4035 [ructu
3490 3973 3632 4042 ligni,
3675 3980 3814 4046 quod
3850 3991 3929 4034 est

2347 4051 2399 4099 in
2432 4048 2592 4101 medio
2618 4053 2839 4118 paradisi
2861 4095 2876 4117 ,
2917 4054 3044 4106 dixit
3074 4055 3234 4118 Deus,
3274 4075 3334 4111 ne
3361 4064 3632 4118 comedetis
3657 4083 3719 4119 ea:
3741 4083 3800 4121 eo
3821 4110 3838 4133 ,
3871 4082 3927 4123 ut

2349 4141 2770 4195 uoumoriamini.
2803 4143 2979 4213 Itaque
3018 4155 3140 4200 ante
3169 4153 3651 4215 prawat-icationcm
3699 4158 3926 4216 immor-

2351 4233 2482 4285 tales
2528 4243 2716 4297 crant;
2746 4235 2938 4304 alioqui
2978 4249 3096 4305 post
3128 4240 3301 4294 cibum
3358 4260 3460 4296 non
3515 4249 3756 4317 supplicii
3805 4251 3927 4308 loco

2347 4329 2570 4375 mortem
2601 4323 2955 4392 imposuisset.

2417 4411 2468 4463 6.
2512 4413 2672 4466 Adam
2712 4417 2968 4468 srienlimtt
2999 4419 3113 4471 boui
3142 4429 3190 4472 et
3216 4423 3335 4475 mali
3363 4439 3462 4478 non
3501 4442 3562 4480 ea:
3587 4444 3671 4482 esu
3719 4448 3751 4484 α
3785 4434 3925 4503 ligno

2346 4507 2554 4571 accepit.
2588 4532 2652 4544 —-
2675 4509 2802 4572 Quis
2829 4525 2956 4578 ergo
2981 4509 3117 4564 ferat
3139 4526 3232 4566 eos
3257 4516 3341 4584 qui
3364 4516 3540 4573 dicere
3571 4519 3789 4587 audent,
3823 4525 3925 4580 bo-

2348 4597 2542 4651 tninem
2591 4607 2708 4666 post
2759 4614 2908 4654 esum
2951 4601 3018 4655 de
3058 4604 3202 4672 ligno
3251 4607 3593 4674 acquisivisse
3644 4615 3925 4674 scientiam

2347 4689 2471 4742 honi
2499 4699 2552 4743 et
2579 4691 2722 4752 mali,
2757 4691 2845 4759 qui
2875 4702 2929 4746 ct
2958 4703 3079 4748 ante
3101 4712 3247 4750 esum
3282 4709 3421 4753 tanta
3451 4704 3706 4773 sapientia
3732 4710 3925 4776 plenus

2348 4787 2480 4841 crat,
2513 4789 2564 4832 et
2591 4793 2710 4832 eum
2749 4782 2970 4834 scientia
3009 4785 3167 4838 etiam
3204 4789 3511 4856 prophetica
3539 4797 3706 4863 gratia
3738 4799 3926 4867 digna-

2351 4877 2433 4921 tus
2459 4871 2582 4924 est?
2613 4871 2675 4924 Et
2707 4873 2975 4939 quomodo
3007 4873 3105 4928 hoc
3153 4879 3343 4933 rationi
3395 4898 3689 4941 consonum
3736 4903 3882 4946 esset
3905 4931 3924 4958 ,

2347 4974 2535 5029 capras
2560 4964 2773 5032 quidem
2820 4974 2872 5017 et
2917 4979 3045 5020 oves
3074 4972 3419 5040 oniuiumque
3459 4977 3734 5034 brutoruut
3765 4996 3922 5038 uatu-

2348 5065 2460 5106 ram
2488 5055 2624 5108 scire
2645 5096 2660 5121 ,
2691 5070 2808 5122 quae
2840 5055 3001 5110 herba
3031 5058 3098 5111 sit
3129 5061 3404 5129 salutaris,
3440 5076 3492 5120 et
3516 5068 3635 5123 cibo
3665 5072 3805 5127 utilis
3825 5116 3840 5138 ,
3869 5089 3925 5132 et

2347 5157 2464 5211 qua:
2494 5146 2811 5213 perniciosa,
2839 5157 2894 5200 ut
2925 5148 3066 5202 illam
3093 5152 3267 5215 adeat,
3291 5153 3426 5210 hanc
3450 5160 3688 5217 studiose
3720 5166 3878 5234 fugiat
3906 5190 3919 5223 :

2349 5243 2403 5287 ct
2428 5233 2718 5300 hominem,
2752 5237 3014 5292 rationale
3052 5243 3283 5308 animal,
3317 5249 3526 5303 nescire
3550 5253 3676 5321 quid
3722 5233 3923 5314 bonum

2347 5332 2400 5416 et
2427 5324 2549 5392 quid
2582 5327 2777 5381 malum
2801 5329 2824 5382 ?
2847 5328 2952 5384 Sed
2995 5345 3153 5399 ecce,
3188 5335 3376 5405 inquit.
3420 5341 3688 5410 Scriptura
3723 5359 3922 5416 nguum

2348 5412 2449 5469 hoc
2480 5428 2633 5472 vocat
2681 5419 2881 5489 lignum
2915 5423 3151 5479 scientia:
3182 5427 3305 5481 boni
3340 5440 3389 5483 et
3425 5434 3568 5488 mali.
3617 5412 3794 5508 Neque
3836 5459 3925 5498 rue

2351 5507 2451 5562 hoc
2483 5509 2610 5564 latet
2645 5529 2657 5564 :
2686 5513 2778 5566 sed
2808 5515 2853 5568 si
2887 5515 3234 5585 proprietates
3275 5522 3466 5577 divina:
3505 5507 3794 5596 Scriptura:
3834 5533 3922 5585 di-

2348 5616 2497 5656 scere
2525 5602 2752 5659 volucris
2773 5647 2785 5668 ,
2811 5606 2948 5660 scies
2969 5621 3132 5676 quare
3159 5609 3258 5666 hoc
3284 5629 3477 5670 nomen
3502 5619 3623 5673 huic
3651 5619 3793 5690 ligno
3822 5625 3922 5678 tri-

2346 5692 2478 5747 buit.
2509 5693 2620 5748 Non
2644 5696 2782 5750 enim
2813 5698 2954 5766 quod
3001 5699 3200 5753 homini
3250 5704 3522 5760 scientiam
3564 5708 3771 5764 dederit
3799 5754 3808 5773 ,
3843 5716 3923 5768 sic

2349 5794 2592 5841 vocatum
2621 5797 2733 5842 est:
2765 5787 2852 5842 sed
2877 5789 2995 5858 quia
3020 5804 3116 5860 per
3145 5790 3272 5848 illud
3303 5794 3436 5850 facta
3461 5809 3539 5852 ist
3569 5809 3922 5874 transgressio
