4152 6494
306 425 413 481 ιπδ

296 537 570 603 mandati,
597 548 651 593 et
693 554 754 592 ex
801 536 889 590 illo
930 545 1111 594 postea
1149 531 1365 587 intravit
1400 528 1601 599 peccati
1644 525 1878 596 cognitio

296 642 461 696 atque
487 628 679 698 pudor,
713 636 990 696 propterea
1018 626 1095 680 sic
1118 622 1441 694 appellatum
1468 628 1571 676 est.
1594 620 1706 673 llos
1735 620 1875 672 enim

295 718 495 773 divina:
535 717 823 787 Scriptura:
849 725 949 780 est,
975 730 1003 768 a
1053 714 1216 771 rebus
1258 712 1618 769 accidentibus
1665 725 1875 764 nomma

293 810 430 864 locis
461 810 757 877 imponere,
788 806 877 866 ubi
923 820 1009 862 res
1058 805 1392 874 contingunt.
1438 802 1619 872 anue
1659 810 1873 871 proptr.

294 900 497 970 lignum
536 899 638 952 hoc
668 882 883 953 vocavit
905 897 1176 966 Scriptura
1209 895 1383 950 divina
1407 895 1606 964 lignum
1635 892 1874 946 scientize

293 990 419 1043 boni
468 997 522 1043 et
552 988 696 1054 mali,
718 989 839 1057 quia
873 988 1013 1042 circa
1054 985 1179 1040 illud
1226 984 1578 1055 transgressio
1606 991 1660 1038 et
1685 982 1875 1035 obser-

293 1083 438 1135 vatio
474 1081 706 1134 mandati
738 1089 871 1134 erat.
903 1078 1169 1148 Benignus
1193 1080 1334 1133 enim
1378 1076 1633 1130 Dominus
1660 1088 1689 1128 a
1724 1073 1873 1141 prin-

288 1171 435 1239 cipio
461 1170 657 1225 docere
688 1170 869 1223 volens
901 1167 1170 1224 hominem
1192 1209 1207 1233 ,
1235 1166 1569 1222 conditorem
1600 1172 1655 1219 et
1700 1163 1870 1217 facto-

291 1276 405 1314 retn
451 1276 604 1315 suum
649 1275 768 1316 esse
811 1259 1096 1316 visibilium
1145 1258 1382 1312 omnium
1432 1255 1731 1328 Opilicem,
1781 1254 1869 1323 qui

291 1352 465 1421 ipsum
492 1351 770 1417 formavit,
800 1366 896 1422 per
921 1367 1138 1422 parvum
1172 1336 1312 1404 istud
1353 1348 1660 1403 mandatum
1691 1356 1871 1401 osten-

290 1441 419 1497 dere
441 1444 606 1497 voluit
633 1458 692 1498 se
718 1443 989 1498 dotninmn
1014 1457 1135 1498 esse
1155 1460 1169 1506 ;
1190 1452 1246 1497 et
1269 1442 1419 1512 quasi
1446 1441 1677 1496 liberatis
1698 1438 1868 1494 domi-

289 1548 392 1586 nus
415 1573 430 1597 ,
472 1548 716 1603 magnam
748 1542 803 1589 et
826 1532 1193 1587 admirabilem
1215 1532 1499 1599 quamdam
1524 1530 1740 1584 domum
1770 1530 1869 1582 ali-

286 1622 442 1691 cujus
468 1623 586 1677 usui
612 1623 817 1677 donans
837 1663 852 1687 ,
883 1632 937 1677 et
966 1637 1073 1677 non
1102 1630 1268 1676 totum
1312 1619 1536 1689 pretium
1557 1661 1573 1683 ,
1623 1618 1719 1673 sed
1771 1618 1868 1671 ali-

281 1713 598 1783 quantulam
627 1713 743 1781 ejus
769 1723 973 1782 partem
1002 1712 1244 1779 accipere
1281 1712 1423 1774 vult,
1456 1720 1512 1762 ut
1536 1708 1755 1762 dominii
1781 1707 1867 1775 jus

281 1802 489 1857 salvum
519 1802 617 1857 sibi
646 1812 857 1871 maneat
879 1843 894 1867 ,
924 1811 976 1856 et
1006 1802 1091 1856 ille
1118 1801 1326 1855 interim
1350 1798 1503 1865 sciat,
1522 1814 1584 1853 se
1608 1812 1712 1852 non
1738 1798 1868 1852 redi-

281 1892 389 1946 licii
416 1893 431 1924 ¹
465 1892 736 1947 dominum
763 1908 915 1958 esse,
955 1892 1051 1947 sed
1085 1893 1254 1962 gratia
1285 1901 1339 1946 et
1369 1890 1716 1946 beneﬁcentia
1760 1890 1863 1944 do-

279 1981 411 2034 mini
460 1980 554 2035 illo
596 1980 697 2036 frui
726 1999 741 2036 :
769 1982 848 2037 sic
899 1982 1080 2051 utique
1115 1993 1170 2036 et
1200 1982 1457 2034 Dominus
1498 1990 1711 2047 noster,
1741 1995 1862 2035 cum

278 2071 509 2125 visibilia
538 2071 655 2127 ha'c
683 2072 859 2125 omnia
890 2071 1091 2126 homini
1120 2071 1478 2136 concederet,
1502 2081 1554 2125 et
1583 2079 1865 2139 przestaret

282 2162 364 2218 illi
397 2172 453 2217 ut
483 2174 787 2218 versaretur
830 2165 882 2218 in
912 2164 1158 2233 paradiso
1178 2204 1191 2225 ,
1222 2172 1276 2219 et
1318 2164 1586 2217 frueretur
1615 2162 1863 2216 omnilms

278 2269 404 2323 qua:
443 2252 494 2307 in
526 2253 616 2307 illo
662 2265 851 2322 erant,
882 2264 939 2308 ut
981 2270 1048 2309 ne
1080 2255 1334 2325 paulatim
1387 2254 1636 2309 seductus
1682 2253 1861 2307 animo

281 2350 496 2408 putaret
542 2358 651 2411 res,
696 2359 814 2415 quae
863 2344 963 2397 sub
1010 2355 1284 2415 aspectum
1337 2343 1551 2409 cadunt,
1594 2352 1859 2399 automata

273 2444 419 2495 esse,
444 2430 615 2501 deque
664 2447 759 2486 sua
796 2432 1054 2501 dignitate
1079 2434 1242 2488 altius
1280 2433 1551 2503 quidpiam
1596 2433 1819 2487 sentiret
1842 2470 1857 2495 ,

270 2516 431 2577 iussit
457 2520 525 2575 ab
550 2537 654 2575 uno
675 2522 818 2592 ligno
841 2522 1133 2588 abstinere,
1158 2539 1346 2593 magna
1372 2522 1586 2577 definita
1619 2536 1796 2591 poena,
1815 2522 1857 2575 si

275 2610 383 2665 hoc
414 2612 894 2683 transgrederetur,
923 2624 981 2668 ut
1028 2616 1167 2669 scire
1218 2625 1434 2683 posset,
1477 2629 1535 2669 se
1581 2613 1856 2668 domimnu

272 2699 511 2766 habere“,
539 2702 692 2772 cujus
721 2703 1037 2760 liberalitate
1079 2706 1240 2760 etiam
1282 2705 1493 2759 castoris
1521 2704 1681 2760 rebus
1710 2702 1855 2758 frue-

268 2800 445 2847 retur.
477 2791 674 2848 Verum
703 2796 827 2865 quia
856 2796 1081 2850 multum
1130 2796 1524 2852 inconsiderate
1565 2811 1625 2851 se
1662 2808 1856 2864 gerens

267 2898 380 2937 una
401 2898 521 2939 cum
547 2900 714 2941 uxore
745 2886 796 2940 iu
820 2895 1016 2940 tantam
1044 2888 1253 2943 ruinam
1276 2888 1529 2954 concidit,
1547 2887 1687 2958 quod
1717 2903 1854 2956 pra:-

266 2984 487 3042 ceptum
522 2985 883 3045 transgressus
904 2985 1067 3043 esset,
1091 2977 1232 3032 etde
1260 2978 1404 3046 ligno
1428 2986 1713 3047 gustasset,
1734 2976 1855 3030 ideo

268 3062 477 3132 lignum
505 3064 676 3133 ipsum
708 3065 946 3119 scientia:
989 3065 1110 3120 boni
1140 3072 1197 3120 ct
1225 3066 1346 3119 mali
1378 3065 1689 3119 neminavit.
1736 3063 1853 3117 Non

269 3151 418 3224 quod
445 3163 602 3208 antea
642 3154 972 3223 ignoraverit
1004 3155 1201 3209 bonum
1242 3162 1297 3208 et
1333 3153 1535 3208 malum
1569 3169 1582 3206 :
1616 3168 1739 3206 nam
1776 3153 1855 3207 sic

269 3257 381 3296 non
414 3241 693 3312 ignoravit,
716 3253 776 3296 ut
794 3244 1028 3311 serpenti
1051 3244 1243 3297 mulier
1264 3242 1459 3297 dixerit
1484 3260 1498 3295 :
1530 3241 1671 3297 Dixit
1694 3241 1850 3308 Deus,

268 3329 360 3384 Ne
396 3329 667 3384 contedatis
702 3347 764 3384 ea:
805 3331 930 3396 illa,
974 3348 1037 3385 ne
1084 3332 1404 3405 moriemini,-
1428 3331 1606 3400 itaque
1651 3331 1855 3386 sciebat

265 3431 500 3478 mortem
524 3436 733 3491 pmnam
760 3436 900 3484 esse,
919 3424 963 3477 si
988 3424 1292 3477 mandatum
1312 3422 1849 3491 transgrederentur:

266 3511 368 3567 sed
396 3512 520 3581 quia
545 3520 665 3580 post
695 3511 852 3581 hujus
879 3526 1031 3566 esum
1061 3522 1115 3567 et
1145 3527 1375 3582 superna
1402 3513 1570 3582 gloria
1595 3514 1806 3582 spoliati
1832 3555 1848 3579 ,

266 3611 331 3657 et
353 3602 660 3656 scnsibilem
692 3601 1035 3661 nudatiouetn
1068 3605 1273 3672 experti
1304 3617 1427 3658 sunt
1457 3606 1505 3671 ³,
1534 3605 1653 3660 ideo
1684 3620 1814 3660 voca
1833 3635 1849 3647 ο

266 3692 353 3746 vit
387 3692 587 3761 lignum
633 3694 871 3748 scientia:
903 3695 1024 3749 boni
1078 3704 1130 3749 et
1172 3696 1295 3748 mali
1332 3704 1485 3750 :erat
1530 3696 1672 3750 enim
1708 3696 1847 3751 circa

266 3782 398 3837 illud
428 3783 579 3853 quasi
609 3786 851 3853 qutedam
885 3786 1201 3841 obcdit-tttice
1228 3789 1560 3843 exercitatio.

344 3872 561 3927 Muralis
580 3875 879 3930 exhortatio.
904 3906 970 3917 -—
990 3879 1255 3951 Didicistis
1282 3896 1446 3949 quare
1471 3880 1603 3934 dixit
1633 3896 1648 3934 :
1677 3882 1849 3948 Aperti

262 3974 384 4015 sunt
412 3964 546 4017 oculi
573 3965 794 4032 illorum,
813 3976 857 4019 et
875 3979 1207 4037 cognoverunt
1230 3970 1366 4040 quod
1393 3972 1724 4025 audierant?
1745 3973 1847 4027 Co-

264 4053 529 4118 guovistis
574 4069 738 4121 quare
788 4056 989 4125 lignum
1034 4057 1137 4112 hoc
1184 4061 1422 4115 seicntim
1466 4062 1587 4116 boni
1630 4073 1685 4117 et
1723 4064 1845 4117 mali

265 4142 726 4214 Vocetttr‘!Cogita
753 4146 895 4203 enim
923 4156 1120 4215 quanto
1145 4148 1346 4215 pudore
1373 4149 1549 4205 all'ecti
1573 4160 1699 4204 sunt
1728 4161 1848 4221 post

267 4231 429 4300 hujus
481 4248 668 4299 esutn,
720 4250 839 4298 eum
888 4240 1203 4308 transgressi
1253 4239 1477 4295 fuissent
1522 4238 1845 4311 praeceptum

268 4324 480 4379 ltomini
513 4324 859 4381 :Consuerwtt
882 4330 1021 4383 enim
1050 4332 1176 4401 [alia
1218 4332 1343 4399 ﬁcus
1363 4373 1377 4394 ,
1407 4343 1454 4386 et
1493 4338 1715 4403 fecerunt
1754 4336 1847 4389 sibi

261 4414 617 4469 suceinctoria.
654 4416 784 4472 Vide
809 4433 839 4472 a
869 4430 1063 4488 quanta
1093 4422 1261 4490 gloria
1294 4423 1345 4476 in
1375 4432 1627 4489 quantam
1671 4425 1847 4479 vilita-

265 4512 378 4559 tem
420 4503 632 4560 deducti
661 4507 787 4561 sint.
816 4507 918 4574 Qui
949 4522 1107 4565 antea
1147 4514 1297 4580 quasi
1340 4523 1624 4571 terrestres
1668 4516 1843 4585 angeli

266 4593 542 4656 vivebant.
573 4607 781 4666 tegmen
822 4600 921 4654 sibi
968 4616 1033 4655 ex
1082 4600 1225 4658 foliis
1253 4607 1575 4673 excogitant.
1616 4606 1841 4663 Tantum

263 4685 467 4739 malum
495 4696 577 4741 est
601 4699 893 4757 peccatum.
927 4691 1039 4747 Non
1068 4695 1240 4749 solum
1269 4698 1410 4751 enim
1436 4714 1534 4752 nos
1556 4712 1585 4751 a
1612 4716 1842 4768 superna

264 4776 632 4830 benevolentia
660 4780 862 4832 alienos
887 4782 1043 4847 facit,
1076 4784 1170 4839 sed
1207 4796 1261 4840 et
1290 4787 1356 4840 ad
1398 4790 1620 4843 multum
1669 4790 1843 4858 pudo-

264 4880 381 4920 rem
410 4876 464 4920 et
488 4866 743 4922 vilitatem
789 4869 1045 4926 deducit:
1084 4885 1138 4927 et
1187 4890 1307 4929 cum
1336 4892 1433 4931 nos
1475 4881 1646 4947 privat
1689 4881 1843 4935 bonis

262 4972 385 5023 qua:
411 4955 523 5025 jam
547 4957 974 5027 possidehamns,
1006 4978 1219 5019 omnem
1254 4966 1412 5020 etiam
1458 4970 1699 5024 liduciam
1747 4986 1843 5025 au-

263 5045 380 5099 fert.
413 5044 521 5100 Sed
541 5062 608 5102 ne
632 5062 842 5103 sursum
867 5051 1223 5123 deorsumque
1260 5058 1511 5113 rerSando
1541 5072 1837 5130 peccatunt,

262 5133 405 5202 quod
439 5148 533 5202 per
558 5149 708 5191 esum
755 5138 881 5209 ligni
916 5150 969 5194 et
997 5142 1406 5201 inobedicutiam
1438 5147 1707 5205 hominem
1747 5154 1841 5207 de-

257 5223 409 5291 jecit,
442 5223 734 5281 Iuctuosior
776 5229 967 5283 evadat
1016 5234 1189 5285 oratio
1218 5256 1231 5289 :
1263 5252 1378 5305 age,
1410 5238 1454 5292 si
1519 5240 1723 5307 placet,
1774 5243 1841 5296 ab

264 5310 546 5384 hocligno
573 5314 640 5369 ad
669 5317 831 5379 aliud,
865 5336 1055 5388 nempe
1083 5322 1149 5377 ad
1183 5323 1378 5393 lignum
1406 5330 1608 5393 crucis,
1636 5346 1839 5385 sermo-

264 5420 386 5457 nem
420 5413 708 5471 vertamus,
727 5417 780 5461 et
809 5410 1083 5466 videamus
1103 5428 1345 5482 quautam
1376 5418 1510 5472 mala
1541 5421 1667 5474 illud
1701 5422 1840 5475 intu-

262 5491 343 5551 lit,
367 5503 422 5548 et
465 5510 583 5563 qum
621 5495 758 5551 bona
805 5500 942 5582 istud
986 5504 1320 5571 conciliavit;
1351 5508 1456 5562 imo
1506 5525 1609 5565 non
1634 5513 1835 5582 lignum

327 5629 344 5693 ξ
378 5637 559 5679 manes
582 5630 685 5680 fere
702 5633 898 5693 habent,
924 5639 1193 5690 creationis.

287 5691 503 5765 ,λιπες
523 5699 623 5741 ηδε.
652 5693 839 5765 legunt,
864 5691 1022 5761 gratia
1043 5708 1088 5752 et
1110 5702 1266 5765 gloria
1286 5705 1472 5758 ευυιὶαιὶ
1494 5720 1544 5759 se
1570 5723 1704 5761 nosse
1726 5701 1833 5761 sim;

251 5748 457 5801 sibimet
480 5748 738 5814 ceperim-2'.

1342 415 1403 472 ΙΝ
1442 414 1592 471 CAP.
1634 413 1721 469 Ill.
1759 406 2001 468 GENES.
2043 406 2271 465 llOMlL.
2315 409 2473 466 XVII.
3478 421 3570 473 ,δε

1990 520 2164 573 attulit
2184 522 2341 585 mala,
2372 521 2465 577 sed
2495 524 2739 578 voluntas
2762 523 2963 595 segnis,
2994 533 3047 580 et
3072 535 3406 597 contemptus
3434 543 3573 598 pnu-
3654 520 3663 527 ’

1987 598 2152 680 copti.
2203 611 2427 681 Lignum
2474 614 2600 669 illud
2643 625 2868 669 mortem
2915 615 3206 671 introduxit
3241 634 3254 669 :
3285 632 3407 671 nam
3453 633 3571 688 poss

1989 704 2480 770 praevaricationem
2511 722 2656 761 mors
2686 706 2935 773 intravit,
2964 707 3061 762 sed
3085 707 3222 761 istud
3254 709 3566 765 immortali-

1986 803 2145 849 tatem
2177 795 2423 865 largitum
2468 805 2584 861 est;
2618 797 2745 852 illud
2788 812 2820 853 e
2858 799 3103 869 paradiso
3128 800 3320 868 cjecit,
3350 800 3489 856 istud
3520 802 3572 855 in

1981 884 2142 938 caries
2167 900 2265 939 nos
2295 885 2545 951 reduxit;
2577 886 2703 941 illud
2736 898 2952 957 propter
2996 904 3152 942 unum
3196 893 3574 961 transgressio.

1982 988 2103 1026 nem
2130 975 2260 1026 tanti
2278 976 2523 1044 supplicii
2547 992 2693 1030 reum
2713 976 2880 1031 Adam
2906 977 3192 1043 fecit,istud
3213 994 3310 1034 nos
3327 980 3569 1049 plurimis

1982 1072 2316 1131 peccatorum
2360 1066 2585 1120 sarcinis
2611 1068 2947 1130 exoneravit,
2980 1068 3335 1138 fiduciamque
3364 1070 3429 1125 ad
3462 1071 3533 1127 Du
3554 1101 3568 1113 -

1980 1153 2181 1208 miuum
2209 1154 2364 1209 nobis
2392 1157 2678 1211 concessit.
2692 1157 2905 1212 Vidistis
2928 1158 3054 1228 ligni
3085 1167 3140 1213 et
3165 1160 3289 1229 ligni
3318 1160 3567 1216 diﬂ‘eren-

1978 1242 2144 1296 tiam?
2168 1243 2379 1298 vidistis
2421 1244 2619 1301 diaboli
2663 1248 3043 1316 malignitatem
3069 1289 3085 1315 ,
3115 1248 3347 1304 hominis
3384 1266 3544 1320 pecca

1978 1341 2086 1387 tum
2108 1374 2123 1397 ,
2146 1343 2200 1388 et
2231 1333 2442 1390 Domini
2471 1336 2938 1391 misericordiam?
2967 1338 3253 1393 Armemus
3272 1340 3451 1409 itaque
3471 1355 3568 1395 nos

1976 1422 2142 1492 ipsos,
2173 1423 2419 1492 obsecro,
2442 1426 2735 1493 carissimi,
2766 1428 2931 1482 armis
2973 1428 3101 1500 ligni
3140 1429 3297 1498 lmjus
3345 1432 3560 1497 vivilici,

1974 1512 2245 1585 ipsiusque
2267 1518 2464 1571 virtute
2483 1518 2813 1588 perniciosos
2832 1519 3011 1574 animo
3032 1520 3255 1576 allectus
3276 1522 3565 1577 tnortilice—

1972 1617 2128 1667 mus;
2155 1605 2231 1657 uti
2256 1614 2310 1658 et
2347 1605 2622 1674 apostolus
2650 1607 2846 1663 Paulus
2872 1608 2954 1663 his
2986 1610 3165 1665 verbis
3196 1622 3377 1667 monet
3409 1630 3423 1665 :
3458 1612 3559 1680 Qui

1971 1706 2085 1746 vero
2118 1702 2232 1747 sunt
2261 1694 2467 1761 Christi,
2495 1712 2697 1751 carnem
2745 1699 3104 1767 cruci/ia:th
3143 1712 3258 1754 nim
3304 1701 3565 1770 affectibus

1970 1790 2018 1835 et
2043 1783 2459 1852 concupiscentiis
2488 1784 2630 1856 (Gal.
2658 1787 2712 1842 5.
2739 1786 2865 1857 24).
2894 1788 3045 1858 Quod
3085 1800 3263 1846 autem
3297 1791 3456 1857 dicit,
3481 1803 3562 1849 est

1969 1873 2307 1944 hujusmodi:
2340 1876 2440 1943 Qui
2482 1892 2541 1932 se
2573 1886 2710 1932 totos
2751 1878 2965 1934 Christo
3008 1880 3343 1946 dedicarunt,
3371 1884 3560 1939 absur-

1968 1964 2090 2019 dam
2132 1980 2349 2020 omnem
2377 1969 2862 2035 concupiscentiam
2910 1971 3297 2026 mortiliearunt
3324 1972 3375 2026 in
3402 1988 3563 2027 carne

1967 2057 2260 2120 subortam,
2281 2067 2337 2111 ut
2361 2074 2549 2113 omnes
2570 2060 2731 2114 animi
2759 2073 3065 2131 corrumpat
3089 2062 3561 2131 operatioucs.llos

1966 2149 2125 2217 igitur
2172 2159 2227 2203 et
2279 2163 2377 2202 nos
2421 2150 2728 2216 imitantes,
2763 2153 3000 2206 membra
3048 2163 3225 2207 nostra
3256 2153 3324 2207 ad
3356 2154 3549 2210 bellum

1967 2237 2293 2291 instruamus
2320 2238 2577 2293 adversus
2609 2241 2946 2310 tyrannidem
2976 2256 3041 2296 ex
3075 2240 3334 2299 diabolica
3364 2258 3559 2315 opera-

1962 2329 2111 2381 tione
2136 2327 2189 2380 in
2214 2341 2312 2383 nos
2350 2327 2711 2397 insurgentem
2734 2369 2749 2393 ,
2779 2338 2835 2383 ut
2864 2339 2920 2384 et
2946 2331 2997 2384 in
3031 2333 3281 2400 prmseuti
3310 2334 3413 2387 vita
3445 2342 3558 2389 tur-

1964 2416 2239 2472 bulentum
2270 2417 2445 2474 hocet
2471 2419 2828 2489 periculosum
2860 2436 3005 2476 mare
3034 2422 3296 2492 intrepide
3326 2424 3556 2493 trajiciu-

1964 2522 2104 2573 mus,
2131 2517 2184 2562 et
2205 2507 2270 2562 ad
2302 2508 2496 2563 divina:
2521 2508 2859 2580 benignitatis
2886 2512 3203 2581 tranquillos
3224 2522 3409 2583 portus
3436 2528 3557 2583 pcr-

1966 2600 2260 2666 venientes,
2294 2599 2433 2654 bona
2466 2601 2630 2656 Detnu
2654 2601 2997 2671 diligentibus
3019 2604 3279 2674 promissa
3300 2607 3555 2675 consequi

1964 2692 2233 2746 valeamus
2256 2732 2271 2758 ,
2301 2692 2354 2745 in
2385 2690 2597 2746 Christo
2623 2691 2749 2745 Jesn
2778 2692 3004 2747 Domino
3034 2702 3218 2748 nostro
3238 2736 3253 2760 ,
3280 2694 3366 2749 cui
3385 2695 3554 2765 gloria

1962 2796 2083 2837 cum
2115 2782 2270 2837 Patre
2296 2791 2350 2838 et
2391 2791 2579 2837 sancto
2605 2781 2805 2851 Spiritu
2831 2826 2846 2849 ,
2875 2799 3015 2840 nunc
3050 2794 3105 2841 et
3141 2799 3389 2855 semper,
3416 2795 3467 2842 et
3500 2787 3554 2840 iu

1960 2871 2155 2927 saecula
2187 2874 2527 2928 saeculorum.
2557 2876 2749 2929 Amen.

2514 3003 2786 3061 llOMlLlA
2831 3004 2995 3061 XVII.

2033 3114 2099 3169 Et
2128 3115 2425 3169 audiverunt
2469 3132 2639 3170 vocem
2680 3117 2905 3173 Domini-
2932 3117 3032 3173 Dei
3073 3120 3443 3185 deqmbulantis
3492 3124 3547 3177 in

2220 3208 2458 3277 paradiso
2484 3208 2536 3261 in
2564 3209 2772 3263 meridie
2799 3210 2871 3279 (ιι)
2906 3208 2925 3280 (
2948 3208 3076 3265 Gen.
3101 3211 3155 3267 5.
3181 3211 3215 3266 8
3240 3212 3282 3282 ).

2030 3318 2080 3371 Ι.
2109 3316 2251 3373 Satis
2273 3358 2288 3382 ,
2318 3318 2537 3387 Opinor,
2568 3334 2663 3388 pro
2689 3327 2876 3375 nostra
2902 3320 3040 3375 virili
3068 3337 3238 3391 nuper
3268 3321 3443 3378 locum
3480 3322 3551 3379 de

1956 3406 2100 3477 ligno
2126 3407 2454 3477 interpretati
2482 3422 2686 3472 sumus,
2715 3408 2971 3465 docentes
2989 3410 3264 3466 caritatem
3288 3420 3540 3477 vestram,

1954 3509 2122 3565 quare
2148 3495 2325 3550 divina
2353 3496 2624 3565 Scriptura
2654 3496 2853 3567 lignum
2881 3499 3239 3569 cognoscendi
3268 3500 3466 3557 bonum
3492 3510 3547 3558 et

1954 3587 2152 3641 malum
2192 3588 2363 3657 ipsum
2403 3589 2644 3644 vocarit:
2671 3589 2896 3659 proinde
2938 3588 3097 3645 hodie
3138 3591 3348 3646 animus
3372 3593 3547 3648 estad

1953 3680 2229 3747 sequentia
2262 3694 2483 3749 pergere
2504 3720 2518 3744 ,
2552 3687 2612 3734 ut
2650 3680 2868 3735 discatis
2908 3680 3230 3737 inelfabilem
3259 3683 3355 3739 Dei
3391 3685 3544 3740 beni-

1951 3770 2231 3837 gnitatem,
2255 3779 2311 3825 et
2336 3780 2531 3840 quanta
2555 3771 2822 3827 sermonis
2850 3774 3294 3843 attemperatione
3316 3790 3447 3831 usus
3473 3778 3545 3833 sit

1954 3870 2153 3916 nostra:
2185 3862 2799 3931 naturze'providentiam
2826 3872 2880 3918 et
2899 3878 3082 3919 curam
3111 3864 3332 3921 habens.
3356 3865 3545 3923 Omnia

1952 3951 2095 4005 enim
2126 3950 2249 4006 fecit
2286 3961 2341 4006 et
2362 3960 2614 4021 operatus
2636 3961 2719 4008 est
2739 3994 2755 4019 ,
2784 3963 2843 4008 ut
2872 3955 3133 4010 rationale
3157 3955 3258 4011 hoc
3287 3955 3483 4013 animal
3508 3972 3541 4013 a

1950 4054 2010 4096 se
2033 4041 2325 4105 conditum.
2360 4041 2411 4096 in
2433 4042 2575 4096 omni
2606 4042 2809 4097 hexere
2833 4053 3011 4108 esset,
3043 4053 3099 4099 et
3127 4045 3179 4099 in
3207 4047 3353 4101 nullo
3379 4061 3543 4117 ange-

1952 4130 2126 4185 lorum
2156 4133 2263 4186 vita
2294 4132 2531 4189 deterius
2560 4133 2696 4189 foret
2720 4175 2735 4199 ,
2763 4135 2855 4189 sed
2882 4144 2936 4190 et
2975 4136 3026 4190 in
3066 4151 3293 4206 corpore
3322 4137 3536 4195 illorum

1950 4222 2250 4290 possideret
2287 4223 2789 4295 impassibilitatem.
2820 4227 3082 4281 (Laterum
3112 4237 3169 4283 ut
3206 4229 3339 4284 vidit
3364 4239 3540 4287 utros-

1950 4324 2053 4378 que
2080 4311 2348 4379 peccaudo
2392 4321 2750 4383 transgressos
2781 4329 2876 4383 per
2903 4317 3277 4386 negligentiam
3309 4332 3374 4373 ea
3419 4334 3542 4390 qum

1950 4413 1979 4452 a
2000 4413 2058 4453 se
2077 4408 2531 4471 prteceptaeraut,
2548 4401 2714 4472 idque
2736 4412 3012 4474 postquam
3036 4406 3195 4461 minis
3214 4422 3309 4463 eos
3330 4422 3541 4482 repres-

1950 4499 2112 4552 serat,
2141 4498 2199 4544 ut
2228 4492 2457 4546 tutiores
2487 4492 2756 4558 redderet,
2792 4509 2859 4549 ne
2889 4494 2969 4549 sic
2993 4495 3206 4565 quidem
3237 4512 3267 4551 a
3295 4498 3537 4568 benigni-

1950 4587 2056 4632 tate
2079 4594 2172 4633 sua
2194 4590 2389 4646 cessat,
2416 4581 2508 4636 sed
2528 4597 2741 4651 semper
2760 4584 2839 4638 sui
2861 4584 3069 4652 similis,
3091 4588 3535 4656 quemadmodum

1948 4669 2397 4725 clementissimus
2422 4679 2575 4741 pater
2602 4673 2765 4727 filium
2799 4673 3073 4745 indignum
3098 4677 3221 4746 quid
3262 4678 3538 4736 nobilitate

1939 4774 2045 4832 sua
2078 4774 2173 4828 per
2194 4760 2564 4831 negligentiam
2591 4764 2943 4829 commisisse,
2971 4775 3025 4820 et
3052 4781 3080 4820 a
3106 4782 3318 4823 summo
3335 4770 3538 4824 honoro

1951 4851 2003 4903 in
2035 4858 2332 4904 extremam
2356 4853 2607 4906 vilitatem
2636 4854 2906 4909 redactum
2936 4855 3141 4923 videns,
3173 4861 3410 4927 paternis
3453 4862 3523 4917 vi-

1947 4940 2184 4996 sceribus
2205 4952 2524 5007 commotus,
2544 4957 2647 4997 non
2671 4943 2814 4997 illum
2836 4946 3035 4999 auxilio
3055 4947 3363 5003 destitutum
3385 4951 3535 5015 sinit,

1948 5030 2038 5083 sed
2072 5031 2259 5084 iterum
2290 5045 2443 5085 suum
2469 5032 2576 5099 agit
2601 5031 2835 5087 officium
2857 5074 2872 5099 ,
2919 5045 2975 5087 ut
3005 5035 3255 5104 paulatim
3303 5040 3473 5108 ipsum
3507 5055 3538 5092 ιι

1948 5118 2149 5173 vilitate
2192 5119 2278 5173 illa
2330 5120 2653 5186 liberatum,
2700 5122 2936 5191 pristiam
2980 5126 3221 5180 restituat
3267 5127 3529 5199 dignitati.

1948 5207 2117 5262 Simili
2148 5208 2306 5263 modo
2333 5208 2507 5265 bonus
2532 5211 2669 5265 Deus
2714 5212 2968 5268 misertus
2992 5225 3075 5269 est
3116 5214 3347 5272 hominis
3367 5258 3383 5284 ,
3408 5233 3529 5273 cum

1949 5314 2113 5352 uxore
2154 5313 2246 5352 sua
2274 5299 2471 5356 diaboli
2496 5302 2697 5356 insidiis
2718 5304 3095 5371 circumventi,
3116 5306 3267 5377 cujus
3292 5324 3387 5377 per
3409 5324 3524 5364 ser-

1948 5398 2159 5455 pentem
2182 5390 2460 5443 consilium
2492 5400 2769 5460 acceperat
2799 5409 2813 5446 :
2840 5394 3000 5447 veluti
3033 5396 3268 5451 medicus
3294 5397 3358 5450 ad
3381 5397 3529 5451 intir-

1946 5493 2089 5536 tuum
2109 5518 2122 5537 ,
2160 5485 2213 5531 et
2236 5489 2605 5549 :egrotantem,
2633 5481 2920 5549 jacentem,
2947 5484 3375 5555 indigentemque
3400 5503 3526 5542 cura

1944 5579 1996 5621 et
2026 5567 2215 5621 medici
2246 5584 2427 5628 manu.
2456 5572 2696 5638 protinus
2718 5572 2941 5627 accedit.
2972 5574 3076 5629 Sed
3105 5584 3163 5629 ut
3190 5585 3244 5631 et
3264 5592 3330 5633 ex
3353 5578 3527 5633 verbis

2004 5716 2077 5777 (lt)
2110 5716 2398 5789 ttiettoishn.
2426 5726 2477 5767 et
2516 5728 2719 5782 quatuor
2751 5720 2829 5771 alii
2867 5723 3010 5775 Codd.
3040 5727 3301 5789 scripturae
3336 5734 3521 5779 textum

1945 5776 2088 5841 longe
2108 5788 2478 5841 prosequuntur.
