4152 6490
636 436 736 495 139

630 551 768 606 diam
793 561 941 601 suam
967 558 1089 614 erga
1118 556 1239 598 cum
1263 539 1352 610 qui
1377 547 1578 592 tantum
1607 543 1941 608 peccaverat,
1967 531 2200 586 doctam.

632 640 748 696 ret?
795 635 1086 692 Audiamus
1123 642 1176 686 et
1214 644 1360 686 reum
1382 669 1398 694 ,
1436 624 1562 698 quid
1603 626 1670 683 ad
1712 627 1826 682 haec
1863 617 2196 691 respondeat.

635 727 719 783 η.
749 725 813 780 Et
838 725 967 778 dixit
997 724 1197 776 Adw':
1221 718 1404 772 Helia
1423 731 1580 788 quam
1604 717 1784 772 dedisti
1810 724 1864 768 ut
1890 714 1953 768 sit
1983 725 2199 771 mecum,

631 818 744 884 ipsa
770 814 892 868 mihi
913 812 1049 866 dedit
1076 811 1140 864 de
1167 810 1324 880 ligno,
1348 816 1394 861 et
1421 808 1642 862 comedi.
1681 802 1995 862 κίκι-διήιξε
2015 799 2198 861 verba,

631 883 900 977 ermagoa
928 902 1262 958 miseratione
1285 898 1463 968 plena,
1485 916 1548 954 ac
1567 899 1722 968 digna
1742 909 1858 966 qua
1881 891 1946 948 ad
1968 891 2202 946 clemen-

635 999 761 1052 tiam
790 995 1068 1050 Dominum
1099 998 1419 1061 provocent,
1449 1002 1556 1045 tam
1587 995 1913 1043 mansuetum
1955 993 2008 1038 et
2049 980 2201 1034 boni-

637 1097 744 1143 tate
781 1101 875 1140 sua
915 1085 1210 1138 vincentem
1249 1087 1431 1137 nostra
1475 1090 1706 1152 peccata.
1753 1078 1882 1131 Nam
1926 1082 2203 1144 postquam

635 1176 855 1232 multum
878 1172 1151 1230 tolerando
1171 1173 1309 1226 illius
1333 1181 1563 1229 mentem
1579 1169 1878 1230 commovit,
1899 1175 1952 1220 et
1975 1162 2207 1218 ostendit

635 1265 834 1334 peccati
881 1262 1316 1333 magnitudinem,
1347 1261 1495 1333 quasi
1532 1258 1889 1314 defensionem
1915 1269 2104 1326 parans
2134 1253 2206 1306 ait

637 1355 709 1408 illi
738 1355 903 1409 Adam
934 1370 947 1406 :
982 1353 1165 1405 Mulier
1185 1369 1336 1422 quam
1358 1353 1538 1406 dedisti
1558 1359 1612 1404 ut
1630 1351 1693 1404 sit
1719 1364 1930 1411 mecum,
1952 1347 2061 1416 ipsa
2083 1344 2205 1397 mihi

636 1445 773 1498 dedit
809 1444 871 1498 de
909 1442 1002 1498 hoc
1048 1443 1208 1514 ligno,
1245 1456 1290 1500 et
1328 1445 1541 1500 comedi.
1578 1443 1722 1510 Scio,
1754 1441 1940 1510 inquit,
1972 1455 2054 1494 mc
2080 1453 2206 1507 pec-

636 1551 787 1590 casse
815 1553 827 1588 :
859 1535 948 1588 sed
978 1533 1172 1592 mulier
1194 1551 1349 1607 quam
1372 1534 1561 1590 dedisti
1593 1544 1648 1586 ut
1673 1534 1740 1586 sit
1766 1547 1992 1594 mecum,
2013 1531 2079 1584 de
2106 1544 2206 1599 qua

643 1626 754 1693 ipse
777 1625 976 1688 dixisti,
1023 1624 1290 1681 Faciamus
1334 1625 1409 1678 illi
1451 1625 1730 1693 adjutorem
1766 1622 2034 1674 secundum
2073 1635 2206 1680 eum,

643 1717 755 1784 ipsa
785 1717 911 1770 mihi
941 1715 1098 1787 hujus
1129 1719 1294 1773 ruina:
1321 1730 1476 1770 causa
1505 1716 1618 1769 luit.
1650 1713 1832 1767 Mulier
1857 1727 2006 1781 quam
2028 1709 2208 1764 dedisti

643 1815 699 1858 sit
741 1806 806 1858 sit
849 1823 1065 1862 mecum.
1114 1798 1335 1877 Quando
1379 1807 1518 1860 enim
1559 1812 1952 1872 exspectassem
1985 1811 2039 1855 nt
2069 1809 2211 1855 tanta

644 1897 927 1964 ignominia
955 1913 1040 1954 me
1067 1897 1320 1960 afficeret,
1350 1912 1466 1965 qua:
1491 1895 1611 1950 ideo
1638 1895 1846 1948 condita
1877 1904 1977 1956 est,
2005 1899 2063 1944 ut
2085 1891 2212 1945 milii

643 1985 834 2042 solatio
859 1987 1037 2042 esset?
1079 1987 1160 2041 ‘l‘u
1195 1987 1320 2040 mihi
1364 1987 1527 2055 ipsam
1555 1983 1744 2039 dedisti
1765 2024 1779 2047 ,
1810 1995 1862 2037 tu
1894 1984 2059 2053 ipsam
2086 1983 2214 2037 mihi

648 2076 932 2131 adduxisti.
975 2077 1110 2147 ipsa.
1142 2081 1320 2130 nescio
1349 2076 1489 2130 unde
1516 2085 1678 2139 mota,
1701 2074 1848 2129 dedit
1886 2075 2012 2128 mihi
2047 2075 2112 2128 de
2149 2075 2216 2127 li-

648 2180 776 2235 gno.
801 2175 855 2221 et
885 2165 1114 2221 comedi.
1151 2165 1404 2218 Videntur
1441 2164 1554 2219 haec
1595 2163 1807 2233 quidem
1853 2161 2214 2217 defensionem

650 2252 929 2323 quamdam
970 2268 1077 2321 pra:
1120 2267 1178 2307 se
1218 2252 1374 2318 ferre,
1423 2251 1513 2306 sed
1563 2264 1776 2320 prorsus
1822 2252 1973 2305 venia
2010 2262 2214 2306 carent.

652 2345 767 2411 Qua
793 2344 934 2399 enim
963 2343 1114 2398 venia
1142 2343 1332 2412 dignus
1356 2356 1436 2407 es,
1464 2343 1648 2412 inqttit,
1681 2341 1768 2410 qui
1809 2357 1923 2395 mea
1957 2351 2215 2412 prarcepta

650 2435 846 2489 oblitus
893 2433 1076 2500 fueris,
1116 2441 1171 2487 et
1213 2433 1300 2502 qui
1353 2432 1590 2487 mulieris
1631 2431 1826 2486 donum
1873 2433 2005 2487 meis
2045 2435 2219 2488 verbis

655 2523 1034 2594 pra~ferendum
1065 2522 1368 2593 putaveris?
1410 2522 1538 2576 Nam
1570 2523 1690 2576 licet
1717 2523 1904 2577 mulier
1924 2522 2099 2577 cibum
2127 2523 2220 2578 de-

651 2615 827 2676 derit,
868 2613 1160 2668 sufficiebat
1203 2623 1375 2666 tamen
1420 2611 1720 2666 mandatum
1749 2628 1944 2678 meum,
1972 2625 2024 2669 et
2063 2613 2221 2669 timor

654 2703 917 2774 supplicii,
949 2713 1003 2757 ut
1035 2712 1085 2757 te
1113 2702 1180 2758 ab
1207 2717 1300 2756 esu
1326 2700 1678 2757 deterrerent.
1711 2703 1790 2756 An
1818 2703 2128 2774 ignorabas?
2151 2719 2219 2759 an

659 2791 969 2848 nesciebas?
1011 2791 1133 2847 ideo
1167 2807 1348 2846 curam
1381 2793 1540 2846 vestri
1566 2807 1754 2861 gerens
1791 2793 2006 2863 prtedixi
2026 2835 2041 2860 ,
2075 2809 2141 2849 ne
2167 2795 2219 2848 in

657 2880 771 2936 inec
813 2880 1154 2936 incideretis:
1189 2882 1362 2952 itaque
1406 2882 1529 2936 licet
1570 2883 1760 2936 mulier
1805 2883 1894 2936 tibi
1941 2883 2008 2938 ad
2054 2895 2224 2938 trans-

654 2971 980 3041 gressiOnem
1021 2970 1254 3025 mandati
1292 2971 1627 3035 ministrarit,
1657 2983 1710 3026 tu
1738 2984 2011 3042 propterea
2041 2975 2222 3030 insutis

658 3075 761 3114 non
783 3061 909 3114 eris.
937 3059 1185 3130 Majorem
1208 3061 1346 3115 enim
1373 3059 1525 3116 fidem
1548 3060 1792 3116 mandato
1814 3077 1933 3116 nico
1954 3070 2004 3116 te
2029 3063 2222 3118 habere

656 3150 951 3220 oportebat,
991 3160 1044 3206 ct
1081 3166 1185 3205 non
1227 3152 1398 3206 soluat
1440 3161 1496 3206 ut
1535 3161 1589 3204 tu
1634 3152 1745 3220 ipse
1771 3151 1839 3205 ab
1866 3168 1958 3206 esu
1982 3167 2219 3218 caveres,

658 3241 752 3296 sed
787 3251 838 3295 et
881 3251 934 3294 ut
977 3241 1248 3295 mulierem
1287 3241 1506 3295 docercs
1540 3251 1876 3310 peccatorum
1912 3243 2225 3310 magnitudi-

655 3346 802 3387 nem.
833 3328 1001 3400 Caput
1027 3331 1166 3384 enim
1197 3345 1255 3384 es
1281 3330 1514 3384 mulieris
1541 3331 1614 3400 (i.
1649 3329 1766 3383 Cor.
1797 3330 1882 3383 li.
1914 3331 1988 3396 5),
2019 3340 2074 3384 et
2100 3346 2221 3399 pro-

657 3429 774 3488 pter
799 3427 850 3474 te
873 3419 958 3472 illa
985 3418 1234 3488 producta
1255 3429 1338 3472 est
1367 3436 1380 3471 :
1411 3430 1464 3472 tu
1484 3428 1658 3472 autem
1678 3417 1917 3472 ordinem
1945 3419 2221 3483 invenisti,

656 3519 711 3564 et
737 3523 842 3565 non
868 3510 1036 3564 solum
1067 3509 1207 3563 illam
1241 3524 1342 3562 non
1372 3509 1648 3563 correxisti
1669 3550 1682 3572 ,
1713 3508 1805 3563 sed
1833 3517 1887 3562 et
1926 3510 2036 3578 ipse
2067 3510 2224 3563 simul

657 3602 904 3670 abreptus
928 3615 987 3655 es
1020 3618 1033 3653 :
1063 3615 1126 3654 ac
1152 3615 1274 3654 cum
1299 3606 1570 3667 oporteret
1597 3613 1788 3669 corpus
1829 3589 2088 3668 reliquum
2131 3614 2224 3653 ca-

661 3692 753 3762 piti
794 3693 1034 3761 obsequi,
1078 3692 1292 3746 diverso
1339 3690 1498 3744 modo
1544 3706 1630 3747 res
1675 3692 1868 3754 evenit,
1909 3691 2224 3760 corporique

662 3782 863 3852 reliquo
890 3789 1046 3848 caput
1071 3781 1415 3850 obseqnutum
1445 3792 1522 3835 est
1545 3822 1560 3844 ,
1589 3792 1642 3835 et
1666 3797 1783 3850 qua:
1809 3797 2019 3836 sursum
2050 3791 2223 3844 erant,

660 3868 714 3924 in
737 3871 972 3926 intimum
994 3869 1166 3924 locum
1191 3880 1462 3925 venerunt.
1487 3870 1770 3939 Propterea
1793 3873 2036 3938 quoniam
2060 3879 2226 3924 totum

659 3962 897 4016 ordinem
945 3962 1222 4028 invertisti,
1265 3977 1330 4015 eo
1376 3977 1514 4016 nunc
1562 3962 1802 4016 redactus
1839 3976 1917 4027 es,
1947 3964 2034 4032 qui
2076 3972 2226 4018 antea

663 4061 805 4108 tanta
835 4054 995 4122 gloria
1026 4053 1243 4107 vestitus
1270 4068 1405 4107 eras.
1432 4052 1560 4119 Quis
1589 4063 1638 4108 te
1658 4054 1783 4108 satis
1806 4051 1961 4123 digne
1988 4053 2230 4122 deplora-

663 4143 818 4206 verit,
841 4143 921 4196 cui
951 4151 1028 4197 tot
1051 4154 1103 4198 et
1129 4151 1269 4197 tanta
1302 4143 1436 4198 bona
1467 4143 1639 4197 ablata
1665 4143 1826 4197 sunt?
1857 4143 2227 4199 Verumtamen

665 4235 789 4289 licet
827 4232 940 4288 haec
979 4235 1159 4288 omnia
1201 4235 1290 4288 tibi
1332 4234 1637 4300 acciderint,
1686 4234 1808 4288 nulli
1859 4245 2030 4290 tamen
2079 4225 2228 4290 aiteri

662 4337 878 4376 causam
905 4321 1145 4377 adscrilic
1163 4363 1178 4387 ,
1210 4322 1304 4377 scd
1333 4323 1524 4391 tibiipsi
1550 4333 1603 4377 et
1629 4332 1729 4376 tua:
1758 4324 1978 4393 ignavia:
2012 4344 2024 4380 :
2053 4326 2225 4380 nenti-

594 4445 603 4452 -
661 4425 819 4479 quam
846 4411 984 4465 enim
1012 4420 1064 4464 te
1094 4412 1357 4465 nolentem
1397 4413 1583 4466 mulier
1621 4414 1671 4467 in
1713 4422 1908 4466 tantam
1936 4413 2231 4470 induxisset

666 4500 892 4555 ruinam.
925 4500 1054 4554 Num
1087 4504 1287 4556 hortata
1314 4504 1433 4556 est?
1465 4519 1589 4557 num
1622 4505 1905 4558 disseruit?
1930 4522 2051 4559 num
2076 4509 2230 4561 dece-

667 4590 780 4659 pit?
827 4589 979 4644 Dedit
1026 4601 1246 4657 tantum,
1278 4603 1330 4647 et
1373 4596 1547 4649 statim
1591 4605 1799 4665 Iamque
1844 4597 1995 4652 facile
2032 4599 2096 4652 ad
2143 4616 2232 4653 su-

665 4680 914 4736 mendum
944 4682 1116 4736 cibum
1141 4682 1395 4738 adductus
1417 4699 1495 4750 es,
1525 4685 1722 4740 nullam
1751 4687 1978 4742 mandati
2011 4691 2089 4743 vel
2116 4707 2228 4744 tne-

666 4773 886 4828 moriam
925 4773 1091 4828 fecisti
1124 4777 1352 4844 :putasti
1396 4792 1426 4830 a
1465 4793 1549 4831 me
1595 4785 1646 4831 te
1689 4777 1966 4847 deceptum
2011 4796 2146 4845 csse,
2177 4793 2230 4836 et

671 4871 946 4934 propterea
993 4863 1168 4918 cibum
1209 4863 1348 4919 hunc
1390 4864 1481 4919 tibi
1523 4882 1625 4920 non
1667 4868 2012 4930 concessisse,
2064 4885 2120 4924 ut
2165 4887 2232 4927 ne

673 4951 956 5020 iunioribus
985 4951 1251 5007 frui-reris.
1298 4955 1362 5008 Et
1398 4971 1501 5025 qua
1539 4957 1744 5012 ratione
1769 4974 1868 5028 ego
1899 4970 1947 5014 te
1973 4962 2230 5025 fallerem,

669 5040 757 5110 qui
785 5048 862 5094 tot
887 5040 937 5094 in
970 5051 1020 5094 te
1046 5040 1299 5100 beneficia
1325 5043 1556 5100 contuli?
1585 5046 1650 5100 Et
1689 5047 1822 5099 istuc
1851 5049 2018 5118 ipsum
2041 5062 2233 5119 quanta

673 5134 1028 5192 beneficentia:
1071 5137 1374 5206 magnitudo
1413 5149 1544 5206 erat,
1575 5150 1633 5196 ut
1675 5141 2007 5210 przrdieendo
2044 5143 2232 5198 distin-

670 5239 884 5292 gucrcm
910 5240 938 5279 a
965 5243 1069 5294 quo
1097 5228 1466 5284 abstinendum
1496 5239 1658 5296 esset,
1682 5241 1738 5286 ut
1765 5247 1872 5286 non
1904 5232 2160 5288 incideres
2181 5235 2231 5287 in

670 5330 789 5383 qlia:
834 5315 1095 5371 incidisti?
1137 5317 1240 5372 Sed
1284 5317 1398 5374 lucc
1440 5319 1616 5374 omnia
1647 5321 1794 5375 nihili
1816 5321 2060 5377 faciebas.
2097 5322 2236 5378 Ecce

674 5419 814 5459 nunc
830 5406 1150 5474 experientia
1175 5418 1226 5462 te
1254 5409 1428 5472 docet,
1450 5419 1642 5479 quanta
1667 5421 1996 5481 peccatorum
2026 5423 2234 5470 tuorum

675 5497 743 5546 sit
769 5494 1074 5564 magnitudo
1103 5512 1116 5550 :
1144 5496 1398 5567 reliquum
1427 5507 1542 5561 est,
1575 5505 1629 5552 ut
1661 5499 1760 5554 soli
1790 5499 1994 5556 mulieri
2029 5504 2236 5574 culpam

675 5598 780 5639 non
808 5584 1092 5652 adscribas,
1117 5587 1208 5642 sed
1238 5597 1292 5642 et
1313 5588 1641 5659 negligentia!
1671 5601 1795 5647 tute.

746 5674 798 5727 5.
824 5673 981 5743 igitur
999 5675 1128 5730 satis
1157 5677 1415 5732 Adamum
1441 5679 1768 5749 alloquutus,
1806 5693 2083 5754 postquam
2110 5700 2238 5740 con-

674 5762 954 5820 fessionem
983 5763 1066 5820 ille
1099 5763 1435 5834 delictorum,
1463 5776 1521 5822 ut
1548 5769 1780 5840 putabat,
1815 5773 1994 5837 edidit.
2024 5790 2236 5846 peccato

1343 425 1398 477 S.
1439 417 1716 478 JUANNIS
1751 413 2218 476 CilliYSOSTOMl
2258 409 2572 468 ARCIiii-Zi‘.
2611 407 3139 464 (ΖΟΝΞΤΛᾸΤΙΧΟΡ.

3781 407 3881 462 HO

2304 526 2357 580 in
2388 524 2663 579 mulierem
2688 523 2943 620 trgnslato
2965 539 2979 578 :
3000 523 3120 577 vide
3141 523 3334 576 bonum
3358 522 3658 589 Dominum,
3681 536 3879 594 quanta

2306 617 2495 672 iterum
2523 614 2843 685 indulgentia
2863 615 3109 686 dignatur
3126 616 3284 671 etiam
3309 614 3452 670 illam
3473 629 3573 670 suo
3597 629 3879 684 responso.

2307 710 2392 764 15.
2437 707 2504 761 Et
2543 708 2688 772 dixit,
2721 707 2908 777 inquit,
2958 707 3092 761 Dens
3135 707 3376 760 mulieri:
3401 704 3504 761 Cur
3542 706 3636 760 hoc
3675 708 3883 776 fecisti?

2307 799 2512 853 Audisti
2540 799 2706 852 virum
2748 798 2798 852 in
2837 807 2888 852 te
2923 798 3132 868 culpam
3161 796 3588 858 transferentem.
3615 806 3670 852 et
3698 797 3881 851 omnia

2307 886 2398 941 tibi
2434 886 2845 952 adscribentem,
2887 901 3003 956 qua:
3047 887 3144 955 ipsi
3191 887 3241 939 in
3279 887 3590 955 adjutricem
3628 885 3748 939 data
3793 900 3880 947 es.

2306 986 2464 1046 atque
2493 976 2610 1030 ideo
2638 977 2870 1041 condita,
2901 984 2957 1029 ut
2984 977 3086 1030 tuis
3114 975 3317 1029 solatiis
3343 977 3515 1045 ipsum
3544 974 3768 1040 foveres,
3795 985 3885 1028 ut-

2309 1078 2430 1136 pme
2454 1067 2693 1122 eamdem
2725 1077 2964 1122 naturam
2993 1082 3111 1121 cum
3148 1067 3262 1137 ipso
3289 1067 3496 1120 sortita.
3537 1065 3645 1121 Cur
3674 1067 3772 1120 hoc
3803 1064 3886 1120 fe-

2308 1157 2424 1212 cisti
2448 1199 2463 1222 ,
2498 1173 2531 1211 o
2561 1159 2787 1211 mulier?
2815 1173 2909 1211 cur
2933 1167 2986 1211 et
3015 1158 3128 1222 tibi,
3157 1165 3212 1211 et
3234 1158 3346 1211 viro
3374 1167 3534 1211 tanta:
3558 1156 3887 1212 confusionis

2310 1248 2445 1303 facta
2484 1264 2542 1302 cs
2582 1253 2801 1303 auctor?
2836 1249 2965 1316 Qua:
3005 1248 3198 1302 utilitas
3238 1263 3300 1302 es
3345 1247 3442 1303 hac
3481 1249 3886 1314 intemperantia

2312 1341 2402 1394 tibi
2442 1341 2716 1394 accrevit?
2753 1339 2892 1410 quod
2922 1355 2989 1393 ex
3024 1341 3122 1393 hoc
3150 1354 3332 1394 errore
3360 1341 3558 1393 lucrum
3585 1339 3674 1393 tibi
3702 1353 3888 1394 acceso

2311 1430 2400 1495 sit,
2431 1446 2536 1501 quo
2561 1439 2747 1499 sponte
2773 1430 3013 1499 decepta,
3041 1430 3198 1482 etiam
3229 1429 3401 1482 virutn
3431 1429 3544 1498 ejus
3574 1429 3693 1482 mali
3723 1429 3892 1498 parti-

2309 1520 2480 1589 cipem
2511 1519 2713 1574 fecisti?
2739 1520 2873 1588 Quid
2899 1535 3029 1589 ergo
3054 1519 3276 1573 mulier?
3303 1519 3525 1585 Serpens
3549 1521 3738 1589 derepit
3768 1536 3850 1574 me
3867 1560 3882 1583 ,

2311 1621 2358 1662 et
2391 1611 2606 1663 comedi.
2651 1609 2780 1663 Vide
2807 1611 2966 1665 etiam
2997 1609 3131 1664 hanc
3157 1609 3422 1677 quomodo
3449 1610 3727 1679 perterrita
3759 1625 3887 1678 pee-

2312 1709 2429 1754 cata
2449 1714 2544 1754 sua
2574 1700 2842 1755 defendat.
2871 1701 3001 1755 Nam
3030 1702 3167 1755 sicut
3191 1702 3270 1754 vir
3298 1703 3505 1770 culpam
3535 1702 3588 1754 in
3611 1702 3885 1756 mulierem

2313 1789 2535 1859 rejiccrc
2561 1790 2766 1845 videtur
2789 1791 2972 1846 dicens
3001 1810 3015 1844 :
3043 1791 3227 1845 Mulier
3256 1793 3393 1855 tulit,
3417 1801 3470 1846 et
3488 1790 3634 1845 dedit
3658 1791 3808 1855 mihi,
3833 1803 3889 1844 ct

2314 1881 2517 1936 eomedi
2546 1899 2558 1935 :
2589 1881 2664 1936 sic
2685 1891 2738 1938 et
2769 1883 2878 1952 ipsa
2903 1882 3105 1937 nullum
3127 1882 3372 1953 effugium
3397 1884 3672 1938 inveniens
3694 1883 3892 1938 fatetur

2319 1971 2532 2037 factum,
2559 1984 2612 2027 et
2643 1973 2809 2042 inquit
2833 1991 2846 2027 :
2871 1973 3091 2042 Serpens
3115 1974 3304 2044 decepit
3328 1990 3424 2036 me,
3447 1984 3495 2027 et
3515 1975 3727 2029 comedi.
3755 1974 3888 2029 Ilaia

2319 2062 2425 2126 illa,
2457 2063 2643 2132 inquit,
2685 2063 2849 2118 bestia
2896 2063 3037 2119 hunc
3081 2064 3234 2119 nobis
3275 2065 3478 2134 lapsum
3517 2065 3706 2128 attulit,
3749 2065 3891 2120 illius

2319 2153 2670 2221 perniciosum
2700 2154 2975 2209 consilium
3023 2155 3073 2209 in
3115 2154 3252 2210 hanc
3289 2171 3384 2209 nos
3414 2157 3751 2226 ignominiam
3790 2157 3888 2210 ad-

2318 2244 2445 2313 egit,
2480 2243 2568 2298 ille
2596 2259 2680 2298 me
2706 2244 2933 2315 decepit,
2959 2257 3010 2301 et
3035 2246 3261 2304 conuii.
3305 2245 3491 2301 Dilecti
3509 2288 3525 2312 ,
3557 2263 3621 2300 ne
3649 2257 3890 2301 transut-

2320 2349 2436 2388 mus
2479 2334 2808 2404 simpliciter,
2835 2351 2952 2404 quae
2996 2351 3136 2391 nunc
3178 2337 3454 2400 dicuntur;
3495 2337 3586 2392 sed
3611 2338 3893 2408 diligenter

2319 2435 2649 2490 scrutantes,
2692 2426 2972 2494 plurimam
3021 2427 3142 2482 inde
3190 2429 3466 2483 utilitatem
3515 2429 3891 2499 percipiamus.

2321 2515 2582 2572 Terribile
2629 2519 2768 2572 enim
2815 2519 3066 2586 judicium
3106 2529 3216 2585 est,
3253 2531 3306 2574 et
3362 2520 3581 2576 horrore
3629 2522 3889 2592 plenum:

2319 2615 2633 2677 oportetque
2671 2617 2917 2662 accurate
2954 2611 3130 2662 omnia
3159 2611 3465 2676 audientes,
3496 2627 3740 2682 magnum
3769 2613 3888 2668 tlte-

2321 2709 2532 2750 saurunt
2582 2697 2775 2752 inferre
2818 2700 3003 2752 menti.
3047 2697 3333 2754 Considera
3363 2702 3504 2755 enim
3531 2713 3584 2756 ct
3614 2703 3783 2757 virum
3813 2704 3895 2757 di-

2321 2795 2550 2845 centem.
2577 2786 2780 2850 Mulier,
2803 2804 2953 2857 quant
2987 2789 3163 2842 dedisti
3206 2800 3259 2842 stt
3299 2791 3363 2842 sit
3404 2807 3616 2854 ntecttnt,
3639 2793 3751 2861 ipsa
3773 2794 3895 2845 mihi

2324 2877 2481 2939 dedit,
2510 2887 2552 2931 et
2587 2878 2799 2930 comedi.
2848 2877 3113 2948 Nusquam
3156 2882 3466 2946 necessitas,
3495 2896 3750 2950 nusquam
3779 2882 3893 2937 vio-

2325 2970 2506 3035 lentia,
2528 2971 2621 3026 sed
2649 2971 2838 3025 electio
2866 2980 2918 3025 et
2958 2972 3196 3026 voluntas
3223 2989 3236 3024 :
3265 2972 3409 3027 dedit
3447 2974 3654 3038 solum,
3692 2983 3746 3028 et
3790 2990 3895 3028 non

2323 3064 2514 3131 coegit,
2534 3077 2630 3117 nec
2650 3065 2754 3117 vim
2775 3063 2966 3116 attulit.
2993 3063 3127 3131 Quin
3153 3073 3207 3119 et
3233 3064 3344 3132 ipsa
3366 3080 3574 3134 quoque
3599 3067 3894 3135 apologiant

2324 3153 2648 3206 concinnans
2674 3168 2776 3205 non
2804 3153 2935 3207 dixit
2959 3173 2972 3206 :
2993 3152 3226 3224 Serpens
3250 3156 3422 3225 coegit
3449 3172 3552 3217 me,
3574 3164 3628 3209 et
3651 3157 3857 3212 comedi
3883 3175 3893 3208 :

2326 3242 2419 3295 sed
2448 3242 2612 3310 quid?
2640 3242 2858 3310 Serpens
2882 3243 3074 3307 decepit
3098 3261 3178 3298 me
3199 3260 3218 3298 .'
3245 3253 3302 3299 ut
3329 3255 3504 3300 autem
3527 3245 3897 3316 deciperetur,

2326 3342 2417 3385 aut
2439 3347 2541 3384 non
2570 3331 2922 3400 deciperetur,
2946 3334 2996 3386 in
3021 3332 3185 3401 ipsius
3205 3342 3319 3387 erat
3345 3344 3621 3403 potestate.
3652 3335 3895 3406 Serpens,

2329 3423 2528 3493 inquit,
2579 3423 2770 3494 decepit
2814 3440 2910 3476 me.
2964 3424 3246 3478 inimicus‘
3287 3425 3428 3479 enim
3473 3435 3668 3480 nostra:
3713 3428 3899 3481 salutis

2328 3529 2487 3583 opera
2518 3513 2671 3582 hujus
2699 3514 2851 3567 mala:
2883 3513 3063 3566 bestia:
3091 3528 3241 3579 usus,
3265 3515 3543 3568 consilium
3569 3515 3717 3570 dedit
3741 3527 3796 3571 et
3815 3519 3900 3572 de

2328 3605 2467 3675 cepit
2499 3619 2642 3658 :non
2682 3606 2786 3657 vim
2828 3603 2982 3669 fecit,
3024 3621 3196 3674 neque
3227 3605 3429 3676 coegit,
3469 3606 3562 3661 sed
3605 3609 3901 3676 pernicioso

2328 3695 2550 3749 consilio
2580 3694 2790 3748 fraudes
2816 3708 2942 3749 suas
2967 3710 3126 3764 opere
3149 3697 3434 3764 complevit
3466 3715 3479 3752 :
3508 3701 3757 3767 quoniam
3788 3717 3901 3754 mu-

2331 3784 2512 3838 lierem
2555 3783 2814 3850 offendit,
2856 3800 2973 3854 qua:
3018 3784 3381 3853 deceptionem
3420 3787 3569 3842 facile
3607 3789 3901 3844 admissura

2331 3885 2464 3939 erat,
2493 3873 2633 3927 nulla
2665 3875 2814 3928 venia
2845 3869 3075 3944 dignam.
3110 3875 3333 3946 Serpens
3357 3878 3550 3947 decepit
3571 3895 3668 3946 me,
3694 3891 3740 3933 et
3766 3897 3906 3934 com-

2332 3965 2430 4016 edi.
2481 3964 2608 4018 Vide
2644 3966 2835 4018 bonum
2885 3965 3184 4031 Dominum,
3215 3967 3422 4020 illorum
3460 3970 3637 4023 verbis
3679 3983 3901 4026 conten-

2335 4063 2464 4118 tum,
2498 4064 2550 4110 et
2578 4053 2643 4108 ad
2677 4056 2820 4124 plura
2851 4054 3070 4110 dicenda
3102 4072 3207 4110 non
3234 4069 3528 4127 cogentem.
3559 4061 3900 4134 Quandoqui-

2332 4145 2452 4200 dem
2477 4148 2617 4200 enim
2643 4149 2755 4202 lucc
2775 4163 2879 4202 non
2901 4147 3148 4218 ignorans
3168 4149 3543 4221 interrogabat,
3571 4153 3664 4208 sed
3685 4171 3900 4224 gnarus,

2334 4247 2386 4290 et
2410 4237 2691 4290 admodum
2716 4253 2928 4307 gnarus,
2956 4248 3012 4292 ut
3039 4241 3186 4292 suam
3209 4239 3440 4294 declaret
3465 4245 3900 4308 misericordiam,

2333 4327 2398 4380 ad
2431 4327 2638 4380 illorum
2668 4341 2722 4380 se
2745 4327 3098 4381 infirmitatem
3125 4328 3370 4396 demittit,
3399 4343 3450 4385 et
3476 4334 3542 4386 ad
3572 4345 3901 4402 peccatorum

2334 4418 2718 4472 confessionem
2742 4420 2884 4488 ipsos
2911 4429 3176 4488 provocat.
3202 4421 3309 4475 Hae
3335 4423 3490 4492 igitur
3509 4425 3577 4479 de
3592 4441 3749 4480 causa
3777 4428 3904 4482 nihil

2336 4507 2555 4562 ulterius
2590 4525 2652 4562 ex
2688 4509 2766 4563 eis
2802 4511 3004 4579 quaerit.
3052 4510 3301 4565 Ediscere
3332 4511 3463 4568 forte
3492 4531 3584 4582 par
3611 4527 3724 4571 erat
3749 4519 3906 4573 dccc-

2337 4599 2529 4666 ptionis
2554 4612 2751 4665 genus;
2795 4615 2978 4654 verum
3000 4608 3055 4652 ut
3085 4601 3236 4654 nobis
3266 4603 3508 4656 ostendat
3537 4620 3595 4658 se
3622 4623 3724 4659 non
3759 4609 3904 4676 igno-

2337 4698 2539 4758 rantem
2584 4690 2952 4760 interrogasse,
2983 4691 3079 4745 fuit
3119 4703 3396 4747 Contentus
3437 4695 3611 4751 dictis.
3657 4697 3784 4752 Nam
3821 4700 3904 4754 illa

2336 4778 2561 4833 dicendo
2592 4797 2604 4832 :
2640 4782 2856 4850 Serpens
2876 4783 3067 4851 decepit
3096 4802 3192 4848 me,
3219 4796 3267 4837 et
3299 4788 3490 4840 comedi
3516 4831 3529 4849 ,
3561 4789 3908 4848 snbindicavit

2338 4871 2686 4936 perniciosum
2711 4872 3008 4950 consilium,
3030 4874 3167 4942 quod
3194 4889 3220 4926 a
3252 4876 3459 4930 diabolo
3492 4893 3584 4945 per
3607 4894 3905 4950 serpentem

2339 4961 2540 5028 accepit
2561 5000 2575 5024 ,
2616 4947 2912 5031 quasi'post
2939 4969 3086 5016 esum
3116 4962 3275 5018 futuri
3303 4977 3482 5020 essent
3519 4947 3784 5038 tamquam
3813 4974 3903 5026 dii.

2341 5048 2556 5103 Vidistis
2577 5062 2767 5119 quanta
2788 5051 3055 5120 diligentia
3079 5055 3244 5106 Adam
3270 5055 3623 5126 interrogatus
3646 5059 3761 5112 est?
3788 5076 3906 5115 cum

2340 5150 2530 5209 quanta
2583 5141 2900 5211 indulgentia
2947 5145 2995 5195 in
3037 5144 3291 5210 judicium
3322 5147 3544 5202 adducta
3575 5157 3658 5204 est
3686 5153 3911 5208 mulier?

2340 5229 2606 5299 quomodo
2636 5242 2852 5301 uterque
2877 5248 2934 5287 se
2959 5233 3223 5288 defendit?
3255 5235 3441 5292 Videte
3467 5238 3680 5295 demum
3711 5244 3797 5297 hic
3826 5245 3907 5298 in-

2341 5320 2602 5375 effabilem
2657 5322 3032 5376 misericordia:
3077 5323 3276 5380 Judicis
3319 5329 3704 5385 excellentiam.
3756 5333 3908 5388 Post-

2342 5427 2495 5481 quam
2538 5412 2725 5465 mulier
2763 5413 2889 5467 dixit
2925 5433 2937 5467 :
2970 5413 3188 5482 Serpens
3234 5419 3423 5488 decepit
3462 5437 3556 5484 me,
3590 5432 3635 5476 et
3673 5427 3912 5480 comedi:

2343 5518 2447 5556 non
2475 5501 2583 5570 jam
2611 5513 2909 5571 serpentem
2937 5504 3185 5573 dignatur
3211 5511 3586 5579 responsione,
3619 5529 3792 5584 neque
3829 5519 3906 5570 lo-

2341 5609 2462 5648 cum
2491 5594 2538 5648 ei
2565 5592 2656 5648 dat
2680 5609 2797 5650 sese
2821 5597 3078 5666 purgandi
3109 5615 3120 5652 :
3151 5615 3321 5669 neque
3348 5601 3639 5674 interrogat
3673 5607 3809 5661 sicut
3835 5611 3911 5661 vi-

2409 5723 2635 5796 f_stm'el._.
2668 5725 2785 5796 ride
2799 5725 2945 5796 fumi,
2968 5727 3204 5782 iniunctis.
3233 5738 3332 5784 Mss.
3353 5747 3479 5796 pene
3502 5749 3673 5787 omnes
3694 5741 3910 5791 διδωμι

2350 5786 2525 5836 odium
2545 5786 2672 5837 enim
2687 5787 2852 5838 salutis
2871 5796 3058 5841 nostra.
