  <div class='ocr_page' id='page_1' title='image "/cluster/home/n/w/nwhite01/storage/ocr_20150623/53/uva.x030486927/143.png"; bbox 0 0 4102 6506; ppageno 0'>
   <div class='ocr_carea' id='block_1_1' title="bbox 514 422 613 475">
    <p class='ocr_par' dir='ltr' id='par_1_1' title="bbox 514 422 613 475">
     <span class='ocr_line' id='line_1_1' title="bbox 514 422 613 475; baseline 0.04 -4"><span class='ocrx_word' id='word_1_1' title='bbox 514 422 613 475; x_wconf 67' lang='grc' dir='ltr'>ΪΗ</span> 
     </span>
    </p>
   </div>
   <div class='ocr_carea' id='block_1_2' title="bbox 497 531 2154 609">
    <p class='ocr_par' dir='ltr' id='par_1_2' title="bbox 497 531 2154 609">
     <span class='ocr_line' id='line_1_2' title="bbox 497 531 2154 609; baseline -0.005 -17"><span class='ocrx_word' id='word_1_2' title='bbox 497 537 646 605; x_wconf 77' lang='grc' dir='ltr'>αὐτῷ</span> <span class='ocrx_word' id='word_1_3' title='bbox 680 535 927 607; x_wconf 75' lang='grc' dir='ltr'>παρέχει,</span> <span class='ocrx_word' id='word_1_4' title='bbox 958 535 1078 591; x_wconf 67' lang='grc' dir='ltr'>οὐδὲ</span> <span class='ocrx_word' id='word_1_5' title='bbox 1110 537 1297 609; x_wconf 17' lang='grc' dir='ltr'>ἐρωτᾷ-ι</span> <span class='ocrx_word' id='word_1_6' title='bbox 1316 534 1561 605; x_wconf 84' lang='grc' dir='ltr'>καθάπερ</span> <span class='ocrx_word' id='word_1_7' title='bbox 1605 533 1696 587; x_wconf 81' lang='grc' dir='ltr'>τδν</span> <span class='ocrx_word' id='word_1_8' title='bbox 1733 533 1901 605; x_wconf 86' lang='grc' dir='ltr'>ἀνδρα</span> <span class='ocrx_word' id='word_1_9' title='bbox 1939 533 2031 586; x_wconf 70' lang='grc' dir='ltr'>καὶ</span> <span class='ocrx_word' id='word_1_10' title='bbox 2057 531 2154 601; x_wconf 81' lang='grc' dir='ltr'>τὴν</span> 
     </span>
    </p>
   </div>
   <div class='ocr_carea' id='block_1_3' title="bbox 507 618 2153 694">
    <p class='ocr_par' dir='ltr' id='par_1_3' title="bbox 507 618 2153 694">
     <span class='ocr_line' id='line_1_3' title="bbox 507 618 2153 694; baseline -0.003 -19"><span class='ocrx_word' id='word_1_11' title='bbox 507 624 755 690; x_wconf 81' lang='grc' dir='ltr'>γυναῖκα·</span> <span class='ocrx_word' id='word_1_12' title='bbox 793 622 926 676; x_wconf 87' lang='grc' dir='ltr'>ἀλλά</span> <span class='ocrx_word' id='word_1_13' title='bbox 965 624 1067 694; x_wconf 73' lang='grc' dir='ltr'>τὰς</span> <span class='ocrx_word' id='word_1_14' title='bbox 1099 623 1227 694; x_wconf 72' lang='grc' dir='ltr'>παρ’</span> <span class='ocrx_word' id='word_1_15' title='bbox 1261 621 1481 675; x_wconf 87' lang='grc' dir='ltr'>ἐκείνων</span> <span class='ocrx_word' id='word_1_16' title='bbox 1520 618 1814 686; x_wconf 80' lang='grc' dir='ltr'>ἀπολογίας</span> <span class='ocrx_word' id='word_1_17' title='bbox 1844 618 2153 689; x_wconf 83' lang='grc' dir='ltr'>δεξάμενος,</span> 
     </span>
    </p>
   </div>
   <div class='ocr_carea' id='block_1_4' title="bbox 499 688 2153 778">
    <p class='ocr_par' dir='ltr' id='par_1_4' title="bbox 499 688 2153 778">
     <span class='ocr_line' id='line_1_4' title="bbox 499 688 2153 778; baseline -0.003 -16"><span class='ocrx_word' id='word_1_18' title='bbox 499 688 590 763; x_wconf 71' lang='grc' dir='ltr'>ἐπὶ</span> <span class='ocrx_word' id='word_1_19' title='bbox 616 709 800 764; x_wconf 80' lang='grc' dir='ltr'>τοῦτον</span> <span class='ocrx_word' id='word_1_20' title='bbox 821 711 896 772; x_wconf 86' lang='grc' dir='ltr'>ὡς</span> <span class='ocrx_word' id='word_1_21' title='bbox 915 688 1087 778; x_wconf 66' lang='grc' dir='ltr'>αῑτιόν</span> <span class='ocrx_word' id='word_1_22' title='bbox 1111 688 1374 764; x_wconf 75' lang='grc' dir='ltr'>τῶνὸλων</span> <span class='ocrx_word' id='word_1_23' title='bbox 1400 699 1584 762; x_wconf 83' lang='grc' dir='ltr'>κακῶν</span> <span class='ocrx_word' id='word_1_24' title='bbox 1609 723 1806 777; x_wconf 85' lang='grc' dir='ltr'>γεγενη</span> <span class='ocrx_word' id='word_1_25' title='bbox 1816 688 2153 778; x_wconf 77' lang='grc' dir='ltr'>μένονόρμᾷ.</span> 
     </span>
    </p>
   </div>
   <div class='ocr_carea' id='block_1_5' title="bbox 501 792 2154 866">
    <p class='ocr_par' dir='ltr' id='par_1_5' title="bbox 501 792 2154 866">
     <span class='ocr_line' id='line_1_5' title="bbox 501 792 2154 866; baseline -0.002 -19"><span class='ocrx_word' id='word_1_26' title='bbox 501 796 609 848; x_wconf 70' lang='grc' dir='ltr'>Καὶ</span> <span class='ocrx_word' id='word_1_27' title='bbox 640 797 827 866; x_wconf 77' lang='grc' dir='ltr'>ἐπειδὴ</span> <span class='ocrx_word' id='word_1_28' title='bbox 853 797 928 860; x_wconf 82' lang='grc' dir='ltr'>ὡς</span> <span class='ocrx_word' id='word_1_29' title='bbox 953 797 1084 861; x_wconf 81' lang='grc' dir='ltr'>Θεὸς</span> <span class='ocrx_word' id='word_1_30' title='bbox 1115 797 1210 851; x_wconf 78' lang='grc' dir='ltr'>καὶ</span> <span class='ocrx_word' id='word_1_31' title='bbox 1235 796 1302 849; x_wconf 83' lang='grc' dir='ltr'>τὰ</span> <span class='ocrx_word' id='word_1_32' title='bbox 1328 795 1612 866; x_wconf 73' lang='grc' dir='ltr'>ἀπόρρητα</span> <span class='ocrx_word' id='word_1_33' title='bbox 1641 795 2000 862; x_wconf 85' lang='grc' dir='ltr'>ἐπιστάμενος</span> <span class='ocrx_word' id='word_1_34' title='bbox 2021 792 2154 862; x_wconf 81' lang='grc' dir='ltr'>ᾔδει,</span> 
     </span>
    </p>
   </div>
   <div class='ocr_carea' id='block_1_6' title="bbox 499 879 2156 957">
    <p class='ocr_par' dir='ltr' id='par_1_6' title="bbox 499 879 2156 957">
     <span class='ocr_line' id='line_1_6' title="bbox 499 879 2156 957; baseline -0.004 -19"><span class='ocrx_word' id='word_1_35' title='bbox 499 885 581 938; x_wconf 80' lang='grc' dir='ltr'>δτι</span> <span class='ocrx_word' id='word_1_36' title='bbox 603 885 764 949; x_wconf 75' lang='grc' dir='ltr'>αὐτὸς</span> <span class='ocrx_word' id='word_1_37' title='bbox 794 881 862 956; x_wconf 76' lang='grc' dir='ltr'>ἦν</span> <span class='ocrx_word' id='word_1_38' title='bbox 897 889 926 939; x_wconf 91' lang='lat'>6</span> <span class='ocrx_word' id='word_1_39' title='bbox 956 885 1432 957; x_wconf 60' lang='lat' dir='ltr'>6m93madpevoc</span> <span class='ocrx_word' id='word_1_40' title='bbox 1455 887 1520 954; x_wconf 75' lang='grc' dir='ltr'>τῇ</span> <span class='ocrx_word' id='word_1_41' title='bbox 1557 882 1652 937; x_wconf 90' lang='grc' dir='ltr'>τοῦ</span> <span class='ocrx_word' id='word_1_42' title='bbox 1680 881 1923 939; x_wconf 91' lang='grc' dir='ltr'>διαϐόλου</span> <span class='ocrx_word' id='word_1_43' title='bbox 1947 879 2156 933; x_wconf 85' lang='grc' dir='ltr'>ἐπιϐου-</span> 
     </span>
    </p>
   </div>
   <div class='ocr_carea' id='block_1_7' title="bbox 501 966 2156 1044">
    <p class='ocr_par' dir='ltr' id='par_1_7' title="bbox 501 966 2156 1044">
     <span class='ocr_line' id='line_1_7' title="bbox 501 966 2156 1044; baseline -0.002 -22"><span class='ocrx_word' id='word_1_44' title='bbox 501 975 564 1042; x_wconf 73' lang='grc' dir='ltr'>λῇ</span> <span class='ocrx_word' id='word_1_45' title='bbox 585 986 632 1035; x_wconf 75' lang='grc' dir='ltr'>υ,</span> <span class='ocrx_word' id='word_1_46' title='bbox 669 973 760 1026; x_wconf 81' lang='grc' dir='ltr'>καὶ</span> <span class='ocrx_word' id='word_1_47' title='bbox 789 976 853 1044; x_wconf 81' lang='grc' dir='ltr'>τῇ</span> <span class='ocrx_word' id='word_1_48' title='bbox 887 973 1172 1043; x_wconf 74' lang='grc' dir='ltr'>βασκανίᾳ,</span> <span class='ocrx_word' id='word_1_49' title='bbox 1203 973 1267 1043; x_wconf 79' lang='grc' dir='ltr'>ἡν</span> <span class='ocrx_word' id='word_1_50' title='bbox 1291 971 1420 1042; x_wconf 64' lang='grc' dir='ltr'>περ)⁸</span> <span class='ocrx_word' id='word_1_51' title='bbox 1449 971 1538 1023; x_wconf 76' lang='grc' dir='ltr'>τὸν</span> <span class='ocrx_word' id='word_1_52' title='bbox 1562 970 1844 1040; x_wconf 80' lang='grc' dir='ltr'>ἄνθρωπον</span> <span class='ocrx_word' id='word_1_53' title='bbox 1878 966 2156 1031; x_wconf 84' lang='grc' dir='ltr'>ἐπεδείξα-</span> 
     </span>
    </p>
   </div>
   <div class='ocr_carea' id='block_1_8' title="bbox 499 1053 2156 1130">
    <p class='ocr_par' dir='ltr' id='par_1_8' title="bbox 499 1053 2156 1130">
     <span class='ocr_line' id='line_1_8' title="bbox 499 1053 2156 1130; baseline -0.004 -20"><span class='ocrx_word' id='word_1_54' title='bbox 499 1073 578 1120; x_wconf 87' lang='grc' dir='ltr'>το,</span> <span class='ocrx_word' id='word_1_55' title='bbox 619 1057 705 1112; x_wconf 82' lang='grc' dir='ltr'>ἵνα</span> <span class='ocrx_word' id='word_1_56' title='bbox 735 1058 911 1130; x_wconf 84' lang='grc' dir='ltr'>μάθῃς</span> <span class='ocrx_word' id='word_1_57' title='bbox 943 1057 1106 1112; x_wconf 85' lang='grc' dir='ltr'>αὐτοῦ</span> <span class='ocrx_word' id='word_1_58' title='bbox 1158 1057 1253 1128; x_wconf 77' lang='grc' dir='ltr'>τὴν</span> <span class='ocrx_word' id='word_1_59' title='bbox 1298 1056 1628 1125; x_wconf 89' lang='grc' dir='ltr'>ἀγαθότητα,</span> <span class='ocrx_word' id='word_1_60' title='bbox 1667 1055 1782 1118; x_wconf 91' lang='grc' dir='ltr'>πῶς</span> <span class='ocrx_word' id='word_1_61' title='bbox 1823 1055 1907 1107; x_wconf 83' lang='grc' dir='ltr'>ἐπ’</span> <span class='ocrx_word' id='word_1_62' title='bbox 1933 1053 2156 1106; x_wconf 81' lang='grc' dir='ltr'>ἐκείνων</span> 
     </span>
    </p>
   </div>
   <div class='ocr_carea' id='block_1_9' title="bbox 502 1137 2157 1215">
    <p class='ocr_par' dir='ltr' id='par_1_9' title="bbox 502 1137 2157 1215">
     <span class='ocr_line' id='line_1_9' title="bbox 502 1137 2157 1215; baseline -0.003 -19"><span class='ocrx_word' id='word_1_63' title='bbox 502 1144 596 1212; x_wconf 83' lang='grc' dir='ltr'>μὲν</span> <span class='ocrx_word' id='word_1_64' title='bbox 648 1145 740 1196; x_wconf 76' lang='grc' dir='ltr'>καὶ</span> <span class='ocrx_word' id='word_1_65' title='bbox 783 1142 937 1207; x_wconf 82' lang='grc' dir='ltr'>εἰδὼς</span> <span class='ocrx_word' id='word_1_66' title='bbox 970 1143 1047 1214; x_wconf 84' lang='grc' dir='ltr'>τῷ</span> <span class='ocrx_word' id='word_1_67' title='bbox 1080 1145 1177 1215; x_wconf 79' lang='grc' dir='ltr'>μὲν</span> <span class='ocrx_word' id='word_1_68' title='bbox 1225 1144 1394 1211; x_wconf 75' lang='grc' dir='ltr'>ἐλεγε,</span> <span class='ocrx_word' id='word_1_69' title='bbox 1435 1143 1558 1196; x_wconf 87' lang='grc' dir='ltr'>Ποῦ</span> <span class='ocrx_word' id='word_1_70' title='bbox 1585 1137 1670 1206; x_wconf 75' lang='grc' dir='ltr'>εἷς</span> <span class='ocrx_word' id='word_1_71' title='bbox 1719 1141 1810 1204; x_wconf 86' lang='grc' dir='ltr'>Τίς</span> <span class='ocrx_word' id='word_1_72' title='bbox 1836 1137 2157 1207; x_wconf 75' lang='grc' dir='ltr'>ἀνήττειλέ</span> 
     </span>
    </p>
   </div>
   <div class='ocr_carea' id='block_1_10' title="bbox 500 1225 2157 1299">
    <p class='ocr_par' dir='ltr' id='par_1_10' title="bbox 500 1225 2157 1299">
     <span class='ocr_line' id='line_1_10' title="bbox 500 1225 2157 1299; baseline -0.002 -17"><span class='ocrx_word' id='word_1_73' title='bbox 500 1243 592 1282; x_wconf 77' lang='grc' dir='ltr'>σοι</span> <span class='ocrx_word' id='word_1_74' title='bbox 624 1229 710 1282; x_wconf 86' lang='grc' dir='ltr'>ὅτι</span> <span class='ocrx_word' id='word_1_75' title='bbox 743 1228 968 1298; x_wconf 71' lang='grc' dir='ltr'>γυμνὸς</span> <span class='ocrx_word' id='word_1_76' title='bbox 999 1225 1087 1296; x_wconf 75' lang='grc' dir='ltr'>εἷς</span> <span class='ocrx_word' id='word_1_77' title='bbox 1122 1233 1186 1299; x_wconf 82' lang='grc' dir='ltr'>τῇ</span> <span class='ocrx_word' id='word_1_78' title='bbox 1220 1229 1274 1282; x_wconf 82' lang='grc' dir='ltr'>δὲ</span> <span class='ocrx_word' id='word_1_79' title='bbox 1312 1229 1480 1296; x_wconf 72' lang='grc' dir='ltr'>ἔλεγε,</span> <span class='ocrx_word' id='word_1_80' title='bbox 1525 1227 1592 1281; x_wconf 83' lang='grc' dir='ltr'>Τί</span> <span class='ocrx_word' id='word_1_81' title='bbox 1621 1226 1795 1280; x_wconf 88' lang='grc' dir='ltr'>τοῦτο</span> <span class='ocrx_word' id='word_1_82' title='bbox 1831 1226 2157 1292; x_wconf 79' lang='grc' dir='ltr'>ἐποίησας;</span> 
     </span>
    </p>
   </div>
   <div class='ocr_carea' id='block_1_11' title="bbox 498 1311 2152 1386">
    <p class='ocr_par' dir='ltr' id='par_1_11' title="bbox 498 1311 2152 1386">
     <span class='ocr_line' id='line_1_11' title="bbox 498 1311 2152 1386; baseline -0.001 -22"><span class='ocrx_word' id='word_1_83' title='bbox 498 1315 588 1365; x_wconf 75' lang='grc' dir='ltr'>ἐπὶ</span> <span class='ocrx_word' id='word_1_84' title='bbox 636 1315 726 1368; x_wconf 90' lang='grc' dir='ltr'>τοῦ</span> <span class='ocrx_word' id='word_1_85' title='bbox 770 1315 1006 1386; x_wconf 85' lang='grc' dir='ltr'>πονηροῦ</span> <span class='ocrx_word' id='word_1_86' title='bbox 1060 1315 1247 1368; x_wconf 88' lang='grc' dir='ltr'>τούτου</span> <span class='ocrx_word' id='word_1_87' title='bbox 1293 1313 1480 1384; x_wconf 81' lang='grc' dir='ltr'>θηρίου</span> <span class='ocrx_word' id='word_1_88' title='bbox 1520 1313 1672 1366; x_wconf 82' lang='grc' dir='ltr'>οὐδὲν</span> <span class='ocrx_word' id='word_1_89' title='bbox 1709 1311 1947 1366; x_wconf 89' lang='grc' dir='ltr'>τοιοῦτον</span> <span class='ocrx_word' id='word_1_90' title='bbox 1993 1313 2152 1375; x_wconf 90' lang='grc' dir='ltr'>ποιεῖ,</span> 
     </span>
    </p>
   </div>
   <div class='ocr_carea' id='block_1_12' title="bbox 496 1395 2154 1468">
    <p class='ocr_par' dir='ltr' id='par_1_12' title="bbox 496 1395 2154 1468">
     <span class='ocr_line' id='line_1_12' title="bbox 496 1395 2154 1468; baseline -0.002 -16"><span class='ocrx_word' id='word_1_91' title='bbox 496 1400 627 1452; x_wconf 87' lang='grc' dir='ltr'>ἀλλά</span> <span class='ocrx_word' id='word_1_92' title='bbox 651 1402 726 1465; x_wconf 91' lang='grc' dir='ltr'>τί;</span> <span class='ocrx_word' id='word_1_93' title='bbox 766 1402 871 1454; x_wconf 76' lang='grc' dir='ltr'>Καὶ</span> <span class='ocrx_word' id='word_1_94' title='bbox 892 1397 1023 1454; x_wconf 82' lang='grc' dir='ltr'>εἶπε</span> <span class='ocrx_word' id='word_1_95' title='bbox 1054 1402 1265 1468; x_wconf 79' lang='grc' dir='ltr'>Κύριος</span> <span class='ocrx_word' id='word_1_96' title='bbox 1299 1403 1331 1454; x_wconf 85' lang='grc' dir='ltr'>ό</span> <span class='ocrx_word' id='word_1_97' title='bbox 1363 1399 1506 1465; x_wconf 75' lang='grc' dir='ltr'>Θεὸς</span> <span class='ocrx_word' id='word_1_98' title='bbox 1534 1395 1611 1466; x_wconf 81' lang='grc' dir='ltr'>τῷ</span> <span class='ocrx_word' id='word_1_99' title='bbox 1633 1399 1781 1466; x_wconf 73' lang='grc' dir='ltr'>ὄφει,</span> <span class='ocrx_word' id='word_1_100' title='bbox 1802 1399 1920 1450; x_wconf 89' lang='grc' dir='ltr'>Ὅτι</span> <span class='ocrx_word' id='word_1_101' title='bbox 1952 1397 2154 1462; x_wconf 83' lang='grc' dir='ltr'>ἐποίη-</span> 
     </span>
    </p>
   </div>
   <div class='ocr_carea' id='block_1_13' title="bbox 495 1482 2157 1557">
    <p class='ocr_par' dir='ltr' id='par_1_13' title="bbox 495 1482 2157 1557">
     <span class='ocr_line' id='line_1_13' title="bbox 495 1482 2157 1557; baseline -0.002 -19"><span class='ocrx_word' id='word_1_102' title='bbox 495 1502 610 1551; x_wconf 74' lang='grc' dir='ltr'>σας</span> <span class='ocrx_word' id='word_1_103' title='bbox 641 1486 834 1540; x_wconf 83' lang='grc' dir='ltr'>τοῦτο.</span> <span class='ocrx_word' id='word_1_104' title='bbox 869 1483 1020 1550; x_wconf 78' lang='grc' dir='ltr'>Εἶδες</span> <span class='ocrx_word' id='word_1_105' title='bbox 1048 1488 1344 1556; x_wconf 86' lang='grc' dir='ltr'>διαφοράν;</span> <span class='ocrx_word' id='word_1_106' title='bbox 1391 1487 1482 1557; x_wconf 83' lang='grc' dir='ltr'>Τῇ·</span> <span class='ocrx_word' id='word_1_107' title='bbox 1522 1486 1618 1556; x_wconf 86' lang='grc' dir='ltr'>μὲν</span> <span class='ocrx_word' id='word_1_108' title='bbox 1644 1485 1859 1554; x_wconf 85' lang='grc' dir='ltr'>γυναικί</span> <span class='ocrx_word' id='word_1_109' title='bbox 1887 1483 2058 1550; x_wconf 78' lang='grc' dir='ltr'>ἔλεγε,</span> <span class='ocrx_word' id='word_1_110' title='bbox 2098 1482 2157 1536; x_wconf 83' lang='grc' dir='ltr'>Τί</span> 
     </span>
    </p>
   </div>
   <div class='ocr_carea' id='block_1_14' title="bbox 495 1569 2149 1644">
    <p class='ocr_par' dir='ltr' id='par_1_14' title="bbox 495 1569 2149 1644">
     <span class='ocr_line' id='line_1_14' title="bbox 495 1569 2149 1644; baseline -0.001 -22"><span class='ocrx_word' id='word_1_111' title='bbox 495 1573 667 1626; x_wconf 79' lang='grc' dir='ltr'>τοῦτο</span> <span class='ocrx_word' id='word_1_112' title='bbox 705 1574 1036 1640; x_wconf 83' lang='grc' dir='ltr'>ἐποίησας;</span> <span class='ocrx_word' id='word_1_113' title='bbox 1080 1573 1159 1644; x_wconf 83' lang='grc' dir='ltr'>τῷ</span> <span class='ocrx_word' id='word_1_114' title='bbox 1197 1573 1252 1626; x_wconf 80' lang='grc' dir='ltr'>δέ</span> <span class='ocrx_word' id='word_1_115' title='bbox 1285 1573 1425 1641; x_wconf 79' lang='grc' dir='ltr'>ϐφει,</span> <span class='ocrx_word' id='word_1_116' title='bbox 1467 1574 1584 1625; x_wconf 86' lang='grc' dir='ltr'>Ὅτι</span> <span class='ocrx_word' id='word_1_117' title='bbox 1627 1571 1917 1638; x_wconf 80' lang='grc' dir='ltr'>ἐποίησας</span> <span class='ocrx_word' id='word_1_118' title='bbox 1955 1569 2149 1622; x_wconf 86' lang='grc' dir='ltr'>τοῦτο.</span> 
     </span>
    </p>
   </div>
   <div class='ocr_carea' id='block_1_15' title="bbox 497 1655 2153 1731">
    <p class='ocr_par' dir='ltr' id='par_1_15' title="bbox 497 1655 2153 1731">
     <span class='ocr_line' id='line_1_15' title="bbox 497 1655 2153 1731; baseline 0 -22"><span class='ocrx_word' id='word_1_119' title='bbox 497 1662 617 1714; x_wconf 82' lang='grc' dir='ltr'>Ὅτι</span> <span class='ocrx_word' id='word_1_120' title='bbox 661 1661 720 1713; x_wconf 81' lang='grc' dir='ltr'>τὸ</span> <span class='ocrx_word' id='word_1_121' title='bbox 753 1662 939 1724; x_wconf 82' lang='grc' dir='ltr'>κακὸν,</span> <span class='ocrx_word' id='word_1_122' title='bbox 979 1663 1157 1731; x_wconf 66' lang='grc' dir='ltr'>φησιν,</span> <span class='ocrx_word' id='word_1_123' title='bbox 1203 1661 1356 1714; x_wconf 88' lang='grc' dir='ltr'>τοῦτο</span> <span class='ocrx_word' id='word_1_124' title='bbox 1389 1659 1646 1730; x_wconf 87' lang='grc' dir='ltr'>εἰργάσω,</span> <span class='ocrx_word' id='word_1_125' title='bbox 1678 1660 1758 1711; x_wconf 68' lang='grc' dir='ltr'>ὅτι</span> <span class='ocrx_word' id='word_1_126' title='bbox 1794 1658 1892 1729; x_wconf 78' lang='grc' dir='ltr'>τὴν</span> <span class='ocrx_word' id='word_1_127' title='bbox 1915 1655 2153 1726; x_wconf 78' lang='grc' dir='ltr'>ὀλέθριον</span> 
     </span>
    </p>
   </div>
   <div class='ocr_carea' id='block_1_16' title="bbox 497 1741 2152 1817">
    <p class='ocr_par' dir='ltr' id='par_1_16' title="bbox 497 1741 2152 1817">
     <span class='ocr_line' id='line_1_16' title="bbox 497 1741 2152 1817; baseline -0.001 -21"><span class='ocrx_word' id='word_1_128' title='bbox 497 1747 802 1817; x_wconf 80' lang='grc' dir='ltr'>συμϐουλὴν</span> <span class='ocrx_word' id='word_1_129' title='bbox 849 1748 1052 1817; x_wconf 86' lang='grc' dir='ltr'>ταύτην</span> <span class='ocrx_word' id='word_1_130' title='bbox 1101 1747 1413 1816; x_wconf 86' lang='grc' dir='ltr'>εἰσήγαγες,</span> <span class='ocrx_word' id='word_1_131' title='bbox 1464 1747 1544 1798; x_wconf 83' lang='grc' dir='ltr'>ὅτι</span> <span class='ocrx_word' id='word_1_132' title='bbox 1598 1744 1831 1815; x_wconf 77' lang='grc' dir='ltr'>τοσαύτῃ</span> <span class='ocrx_word' id='word_1_133' title='bbox 1887 1741 2152 1812; x_wconf 72' lang='grc' dir='ltr'>βασκανίᾳ</span> 
     </span>
    </p>
   </div>
   <div class='ocr_carea' id='block_1_17' title="bbox 495 1827 2152 1903">
    <p class='ocr_par' dir='ltr' id='par_1_17' title="bbox 495 1827 2152 1903">
     <span class='ocr_line' id='line_1_17' title="bbox 495 1827 2152 1903; baseline -0.003 -19"><span class='ocrx_word' id='word_1_134' title='bbox 495 1833 839 1903; x_wconf 77' lang='grc' dir='ltr'>ὑπηρετήσω,</span> <span class='ocrx_word' id='word_1_135' title='bbox 890 1834 972 1885; x_wconf 86' lang='grc' dir='ltr'>δτι</span> <span class='ocrx_word' id='word_1_136' title='bbox 1016 1832 1157 1885; x_wconf 81' lang='grc' dir='ltr'>οὑτω</span> <span class='ocrx_word' id='word_1_137' title='bbox 1206 1832 1294 1885; x_wconf 79' lang='grc' dir='ltr'>τὸν</span> <span class='ocrx_word' id='word_1_138' title='bbox 1348 1832 1537 1901; x_wconf 85' lang='grc' dir='ltr'>φθόνον</span> <span class='ocrx_word' id='word_1_139' title='bbox 1569 1833 1841 1902; x_wconf 79' lang='grc' dir='ltr'>ήκόνησας</span> <span class='ocrx_word' id='word_1_140' title='bbox 1873 1828 2014 1882; x_wconf 86' lang='grc' dir='ltr'>κατὰ</span> <span class='ocrx_word' id='word_1_141' title='bbox 2057 1827 2152 1880; x_wconf 89' lang='grc' dir='ltr'>τοῦ</span> 
     </span>
    </p>
   </div>
   <div class='ocr_carea' id='block_1_18' title="bbox 491 1915 2149 1989">
    <p class='ocr_par' dir='ltr' id='par_1_18' title="bbox 491 1915 2149 1989">
     <span class='ocr_line' id='line_1_18' title="bbox 491 1915 2149 1989; baseline 0 -20"><span class='ocrx_word' id='word_1_142' title='bbox 491 1919 979 1989; x_wconf 81' lang='grc' dir='ltr'>δημιουργηθέντος</span> <span class='ocrx_word' id='word_1_143' title='bbox 1038 1919 1128 1972; x_wconf 78' lang='grc' dir='ltr'>ὑπ’</span> <span class='ocrx_word' id='word_1_144' title='bbox 1172 1917 1325 1988; x_wconf 85' lang='grc' dir='ltr'>ἐμοῦ,</span> <span class='ocrx_word' id='word_1_145' title='bbox 1370 1919 1832 1986; x_wconf 81' lang='grc' dir='ltr'>Ἐπικατάρατος</span> <span class='ocrx_word' id='word_1_146' title='bbox 1889 1915 1970 1970; x_wconf 85' lang='grc' dir='ltr'>σὺ</span> <span class='ocrx_word' id='word_1_147' title='bbox 2033 1915 2149 1970; x_wconf 82' lang='grc' dir='ltr'>ἀπὸ</span> 
     </span>
    </p>
   </div>
   <div class='ocr_carea' id='block_1_19' title="bbox 492 2001 2153 2073">
    <p class='ocr_par' dir='ltr' id='par_1_19' title="bbox 492 2001 2153 2073">
     <span class='ocr_line' id='line_1_19' title="bbox 492 2001 2153 2073; baseline -0.001 -19"><span class='ocrx_word' id='word_1_148' title='bbox 492 2003 732 2057; x_wconf 76' lang='grc' dir='ltr'>πάντων</span> <span class='ocrx_word' id='word_1_149' title='bbox 765 2002 881 2057; x_wconf 89' lang='grc' dir='ltr'>τῶν</span> <span class='ocrx_word' id='word_1_150' title='bbox 902 2003 1159 2073; x_wconf 84' lang='grc' dir='ltr'>κτηνῶν,</span> <span class='ocrx_word' id='word_1_151' title='bbox 1212 2004 1307 2056; x_wconf 81' lang='grc' dir='ltr'>καί</span> <span class='ocrx_word' id='word_1_152' title='bbox 1348 2005 1464 2058; x_wconf 83' lang='grc' dir='ltr'>ἀπὸ</span> <span class='ocrx_word' id='word_1_153' title='bbox 1507 2004 1746 2056; x_wconf 81' lang='grc' dir='ltr'>πάντων</span> <span class='ocrx_word' id='word_1_154' title='bbox 1787 2001 1905 2055; x_wconf 86' lang='grc' dir='ltr'>τῶν</span> <span class='ocrx_word' id='word_1_155' title='bbox 1938 2002 2153 2071; x_wconf 74' lang='grc' dir='ltr'>θηρίων</span> 
     </span>
    </p>
   </div>
   <div class='ocr_carea' id='block_1_20' title="bbox 490 2086 2149 2160">
    <p class='ocr_par' dir='ltr' id='par_1_20' title="bbox 490 2086 2149 2160">
     <span class='ocr_line' id='line_1_20' title="bbox 490 2086 2149 2160; baseline 0 -20"><span class='ocrx_word' id='word_1_156' title='bbox 490 2088 600 2156; x_wconf 84' lang='grc' dir='ltr'>τῆς</span> <span class='ocrx_word' id='word_1_157' title='bbox 627 2089 758 2160; x_wconf 70' lang='grc' dir='ltr'>γῆς.</span> <span class='ocrx_word' id='word_1_158' title='bbox 797 2092 918 2143; x_wconf 76' lang='grc' dir='ltr'>Ἐπὶ</span> <span class='ocrx_word' id='word_1_159' title='bbox 945 2088 1023 2153; x_wconf 87' lang='grc' dir='ltr'>τῷ</span> <span class='ocrx_word' id='word_1_160' title='bbox 1049 2089 1251 2155; x_wconf 77' lang='grc' dir='ltr'>στήθει</span> <span class='ocrx_word' id='word_1_161' title='bbox 1278 2090 1374 2144; x_wconf 80' lang='grc' dir='ltr'>καί</span> <span class='ocrx_word' id='word_1_162' title='bbox 1405 2089 1478 2158; x_wconf 78' lang='grc' dir='ltr'>τῇ</span> <span class='ocrx_word' id='word_1_163' title='bbox 1508 2091 1703 2157; x_wconf 72' lang='grc' dir='ltr'>κοιλίᾳ</span> <span class='ocrx_word' id='word_1_164' title='bbox 1729 2090 2020 2157; x_wconf 80' lang='grc' dir='ltr'>πορεύσῃ,</span> <span class='ocrx_word' id='word_1_165' title='bbox 2052 2086 2149 2140; x_wconf 84' lang='grc' dir='ltr'>καί</span> 
     </span>
    </p>
   </div>
   <div class='ocr_carea' id='block_1_21' title="bbox 491 2175 2149 2245">
    <p class='ocr_par' dir='ltr' id='par_1_21' title="bbox 491 2175 2149 2245">
     <span class='ocr_line' id='line_1_21' title="bbox 491 2175 2149 2245; baseline 0.011 -20"><span class='ocrx_word' id='word_1_166' title='bbox 491 2175 608 2244; x_wconf 71' lang='grc' dir='ltr'>γῆν</span> <span class='ocrx_word' id='word_1_167' title='bbox 657 2175 819 2245; x_wconf 66' lang='grc' dir='ltr'>φάγῃ</span> <span class='ocrx_word' id='word_1_168' title='bbox 867 2175 1070 2241; x_wconf 81' lang='grc' dir='ltr'>πάσας</span> <span class='ocrx_word' id='word_1_169' title='bbox 1129 2176 1233 2241; x_wconf 84' lang='grc' dir='ltr'>τὰς</span> <span class='ocrx_word' id='word_1_170' title='bbox 1288 2177 1510 2245; x_wconf 71' lang='grc' dir='ltr'>ἡμέρας</span> <span class='ocrx_word' id='word_1_171' title='bbox 1548 2176 1659 2243; x_wconf 80' lang='grc' dir='ltr'>τῆς</span> <span class='ocrx_word' id='word_1_172' title='bbox 1689 2175 1836 2242; x_wconf 71' lang='grc' dir='ltr'>ζωῆς</span> <span class='ocrx_word' id='word_1_173' title='bbox 1875 2191 2010 2228; x_wconf 80' lang='grc' dir='ltr'>σουο</span> <span class='ocrx_word' id='word_1_174' title='bbox 2040 2175 2149 2228; x_wconf 71' lang='grc' dir='ltr'>Καὶ</span> 
     </span>
    </p>
   </div>
   <div class='ocr_carea' id='block_1_22' title="bbox 489 2259 2150 2329">
    <p class='ocr_par' dir='ltr' id='par_1_22' title="bbox 489 2259 2150 2329">
     <span class='ocr_line' id='line_1_22' title="bbox 489 2259 2150 2329; baseline 0.001 -17"><span class='ocrx_word' id='word_1_175' title='bbox 489 2260 709 2328; x_wconf 76' lang='grc' dir='ltr'>ἔχθραν</span> <span class='ocrx_word' id='word_1_176' title='bbox 741 2261 905 2326; x_wconf 78' lang='grc' dir='ltr'>θήσω</span> <span class='ocrx_word' id='word_1_177' title='bbox 936 2262 1053 2314; x_wconf 81' lang='grc' dir='ltr'>ἀνὰ</span> <span class='ocrx_word' id='word_1_178' title='bbox 1096 2261 1291 2328; x_wconf 81' lang='grc' dir='ltr'>μέσον</span> <span class='ocrx_word' id='word_1_179' title='bbox 1343 2262 1459 2315; x_wconf 88' lang='grc' dir='ltr'>σοῦ</span> <span class='ocrx_word' id='word_1_180' title='bbox 1518 2262 1614 2314; x_wconf 85' lang='grc' dir='ltr'>καί</span> <span class='ocrx_word' id='word_1_181' title='bbox 1670 2260 1784 2314; x_wconf 80' lang='grc' dir='ltr'>ἀνὰ</span> <span class='ocrx_word' id='word_1_182' title='bbox 1812 2261 2006 2329; x_wconf 81' lang='grc' dir='ltr'>μέσον</span> <span class='ocrx_word' id='word_1_183' title='bbox 2038 2259 2150 2328; x_wconf 88' lang='grc' dir='ltr'>τῆς</span> 
     </span>
    </p>
   </div>
   <div class='ocr_carea' id='block_1_23' title="bbox 490 2346 2148 2416">
    <p class='ocr_par' dir='ltr' id='par_1_23' title="bbox 490 2346 2148 2416">
     <span class='ocr_line' id='line_1_23' title="bbox 490 2346 2148 2416; baseline 0.002 -19"><span class='ocrx_word' id='word_1_184' title='bbox 490 2347 791 2416; x_wconf 75' lang='grc' dir='ltr'>γυναικὸς,</span> <span class='ocrx_word' id='word_1_185' title='bbox 833 2346 928 2400; x_wconf 86' lang='grc' dir='ltr'>καί</span> <span class='ocrx_word' id='word_1_186' title='bbox 978 2347 1093 2400; x_wconf 82' lang='grc' dir='ltr'>ἀνὰ</span> <span class='ocrx_word' id='word_1_187' title='bbox 1145 2346 1340 2416; x_wconf 79' lang='grc' dir='ltr'>μέσον</span> <span class='ocrx_word' id='word_1_188' title='bbox 1377 2347 1482 2401; x_wconf 91' lang='grc' dir='ltr'>τοῦ</span> <span class='ocrx_word' id='word_1_189' title='bbox 1527 2347 1867 2416; x_wconf 83' lang='grc' dir='ltr'>σπέρματός</span> <span class='ocrx_word' id='word_1_190' title='bbox 1905 2362 2020 2402; x_wconf 87' lang='grc' dir='ltr'>σου</span> <span class='ocrx_word' id='word_1_191' title='bbox 2052 2347 2148 2400; x_wconf 82' lang='grc' dir='ltr'>καί</span> 
     </span>
    </p>
   </div>
   <div class='ocr_carea' id='block_1_24' title="bbox 490 2430 2146 2500">
    <p class='ocr_par' dir='ltr' id='par_1_24' title="bbox 490 2430 2146 2500">
     <span class='ocr_line' id='line_1_24' title="bbox 490 2430 2146 2500; baseline 0.003 -19"><span class='ocrx_word' id='word_1_192' title='bbox 490 2430 602 2482; x_wconf 70' lang='grc' dir='ltr'>ἀνὰ</span> <span class='ocrx_word' id='word_1_193' title='bbox 623 2431 818 2498; x_wconf 84' lang='grc' dir='ltr'>μέσον</span> <span class='ocrx_word' id='word_1_194' title='bbox 849 2431 955 2485; x_wconf 89' lang='grc' dir='ltr'>τοῦ</span> <span class='ocrx_word' id='word_1_195' title='bbox 987 2432 1325 2500; x_wconf 80' lang='grc' dir='ltr'>σπέρματος</span> <span class='ocrx_word' id='word_1_196' title='bbox 1357 2431 1566 2500; x_wconf 82' lang='grc' dir='ltr'>αὐτῆς.</span> <span class='ocrx_word' id='word_1_197' title='bbox 1600 2434 1789 2498; x_wconf 81' lang='grc' dir='ltr'>Αὐτός</span> <span class='ocrx_word' id='word_1_198' title='bbox 1825 2448 1941 2487; x_wconf 86' lang='grc' dir='ltr'>σου</span> <span class='ocrx_word' id='word_1_199' title='bbox 1969 2432 2146 2499; x_wconf 78' lang='grc' dir='ltr'>τηρή-</span> 
     </span>
    </p>
   </div>
   <div class='ocr_carea' id='block_1_25' title="bbox 489 2508 1994 2586">
    <p class='ocr_par' dir='ltr' id='par_1_25' title="bbox 489 2508 1994 2586">
     <span class='ocr_line' id='line_1_25' title="bbox 489 2508 1994 2586; baseline 0.003 -18"><span class='ocrx_word' id='word_1_200' title='bbox 489 2508 584 2570; x_wconf 77' lang='grc' dir='ltr'>ε-ει</span> <span class='ocrx_word' id='word_1_201' title='bbox 619 2518 914 2586; x_wconf 70' lang='grc' dir='ltr'>κεφαλὴν,</span> <span class='ocrx_word' id='word_1_202' title='bbox 949 2518 1042 2572; x_wconf 83' lang='grc' dir='ltr'>καί</span> <span class='ocrx_word' id='word_1_203' title='bbox 1073 2518 1153 2570; x_wconf 89' lang='grc' dir='ltr'>σὺ</span> <span class='ocrx_word' id='word_1_204' title='bbox 1191 2519 1472 2585; x_wconf 75' lang='grc' dir='ltr'>τηρήσεις</span> <span class='ocrx_word' id='word_1_205' title='bbox 1503 2518 1688 2572; x_wconf 81' lang='grc' dir='ltr'>αὑτοῦ</span> <span class='ocrx_word' id='word_1_206' title='bbox 1715 2519 1994 2586; x_wconf 79' lang='grc' dir='ltr'>πτέρναν.</span> 
     </span>
    </p>
   </div>
   <div class='ocr_carea' id='block_1_26' title="bbox 562 2603 2150 2677">
    <p class='ocr_par' dir='ltr' id='par_1_26' title="bbox 562 2603 2150 2677">
     <span class='ocr_line' id='line_1_26' title="bbox 562 2603 2150 2677; baseline 0.002 -22"><span class='ocrx_word' id='word_1_207' title='bbox 562 2609 634 2667; x_wconf 78' lang='grc' dir='ltr'>ς’.</span> <span class='ocrx_word' id='word_1_208' title='bbox 664 2603 860 2656; x_wconf 84' lang='grc' dir='ltr'>Σκόπει</span> <span class='ocrx_word' id='word_1_209' title='bbox 879 2621 968 2673; x_wconf 90' lang='grc' dir='ltr'>μοι</span> <span class='ocrx_word' id='word_1_210' title='bbox 985 2603 1216 2657; x_wconf 88' lang='grc' dir='ltr'>ἐνταῦθα</span> <span class='ocrx_word' id='word_1_211' title='bbox 1234 2604 1386 2668; x_wconf 80' lang='grc' dir='ltr'>τάξιν</span> <span class='ocrx_word' id='word_1_212' title='bbox 1409 2605 1500 2658; x_wconf 75' lang='grc' dir='ltr'>καὶ</span> <span class='ocrx_word' id='word_1_213' title='bbox 1521 2604 1838 2658; x_wconf 83' lang='grc' dir='ltr'>ἀκολουθίαν</span> <span class='ocrx_word' id='word_1_214' title='bbox 1855 2605 2150 2677; x_wconf 77' lang='grc' dir='ltr'>φιλανθρωο</span> 
     </span>
    </p>
   </div>
   <div class='ocr_carea' id='block_1_27' title="bbox 488 2689 2146 2762">
    <p class='ocr_par' dir='ltr' id='par_1_27' title="bbox 488 2689 2146 2762">
     <span class='ocr_line' id='line_1_27' title="bbox 488 2689 2146 2762; baseline 0.001 -19"><span class='ocrx_word' id='word_1_215' title='bbox 488 2691 616 2752; x_wconf 87' lang='grc' dir='ltr'>πίας</span> <span class='ocrx_word' id='word_1_216' title='bbox 645 2689 1095 2760; x_wconf 83' lang='grc' dir='ltr'>πεπληρωμένην.</span> <span class='ocrx_word' id='word_1_217' title='bbox 1132 2690 1242 2759; x_wconf 77' lang='grc' dir='ltr'>Τὴν</span> <span class='ocrx_word' id='word_1_218' title='bbox 1278 2691 1376 2760; x_wconf 81' lang='grc' dir='ltr'>μὲν</span> <span class='ocrx_word' id='word_1_219' title='bbox 1405 2693 1514 2762; x_wconf 83' lang='grc' dir='ltr'>γὰρ</span> <span class='ocrx_word' id='word_1_220' title='bbox 1542 2690 1806 2762; x_wconf 89' lang='grc' dir='ltr'>ἐρώτησιν</span> <span class='ocrx_word' id='word_1_221' title='bbox 1829 2692 2146 2762; x_wconf 89' lang='grc' dir='ltr'>ποιούμενος</span> 
     </span>
    </p>
   </div>
   <div class='ocr_carea' id='block_1_28' title="bbox 487 2773 2142 2848">
    <p class='ocr_par' dir='ltr' id='par_1_28' title="bbox 487 2773 2142 2848">
     <span class='ocr_line' id='line_1_28' title="bbox 487 2773 2142 2848; baseline 0.003 -20"><span class='ocrx_word' id='word_1_222' title='bbox 487 2776 595 2830; x_wconf 72' lang='grc' dir='ltr'>ἀπὸ</span> <span class='ocrx_word' id='word_1_223' title='bbox 624 2775 716 2828; x_wconf 87' lang='grc' dir='ltr'>τοῦ</span> <span class='ocrx_word' id='word_1_224' title='bbox 745 2777 933 2846; x_wconf 72' lang='grc' dir='ltr'>ἀνδρὸς</span> <span class='ocrx_word' id='word_1_225' title='bbox 959 2776 1176 2846; x_wconf 73' lang='grc' dir='ltr'>ἤρξατο,</span> <span class='ocrx_word' id='word_1_226' title='bbox 1205 2773 1318 2829; x_wconf 73' lang='grc' dir='ltr'>εἶτα</span> <span class='ocrx_word' id='word_1_227' title='bbox 1355 2778 1614 2848; x_wconf 80' lang='grc' dir='ltr'>μετῆλθεν</span> <span class='ocrx_word' id='word_1_228' title='bbox 1649 2779 1739 2832; x_wconf 78' lang='grc' dir='ltr'>ἐπὶ</span> <span class='ocrx_word' id='word_1_229' title='bbox 1768 2778 1864 2848; x_wconf 86' lang='grc' dir='ltr'>τὴν</span> <span class='ocrx_word' id='word_1_230' title='bbox 1889 2781 2142 2848; x_wconf 88' lang='grc' dir='ltr'>γυναῖκα,</span> 
     </span>
    </p>
   </div>
   <div class='ocr_carea' id='block_1_29' title="bbox 487 2857 2145 2936">
    <p class='ocr_par' dir='ltr' id='par_1_29' title="bbox 487 2857 2145 2936">
     <span class='ocr_line' id='line_1_29' title="bbox 487 2857 2145 2936; baseline 0.001 -20"><span class='ocrx_word' id='word_1_231' title='bbox 487 2863 595 2916; x_wconf 74' lang='grc' dir='ltr'>Καὶ</span> <span class='ocrx_word' id='word_1_232' title='bbox 614 2862 798 2933; x_wconf 75' lang='grc' dir='ltr'>ἐπειδὴ</span> <span class='ocrx_word' id='word_1_233' title='bbox 834 2858 985 2916; x_wconf 76' lang='grc' dir='ltr'>εἶπεν</span> <span class='ocrx_word' id='word_1_234' title='bbox 1015 2862 1152 2934; x_wconf 83' lang='grc' dir='ltr'>αὑτὴ</span> <span class='ocrx_word' id='word_1_235' title='bbox 1175 2863 1263 2916; x_wconf 77' lang='grc' dir='ltr'>τὸν</span> <span class='ocrx_word' id='word_1_236' title='bbox 1291 2865 1462 2917; x_wconf 85' lang='grc' dir='ltr'>αίτιον</span> <span class='ocrx_word' id='word_1_237' title='bbox 1490 2863 1624 2934; x_wconf 83' lang='grc' dir='ltr'>αὐτῇ</span> <span class='ocrx_word' id='word_1_238' title='bbox 1652 2857 2034 2936; x_wconf 77' lang='grc' dir='ltr'>γεγενημένον,</span> <span class='ocrx_word' id='word_1_239' title='bbox 2061 2866 2145 2918; x_wconf 90' lang='grc' dir='ltr'>ἐλ-</span> 
     </span>
    </p>
   </div>
   <div class='ocr_carea' id='block_1_30' title="bbox 486 2945 2141 3018">
    <p class='ocr_par' dir='ltr' id='par_1_30' title="bbox 486 2945 2141 3018">
     <span class='ocr_line' id='line_1_30' title="bbox 486 2945 2141 3018; baseline 0.003 -20"><span class='ocrx_word' id='word_1_240' title='bbox 486 2945 592 2998; x_wconf 83' lang='grc' dir='ltr'>θὼν</span> <span class='ocrx_word' id='word_1_241' title='bbox 617 2947 708 2998; x_wconf 79' lang='grc' dir='ltr'>ἐπὶ</span> <span class='ocrx_word' id='word_1_242' title='bbox 735 2947 825 3000; x_wconf 78' lang='grc' dir='ltr'>τὸν</span> <span class='ocrx_word' id='word_1_243' title='bbox 847 2946 988 3015; x_wconf 86' lang='grc' dir='ltr'>ϐφιν,</span> <span class='ocrx_word' id='word_1_244' title='bbox 1013 2947 1104 3000; x_wconf 74' lang='grc' dir='ltr'>καὶ</span> <span class='ocrx_word' id='word_1_245' title='bbox 1130 2947 1308 3000; x_wconf 89' lang='grc' dir='ltr'>οὐκέτι</span> <span class='ocrx_word' id='word_1_246' title='bbox 1337 2947 1498 3000; x_wconf 82' lang='grc' dir='ltr'>αὐτὸν</span> <span class='ocrx_word' id='word_1_247' title='bbox 1519 2947 1860 3018; x_wconf 82' lang='grc' dir='ltr'>ἀποκρίσεως</span> <span class='ocrx_word' id='word_1_248' title='bbox 1887 2949 2141 3015; x_wconf 77' lang='grc' dir='ltr'>ἀξιώσας,</span> 
     </span>
    </p>
   </div>
   <div class='ocr_carea' id='block_1_31' title="bbox 487 3029 2145 3107">
    <p class='ocr_par' dir='ltr' id='par_1_31' title="bbox 487 3029 2145 3107">
     <span class='ocr_line' id='line_1_31' title="bbox 487 3029 2145 3107; baseline 0.004 -25"><span class='ocrx_word' id='word_1_249' title='bbox 487 3029 582 3100; x_wconf 76' lang='grc' dir='ltr'>τὴν</span> <span class='ocrx_word' id='word_1_250' title='bbox 619 3032 883 3102; x_wconf 85' lang='grc' dir='ltr'>τιμωρίαν</span> <span class='ocrx_word' id='word_1_251' title='bbox 917 3032 1128 3100; x_wconf 78' lang='grc' dir='ltr'>ἐπάγει,</span> <span class='ocrx_word' id='word_1_252' title='bbox 1157 3033 1249 3086; x_wconf 80' lang='grc' dir='ltr'>καὶ</span> <span class='ocrx_word' id='word_1_253' title='bbox 1277 3032 1532 3104; x_wconf 80' lang='grc' dir='ltr'>τοιαύτην</span> <span class='ocrx_word' id='word_1_254' title='bbox 1566 3033 1641 3097; x_wconf 84' lang='grc' dir='ltr'>ὡς</span> <span class='ocrx_word' id='word_1_255' title='bbox 1673 3035 1834 3088; x_wconf 84' lang='grc' dir='ltr'>παντί</span> <span class='ocrx_word' id='word_1_256' title='bbox 1868 3034 1944 3105; x_wconf 81' lang='grc' dir='ltr'>τῷ</span> <span class='ocrx_word' id='word_1_257' title='bbox 1971 3036 2145 3107; x_wconf 86' lang='grc' dir='ltr'>χρόνῳ</span> 
     </span>
    </p>
   </div>
   <div class='ocr_carea' id='block_1_32' title="bbox 485 3116 2143 3191">
    <p class='ocr_par' dir='ltr' id='par_1_32' title="bbox 485 3116 2143 3191">
     <span class='ocr_line' id='line_1_32' title="bbox 485 3116 2143 3191; baseline 0.004 -21"><span class='ocrx_word' id='word_1_258' title='bbox 485 3116 954 3188; x_wconf 74' lang='grc' dir='ltr'>παρεκτείνεσθαι,</span> <span class='ocrx_word' id='word_1_259' title='bbox 1002 3119 1094 3171; x_wconf 74' lang='grc' dir='ltr'>καὶ</span> <span class='ocrx_word' id='word_1_260' title='bbox 1125 3119 1211 3173; x_wconf 81' lang='grc' dir='ltr'>διὰ</span> <span class='ocrx_word' id='word_1_261' title='bbox 1253 3122 1352 3190; x_wconf 81' lang='grc' dir='ltr'>τῆς</span> <span class='ocrx_word' id='word_1_262' title='bbox 1378 3120 1550 3188; x_wconf 74' lang='grc' dir='ltr'>ὅψεως</span> <span class='ocrx_word' id='word_1_263' title='bbox 1580 3121 1797 3191; x_wconf 80' lang='grc' dir='ltr'>διηνεκῆ</span> <span class='ocrx_word' id='word_1_264' title='bbox 1831 3122 2143 3177; x_wconf 86' lang='grc' dir='ltr'>διδάσκαλον</span> 
     </span>
    </p>
   </div>
   <div class='ocr_carea' id='block_1_33' title="bbox 484 3203 2145 3281">
    <p class='ocr_par' dir='ltr' id='par_1_33' title="bbox 484 3203 2145 3281">
     <span class='ocr_line' id='line_1_33' title="bbox 484 3203 2145 3281; baseline 0.005 -27"><span class='ocrx_word' id='word_1_265' title='bbox 484 3203 724 3270; x_wconf 72' lang='grc' dir='ltr'>γίνεσθαι</span> <span class='ocrx_word' id='word_1_266' title='bbox 757 3208 867 3269; x_wconf 88' lang='grc' dir='ltr'>τοῖς</span> <span class='ocrx_word' id='word_1_267' title='bbox 903 3205 1024 3276; x_wconf 75' lang='grc' dir='ltr'>ἑξῆς</span> <span class='ocrx_word' id='word_1_268' title='bbox 1056 3205 1247 3272; x_wconf 71' lang='grc' dir='ltr'>ἅπασι,</span> <span class='ocrx_word' id='word_1_269' title='bbox 1283 3207 1477 3277; x_wconf 80' lang='grc' dir='ltr'>μηκέτι</span> <span class='ocrx_word' id='word_1_270' title='bbox 1501 3207 1745 3278; x_wconf 88' lang='grc' dir='ltr'>δέχεσθαι</span> <span class='ocrx_word' id='word_1_271' title='bbox 1775 3208 1871 3279; x_wconf 80' lang='grc' dir='ltr'>τὴν</span> <span class='ocrx_word' id='word_1_272' title='bbox 1900 3209 2145 3281; x_wconf 83' lang='grc' dir='ltr'>ὀλεθρίαν</span> 
     </span>
    </p>
   </div>
   <div class='ocr_carea' id='block_1_34' title="bbox 484 3292 2143 3366">
    <p class='ocr_par' dir='ltr' id='par_1_34' title="bbox 484 3292 2143 3366">
     <span class='ocr_line' id='line_1_34' title="bbox 484 3292 2143 3366; baseline 0.005 -24"><span class='ocrx_word' id='word_1_273' title='bbox 484 3292 698 3362; x_wconf 85' lang='grc' dir='ltr'>ἐκείνην</span> <span class='ocrx_word' id='word_1_274' title='bbox 733 3293 1056 3364; x_wconf 82' lang='grc' dir='ltr'>συμϐουλὴν,</span> <span class='ocrx_word' id='word_1_275' title='bbox 1103 3293 1235 3364; x_wconf 82' lang='grc' dir='ltr'>μηδὲ</span> <span class='ocrx_word' id='word_1_276' title='bbox 1283 3294 1590 3347; x_wconf 78' lang='grc' dir='ltr'>ἀπατᾶσθαι</span> <span class='ocrx_word' id='word_1_277' title='bbox 1629 3297 1741 3358; x_wconf 88' lang='grc' dir='ltr'>τοῖς</span> <span class='ocrx_word' id='word_1_278' title='bbox 1775 3297 1903 3366; x_wconf 89' lang='grc' dir='ltr'>παρ’</span> <span class='ocrx_word' id='word_1_279' title='bbox 1939 3297 2143 3350; x_wconf 88' lang='grc' dir='ltr'>ἐκείνου</span> 
     </span>
    </p>
   </div>
   <div class='ocr_carea' id='block_1_35' title="bbox 489 3379 2146 3448">
    <p class='ocr_par' dir='ltr' id='par_1_35' title="bbox 489 3379 2146 3448">
     <span class='ocr_line' id='line_1_35' title="bbox 489 3379 2146 3448; baseline 0.004 -19"><span class='ocrx_word' id='word_1_280' title='bbox 489 3379 888 3448; x_wconf 80' lang='grc' dir='ltr'>μηχανήμασιν.</span> <span class='ocrx_word' id='word_1_281' title='bbox 940 3379 1078 3432; x_wconf 81' lang='grc' dir='ltr'>Ἀλλ’</span> <span class='ocrx_word' id='word_1_282' title='bbox 1109 3380 1236 3444; x_wconf 87' lang='grc' dir='ltr'>ῐσως</span> <span class='ocrx_word' id='word_1_283' title='bbox 1261 3381 1401 3435; x_wconf 85' lang='grc' dir='ltr'>είποι</span> <span class='ocrx_word' id='word_1_284' title='bbox 1435 3399 1517 3445; x_wconf 91' lang='grc' dir='ltr'>τις</span> <span class='ocrx_word' id='word_1_285' title='bbox 1541 3382 1624 3435; x_wconf 83' lang='grc' dir='ltr'>ἀν·</span> <span class='ocrx_word' id='word_1_286' title='bbox 1653 3383 1744 3434; x_wconf 81' lang='grc' dir='ltr'>καὶ</span> <span class='ocrx_word' id='word_1_287' title='bbox 1778 3384 1824 3434; x_wconf 90' lang='grc' dir='ltr'>εἰ</span> <span class='ocrx_word' id='word_1_288' title='bbox 1845 3384 1872 3435; x_wconf 98' lang='lat'>6</span> <span class='ocrx_word' id='word_1_289' title='bbox 1903 3384 2146 3448; x_wconf 88' lang='grc' dir='ltr'>διάϐολος</span> 
     </span>
    </p>
   </div>
   <div class='ocr_carea' id='block_1_36' title="bbox 486 3464 2144 3540">
    <p class='ocr_par' dir='ltr' id='par_1_36' title="bbox 486 3464 2144 3540">
     <span class='ocr_line' id='line_1_36' title="bbox 486 3464 2144 3540; baseline 0.004 -25"><span class='ocrx_word' id='word_1_290' title='bbox 486 3465 782 3536; x_wconf 86' lang='grc' dir='ltr'>ἐνεργήσας</span> <span class='ocrx_word' id='word_1_291' title='bbox 806 3464 893 3517; x_wconf 88' lang='grc' dir='ltr'>διά</span> <span class='ocrx_word' id='word_1_292' title='bbox 922 3465 1014 3518; x_wconf 89' lang='grc' dir='ltr'>τοῦ</span> <span class='ocrx_word' id='word_1_293' title='bbox 1044 3466 1215 3534; x_wconf 79' lang='grc' dir='ltr'>δφεως</span> <span class='ocrx_word' id='word_1_294' title='bbox 1235 3468 1332 3539; x_wconf 82' lang='grc' dir='ltr'>τὴν</span> <span class='ocrx_word' id='word_1_295' title='bbox 1361 3467 1666 3538; x_wconf 79' lang='grc' dir='ltr'>συμϐουλὴν</span> <span class='ocrx_word' id='word_1_296' title='bbox 1693 3470 1972 3540; x_wconf 85' lang='grc' dir='ltr'>εἰσήγαγε,</span> <span class='ocrx_word' id='word_1_297' title='bbox 2003 3470 2144 3535; x_wconf 89' lang='grc' dir='ltr'>τίνος</span> 
     </span>
    </p>
   </div>
   <div class='ocr_carea' id='block_1_37' title="bbox 483 3550 2146 3626">
    <p class='ocr_par' dir='ltr' id='par_1_37' title="bbox 483 3550 2146 3626">
     <span class='ocr_line' id='line_1_37' title="bbox 483 3550 2146 3626; baseline 0.004 -22"><span class='ocrx_word' id='word_1_298' title='bbox 483 3551 666 3604; x_wconf 71' lang='grc' dir='ltr'>ἐνεκεν</span> <span class='ocrx_word' id='word_1_299' title='bbox 690 3551 749 3603; x_wconf 86' lang='grc' dir='ltr'>τδ</span> <span class='ocrx_word' id='word_1_300' title='bbox 770 3550 953 3622; x_wconf 77' lang='grc' dir='ltr'>θηρίον</span> <span class='ocrx_word' id='word_1_301' title='bbox 971 3552 1236 3624; x_wconf 82' lang='grc' dir='ltr'>τοσαύτην</span> <span class='ocrx_word' id='word_1_302' title='bbox 1263 3555 1517 3624; x_wconf 88' lang='grc' dir='ltr'>ὑπέμεινε</span> <span class='ocrx_word' id='word_1_303' title='bbox 1545 3556 1812 3626; x_wconf 87' lang='grc' dir='ltr'>τιμωρίαν</span> <span class='ocrx_word' id='word_1_304' title='bbox 1831 3573 1844 3617; x_wconf 86' lang='grc'>;</span> <span class='ocrx_word' id='word_1_305' title='bbox 1868 3556 1970 3609; x_wconf 75' lang='grc' dir='ltr'>Καὶ</span> <span class='ocrx_word' id='word_1_306' title='bbox 1989 3557 2146 3612; x_wconf 88' lang='grc' dir='ltr'>τοῦτο</span> 
     </span>
    </p>
   </div>
   <div class='ocr_carea' id='block_1_38' title="bbox 483 3638 2146 3712">
    <p class='ocr_par' dir='ltr' id='par_1_38' title="bbox 483 3638 2146 3712">
     <span class='ocr_line' id='line_1_38' title="bbox 483 3638 2146 3712; baseline 0.005 -23"><span class='ocrx_word' id='word_1_307' title='bbox 483 3638 581 3708; x_wconf 82' lang='grc' dir='ltr'>τῆς</span> <span class='ocrx_word' id='word_1_308' title='bbox 603 3638 814 3705; x_wconf 84' lang='grc' dir='ltr'>ἀφάτου.</span> <span class='ocrx_word' id='word_1_309' title='bbox 842 3638 1246 3709; x_wconf 81' lang='grc' dir='ltr'>φιλανθρωπίας</span> <span class='ocrx_word' id='word_1_310' title='bbox 1276 3640 1368 3693; x_wconf 88' lang='grc' dir='ltr'>τοῦ</span> <span class='ocrx_word' id='word_1_311' title='bbox 1393 3641 1526 3695; x_wconf 82' lang='grc' dir='ltr'>Θεοῦ</span> <span class='ocrx_word' id='word_1_312' title='bbox 1549 3642 1706 3712; x_wconf 74' lang='grc' dir='ltr'>ἔργον</span> <span class='ocrx_word' id='word_1_313' title='bbox 1735 3643 1942 3712; x_wconf 89' lang='grc' dir='ltr'>γέγονε.</span> <span class='ocrx_word' id='word_1_314' title='bbox 1967 3645 2146 3698; x_wconf 82' lang='grc' dir='ltr'>Καθά-</span> 
     </span>
    </p>
   </div>
   <div class='ocr_carea' id='block_1_39' title="bbox 489 3722 2144 3796">
    <p class='ocr_par' dir='ltr' id='par_1_39' title="bbox 489 3722 2144 3796">
     <span class='ocr_line' id='line_1_39' title="bbox 489 3722 2144 3796; baseline 0.006 -21"><span class='ocrx_word' id='word_1_315' title='bbox 489 3740 591 3795; x_wconf 84' lang='grc' dir='ltr'>περ</span> <span class='ocrx_word' id='word_1_316' title='bbox 623 3722 730 3792; x_wconf 83' lang='grc' dir='ltr'>γάρ</span> <span class='ocrx_word' id='word_1_317' title='bbox 768 3723 948 3794; x_wconf 81' lang='grc' dir='ltr'>πατὴρ</span> <span class='ocrx_word' id='word_1_318' title='bbox 979 3724 1325 3796; x_wconf 81' lang='grc' dir='ltr'>φιλόστοργος</span> <span class='ocrx_word' id='word_1_319' title='bbox 1369 3727 1458 3780; x_wconf 81' lang='grc' dir='ltr'>τὸν</span> <span class='ocrx_word' id='word_1_320' title='bbox 1512 3728 1857 3784; x_wconf 82' lang='grc' dir='ltr'>άπεκτακότα</span> <span class='ocrx_word' id='word_1_321' title='bbox 1906 3731 1996 3785; x_wconf 84' lang='grc' dir='ltr'>τὸν</span> <span class='ocrx_word' id='word_1_322' title='bbox 2031 3733 2144 3786; x_wconf 84' lang='grc' dir='ltr'>υἰὺν</span> 
     </span>
    </p>
   </div>
   <div class='ocr_carea' id='block_1_40' title="bbox 487 3806 2141 3884">
    <p class='ocr_par' dir='ltr' id='par_1_40' title="bbox 487 3806 2141 3884">
     <span class='ocr_line' id='line_1_40' title="bbox 487 3806 2141 3884; baseline 0.007 -27"><span class='ocrx_word' id='word_1_323' title='bbox 487 3807 572 3858; x_wconf 77' lang='grc' dir='ltr'>τὸν</span> <span class='ocrx_word' id='word_1_324' title='bbox 607 3806 799 3859; x_wconf 87' lang='grc' dir='ltr'>ἐαυτοῦ</span> <span class='ocrx_word' id='word_1_325' title='bbox 829 3808 1258 3879; x_wconf 74' lang='grc' dir='ltr'>τιμωρούμενος,</span> <span class='ocrx_word' id='word_1_326' title='bbox 1289 3810 1381 3861; x_wconf 74' lang='grc' dir='ltr'>καὶ</span> <span class='ocrx_word' id='word_1_327' title='bbox 1416 3809 1512 3881; x_wconf 78' lang='grc' dir='ltr'>τὴν</span> <span class='ocrx_word' id='word_1_328' title='bbox 1547 3813 1820 3884; x_wconf 87' lang='grc' dir='ltr'>μάχαιραν</span> <span class='ocrx_word' id='word_1_329' title='bbox 1855 3815 2030 3868; x_wconf 75' lang='grc' dir='ltr'>καὶτὸ</span> <span class='ocrx_word' id='word_1_330' title='bbox 2064 3815 2141 3880; x_wconf 63' lang='grc' dir='ltr'>ξίν</span> 
     </span>
    </p>
   </div>
   <div class='ocr_carea' id='block_1_41' title="bbox 487 3885 2144 3967">
    <p class='ocr_par' dir='ltr' id='par_1_41' title="bbox 487 3885 2144 3967">
     <span class='ocr_line' id='line_1_41' title="bbox 487 3885 2144 3967; baseline 0.007 -24"><span class='ocrx_word' id='word_1_331' title='bbox 487 3909 602 3958; x_wconf 82' lang='grc' dir='ltr'>φος,</span> <span class='ocrx_word' id='word_1_332' title='bbox 637 3892 701 3944; x_wconf 82' lang='grc' dir='ltr'>δι’</span> <span class='ocrx_word' id='word_1_333' title='bbox 726 3885 788 3944; x_wconf 76' lang='grc' dir='ltr'>οὐ</span> <span class='ocrx_word' id='word_1_334' title='bbox 821 3893 911 3948; x_wconf 76' lang='grc' dir='ltr'>τὸν</span> <span class='ocrx_word' id='word_1_335' title='bbox 953 3893 1110 3962; x_wconf 81' lang='grc' dir='ltr'>φόνον</span> <span class='ocrx_word' id='word_1_336' title='bbox 1135 3894 1443 3965; x_wconf 88' lang='grc' dir='ltr'>είργάσατο,</span> <span class='ocrx_word' id='word_1_337' title='bbox 1477 3896 1695 3967; x_wconf 77' lang='grc' dir='ltr'>διασπᾷ,</span> <span class='ocrx_word' id='word_1_338' title='bbox 1733 3899 1826 3951; x_wconf 75' lang='grc' dir='ltr'>καὶ</span> <span class='ocrx_word' id='word_1_339' title='bbox 1869 3901 1948 3963; x_wconf 89' lang='grc' dir='ltr'>είς</span> <span class='ocrx_word' id='word_1_340' title='bbox 1977 3901 2144 3955; x_wconf 79' lang='grc' dir='ltr'>πολλὰ</span> 
     </span>
    </p>
   </div>
   <div class='ocr_carea' id='block_1_42' title="bbox 486 3976 2143 4054">
    <p class='ocr_par' dir='ltr' id='par_1_42' title="bbox 486 3976 2143 4054">
     <span class='ocr_line' id='line_1_42' title="bbox 486 3976 2143 4054; baseline 0.006 -23"><span class='ocrx_word' id='word_1_341' title='bbox 486 3976 810 4047; x_wconf 84' lang='grc' dir='ltr'>κατατέμνει</span> <span class='ocrx_word' id='word_1_342' title='bbox 869 3979 1030 4049; x_wconf 81' lang='grc' dir='ltr'>μέρη·</span> <span class='ocrx_word' id='word_1_343' title='bbox 1091 3979 1182 4032; x_wconf 81' lang='grc' dir='ltr'>τδν</span> <span class='ocrx_word' id='word_1_344' title='bbox 1223 3981 1382 4034; x_wconf 80' lang='grc' dir='ltr'>αὐτὸν</span> <span class='ocrx_word' id='word_1_345' title='bbox 1427 3981 1491 4052; x_wconf 76' lang='grc' dir='ltr'>δὴ</span> <span class='ocrx_word' id='word_1_346' title='bbox 1523 3981 1722 4052; x_wconf 72' lang='grc' dir='ltr'>τρόπον</span> <span class='ocrx_word' id='word_1_347' title='bbox 1765 3984 1858 4038; x_wconf 73' lang='grc' dir='ltr'>καὶ</span> <span class='ocrx_word' id='word_1_348' title='bbox 1890 3988 1918 4039; x_wconf 92' lang='lat'>6</span> <span class='ocrx_word' id='word_1_349' title='bbox 1945 3987 2143 4054; x_wconf 84' lang='grc' dir='ltr'>ἀγαθὸς</span> 
     </span>
    </p>
   </div>
   <div class='ocr_carea' id='block_1_43' title="bbox 483 4063 2144 4144">
    <p class='ocr_par' dir='ltr' id='par_1_43' title="bbox 483 4063 2144 4144">
     <span class='ocr_line' id='line_1_43' title="bbox 483 4063 2144 4144; baseline 0.008 -30"><span class='ocrx_word' id='word_1_350' title='bbox 483 4063 633 4129; x_wconf 83' lang='grc' dir='ltr'>Θεὸς,</span> <span class='ocrx_word' id='word_1_351' title='bbox 665 4064 851 4135; x_wconf 84' lang='grc' dir='ltr'>ἐπειδὴ</span> <span class='ocrx_word' id='word_1_352' title='bbox 879 4063 1064 4136; x_wconf 83' lang='grc' dir='ltr'>ὥσπερ</span> <span class='ocrx_word' id='word_1_353' title='bbox 1089 4066 1330 4137; x_wconf 88' lang='grc' dir='ltr'>μάχαιρά</span> <span class='ocrx_word' id='word_1_354' title='bbox 1357 4085 1439 4129; x_wconf 86' lang='grc' dir='ltr'>τις</span> <span class='ocrx_word' id='word_1_355' title='bbox 1466 4069 1844 4140; x_wconf 86' lang='grc' dir='ltr'>ὑπηρετήσατο</span> <span class='ocrx_word' id='word_1_356' title='bbox 1867 4072 1928 4124; x_wconf 81' lang='grc' dir='ltr'>τὺ</span> <span class='ocrx_word' id='word_1_357' title='bbox 1962 4072 2144 4144; x_wconf 88' lang='grc' dir='ltr'>θηρίον</span> 
     </span>
    </p>
   </div>
   <div class='ocr_carea' id='block_1_44' title="bbox 483 4149 2142 4232">
    <p class='ocr_par' dir='ltr' id='par_1_44' title="bbox 483 4149 2142 4232">
     <span class='ocr_line' id='line_1_44' title="bbox 483 4149 2142 4232; baseline 0.007 -30"><span class='ocrx_word' id='word_1_358' title='bbox 483 4149 640 4203; x_wconf 84' lang='grc' dir='ltr'>τοῦτο</span> <span class='ocrx_word' id='word_1_359' title='bbox 669 4153 734 4222; x_wconf 80' lang='grc' dir='ltr'>τῇ</span> <span class='ocrx_word' id='word_1_360' title='bbox 770 4150 860 4218; x_wconf 83' lang='grc' dir='ltr'>τοῦ</span> <span class='ocrx_word' id='word_1_361' title='bbox 894 4152 1136 4206; x_wconf 86' lang='grc' dir='ltr'>διαϐόλου</span> <span class='ocrx_word' id='word_1_362' title='bbox 1171 4153 1489 4224; x_wconf 81' lang='grc' dir='ltr'>πανουργίᾳ,</span> <span class='ocrx_word' id='word_1_363' title='bbox 1529 4155 1722 4225; x_wconf 80' lang='grc' dir='ltr'>ἐπάγει</span> <span class='ocrx_word' id='word_1_364' title='bbox 1748 4159 1896 4230; x_wconf 87' lang='grc' dir='ltr'>αὑτῷ</span> <span class='ocrx_word' id='word_1_365' title='bbox 1921 4160 2142 4232; x_wconf 82' lang='grc' dir='ltr'>διηνεκῆ</span> 
     </span>
    </p>
   </div>
   <div class='ocr_carea' id='block_1_45' title="bbox 483 4237 2141 4317">
    <p class='ocr_par' dir='ltr' id='par_1_45' title="bbox 483 4237 2141 4317">
     <span class='ocr_line' id='line_1_45' title="bbox 483 4237 2141 4317; baseline 0.007 -28"><span class='ocrx_word' id='word_1_366' title='bbox 483 4237 580 4308; x_wconf 79' lang='grc' dir='ltr'>τὴν</span> <span class='ocrx_word' id='word_1_367' title='bbox 602 4239 892 4308; x_wconf 80' lang='grc' dir='ltr'>τιμωρίαν,</span> <span class='ocrx_word' id='word_1_368' title='bbox 917 4239 1002 4290; x_wconf 76' lang='grc' dir='ltr'>ἵνα</span> <span class='ocrx_word' id='word_1_369' title='bbox 1028 4239 1115 4291; x_wconf 77' lang='grc' dir='ltr'>διὰ</span> <span class='ocrx_word' id='word_1_370' title='bbox 1140 4239 1232 4291; x_wconf 86' lang='grc' dir='ltr'>τοῦ</span> <span class='ocrx_word' id='word_1_371' title='bbox 1262 4239 1517 4309; x_wconf 71' lang='grc' dir='ltr'>αἰσθητοῦ</span> <span class='ocrx_word' id='word_1_372' title='bbox 1539 4242 1724 4296; x_wconf 85' lang='grc' dir='ltr'>τούτου</span> <span class='ocrx_word' id='word_1_373' title='bbox 1755 4247 1847 4299; x_wconf 77' lang='grc' dir='ltr'>καὶ</span> <span class='ocrx_word' id='word_1_374' title='bbox 1866 4247 2141 4317; x_wconf 78' lang='grc' dir='ltr'>δρωμένου</span> 
     </span>
    </p>
   </div>
   <div class='ocr_carea' id='block_1_46' title="bbox 483 4321 2141 4402">
    <p class='ocr_par' dir='ltr' id='par_1_46' title="bbox 483 4321 2141 4402">
     <span class='ocr_line' id='line_1_46' title="bbox 483 4321 2141 4402; baseline 0.007 -28"><span class='ocrx_word' id='word_1_375' title='bbox 483 4321 822 4394; x_wconf 79' lang='grc' dir='ltr'>λογιζώμεθα</span> <span class='ocrx_word' id='word_1_376' title='bbox 875 4324 932 4375; x_wconf 92' lang='grc' dir='ltr'>ἐν</span> <span class='ocrx_word' id='word_1_377' title='bbox 975 4324 1075 4394; x_wconf 81' lang='grc' dir='ltr'>ὅσῃ</span> <span class='ocrx_word' id='word_1_378' title='bbox 1119 4323 1310 4396; x_wconf 76' lang='grc' dir='ltr'>ἀτιμίᾳ</span> <span class='ocrx_word' id='word_1_379' title='bbox 1340 4326 1586 4390; x_wconf 87' lang='grc' dir='ltr'>κάκεῖνος</span> <span class='ocrx_word' id='word_1_380' title='bbox 1618 4330 1892 4398; x_wconf 85' lang='grc' dir='ltr'>τυγχάνει.</span> <span class='ocrx_word' id='word_1_381' title='bbox 1930 4333 1991 4384; x_wconf 77' lang='lat' dir='ltr'>El</span> <span class='ocrx_word' id='word_1_382' title='bbox 2034 4333 2141 4402; x_wconf 90' lang='grc' dir='ltr'>γάρ</span> 
     </span>
    </p>
   </div>
   <div class='ocr_carea' id='block_1_47' title="bbox 482 4402 2140 4488">
    <p class='ocr_par' dir='ltr' id='par_1_47' title="bbox 482 4402 2140 4488">
     <span class='ocr_line' id='line_1_47' title="bbox 482 4402 2140 4488; baseline 0.005 -26"><span class='ocrx_word' id='word_1_383' title='bbox 482 4402 636 4473; x_wconf 72' lang='grc' dir='ltr'>οὗτος</span> <span class='ocrx_word' id='word_1_384' title='bbox 685 4411 713 4462; x_wconf 92' lang='lat'>6</span> <span class='ocrx_word' id='word_1_385' title='bbox 769 4408 1017 4480; x_wconf 87' lang='grc' dir='ltr'>καθάπερ</span> <span class='ocrx_word' id='word_1_386' title='bbox 1071 4411 1301 4481; x_wconf 74' lang='grc' dir='ltr'>ὄργανον</span> <span class='ocrx_word' id='word_1_387' title='bbox 1344 4412 1823 4483; x_wconf 60' lang='grc' dir='ltr'>ὑηρετησάμενος</span> <span class='ocrx_word' id='word_1_388' title='bbox 1877 4418 2140 4488; x_wconf 73' lang='grc' dir='ltr'>τοσαύτης</span> 
     </span>
    </p>
   </div>
   <div class='ocr_carea' id='block_1_48' title="bbox 482 4493 2137 4567">
    <p class='ocr_par' dir='ltr' id='par_1_48' title="bbox 482 4493 2137 4567">
     <span class='ocr_line' id='line_1_48' title="bbox 482 4493 2137 4567; baseline 0.007 -20"><span class='ocrx_word' id='word_1_389' title='bbox 482 4493 744 4566; x_wconf 76' lang='grc' dir='ltr'>ἐπειράθη</span> <span class='ocrx_word' id='word_1_390' title='bbox 792 4496 1235 4566; x_wconf 59' lang='grc' dir='ltr'>ἀγανακτήσεως,</span> <span class='ocrx_word' id='word_1_391' title='bbox 1283 4498 1441 4551; x_wconf 89' lang='grc' dir='ltr'>ποίαν</span> <span class='ocrx_word' id='word_1_392' title='bbox 1479 4499 1621 4562; x_wconf 82' lang='grc' dir='ltr'>εἰκὸς</span> <span class='ocrx_word' id='word_1_393' title='bbox 1655 4501 1858 4553; x_wconf 86' lang='grc' dir='ltr'>ἐκεῖνον</span> <span class='ocrx_word' id='word_1_394' title='bbox 1891 4503 2137 4567; x_wconf 82' lang='grc' dir='ltr'>δέξασθαι</span> 
     </span>
    </p>
   </div>
   <div class='ocr_carea' id='block_1_49' title="bbox 480 4581 2139 4657">
    <p class='ocr_par' dir='ltr' id='par_1_49' title="bbox 480 4581 2139 4657">
     <span class='ocr_line' id='line_1_49' title="bbox 480 4581 2139 4657; baseline 0.005 -23"><span class='ocrx_word' id='word_1_395' title='bbox 480 4581 780 4652; x_wconf 88' lang='grc' dir='ltr'>τιμωρίαν;</span> <span class='ocrx_word' id='word_1_396' title='bbox 821 4581 1035 4635; x_wconf 78' lang='grc' dir='ltr'>Μᾶλλον</span> <span class='ocrx_word' id='word_1_397' title='bbox 1085 4581 1141 4634; x_wconf 82' lang='grc' dir='ltr'>δὲ</span> <span class='ocrx_word' id='word_1_398' title='bbox 1187 4583 1280 4634; x_wconf 76' lang='grc' dir='ltr'>καὶ</span> <span class='ocrx_word' id='word_1_399' title='bbox 1317 4583 1470 4636; x_wconf 89' lang='grc' dir='ltr'>τοῦτο</span> <span class='ocrx_word' id='word_1_400' title='bbox 1516 4585 1614 4655; x_wconf 75' lang='grc' dir='ltr'>ήδη</span> <span class='ocrx_word' id='word_1_401' title='bbox 1651 4587 1798 4656; x_wconf 78' lang='grc' dir='ltr'>ἡμᾶς</span> <span class='ocrx_word' id='word_1_402' title='bbox 1841 4587 2139 4657; x_wconf 77' lang='grc' dir='ltr'>ἐδίδαξενό</span> 
     </span>
    </p>
   </div>
   <div class='ocr_carea' id='block_1_50' title="bbox 482 4666 2140 4743">
    <p class='ocr_par' dir='ltr' id='par_1_50' title="bbox 482 4666 2140 4743">
     <span class='ocr_line' id='line_1_50' title="bbox 482 4666 2140 4743; baseline 0.004 -21"><span class='ocrx_word' id='word_1_403' title='bbox 482 4667 711 4735; x_wconf 75' lang='grc' dir='ltr'>Χριστὸς</span> <span class='ocrx_word' id='word_1_404' title='bbox 733 4667 820 4720; x_wconf 87' lang='grc' dir='ltr'>διὰ</span> <span class='ocrx_word' id='word_1_405' title='bbox 854 4667 962 4720; x_wconf 89' lang='grc' dir='ltr'>τῶν</span> <span class='ocrx_word' id='word_1_406' title='bbox 990 4666 1146 4720; x_wconf 86' lang='grc' dir='ltr'>θείων</span> <span class='ocrx_word' id='word_1_407' title='bbox 1166 4669 1508 4738; x_wconf 86' lang='grc' dir='ltr'>Εὐαγγελίων</span> <span class='ocrx_word' id='word_1_408' title='bbox 1538 4673 1762 4740; x_wconf 84' lang='grc' dir='ltr'>φάσκων</span> <span class='ocrx_word' id='word_1_409' title='bbox 1784 4674 1917 4743; x_wconf 86' lang='grc' dir='ltr'>πρὸς</span> <span class='ocrx_word' id='word_1_410' title='bbox 1936 4676 2062 4738; x_wconf 84' lang='grc' dir='ltr'>τούς</span> <span class='ocrx_word' id='word_1_411' title='bbox 2082 4676 2140 4741; x_wconf 77' lang='grc' dir='ltr'>ἐξ</span> 
     </span>
    </p>
   </div>
   <div class='ocr_carea' id='block_1_51' title="bbox 479 4754 2135 4831">
    <p class='ocr_par' dir='ltr' id='par_1_51' title="bbox 479 4754 2135 4831">
     <span class='ocr_line' id='line_1_51' title="bbox 479 4754 2135 4831; baseline 0.005 -23"><span class='ocrx_word' id='word_1_412' title='bbox 479 4754 770 4822; x_wconf 80' lang='grc' dir='ltr'>εὐωνύμων</span> <span class='ocrx_word' id='word_1_413' title='bbox 802 4755 1058 4818; x_wconf 75' lang='grc' dir='ltr'>ἑστῶτας,</span> <span class='ocrx_word' id='word_1_414' title='bbox 1091 4757 1418 4824; x_wconf 84' lang='grc' dir='ltr'>Πορεύεσθε</span> <span class='ocrx_word' id='word_1_415' title='bbox 1454 4759 1552 4811; x_wconf 79' lang='grc' dir='ltr'>ἀπ’</span> <span class='ocrx_word' id='word_1_416' title='bbox 1588 4760 1753 4827; x_wconf 87' lang='grc' dir='ltr'>ἐμοῦ,</span> <span class='ocrx_word' id='word_1_417' title='bbox 1795 4763 1848 4814; x_wconf 91' lang='grc' dir='ltr'>οί</span> <span class='ocrx_word' id='word_1_418' title='bbox 1887 4779 2135 4831; x_wconf 79' lang='grc' dir='ltr'>κατηρα-</span> 
     </span>
    </p>
   </div>
   <div class='ocr_carea' id='block_1_52' title="bbox 476 4840 2140 4917">
    <p class='ocr_par' dir='ltr' id='par_1_52' title="bbox 476 4840 2140 4917">
     <span class='ocr_line' id='line_1_52' title="bbox 476 4840 2140 4917; baseline 0.007 -26"><span class='ocrx_word' id='word_1_419' title='bbox 476 4841 666 4909; x_wconf 82' lang='grc' dir='ltr'>μένοι,</span> <span class='ocrx_word' id='word_1_420' title='bbox 705 4843 790 4904; x_wconf 83' lang='grc' dir='ltr'>είς</span> <span class='ocrx_word' id='word_1_421' title='bbox 823 4843 887 4892; x_wconf 80' lang='grc' dir='ltr'>τὸ</span> <span class='ocrx_word' id='word_1_422' title='bbox 924 4840 1072 4912; x_wconf 71' lang='grc'>[142]</span> <span class='ocrx_word' id='word_1_423' title='bbox 1103 4841 1222 4910; x_wconf 80' lang='grc' dir='ltr'>πῦρ</span> <span class='ocrx_word' id='word_1_424' title='bbox 1244 4842 1310 4895; x_wconf 85' lang='grc' dir='ltr'>τὸ</span> <span class='ocrx_word' id='word_1_425' title='bbox 1331 4843 1584 4906; x_wconf 70' lang='grc' dir='ltr'>αἰώνιον,</span> <span class='ocrx_word' id='word_1_426' title='bbox 1609 4845 1673 4898; x_wconf 80' lang='grc' dir='ltr'>τὸ</span> <span class='ocrx_word' id='word_1_427' title='bbox 1698 4846 2140 4917; x_wconf 75' lang='grc' dir='ltr'>ἡτοιμασμένον</span> 
     </span>
    </p>
   </div>
   <div class='ocr_carea' id='block_1_53' title="bbox 478 4925 2139 5007">
    <p class='ocr_par' dir='ltr' id='par_1_53' title="bbox 478 4925 2139 5007">
     <span class='ocr_line' id='line_1_53' title="bbox 478 4925 2139 5007; baseline 0.006 -27"><span class='ocrx_word' id='word_1_428' title='bbox 478 4927 558 4992; x_wconf 85' lang='grc' dir='ltr'>τῷ</span> <span class='ocrx_word' id='word_1_429' title='bbox 582 4925 836 4993; x_wconf 75' lang='grc' dir='ltr'>διαϐόλῳ</span> <span class='ocrx_word' id='word_1_430' title='bbox 865 4929 959 4980; x_wconf 84' lang='grc' dir='ltr'>καί</span> <span class='ocrx_word' id='word_1_431' title='bbox 984 4927 1107 4994; x_wconf 79' lang='grc' dir='ltr'>τοῖς</span> <span class='ocrx_word' id='word_1_432' title='bbox 1128 4929 1402 4998; x_wconf 70' lang='grc' dir='ltr'>ἀγγέλοις</span> <span class='ocrx_word' id='word_1_433' title='bbox 1427 4931 1630 4985; x_wconf 84' lang='grc' dir='ltr'>αὐτοῦ.</span> <span class='ocrx_word' id='word_1_434' title='bbox 1669 4934 1889 5005; x_wconf 77' lang='grc' dir='ltr'>Ἐκείνῳ</span> <span class='ocrx_word' id='word_1_435' title='bbox 1910 4938 2016 5007; x_wconf 81' lang='grc' dir='ltr'>γάρ</span> <span class='ocrx_word' id='word_1_436' title='bbox 2039 4939 2139 4991; x_wconf 84' lang='grc' dir='ltr'>πά-</span> 
     </span>
    </p>
   </div>
   <div class='ocr_carea' id='block_1_54' title="bbox 477 5013 2137 5092">
    <p class='ocr_par' dir='ltr' id='par_1_54' title="bbox 477 5013 2137 5092">
     <span class='ocr_line' id='line_1_54' title="bbox 477 5013 2137 5092; baseline 0.005 -26"><span class='ocrx_word' id='word_1_437' title='bbox 477 5017 564 5069; x_wconf 80' lang='grc' dir='ltr'>λαι</span> <span class='ocrx_word' id='word_1_438' title='bbox 597 5013 754 5067; x_wconf 87' lang='grc' dir='ltr'>τοῦτο</span> <span class='ocrx_word' id='word_1_439' title='bbox 783 5014 1124 5084; x_wconf 77' lang='grc' dir='ltr'>ἡτοίμασται,</span> <span class='ocrx_word' id='word_1_440' title='bbox 1156 5018 1245 5068; x_wconf 75' lang='grc' dir='ltr'>καὶ</span> <span class='ocrx_word' id='word_1_441' title='bbox 1271 5018 1442 5070; x_wconf 89' lang='grc' dir='ltr'>ἐκεῖνο</span> <span class='ocrx_word' id='word_1_442' title='bbox 1474 5017 1534 5069; x_wconf 84' lang='grc' dir='ltr'>τὸ</span> <span class='ocrx_word' id='word_1_443' title='bbox 1560 5018 1820 5072; x_wconf 82' lang='grc' dir='ltr'>ἄσϐεστον</span> <span class='ocrx_word' id='word_1_444' title='bbox 1845 5021 1953 5092; x_wconf 84' lang='grc' dir='ltr'>πῦρ</span> <span class='ocrx_word' id='word_1_445' title='bbox 1980 5024 2137 5075; x_wconf 72' lang='grc' dir='ltr'>αὐτὸν</span> 
     </span>
    </p>
   </div>
   <div class='ocr_carea' id='block_1_55' title="bbox 477 5092 2138 5172">
    <p class='ocr_par' dir='ltr' id='par_1_55' title="bbox 477 5092 2138 5172">
     <span class='ocr_line' id='line_1_55' title="bbox 477 5092 2138 5172; baseline 0.004 -21"><span class='ocrx_word' id='word_1_446' title='bbox 477 5097 776 5166; x_wconf 69' lang='grc' dir='ltr'>ἐκδέχεται.</span> <span class='ocrx_word' id='word_1_447' title='bbox 818 5096 882 5147; x_wconf 87' lang='grc' dir='ltr'>Τί</span> <span class='ocrx_word' id='word_1_448' title='bbox 923 5092 1014 5149; x_wconf 79' lang='grc' dir='ltr'>οῦν</span> <span class='ocrx_word' id='word_1_449' title='bbox 1050 5096 1114 5150; x_wconf 83' lang='grc' dir='ltr'>ἂν</span> <span class='ocrx_word' id='word_1_450' title='bbox 1154 5099 1238 5168; x_wconf 85' lang='grc' dir='ltr'>εῖη</span> <span class='ocrx_word' id='word_1_451' title='bbox 1289 5099 1612 5170; x_wconf 82' lang='grc' dir='ltr'>ἀθλιώτερον</span> <span class='ocrx_word' id='word_1_452' title='bbox 1645 5101 1751 5153; x_wconf 90' lang='grc' dir='ltr'>τῶν</span> <span class='ocrx_word' id='word_1_453' title='bbox 1781 5103 1847 5155; x_wconf 81' lang='grc' dir='ltr'>δι’</span> <span class='ocrx_word' id='word_1_454' title='bbox 1882 5104 2138 5172; x_wconf 87' lang='grc' dir='ltr'>ἀμέλειαν</span> 
     </span>
    </p>
   </div>
   <div class='ocr_carea' id='block_1_56' title="bbox 478 5179 2136 5258">
    <p class='ocr_par' dir='ltr' id='par_1_56' title="bbox 478 5179 2136 5258">
     <span class='ocr_line' id='line_1_56' title="bbox 478 5179 2136 5258; baseline 0.006 -28"><span class='ocrx_word' id='word_1_455' title='bbox 478 5181 573 5248; x_wconf 78' lang='grc' dir='ltr'>τῆς</span> <span class='ocrx_word' id='word_1_456' title='bbox 603 5179 804 5241; x_wconf 85' lang='grc' dir='ltr'>οἰκείας</span> <span class='ocrx_word' id='word_1_457' title='bbox 838 5180 1107 5250; x_wconf 87' lang='grc' dir='ltr'>σωτηρίας</span> <span class='ocrx_word' id='word_1_458' title='bbox 1143 5182 1366 5244; x_wconf 83' lang='grc' dir='ltr'>ἐαυτοὺς</span> <span class='ocrx_word' id='word_1_459' title='bbox 1398 5182 1580 5253; x_wconf 82' lang='grc' dir='ltr'>ἐκείνῃ</span> <span class='ocrx_word' id='word_1_460' title='bbox 1621 5187 1684 5251; x_wconf 81' lang='grc' dir='ltr'>τῇ</span> <span class='ocrx_word' id='word_1_461' title='bbox 1732 5186 1968 5258; x_wconf 78' lang='grc' dir='ltr'>τιμωρίᾳ</span> <span class='ocrx_word' id='word_1_462' title='bbox 2009 5188 2136 5240; x_wconf 82' lang='grc' dir='ltr'>καθ-⁹</span> 
     </span>
    </p>
   </div>
   <div class='ocr_carea' id='block_1_57' title="bbox 482 5261 2135 5342">
    <p class='ocr_par' dir='ltr' id='par_1_57' title="bbox 482 5261 2135 5342">
     <span class='ocr_line' id='line_1_57' title="bbox 482 5261 2135 5342; baseline 0.007 -29"><span class='ocrx_word' id='word_1_463' title='bbox 482 5261 747 5313; x_wconf 83' lang='grc' dir='ltr'>ιστώντων</span> <span class='ocrx_word' id='word_1_464' title='bbox 780 5262 1107 5326; x_wconf 83' lang='grc' dir='ltr'>ὑπευθύνους</span> <span class='ocrx_word' id='word_1_465' title='bbox 1135 5267 1200 5334; x_wconf 81' lang='grc' dir='ltr'>τῇ</span> <span class='ocrx_word' id='word_1_466' title='bbox 1230 5264 1420 5335; x_wconf 87' lang='grc' dir='ltr'>ἐκείνῳ</span> <span class='ocrx_word' id='word_1_467' title='bbox 1453 5267 1856 5338; x_wconf 83' lang='grc' dir='ltr'>ήτοιμασμένῃ;</span> <span class='ocrx_word' id='word_1_468' title='bbox 1886 5271 2003 5323; x_wconf 82' lang='grc' dir='ltr'>Ὅτι</span> <span class='ocrx_word' id='word_1_469' title='bbox 2029 5272 2135 5342; x_wconf 70' lang='grc' dir='ltr'>γὰρ</span> 
     </span>
    </p>
   </div>
   <div class='ocr_carea' id='block_1_58' title="bbox 479 5344 2135 5418">
    <p class='ocr_par' dir='ltr' id='par_1_58' title="bbox 479 5344 2135 5418">
     <span class='ocr_line' id='line_1_58' title="bbox 479 5344 2135 5418; baseline 0.007 -24"><span class='ocrx_word' id='word_1_470' title='bbox 479 5345 627 5412; x_wconf 77' lang='grc' dir='ltr'>ἡμῖν,</span> <span class='ocrx_word' id='word_1_471' title='bbox 668 5345 714 5396; x_wconf 88' lang='grc' dir='ltr'>εί</span> <span class='ocrx_word' id='word_1_472' title='bbox 761 5344 1146 5414; x_wconf 74' lang='grc' dir='ltr'>βουληθείημεν</span> <span class='ocrx_word' id='word_1_473' title='bbox 1189 5349 1386 5418; x_wconf 79' lang='grc' dir='ltr'>ἀρετὴν</span> <span class='ocrx_word' id='word_1_474' title='bbox 1436 5347 1821 5415; x_wconf 82' lang='grc' dir='ltr'>ἐπιδείξασθαι,</span> <span class='ocrx_word' id='word_1_475' title='bbox 1873 5353 1965 5404; x_wconf 81' lang='grc' dir='ltr'>καὶ</span> <span class='ocrx_word' id='word_1_476' title='bbox 2025 5359 2135 5418; x_wconf 80' lang='grc' dir='ltr'>τοῖς</span> 
     </span>
    </p>
   </div>
   <div class='ocr_carea' id='block_1_59' title="bbox 479 5427 2135 5504">
    <p class='ocr_par' dir='ltr' id='par_1_59' title="bbox 479 5427 2135 5504">
     <span class='ocr_line' id='line_1_59' title="bbox 479 5427 2135 5504; baseline 0.007 -26"><span class='ocrx_word' id='word_1_477' title='bbox 479 5427 629 5496; x_wconf 85' lang='grc' dir='ltr'>παρά</span> <span class='ocrx_word' id='word_1_478' title='bbox 676 5427 768 5480; x_wconf 88' lang='grc' dir='ltr'>τοῦ</span> <span class='ocrx_word' id='word_1_479' title='bbox 810 5429 1043 5498; x_wconf 81' lang='grc' dir='ltr'>Χριστοῦ</span> <span class='ocrx_word' id='word_1_480' title='bbox 1095 5429 1294 5483; x_wconf 89' lang='grc' dir='ltr'>τεθεῖσι</span> <span class='ocrx_word' id='word_1_481' title='bbox 1331 5433 1513 5502; x_wconf 86' lang='grc' dir='ltr'>νόμοις</span> <span class='ocrx_word' id='word_1_482' title='bbox 1551 5434 1798 5495; x_wconf 75' lang='grc' dir='ltr'>ἕπεσθαι,</span> <span class='ocrx_word' id='word_1_483' title='bbox 1828 5438 1859 5504; x_wconf 86' lang='grc' dir='ltr'>ή</span> <span class='ocrx_word' id='word_1_484' title='bbox 1893 5435 2135 5504; x_wconf 86' lang='grc' dir='ltr'>βασιλεία</span> 
     </span>
    </p>
   </div>
   <div class='ocr_carea' id='block_1_60' title="bbox 475 5508 2135 5581">
    <p class='ocr_par' dir='ltr' id='par_1_60' title="bbox 475 5508 2135 5581">
     <span class='ocr_line' id='line_1_60' title="bbox 475 5508 2135 5581; baseline 0.007 -22"><span class='ocrx_word' id='word_1_485' title='bbox 475 5508 822 5578; x_wconf 78' lang='grc' dir='ltr'>ἡτοίμασται,</span> <span class='ocrx_word' id='word_1_486' title='bbox 860 5509 1023 5560; x_wconf 86' lang='grc' dir='ltr'>αὐτοῦ</span> <span class='ocrx_word' id='word_1_487' title='bbox 1064 5510 1222 5563; x_wconf 82' lang='grc' dir='ltr'>πάλιν</span> <span class='ocrx_word' id='word_1_488' title='bbox 1268 5514 1497 5566; x_wconf 77' lang='grc' dir='ltr'>ἄκουσον</span> <span class='ocrx_word' id='word_1_489' title='bbox 1540 5515 1806 5581; x_wconf 86' lang='grc' dir='ltr'>λέγοντος·</span> <span class='ocrx_word' id='word_1_490' title='bbox 1865 5517 2038 5570; x_wconf 88' lang='grc' dir='ltr'>Δεῦτε</span> <span class='ocrx_word' id='word_1_491' title='bbox 2081 5521 2135 5570; x_wconf 79' lang='grc' dir='ltr'>οἱ</span> 
     </span>
    </p>
   </div>
   <div class='ocr_carea' id='block_1_61' title="bbox 476 5589 2136 5666">
    <p class='ocr_par' dir='ltr' id='par_1_61' title="bbox 476 5589 2136 5666">
     <span class='ocr_line' id='line_1_61' title="bbox 476 5589 2136 5666; baseline 0.005 -23"><span class='ocrx_word' id='word_1_492' title='bbox 476 5589 863 5657; x_wconf 70' lang='grc' dir='ltr'>εὐλογημένοι</span> <span class='ocrx_word' id='word_1_493' title='bbox 912 5591 1015 5643; x_wconf 88' lang='grc' dir='ltr'>τοῦ</span> <span class='ocrx_word' id='word_1_494' title='bbox 1057 5596 1286 5661; x_wconf 83' lang='grc' dir='ltr'>Πατρός</span> <span class='ocrx_word' id='word_1_495' title='bbox 1331 5613 1466 5663; x_wconf 81' lang='grc' dir='ltr'>μου·</span> <span class='ocrx_word' id='word_1_496' title='bbox 1499 5597 1990 5666; x_wconf 72' lang='grc' dir='ltr'>κληρονομήσατε</span> <span class='ocrx_word' id='word_1_497' title='bbox 2024 5601 2136 5666; x_wconf 74' lang='grc' dir='ltr'>τὴν</span> 
     </span>
    </p>
   </div>
   <div class='ocr_carea' id='block_1_62' title="bbox 480 5671 2139 5749">
    <p class='ocr_par' dir='ltr' id='par_1_62' title="bbox 480 5671 2139 5749">
     <span class='ocr_line' id='line_1_62' title="bbox 480 5671 2139 5749; baseline 0.006 -24"><span class='ocrx_word' id='word_1_498' title='bbox 480 5671 930 5740; x_wconf 72' lang='grc' dir='ltr'>ἡτοιμασμένην</span> <span class='ocrx_word' id='word_1_499' title='bbox 981 5675 1122 5743; x_wconf 82' lang='grc' dir='ltr'>ὑμῖν</span> <span class='ocrx_word' id='word_1_500' title='bbox 1154 5675 1479 5739; x_wconf 71' lang='grc' dir='ltr'>βασιλείαν</span> <span class='ocrx_word' id='word_1_501' title='bbox 1526 5679 1644 5732; x_wconf 79' lang='grc' dir='ltr'>ἀπὸ</span> <span class='ocrx_word' id='word_1_502' title='bbox 1680 5681 2016 5749; x_wconf 75' lang='grc' dir='ltr'>καταϐολῆς</span> <span class='ocrx_word' id='word_1_503' title='bbox 2046 5684 2139 5735; x_wconf 84' lang='grc' dir='ltr'>κό-</span> 
     </span>
    </p>
   </div>
   <div class='ocr_carea' id='block_1_63' title="bbox 477 5749 2132 5834">
    <p class='ocr_par' dir='ltr' id='par_1_63' title="bbox 477 5749 2132 5834">
     <span class='ocr_line' id='line_1_63' title="bbox 477 5749 2132 5834; baseline 0.007 -28"><span class='ocrx_word' id='word_1_504' title='bbox 477 5771 654 5821; x_wconf 81' lang='grc' dir='ltr'>σμου.</span> <span class='ocrx_word' id='word_1_505' title='bbox 683 5749 830 5815; x_wconf 78' lang='grc' dir='ltr'>Εἶδες</span> <span class='ocrx_word' id='word_1_506' title='bbox 859 5755 1046 5825; x_wconf 83' lang='grc' dir='ltr'>ἐκείνῳ</span> <span class='ocrx_word' id='word_1_507' title='bbox 1078 5757 1174 5824; x_wconf 80' lang='grc' dir='ltr'>μὲν</span> <span class='ocrx_word' id='word_1_508' title='bbox 1206 5759 1262 5810; x_wconf 86' lang='grc' dir='ltr'>τὸ</span> <span class='ocrx_word' id='word_1_509' title='bbox 1294 5761 1550 5814; x_wconf 78' lang='grc' dir='ltr'>ἄσϐεστον</span> <span class='ocrx_word' id='word_1_510' title='bbox 1579 5762 1689 5832; x_wconf 83' lang='grc' dir='ltr'>πῦρ</span> <span class='ocrx_word' id='word_1_511' title='bbox 1717 5766 2132 5834; x_wconf 80' lang='grc' dir='ltr'>ἡτοιμασμένον,</span> 
     </span>
    </p>
   </div>
   <div class='ocr_carea' id='block_1_64' title="bbox 481 5837 2136 5914">
    <p class='ocr_par' dir='ltr' id='par_1_64' title="bbox 481 5837 2136 5914">
     <span class='ocr_line' id='line_1_64' title="bbox 481 5837 2136 5914; baseline 0.008 -27"><span class='ocrx_word' id='word_1_512' title='bbox 481 5840 608 5907; x_wconf 70' lang='grc' dir='ltr'>ἡμῖν</span> <span class='ocrx_word' id='word_1_513' title='bbox 630 5837 704 5902; x_wconf 77' lang='grc' dir='ltr'>δὲ,</span> <span class='ocrx_word' id='word_1_514' title='bbox 739 5840 786 5889; x_wconf 83' lang='grc' dir='ltr'>εί</span> <span class='ocrx_word' id='word_1_515' title='bbox 811 5837 886 5908; x_wconf 82' lang='grc' dir='ltr'>μὴ</span> <span class='ocrx_word' id='word_1_516' title='bbox 915 5841 1349 5911; x_wconf 67' lang='grc' dir='ltr'>ῥαθυμήσαιμεν,</span> <span class='ocrx_word' id='word_1_517' title='bbox 1378 5845 1470 5914; x_wconf 74' lang='grc' dir='ltr'>τὴν</span> <span class='ocrx_word' id='word_1_518' title='bbox 1499 5845 1805 5913; x_wconf 72' lang='grc' dir='ltr'>βασιλείαν;</span> <span class='ocrx_word' id='word_1_519' title='bbox 1832 5847 2012 5900; x_wconf 80' lang='grc' dir='ltr'>Ταῦτα</span> <span class='ocrx_word' id='word_1_520' title='bbox 2031 5850 2136 5900; x_wconf 79' lang='grc' dir='ltr'>τοί⁴</span> 
     </span>
    </p>
   </div>
   <div class='ocr_carea' id='block_1_65' title="bbox 481 5918 2136 5999">
    <p class='ocr_par' dir='ltr' id='par_1_65' title="bbox 481 5918 2136 5999">
     <span class='ocr_line' id='line_1_65' title="bbox 481 5918 2136 5999; baseline 0.008 -31"><span class='ocrx_word' id='word_1_521' title='bbox 481 5937 571 5995; x_wconf 76' lang='grc' dir='ltr'>νυν</span> <span class='ocrx_word' id='word_1_522' title='bbox 599 5918 916 5983; x_wconf 78' lang='grc' dir='ltr'>-ἐννοοῦντες</span> <span class='ocrx_word' id='word_1_523' title='bbox 965 5924 1054 5974; x_wconf 74' lang='grc' dir='ltr'>καὶ</span> <span class='ocrx_word' id='word_1_524' title='bbox 1099 5924 1212 5991; x_wconf 76' lang='grc' dir='ltr'>βίου</span> <span class='ocrx_word' id='word_1_525' title='bbox 1244 5927 1642 5997; x_wconf 64' lang='grc' dir='ltr'>ἐπιμελώμεθα,</span> <span class='ocrx_word' id='word_1_526' title='bbox 1687 5930 1778 5983; x_wconf 79' lang='grc' dir='ltr'>καὶ</span> <span class='ocrx_word' id='word_1_527' title='bbox 1814 5930 1908 5999; x_wconf 72' lang='grc' dir='ltr'>τὴν</span> <span class='ocrx_word' id='word_1_528' title='bbox 1943 5933 2136 5984; x_wconf 76' lang='grc' dir='ltr'>κακίαν</span> 
     </span>
    </p>
   </div>
   <div class='ocr_carea' id='block_1_66' title="bbox 547 6013 1156 6080">
    <p class='ocr_par' dir='ltr' id='par_1_66' title="bbox 547 6013 1156 6080">
     <span class='ocr_line' id='line_1_66' title="bbox 547 6013 1156 6080; baseline 0.011 -20"><span class='ocrx_word' id='word_1_529' title='bbox 547 6015 570 6041; x_wconf 77' lang='grc'><strong>⁸</strong></span> <span class='ocrx_word' id='word_1_530' title='bbox 599 6013 716 6075; x_wconf 76' lang='lat' dir='ltr'>Reg.</span> <span class='ocrx_word' id='word_1_531' title='bbox 747 6028 872 6062; x_wconf 83' lang='lat' dir='ltr'>unus</span> <span class='ocrx_word' id='word_1_532' title='bbox 900 6020 1156 6080; x_wconf 69' lang='grc' dir='ltr'>ουμῦουλῇ.</span> 
     </span>
    </p>
   </div>
   <div class='ocr_carea' id='block_1_67' title="bbox 1286 371 3146 477">
    <p class='ocr_par' dir='ltr' id='par_1_67' title="bbox 1286 371 3146 477">
     <span class='ocr_line' id='line_1_67' title="bbox 1286 371 3146 477; baseline -0.007 0"><span class='ocrx_word' id='word_1_533' title='bbox 1286 371 1290 375; x_wconf 13' lang='grc' dir='ltr'>ἱ</span> <span class='ocrx_word' id='word_1_534' title='bbox 1320 422 1373 477; x_wconf 85' lang='lat' dir='ltr'>S.</span> <span class='ocrx_word' id='word_1_535' title='bbox 1414 417 1695 476; x_wconf 75' lang='lat' dir='ltr'>JOANNIS</span> <span class='ocrx_word' id='word_1_536' title='bbox 1729 413 2214 475; x_wconf 66' lang='lat' dir='ltr'>CHRYSOSTOMI</span> <span class='ocrx_word' id='word_1_537' title='bbox 2255 410 2570 470; x_wconf 71' lang='lat' dir='ltr'>ABCMEP.</span> <span class='ocrx_word' id='word_1_538' title='bbox 2606 407 3146 467; x_wconf 74' lang='lat' dir='ltr'>CONSTANTINOP.</span> 
     </span>
    </p>
   </div>
   <div class='ocr_carea' id='block_1_68' title="bbox 3825 400 3931 460">
    <p class='ocr_par' dir='ltr' id='par_1_68' title="bbox 3825 400 3931 460">
     <span class='ocr_line' id='line_1_68' title="bbox 3825 400 3931 460; baseline -0.038 0"><span class='ocrx_word' id='word_1_539' title='bbox 3825 400 3931 460; x_wconf 66' lang='grc' dir='ltr'>ηε</span> 
     </span>
    </p>
   </div>
   <div class='ocr_carea' id='block_1_69' title="bbox 2265 517 3933 598">
    <p class='ocr_par' dir='ltr' id='par_1_69' title="bbox 2265 517 3933 598">
     <span class='ocr_line' id='line_1_69' title="bbox 2265 517 3933 598; baseline -0.006 -16"><span class='ocrx_word' id='word_1_540' title='bbox 2265 527 2572 598; x_wconf 79' lang='grc' dir='ltr'>φεύγωμεν,</span> <span class='ocrx_word' id='word_1_541' title='bbox 2604 525 2696 580; x_wconf 60' lang='grc' dir='ltr'>καλ⁵</span> <span class='ocrx_word' id='word_1_542' title='bbox 2728 524 2995 597; x_wconf 77' lang='grc' dir='ltr'>μηδέποτε</span> <span class='ocrx_word' id='word_1_543' title='bbox 3022 520 3354 592; x_wconf 84' lang='grc' dir='ltr'>ἀπατώμεθα</span> <span class='ocrx_word' id='word_1_544' title='bbox 3391 520 3508 584; x_wconf 80' lang='grc' dir='ltr'>ταῖς</span> <span class='ocrx_word' id='word_1_545' title='bbox 3544 517 3638 573; x_wconf 89' lang='grc' dir='ltr'>τοῦ</span> <span class='ocrx_word' id='word_1_546' title='bbox 3679 517 3933 572; x_wconf 78' lang='grc' dir='ltr'>διαϐόλου</span> 
     </span>
    </p>
   </div>
   <div class='ocr_carea' id='block_1_70' title="bbox 2263 603 3933 686">
    <p class='ocr_par' dir='ltr' id='par_1_70' title="bbox 2263 603 3933 686">
     <span class='ocr_line' id='line_1_70' title="bbox 2263 603 3933 686; baseline -0.007 -18"><span class='ocrx_word' id='word_1_547' title='bbox 2263 617 2549 686; x_wconf 78' lang='grc' dir='ltr'>μηχαναῖς.</span> <span class='ocrx_word' id='word_1_548' title='bbox 2595 613 2756 676; x_wconf 79' lang='grc' dir='ltr'>Ἀλλ’,</span> <span class='ocrx_word' id='word_1_549' title='bbox 2782 613 2831 664; x_wconf 89' lang='grc' dir='ltr'>εἰ</span> <span class='ocrx_word' id='word_1_550' title='bbox 2859 609 3110 682; x_wconf 83' lang='grc' dir='ltr'>βούλεσθε</span> <span class='ocrx_word' id='word_1_551' title='bbox 3153 608 3244 662; x_wconf 70' lang='grc' dir='ltr'>καὶ</span> <span class='ocrx_word' id='word_1_552' title='bbox 3286 607 3360 679; x_wconf 77' lang='grc' dir='ltr'>μὴ</span> <span class='ocrx_word' id='word_1_553' title='bbox 3391 607 3726 675; x_wconf 75' lang='grc' dir='ltr'>ἀπεκάμετε,</span> <span class='ocrx_word' id='word_1_554' title='bbox 3767 603 3933 659; x_wconf 79' lang='grc' dir='ltr'>πάλιν</span> 
     </span>
    </p>
   </div>
   <div class='ocr_carea' id='block_1_71' title="bbox 2260 691 3933 768">
    <p class='ocr_par' dir='ltr' id='par_1_71' title="bbox 2260 691 3933 768">
     <span class='ocr_line' id='line_1_71' title="bbox 2260 691 3933 768; baseline -0.005 -17"><span class='ocrx_word' id='word_1_555' title='bbox 2260 701 2341 762; x_wconf 85' lang='grc' dir='ltr'>είς</span> <span class='ocrx_word' id='word_1_556' title='bbox 2383 700 2546 768; x_wconf 84' lang='grc' dir='ltr'>μέσον</span> <span class='ocrx_word' id='word_1_557' title='bbox 2578 699 2870 768; x_wconf 75' lang='grc' dir='ltr'>ἀγάγωμεν</span> <span class='ocrx_word' id='word_1_558' title='bbox 2899 695 2996 768; x_wconf 76' lang='grc' dir='ltr'>τὴν</span> <span class='ocrx_word' id='word_1_559' title='bbox 3032 694 3304 766; x_wconf 85' lang='grc' dir='ltr'>τιμωρίαν</span> <span class='ocrx_word' id='word_1_560' title='bbox 3333 693 3436 763; x_wconf 77' lang='grc' dir='ltr'>τὴν</span> <span class='ocrx_word' id='word_1_561' title='bbox 3462 691 3541 762; x_wconf 81' lang='grc' dir='ltr'>τῷ</span> <span class='ocrx_word' id='word_1_562' title='bbox 3571 692 3692 760; x_wconf 82' lang='grc' dir='ltr'>ϐφει</span> <span class='ocrx_word' id='word_1_563' title='bbox 3722 692 3933 757; x_wconf 80' lang='grc' dir='ltr'>ἐπαγο-</span> 
     </span>
    </p>
   </div>
   <div class='ocr_carea' id='block_1_72' title="bbox 2265 775 3937 855">
    <p class='ocr_par' dir='ltr' id='par_1_72' title="bbox 2265 775 3937 855">
     <span class='ocr_line' id='line_1_72' title="bbox 2265 775 3937 855; baseline -0.006 -17"><span class='ocrx_word' id='word_1_564' title='bbox 2265 787 2451 855; x_wconf 86' lang='grc' dir='ltr'>μένην,</span> <span class='ocrx_word' id='word_1_565' title='bbox 2477 786 2543 839; x_wconf 69' lang='grc' dir='ltr'>ἵν’</span> <span class='ocrx_word' id='word_1_566' title='bbox 2575 784 2716 838; x_wconf 80' lang='grc' dir='ltr'>οὕτω</span> <span class='ocrx_word' id='word_1_567' title='bbox 2743 783 2884 838; x_wconf 88' lang='grc' dir='ltr'>κατά</span> <span class='ocrx_word' id='word_1_568' title='bbox 2909 782 3100 854; x_wconf 73' lang='grc' dir='ltr'>μικρὸν</span> <span class='ocrx_word' id='word_1_569' title='bbox 3121 784 3200 846; x_wconf 88' lang='grc' dir='ltr'>είς</span> <span class='ocrx_word' id='word_1_570' title='bbox 3228 780 3288 834; x_wconf 82' lang='grc' dir='ltr'>τὸ</span> <span class='ocrx_word' id='word_1_571' title='bbox 3311 779 3461 842; x_wconf 81' lang='grc' dir='ltr'>τέλος</span> <span class='ocrx_word' id='word_1_572' title='bbox 3488 779 3590 849; x_wconf 82' lang='grc' dir='ltr'>τῆς</span> <span class='ocrx_word' id='word_1_573' title='bbox 3613 778 3768 848; x_wconf 85' lang='grc' dir='ltr'>δίκης</span> <span class='ocrx_word' id='word_1_574' title='bbox 3793 775 3937 844; x_wconf 81' lang='grc' dir='ltr'>φθά-</span> 
     </span>
    </p>
   </div>
   <div class='ocr_carea' id='block_1_73' title="bbox 2264 861 3929 940">
    <p class='ocr_par' dir='ltr' id='par_1_73' title="bbox 2264 861 3929 940">
     <span class='ocr_line' id='line_1_73' title="bbox 2264 861 3929 940; baseline -0.005 -17"><span class='ocrx_word' id='word_1_575' title='bbox 2264 887 2454 935; x_wconf 87' lang='grc' dir='ltr'>σαντες</span> <span class='ocrx_word' id='word_1_576' title='bbox 2482 871 2678 940; x_wconf 85' lang='grc' dir='ltr'>ίδωμεν</span> <span class='ocrx_word' id='word_1_577' title='bbox 2709 869 2809 940; x_wconf 82' lang='grc' dir='ltr'>τῆς</span> <span class='ocrx_word' id='word_1_578' title='bbox 2839 867 3244 939; x_wconf 84' lang='grc' dir='ltr'>φιλανθρωπίας</span> <span class='ocrx_word' id='word_1_579' title='bbox 3289 864 3382 919; x_wconf 87' lang='grc' dir='ltr'>τοῦ</span> <span class='ocrx_word' id='word_1_580' title='bbox 3422 863 3555 917; x_wconf 85' lang='grc' dir='ltr'>Θεοῦ</span> <span class='ocrx_word' id='word_1_581' title='bbox 3590 862 3650 916; x_wconf 76' lang='grc' dir='ltr'>τὸ</span> <span class='ocrx_word' id='word_1_582' title='bbox 3677 861 3929 932; x_wconf 80' lang='grc' dir='ltr'>μέγεθος.</span> 
     </span>
    </p>
   </div>
   <div class='ocr_carea' id='block_1_74' title="bbox 2261 950 3937 1028">
    <p class='ocr_par' dir='ltr' id='par_1_74' title="bbox 2261 950 3937 1028">
     <span class='ocr_line' id='line_1_74' title="bbox 2261 950 3937 1028; baseline -0.005 -19"><span class='ocrx_word' id='word_1_583' title='bbox 2261 957 2323 1009; x_wconf 82' lang='grc' dir='ltr'>Εἰ</span> <span class='ocrx_word' id='word_1_584' title='bbox 2373 959 2476 1028; x_wconf 88' lang='grc' dir='ltr'>γάρ</span> <span class='ocrx_word' id='word_1_585' title='bbox 2514 957 2786 1027; x_wconf 72' lang='grc' dir='ltr'>ἄνθρωποι</span> <span class='ocrx_word' id='word_1_586' title='bbox 2825 955 3082 1026; x_wconf 78' lang='grc' dir='ltr'>δικαστὴν</span> <span class='ocrx_word' id='word_1_587' title='bbox 3124 953 3356 1025; x_wconf 79' lang='grc' dir='ltr'>ὁρῶντες</span> <span class='ocrx_word' id='word_1_588' title='bbox 3396 951 3654 1013; x_wconf 86' lang='grc' dir='ltr'>πολλάκις</span> <span class='ocrx_word' id='word_1_589' title='bbox 3692 950 3937 1020; x_wconf 67' lang='grc' dir='ltr'>δημοσίᾳ</span> 
     </span>
    </p>
   </div>
   <div class='ocr_carea' id='block_1_75' title="bbox 2263 1037 3938 1114">
    <p class='ocr_par' dir='ltr' id='par_1_75' title="bbox 2263 1037 3938 1114">
     <span class='ocr_line' id='line_1_75' title="bbox 2263 1037 3938 1114; baseline -0.004 -18"><span class='ocrx_word' id='word_1_590' title='bbox 2263 1043 2586 1114; x_wconf 79' lang='grc' dir='ltr'>καθήμενον,</span> <span class='ocrx_word' id='word_1_591' title='bbox 2617 1043 2710 1096; x_wconf 68' lang='grc' dir='ltr'>καί⁵</span> <span class='ocrx_word' id='word_1_592' title='bbox 2737 1043 2836 1114; x_wconf 75' lang='grc' dir='ltr'>τὴν</span> <span class='ocrx_word' id='word_1_593' title='bbox 2858 1041 2998 1096; x_wconf 91' lang='grc' dir='ltr'>κατά</span> <span class='ocrx_word' id='word_1_594' title='bbox 3020 1042 3128 1094; x_wconf 89' lang='grc' dir='ltr'>τῶν</span> <span class='ocrx_word' id='word_1_595' title='bbox 3151 1040 3452 1094; x_wconf 83' lang='grc' dir='ltr'>καταδίκων</span> <span class='ocrx_word' id='word_1_596' title='bbox 3479 1038 3656 1108; x_wconf 77' lang='grc' dir='ltr'>ψῆφον</span> <span class='ocrx_word' id='word_1_597' title='bbox 3678 1037 3938 1108; x_wconf 73' lang='grc' dir='ltr'>ἐκφέρονυ</span> 
     </span>
    </p>
   </div>
   <div class='ocr_carea' id='block_1_76' title="bbox 2261 1124 3937 1199">
    <p class='ocr_par' dir='ltr' id='par_1_76' title="bbox 2261 1124 3937 1199">
     <span class='ocr_line' id='line_1_76' title="bbox 2261 1124 3937 1199; baseline -0.004 -17"><span class='ocrx_word' id='word_1_598' title='bbox 2261 1146 2348 1194; x_wconf 92' lang='grc' dir='ltr'>τα,</span> <span class='ocrx_word' id='word_1_599' title='bbox 2370 1129 2457 1183; x_wconf 77' lang='grc' dir='ltr'>διά</span> <span class='ocrx_word' id='word_1_600' title='bbox 2486 1129 2666 1198; x_wconf 87' lang='grc' dir='ltr'>πάσης</span> <span class='ocrx_word' id='word_1_601' title='bbox 2693 1128 2904 1199; x_wconf 76' lang='grc' dir='ltr'>ἡμέρας</span> <span class='ocrx_word' id='word_1_602' title='bbox 2937 1128 3333 1198; x_wconf 84' lang='grc' dir='ltr'>παραμένουσι,</span> <span class='ocrx_word' id='word_1_603' title='bbox 3360 1127 3453 1179; x_wconf 74' lang='grc' dir='ltr'>καὶ</span> <span class='ocrx_word' id='word_1_604' title='bbox 3473 1125 3571 1178; x_wconf 87' lang='grc' dir='ltr'>οὐκ</span> <span class='ocrx_word' id='word_1_605' title='bbox 3599 1124 3937 1193; x_wconf 79' lang='grc' dir='ltr'>ἀφίστανται</span> 
     </span>
    </p>
   </div>
   <div class='ocr_carea' id='block_1_77' title="bbox 2265 1209 3930 1286">
    <p class='ocr_par' dir='ltr' id='par_1_77' title="bbox 2265 1209 3930 1286">
     <span class='ocr_line' id='line_1_77' title="bbox 2265 1209 3930 1286; baseline -0.004 -18"><span class='ocrx_word' id='word_1_606' title='bbox 2265 1215 2457 1286; x_wconf 84' lang='grc' dir='ltr'>μέχρις</span> <span class='ocrx_word' id='word_1_607' title='bbox 2499 1215 2565 1268; x_wconf 82' lang='grc' dir='ltr'>ἀν</span> <span class='ocrx_word' id='word_1_608' title='bbox 2595 1213 2776 1268; x_wconf 78' lang='grc' dir='ltr'>ἴδωσιν</span> <span class='ocrx_word' id='word_1_609' title='bbox 2802 1214 3107 1268; x_wconf 80' lang='grc' dir='ltr'>ἀναστάντα</span> <span class='ocrx_word' id='word_1_610' title='bbox 3130 1213 3222 1265; x_wconf 76' lang='grc' dir='ltr'>τὸν</span> <span class='ocrx_word' id='word_1_611' title='bbox 3257 1212 3535 1282; x_wconf 85' lang='grc' dir='ltr'>δικαστήν·</span> <span class='ocrx_word' id='word_1_612' title='bbox 3571 1211 3752 1281; x_wconf 74' lang='grc' dir='ltr'>πολλῷ</span> <span class='ocrx_word' id='word_1_613' title='bbox 3785 1209 3930 1281; x_wconf 78' lang='grc' dir='ltr'>μᾶλ-</span> 
     </span>
    </p>
   </div>
   <div class='ocr_carea' id='block_1_78' title="bbox 2261 1294 3934 1372">
    <p class='ocr_par' dir='ltr' id='par_1_78' title="bbox 2261 1294 3934 1372">
     <span class='ocr_line' id='line_1_78' title="bbox 2261 1294 3934 1372; baseline -0.002 -20"><span class='ocrx_word' id='word_1_614' title='bbox 2261 1299 2350 1353; x_wconf 93' lang='grc' dir='ltr'>λον</span> <span class='ocrx_word' id='word_1_615' title='bbox 2391 1301 2537 1372; x_wconf 77' lang='grc' dir='ltr'>ήμᾶς</span> <span class='ocrx_word' id='word_1_616' title='bbox 2583 1299 2677 1352; x_wconf 90' lang='grc' dir='ltr'>νῦν</span> <span class='ocrx_word' id='word_1_617' title='bbox 2713 1301 2978 1370; x_wconf 83' lang='grc' dir='ltr'>προσήκει</span> <span class='ocrx_word' id='word_1_618' title='bbox 3025 1299 3164 1370; x_wconf 81' lang='grc' dir='ltr'>μετά</span> <span class='ocrx_word' id='word_1_619' title='bbox 3204 1297 3444 1360; x_wconf 89' lang='grc' dir='ltr'>πλείονος</span> <span class='ocrx_word' id='word_1_620' title='bbox 3475 1297 3572 1366; x_wconf 83' lang='grc' dir='ltr'>τῆς</span> <span class='ocrx_word' id='word_1_621' title='bbox 3618 1294 3934 1368; x_wconf 82' lang='grc' dir='ltr'>προθυμίας</span> 
     </span>
    </p>
   </div>
   <div class='ocr_carea' id='block_1_79' title="bbox 2265 1381 3935 1457">
    <p class='ocr_par' dir='ltr' id='par_1_79' title="bbox 2265 1381 3935 1457">
     <span class='ocr_line' id='line_1_79' title="bbox 2265 1381 3935 1457; baseline -0.003 -17"><span class='ocrx_word' id='word_1_622' title='bbox 2265 1388 2390 1442; x_wconf 85' lang='grc' dir='ltr'>ίδεῖν</span> <span class='ocrx_word' id='word_1_623' title='bbox 2408 1389 2498 1444; x_wconf 82' lang='grc' dir='ltr'>τὸν</span> <span class='ocrx_word' id='word_1_624' title='bbox 2529 1389 2732 1457; x_wconf 84' lang='grc' dir='ltr'>ἀγαθὸν</span> <span class='ocrx_word' id='word_1_625' title='bbox 2756 1388 2908 1451; x_wconf 85' lang='grc' dir='ltr'>Θεὸν,</span> <span class='ocrx_word' id='word_1_626' title='bbox 2935 1387 3052 1451; x_wconf 86' lang='grc' dir='ltr'>πῶς</span> <span class='ocrx_word' id='word_1_627' title='bbox 3076 1387 3174 1456; x_wconf 77' lang='grc' dir='ltr'>μὲν</span> <span class='ocrx_word' id='word_1_628' title='bbox 3205 1385 3284 1456; x_wconf 84' lang='grc' dir='ltr'>τῷ</span> <span class='ocrx_word' id='word_1_629' title='bbox 3310 1385 3430 1453; x_wconf 77' lang='grc' dir='ltr'>ὕφει</span> <span class='ocrx_word' id='word_1_630' title='bbox 3464 1383 3696 1455; x_wconf 70' lang='grc' dir='ltr'>σφοδράν</span> <span class='ocrx_word' id='word_1_631' title='bbox 3722 1381 3822 1453; x_wconf 76' lang='grc' dir='ltr'>τὴν</span> <span class='ocrx_word' id='word_1_632' title='bbox 3849 1399 3935 1436; x_wconf 83' lang='grc' dir='ltr'>τι-</span> 
     </span>
    </p>
   </div>
   <div class='ocr_carea' id='block_1_80' title="bbox 2264 1469 3929 1549">
    <p class='ocr_par' dir='ltr' id='par_1_80' title="bbox 2264 1469 3929 1549">
     <span class='ocr_line' id='line_1_80' title="bbox 2264 1469 3929 1549; baseline -0.004 -21"><span class='ocrx_word' id='word_1_633' title='bbox 2264 1477 2474 1546; x_wconf 88' lang='grc' dir='ltr'>μωρίαν</span> <span class='ocrx_word' id='word_1_634' title='bbox 2503 1476 2827 1549; x_wconf 90' lang='grc' dir='ltr'>ἐπιτίθησιν,</span> <span class='ocrx_word' id='word_1_635' title='bbox 2854 1476 2942 1529; x_wconf 81' lang='grc' dir='ltr'>ἵνα</span> <span class='ocrx_word' id='word_1_636' title='bbox 2965 1474 3052 1530; x_wconf 85' lang='grc' dir='ltr'>διὰ</span> <span class='ocrx_word' id='word_1_637' title='bbox 3076 1475 3169 1529; x_wconf 90' lang='grc' dir='ltr'>τοῦ</span> <span class='ocrx_word' id='word_1_638' title='bbox 3203 1471 3465 1544; x_wconf 89' lang='grc' dir='ltr'>αἰσθητοῦ</span> <span class='ocrx_word' id='word_1_639' title='bbox 3496 1471 3684 1525; x_wconf 89' lang='grc' dir='ltr'>τούτου</span> <span class='ocrx_word' id='word_1_640' title='bbox 3709 1469 3929 1540; x_wconf 86' lang='grc' dir='ltr'>θηρίου,</span> 
     </span>
    </p>
   </div>
   <div class='ocr_carea' id='block_1_81' title="bbox 2259 1557 3927 1636">
    <p class='ocr_par' dir='ltr' id='par_1_81' title="bbox 2259 1557 3927 1636">
     <span class='ocr_line' id='line_1_81' title="bbox 2259 1557 3927 1636; baseline -0.005 -20"><span class='ocrx_word' id='word_1_641' title='bbox 2259 1557 2304 1631; x_wconf 84' lang='grc' dir='ltr'>ᾦ</span> <span class='ocrx_word' id='word_1_642' title='bbox 2329 1564 2516 1636; x_wconf 84' lang='grc' dir='ltr'>ὥσπερ</span> <span class='ocrx_word' id='word_1_643' title='bbox 2547 1563 2760 1634; x_wconf 83' lang='grc' dir='ltr'>ὀργάνῳ</span> <span class='ocrx_word' id='word_1_644' title='bbox 2800 1561 3070 1635; x_wconf 84' lang='grc' dir='ltr'>ἐχρήσατο</span> <span class='ocrx_word' id='word_1_645' title='bbox 3111 1563 3140 1615; x_wconf 90' lang='lat'>6</span> <span class='ocrx_word' id='word_1_646' title='bbox 3172 1559 3404 1631; x_wconf 77' lang='grc' dir='ltr'>πονηρὸς</span> <span class='ocrx_word' id='word_1_647' title='bbox 3440 1559 3648 1629; x_wconf 87' lang='grc' dir='ltr'>δαίμων</span> <span class='ocrx_word' id='word_1_648' title='bbox 3693 1557 3927 1618; x_wconf 83' lang='grc' dir='ltr'>ἐκεῖνος,</span> 
     </span>
    </p>
   </div>
   <div class='ocr_carea' id='block_1_82' title="bbox 2259 1641 3932 1722">
    <p class='ocr_par' dir='ltr' id='par_1_82' title="bbox 2259 1641 3932 1722">
     <span class='ocr_line' id='line_1_82' title="bbox 2259 1641 3932 1722; baseline -0.006 -18"><span class='ocrx_word' id='word_1_649' title='bbox 2259 1650 2507 1720; x_wconf 73' lang='grc' dir='ltr'>αἴσθησιν</span> <span class='ocrx_word' id='word_1_650' title='bbox 2537 1651 2666 1720; x_wconf 76' lang='grc' dir='ltr'>ἡμῖν</span> <span class='ocrx_word' id='word_1_651' title='bbox 2690 1651 2947 1722; x_wconf 82' lang='grc' dir='ltr'>παράσχῃ</span> <span class='ocrx_word' id='word_1_652' title='bbox 2968 1651 3065 1719; x_wconf 85' lang='grc' dir='ltr'>τῆς</span> <span class='ocrx_word' id='word_1_653' title='bbox 3093 1646 3392 1718; x_wconf 82' lang='grc' dir='ltr'>μελλούσης</span> <span class='ocrx_word' id='word_1_654' title='bbox 3425 1647 3631 1698; x_wconf 85' lang='grc' dir='ltr'>ἐκεῖνον</span> <span class='ocrx_word' id='word_1_655' title='bbox 3654 1641 3932 1713; x_wconf 81' lang='grc' dir='ltr'>τιμωρίας</span> 
     </span>
    </p>
   </div>
   <div class='ocr_carea' id='block_1_83' title="bbox 2257 1728 3932 1805">
    <p class='ocr_par' dir='ltr' id='par_1_83' title="bbox 2257 1728 3932 1805">
     <span class='ocr_line' id='line_1_83' title="bbox 2257 1728 3932 1805; baseline -0.005 -17"><span class='ocrx_word' id='word_1_656' title='bbox 2257 1735 2589 1805; x_wconf 86' lang='grc' dir='ltr'>ἐκδέχεσθαι·</span> <span class='ocrx_word' id='word_1_657' title='bbox 2619 1736 2736 1800; x_wconf 88' lang='grc' dir='ltr'>πῶς</span> <span class='ocrx_word' id='word_1_658' title='bbox 2771 1736 2826 1790; x_wconf 79' lang='grc' dir='ltr'>δὲ</span> <span class='ocrx_word' id='word_1_659' title='bbox 2867 1735 3003 1805; x_wconf 90' lang='grc' dir='ltr'>μετά</span> <span class='ocrx_word' id='word_1_660' title='bbox 3031 1733 3244 1803; x_wconf 81' lang='grc' dir='ltr'>φειδοῦς</span> <span class='ocrx_word' id='word_1_661' title='bbox 3274 1732 3584 1802; x_wconf 83' lang='grc' dir='ltr'>σύμμετρον</span> <span class='ocrx_word' id='word_1_662' title='bbox 3609 1730 3802 1796; x_wconf 87' lang='grc' dir='ltr'>ἐπάγει</span> <span class='ocrx_word' id='word_1_663' title='bbox 3832 1728 3932 1781; x_wconf 75' lang='grc' dir='ltr'>καὶ</span> 
     </span>
    </p>
   </div>
   <div class='ocr_carea' id='block_1_84' title="bbox 2256 1815 3928 1894">
    <p class='ocr_par' dir='ltr' id='par_1_84' title="bbox 2256 1815 3928 1894">
     <span class='ocr_line' id='line_1_84' title="bbox 2256 1815 3928 1894; baseline -0.006 -17"><span class='ocrx_word' id='word_1_664' title='bbox 2256 1827 2321 1894; x_wconf 77' lang='grc' dir='ltr'>τῇ</span> <span class='ocrx_word' id='word_1_665' title='bbox 2352 1825 2568 1892; x_wconf 81' lang='grc' dir='ltr'>γυναικὶ</span> <span class='ocrx_word' id='word_1_666' title='bbox 2595 1824 2688 1878; x_wconf 76' lang='grc' dir='ltr'>καὶ</span> <span class='ocrx_word' id='word_1_667' title='bbox 2713 1824 2791 1894; x_wconf 85' lang='grc' dir='ltr'>τῷ</span> <span class='ocrx_word' id='word_1_668' title='bbox 2814 1823 2966 1894; x_wconf 75' lang='grc' dir='ltr'>ἀνδρὶ</span> <span class='ocrx_word' id='word_1_669' title='bbox 2993 1823 3090 1893; x_wconf 85' lang='grc' dir='ltr'>τὴν</span> <span class='ocrx_word' id='word_1_670' title='bbox 3120 1821 3456 1892; x_wconf 84' lang='grc' dir='ltr'>ἐπιτίμησιν,</span> <span class='ocrx_word' id='word_1_671' title='bbox 3485 1816 3763 1871; x_wconf 86' lang='grc' dir='ltr'>νουθεσίαν</span> <span class='ocrx_word' id='word_1_672' title='bbox 3789 1815 3928 1885; x_wconf 76' lang='grc' dir='ltr'>μάλ-</span> 
     </span>
    </p>
   </div>
   <div class='ocr_carea' id='block_1_85' title="bbox 2257 1903 3930 1981">
    <p class='ocr_par' dir='ltr' id='par_1_85' title="bbox 2257 1903 3930 1981">
     <span class='ocr_line' id='line_1_85' title="bbox 2257 1903 3930 1981; baseline -0.006 -18"><span class='ocrx_word' id='word_1_673' title='bbox 2257 1910 2346 1963; x_wconf 92' lang='grc' dir='ltr'>λον</span> <span class='ocrx_word' id='word_1_674' title='bbox 2371 1910 2615 1981; x_wconf 69' lang='grc' dir='ltr'>ἔχουσαν,</span> <span class='ocrx_word' id='word_1_675' title='bbox 2643 1911 2674 1980; x_wconf 78' lang='grc' dir='ltr'><strong>ἢ</strong></span> <span class='ocrx_word' id='word_1_676' title='bbox 2702 1911 2936 1963; x_wconf 84' lang='grc' dir='ltr'>κόλασιν·</span> <span class='ocrx_word' id='word_1_677' title='bbox 2966 1909 3051 1964; x_wconf 76' lang='grc' dir='ltr'>ἵνα</span> <span class='ocrx_word' id='word_1_678' title='bbox 3077 1908 3244 1963; x_wconf 87' lang='grc' dir='ltr'>ταῦτα</span> <span class='ocrx_word' id='word_1_679' title='bbox 3272 1908 3446 1960; x_wconf 89' lang='grc' dir='ltr'>πάντα</span> <span class='ocrx_word' id='word_1_680' title='bbox 3477 1905 3614 1975; x_wconf 88' lang='grc' dir='ltr'>μετά</span> <span class='ocrx_word' id='word_1_681' title='bbox 3635 1903 3930 1974; x_wconf 89' lang='grc' dir='ltr'>ἀκριϐείας</span> 
     </span>
    </p>
   </div>
   <div class='ocr_carea' id='block_1_86' title="bbox 2259 1988 3932 2067">
    <p class='ocr_par' dir='ltr' id='par_1_86' title="bbox 2259 1988 3932 2067">
     <span class='ocr_line' id='line_1_86' title="bbox 2259 1988 3932 2067; baseline -0.005 -18"><span class='ocrx_word' id='word_1_682' title='bbox 2259 1998 2625 2067; x_wconf 79' lang='grc' dir='ltr'>σκοπήσαντες</span> <span class='ocrx_word' id='word_1_683' title='bbox 2678 1995 3045 2067; x_wconf 87' lang='grc' dir='ltr'>θαυμάσωμεν</span> <span class='ocrx_word' id='word_1_684' title='bbox 3088 1994 3187 2067; x_wconf 83' lang='grc' dir='ltr'>τὴν</span> <span class='ocrx_word' id='word_1_685' title='bbox 3227 1993 3320 2048; x_wconf 86' lang='grc' dir='ltr'>τοῦ</span> <span class='ocrx_word' id='word_1_686' title='bbox 3376 1990 3750 2062; x_wconf 81' lang='grc' dir='ltr'>φιλανθρώπου</span> <span class='ocrx_word' id='word_1_687' title='bbox 3784 1988 3932 2042; x_wconf 78' lang='grc' dir='ltr'>Θεοῦ</span> 
     </span>
    </p>
   </div>
   <div class='ocr_carea' id='block_1_87' title="bbox 2257 2075 3932 2154">
    <p class='ocr_par' dir='ltr' id='par_1_87' title="bbox 2257 2075 3932 2154">
     <span class='ocr_line' id='line_1_87' title="bbox 2257 2075 3932 2154; baseline -0.006 -16"><span class='ocrx_word' id='word_1_688' title='bbox 2257 2085 2599 2154; x_wconf 85' lang='grc' dir='ltr'>κηδεμονίαν,</span> <span class='ocrx_word' id='word_1_689' title='bbox 2632 2083 2698 2154; x_wconf 74' lang='grc' dir='ltr'>ην</span> <span class='ocrx_word' id='word_1_690' title='bbox 2734 2083 2858 2154; x_wconf 87' lang='grc' dir='ltr'>περί</span> <span class='ocrx_word' id='word_1_691' title='bbox 2888 2082 2985 2152; x_wconf 77' lang='grc' dir='ltr'>τὴν</span> <span class='ocrx_word' id='word_1_692' title='bbox 3015 2081 3174 2150; x_wconf 88' lang='grc' dir='ltr'>φύσιν</span> <span class='ocrx_word' id='word_1_693' title='bbox 3205 2079 3568 2134; x_wconf 87' lang='grc' dir='ltr'>ἐπιδείκνυται</span> <span class='ocrx_word' id='word_1_694' title='bbox 3602 2076 3698 2148; x_wconf 83' lang='grc' dir='ltr'>τὴν</span> <span class='ocrx_word' id='word_1_695' title='bbox 3726 2075 3932 2146; x_wconf 72' lang='grc' dir='ltr'>ἡμετέ-</span> 
     </span>
    </p>
   </div>
   <div class='ocr_carea' id='block_1_88' title="bbox 2260 2161 3928 2240">
    <p class='ocr_par' dir='ltr' id='par_1_88' title="bbox 2260 2161 3928 2240">
     <span class='ocr_line' id='line_1_88' title="bbox 2260 2161 3928 2240; baseline -0.006 -17"><span class='ocrx_word' id='word_1_696' title='bbox 2260 2187 2376 2240; x_wconf 91' lang='grc' dir='ltr'>ραν.</span> <span class='ocrx_word' id='word_1_697' title='bbox 2407 2170 2470 2221; x_wconf 88' lang='grc' dir='ltr'>Τί</span> <span class='ocrx_word' id='word_1_698' title='bbox 2511 2163 2603 2221; x_wconf 80' lang='grc' dir='ltr'>οῦν</span> <span class='ocrx_word' id='word_1_699' title='bbox 2641 2184 2805 2238; x_wconf 90' lang='grc' dir='ltr'>φησι;</span> <span class='ocrx_word' id='word_1_700' title='bbox 2832 2168 2939 2221; x_wconf 76' lang='grc' dir='ltr'>Καὶ</span> <span class='ocrx_word' id='word_1_701' title='bbox 2973 2164 3102 2222; x_wconf 78' lang='grc' dir='ltr'>εἷπε</span> <span class='ocrx_word' id='word_1_702' title='bbox 3130 2167 3343 2236; x_wconf 79' lang='grc' dir='ltr'>Κύριος</span> <span class='ocrx_word' id='word_1_703' title='bbox 3387 2169 3419 2220; x_wconf 86' lang='grc' dir='ltr'><em>ὀ</em></span> <span class='ocrx_word' id='word_1_704' title='bbox 3465 2165 3609 2230; x_wconf 86' lang='grc' dir='ltr'>Θεὸς</span> <span class='ocrx_word' id='word_1_705' title='bbox 3647 2161 3726 2228; x_wconf 80' lang='grc' dir='ltr'>τῷ</span> <span class='ocrx_word' id='word_1_706' title='bbox 3767 2162 3928 2230; x_wconf 64' lang='grc' dir='ltr'>δφει,</span> 
     </span>
    </p>
   </div>
   <div class='ocr_carea' id='block_1_89' title="bbox 2257 2250 3932 2322">
    <p class='ocr_par' dir='ltr' id='par_1_89' title="bbox 2257 2250 3932 2322">
     <span class='ocr_line' id='line_1_89' title="bbox 2257 2250 3932 2322; baseline -0.002 -16"><span class='ocrx_word' id='word_1_707' title='bbox 2257 2257 2374 2308; x_wconf 89' lang='grc' dir='ltr'>Ὅτι</span> <span class='ocrx_word' id='word_1_708' title='bbox 2398 2255 2686 2321; x_wconf 83' lang='grc' dir='ltr'>ἐποίησας</span> <span class='ocrx_word' id='word_1_709' title='bbox 2715 2253 2909 2319; x_wconf 86' lang='grc' dir='ltr'>τοῦτο,</span> <span class='ocrx_word' id='word_1_710' title='bbox 2942 2254 3362 2322; x_wconf 77' lang='grc' dir='ltr'>ἐπικατὰρατος</span> <span class='ocrx_word' id='word_1_711' title='bbox 3419 2251 3498 2305; x_wconf 87' lang='grc' dir='ltr'>σὺ</span> <span class='ocrx_word' id='word_1_712' title='bbox 3529 2250 3647 2305; x_wconf 80' lang='grc' dir='ltr'>ἀπὸ</span> <span class='ocrx_word' id='word_1_713' title='bbox 3678 2250 3932 2303; x_wconf 75' lang='grc' dir='ltr'>πάντων</span> 
     </span>
    </p>
   </div>
   <div class='ocr_carea' id='block_1_90' title="bbox 2254 2332 3923 2407">
    <p class='ocr_par' dir='ltr' id='par_1_90' title="bbox 2254 2332 3923 2407">
     <span class='ocr_line' id='line_1_90' title="bbox 2254 2332 3923 2407; baseline -0.003 -14"><span class='ocrx_word' id='word_1_714' title='bbox 2254 2339 2373 2394; x_wconf 88' lang='grc' dir='ltr'>τῶν</span> <span class='ocrx_word' id='word_1_715' title='bbox 2409 2338 2665 2407; x_wconf 84' lang='grc' dir='ltr'>κτηνῶν,</span> <span class='ocrx_word' id='word_1_716' title='bbox 2698 2332 2794 2394; x_wconf 83' lang='grc' dir='ltr'>καί</span> <span class='ocrx_word' id='word_1_717' title='bbox 2835 2339 2954 2394; x_wconf 79' lang='grc' dir='ltr'>ἀπὸ</span> <span class='ocrx_word' id='word_1_718' title='bbox 2978 2339 3218 2394; x_wconf 82' lang='grc' dir='ltr'>πάντων</span> <span class='ocrx_word' id='word_1_719' title='bbox 3257 2336 3377 2392; x_wconf 88' lang='grc' dir='ltr'>τῶν</span> <span class='ocrx_word' id='word_1_720' title='bbox 3395 2337 3612 2405; x_wconf 79' lang='grc' dir='ltr'>θηρίων</span> <span class='ocrx_word' id='word_1_721' title='bbox 3640 2333 3749 2404; x_wconf 83' lang='grc' dir='ltr'>τῆς</span> <span class='ocrx_word' id='word_1_722' title='bbox 3782 2332 3923 2404; x_wconf 83' lang='grc' dir='ltr'>τῆς.</span> 
     </span>
    </p>
   </div>
   <div class='ocr_carea' id='block_1_91' title="bbox 2266 2420 3930 2495">
    <p class='ocr_par' dir='ltr' id='par_1_91' title="bbox 2266 2420 3930 2495">
     <span class='ocr_line' id='line_1_91' title="bbox 2266 2420 3930 2495; baseline -0.003 -17"><span class='ocrx_word' id='word_1_723' title='bbox 2266 2427 2387 2480; x_wconf 80' lang='grc' dir='ltr'>Ἐπί</span> <span class='ocrx_word' id='word_1_724' title='bbox 2428 2425 2507 2491; x_wconf 84' lang='grc' dir='ltr'>τῷ</span> <span class='ocrx_word' id='word_1_725' title='bbox 2526 2426 2730 2492; x_wconf 72' lang='grc' dir='ltr'>στήθει</span> <span class='ocrx_word' id='word_1_726' title='bbox 2761 2427 2859 2480; x_wconf 81' lang='grc' dir='ltr'>καί</span> <span class='ocrx_word' id='word_1_727' title='bbox 2891 2425 2966 2495; x_wconf 74' lang='grc' dir='ltr'>τῇ</span> <span class='ocrx_word' id='word_1_728' title='bbox 2991 2427 3190 2493; x_wconf 73' lang='grc' dir='ltr'>κοιλίᾳ</span> <span class='ocrx_word' id='word_1_729' title='bbox 3214 2441 3331 2479; x_wconf 82' lang='grc' dir='ltr'>σου</span> <span class='ocrx_word' id='word_1_730' title='bbox 3355 2426 3646 2492; x_wconf 79' lang='grc' dir='ltr'>πορεύσῃ,</span> <span class='ocrx_word' id='word_1_731' title='bbox 3679 2421 3778 2477; x_wconf 84' lang='grc' dir='ltr'>καί</span> <span class='ocrx_word' id='word_1_732' title='bbox 3802 2420 3930 2490; x_wconf 74' lang='grc' dir='ltr'>γῆν</span> 
     </span>
    </p>
   </div>
   <div class='ocr_carea' id='block_1_92' title="bbox 2252 2509 3930 2582">
    <p class='ocr_par' dir='ltr' id='par_1_92' title="bbox 2252 2509 3930 2582">
     <span class='ocr_line' id='line_1_92' title="bbox 2252 2509 3930 2582; baseline -0.003 -16"><span class='ocrx_word' id='word_1_733' title='bbox 2252 2512 2411 2582; x_wconf 63' lang='grc' dir='ltr'>φάγῃ</span> <span class='ocrx_word' id='word_1_734' title='bbox 2448 2512 2649 2579; x_wconf 81' lang='grc' dir='ltr'>πάσας</span> <span class='ocrx_word' id='word_1_735' title='bbox 2681 2513 2785 2578; x_wconf 87' lang='grc' dir='ltr'>τὰς</span> <span class='ocrx_word' id='word_1_736' title='bbox 2814 2513 3036 2582; x_wconf 70' lang='grc' dir='ltr'>ἡμέρας</span> <span class='ocrx_word' id='word_1_737' title='bbox 3061 2513 3171 2580; x_wconf 83' lang='grc' dir='ltr'>τῆς</span> <span class='ocrx_word' id='word_1_738' title='bbox 3197 2511 3345 2579; x_wconf 83' lang='grc' dir='ltr'>ζωῆς</span> <span class='ocrx_word' id='word_1_739' title='bbox 3384 2527 3517 2564; x_wconf 82' lang='grc' dir='ltr'>σου.</span> <span class='ocrx_word' id='word_1_740' title='bbox 3560 2510 3666 2564; x_wconf 73' lang='grc' dir='ltr'>Καὶ</span> <span class='ocrx_word' id='word_1_741' title='bbox 3697 2509 3930 2578; x_wconf 76' lang='grc' dir='ltr'>ἔχθραν</span> 
     </span>
    </p>
   </div>
   <div class='ocr_carea' id='block_1_93' title="bbox 2252 2596 3922 2669">
    <p class='ocr_par' dir='ltr' id='par_1_93' title="bbox 2252 2596 3922 2669">
     <span class='ocr_line' id='line_1_93' title="bbox 2252 2596 3922 2669; baseline -0.002 -17"><span class='ocrx_word' id='word_1_742' title='bbox 2252 2600 2419 2668; x_wconf 79' lang='grc' dir='ltr'>θήσω</span> <span class='ocrx_word' id='word_1_743' title='bbox 2454 2600 2570 2654; x_wconf 81' lang='grc' dir='ltr'>ἀνὰ</span> <span class='ocrx_word' id='word_1_744' title='bbox 2594 2600 2790 2669; x_wconf 85' lang='grc' dir='ltr'>μέσον</span> <span class='ocrx_word' id='word_1_745' title='bbox 2820 2599 2936 2654; x_wconf 80' lang='grc' dir='ltr'>σοῦ</span> <span class='ocrx_word' id='word_1_746' title='bbox 2968 2599 3066 2652; x_wconf 83' lang='grc' dir='ltr'>καί</span> <span class='ocrx_word' id='word_1_747' title='bbox 3102 2600 3217 2653; x_wconf 81' lang='grc' dir='ltr'>ἀνὰ</span> <span class='ocrx_word' id='word_1_748' title='bbox 3232 2598 3428 2667; x_wconf 83' lang='grc' dir='ltr'>μέσον</span> <span class='ocrx_word' id='word_1_749' title='bbox 3464 2596 3574 2664; x_wconf 86' lang='grc' dir='ltr'>τῆς</span> <span class='ocrx_word' id='word_1_750' title='bbox 3613 2596 3922 2666; x_wconf 74' lang='grc' dir='ltr'>γυναικὸς,</span> 
     </span>
    </p>
   </div>
   <div class='ocr_carea' id='block_1_94' title="bbox 2252 2681 3928 2755">
    <p class='ocr_par' dir='ltr' id='par_1_94' title="bbox 2252 2681 3928 2755">
     <span class='ocr_line' id='line_1_94' title="bbox 2252 2681 3928 2755; baseline -0.003 -16"><span class='ocrx_word' id='word_1_751' title='bbox 2252 2685 2350 2739; x_wconf 83' lang='grc' dir='ltr'>καί</span> <span class='ocrx_word' id='word_1_752' title='bbox 2381 2686 2496 2740; x_wconf 78' lang='grc' dir='ltr'>ἀνὰ</span> <span class='ocrx_word' id='word_1_753' title='bbox 2520 2686 2712 2755; x_wconf 83' lang='grc' dir='ltr'>μέσον</span> <span class='ocrx_word' id='word_1_754' title='bbox 2745 2686 2851 2739; x_wconf 90' lang='grc' dir='ltr'>τοῦ</span> <span class='ocrx_word' id='word_1_755' title='bbox 2886 2686 3227 2754; x_wconf 81' lang='grc' dir='ltr'>σπέρματός</span> <span class='ocrx_word' id='word_1_756' title='bbox 3265 2701 3382 2738; x_wconf 89' lang='grc' dir='ltr'>σου</span> <span class='ocrx_word' id='word_1_757' title='bbox 3433 2682 3532 2736; x_wconf 82' lang='grc' dir='ltr'>καί</span> <span class='ocrx_word' id='word_1_758' title='bbox 3566 2683 3684 2736; x_wconf 79' lang='grc' dir='ltr'>ἀνά</span> <span class='ocrx_word' id='word_1_759' title='bbox 3723 2681 3928 2751; x_wconf 76' lang='grc' dir='ltr'>μέσον</span> 
     </span>
    </p>
   </div>
   <div class='ocr_carea' id='block_1_95' title="bbox 2250 2767 3922 2840">
    <p class='ocr_par' dir='ltr' id='par_1_95' title="bbox 2250 2767 3922 2840">
     <span class='ocr_line' id='line_1_95' title="bbox 2250 2767 3922 2840; baseline -0.002 -16"><span class='ocrx_word' id='word_1_760' title='bbox 2250 2771 2356 2825; x_wconf 88' lang='grc' dir='ltr'>τοῦ</span> <span class='ocrx_word' id='word_1_761' title='bbox 2383 2770 2721 2840; x_wconf 83' lang='grc' dir='ltr'>σπέρματος</span> <span class='ocrx_word' id='word_1_762' title='bbox 2753 2770 2962 2839; x_wconf 77' lang='grc' dir='ltr'>αὐτῆς.</span> <span class='ocrx_word' id='word_1_763' title='bbox 2991 2771 3183 2836; x_wconf 83' lang='grc' dir='ltr'>Αὐτός</span> <span class='ocrx_word' id='word_1_764' title='bbox 3202 2788 3316 2826; x_wconf 87' lang='grc' dir='ltr'>σου</span> <span class='ocrx_word' id='word_1_765' title='bbox 3346 2769 3591 2839; x_wconf 79' lang='grc' dir='ltr'>τηρήσει</span> <span class='ocrx_word' id='word_1_766' title='bbox 3617 2767 3922 2838; x_wconf 61' lang='grc' dir='ltr'>κεφαλὴν,</span> 
     </span>
    </p>
   </div>
   <div class='ocr_carea' id='block_1_96' title="bbox 2251 2856 3685 2930">
    <p class='ocr_par' dir='ltr' id='par_1_96' title="bbox 2251 2856 3685 2930">
     <span class='ocr_line' id='line_1_96' title="bbox 2251 2856 3685 2930; baseline -0.001 -19"><span class='ocrx_word' id='word_1_767' title='bbox 2251 2859 2345 2911; x_wconf 80' lang='grc' dir='ltr'>καί</span> <span class='ocrx_word' id='word_1_768' title='bbox 2381 2859 2461 2911; x_wconf 87' lang='grc' dir='ltr'>σὺ</span> <span class='ocrx_word' id='word_1_769' title='bbox 2489 2859 2768 2926; x_wconf 81' lang='grc' dir='ltr'>τηρήσεις</span> <span class='ocrx_word' id='word_1_770' title='bbox 2795 2858 2980 2912; x_wconf 82' lang='grc' dir='ltr'>αὑτοῦ</span> <span class='ocrx_word' id='word_1_771' title='bbox 3011 2856 3290 2924; x_wconf 76' lang='grc' dir='ltr'>πτέρναν.</span> <span class='ocrx_word' id='word_1_772' title='bbox 3681 2927 3685 2930; x_wconf 92' lang='lat'><em>_</em></span> 
     </span>
    </p>
   </div>
   <div class='ocr_carea' id='block_1_97' title="bbox 2321 2943 3924 3016">
    <p class='ocr_par' dir='ltr' id='par_1_97' title="bbox 2321 2943 3924 3016">
     <span class='ocr_line' id='line_1_97' title="bbox 2321 2943 3924 3016; baseline -0.003 -17"><span class='ocrx_word' id='word_1_773' title='bbox 2321 2945 2383 3010; x_wconf 81' lang='grc' dir='ltr'>ζ’.</span> <span class='ocrx_word' id='word_1_774' title='bbox 2412 2945 2636 3016; x_wconf 81' lang='grc' dir='ltr'>Μεγάλη</span> <span class='ocrx_word' id='word_1_775' title='bbox 2660 2946 2752 2999; x_wconf 73' lang='grc' dir='ltr'>καὶ</span> <span class='ocrx_word' id='word_1_776' title='bbox 2775 2943 3029 3015; x_wconf 77' lang='grc' dir='ltr'>σφοδρὰὴ</span> <span class='ocrx_word' id='word_1_777' title='bbox 3058 2945 3451 3014; x_wconf 89' lang='grc' dir='ltr'>ἀγανάκτησις,</span> <span class='ocrx_word' id='word_1_778' title='bbox 3481 2943 3668 3014; x_wconf 82' lang='grc' dir='ltr'>ἐπειδὴ</span> <span class='ocrx_word' id='word_1_779' title='bbox 3694 2943 3789 2996; x_wconf 78' lang='grc' dir='ltr'>καὶ</span> <span class='ocrx_word' id='word_1_780' title='bbox 3817 2957 3924 3011; x_wconf 77' lang='grc' dir='ltr'>με-</span> 
     </span>
    </p>
   </div>
   <div class='ocr_carea' id='block_1_98' title="bbox 2249 3029 3925 3104">
    <p class='ocr_par' dir='ltr' id='par_1_98' title="bbox 2249 3029 3925 3104">
     <span class='ocr_line' id='line_1_98' title="bbox 2249 3029 3925 3104; baseline -0.001 -18"><span class='ocrx_word' id='word_1_781' title='bbox 2249 3032 2386 3103; x_wconf 86' lang='grc' dir='ltr'>γάλη</span> <span class='ocrx_word' id='word_1_782' title='bbox 2413 3033 2510 3103; x_wconf 86' lang='grc' dir='ltr'>τῆς</span> <span class='ocrx_word' id='word_1_783' title='bbox 2543 3033 2756 3104; x_wconf 88' lang='grc' dir='ltr'>ἀπάτης</span> <span class='ocrx_word' id='word_1_784' title='bbox 2783 3033 2816 3103; x_wconf 84' lang='grc' dir='ltr'>ή</span> <span class='ocrx_word' id='word_1_785' title='bbox 2845 3031 3138 3102; x_wconf 83' lang='grc' dir='ltr'>ὑπερϐολὴ,</span> <span class='ocrx_word' id='word_1_786' title='bbox 3171 3031 3239 3100; x_wconf 76' lang='grc' dir='ltr'>ἢν</span> <span class='ocrx_word' id='word_1_787' title='bbox 3268 3031 3333 3083; x_wconf 85' lang='grc' dir='ltr'>δι’</span> <span class='ocrx_word' id='word_1_788' title='bbox 3359 3029 3523 3083; x_wconf 90' lang='grc' dir='ltr'>αὐτοῦ</span> <span class='ocrx_word' id='word_1_789' title='bbox 3562 3030 3925 3100; x_wconf 75' lang='grc' dir='ltr'>προσήγαγεν</span> 
     </span>
    </p>
   </div>
   <div class='ocr_carea' id='block_1_99' title="bbox 2248 3114 3919 3189">
    <p class='ocr_par' dir='ltr' id='par_1_99' title="bbox 2248 3114 3919 3189">
     <span class='ocr_line' id='line_1_99' title="bbox 2248 3114 3919 3189; baseline -0.002 -18"><span class='ocrx_word' id='word_1_790' title='bbox 2248 3120 2276 3171; x_wconf 91' lang='lat'>6</span> <span class='ocrx_word' id='word_1_791' title='bbox 2308 3117 2540 3189; x_wconf 82' lang='grc' dir='ltr'>πονηρὸς</span> <span class='ocrx_word' id='word_1_792' title='bbox 2571 3117 2832 3182; x_wconf 87' lang='grc' dir='ltr'>διάϐολος.</span> <span class='ocrx_word' id='word_1_793' title='bbox 2865 3116 2975 3170; x_wconf 85' lang='grc' dir='ltr'>Καί</span> <span class='ocrx_word' id='word_1_794' title='bbox 3003 3117 3131 3171; x_wconf 79' lang='grc' dir='ltr'>εἷπε</span> <span class='ocrx_word' id='word_1_795' title='bbox 3155 3117 3372 3184; x_wconf 64' lang='grc' dir='ltr'>Κύριος</span> <span class='ocrx_word' id='word_1_796' title='bbox 3400 3119 3433 3170; x_wconf 85' lang='grc' dir='ltr'><em>δ</em></span> <span class='ocrx_word' id='word_1_797' title='bbox 3471 3115 3616 3182; x_wconf 83' lang='grc' dir='ltr'>Θεὸς</span> <span class='ocrx_word' id='word_1_798' title='bbox 3645 3114 3726 3180; x_wconf 80' lang='grc' dir='ltr'>τῷ</span> <span class='ocrx_word' id='word_1_799' title='bbox 3759 3115 3919 3184; x_wconf 69' lang='grc' dir='ltr'>δέρει,</span> 
     </span>
    </p>
   </div>
   <div class='ocr_carea' id='block_1_100' title="bbox 2253 3202 3923 3276">
    <p class='ocr_par' dir='ltr' id='par_1_100' title="bbox 2253 3202 3923 3276">
     <span class='ocr_line' id='line_1_100' title="bbox 2253 3202 3923 3276; baseline -0.002 -18"><span class='ocrx_word' id='word_1_800' title='bbox 2253 3206 2370 3258; x_wconf 81' lang='grc' dir='ltr'>ὀτι</span> <span class='ocrx_word' id='word_1_801' title='bbox 2402 3205 2692 3273; x_wconf 75' lang='grc' dir='ltr'>ἐποίησας</span> <span class='ocrx_word' id='word_1_802' title='bbox 2729 3205 2926 3258; x_wconf 90' lang='grc' dir='ltr'>τοῦτο.</span> <span class='ocrx_word' id='word_1_803' title='bbox 2945 3204 3184 3276; x_wconf 80' lang='grc' dir='ltr'>Ἐπειδὴ,</span> <span class='ocrx_word' id='word_1_804' title='bbox 3214 3204 3368 3274; x_wconf 76' lang='grc' dir='ltr'>φησί,</span> <span class='ocrx_word' id='word_1_805' title='bbox 3392 3202 3616 3276; x_wconf 76' lang='grc' dir='ltr'>τοιαύτῃ</span> <span class='ocrx_word' id='word_1_806' title='bbox 3642 3204 3923 3273; x_wconf 67' lang='grc' dir='ltr'>ὑπηρετήυ</span> 
     </span>
    </p>
   </div>
   <div class='ocr_carea' id='block_1_101' title="bbox 2253 3287 3919 3362">
    <p class='ocr_par' dir='ltr' id='par_1_101' title="bbox 2253 3287 3919 3362">
     <span class='ocr_line' id='line_1_101' title="bbox 2253 3287 3919 3362; baseline -0.001 -19"><span class='ocrx_word' id='word_1_807' title='bbox 2253 3307 2328 3344; x_wconf 91' lang='grc' dir='ltr'>σω</span> <span class='ocrx_word' id='word_1_808' title='bbox 2364 3291 2684 3362; x_wconf 69' lang='grc' dir='ltr'>πανουργίᾳ,</span> <span class='ocrx_word' id='word_1_809' title='bbox 2717 3291 2809 3344; x_wconf 72' lang='grc' dir='ltr'>καὶ</span> <span class='ocrx_word' id='word_1_810' title='bbox 2853 3290 2994 3344; x_wconf 79' lang='grc' dir='ltr'>οὑτω</span> <span class='ocrx_word' id='word_1_811' title='bbox 3026 3289 3124 3362; x_wconf 82' lang='grc' dir='ltr'>τὴν</span> <span class='ocrx_word' id='word_1_812' title='bbox 3147 3290 3362 3360; x_wconf 81' lang='grc' dir='ltr'>ἀπάτην</span> <span class='ocrx_word' id='word_1_813' title='bbox 3396 3290 3474 3352; x_wconf 89' lang='grc' dir='ltr'>εἰς</span> <span class='ocrx_word' id='word_1_814' title='bbox 3495 3287 3657 3359; x_wconf 68' lang='grc' dir='ltr'>ἔργον</span> <span class='ocrx_word' id='word_1_815' title='bbox 3686 3289 3919 3358; x_wconf 72' lang='grc' dir='ltr'>ἧγαγες,</span> 
     </span>
    </p>
   </div>
   <div class='ocr_carea' id='block_1_102' title="bbox 2250 3375 3920 3448">
    <p class='ocr_par' dir='ltr' id='par_1_102' title="bbox 2250 3375 3920 3448">
     <span class='ocr_line' id='line_1_102' title="bbox 2250 3375 3920 3448; baseline -0.001 -18"><span class='ocrx_word' id='word_1_816' title='bbox 2250 3377 2496 3448; x_wconf 85' lang='grc' dir='ltr'>ὀλεθρίαν</span> <span class='ocrx_word' id='word_1_817' title='bbox 2533 3378 2838 3448; x_wconf 81' lang='grc' dir='ltr'>συμϐουλὴν</span> <span class='ocrx_word' id='word_1_818' title='bbox 2874 3377 3206 3446; x_wconf 85' lang='grc' dir='ltr'>εἰσαγαγὼν,</span> <span class='ocrx_word' id='word_1_819' title='bbox 3237 3376 3414 3430; x_wconf 75' lang='grc' dir='ltr'>καὶτὸ</span> <span class='ocrx_word' id='word_1_820' title='bbox 3453 3375 3778 3447; x_wconf 74' lang='grc' dir='ltr'>δηλητήριον</span> <span class='ocrx_word' id='word_1_821' title='bbox 3812 3375 3920 3429; x_wconf 66' lang='grc' dir='ltr'>αὐτ</span> 
     </span>
    </p>
   </div>
   <div class='ocr_carea' id='block_1_103' title="bbox 2251 3461 3921 3536">
    <p class='ocr_par' dir='ltr' id='par_1_103' title="bbox 2251 3461 3921 3536">
     <span class='ocr_line' id='line_1_103' title="bbox 2251 3461 3921 3536; baseline 0 -21"><span class='ocrx_word' id='word_1_822' title='bbox 2251 3467 2361 3527; x_wconf 90' lang='grc' dir='ltr'>τοῖς</span> <span class='ocrx_word' id='word_1_823' title='bbox 2399 3464 2685 3533; x_wconf 85' lang='grc' dir='ltr'>φάρμακον</span> <span class='ocrx_word' id='word_1_824' title='bbox 2713 3465 2968 3535; x_wconf 88' lang='grc' dir='ltr'>κεράσας·</span> <span class='ocrx_word' id='word_1_825' title='bbox 2998 3463 3182 3536; x_wconf 80' lang='grc' dir='ltr'>ἐπειδὴ</span> <span class='ocrx_word' id='word_1_826' title='bbox 3213 3461 3376 3516; x_wconf 86' lang='grc' dir='ltr'>τοῦτο</span> <span class='ocrx_word' id='word_1_827' title='bbox 3399 3463 3657 3535; x_wconf 86' lang='grc' dir='ltr'>εἰργάσω,</span> <span class='ocrx_word' id='word_1_828' title='bbox 3695 3463 3788 3515; x_wconf 85' lang='grc' dir='ltr'>καὶ</span> <span class='ocrx_word' id='word_1_829' title='bbox 3818 3462 3921 3535; x_wconf 79' lang='grc' dir='ltr'>τῆς</span> 
     </span>
    </p>
   </div>
   <div class='ocr_carea' id='block_1_104' title="bbox 2251 3548 3919 3621">
    <p class='ocr_par' dir='ltr' id='par_1_104' title="bbox 2251 3548 3919 3621">
     <span class='ocr_line' id='line_1_104' title="bbox 2251 3548 3919 3621; baseline 0 -19"><span class='ocrx_word' id='word_1_830' title='bbox 2251 3552 2275 3602; x_wconf 93' lang='grc' dir='ltr'>ἐ</span> <span class='ocrx_word' id='word_1_831' title='bbox 2284 3550 2390 3620; x_wconf 77' lang='grc' dir='ltr'>μῆς</span> <span class='ocrx_word' id='word_1_832' title='bbox 2416 3550 2624 3612; x_wconf 89' lang='grc' dir='ltr'>εὐνοίας</span> <span class='ocrx_word' id='word_1_833' title='bbox 2649 3549 2896 3604; x_wconf 88' lang='grc' dir='ltr'>ἐκϐαλεῖν</span> <span class='ocrx_word' id='word_1_834' title='bbox 2924 3550 3225 3621; x_wconf 71' lang='grc' dir='ltr'>ἠϐουλήθης</span> <span class='ocrx_word' id='word_1_835' title='bbox 3247 3550 3372 3614; x_wconf 84' lang='grc' dir='ltr'>τούς</span> <span class='ocrx_word' id='word_1_836' title='bbox 3394 3550 3483 3603; x_wconf 80' lang='grc' dir='ltr'>ὐπ’</span> <span class='ocrx_word' id='word_1_837' title='bbox 3503 3548 3638 3620; x_wconf 86' lang='grc' dir='ltr'>ἐμοῦ</span> <span class='ocrx_word' id='word_1_838' title='bbox 3664 3549 3919 3621; x_wconf 83' lang='grc' dir='ltr'>δημιουρ-</span> 
     </span>
    </p>
   </div>
   <div class='ocr_carea' id='block_1_105' title="bbox 2250 3636 3921 3708">
    <p class='ocr_par' dir='ltr' id='par_1_105' title="bbox 2250 3636 3921 3708">
     <span class='ocr_line' id='line_1_105' title="bbox 2250 3636 3921 3708; baseline -0.001 -18"><span class='ocrx_word' id='word_1_839' title='bbox 2250 3638 2536 3706; x_wconf 88' lang='grc' dir='ltr'>γηθέντας,</span> <span class='ocrx_word' id='word_1_840' title='bbox 2588 3639 3066 3707; x_wconf 82' lang='grc' dir='ltr'>ὑπηρετησάμενος</span> <span class='ocrx_word' id='word_1_841' title='bbox 3122 3641 3188 3708; x_wconf 79' lang='grc' dir='ltr'>τῇ</span> <span class='ocrx_word' id='word_1_842' title='bbox 3240 3636 3333 3690; x_wconf 90' lang='grc' dir='ltr'>τοῦ</span> <span class='ocrx_word' id='word_1_843' title='bbox 3378 3637 3616 3708; x_wconf 87' lang='grc' dir='ltr'>πονηροῦ</span> <span class='ocrx_word' id='word_1_844' title='bbox 3663 3637 3921 3708; x_wconf 86' lang='grc' dir='ltr'>δαίμονος</span> 
     </span>
    </p>
   </div>
   <div class='ocr_carea' id='block_1_106' title="bbox 2250 3722 3918 3796">
    <p class='ocr_par' dir='ltr' id='par_1_106' title="bbox 2250 3722 3918 3796">
     <span class='ocr_line' id='line_1_106' title="bbox 2250 3722 3918 3796; baseline -0.001 -19"><span class='ocrx_word' id='word_1_845' title='bbox 2250 3722 2460 3794; x_wconf 81' lang='grc' dir='ltr'>γνώμη,</span> <span class='ocrx_word' id='word_1_846' title='bbox 2503 3723 2594 3777; x_wconf 88' lang='grc' dir='ltr'>τοῦ</span> <span class='ocrx_word' id='word_1_847' title='bbox 2629 3723 2714 3777; x_wconf 79' lang='grc' dir='ltr'>διά</span> <span class='ocrx_word' id='word_1_848' title='bbox 2753 3725 2852 3796; x_wconf 79' lang='grc' dir='ltr'>τὴν</span> <span class='ocrx_word' id='word_1_849' title='bbox 2898 3723 3192 3794; x_wconf 84' lang='grc' dir='ltr'>βασκανίαν</span> <span class='ocrx_word' id='word_1_850' title='bbox 3223 3724 3316 3777; x_wconf 75' lang='grc' dir='ltr'>καὶ</span> <span class='ocrx_word' id='word_1_851' title='bbox 3345 3722 3444 3794; x_wconf 76' lang='grc' dir='ltr'>τὴν</span> <span class='ocrx_word' id='word_1_852' title='bbox 3474 3723 3918 3794; x_wconf 83' lang='grc' dir='ltr'>ὑπερϐάλλουσαν</span> 
     </span>
    </p>
   </div>
   <div class='ocr_carea' id='block_1_107' title="bbox 2250 3811 3914 3884">
    <p class='ocr_par' dir='ltr' id='par_1_107' title="bbox 2250 3811 3914 3884">
     <span class='ocr_line' id='line_1_107' title="bbox 2250 3811 3914 3884; baseline -0.001 -19"><span class='ocrx_word' id='word_1_853' title='bbox 2250 3812 2624 3883; x_wconf 86' lang='grc' dir='ltr'>ὑπερηφανίαν</span> <span class='ocrx_word' id='word_1_854' title='bbox 2648 3815 2710 3865; x_wconf 90' lang='grc' dir='ltr'>ἐκ</span> <span class='ocrx_word' id='word_1_855' title='bbox 2733 3812 2842 3865; x_wconf 91' lang='grc' dir='ltr'>τῶν</span> <span class='ocrx_word' id='word_1_856' title='bbox 2861 3812 3105 3884; x_wconf 88' lang='grc' dir='ltr'>οὐρανῶν</span> <span class='ocrx_word' id='word_1_857' title='bbox 3134 3813 3214 3876; x_wconf 89' lang='grc' dir='ltr'>εἰς</span> <span class='ocrx_word' id='word_1_858' title='bbox 3235 3811 3332 3882; x_wconf 85' lang='grc' dir='ltr'>τὴν</span> <span class='ocrx_word' id='word_1_859' title='bbox 3355 3812 3458 3882; x_wconf 83' lang='grc' dir='ltr'>γῆν</span> <span class='ocrx_word' id='word_1_860' title='bbox 3480 3811 3914 3882; x_wconf 81' lang='grc' dir='ltr'>κατενεχθέντος·</span> 
     </span>
    </p>
   </div>
   <div class='ocr_carea' id='block_1_108' title="bbox 2247 3896 3919 3969">
    <p class='ocr_par' dir='ltr' id='par_1_108' title="bbox 2247 3896 3919 3969">
     <span class='ocr_line' id='line_1_108' title="bbox 2247 3896 3919 3969; baseline 0.001 -19"><span class='ocrx_word' id='word_1_861' title='bbox 2247 3897 2334 3950; x_wconf 88' lang='grc' dir='ltr'>διά</span> <span class='ocrx_word' id='word_1_862' title='bbox 2380 3898 2556 3960; x_wconf 90' lang='grc' dir='ltr'>τοῦτο,</span> <span class='ocrx_word' id='word_1_863' title='bbox 2617 3896 2805 3969; x_wconf 77' lang='grc' dir='ltr'>ἐπειδὴ</span> <span class='ocrx_word' id='word_1_864' title='bbox 2859 3898 2915 3950; x_wconf 81' lang='grc' dir='ltr'>ἐν</span> <span class='ocrx_word' id='word_1_865' title='bbox 2963 3898 3172 3962; x_wconf 88' lang='grc' dir='ltr'>τούτοις</span> <span class='ocrx_word' id='word_1_866' title='bbox 3214 3898 3430 3968; x_wconf 80' lang='grc' dir='ltr'>ὀργάνῳ</span> <span class='ocrx_word' id='word_1_867' title='bbox 3484 3897 3569 3950; x_wconf 77' lang='grc' dir='ltr'>σοὶ</span> <span class='ocrx_word' id='word_1_868' title='bbox 3621 3899 3919 3969; x_wconf 68' lang='grc' dir='ltr'>ἐχρήσατο,</span> 
     </span>
    </p>
   </div>
   <div class='ocr_carea' id='block_1_109' title="bbox 2247 3982 3922 4054">
    <p class='ocr_par' dir='ltr' id='par_1_109' title="bbox 2247 3982 3922 4054">
     <span class='ocr_line' id='line_1_109' title="bbox 2247 3982 3922 4054; baseline 0 -18"><span class='ocrx_word' id='word_1_869' title='bbox 2247 3983 2465 4054; x_wconf 85' lang='grc' dir='ltr'>διηνεκῆ</span> <span class='ocrx_word' id='word_1_870' title='bbox 2498 4000 2580 4036; x_wconf 91' lang='grc' dir='ltr'>σοι</span> <span class='ocrx_word' id='word_1_871' title='bbox 2609 3983 2706 4054; x_wconf 80' lang='grc' dir='ltr'>τὴν</span> <span class='ocrx_word' id='word_1_872' title='bbox 2737 3983 3004 4054; x_wconf 88' lang='grc' dir='ltr'>τιμωρίαν</span> <span class='ocrx_word' id='word_1_873' title='bbox 3035 3983 3338 4053; x_wconf 81' lang='grc' dir='ltr'>ἐπιτίθημι,</span> <span class='ocrx_word' id='word_1_874' title='bbox 3377 3985 3462 4038; x_wconf 91' lang='grc' dir='ltr'>ῖνα</span> <span class='ocrx_word' id='word_1_875' title='bbox 3491 3983 3579 4036; x_wconf 82' lang='grc' dir='ltr'>διὰ</span> <span class='ocrx_word' id='word_1_876' title='bbox 3603 3983 3712 4036; x_wconf 86' lang='grc' dir='ltr'>τῶν</span> <span class='ocrx_word' id='word_1_877' title='bbox 3745 3984 3823 4046; x_wconf 86' lang='grc' dir='ltr'>είς</span> <span class='ocrx_word' id='word_1_878' title='bbox 3858 3982 3922 4036; x_wconf 73' lang='grc' dir='ltr'>σέ</span> 
     </span>
    </p>
   </div>
   <div class='ocr_carea' id='block_1_110' title="bbox 2248 4069 3920 4141">
    <p class='ocr_par' dir='ltr' id='par_1_110' title="bbox 2248 4069 3920 4141">
     <span class='ocr_line' id='line_1_110' title="bbox 2248 4069 3920 4141; baseline 0.001 -21"><span class='ocrx_word' id='word_1_879' title='bbox 2248 4069 2554 4138; x_wconf 86' lang='grc' dir='ltr'>γενομένων</span> <span class='ocrx_word' id='word_1_880' title='bbox 2601 4069 2628 4110; x_wconf 72' lang='grc' dir='ltr'>ι)</span> <span class='ocrx_word' id='word_1_881' title='bbox 2670 4069 2919 4132; x_wconf 86' lang='grc' dir='ltr'>κάκεῖνος</span> <span class='ocrx_word' id='word_1_882' title='bbox 2973 4070 3174 4123; x_wconf 81' lang='grc' dir='ltr'>εἰδέναι</span> <span class='ocrx_word' id='word_1_883' title='bbox 3206 4069 3306 4141; x_wconf 76' lang='grc' dir='ltr'>ἔχῃ</span> <span class='ocrx_word' id='word_1_884' title='bbox 3342 4070 3428 4122; x_wconf 82' lang='grc' dir='ltr'>οἶα</span> <span class='ocrx_word' id='word_1_885' title='bbox 3467 4069 3710 4139; x_wconf 82' lang='grc' dir='ltr'>τιμωρία</span> <span class='ocrx_word' id='word_1_886' title='bbox 3749 4069 3920 4122; x_wconf 81' lang='grc' dir='ltr'>αὐτὸν</span> 
     </span>
    </p>
   </div>
   <div class='ocr_carea' id='block_1_111' title="bbox 2249 4155 3914 4229">
    <p class='ocr_par' dir='ltr' id='par_1_111' title="bbox 2249 4155 3914 4229">
     <span class='ocr_line' id='line_1_111' title="bbox 2249 4155 3914 4229; baseline 0.004 -21"><span class='ocrx_word' id='word_1_887' title='bbox 2249 4155 2546 4225; x_wconf 84' lang='grc' dir='ltr'>ἐκδέχεται,</span> <span class='ocrx_word' id='word_1_888' title='bbox 2595 4155 2749 4229; x_wconf 69' lang='lat' dir='ltr'>[I63]</span> <span class='ocrx_word' id='word_1_889' title='bbox 2797 4157 2892 4210; x_wconf 72' lang='grc' dir='ltr'>καὶ</span> <span class='ocrx_word' id='word_1_890' title='bbox 2937 4159 2987 4210; x_wconf 90' lang='grc' dir='ltr'>οί</span> <span class='ocrx_word' id='word_1_891' title='bbox 3033 4157 3158 4227; x_wconf 69' lang='grc' dir='ltr'>ἑξῆς</span> <span class='ocrx_word' id='word_1_892' title='bbox 3209 4157 3486 4228; x_wconf 78' lang='grc' dir='ltr'>ἄνθρωποι</span> <span class='ocrx_word' id='word_1_893' title='bbox 3528 4157 3914 4215; x_wconf 86' lang='grc' dir='ltr'>παιδεύωνται.</span> 
     </span>
    </p>
   </div>
   <div class='ocr_carea' id='block_1_112' title="bbox 2251 4240 3918 4314">
    <p class='ocr_par' dir='ltr' id='par_1_112' title="bbox 2251 4240 3918 4314">
     <span class='ocr_line' id='line_1_112' title="bbox 2251 4240 3918 4314; baseline 0 -22"><span class='ocrx_word' id='word_1_894' title='bbox 2251 4240 2448 4310; x_wconf 85' lang='grc' dir='ltr'>μηκέτι</span> <span class='ocrx_word' id='word_1_895' title='bbox 2496 4240 2797 4309; x_wconf 85' lang='grc' dir='ltr'>ὑπάγεσθαι</span> <span class='ocrx_word' id='word_1_896' title='bbox 2854 4243 2976 4306; x_wconf 88' lang='grc' dir='ltr'>ταῖς</span> <span class='ocrx_word' id='word_1_897' title='bbox 3021 4241 3210 4295; x_wconf 88' lang='grc' dir='ltr'>τούτου</span> <span class='ocrx_word' id='word_1_898' title='bbox 3253 4241 3604 4313; x_wconf 85' lang='grc' dir='ltr'>συμϐουλαῖς,</span> <span class='ocrx_word' id='word_1_899' title='bbox 3635 4242 3769 4313; x_wconf 81' lang='grc' dir='ltr'>μηδὲ</span> <span class='ocrx_word' id='word_1_900' title='bbox 3816 4241 3918 4314; x_wconf 67' lang='grc' dir='ltr'>τὴν</span> 
     </span>
    </p>
   </div>
   <div class='ocr_carea' id='block_1_113' title="bbox 2247 4325 3918 4398">
    <p class='ocr_par' dir='ltr' id='par_1_113' title="bbox 2247 4325 3918 4398">
     <span class='ocr_line' id='line_1_113' title="bbox 2247 4325 3918 4398; baseline 0.002 -19"><span class='ocrx_word' id='word_1_901' title='bbox 2247 4327 2462 4394; x_wconf 86' lang='grc' dir='ltr'>ἀπάτην</span> <span class='ocrx_word' id='word_1_902' title='bbox 2495 4325 2832 4394; x_wconf 85' lang='grc' dir='ltr'>προσίεσθαι,</span> <span class='ocrx_word' id='word_1_903' title='bbox 2866 4327 2952 4379; x_wconf 79' lang='grc' dir='ltr'>ἵνα</span> <span class='ocrx_word' id='word_1_904' title='bbox 2983 4327 3056 4398; x_wconf 84' lang='grc' dir='ltr'>μὴ</span> <span class='ocrx_word' id='word_1_905' title='bbox 3086 4329 3197 4391; x_wconf 92' lang='grc' dir='ltr'>τοῖς</span> <span class='ocrx_word' id='word_1_906' title='bbox 3228 4329 3410 4392; x_wconf 90' lang='grc' dir='ltr'>αὐτοῖς</span> <span class='ocrx_word' id='word_1_907' title='bbox 3432 4328 3793 4398; x_wconf 86' lang='grc' dir='ltr'>περιπέσωσι.</span> <span class='ocrx_word' id='word_1_908' title='bbox 3815 4329 3918 4382; x_wconf 83' lang='grc' dir='ltr'>Διά</span> 
     </span>
    </p>
   </div>
   <div class='ocr_carea' id='block_1_114' title="bbox 2245 4409 3915 4485">
    <p class='ocr_par' dir='ltr' id='par_1_114' title="bbox 2245 4409 3915 4485">
     <span class='ocr_line' id='line_1_114' title="bbox 2245 4409 3915 4485; baseline 0.002 -21"><span class='ocrx_word' id='word_1_909' title='bbox 2245 4409 2400 4465; x_wconf 89' lang='grc' dir='ltr'>τοῦτο</span> <span class='ocrx_word' id='word_1_910' title='bbox 2429 4414 2827 4481; x_wconf 80' lang='grc' dir='ltr'>ἐπικατάρατος</span> <span class='ocrx_word' id='word_1_911' title='bbox 2864 4415 2926 4467; x_wconf 88' lang='grc' dir='ltr'>σύ</span> <span class='ocrx_word' id='word_1_912' title='bbox 2957 4415 3066 4467; x_wconf 81' lang='grc' dir='ltr'>ἀπὸ</span> <span class='ocrx_word' id='word_1_913' title='bbox 3091 4416 3304 4468; x_wconf 89' lang='grc' dir='ltr'>πάντων</span> <span class='ocrx_word' id='word_1_914' title='bbox 3334 4415 3441 4468; x_wconf 89' lang='grc' dir='ltr'>τῶν</span> <span class='ocrx_word' id='word_1_915' title='bbox 3467 4414 3669 4485; x_wconf 86' lang='grc' dir='ltr'>θηρίων</span> <span class='ocrx_word' id='word_1_916' title='bbox 3692 4425 3739 4477; x_wconf 78' lang='grc' dir='ltr'>ο,</span> <span class='ocrx_word' id='word_1_917' title='bbox 3766 4417 3915 4469; x_wconf 87' lang='grc' dir='ltr'>ἐπει-</span> 
     </span>
    </p>
   </div>
   <div class='ocr_carea' id='block_1_115' title="bbox 2244 4497 3912 4572">
    <p class='ocr_par' dir='ltr' id='par_1_115' title="bbox 2244 4497 3912 4572">
     <span class='ocr_line' id='line_1_115' title="bbox 2244 4497 3912 4572; baseline 0.002 -22"><span class='ocrx_word' id='word_1_918' title='bbox 2244 4497 2308 4568; x_wconf 78' lang='grc' dir='ltr'>δὴ</span> <span class='ocrx_word' id='word_1_919' title='bbox 2355 4497 2453 4552; x_wconf 88' lang='grc' dir='ltr'>οὐκ</span> <span class='ocrx_word' id='word_1_920' title='bbox 2489 4501 2568 4560; x_wconf 86' lang='grc' dir='ltr'>εἰς</span> <span class='ocrx_word' id='word_1_921' title='bbox 2604 4498 2720 4551; x_wconf 84' lang='grc' dir='ltr'>δέον</span> <span class='ocrx_word' id='word_1_922' title='bbox 2753 4499 2970 4570; x_wconf 79' lang='grc' dir='ltr'>ἐχρήσω</span> <span class='ocrx_word' id='word_1_923' title='bbox 3030 4502 3096 4569; x_wconf 80' lang='grc' dir='ltr'>τῇ</span> <span class='ocrx_word' id='word_1_924' title='bbox 3152 4501 3434 4570; x_wconf 81' lang='grc' dir='ltr'>φρονήσει,</span> <span class='ocrx_word' id='word_1_925' title='bbox 3493 4499 3627 4552; x_wconf 86' lang='grc' dir='ltr'>ἀλλά</span> <span class='ocrx_word' id='word_1_926' title='bbox 3681 4499 3743 4552; x_wconf 82' lang='grc' dir='ltr'>τδ</span> <span class='ocrx_word' id='word_1_927' title='bbox 3777 4517 3912 4572; x_wconf 76' lang='grc' dir='ltr'>προ·</span> 
     </span>
    </p>
   </div>
   <div class='ocr_carea' id='block_1_116' title="bbox 2243 4582 3914 4657">
    <p class='ocr_par' dir='ltr' id='par_1_116' title="bbox 2243 4582 3914 4657">
     <span class='ocr_line' id='line_1_116' title="bbox 2243 4582 3914 4657; baseline 0.004 -20"><span class='ocrx_word' id='word_1_928' title='bbox 2243 4585 2479 4656; x_wconf 86' lang='grc' dir='ltr'>τέρημα,</span> <span class='ocrx_word' id='word_1_929' title='bbox 2519 4587 2654 4656; x_wconf 84' lang='grc' dir='ltr'>ὅπερ</span> <span class='ocrx_word' id='word_1_930' title='bbox 2697 4582 2838 4655; x_wconf 78' lang='grc' dir='ltr'>εἶχες</span> <span class='ocrx_word' id='word_1_931' title='bbox 2891 4587 3030 4657; x_wconf 86' lang='grc' dir='ltr'>ὐπέρ</span> <span class='ocrx_word' id='word_1_932' title='bbox 3062 4585 3275 4639; x_wconf 74' lang='grc' dir='ltr'>ἅπαντα</span> <span class='ocrx_word' id='word_1_933' title='bbox 3333 4586 3399 4640; x_wconf 78' lang='grc' dir='ltr'>τά</span> <span class='ocrx_word' id='word_1_934' title='bbox 3427 4585 3608 4657; x_wconf 89' lang='grc' dir='ltr'>θηρία,</span> <span class='ocrx_word' id='word_1_935' title='bbox 3636 4585 3794 4640; x_wconf 86' lang='grc' dir='ltr'>τοῦτό</span> <span class='ocrx_word' id='word_1_936' title='bbox 3832 4605 3914 4643; x_wconf 86' lang='grc' dir='ltr'>σοι</span> 
     </span>
    </p>
   </div>
   <div class='ocr_carea' id='block_1_117' title="bbox 2245 4672 3911 4746">
    <p class='ocr_par' dir='ltr' id='par_1_117' title="bbox 2245 4672 3911 4746">
     <span class='ocr_line' id='line_1_117' title="bbox 2245 4672 3911 4746; baseline 0.014 -23"><span class='ocrx_word' id='word_1_937' title='bbox 2245 4673 2430 4741; x_wconf 87' lang='grc' dir='ltr'>γέγονε</span> <span class='ocrx_word' id='word_1_938' title='bbox 2477 4672 2581 4724; x_wconf 86' lang='grc' dir='ltr'>τῶν</span> <span class='ocrx_word' id='word_1_939' title='bbox 2642 4672 2823 4724; x_wconf 84' lang='grc' dir='ltr'>κακῶν</span> <span class='ocrx_word' id='word_1_940' title='bbox 2868 4674 3120 4726; x_wconf 87' lang='grc' dir='ltr'>ἀπάντων</span> <span class='ocrx_word' id='word_1_941' title='bbox 3154 4674 3343 4728; x_wconf 73' lang='grc' dir='ltr'>αἴτιον.</span> <span class='ocrx_word' id='word_1_942' title='bbox 3384 4674 3437 4726; x_wconf 86' lang='grc' dir='ltr'>Ὁ</span> <span class='ocrx_word' id='word_1_943' title='bbox 3479 4675 3588 4744; x_wconf 83' lang='grc' dir='ltr'>γὰρ</span> <span class='ocrx_word' id='word_1_944' title='bbox 3625 4674 3777 4742; x_wconf 62' lang='grc' dir='ltr'>ὄφις.</span> <span class='ocrx_word' id='word_1_945' title='bbox 3811 4692 3911 4746; x_wconf 68' lang='grc' dir='ltr'>φη⁴</span> 
     </span>
    </p>
   </div>
   <div class='ocr_carea' id='block_1_118' title="bbox 2247 4753 3912 4829">
    <p class='ocr_par' dir='ltr' id='par_1_118' title="bbox 2247 4753 3912 4829">
     <span class='ocr_line' id='line_1_118' title="bbox 2247 4753 3912 4829; baseline 0.004 -18"><span class='ocrx_word' id='word_1_946' title='bbox 2247 4762 2349 4820; x_wconf 77' lang='grc' dir='ltr'>σίν,</span> <span class='ocrx_word' id='word_1_947' title='bbox 2378 4753 2455 4826; x_wconf 80' lang='grc' dir='ltr'>ἦν</span> <span class='ocrx_word' id='word_1_948' title='bbox 2493 4759 2931 4827; x_wconf 71' lang='grc' dir='ltr'>φρονιμώτατος</span> <span class='ocrx_word' id='word_1_949' title='bbox 2969 4759 3212 4813; x_wconf 84' lang='grc' dir='ltr'>πάντων</span> <span class='ocrx_word' id='word_1_950' title='bbox 3235 4760 3354 4813; x_wconf 85' lang='grc' dir='ltr'>τῶν</span> <span class='ocrx_word' id='word_1_951' title='bbox 3392 4760 3629 4829; x_wconf 83' lang='grc' dir='ltr'>κτηνῶν</span> <span class='ocrx_word' id='word_1_952' title='bbox 3657 4755 3772 4814; x_wconf 62' lang='grc' dir='ltr'>καί</span> <span class='ocrx_word' id='word_1_953' title='bbox 3795 4761 3912 4817; x_wconf 79' lang='grc' dir='ltr'>τῶν</span> 
     </span>
    </p>
   </div>
   <div class='ocr_carea' id='block_1_119' title="bbox 2245 4839 3910 4912">
    <p class='ocr_par' dir='ltr' id='par_1_119' title="bbox 2245 4839 3910 4912">
     <span class='ocr_line' id='line_1_119' title="bbox 2245 4839 3910 4912; baseline 0.002 -17"><span class='ocrx_word' id='word_1_954' title='bbox 2245 4845 2352 4909; x_wconf 81' lang='grc' dir='ltr'>θηρ</span> <span class='ocrx_word' id='word_1_955' title='bbox 2367 4845 2461 4894; x_wconf 88' lang='grc' dir='ltr'>’ων</span> <span class='ocrx_word' id='word_1_956' title='bbox 2492 4840 2600 4910; x_wconf 82' lang='grc' dir='ltr'>τῆς</span> <span class='ocrx_word' id='word_1_957' title='bbox 2630 4839 2758 4911; x_wconf 80' lang='grc' dir='ltr'>γῆς.</span> <span class='ocrx_word' id='word_1_958' title='bbox 2802 4841 2898 4894; x_wconf 88' lang='grc' dir='ltr'>Διά</span> <span class='ocrx_word' id='word_1_959' title='bbox 2924 4840 3080 4894; x_wconf 90' lang='grc' dir='ltr'>τοῦτο</span> <span class='ocrx_word' id='word_1_960' title='bbox 3111 4842 3513 4912; x_wconf 88' lang='grc' dir='ltr'>ἐπικατάρατος</span> <span class='ocrx_word' id='word_1_961' title='bbox 3554 4843 3616 4894; x_wconf 68' lang='grc' dir='ltr'>σὺ</span> <span class='ocrx_word' id='word_1_962' title='bbox 3645 4843 3752 4896; x_wconf 78' lang='grc' dir='ltr'>ἀπὸ</span> <span class='ocrx_word' id='word_1_963' title='bbox 3781 4846 3910 4899; x_wconf 82' lang='grc' dir='ltr'>πάν-</span> 
     </span>
    </p>
   </div>
   <div class='ocr_carea' id='block_1_120' title="bbox 2243 4922 3904 5001">
    <p class='ocr_par' dir='ltr' id='par_1_120' title="bbox 2243 4922 3904 5001">
     <span class='ocr_line' id='line_1_120' title="bbox 2243 4922 3904 5001; baseline 0.002 -26"><span class='ocrx_word' id='word_1_964' title='bbox 2243 4942 2347 4975; x_wconf 92' lang='grc' dir='ltr'>των</span> <span class='ocrx_word' id='word_1_965' title='bbox 2409 4923 2515 4974; x_wconf 89' lang='grc' dir='ltr'>τῶν</span> <span class='ocrx_word' id='word_1_966' title='bbox 2569 4922 2780 4992; x_wconf 78' lang='grc' dir='ltr'>κτηνῶν</span> <span class='ocrx_word' id='word_1_967' title='bbox 2833 4923 2926 4974; x_wconf 77' lang='grc' dir='ltr'>καὶ</span> <span class='ocrx_word' id='word_1_968' title='bbox 2984 4923 3090 4975; x_wconf 89' lang='grc' dir='ltr'>τῶν</span> <span class='ocrx_word' id='word_1_969' title='bbox 3156 4923 3374 5001; x_wconf 87' lang='grc' dir='ltr'>θηρίων</span> <span class='ocrx_word' id='word_1_970' title='bbox 3403 4924 3502 4994; x_wconf 72' lang='grc' dir='ltr'>τῆς</span> <span class='ocrx_word' id='word_1_971' title='bbox 3536 4929 3636 4996; x_wconf 78' lang='grc' dir='ltr'>γῆς</span> <span class='ocrx_word' id='word_1_972' title='bbox 3684 4930 3904 5001; x_wconf 74' lang='grc' dir='ltr'>γενήσῃ,</span> 
     </span>
    </p>
   </div>
   <div class='ocr_carea' id='block_1_121' title="bbox 2256 5000 3907 5076">
    <p class='ocr_par' dir='ltr' id='par_1_121' title="bbox 2256 5000 3907 5076">
     <span class='ocr_line' id='line_1_121' title="bbox 2256 5000 3907 5076; baseline 0.003 -19"><span class='ocrx_word' id='word_1_973' title='bbox 2256 5005 2391 5057; x_wconf 83' lang='grc' dir='ltr'>Ἀλλ’</span> <span class='ocrx_word' id='word_1_974' title='bbox 2433 5004 2617 5074; x_wconf 84' lang='grc' dir='ltr'>ἐπειδὴ</span> <span class='ocrx_word' id='word_1_975' title='bbox 2672 5005 2731 5056; x_wconf 83' lang='grc' dir='ltr'>τὸ</span> <span class='ocrx_word' id='word_1_976' title='bbox 2780 5008 2877 5074; x_wconf 81' lang='grc' dir='ltr'>τῆς</span> <span class='ocrx_word' id='word_1_977' title='bbox 2935 5004 3175 5075; x_wconf 82' lang='grc' dir='ltr'>κατάρας</span> <span class='ocrx_word' id='word_1_978' title='bbox 3224 5006 3322 5058; x_wconf 85' lang='grc' dir='ltr'>οὐκ</span> <span class='ocrx_word' id='word_1_979' title='bbox 3361 5000 3428 5076; x_wconf 72' lang='grc' dir='ltr'>ἦν</span> <span class='ocrx_word' id='word_1_980' title='bbox 3481 5007 3756 5076; x_wconf 74' lang='grc' dir='ltr'>αἰσθητὸν,</span> <span class='ocrx_word' id='word_1_981' title='bbox 3791 5000 3907 5062; x_wconf 86' lang='grc' dir='ltr'>οὐδέ</span> 
     </span>
    </p>
   </div>
   <div class='ocr_carea' id='block_1_122' title="bbox 2242 5085 3907 5161">
    <p class='ocr_par' dir='ltr' id='par_1_122' title="bbox 2242 5085 3907 5161">
     <span class='ocr_line' id='line_1_122' title="bbox 2242 5085 3907 5161; baseline 0.004 -24"><span class='ocrx_word' id='word_1_982' title='bbox 2242 5087 2534 5156; x_wconf 78' lang='grc' dir='ltr'>ὀφθαλμοῖς</span> <span class='ocrx_word' id='word_1_983' title='bbox 2580 5085 2935 5156; x_wconf 87' lang='grc' dir='ltr'>φαινόμενον,</span> <span class='ocrx_word' id='word_1_984' title='bbox 2983 5087 3069 5139; x_wconf 82' lang='grc' dir='ltr'>διὰ</span> <span class='ocrx_word' id='word_1_985' title='bbox 3114 5087 3271 5140; x_wconf 87' lang='grc' dir='ltr'>τοῦτο</span> <span class='ocrx_word' id='word_1_986' title='bbox 3325 5091 3418 5142; x_wconf 77' lang='grc' dir='ltr'>καὶ</span> <span class='ocrx_word' id='word_1_987' title='bbox 3462 5090 3722 5159; x_wconf 72' lang='grc' dir='ltr'>αἰσθητὴν</span> <span class='ocrx_word' id='word_1_988' title='bbox 3765 5091 3907 5161; x_wconf 84' lang='grc' dir='ltr'>αὐτῷ</span> 
     </span>
    </p>
   </div>
   <div class='ocr_carea' id='block_1_123' title="bbox 2241 5169 3905 5241">
    <p class='ocr_par' dir='ltr' id='par_1_123' title="bbox 2241 5169 3905 5241">
     <span class='ocr_line' id='line_1_123' title="bbox 2241 5169 3905 5241; baseline 0.002 -21"><span class='ocrx_word' id='word_1_989' title='bbox 2241 5171 2508 5240; x_wconf 87' lang='grc' dir='ltr'>τιμωρίαν</span> <span class='ocrx_word' id='word_1_990' title='bbox 2565 5169 2786 5236; x_wconf 83' lang='grc' dir='ltr'>ἐπάγει,</span> <span class='ocrx_word' id='word_1_991' title='bbox 2845 5170 2933 5222; x_wconf 80' lang='grc' dir='ltr'>ἵνα</span> <span class='ocrx_word' id='word_1_992' title='bbox 2987 5169 3248 5238; x_wconf 85' lang='grc' dir='ltr'>διηνεκῶς</span> <span class='ocrx_word' id='word_1_993' title='bbox 3307 5172 3412 5240; x_wconf 86' lang='grc' dir='ltr'>πρὸ</span> <span class='ocrx_word' id='word_1_994' title='bbox 3460 5171 3568 5223; x_wconf 88' lang='grc' dir='ltr'>τῶν</span> <span class='ocrx_word' id='word_1_995' title='bbox 3623 5170 3905 5241; x_wconf 74' lang='grc' dir='ltr'>ὀφθαλμῶν</span> 
     </span>
    </p>
   </div>
   <div class='ocr_carea' id='block_1_124' title="bbox 2243 5251 3902 5324">
    <p class='ocr_par' dir='ltr' id='par_1_124' title="bbox 2243 5251 3902 5324">
     <span class='ocr_line' id='line_1_124' title="bbox 2243 5251 3902 5324; baseline 0.004 -22"><span class='ocrx_word' id='word_1_996' title='bbox 2243 5251 2450 5321; x_wconf 81' lang='grc' dir='ltr'>ἔχωμεν</span> <span class='ocrx_word' id='word_1_997' title='bbox 2484 5253 2614 5321; x_wconf 79' lang='grc' dir='ltr'>ὀρᾷν</span> <span class='ocrx_word' id='word_1_998' title='bbox 2641 5251 2741 5319; x_wconf 78' lang='grc' dir='ltr'>τῆς</span> <span class='ocrx_word' id='word_1_999' title='bbox 2762 5252 3028 5321; x_wconf 86' lang='grc' dir='ltr'>τιμωρίας</span> <span class='ocrx_word' id='word_1_1000' title='bbox 3054 5251 3216 5304; x_wconf 86' lang='grc' dir='ltr'>αὐτοῦ</span> <span class='ocrx_word' id='word_1_1001' title='bbox 3251 5253 3318 5304; x_wconf 83' lang='grc' dir='ltr'>τά</span> <span class='ocrx_word' id='word_1_1002' title='bbox 3349 5254 3734 5324; x_wconf 87' lang='grc' dir='ltr'>ὑπομνήματα.</span> <span class='ocrx_word' id='word_1_1003' title='bbox 3779 5255 3902 5309; x_wconf 75' lang='grc' dir='ltr'>Ἐπί</span> 
     </span>
    </p>
   </div>
   <div class='ocr_carea' id='block_1_125' title="bbox 2243 5333 3904 5404">
    <p class='ocr_par' dir='ltr' id='par_1_125' title="bbox 2243 5333 3904 5404">
     <span class='ocr_line' id='line_1_125' title="bbox 2243 5333 3904 5404; baseline 0.001 -17"><span class='ocrx_word' id='word_1_1004' title='bbox 2243 5334 2321 5399; x_wconf 84' lang='grc' dir='ltr'>τῷ</span> <span class='ocrx_word' id='word_1_1005' title='bbox 2371 5334 2576 5399; x_wconf 73' lang='grc' dir='ltr'>στήθει</span> <span class='ocrx_word' id='word_1_1006' title='bbox 2623 5335 2721 5386; x_wconf 79' lang='grc' dir='ltr'>καί</span> <span class='ocrx_word' id='word_1_1007' title='bbox 2758 5333 2830 5400; x_wconf 78' lang='grc' dir='ltr'>τῇ</span> <span class='ocrx_word' id='word_1_1008' title='bbox 2870 5334 3067 5398; x_wconf 72' lang='grc' dir='ltr'>κοιλίᾳ</span> <span class='ocrx_word' id='word_1_1009' title='bbox 3105 5336 3394 5402; x_wconf 79' lang='grc' dir='ltr'>πορεύσῃ,</span> <span class='ocrx_word' id='word_1_1010' title='bbox 3436 5336 3534 5390; x_wconf 80' lang='grc' dir='ltr'>καί</span> <span class='ocrx_word' id='word_1_1011' title='bbox 3582 5335 3703 5403; x_wconf 82' lang='grc' dir='ltr'>τῆν</span> <span class='ocrx_word' id='word_1_1012' title='bbox 3751 5337 3904 5404; x_wconf 66' lang='grc' dir='ltr'>φάγῃ</span> 
     </span>
    </p>
   </div>
   <div class='ocr_carea' id='block_1_126' title="bbox 2243 5413 3900 5488">
    <p class='ocr_par' dir='ltr' id='par_1_126' title="bbox 2243 5413 3900 5488">
     <span class='ocr_line' id='line_1_126' title="bbox 2243 5413 3900 5488; baseline 0.001 -20"><span class='ocrx_word' id='word_1_1013' title='bbox 2243 5415 2442 5480; x_wconf 82' lang='grc' dir='ltr'>πάσας</span> <span class='ocrx_word' id='word_1_1014' title='bbox 2473 5415 2578 5480; x_wconf 83' lang='grc' dir='ltr'>τὰς</span> <span class='ocrx_word' id='word_1_1015' title='bbox 2612 5414 2832 5482; x_wconf 81' lang='grc' dir='ltr'>ἡμέρας</span> <span class='ocrx_word' id='word_1_1016' title='bbox 2879 5413 2987 5481; x_wconf 81' lang='grc' dir='ltr'>τῆς</span> <span class='ocrx_word' id='word_1_1017' title='bbox 3035 5413 3183 5482; x_wconf 74' lang='grc' dir='ltr'>ζὶυῆς</span> <span class='ocrx_word' id='word_1_1018' title='bbox 3225 5429 3362 5468; x_wconf 86' lang='grc' dir='ltr'>σου·</span> <span class='ocrx_word' id='word_1_1019' title='bbox 3412 5416 3616 5486; x_wconf 83' lang='grc' dir='ltr'>ἐπειδὴ,</span> <span class='ocrx_word' id='word_1_1020' title='bbox 3668 5419 3900 5488; x_wconf 78' lang='grc' dir='ltr'>φησί,τῇ</span> 
     </span>
    </p>
   </div>
   <div class='ocr_carea' id='block_1_127' title="bbox 2242 5496 3899 5569">
    <p class='ocr_par' dir='ltr' id='par_1_127' title="bbox 2242 5496 3899 5569">
     <span class='ocr_line' id='line_1_127' title="bbox 2242 5496 3899 5569; baseline 0.003 -21"><span class='ocrx_word' id='word_1_1021' title='bbox 2242 5498 2526 5549; x_wconf 84' lang='grc' dir='ltr'>διαπλάσει</span> <span class='ocrx_word' id='word_1_1022' title='bbox 2557 5498 2615 5548; x_wconf 85' lang='grc' dir='ltr'>οὐ</span> <span class='ocrx_word' id='word_1_1023' title='bbox 2643 5496 2869 5558; x_wconf 73' lang='grc' dir='ltr'>δεόντως</span> <span class='ocrx_word' id='word_1_1024' title='bbox 2891 5498 3128 5566; x_wconf 84' lang='grc' dir='ltr'>ἐχρήσω,</span> <span class='ocrx_word' id='word_1_1025' title='bbox 3158 5496 3292 5549; x_wconf 82' lang='grc' dir='ltr'>ἀλλά</span> <span class='ocrx_word' id='word_1_1026' title='bbox 3328 5499 3418 5548; x_wconf 78' lang='grc' dir='ltr'>καὶ</span> <span class='ocrx_word' id='word_1_1027' title='bbox 3463 5501 3542 5561; x_wconf 86' lang='grc' dir='ltr'>εἰς</span> <span class='ocrx_word' id='word_1_1028' title='bbox 3578 5499 3792 5569; x_wconf 83' lang='grc' dir='ltr'>ὁμιλίαν</span> <span class='ocrx_word' id='word_1_1029' title='bbox 3819 5501 3899 5552; x_wconf 85' lang='grc' dir='ltr'>ἐλ-</span> 
     </span>
    </p>
   </div>
   <div class='ocr_carea' id='block_1_128' title="bbox 2245 5575 3901 5652">
    <p class='ocr_par' dir='ltr' id='par_1_128' title="bbox 2245 5575 3901 5652">
     <span class='ocr_line' id='line_1_128' title="bbox 2245 5575 3901 5652; baseline 0.004 -24"><span class='ocrx_word' id='word_1_1030' title='bbox 2245 5575 2353 5628; x_wconf 85' lang='grc' dir='ltr'>θεῖν</span> <span class='ocrx_word' id='word_1_1031' title='bbox 2392 5578 2692 5646; x_wconf 79' lang='grc' dir='ltr'>ἐτόλμησας</span> <span class='ocrx_word' id='word_1_1032' title='bbox 2741 5577 2816 5646; x_wconf 82' lang='grc' dir='ltr'>τῷ</span> <span class='ocrx_word' id='word_1_1033' title='bbox 2867 5579 2954 5629; x_wconf 80' lang='grc' dir='ltr'>ὐπ’</span> <span class='ocrx_word' id='word_1_1034' title='bbox 3009 5577 3141 5646; x_wconf 84' lang='grc' dir='ltr'>ἐμοῦ</span> <span class='ocrx_word' id='word_1_1035' title='bbox 3196 5578 3655 5649; x_wconf 79' lang='grc' dir='ltr'>δημιουργηθέντι</span> <span class='ocrx_word' id='word_1_1036' title='bbox 3708 5581 3901 5652; x_wconf 81' lang='grc' dir='ltr'>λογικῷ</span> 
     </span>
    </p>
   </div>
   <div class='ocr_carea' id='block_1_129' title="bbox 2247 5657 3899 5732">
    <p class='ocr_par' dir='ltr' id='par_1_129' title="bbox 2247 5657 3899 5732">
     <span class='ocr_line' id='line_1_129' title="bbox 2247 5657 3899 5732; baseline 0.004 -23"><span class='ocrx_word' id='word_1_1037' title='bbox 2247 5657 2386 5728; x_wconf 74' lang='grc' dir='ltr'>ζώω.</span> <span class='ocrx_word' id='word_1_1038' title='bbox 2440 5661 2705 5731; x_wconf 81' lang='grc' dir='ltr'>Καοάπερ</span> <span class='ocrx_word' id='word_1_1039' title='bbox 2731 5663 2909 5713; x_wconf 79' lang='grc' dir='ltr'>τοίνυν</span> <span class='ocrx_word' id='word_1_1040' title='bbox 2941 5662 2968 5712; x_wconf 89' lang='lat'>6</span> <span class='ocrx_word' id='word_1_1041' title='bbox 2996 5661 3236 5722; x_wconf 85' lang='grc' dir='ltr'>διάϐολος</span> <span class='ocrx_word' id='word_1_1042' title='bbox 3282 5663 3308 5712; x_wconf 91' lang='lat'>6</span> <span class='ocrx_word' id='word_1_1043' title='bbox 3338 5665 3638 5732; x_wconf 87' lang='grc' dir='ltr'>ἐνεργήσας</span> <span class='ocrx_word' id='word_1_1044' title='bbox 3676 5664 3762 5716; x_wconf 76' lang='grc' dir='ltr'>διὰ</span> <span class='ocrx_word' id='word_1_1045' title='bbox 3795 5665 3899 5728; x_wconf 82' lang='grc' dir='ltr'>σοῦ,</span> 
     </span>
    </p>
   </div>
   <div class='ocr_carea' id='block_1_130' title="bbox 2246 5744 3900 5818">
    <p class='ocr_par' dir='ltr' id='par_1_130' title="bbox 2246 5744 3900 5818">
     <span class='ocr_line' id='line_1_130' title="bbox 2246 5744 3900 5818; baseline 0.002 -22"><span class='ocrx_word' id='word_1_1046' title='bbox 2246 5745 2336 5796; x_wconf 80' lang='grc' dir='ltr'>καί</span> <span class='ocrx_word' id='word_1_1047' title='bbox 2375 5744 2589 5814; x_wconf 84' lang='grc' dir='ltr'>ὀργάνῳ</span> <span class='ocrx_word' id='word_1_1048' title='bbox 2640 5747 2721 5796; x_wconf 67' lang='grc' dir='ltr'>σοὶ</span> <span class='ocrx_word' id='word_1_1049' title='bbox 2758 5745 3120 5814; x_wconf 80' lang='grc' dir='ltr'>χρησάμενος,</span> <span class='ocrx_word' id='word_1_1050' title='bbox 3167 5745 3352 5816; x_wconf 80' lang='grc' dir='ltr'>ἐπειδὴ</span> <span class='ocrx_word' id='word_1_1051' title='bbox 3392 5746 3530 5816; x_wconf 83' lang='grc' dir='ltr'>ὑπὲρ</span> <span class='ocrx_word' id='word_1_1052' title='bbox 3564 5748 3662 5818; x_wconf 83' lang='grc' dir='ltr'>τὴν</span> <span class='ocrx_word' id='word_1_1053' title='bbox 3701 5749 3900 5802; x_wconf 81' lang='grc' dir='ltr'>οἰκείαν</span> 
     </span>
    </p>
   </div>
   <div class='ocr_carea' id='block_1_131' title="bbox 2248 5822 3895 5896">
    <p class='ocr_par' dir='ltr' id='par_1_131' title="bbox 2248 5822 3895 5896">
     <span class='ocr_line' id='line_1_131' title="bbox 2248 5822 3895 5896; baseline 0.003 -25"><span class='ocrx_word' id='word_1_1054' title='bbox 2248 5822 2400 5883; x_wconf 79' lang='grc' dir='ltr'>ἀξίαν</span> <span class='ocrx_word' id='word_1_1055' title='bbox 2428 5824 2719 5893; x_wconf 76' lang='grc' dir='ltr'>ἐφρόνησεν</span> <span class='ocrx_word' id='word_1_1056' title='bbox 2738 5824 2788 5885; x_wconf 75' lang='grc' dir='ltr'>ἀ,</span> <span class='ocrx_word' id='word_1_1057' title='bbox 2817 5827 2878 5875; x_wconf 88' lang='grc' dir='ltr'>ἐκ</span> <span class='ocrx_word' id='word_1_1058' title='bbox 2904 5825 3006 5876; x_wconf 87' lang='grc' dir='ltr'>τῶν</span> <span class='ocrx_word' id='word_1_1059' title='bbox 3029 5824 3270 5893; x_wconf 83' lang='grc' dir='ltr'>οὐρανῶν</span> <span class='ocrx_word' id='word_1_1060' title='bbox 3291 5825 3616 5896; x_wconf 81' lang='grc' dir='ltr'>κατηνέχθη·</span> <span class='ocrx_word' id='word_1_1061' title='bbox 3638 5826 3726 5878; x_wconf 82' lang='grc' dir='ltr'>τὸν</span> <span class='ocrx_word' id='word_1_1062' title='bbox 3748 5827 3895 5878; x_wconf 75' lang='grc' dir='ltr'>αὐτὸν</span> 
     </span>
    </p>
   </div>
   <div class='ocr_carea' id='block_1_132' title="bbox 2309 5906 3898 5973">
    <p class='ocr_par' dir='ltr' id='par_1_132' title="bbox 2309 5906 3898 5973">
     <span class='ocr_line' id='line_1_132' title="bbox 2309 5906 3898 5973; baseline 0.005 -23"><span class='ocrx_word' id='word_1_1063' title='bbox 2309 5906 2506 5973; x_wconf 58' lang='grc' dir='ltr'>ὶξὲεηὶι.</span> <span class='ocrx_word' id='word_1_1064' title='bbox 2536 5916 2589 5958; x_wconf 73' lang='lat' dir='ltr'>(‘l</span> <span class='ocrx_word' id='word_1_1065' title='bbox 2609 5911 2802 5969; x_wconf 81' lang='lat' dir='ltr'>quidam</span> <span class='ocrx_word' id='word_1_1066' title='bbox 2851 5923 2968 5973; x_wconf 49' lang='lat' dir='ltr'><strong>mss:</strong></span> <span class='ocrx_word' id='word_1_1067' title='bbox 3005 5911 3339 5973; x_wconf 73' lang='grc' dir='ltr'>γεγενημένων.</span> <span class='ocrx_word' id='word_1_1068' title='bbox 3411 5913 3432 5940; x_wconf 68' lang='grc'><strong>⁸</strong></span> <span class='ocrx_word' id='word_1_1069' title='bbox 3461 5913 3557 5960; x_wconf 74' lang='lat' dir='ltr'><strong>Alii</strong></span> <span class='ocrx_word' id='word_1_1070' title='bbox 3580 5913 3675 5959; x_wconf 83' lang='grc' dir='ltr'>τῶν</span> <span class='ocrx_word' id='word_1_1071' title='bbox 3718 5914 3898 5973; x_wconf 73' lang='grc' dir='ltr'>θηρίων,</span> 
     </span>
    </p>
   </div>
   <div class='ocr_carea' id='block_1_133' title="bbox 2250 5968 3892 6034">
    <p class='ocr_par' dir='ltr' id='par_1_133' title="bbox 2250 5968 3892 6034">
     <span class='ocr_line' id='line_1_133' title="bbox 2250 5968 3892 6034; baseline 0.004 -21"><span class='ocrx_word' id='word_1_1072' title='bbox 2250 5968 2471 6034; x_wconf 29' lang='grc' dir='ltr'>ηὶῆᾹὶ--τών</span> <span class='ocrx_word' id='word_1_1073' title='bbox 2517 5968 2713 6026; x_wconf 72' lang='grc' dir='ltr'>κτηνιῖιν.</span> <span class='ocrx_word' id='word_1_1074' title='bbox 2759 5973 2875 6034; x_wconf 65' lang='lat' dir='ltr'>Ibid.</span> <span class='ocrx_word' id='word_1_1075' title='bbox 2939 5968 3138 6019; x_wconf 59' lang='grc' dir='ltr'>(ἶυὶειῑὶιι.</span> <span class='ocrx_word' id='word_1_1076' title='bbox 3174 5968 3391 6034; x_wconf 32' lang='grc' dir='ltr'>ζέχρὴσω</span> <span class='ocrx_word' id='word_1_1077' title='bbox 3444 5979 3501 6032; x_wconf 77' lang='grc' dir='ltr'>τῇ</span> <span class='ocrx_word' id='word_1_1078' title='bbox 3553 5968 3892 6034; x_wconf 52' lang='grc' dir='ltr'>προσφωνήσιι.</span> 
     </span>
    </p>
   </div>
   <div class='ocr_carea' id='block_1_134' title="bbox 2253 6027 3702 6094">
    <p class='ocr_par' dir='ltr' id='par_1_134' title="bbox 2253 6027 3702 6094">
     <span class='ocr_line' id='line_1_134' title="bbox 2253 6027 3702 6094; baseline 0.004 -18"><span class='ocrx_word' id='word_1_1079' title='bbox 2253 6027 2278 6064; x_wconf 76' lang='grc' dir='ltr'>ιι</span> <span class='ocrx_word' id='word_1_1080' title='bbox 2313 6029 2502 6088; x_wconf 75' lang='grc' dir='ltr'>Ἐπειδὴ</span> <span class='ocrx_word' id='word_1_1081' title='bbox 2527 6034 2583 6078; x_wconf 80' lang='grc' dir='ltr'>τά</span> <span class='ocrx_word' id='word_1_1082' title='bbox 2607 6036 2681 6079; x_wconf 67' lang='grc' dir='ltr'>ὑπ.</span> <span class='ocrx_word' id='word_1_1083' title='bbox 2707 6034 2758 6086; x_wconf 79' lang='grc' dir='ltr'>ἀξ</span> <span class='ocrx_word' id='word_1_1084' title='bbox 2803 6033 2899 6081; x_wconf 70' lang='grc' dir='ltr'>ἐσο.</span> <span class='ocrx_word' id='word_1_1085' title='bbox 2924 6035 3007 6080; x_wconf 68' lang='grc' dir='ltr'>τήν</span> <span class='ocrx_word' id='word_1_1086' title='bbox 3033 6035 3076 6080; x_wconf 68' lang='lat' dir='ltr'>to</span> <span class='ocrx_word' id='word_1_1087' title='bbox 3093 6027 3326 6083; x_wconf 52' lang='grc' dir='ltr'>ντοῦίὲἰυ</span> <span class='ocrx_word' id='word_1_1088' title='bbox 3353 6027 3546 6094; x_wconf 64' lang='grc' dir='ltr'>ιιιιίιιείω</span> <span class='ocrx_word' id='word_1_1089' title='bbox 3587 6027 3702 6084; x_wconf 64' lang='grc' dir='ltr'>ὡς».</span> 
     </span>
    </p>
   </div>
  </div>
