4152 6484
200 368 293 424 Hi

202 496 320 535 rum
346 490 399 537 et
430 485 707 543 mulierem
740 505 754 544 :
785 490 877 546 sed
905 502 1120 564 accepta
1151 495 1219 553 ab
1245 498 1345 554 illis
1365 499 1695 568 defensione,
1730 504 1781 559 in

196 572 370 638 illum,
392 577 540 645 quasi
564 579 822 637 malorum
846 593 1142 655 auctorem,
1160 603 1218 645 se
1238 594 1518 648 convertit.
1551 595 1618 650 Et
1637 598 1782 667 quia,

196 672 379 733 utpote
410 667 571 734 Deus,
598 670 685 725 cui
713 673 871 728 etiam
899 690 1089 733 arcana
1122 688 1243 735 nota
1272 694 1416 750 sunt,
1444 686 1645 741 sciebat
1671 703 1786 744 ser-

197 765 413 822 pentem
443 758 823 819 ministravisse
840 765 1034 823 diaboli
1062 768 1265 828 insidiis
1291 782 1345 829 et
1366 774 1598 843 invidiaa,
1624 793 1783 849 quam

193 858 319 914 erga
354 846 623 907 hominem
653 853 984 925 exhibuerat,
1004 870 1059 914 ut
1077 860 1253 920 discas
1277 865 1443 936 ipsius
1465 846 1779 937 bonitatem,

194 935 488 1006 quomodo,
515 954 709 1008 gnams
751 953 946 1014 tamen,
978 949 1046 1005 ad
1096 952 1261 1008 Adam
1302 957 1514 1025 quidem
1558 960 1653 1027 ait,
1686 935 1785 1015 Ubi

192 1024 291 1105 es!
332 1026 458 1093 Quis
495 1035 809 1089 annuntiavit
835 1038 923 1091 tibi
945 1041 1083 1109 quod
1106 1047 1271 1100 nudus
1294 1024 1362 1101 sis
1382 1047 1409 1101 2
1450 1048 1578 1105 Eva:
1604 1024 1781 1108 autem

194 1101 382 1171 dixit:
417 1118 641 1176 Cur/loc
666 1125 878 1193 fecisti?
919 1101 1042 1187 huic
1088 1135 1241 1189 malae
1282 1136 1467 1194 bestias
1507 1140 1639 1196 nihil
1678 1143 1782 1199 laie

194 1204 328 1262 dicit
354 1225 368 1274 ;
398 1210 491 1265 sed
515 1214 684 1282 quid?
712 1218 797 1272 14.
832 1219 897 1275 Et
923 1224 1053 1278 dixit
1082 1224 1330 1285 Dominus
1356 1230 1494 1288 Deus
1516 1244 1732 1306 serpenti
1760 1251 1779 1291 .'

195 1294 332 1361 Quia
367 1300 530 1370 fecisti
566 1303 677 1359 hoc.
710 1306 1325 1375 Vidistitdiﬂ'ercntiam?
1366 1322 1571 1380 Mulieri
1597 1294 1778 1384 dixit:

187 1478 325 1547 Quia
357 1482 458 1539 hoc
481 1488 700 1556 malum,
731 1493 931 1564 inquit,
963 1511 1211 1567 operatus
1236 1478 1329 1571 esi,
1362 1478 1482 1577 quia
1512 1512 1779 1579 pernicio-

187 1584 310 1624 sum
337 1570 438 1628 hoc
461 1579 739 1636 consilium
776 1583 1048 1655 iuduxisti,
1077 1592 1200 1661 quia
1229 1593 1350 1651 huic
1372 1598 1582 1655 invidia)
1612 1603 1775 1658 mini-

184 1661 409 1728 strasti,
454 1666 576 1734 quia
630 1669 882 1729 invidiam
934 1680 1122 1736 acuisti
1173 1684 1430 1743 adversus
1476 1700 1773 1748 creaturam

188 1762 388 1817 meam,
423 1751 729 1816 Maledictus
767 1773 822 1817 tu
862 1783 971 1836 prta
1007 1772 1237 1827 omnibus
1273 1778 1554 1848 pecoribus,
1589 1792 1635 1836 et
1670 1800 1777 1853 prae

184 1840 420 1897 omnibus
464 1845 633 1903 bestiis
672 1859 839 1907 teme.
879 1855 1049 1929 Super
1076 1874 1248 1932 pectus
1273 1840 1422 1922 tuum
1465 1880 1513 1924 et
1557 1840 1775 1929 ventrem

183 1939 329 1985 tuum
348 1936 616 2007 gradieris,
650 1951 699 1996 et
732 1954 918 2003 terram
952 1955 1180 2009 comedes
1212 1958 1439 2016 omnibus
1468 1962 1638 2020 diebus
1660 1966 1776 2021 vitta

183 2032 305 2077 tute.
339 2027 423 2082 l5.
448 2026 517 2083 Et
539 2030 831 2093 inimicitias
850 2056 1036 2109 ponam
1058 2044 1188 2100 inter
1208 2056 1256 2102 te
1273 2059 1321 2104 et
1340 2051 1471 2105 inter
1489 2055 1771 2125 mulierem,

182 2122 233 2168 et
260 2115 395 2170 inter
419 2135 588 2176 semen
618 2136 759 2182 tuum
783 2138 830 2183 et
854 2131 985 2187 inter
1012 2150 1178 2191 semen
1201 2138 1359 2195 illius.
1397 2141 1521 2215 Ipse
1542 2146 1770 2203 observa-

181 2202 254 2255 bit
276 2217 428 2275 caput
454 2218 615 2282 tuum,
644 2224 692 2269 et
719 2226 774 2271 tu
794 2222 1077 2280 observabis
1104 2228 1215 2297 ejus
1239 2202 1554 2292 calcaueunt.

252 2293 307 2348 ϐ.
339 2295 600 2367 Serpentis
620 2304 897 2366 damnatio.
917 2343 990 2355 —-
1006 2293 1254 2386 Attende,
1280 2338 1397 2388 oro,
1419 2325 1508 2382 hic
1527 2329 1767 2388 ordinem

178 2394 465 2443 contextus
492 2390 749 2450 refertum
789 2398 885 2455 Dei
922 2417 1045 2475 erga
1086 2405 1338 2467 homines
1364 2413 1765 2477 benevolentia.

177 2474 315 2530 Nam
345 2478 675 2555 interrogans
702 2504 734 2544 a
762 2492 875 2549 viro
921 2474 1140 2569 incepit,
1170 2503 1364 2561 deinde
1383 2507 1449 2563 ad
1491 2511 1766 2569 mulierem

181 2569 415 2626 transiit.
444 2573 507 2630 Et
528 2589 806 2650 postquam
835 2586 945 2654 ipsa
973 2590 1127 2659 dixit,
1155 2596 1273 2665 quis
1298 2599 1399 2655 sibi
1427 2614 1613 2660 auctor
1639 2605 1772 2663 fuis-

174 2668 263 2714 set
296 2677 309 2714 :
343 2671 399 2717 ut
426 2676 639 2725 ventum
668 2682 752 2728 est
778 2676 844 2730 ad
874 2691 1207 2755 serpentem,
1235 2702 1341 2745 non
1362 2690 1476 2760 jam
1506 2695 1655 2752 illum
1680 2699 1766 2754 di-

172 2762 392 2821 gnatur,
416 2766 477 2811 ut
504 2773 817 2831 responsum
843 2784 909 2826 ex
933 2786 999 2827 eo
1021 2776 1220 2844 audiat,
1240 2780 1334 2836 sed
1358 2798 1571 2853 poenam
1594 2789 1766 2847 inten-

174 2850 277 2909 tat,
305 2854 361 2901 et
390 2848 548 2905 talem
573 2866 693 2923 qua:
717 2856 772 2912 in
797 2873 959 2917 omne
995 2872 1203 2937 tempus
1230 2848 1569 2947 extendatur,
1598 2888 1654 2936 et
1680 2883 1763 2951 sul

170 2939 483 3003 spectaculo
518 2946 766 3005 omnibus
810 2953 1028 3020 posthac
1068 2957 1261 3018 futuris
1299 2939 1664 3039 doctrina'sit,
1694 2944 1763 3032 ne

173 3024 311 3081 ultra
343 3031 595 3097 pestilens
633 3036 764 3094 illud
802 3044 1047 3102 audiatur
1070 3053 1372 3123 consilium,
1404 3024 1761 3131 neque—locus

170 3120 499 3213 concedatur
528 3123 728 3185 dolosis
759 3130 927 3202 ipsius
964 3138 1189 3199 insidiis.
1237 3120 1525 3207 Sedl'orte
1566 3120 1761 3213 dixerit

170 3205 411 3310 aliquis:
438 3213 841 3310 Cumudiabolus
867 3233 1131 3299 serpentis
1165 3250 1328 3306 opera
1363 3205 1520 3310 usus,
1561 3205 1759 3305 malum

170 3298 414 3408 :ttulerit
440 3308 759 3378 consilium,
800 3330 897 3372 cur
932 3298 1117 3379 bestia:
1157 3298 1235 3382 illi
1274 3344 1433 3399 paena
1464 3298 1760 3408 inﬂigitur?—

170 3389 266 3447 Est
289 3400 348 3451 et
374 3394 474 3453 hoc
497 3399 779 3462 ineliabilis
798 3408 1137 3482 benignitatis
1164 3418 1254 3475 Dei
1274 3389 1433 3492 opus.
1460 3389 1760 3487 [iani-sicut

166 3486 571 3582 amantissimas
594 3504 745 3565 pater
773 3490 998 3569 puniens
1026 3522 1149 3565 eum
1178 3513 1266 3582 qui
1296 3486 1460 3571 filium
1487 3534 1640 3575 suum
1662 3486 1757 3578 oc;

164 3571 379 3641 ciderit,
405 3586 460 3633 et
479 3579 708 3650 gladium
733 3597 789 3644 et
812 3605 1016 3661 ensem,
1042 3612 1138 3667 per
1158 3571 1316 3671 quem
1345 3604 1634 3667 fllinssuus
1664 3627 1758 3668 oc-

164 3661 329 3731 cisus,
355 3666 599 3740 destruit,
622 3687 675 3731 et
699 3677 751 3733 ill
775 3681 971 3739 multas
986 3661 1501 3757 partes-comminuit
1524 3717 1539 3753 :
1562 3702 1752 3759 eodem

166 3757 512 3861 modo-Deus
541 3767 681 3836 egit;
727 3774 848 3861 quia
873 3788 1096 3847 serpens
1116 3784 1268 3852 quasi
1302 3786 1509 3857 gladius
1537 3757 1749 3861 quidam

163 3845 367 3904 diaboli
393 3855 612 3912 servivit
633 3860 869 3929 nlalitiic,
899 3845 1207 3938 perpetuam
1238 3845 1334 3944 ipsi
1367 3845 1748 3947 pcenamﬁindi:

163 3937 257 4043 git,
286 3950 349 4042 tit
495 3943 596 4003 hoc
618 3951 759 4043 quod
786 3956 885 4011 sub
908 3973 1122 4017 sensum
1148 3973 1202 4020 et
1228 3937 1328 4023 sub
1350 3937 1627 4043 aspectum
1655 3937 1747 4033 ca-

160 4026 258 4124 dit,
305 4029 665 4105 intelligamus
707 4042 757 4098 in
797 4056 990 4115 quanta
1039 4030 1325 4123 ignouinia
1370 4026 1743 4124 si‘tvdiabolus.

161 4115 293 4173 Nam
335 4120 381 4176 si
423 4123 468 4178 is
513 4127 600 4197 qui
642 4140 699 4186 ut
734 4115 1142 4200 instrumentum
1182 4149 1521 4222 ministravit,
1550 4166 1746 4215 tantam

159 4220 414 4278 expertus
437 4225 519 4269 cst
548 4217 994 4296 indignationem,
1026 4236 1184 4304 quale
1216 4217 1531 4311 supplicium
1556 4249 1746 4305 verisi-

160 4297 285 4411 illiue
327 4310 411 4358 est
448 4321 815 4381 suscepturum
851 4319 1157 4381 diabolum?
1200 4297 1457 4392 lll10.h00
1494 4354 1592 4396 nos
1632 4340 1743 4411 jam

158 4384 338 4446 docuit
360 4392 411 4447 ill
433 4396 627 4458 divinis
656 4410 943 4479 evangeliis
968 4413 1213 4476 Christus
1234 4422 1417 4481 dicens
1444 4428 1509 4483 ad
1537 4384 1744 4503 eoslqui

160 4493 188 4533 a
215 4483 431 4543 sinistra
461 4504 585 4548 sunt
613 4502 881 4558 constituti
914 4522 927 4559 :
954 4505 1211 4568 Discedite
1242 4532 1274 4569 a
1308 4534 1387 4573 me
1412 4483 1742 4579 maledictijin

158 4571 629 4688 ignemuteternum,
660 4591 746 4658 qui
777 4610 1093 4665 purpuratus
1126 4615 1198 4659 est
1235 4605 1434 4666 diabolo
1468 4624 1515 4669 et
1552 4617 1743 4688 angelis

159 4666 266 4732 ejus
279 4667 516 4770 .(lla-t-tb.
643 4680 754 4749 41).
786 4683 861 4738 llli
884 4690 1025 4745 enim
1047 4694 1172 4750 olim
1197 4666 1522 4770 praeparatus

157 4758 546 4871 exstinguihilis
576 4768 661 4825 ille
688 4772 842 4844 ignis.
882 4778 1018 4846 Quid
1047 4801 1173 4857 ergo
1198 4758 1447 4849 miserius
1478 4758 1737 4871 illis,

157 4847 471 4920 negligendo
518 4859 737 4917 salutem
778 4883 926 4924 suam
971 4847 1175 4943 seipsos
1218 4886 1478 4953 supplicio
1523 4847 1736 4947 illi’o'h-

157 4939 343 4995 noxios
371 4944 622 5017 reddunt,
651 4956 791 5022 quod
828 4958 1038 5018 diabolo
1055 4939 1413 5039 pra-paratum
1444 4939 1734 5037 esti-'N‘aiu

155 5033 290 5093 quod
318 5035 468 5090 nobis
493 5079 506 5103 ,
536 5042 578 5095 si
612 5046 932 5107 voluerimus
961 5054 1207 5114 virtutem
1235 5066 1544 5137 alllplcxari,
1577 5082 1630 5126 et
1656 5075 1732 5129 lc-

152 5138 241 5192 ges
256 5141 286 5182 a
306 5127 522 5186 Christo
542 5145 763 5195 statutas
778 5147 946 5213 sequi,
967 5162 1203 5218 pilatum
1220 5158 1543 5231 sitfregnum,
1565 5168 1731 5236 ipsum

148 5218 268 5273 undi
294 5219 596 5293 loquentem
628 5254 641 5288 :
679 5233 865 5304 Venite,
895 5242 1137 5301 benedicti
1160 5248 1331 5308 Patris
1355 5259 1469 5322 mei,
1495 5259 1545 5313 in
1568 5262 1731 5318 luere-

145 5312 356 5369 ditatem
395 5323 605 5391 accipite
633 5344 839 5397 regnum
865 5376 878 5397 ,
910 5341 1044 5405 quod
1078 5343 1211 5397 vobis
1236 5362 1575 5416 prwparatum
1600 5365 1671 5409 est
1700 5375 1731 5409 a

150 5406 501 5500 ronstitrtliOtte
531 5420 704 5471 mundi
746 5421 902 5491 (Ibid.
928 5442 976 5482 tt.
1008 5431 1116 5500 Si).
1153 5406 1437 5495 Vidistiilli
1469 5406 1719 5500 inexst‘iﬁtl;

153 5495 395 5560 guibilem
424 5503 597 5571 ignem
630 5524 976 5582 prmparatuln
997 5561 1013 5587 ,
1045 5495 1195 5579 nobis
1226 5541 1399 5586 autem
1423 5574 1435 5597 ,
1466 5536 1562 5590 nisi
1590 5538 1729 5592 desi-

155 5587 243 5642 des
286 5594 560 5665 fuerimus,
594 5609 854 5671 regnum?
901 5611 1021 5669 illnc
1062 5616 1219 5686 igitur
1262 5626 1577 5694 cogitantes,
1611 5629 1726 5686 vita:

1298 384 1362 441 ΙΝ
1400 387 1550 442 CAP.
1582 387 1668 443 111.
1710 387 1950 448 GENES.
1996 393 2219 457 llOMlL.
2264 401 2423 465 XVII.

3385 425 3490 484 “3

1893 508 2118 581 lueritis,
2150 527 2203 571 et
2234 520 2467 577 nondum
2496 522 2620 581 fessi
2651 529 2799 599 estis,
2829 534 3020 590 iterum
3054 536 3104 592 in
3137 538 3371 597 medium
3398 545 3482 599 af-

1891 602 2120 662 fcralnus
2146 623 2356 678 pix-naui
2385 629 2504 684 quin
2529 621 2762 688 serpenti
2796 622 2991 681 inflicta
3015 638 3118 697 est,
3144 640 3200 684 ut
3228 631 3479 700 paulatim

1888 695 1955 750 ad
1996 696 2154 755 ﬁnem
2197 702 2381 773 judieii
2430 704 2792 779 ptopcra'ntes,
2829 695 3110 775 videamus
3140 695 3335 780 divina:
3372 726 3481 783 elc-

1888 789 2102 846 mentia:
2130 796 2568 863 magnitudinem.
2609 800 2742 857 Nam
2786 806 2830 860 si
2872 806 3115 867 homines
3139 811 3373 882 judicent
3396 817 3480 871 vi-

1887 880 2074 937 dentes
2105 886 2315 954 publice
2340 889 2638 959 sedentem,
2667 904 2717 950 et
2766 907 2951 954 contra
2994 916 3116 959 reos
3142 880 3479 963 sententiain

1886 976 2316 1041 pronuntiantem
2338 1020 2354 1046 ,
2397 995 2541 1052 sirpe
2571 991 2683 1041 toto
2711 987 2796 1045 die
2835 989 2906 1046 ibi
2946 1004 3185 1063 manent,
3216 1011 3314 1053 nec
3354 999 3481 1057 inde

1883 1061 2199 1133 abscedunt,
2225 1066 2397 1126 donec
2420 1076 2720 1133 surrexisse
2745 1078 2978 1139 viderint
3000 1083 3234 1153 judicem
3268 1106 3281 1142 :
3310 1091 3480 1145 multo

1885 1156 2061 1225 magis
2078 1172 2220 1214 nunc
2248 1174 2345 1215 nos
2374 1162 2581 1221 decebit
2598 1166 2833 1237 indicem
2856 1175 3043 1244 majori
3066 1191 3187 1232 cum
3206 1179 3481 1238 alacritate

1887 1245 2071 1302 videre
2097 1248 2294 1308 bonum
2325 1253 2522 1321 Deum,
2555 1263 2821 1329 quomodo
2848 1271 3077 1338 serpenti
3108 1286 3323 1342 gravem
3366 1290 3482 1346 pte-

1884 1351 2005 1392 nam
2032 1338 2365 1413 imposuerit,
2390 1356 2448 1402 ut
2470 1364 2567 1418 per
2585 1354 2854 1412 sensibilis
2875 1356 3033 1437 hujus
3059 1338 3241 1419 bestiae
3265 1338 3473 1435 poenas,

1882 1444 1985 1501 qua
2016 1432 2158 1487 velut
2184 1448 2384 1507 organo
2429 1454 2555 1498 usus
2593 1453 2677 1500 est
2711 1447 2975 1520 malignus
3000 1432 3089 1509 ille
3111 1432 3321 1511 daemon
3343 1498 3358 1522 ,
3392 1432 3478 1514 in;

1885 1524 2214 1596 telligamus,
2244 1545 2375 1602 quas
2403 1533 2474 1589 illi
2506 1551 2688 1605 pteuas
2715 1540 2767 1595 in
2795 1539 2975 1598 futuro
3014 1547 3209 1603 smculo
3242 1549 3478 1608 inflictu-

1882 1629 1975 1669 rus
2001 1618 2071 1671 sit
2097 1636 2112 1672 :
2136 1622 2404 1689 quomodo
2433 1625 2557 1681 item
2583 1630 2912 1688 misericordi
2941 1634 3279 1707 correptione
3303 1641 3477 1698 virum

1880 1713 1934 1760 et
1964 1708 2239 1765 mulierem
2273 1719 2516 1786 castiget,
2541 1735 2659 1788 qua:
2684 1721 2980 1780 admonitio
3012 1727 3187 1797 potius
3218 1731 3282 1786 sit
3315 1748 3475 1803 quam

1883 1798 2088 1865 punitio
2118 1816 2133 1855 :
2163 1813 2220 1857 ut
2259 1802 2342 1859 his
2370 1809 2618 1871 omnibus
2647 1811 2927 1884 diligenter
2948 1798 3354 1890 animadversis,
3381 1825 3478 1879 ad-

1880 1889 2135 1948 miremur
2163 1896 2444 1954 clementis
2471 1900 2562 1956 Dei
2592 1904 2977 1973 providentiam
2999 1951 3015 1977 ,
3042 1926 3200 1981 quam
3229 1914 3319 1971 illc
3346 1932 3473 1988 erga

1879 1992 2115 2038 nostram
2162 1995 2403 2044 naturam
2445 1992 2679 2049 exhibet.
2707 1995 2843 2063 Quid
2874 2013 3003 2070 ergo
3028 2002 3103 2057 illi
3133 2003 3375 2061 dictum?
3408 2008 3475 2063 Ιιί

1878 2071 2008 2127 dixit
2032 2073 2280 2134 Dominus
2305 2079 2441 2137 Deus
2464 2085 2682 2152 serpenti
2710 2102 2731 2141 :
2768 2088 2903 2154 Quia
2926 2091 3091 2163 fecisti
3118 2093 3231 2160 hoc,
3259 2097 3477 2153 maledi-

1876 2173 1987 2219 ctus
2023 2175 2078 2219 tu
2116 2184 2224 2236 pra:
2247 2171 2480 2227 omnibus
2510 2177 2793 2245 pecoribus,
2818 2189 2866 2234 et
2904 2198 3014 2250 pra:
3042 2185 3272 2242 omnibus
3305 2187 3474 2245 bestiis

1875 2272 1988 2327 quae
2016 2269 2131 2315 sunt
2157 2277 2311 2333 super
2334 2274 2539 2321 terram.
2573 2267 2742 2341 Super
2773 2281 2947 2343 pectus
2982 2284 3126 2331 tuum
3165 2288 3212 2332 et
3246 2290 3487 2343 ventrem.

1875 2358 2016 2404 tuum
2032 2352 2309 2423 gradieris,
2341 2367 2387 2411 et
2427 2367 2615 2414 terram
2650 2364 2881 2419 comedes
2907 2352 3139 2424 omnibus
3158 2370 3333 2426 diebus
3357 2374 3472 2429 vim

1873 2449 1991 2496 tute.
2035 2441 2105 2498 Et
2142 2445 2431 2503 inimicitias
2465 2467 2653 2519 ponam
2680 2452 2811 2509 inter
2835 2465 2883 2511 te
2900 2466 2949 2511 et
2970 2458 3098 2513 inter
3116 2462 3397 2525 mulierem.
3422 2474 3470 2518 et

1873 2532 2005 2587 inter
2042 2551 2209 2591 semen
2244 2546 2388 2594 tuum
2423 2550 2468 2595 et
2506 2557 2676 2597 semen
2713 2546 2844 2615 ejus.
2878 2543 3000 2615 Ipse
3022 2557 3165 2605 tuum
3187 2551 3470 2609 observabit

1871 2632 2043 2693 caput,
2066 2634 2113 2679 et
2133 2635 2186 2681 tu
2212 2626 2497 2685 observabis
2516 2632 2627 2703 ejus
2650 2634 2967 2693 calcaneum.

1942 2715 1994 2770 7.
2044 2716 2233 2774 Gravis
2276 2729 2331 2775 et
2374 2722 2664 2781 vehemens
2713 2726 3008 2799 indignatio
3054 2748 3068 2786 :
3105 2732 3229 2804 quia
3274 2749 3465 2806 magna

1870 2806 2029 2862 etiam
2060 2818 2114 2864 et
2158 2809 2346 2880 ingens
2388 2813 2654 2886 deceptio,
2702 2833 2862 2888 quam
2894 2835 2991 2893 per
3018 2822 3168 2880 illum
3196 2824 3464 2896 malignus

1866 2896 2077 2955 dmmon
2125 2899 2322 2957 intulit.
2354 2904 2421 2959 Et
2447 2906 2577 2962 dixit
2603 2906 2851 2967 Dominus
2877 2912 3015 2968 Deus
3040 2927 3261 2986 serpenti
3285 2934 3305 2973 :
3331 2919 3467 2987 Quia

1869 2987 2032 3056 fecisti
2057 2988 2170 3044 Iloc.
2214 2991 2348 3060 Quia
2388 2994 2500 3063 tali,
2550 2997 2740 3070 inquit,
2788 3002 3010 3060 malitia:
3036 3006 3373 3079 ministrasti,
3404 3023 3465 3068 ut

1866 3076 2014 3132 fraus
2060 3079 2147 3134 illa
2195 3096 2359 3151 opere
2378 3088 2757 3157 complcrctur,
2800 3091 2997 3149 malum
3024 3098 3304 3155 consilium
3329 3101 3463 3159 alic-

1868 3167 2054 3236 relido,
2099 3179 2153 3225 et
2198 3170 2357 3228 letale
2386 3176 2632 3244 poculum
2665 3184 3044 3253 temperando;
3072 3187 3193 3259 quia
3223 3189 3298 3246 sic
3327 3189 3461 3247 feci—

1864 3261 1955 3328 sti,
1978 3271 2032 3318 et
2054 3278 2086 3319 a
2115 3279 2233 3321 mea
2260 3266 2630 3328 benevolentia
2651 3274 2939 3333 excludere
2957 3279 3165 3336 voluisti
3188 3294 3462 3341 creaturas

1865 3369 2031 3422 meas,
2080 3357 2379 3415 ministerio
2425 3364 2642 3435 maligni
2690 3365 2953 3427 daemonis
2996 3375 3278 3432 sententia:
3302 3377 3452 3435 exhi-

1864 3444 1996 3512 bito,
2028 3448 2117 3518 qui
2148 3449 2215 3505 ob
2243 3452 2492 3509 invidiam
2520 3465 2576 3512 et
2606 3457 2876 3528 ingentem
2903 3463 3207 3533 superbiam
3245 3480 3397 3523 suam
3427 3484 3460 3525 e

1862 3537 2008 3591 czelis
2036 3537 2087 3592 in
2118 3547 2314 3596 terram
2337 3542 2576 3615 deiectus
2605 3556 2686 3603 est
2716 3566 2729 3603 :
2755 3559 3037 3620 propterea
3063 3555 3184 3625 quia
3217 3565 3269 3613 te
3294 3557 3345 3612 in
3373 3556 3459 3615 bis

1862 3634 1919 3681 ut
1944 3628 2297 3687 instrumento
2344 3644 2428 3690 est
2470 3652 2619 3703 usus,
2646 3649 2957 3709 perpetuam
2986 3642 3078 3699 tibi
3108 3661 3318 3715 poenam
3348 3649 3456 3704 inl-

1862 3734 2021 3789 pono,
2073 3732 2131 3778 ut
2168 3739 2265 3795 per
2308 3740 2393 3795 ea,
2439 3743 2557 3799 qua:
2603 3730 2693 3784 tibi
2738 3731 3058 3805 inferuntur,
3101 3746 3157 3793 et
3196 3740 3287 3797 ille
3314 3742 3455 3800 scire

1861 3810 2046 3878 possit,
2076 3813 2343 3883 quodnam
2387 3815 2559 3887 ipsum
2600 3830 2814 3877 maneat
2837 3825 3180 3896 supplicium,
3213 3838 3265 3885 et
3290 3830 3454 3890 futuri

1861 3901 2104 3960 homines
2129 3906 2458 3978 erudiuntur,
2501 3925 2569 3967 ne
2593 3913 2919 3970 scducantur
2954 3917 3152 3975 diaboli
3189 3923 3448 3990 consiliis,

1858 4011 2031 4067 neque
2062 3998 2204 4054 illius
2243 3999 2458 4058 fraudes
2489 4005 2791 4076 admittant,
2821 4016 2877 4064 ut
2902 4025 2971 4065 ne
2998 4010 3049 4065 in
3076 4013 3291 4070 easdem
3320 4016 3454 4073 inci-

1854 4090 1983 4145 dant
2023 4107 2227 4163 pinnas.
2277 4094 2562 4167 Propterea
2592 4100 2904 4160 maledictus
2922 4119 2983 4160 es
3014 4114 3067 4160 tu
3096 4107 3233 4164 inter
3260 4123 3450 4168 omnes

1856 4183 2072 4252 bestias,
2121 4187 2242 4256 quia
2268 4188 2587 4247 calliditate'
2608 4193 2746 4249 male
2769 4202 2824 4249 et
2855 4210 2962 4252 non
2993 4205 3052 4252 ut
3079 4200 3361 4270 oportebat
3386 4217 3448 4258 es

1856 4290 2004 4342 usus,
2035 4276 2129 4332 sed
2158 4278 2490 4350 privilegium
2537 4283 2679 4353 quod
2722 4298 2884 4356 super
2927 4290 3106 4345 omnia
3154 4293 3444 4351 animantia

1852 4366 2186 4437 possidebas,
2217 4369 2317 4426 hoc
2345 4371 2439 4427 tibi
2469 4373 2521 4427 in
2552 4375 2789 4432 omnium
2816 4378 3077 4436 malorum
3098 4384 3262 4439 cessit
3284 4400 3442 4441 ecca-

1850 4459 2079 4516 sionem.
2126 4462 2300 4533 inquit
2347 4466 2493 4521 enim
2542 4486 2555 4522 :
2618 4468 2841 4540 Serpens
2891 4482 3000 4528 erat
3046 4475 3443 4545 prudentissima

1850 4552 2073 4607 omnium
2098 4552 2387 4621 bestiarum,
2415 4573 2528 4619 autc
2550 4570 2691 4614 erant
2727 4579 2880 4633 super
2918 4573 3124 4622 terram.
3154 4567 3441 4640 Propterea

1850 4644 2163 4700 maledictus
2192 4656 2248 4701 tu
2296 4648 2434 4702 inter
2458 4652 2635 4706 omnia
2680 4652 2921 4721 iumenta
2945 4665 3000 4712 et
3024 4672 3212 4715 omnes
3240 4661 3440 4719 bestias

1849 4744 2007 4790 terra:
2054 4734 2263 4792 futurus
2293 4753 2371 4793 es.
2403 4738 2470 4793 Et
2496 4740 2615 4811 quia
2647 4743 2950 4801 maledictio
2980 4763 3086 4803 non
3123 4760 3238 4805 erat
3261 4754 3439 4807 sensi-

1848 4827 1986 4891 bilis,
2021 4843 2193 4899 ncque
2233 4831 2400 4886 oculis
2427 4832 2592 4889 videri
2623 4846 2851 4906 poterat,
2882 4848 3101 4909 propter
3134 4841 3237 4898 hoc
3261 4844 3439 4899 sensi~

1847 4919 2004 4975 bilem
2046 4922 2117 4976 illi
2159 4937 2368 4991 pinnam
2400 4924 2579 4994 infert,
2618 4936 2675 4983 ut
2703 4930 2959 4985 continuo
2985 4940 3109 4989 ante
3138 4934 3325 4992 oculos
3354 4936 3434 4990 vl-

1844 5010 1970 5066 dcre
2000 5012 2264 5082 possimus
2290 5016 2531 5086 supplicii
2555 5018 2672 5086 ejus
2703 5022 3046 5077 monimenta.
3073 5024 3243 5097 Super
3263 5038 3436 5096 pertus

1844 5112 1893 5156 et
1933 5118 2083 5172 super
2112 5114 2329 5159 ventrem
2357 5107 2625 5178 gradieris,
2668 5121 2716 5164 et
2737 5122 2922 5167 terram
2946 5117 3173 5171 comedes
3201 5119 3433 5173 omnibus

1841 5194 2013 5249 diebus
2042 5196 2155 5250 iiin
2175 5206 2275 5251 tua:
2297 5214 2315 5251 :
2344 5199 2464 5269 quia
2488 5198 2656 5256 forma
2680 5211 2766 5259 tua
2793 5204 2989 5261 abusus
3013 5223 3091 5276 es,
3118 5218 3174 5265 et
3198 5211 3250 5267 in
3277 5211 3431 5267 ﬂuui-

1843 5286 2123 5342 li.lritateni
2170 5290 2445 5347 rationalis
2487 5296 2733 5352 animalis
2777 5312 2806 5351 a
2855 5316 2941 5356 me
2996 5303 3199 5359 conditi
3240 5305 3428 5362 venire

1841 5394 1945 5432 non
1971 5378 2286 5435 formidasti.
2315 5383 2463 5439 Sicut
2491 5385 2651 5456 igitur
2674 5388 2936 5459 diabolus,
2980 5394 3066 5464 qui
3094 5410 3188 5466 per
3215 5405 3263 5452 te
3291 5412 3427 5468 ope-

1840 5483 2003 5537 ratus,
2048 5483 2104 5528 ct
2149 5483 2199 5529 te
2244 5476 2597 5535 instrumento
2642 5497 2769 5537 usus
2797 5494 2899 5550 est,
2947 5488 3146 5542 ecatlis
3170 5487 3422 5546 deorsum

1838 5563 2088 5635 ilcpulsns
2133 5574 2231 5629 est,
2287 5562 2407 5637 quia
2459 5571 2580 5640 plus
2625 5588 2782 5642 quam
2823 5574 3092 5645 dignitatis
3141 5595 3251 5636 sum
3286 5587 3419 5639 erat.

1836 5669 2018 5723 sapere
2055 5658 2265 5712 volebat
2296 5676 2306 5711 :
2343 5660 2412 5715 ita
2452 5662 2697 5720 similiter
2740 5667 2962 5735 impero,
3002 5679 3059 5724 ut
3098 5679 3150 5727 et
3177 5678 3231 5727 tu
3267 5674 3420 5729 aliain

1904 5828 1918 5859 ¹
1948 5828 2165 5892 (λλυίδιίιι.⁷
2184 5844 2310 5893 rore,
2337 5848 2440 5897 pro,
2467 5838 2765 5903 calliditate;
2790 5854 2881 5892 non
2919 5844 3061 5894 male.
