4152 6534
753 410 847 460 €15

747 523 1071 577 t‘ut-inationis
1115 525 1332 594 figurant
1381 525 1606 588 habeas;
1643 534 1698 579 et
1721 539 1879 593 super
1909 533 2102 580 terram
2133 541 2309 594 repas,

745 629 912 682 capte
937 614 1128 678 alaris;
1156 623 1314 685 atque
1342 615 1475 670 adeo
1503 630 1568 669 ne
1594 614 1742 670 liceat
1777 615 1866 670 tibi
1895 614 2115 685 posthac
2139 617 2311 685 suspi-

745 719 887 765 cere,
929 704 1021 757 sed
1062 719 1272 773 semper
1317 703 1369 758 in
1420 705 1518 758 hoc
1556 718 1772 759 maneas
1814 714 1972 770 statu,
2004 715 2057 759 et
2080 703 2223 759 solus
2248 720 2312 760 ex

743 795 1062 849 animalibus
1084 804 1221 850 terra
1254 795 1519 864 pascaris;
1544 803 1597 850 et
1620 810 1791 866 neque
1827 795 1926 850 hoc
1949 795 2158 849 solum:
2189 809 2312 849 nam

751 883 817 936 Et
834 885 1118 940 inimicitias
1143 902 1325 953 ponam
1358 886 1486 938 inter
1513 896 1558 940 te
1577 896 1624 939 et
1651 887 1779 938 inter
1791 884 2064 948 mulierem,
2091 885 2311 939 interse-

743 991 853 1029 men
876 983 1013 1028 tuum
1034 983 1078 1029 et
1097 990 1259 1029 semen
1281 975 1409 1043 ejus.
1432 974 1609 1044 Neque
1629 975 1726 1028 hoc
1738 982 2014 1028 contentus
2033 988 2145 1038 ero,
2173 973 2312 1044 quod

739 1078 897 1132 super
948 1073 1138 1118 terram
1188 1074 1398 1133 reptes,
1451 1065 1542 1120 sed
1587 1074 1640 1118 et
1686 1064 1950 1118 inimicam
1997 1062 2312 1133 fcederisque

741 1154 968 1207 nesciam
1014 1154 1197 1209 faciam
1249 1156 1339 1210 tibi
1389 1155 1660 1208 mulierem
1700 1168 1917 1225 :neque
1957 1169 2076 1208 eam
2120 1154 2309 1221 solam,

735 1245 827 1299 sed
867 1255 920 1301 et
963 1261 1145 1301 semen
1174 1247 1288 1315 ejus
1311 1247 1517 1318 .semini
1550 1257 1640 1302 tuo
1665 1248 1872 1305 hostem
1901 1257 2208 1318 perpetuum
2236 1248 2312 1302 fa-

735 1335 888 1388 ciam.
928 1335 1046 1405 Ipse
1073 1347 1209 1388 tuum
1234 1337 1507 1390 observabit
1528 1348 1702 1408 caput,
1745 1347 1792 1391 et
1816 1347 1871 1390 tu
1896 1338 2005 1408 ejus
2033 1339 2309 1393 aberrabis

737 1425 1041 1478 calcaneum.
1095 1426 1318 1480 Tantum
1366 1427 1507 1481 enim
1561 1428 1632 1482 illi
1679 1428 1840 1483 robur
1883 1428 2200 1494 concedam,
2251 1437 2307 1482 ut

733 1515 985 1569 continuo
1032 1517 1301 1572 incumbat
1343 1517 1500 1587 capiti
1547 1530 1656 1585 tuo,
1690 1529 1741 1574 te
1787 1529 1962 1576 autem
2000 1520 2182 1574 faciam
2209 1521 2309 1575 sub

734 1604 953 1671 pedibus
995 1606 1110 1675 ejus
1152 1608 1350 1676 jacere.
1397 1609 1650 1673 Videbic,
1696 1609 1904 1672 dilecte.
1955 1624 2050 1678 per
2093 1625 2304 1679 poenam

735 1697 854 1751 huic
883 1698 1066 1752 bestia:
1092 1699 1416 1768 deputatam,
1445 1711 1692 1769 quantam
1721 1701 1934 1756 humani
1977 1703 2188 1772 generis
2213 1717 2305 1757 cu-

734 1800 843 1839 ram
873 1787 1023 1842 uobis
1047 1788 1392 1844 demonstret.
1419 1789 1484 1844 Et
1513 1791 1611 1844 boc
1641 1789 1854 1860 quidem
1883 1791 1951 1845 de
1981 1791 2168 1846 visibili
2191 1805 2307 1847 ser-

733 1885 888 1943 pente
917 1894 930 1932 :
963 1878 1084 1932 licet
1131 1889 1305 1934 autem
1336 1881 1531 1936 volenti
1578 1891 1761 1950 postea
1807 1882 2146 1938 considerare
2169 1884 2302 1938 scri-

736 1976 941 2032 ptontm
971 1969 1186 2034 seriem,
1208 1977 1262 2024 et
1285 1983 1608 2040 cognoscere
1633 1971 1676 2024 si
1699 1971 1766 2025 de
1794 1971 2030 2026 sensibili
2058 1980 2305 2042 serpente

734 2058 846 2112 lucc
890 2058 1026 2113 dicta
1057 2071 1197 2122 sunt,
1241 2061 1406 2114 multo
1436 2062 1601 2132 magis
1628 2062 1931 2132 accipienda
1961 2079 2082 2120 esse
2107 2063 2174 2119 de
2198 2064 2304 2134 spi-

731 2151 903 2205 rituaii
957 2162 1223 2220 serpente.
1273 2153 1479 2207 Etenim
1526 2161 1579 2207 et
1632 2155 1780 2208 illum
1836 2155 2059 2224 pedibus
2107 2155 2303 2211 nostris

729 2239 954 2308 subjecit
987 2241 1336 2307 lutmiliatum,
1362 2252 1417 2298 et
1446 2243 1496 2298 id
1541 2244 1780 2312 praestitit
1807 2253 1863 2300 ut
1884 2261 1982 2301 nos
2001 2247 2120 2316 ejus
2143 2246 2301 2316 capiti

729 2329 1113 2386 incumbamus.
1156 2333 1344 2388 Annon
1395 2333 1494 2389 hoc
1540 2335 1803 2405 significat
1849 2337 2052 2404 dicens,
2103 2337 2304 2394 Calcate

727 2435 880 2487 super
906 2431 1177 2488 serpentes,
1226 2433 1272 2476 et
1313 2424 1600 2491 scorpiones
1633 2423 1780 2494 (Luc.
1811 2427 1896 2481 i0.
1939 2427 2065 2497 i9)?
2101 2427 2303 2484 Deinde

731 2523 796 2563 ue
827 2519 1070 2578 putemus
1097 2509 1163 2565 de
1187 2511 1524 2567 sensibilibus
1555 2512 1680 2568 feris
1704 2528 1823 2569 esse
1847 2515 2067 2582 dictum,
2089 2515 2300 2571 subdit:

737 2597 800 2650 Et
826 2615 976 2667 super
998 2615 1193 2654 omnem
1221 2603 1449 2655 virtutem
1486 2602 1695 2656 inimici.
1732 2602 1948 2658 Vidistis
1985 2618 2048 2659 ex
2077 2603 2159 2658 bis
2183 2620 2302 2675 quas

727 2687 865 2743 dicta
909 2697 1030 2743 sunt
1075 2690 1141 2744 de
1186 2705 1341 2759 paena
1390 2692 1740 2747 instrumento
1784 2692 2045 2749 diabolieo
2082 2693 2298 2762 inﬂicta,

730 2779 997 2847 ingentem
1038 2778 1130 2834 Dei
1183 2779 1603 2837 humanitatem?
1653 2779 1937 2838 Veniamus
1981 2786 2203 2851 lterum,
2256 2785 2301 2839 si

723 2869 918 2937 placet,
967 2869 1031 2923 ad
1079 2872 1374 2926 mulierem.
1402 2872 1632 2943 Serpens
1658 2875 1778 2944 quia
1806 2875 2063 2930 fallaciam
2105 2876 2299 2941 intulit,

729 2967 1005 3026 propterea
1051 2969 1106 3015 et
1151 2975 1359 3030 pinnam
1402 2964 1514 3033 ipse
1552 2963 1754 3033 primus
1790 2966 2036 3036 accepit:
2078 2973 2133 3020 et
2177 2966 2300 3036 quia

729 3049 900 3116 primo
939 3048 1212 3104 mulierem
1240 3050 1466 3120 decepit,
1500 3062 1553 3108 et
1582 3053 1673 3107 illa
1699 3063 1880 3122 postea
1918 3055 2087 3109 virum
2118 3069 2300 3110 secum

727 3139 907 3203 traxit,
939 3138 1059 3195 ideo
1087 3150 1140 3195 et
1169 3141 1280 3211 ipsa
1313 3143 1456 3211 prior
1482 3143 1729 3212 plectitur
1756 3159 1908 3212 ruina
1937 3159 2181 3215 magnam
2208 3145 2302 3200 ad-

732 3228 1075 3283 monitionem
1116 3229 1364 3286 habente.
1412 3232 1498 3286 16.
1527 3231 1594 3285 Et
1620 3233 1818 3287 mulieri
1844 3234 1972 3286 dixit
1995 3249 2013 3286 :
2041 3232 2300 3303 Multipli-

727 3333 848 3371 τινα
886 3319 1223 3385 multiplicabo
1263 3337 1514 3375 a'rumnas
1539 3330 1670 3388 tuas,
1698 3331 1744 3375 et
1767 3324 2006 3392 gemitum
2046 3333 2182 3376 tuum
2211 3339 2230 3377 .'
2249 3325 2302 3378 in

723 3411 979 3464 doloribus
1003 3415 1167 3481 paries
1195 3413 1361 3480 ﬁlios;
1396 3423 1445 3469 et
1470 3415 1538 3468 ad
1559 3417 1721 3468 virum
1749 3424 1886 3469 tuum
1913 3417 2166 3470 conum-sio
2192 3427 2296 3484 tua,

724 3511 769 3554 et
794 3503 900 3571 ipse
917 3505 988 3556 tui
1008 3505 1363 3559 dominabitur.
1387 3506 1520 3562 Vide
1540 3506 1829 3564 bonitatem
1853 3507 2083 3574 Domini,
2107 3514 2299 3578 quanta

728 3603 844 3662 po.~t
894 3604 1091 3648 tantam
1142 3598 1625 3665 prgevaricationem
1666 3599 2071 3654 mansuetudine
2115 3601 2297 3655 utitur.

734 3684 1074 3752 Multiplicans
1115 3688 1451 3758 multiplicabo
1495 3705 1745 3744 wrumnas
1785 3699 1916 3744 luas.
1950 3690 2062 3760 Ego
2088 3691 2303 3760 quidem

732 3777 994 3843 volebam,
1027 3776 1213 3845 inquit,
1233 3785 1283 3832 te
1302 3779 1431 3832 citra
1452 3779 1686 3835 dolorem
1713 3789 1766 3833 et
1785 3795 2075 3836 aerumnam
2097 3780 2296 3848 vivere,

728 3869 1050 3937 liberamque
1078 3868 1144 3923 ab
1171 3869 1313 3923 omni
1341 3885 1571 3926 maerore
1594 3878 1648 3925 et
1685 3871 1913 3935 tristitia,
1955 3879 2008 3926 et
2036 3873 2181 3925 omni
2208 3887 2300 3925 vo-

725 3957 923 4025 luptate
955 3957 1166 4027 repleri,
1194 3968 1246 4013 et
1276 3959 1398 4013 licet
1418 3973 1643 4029 corpore
1667 3959 2069 4024 circumdatam,
2103 3975 2298 4031 corpo-

725 4046 979 4115 poralium
1034 4063 1194 4102 sensu
1239 4064 1344 4102 non
1389 4049 1527 4104 affici
1560 4067 1574 4104 :
1602 4059 1656 4104 at
1699 4051 1820 4120 quia
1867 4067 1971 4106 non
2023 4068 2115 4107 usa
2159 4067 2218 4108 es
2245 4061 2302 4108 ut

724 4144 933 4202 Oportet
983 4145 1124 4190 tanta
1169 4137 1539 4208 pr05peritate,
1584 4139 1678 4195 sed
1726 4139 1995 4196 afﬂuentia
2037 4141 2296 4196 bonorum

729 4235 838 4280 inm
867 4227 1126 4296 ingratum
1172 4227 1265 4282 tibi
1316 4228 1550 4282 animum
1603 4231 1823 4297 invexit,
1878 4240 2155 4300 propterea
2203 4231 2297 4286 tibi

726 4319 929 4371 fremun
983 4319 1214 4387 impono,
1274 4325 1334 4372 ut
1379 4334 1446 4373 ne
1499 4319 1724 4389 amplius
1774 4321 2036 4386 lascivias,
2080 4322 2147 4377 ad
2199 4323 2295 4377 tri-

725 4407 897 4461 stitias
956 4417 1010 4461 et
1076 4409 1302 4478 gemitus
1376 4417 1428 4463 te
1488 4408 1870 4465 condemnans.
1946 4410 2295 4482 Multiplicans

725 4499 1063 4562 multiplicabo
1121 4515 1372 4554 (erumnas
1425 4511 1566 4567 tuas,
1624 4509 1672 4556 et
1723 4503 1960 4571 gemitum
2026 4514 2162 4557 tuum
2191 4523 2210 4558 :
2242 4505 2298 4558 in

718 4590 980 4644 doloribus
1025 4591 1188 4659 paries
1227 4591 1381 4656 ﬁlios.
1425 4593 1577 4659 Rem,
1623 4592 1811 4663 inquit,
1859 4607 2062 4663 magna
2106 4596 2298 4650 laetitiae

726 4690 779 4735 et
809 4681 1033 4736 filiorum
1055 4683 1482 4751 propagatiouem
1506 4697 1536 4736 a
1563 4681 1748 4737 dolore
1768 4694 1825 4737 ut
1848 4684 2067 4753 incipias
2084 4685 2293 4750 faciam,

727 4780 782 4825 ut
810 4779 862 4826 et
890 4772 998 4840 ipsa
1030 4787 1126 4840 per
1169 4772 1423 4842 cujusque
1453 4781 1631 4842 partus
1664 4773 1874 4830 dolores
1918 4783 1972 4830 et
1999 4791 2292 4846 aerumnas,

719 4870 983 4931 perpetuo
1009 4862 1273 4916 mouearis
1295 4874 1487 4933 quanta
1516 4863 1587 4916 sit
1611 4863 1811 4931 peccati
1834 4872 1888 4918 et
1925 4863 2295 4920 inobedicntize

729 4951 1054 5020 magnitudo,
1101 4960 1154 5007 et
1195 4969 1262 5007 ne
1287 4968 1533 5022 processu
1563 4955 1816 5023 temporis
1839 4954 2086 5010 oblivioni
2119 4957 2294 5013 tradas

725 5043 865 5110 quod
898 5041 1088 5097 factum
1119 5050 1220 5109 est,
1249 5043 1341 5098 sed
1369 5059 1555 5099 noscas
1583 5044 1881 5114 huiusmodi
1911 5045 2170 5103 fallaciam
2200 5049 2295 5102 lto-

726 5148 841 5186 rum
870 5135 960 5188 tibi
991 5149 1200 5188 causam
1227 5133 1407 5189 fuisse.
1437 5134 1720 5204 Propterea
1748 5137 2094 5208 Multiplicans
2121 5141 2294 5194 multi-

725 5225 917 5291 plicabo
956 5241 1203 5279 aerumnas
1243 5235 1372 5293 tuas,
1413 5237 1459 5280 ct
1483 5227 1720 5297 gemitum
1765 5237 1937 5283 tuum:
1964 5231 2014 5284 in
2039 5231 2295 5285 doloribus

727 5315 890 5380 paries
951 5315 1100 5382 ﬁlios.
1145 5315 1240 5370 llic
1288 5315 1546 5382 significat
1597 5317 1995 5386 parturientium
2056 5319 2289 5387 dolores,

729 5405 1172 5476 multiplicemque
1213 5407 1356 5460 illum
1407 5409 1659 5476 laborem,
1706 5425 1863 5479 quem
1892 5409 2031 5466 ferre
2075 5426 2292 5469 necesse

728 5505 811 5548 est
841 5513 853 5547 :
885 5512 1071 5566 nempe
1114 5505 1190 5551 tot
1237 5498 1526 5562 mensibus,
1567 5501 1710 5554 velut
1748 5500 2007 5557 sarcinam
2040 5503 2290 5558 infantem

728 5597 959 5654 gestare,
1011 5598 1062 5639 et
1098 5588 1296 5642 sentire
1340 5588 1648 5657 singulares,
1700 5606 1818 5660 qua:
1867 5591 1988 5645 inde
2027 5595 2288 5658 oriuntur,

730 5690 1014 5737 terumnas.
1043 5678 1397 5733 membrorum
1429 5679 1821 5745 distorsionem,
1855 5691 1908 5736 et
1937 5682 2290 5739 intolerabiles

731 5765 845 5820 illos
874 5766 1077 5821 dolores
1102 5781 1234 5835 quos
1264 5767 1388 5823 solm
1422 5768 1522 5824 illa:
1545 5770 1870 5842 sciunt,qua:
1899 5783 2127 5844 experta:
2145 5784 2283 5828 sunt.

1481 413 1536 468 S.
1572 410 1844 467 10.“le
1882 410 2300 475 ειιῐιῐεοετω

2405 414 2698 480 iBCllll-iP.
2737 415 3267 477 CONSTANTINUP.
3785 405 3794 412 ’
3900 421 3979 474 tu

2494 529 2546 584 8.
2580 531 2712 598 Spes
2737 531 2853 585 boni
2871 531 3028 601 futuri
3059 531 3192 584 nsala
3218 533 3346 584 leuat
3372 531 3660 598 praesentia.
3685 560 3752 571 -—
3778 530 3957 585 Verum

2423 624 2598 670 tamen
2629 617 2898 673 doloribus
2936 627 3076 672 tanta
3107 619 3295 672 solatia
3341 619 3496 673 simul
3535 618 3816 673 admiscuit
3844 620 3976 674 lieni.

2419 722 2553 776 gnus
2583 708 2742 776 Deus,
2775 721 2828 763 ut
2859 709 3026 764 ferme
3057 709 3436 764 conferendum
3462 711 3532 763 sit
3555 709 3824 779 gaudium,
3854 712 3976 776 quod

2419 813 2483 852 ex
2515 808 2640 854 nato
2684 814 2849 869 puero
2883 801 3139 864 habetur,
3171 816 3292 855 cum
3332 801 3601 855 doloribus
3647 801 3753 855 illis
3787 800 3874 870 qui
3915 809 3978 855 tot

2421 889 2694 944 mensibus
2720 899 2956 946 ventrem
2995 891 3276 947 dissecant.
3310 890 3442 946 Nam
3465 905 3584 960 qum
3614 899 3817 944 tantum
3848 891 3978 946 labo-

2420 995 2532 1034 rem
2565 979 2763 1046 ferunt,
2794 990 2976 1051 totque
2997 980 3238 1036 dolorum
3259 980 3579 1036 cruciatibus
3601 979 3974 1049 disarpuntur,

2418 1080 2472 1122 ut
2503 1084 2639 1139 pene
2662 1069 2729 1124 de
2757 1071 2867 1140 ipsa
2890 1073 2994 1124 vita
3014 1070 3329 1139 desperent;
3362 1079 3639 1140 postquam
3668 1073 3972 1140 pepercrint,

2415 1166 2468 1210 et
2497 1157 2771 1213 doloribus
2798 1158 2992 1214 fuerint
3015 1160 3202 1214 soluta:
3221 1201 3237 1227 ,
3264 1159 3549 1230 laetitiaque
3579 1158 3680 1214 frui
3707 1159 3973 1230 copeript,

2417 1247 2606 1302 iterum
2633 1250 2783 1319 quasi
2810 1250 2987 1305 oblitae
3015 1250 3253 1305 laborum
3281 1251 3541 1313 omnium,
3574 1249 3800 1304 filiorum
3832 1263 3978 1318 gene-

2415 1337 2604 1392 ratioui
2649 1352 2868 1408 Operam
2911 1339 3039 1393 dant
3071 1356 3084 1392 :
3115 1339 3193 1393 sic
3221 1339 3563 1408 dispensante
3601 1337 3830 1407 benigno
3860 1337 3975 1399 Deo,

2414 1436 2470 1480 ut
2495 1427 2766 1482 hominum
2795 1437 3037 1483 servetur
3059 1442 3246 1498 genus.
3275 1428 3499 1497 Semper
3523 1427 3664 1481 enim
3693 1425 3977 1480 futurorum

2412 1518 2670 1574 bonorum
2718 1535 2842 1590 spes
2885 1519 2936 1575 id
2986 1519 3186 1586 efficit,
3231 1529 3287 1574 ut
3331 1518 3608 1588 presentia
3659 1516 3978 1572 incommoda

2410 1610 2577 1663 levius
2605 1609 2857 1664 ferantur.
2889 1610 2944 1665 ld
2973 1609 3112 1680 quod
3144 1611 3198 1664 in
3230 1608 3647 1678 negotiatoribus
3700 1609 3820 1677 quis
3844 1607 3979 1661 vide-

2409 1700 2510 1765 rit,
2543 1701 2631 1769 qui
2676 1701 2904 1770 ingentia
2952 1701 3116 1754 maria
3150 1706 3422 1753 transeunt
3442 1739 3458 1765 ,
3489 1697 3758 1767 naufragia
3789 1701 3978 1762 ferunt,

2409 1797 2464 1843 et
2496 1789 2694 1858 piratas
2717 1830 2731 1853 ,
2777 1804 2840 1844 ac
2881 1799 3000 1860 post
3043 1790 3277 1860 pericula
3310 1789 3473 1844 multa
3497 1830 3512 1854 ,
3543 1789 3735 1858 quibus
3781 1789 3977 1842 illorum

2407 1893 2531 1947 spes
2555 1878 2856 1944 frustratur,
2882 1894 3054 1949 neque
3080 1879 3156 1934 sic
3179 1888 3351 1932 tamen
3373 1877 3653 1943 desistunt,
3679 1879 3769 1932 sed
3796 1879 3977 1932 iterum

2407 1967 2594 2023 eadem
2639 1978 2920 2024 attentarit.
2970 1969 3080 2023 [loc
3118 1969 3277 2024 etiam
3319 1967 3387 2022 de
3416 1967 3664 2038 agricolis
3711 1982 3979 2037 possemus

2407 2061 2586 2117 dicere
2610 2063 2626 2094 ⁸
2656 2077 2670 2115 :
2702 2062 2898 2116 etenim
2929 2071 2982 2117 et
3012 2061 3084 2116 illi
3121 2077 3241 2115 cum
3283 2060 3543 2130 profunde
3569 2060 3836 2115 secueriut
3878 2068 3979 2114 ter-

2407 2167 2542 2216 ram,
2577 2160 2630 2206 et
2667 2151 2953 2221 diligenter
2977 2151 3342 2214 excoluerint,
3369 2166 3433 2206 ac
3470 2150 3668 2220 largam
3694 2159 3979 2204 sementem

2401 2241 2662 2310 iecerint,
2702 2255 2846 2310 saepe
2889 2240 3134 2296 ariditate
3174 2241 3258 2295 vel
3288 2239 3589 2296 immodicis
3638 2239 3867 2308 pluviis,
3902 2239 3979 2293 vel

2407 2331 2621 2386 tandem
2653 2330 2869 2402 quando
2900 2331 3151 2402 manipuli
3179 2331 3499 2402 colligendi,
3530 2330 3774 2401 rubigine
3797 2345 3981 2400 super-

2407 2424 2684 2488 veniente,
2717 2436 2810 2492 spe
2835 2437 2931 2478 sua
2957 2422 3212 2478 excidunt
3243 2439 3256 2475 :
3303 2431 3668 2477 verumtamen
3711 2436 3885 2490 neque
3913 2421 3982 2474 illi

2407 2512 2482 2566 sic
2508 2510 2808 2577 desistunt;
2850 2513 2943 2567 sed
2971 2512 3161 2566 iterum
3189 2521 3246 2566 ut
3275 2520 3484 2582 tempus
3506 2510 3814 2582 appetierit,
3845 2510 3981 2580 agri-

2405 2601 2672 2655 culturam
2710 2610 2986 2656 exercent.
3019 2601 3194 2670 Atque
3240 2601 3292 2655 iu
3335 2601 3754 2671 quibuscumque
3797 2599 3984 2653 studiis

2404 2702 2459 2746 et
2485 2691 2686 2746 artibus
2715 2692 2818 2746 hoc
2846 2691 3059 2747 obvium
3090 2700 3192 2746 est.
3220 2691 3309 2746 Sic
3337 2692 3530 2746 mulier
3556 2705 3767 2761 quoque
3791 2700 3848 2746 et
3877 2690 3983 2761 ipsa

2404 2796 2548 2852 stupe
2574 2791 2694 2852 post
2716 2791 2793 2837 tot
2817 2795 3034 2838 menses
3057 2781 3198 2848 illos,
3221 2789 3341 2851 post
3367 2779 3726 2836 intolerabiles
3751 2781 3982 2845 dolores,

2407 2883 2526 2942 post
2551 2881 2735 2927 noctes
2756 2872 3049 2936 insomnes,
3074 2879 3195 2941 post
3222 2871 3586 2926 membrorum
3606 2871 3982 2939 distensiones,

2406 2977 2569 3032 parvo
2609 2962 2842 3033 quodam
2889 2976 3014 3016 casu
3060 2961 3366 3028 incidente,
3413 2961 3536 3016 licet
3579 2971 3703 3017 ante
3732 2972 3985 3018 statutum

2405 3059 2617 3122 tempus
2665 3061 2872 3122 partum
2921 3051 3234 3107 abortiverit
3282 3051 3601 3118 informem,
3649 3063 3703 3109 et
3750 3054 3986 3109 nondum

2407 3143 2744 3198 lineamentis
2789 3141 3110 3214 figuratum;
3140 3142 3226 3197 vel
3271 3141 3556 3197 formatum
3585 3143 3799 3214 quidem
3824 3184 3842 3208 ,
3884 3159 3986 3200 non

2409 3233 2672 3302 integrum
2702 3241 2898 3298 autem,
2934 3247 3106 3302 neque
3132 3247 3343 3299 sanum,
3373 3233 3459 3287 vel
3488 3234 3646 3288 etiam
3676 3248 3822 3302 szepe
3846 3251 3988 3290 morb

2406 3332 2554 3378 tuum
2580 3364 2594 3385 ,
2625 3323 2711 3376 vix
2754 3337 2784 3376 e
2811 3323 3060 3392 periculis
3089 3323 3268 3391 elapsa
3294 3338 3308 3375 :
3341 3331 3574 3377 attamen
3621 3323 3771 3392 quasi
3821 3323 3987 3380 oblita

2406 3415 2594 3469 borum
2621 3415 2858 3469 omnium
2882 3455 2896 3478 ,
2944 3413 3132 3468 eadem
3171 3428 3291 3482 qua:
3334 3422 3490 3467 antea
3535 3414 3635 3468 fert
3677 3423 3731 3468 et
3772 3415 3985 3470 tolerat.

2406 3504 2473 3558 Et
2501 3504 2625 3574 quid
2653 3503 2772 3558 dico
2800 3502 3030 3558 eadem?
3076 3501 3232 3572 Smpe
3258 3517 3377 3556 cum
3419 3501 3528 3557 fetu
3572 3511 3697 3557 nato
3724 3505 3988 3559 commori

2405 3609 2496 3650 eas
2541 3595 2839 3664 contingit,
2885 3603 2938 3647 et
2967 3609 3139 3663 neque
3180 3593 3282 3648 hoc
3319 3602 3541 3649 caeteras
3570 3603 3770 3659 terret,
3815 3611 3988 3667 neque

2405 3687 2688 3754 persuadet
2715 3695 2770 3738 ut
2800 3700 2911 3740 rem
2942 3683 3138 3755 fugiant
3169 3704 3181 3739 :
3215 3694 3413 3740 tantam
3445 3686 3585 3740 Deus
3612 3687 3854 3742 tristibus
3883 3689 3988 3744 illis

2406 3776 2596 3830 insevit
2634 3775 2956 3844 voluptatem
3002 3774 3159 3830 simul
3202 3783 3256 3829 et
3301 3775 3564 3832 laetitiam.
3609 3775 3837 3846 PrOpter
3886 3778 3989 3834 hoc

2403 3865 2611 3920 diccbat
2651 3884 2664 3918 :
2716 3864 3061 3935 Multiplicans
3116 3865 3461 3935 multiplicabo
3502 3882 3752 3921 aerumnas
3799 3877 3988 3925 tuaset

2403 3956 2638 4022 gemitum
2669 3963 2848 4017 tuum;
2890 3954 2941 4007 in
2985 3954 3242 4007 doloribus
3287 3955 3452 4024 paries
3493 3955 3648 4023 ﬁlios.
3681 3955 3794 4011 Hoc
3823 3959 3987 4013 etiam

2405 4044 2649 4099 Cbristus
2675 4045 2882 4100 diccbat
2910 4045 3181 4114 discipulis
3207 4047 3337 4111 suis,
3365 4056 3672 4103 monstrans
3699 4059 3806 4104 tam
3836 4051 3990 4106 dolo-

2406 4133 2480 4188 ris
2506 4133 2942 4203 magnitudinem,
2964 4151 3121 4203 quam
3146 4134 3340 4189 lmtititc
3367 4136 3733 4192 excellentiam
3759 4156 3772 4192 :
3797 4138 3991 4194 Mulier

2402 4227 2606 4296 quando
2632 4227 2788 4296 parit,
2821 4226 3071 4280 tristitiam
3103 4227 3273 4292 habet,
3302 4229 3538 4296 quoniam
3565 4230 3696 4283 venit
3725 4231 3851 4284 liora
3879 4233 3990 4302 ejus

2405 4314 2591 4385 (Joan.
2624 4315 2707 4370 16.
2730 4316 2793 4370 21
2826 4316 2843 4384 )
2876 4331 2891 4370 :
2923 4314 3114 4370 deinde
3140 4316 3324 4370 volens
3351 4316 3504 4371 nobis
3531 4317 3806 4373 declarare
3847 4337 3988 4390 quo-

2403 4407 2561 4461 modo
2582 4407 2752 4460 tristia
2779 4406 2936 4461 simul
2966 4420 2997 4460 e
3023 4405 3198 4461 medio
3227 4406 3500 4469 tollantur,
3523 4407 3773 4477 gaudium
3806 4421 3988 4465 autent

2401 4507 2453 4553 et
2477 4497 2656 4551 lautitia
2686 4496 3010 4562 succedant,
3041 4496 3208 4566 inquit
3241 4512 3257 4551 :
3293 4497 3514 4564 Quando
3543 4507 3706 4550 autem
3735 4501 3989 4569 pepererit

2402 4605 2630 4660 puerum,
2674 4605 2773 4642 non
2808 4592 2920 4659 jam
2949 4604 3136 4642 memor
3167 4596 3240 4642 est
3267 4589 3552 4658 amictionis
3573 4629 3586 4652 ,
3614 4599 3824 4660 prapter
3847 4609 3986 4661 gau-

2400 4682 2538 4734 dium
2557 4723 2572 4746 ,
2605 4682 2722 4751 quia
2753 4690 2902 4732 natus
2929 4689 3000 4734 est
3032 4679 3180 4732 homo
3223 4680 3275 4732 in
3300 4680 3568 4734 mundum.
3603 4679 3824 4734 Vidistis
3855 4697 3988 4751 pro-

2400 4771 2684 4826 videntiam
2712 4778 2766 4824 et
2790 4784 2969 4825 curam
3009 4768 3172 4822 nostri
3211 4768 3506 4823 eximiam?
3535 4768 3738 4824 vidistis
3767 4785 3988 4839 ptnnam

2399 4859 2775 4915 admonitionis
2816 4857 3065 4928 plenam?
3096 4856 3160 4911 In
3192 4857 3448 4912 doloribus
3478 4860 3643 4928 paries
3673 4859 3828 4927 ﬁlios.
3879 4860 3984 4916 De-

2401 4953 2543 5013 inde,
2571 4952 2650 5004 Ad
2669 4952 2831 5004 uirum
2858 4960 2998 5004 tuum
3025 4950 3280 5004 conversio
3299 4959 3409 5015 tua,
3436 4961 3482 5004 et
3507 4951 3615 5021 ipse
3639 4951 3988 5006 dominabitur

2403 5046 2488 5098 tui.
2538 5043 2696 5111 Quasi
2740 5057 2797 5097 se
2840 5039 3132 5096 defendens
3179 5039 3318 5111 apud
3368 5041 3644 5096 mulierem
3689 5040 3805 5097 haec
3853 5042 3988 5098 dicit

2400 5134 2654 5204 benignus
2686 5133 2848 5188 Deus.
2879 5132 3018 5202 Ego,
3052 5131 3252 5201 inquit,
3286 5130 3352 5186 ab
3382 5131 3532 5186 initio
3559 5131 3764 5187 honore
3794 5147 3987 5203 parem

2401 5235 2452 5281 te
2481 5226 2731 5291 formavi,
2765 5234 2818 5280 et
2841 5223 3078 5294 ejusdem
3111 5222 3380 5293 dignitatis
3408 5224 3458 5278 in
3488 5223 3736 5278 omnibus
3764 5227 3988 5293 particio

2399 5331 2517 5386 pem
2541 5357 2556 5382 ,
2599 5325 2655 5371 et
2683 5317 2820 5370 sicut
2860 5315 3004 5378 viro,
3036 5315 3106 5368 ita
3148 5323 3202 5368 et
3233 5315 3322 5369 tibi
3363 5315 3599 5369 omnium
3625 5317 3987 5386 principatum

2397 5404 2698 5461 concredidi
2730 5422 2742 5458 :
2765 5415 3016 5459 cmterum
3044 5402 3163 5473 quia
3185 5403 3347 5458 abusa
3374 5417 3432 5458 es
3457 5402 3674 5458 honoris
3693 5403 3984 5473 dignitate.

2396 5497 2620 5566 summa
2667 5505 2716 5550 te
2741 5496 2875 5560 vim,
2925 5494 2987 5548 ις(
3013 5495 3079 5546 ad
3107 5496 3266 5548 virum
3304 5504 3444 5548 tuum
3487 5497 3742 5548 conversio
3773 5508 3861 5550 tua
3887 5539 3904 5563 ,
3941 5512 3986 5552 ct

2397 5589 2504 5654 ipse
2528 5585 2599 5638 tui
2619 5585 2972 5638 dominabitur.
3003 5583 3132 5649 Quia
3165 5582 3349 5637 relicto
3369 5598 3433 5638 eo
3462 5584 3550 5654 qui
3579 5583 3831 5653 dignitate
3857 5602 3980 5654 par,

2463 5724 2476 5753 ι
2513 5723 2582 5770 sic
2608 5721 2742 5768 Savil.
2790 5719 2917 5782 Apud
2952 5719 3123 5782 μοι-ει.
3171 5726 3221 5767 et
3266 5717 3454 5768 atontef.
3492 5733 3504 5768 :
3534 5727 3631 5769 Hoc
3671 5718 3810 5770 etiam
3842 5726 3983 5782 apud

2396 5783 2632 5846 agricolas
2647 5780 2959 5832 animadverti
2977 5788 3143 5843 potest.
