4146 6582
234 559 333 618 “3

228 675 295 751 δή
329 677 529 754 τρόπον
568 682 663 736 καὶ
699 681 758 736 σέ
791 682 978 754 ἓτερον
1021 678 1205 755 σχῆμα
1244 682 1576 748 διαπλάσεως
1612 685 1899 741 ἀναλαϐεῖν

226 767 565 837 προστάττω,
587 769 681 823 καὶ
705 770 798 823 ἐπὶ
824 770 926 840 τῆς
949 769 1054 841 γῆς
1078 759 1356 842 σύρεσθαι,
1395 770 1491 824 καὶ
1514 771 1718 842 ταύτην
1755 772 1898 843 ἔχειν

222 855 448 926 τροφὴν,
478 854 620 910 ῶστε
641 856 725 929 μή
749 856 945 922 ἐξεῖναί
977 874 1057 910 σοι
1089 857 1274 911 λοιπὸν
1299 857 1582 925 ἀνανεύειν
1601 858 1733 921 ἀνω,
1759 859 1894 914 ἀλλά

219 938 482 1012 διηνεκῶς
514 945 572 996 ἐν
613 944 783 1016 ταύτῃ
815 945 1104 1016 τυγχάνειν
1136 948 1203 1016 τῇ
1225 944 1582 1006 καταστάσει,
1621 945 1713 999 καὶ
1747 945 1898 1016 παρά

224 1028 398 1083 πάντα
419 1029 584 1083 λοιπά
605 1031 674 1085 τά
704 1031 868 1104 θηρία
895 1031 993 1103 τὴν
1024 1031 1130 1102 γῆν
1157 1017 1446 1086 σιτεῖσθαι·
1475 1032 1569 1086 καὶ
1594 1031 1716 1086 ούδέ
1739 1032 1899 1086 τοῦτο

227 1116 408 1187 μόνον,
443 1117 579 1174 ἀλλά
606 1120 721 1176 Καὶ
772 1119 996 1189 ἔχθραν
1039 1119 1205 1187 θήσω
1248 1121 1367 1175 ἀνά
1407 1120 1604 1191 μέσον
1647 1120 1764 1175 σοῦ
1797 1121 1898 1177 καὶ

222 1205 339 1260 ἀνὰ
356 1205 552 1275 μέσον
593 1206 702 1275 τῆς
731 1208 1038 1278 γυναικὸς,
1072 1207 1172 1262 καί
1208 1207 1326 1263 ἀνὰ
1349 1207 1545 1278 μέσον
1575 1208 1682 1262 τοῦ
1711 1207 1899 1276 σπέρ-

221 1292 408 1360 ματός
449 1309 569 1349 σου
615 1295 714 1349 καί
760 1295 877 1350 ἀνὰ
915 1295 1113 1365 μέσον
1153 1294 1258 1349 τοῦ
1304 1294 1646 1364 σπέρματος
1682 1294 1894 1364 αὐτῆς.

227 1379 337 1452 Καὶ
359 1381 483 1435 οὐδέ
515 1381 688 1452 τούτῳ
709 1383 1142 1454 ἀρκεσθήσομαι,
1167 1382 1247 1453 τῷ
1271 1383 1363 1436 ἐπὶ
1392 1383 1487 1454 τῆς
1511 1371 1615 1452 γῆς
1639 1382 1899 1454 σύρεσθαι

226 1483 307 1532 σε,
342 1468 477 1522 ἀλλά
516 1471 610 1523 καὶ
644 1469 846 1542 ἐχθρὰν
877 1471 1139 1528 ἄσπονδόν
1179 1487 1261 1524 σοι
1298 1473 1626 1540 καταστήσω
1659 1470 1758 1540 τήν
1801 1487 1901 1533 γυ-

223 1558 404 1610 ναῖκαο
431 1557 522 1610 καὶ
548 1557 648 1611 οὐκ
682 1557 850 1630 αὐτὴν
887 1560 1075 1629 μόνην,
1113 1558 1247 1612 ἀλλά
1269 1559 1363 1611 καὶ
1387 1557 1448 1611 τὸ
1477 1557 1701 1629 σπέρμα
1728 1557 1898 1629 αὐτῇς

223 1641 301 1711 τῷ
331 1643 608 1714 σπέρματί
653 1661 748 1697 σου
789 1645 1046 1715 πολέμιον
1091 1644 1313 1716 διηνεκῆ
1343 1644 1671 1714 ἐργάσομαι.
1706 1645 1899 1710 Αὐτός

222 1741 341 1781 σου
366 1728 613 1797 τηρήσει
642 1731 937 1800 κεφαλὴν,
961 1732 1059 1785 καὶ
1080 1730 1161 1785 σὺ
1197 1729 1479 1800 τηρήσεις
1511 1730 1698 1785 αὐτοῦ
1728 1729 1900 1799 πτέρ-

221 1831 358 1870 ναν.
389 1817 497 1870 Καὶ
523 1815 631 1890 γάρ
664 1817 930 1891 τοσαύτην
967 1819 1160 1890 ἐκείνῳ
1190 1819 1291 1889 μὲν
1328 1819 1549 1892 παρέξω
1579 1817 1676 1890 τὴν
1722 1818 1903 1887 ίσχῦν,

222 1900 302 1966 ῶς
319 1901 581 1972 διηνεκῶς
601 1906 906 1960 ἐπικεῖσθαι
926 1908 992 1978 τῇ
1015 1910 1082 1979 σῇ
1115 1907 1346 1977 κεφαλῇ,
1389 1905 1446 1960 σὲ
1475 1905 1532 1959 δέ
1553 1906 1666 1968 τοῖς
1693 1905 1901 1958 ἐκείνου

224 1991 384 2045 ποσὶν
412 1992 751 2049 ὑποκεῖσθαι.
777 1996 946 2066 Ὅρα,
977 1995 1250 2066 ἀγαπητι,
1271 1995 1358 2048 διά
1394 1994 1493 2065 τῆς
1513 1992 1656 2047 κατὰ
1686 1991 1782 2047 τοῦ
1808 1991 1904 2064 θη-

225 2077 345 2149 ρίου
375 2080 564 2135 τούτου
592 2083 884 2155 τιμωρίας,
911 2084 1043 2154 ὅσην
1083 2085 1214 2154 ἡμῖν
1247 2080 1583 2136 ἐνδείκνυται
1613 2080 1714 2152 τὴν
1740 2079 1903 2151 κηδε-

224 2165 438 2234 μονίαν,
498 2169 564 2240 ήν
622 2169 752 2241 περὶ
792 2171 891 2242 τὴν
932 2169 1040 2224 τῶν
1083 2169 1388 2240 ἀνθρώπων
1419 2168 1582 2237 φύσιν
1616 2167 1749 2239 ἔχει.
1793 2167 1904 2222 Καὶ

224 2252 393 2307 ταῦτα
433 2253 532 2325 μὲν
566 2256 693 2327 περὶ
722 2256 816 2310 τοῦ
849 2256 1105 2328 αἰσθητοῦ
1135 2259 1331 2325 δφεως·
1365 2255 1542 2324 ἔξεστι
1573 2256 1628 2309 δέ
1673 2254 1750 2326 τῷ
1781 2255 1903 2326 βου-

219 2337 432 2412 λομένῳ
481 2343 619 2411 μετά
670 2343 832 2398 τοῦτο
881 2347 1070 2416 τηρεῖν
1121 2343 1232 2398 τῶν
1281 2342 1752 2416 ἐγγεγραμμένων
1801 2343 1903 2413 τὴν

219 2426 562 2494 ἀκολουθίαν,
598 2428 694 2484 καὶ
721 2429 939 2498 εἰδέναι,
960 2432 1043 2484 δτι
1073 2431 1124 2484 εἰ
1155 2431 1284 2500 περὶ
1311 2430 1405 2484 τοῦ
1437 2429 1696 2501 αἰσθητοῦ
1729 2428 1902 2485 ταῦτα

219 2515 462 2586 εῖρηται.
497 2517 677 2592 πολλῷ
699 2518 898 2588 μᾶλλον
930 2519 1292 2589 ἐκλαμϐάνειν
1317 2519 1385 2572 τά
1407 2519 1676 2591 εἰρημένα
1704 2519 1784 2572 δεῖ
1810 2519 1903 2572 καὶ⁵

219 2605 352 2676 περὶ
390 2605 487 2659 τοῦ
531 2607 722 2676 νοητοῦ
758 2607 957 2676 ὄφεως.
997 2608 1110 2663 Καὶ
1146 2609 1252 2680 γάρ
1288 2610 1382 2662 καὶ
1407 2609 1613 2662 ἐκεῖνον
1638 2607 1742 2661 ὑπὸ
1777 2607 1903 2670 τοὺς

219 2693 389 2758 πόδας
412 2694 570 2766 ήμῶν
593 2694 936 2761 ταπεινώσας
957 2699 1284 2767 κατήνεγκε,
1311 2697 1404 2751 καὶ
1426 2698 1573 2768 ήμάς
1596 2694 1901 2750 ἐπικεῖσθαι

217 2780 385 2836 αὐτοῦ
427 2785 509 2854 τῇ
535 2783 744 2857 κεφαλῇ
791 2786 1111 2857 πεποίηκεν.
1169 2787 1242 2839 Ἦ
1273 2786 1396 2857 οὐχὶ
1432 2785 1591 2840 τοῦτο
1645 2785 1902 2856 σημαίνει

218 2867 419 2936 λέγων,
451 2871 700 2926 Πατεῖτε
722 2870 923 2928 ἐπάνω
948 2868 1145 2942 ὄφεων
1163 2872 1262 2929 καί
1281 2874 1626 2941 σκορπίωνς
1653 2869 1788 2926 Εἶτα
1815 2873 1901 2926 ἵνα

222 2954 302 3027 μὴ
318 2956 629 3029 νομίσωμεν
648 2960 778 3029 περὶ
792 2959 902 3013 τῶν
917 2959 1192 3031 αἰσθητῶν
1208 2959 1414 3031 θηρίων
1431 2958 1605 3017 ταῦτα
1625 2957 1899 3030 εἰρῆσθαι,

220 3042 493 3113 ἐπήγαγε·
521 3045 631 3099 Καὶ
666 3045 766 3099 ἐπὶ
803 3045 1014 3102 πᾶσαν
1041 3045 1159 3116 τὴν
1185 3047 1444 3116 δύναμιν
1480 3045 1589 3101 τοῦ
1625 3045 1900 3116 Ἐχθροῦ.

219 3109 432 3184 mis;
455 3132 548 3185 καὶ
592 3132 657 3186 ἐκ
686 3133 788 3203 τῆς
823 3109 1156 3205 ἐπαχθείσης
1191 3132 1269 3204 τῷ
1289 3109 1507 3205 ὀργάνῳ
1533 3131 1628 3186 τοῦ
1653 3109 1900 3186 δίαϐόλου

219 3217 493 3288 τιμωρίας
534 3218 635 3290 τήν
670 3218 1118 3290 ὑπερϐάλλουσαν
1158 3219 1251 3273 τοῦ
1285 3219 1422 3274 Θεοῦ
1455 3218 1901 3292 φιλανθρωπίαν;

224 3303 556 3374 Ἕλθωμενι
595 3305 778 3370 πάλιν,
826 3309 876 3361 εἰ
917 3307 1094 3370 δοκεῖ,
1128 3307 1222 3360 ἐπὶ
1254 3306 1357 3378 τὴν
1385 3310 1642 3375 γυναῖκα.
1685 3305 1902 3378 Ἐπειδὴ

220 3389 336 3462 γάρ
367 3383 521 3454 οὗτος
548 3392 647 3462 τὴν
690 3391 907 3463 ἀπάτην
943 3393 1227 3463 εἰσήγαγε,
1252 3391 1339 3446 διά
1375 3391 1534 3446 τοῦτο
1569 3390 1719 3466 [iu]
1749 3386 1904 3458 οὗτος

221 3477 442 3546 πρῶτος
481 3478 581 3550 τὴν
623 3479 894 3550 τιμωρίαν
916 3479 1156 3544 ἐδέξατοο
1198 3481 1293 3534 καὶ
1322 3479 1510 3551 ἐπειδὴ
1549 3479 1773 3552 πρώτην
1805 3479 1905 3550 τὴν

220 3566 458 3632 γυναῖκα
511 3566 782 3638 ἠπάτησε,
842 3567 938 3620 καῖ
987 3568 1110 3622 τότε
1171 3567 1356 3638 ἐκείνη
1409 3567 1503 3622 τὸν
1560 3567 1730 3640 ἀνδρα
1775 3583 1905 3636 συγ-

222 3652 565 3715 κατέσπασε,
594 3654 684 3708 διά
709 3654 868 3708 τοῦτο
891 3655 1108 3727 ἐκείνην
1144 3654 1362 3726 πρῶτον
1383 3658 1705 3727 τιμωρεῖται
1735 3672 1906 3726 τιμω-

223 3738 354 3814 ρίαν
383 3740 662 3795 νουθεσίαν
710 3741 911 3812 πολλὴν
964 3741 1214 3813 ἔχουσαν.
1237 3741 1348 3796 Καὶ
1368 3741 1439 3810 τῇ
1467 3743 1704 3811 γυναικί
1733 3739 1863 3797 εἷπε
1885 3759 1901 3776 ο

223 3828 564 3895 Πληθύνων
593 3827 881 3896 πληθυνῶ
905 3831 1013 3895 τὰς
1039 3830 1242 3895 λύπας
1260 3843 1378 3884 σου
1413 3829 1514 3883 καί
1551 3829 1658 3883 τὸν
1691 3846 1908 3883 στενα-

221 3910 380 3981 γμόν
395 3925 530 3967 σου·
564 3913 634 3966 ἐν
659 3915 888 3980 λύπαις
909 3914 1051 3983 τέξῃ
1072 3913 1274 3969 τέκνα·
1299 3915 1396 3970 καί
1419 3914 1570 3984 πρὸς
1587 3915 1695 3969 τὸν
1717 3914 1906 3983 ἄνδρα

218 4014 344 4051 σου
361 3998 399 4066 ἠ
422 3999 774 4068 ἀποστροφή
795 4017 932 4065 σου,
953 4001 1049 4054 καί
1069 4003 1255 4067 αὐτός
1275 4017 1392 4057 σου
1413 4002 1735 4070 κυριεύσει.
1763 4002 1906 4070 Ὅρα

217 4085 498 4148 Δεσπότου
517 4086 848 4156 ἀγαθότητα,
862 4088 962 4162 ὅσῃ
974 4088 1240 4161 κέχρηται
1255 4091 1320 4159 τῇ
1341 4089 1639 4160 ήμερότητι
1658 4088 1796 4159 μετά
1807 4089 1905 4160 τὴν

218 4171 494 4242 τοσαύτην
519 4173 852 4244 παράϐασιν.
883 4177 1216 4244 Πληθύνων
1250 4173 1541 4242 πληθυνῶ
1571 4175 1678 4240 τὰς
1702 4177 1906 4242 λύπας

215 4272 344 4314 σου
362 4260 458 4314 καί
474 4260 580 4314 τὸν
589 4265 928 4333 στεναγμόν
939 4278 1074 4319 σου.
1095 4263 1235 4332 Ἐγὼ
1251 4262 1350 4333 μὲν
1367 4261 1695 4334 ἠϐουλήθην,
1718 4264 1902 4334 φησὶν,

218 4345 494 4402 ἀνώδυνον
535 4349 629 4403 καὶ
661 4351 1042 4422 ἀταλαίπωρόν
1063 4369 1122 4405 σε
1145 4351 1289 4423 ἔχειν
1318 4351 1484 4423 ζωήν,
1520 4353 1698 4423 πάσης
1728 4352 1903 4425 λύπης

220 4435 320 4488 καὶ
358 4435 596 4506 ἀθυμίας
625 4437 1076 4508 ἀπηλλαγμένην,
1124 4438 1220 4491 καὶ⁵
1258 4439 1438 4508 πάσης
1469 4438 1663 4509 ἡδονῆς
1692 4439 1904 4510 πεπλη-

221 4522 481 4594 ρωμένην
513 4524 608 4578 καὶ
647 4525 875 4596 μηδενὸς
913 4525 1264 4579 αἰσθάνεσθαι
1297 4525 1408 4578 τῶν
1437 4525 1763 4596 σωματικῶν
1797 4527 1905 4580 σῶ-

221 4629 305 4684 μα
358 4614 770 4686 περικειμένην
821 4616 1009 4688 ἐπειδὴ
1063 4615 1121 4670 δὲ
1172 4617 1274 4670 οὒκ
1316 4617 1535 4687 ἐχρήσω
1575 4617 1654 4681 εἰς
1690 4617 1808 4672 δέον
1837 4621 1901 4690 τῇ

218 4701 463 4773 τοσαύτῃ
519 4703 724 4766 ἀνέσει,
781 4703 897 4757 ἀλλ’
944 4705 978 4774 ή
1051 4704 1337 4775 περιουσία
1398 4705 1506 4757 τῶν
1567 4705 1791 4770 ἀγαθῶν
1824 4708 1904 4770 εἰς

219 4787 493 4860 τοσαύτην
521 4807 578 4842 σε
602 4789 996 4862 ἀγνωμοσύνην
1029 4791 1228 4860 ήγαγε,
1255 4790 1344 4844 διά
1382 4791 1540 4845 τοῦτό
1579 4808 1660 4845 σοι
1685 4791 1904 4862 χαλινὸν

219 4873 530 4946 ἐπιτίθημι,
559 4874 700 4929 ῶστε
724 4875 800 4948 μή
830 4876 923 4930 ἐπὶ
955 4877 1116 4930 πλέον
1137 4878 1558 4949 ἀποσκιρτῆσαι,
1583 4878 1677 4932 καὶ
1707 4879 1902 4944 λύπαις

219 4962 318 5015 καὶ
349 4965 675 5032 στεναγμοῖς
716 4979 776 5016 σε
807 4964 834 5005 δ
862 4963 1226 5029 καταδικάζω.
1253 4965 1583 5032 Πληθύνων
1615 4963 1905 5032 πληθυνῶ

219 5046 330 5113 τὰς
352 5048 555 5113 λύπας
581 5063 700 5103 σου
738 5049 837 5103 καί
879 5049 984 5101 τὸν
1015 5052 1355 5119 στεναγμόν
1370 5064 1488 5103 σου
1512 5066 1526 5081 ο
1553 5050 1623 5104 ἐν
1677 5051 1902 5117 λύπαις

220 5136 367 5203 τέξῃ
387 5133 586 5189 τέκνα.
604 5135 716 5208 Τήν
737 5135 1014 5201 ὑπόθεσιν,
1035 5134 1305 5208 φησὶ,τῆς
1317 5135 1518 5207 πολλῆς
1538 5136 1900 5208 εὐφροσύνης.

219 5226 318 5278 καὶ
345 5223 456 5276 τῶν
487 5224 695 5278 τέκνων
742 5225 842 5296 τήν
882 5225 1133 5297 διαδοχὴν
1167 5225 1276 5279 ἀπὸ
1317 5224 1494 5295 λύπης
1520 5225 1785 5296 ἄρχεσθαί
1818 5244 1901 5280 σοι

219 5310 654 5380 παρασκευάσω,
683 5311 770 5372 ἵνα
788 5312 1012 5383 διηνεκῆ
1038 5312 1167 5385 Em;
1192 5312 1286 5366 καὶ
1315 5311 1454 5382 αὑτὴ
1473 5311 1572 5383 τήν
1595 5311 1902 5384 ὑπόμνησιν

213 5396 308 5451 διὰ
340 5397 452 5450 τῶν
481 5397 604 5450 καθ’
636 5397 868 5452 ἕκαστον
901 5399 1091 5471 καιρὸν
1119 5400 1345 5463 ὠδίνων,
1373 5399 1465 5452 καὶ
1502 5399 1610 5452 τῶν
1643 5399 1903 5473 λυπηρῶν

215 5483 329 5537 τῶν
355 5483 478 5538 καθ’
499 5485 738 5556 ἐκάστην
772 5487 1127 5557 τικτομένων,
1155 5488 1323 5539 πόσον
1346 5487 1446 5557 τῆς
1477 5487 1752 5559 ἁμαρτίας
1773 5485 1902 5541 ταύ-

217 5588 320 5642 της
354 5573 450 5626 καὶ
475 5573 572 5643 τῆς
605 5575 894 5646 παρακοῆς
923 5574 983 5628 τὸ
1021 5574 1272 5647 μέγεθος,
1319 5574 1414 5628 καὶ
1463 5575 1537 5646 μὴ
1578 5575 1673 5629 τοῦ
1707 5576 1902 5647 χρόνου

217 5659 502 5727 προϊόντος
551 5661 686 5732 λήθῃ
724 5661 978 5733 παραδῷς
1015 5664 1077 5716 τὸ
1112 5662 1498 5734 γεγενημένον,
1545 5663 1660 5716 ἀλλ’
1706 5663 1902 5717 εἰδέναι

215 5746 351 5819 ἔχῃς
377 5746 454 5810 ὡς
477 5747 511 5818 ή
537 5748 719 5820 ἀπάτη
743 5750 947 5803 τούτων
971 5768 1052 5804 σοι
1083 5751 1253 5814 αῖτιος
1273 5751 1586 5821 γεγένηται.
1613 5750 1712 5805 Διά
1745 5751 1904 5805 τοῦτο

217 5833 556 5898 Πληθύνων
564 5833 852 5902 πληθυνῶ
867 5837 972 5902 τὰς
986 5839 1187 5904 λύπας
1197 5853 1314 5892 σου
1326 5837 1428 5892 καί
1444 5839 1553 5891 τὸν
1567 5826 1904 5908 στεναγμόν

213 5930 358 5969 σου’
375 5916 445 5968 ἐν
464 5919 688 5982 λύπαις
708 5915 810 5980 τέξ
814 5934 853 5986 ῃ
865 5916 1065 5973 τέκνα.
1080 5920 1190 5983 Τάς
1211 5919 1408 5986 ὠδῖνας
1421 5919 1656 5976 ἐνταῦθα
1669 5921 1902 5975 αἰνίττε-

211 6010 309 6050 ται
326 5997 423 6050 καὶ
443 5996 536 6050 τὸν
558 5998 723 6054 πολὺν
752 6000 997 6072 κάματον
1021 6003 1248 6068 ἐκεῖνον,
1271 6003 1329 6056 δν
1345 6005 1636 6078 ὑπομένειν
1664 6005 1900 6077 ἀνάγκη,

665 6164 718 6207 et
763 6161 950 6242 aliquo}
997 6177 1112 6242 nugs.
1148 6163 1321 6242 λίθεοι.
1352 6167 1660 6242 μετελθωμεν.
1729 6169 1756 6210 δ
1785 6168 1900 6220 Mss.

211 6217 360 6270 πιιεὶιὶ
385 6225 436 6270 el
457 6220 660 6272 Coislln.
687 6217 1003 6280 καταδικάζω.
1030 6225 1198 6275 Morel.
1227 6217 1554 6278 καταδικάσω.

1386 563 1454 621 ΙΝ
1488 564 1640 623 CAP.
1679 566 1748 623 Ill
1780 564 2030 626 GENES.
2071 564 2309 628 110)ιίιῖ
2351 567 2514 625 XVII.

3596 563 3657 618 1'23
3666 561 3698 616 δ

2006 688 2257 760 καθάπερ
2280 687 2499 760 φορτίον
2531 685 2588 738 ἐν
2618 685 2752 755 μησί
2780 684 3055 749 τοσούτοις
3081 685 3141 738 τὸ
3166 683 3366 757 βρέφος
3390 682 3687 754 βαστάζου-

2007 786 2127 836 σαν,
2162 767 2375 831 καὶτὰς
2402 766 2545 821 κατά
2567 765 2732 837 μέρος
2769 767 3047 837 φυομένας
3083 767 3333 820 ἐντεῦθεν
3362 764 3685 835 ἀλγηδόνας,

2005 853 2099 904 καὶ
2124 850 2234 904 τῶν
2271 848 2450 920 μελῶν
2473 847 2566 902 τὸν
2599 845 2967 918 διασπασμὸν,
3009 848 3106 902 καὶ
3139 849 3238 914 τὰς
3267 847 3458 912 ὀδύνας
3482 858 3504 886 ε
3538 842 3684 899 ἐκεί-

2001 950 2100 997 νας
2135 932 2235 996 τάς
2270 931 2596 1002 ἀφορήτους,
2637 930 2703 995 ἀς
2733 931 2939 986 ἐκεῖναι
2982 931 3142 1004 μόναι
3177 930 3356 986 ῖσασιν
3386 933 3444 986 αἰ
3471 929 3559 985 διά
3584 928 3687 999 τῆς

2004 1016 2200 1088 πείρας
2221 1013 2492 1069 ἐλθοῦσαι.

2071 1106 2142 1169 η’.
2162 1099 2301 1152 Ἀλλ’
2333 1099 2482 1169 ὅμως
2507 1101 2776 1170 τοσαύτην
2801 1098 2832 1150 δ
2862 1099 3246 1170 φιλάνθρωπος
3269 1098 3407 1161 Θεὸς
3444 1096 3686 1165 παρέσχε

2005 1181 2142 1250 μετὰ
2169 1181 2279 1234 τῶν
2311 1181 2571 1252 λυπηρῶν
2595 1181 2692 1252 τὴν
2718 1181 3094 1252 παραμυθίαν,
3128 1180 3204 1244 ὡς
3230 1180 3518 1251 ἰσόρροπον
3547 1170 3685 1229 εἶναι

2001 1263 2100 1331 τὴν
2119 1262 2208 1317 διά
2228 1262 2291 1315 τὸ
2313 1261 2505 1333 τεχθὲν
2528 1262 2728 1335 βρέφος
2749 1263 3090 1335 εὐφροσύνην
3109 1264 3217 1316 τῶν
3237 1262 3442 1316 ὠδίνων
3459 1259 3687 1314 ἐκείνων

1999 1343 2109 1398 τῶν
2144 1344 2204 1398 ἐν
2235 1344 2511 1408 τοσούτοις
2539 1346 2676 1416 μησὶ
2703 1345 2801 1416 τὴν
2827 1347 3071 1418 γαστέρα
3103 1343 3513 1400 διακοπτουσῶν
3533 1341 3584 1396 ιι.
3618 1342 3686 1404 Αἰ

2002 1427 2112 1501 γάρ
2151 1429 2409 1484 τοσοῦτον
2460 1429 2622 1483 πόνον
2672 1429 3063 1500 ὑπομένουσαι,
3098 1430 3196 1483 καὶ
3227 1427 3401 1492 οὕτως
3442 1426 3549 1481 ὑπὸ
3576 1424 3686 1479 τῶν

2002 1511 2313 1580 ἀλγηδόνων
2364 1511 2829 1582 σπαραττόμεναι,
2868 1512 2961 1564 καὶ
3003 1511 3080 1575 ὡς
3118 1511 3296 1563 εἰπεῖν
3336 1510 3474 1580 πρὸς
3513 1506 3707 1580 αὐτὴν

2001 1592 2100 1664 τὴν
2130 1591 2276 1666 ζωὴν
2318 1592 2783 1665 ἀπαγορεύουσαι,
2820 1595 2957 1665 μετά
3006 1595 3067 1648 τὸ
3104 1595 3283 1648 τεκεῖν
3322 1593 3543 1662 καὶτῆς
3577 1588 3691 1645 ἀπὸ.

2003 1674 2112 1729 τῶν
2141 1677 2406 1747 καμάτων
2438 1677 2776 1749 εὐφροσύνης
2807 1676 3136 1741 ἀπολαῦσαι,
3166 1676 3327 1730 πάλιν
3351 1675 3542 1743 ὥσπερ
3567 1675 3690 1729 ἐπι·

2005 1757 2299 1830 λαθόμεναι
2334 1760 2446 1814 τῶν
2477 1759 2860 1833 γεγενημένων
2897 1761 3154 1816 ἀπάντων
3189 1757 3391 1822 ἐαυτάς
3417 1755 3708 1810 ἐκδιδόασι.

2006 1842 2141 1911 πρὸς
2172 1843 2272 1914 τὴν
2305 1842 2414 1897 τῶν
2439 1844 2644 1898 τέκνων
2676 1843 2860 1914 γονὴν,
2893 1841 2989 1896 τοῦ
3017 1840 3400 1913 φιλανθρώπου
3433 1836 3568 1892 Θεοῦ
3597 1835 3691 1890 οσ-

2003 1941 2111 1988 τως
2138 1925 2593 1996 οἰκονομήσαντος
2625 1925 2762 1998 πρὸς
2808 1927 3066 1980 σύστασιν
3111 1925 3213 1994 τῆς
3239 1923 3348 1977 τῶν
3385 1919 3705 1992 ἀνθρώπων.

2007 2007 2300 2078 σωτηρίας.
2336 2007 2402 2061 Ἦ
2428 2007 2538 2080 γάρ
2559 2007 2714 2072 ἐλπὶς
2741 2007 2832 2062 ἀεὶ
2859 2012 2968 2061 τῶν
2993 2007 3294 2078 μελλόντων
3321 2003 3543 2073 ἀγαθῶν
3563 1999 3692 2056 κού-

2005 2105 2120 2156 φως
2143 2092 2288 2143 ποιεῖ
2314 2091 2504 2164 φέρειν
2527 2090 2595 2144 τὰ
2625 2092 2867 2163 παρόντα
2896 2091 3136 2163 λυπηρά.
3167 2090 3279 2145 Καὶ
3304 2089 3464 2142 τοῦτο
3485 2087 3584 2141 ῖδοι
3606 2102 3692 2150 τις

2004 2171 2070 2226 ἀν
2106 2173 2198 2228 καὶ
2226 2173 2354 2237 τοὺς
2384 2174 2661 2247 ἐμπόρους
2700 2175 3091 2247 ὑπομένοντας.
3134 2173 3226 2227 καὶ
3256 2171 3444 2244 μακρά
3474 2169 3690 2237 πελάγη

2004 2255 2397 2326 διαπερῶντας,
2429 2259 2524 2311 καὶ
2544 2259 2819 2326 ναυαγίων
2850 2258 3210 2328 ἀνεχομένους
3251 2257 3344 2310 καὶ
3374 2252 3688 2325 πειρατῶν,

2005 2338 2100 2392 καὶ
2141 2339 2279 2409 μετά
2305 2341 2430 2404 τοὺς
2467 2341 2694 2405 πολλοὺς
2722 2340 3001 2404 κινδύνους
3032 2339 3273 2403 ἐκείνους
3310 2337 3570 2399 πολλάκις
3596 2335 3692 2390 καὶ

2003 2423 2402 2494 διαμαρτόντας
2428 2427 2528 2497 τῆς
2555 2426 2900 2496 προσδοκίας,
2926 2427 3022 2480 καὶ
3051 2424 3184 2496 μηδέ
3215 2422 3388 2486 οὕτως
3417 2420 3692 2476 ἀποστάν-

2002 2522 2122 2569 τας,
2147 2506 2284 2561 ἀλλά
2319 2505 2481 2563 πάλιν
2514 2509 2624 2562 τῶν
2659 2507 2840 2562 αὐτῶν
2867 2509 3230 2577 ἁπτομένους.
3270 2505 3442 2567 Τοῦτο
3474 2504 3570 2577 καὶ
3598 2502 3694 2557 ἐπὶ

2003 2584 2110 2638 τῶν
2130 2585 2385 2655 γηπόνων
2413 2587 2560 2641 ἐστιν
2589 2589 2762 2642 εἰπεῖν
2794 2597 2840 2639 ετ
2872 2575 3027 2660 [145]
3048 2586 3142 2640 καὶ
3171 2585 3280 2656 γὰρ
3310 2585 3403 2639 καὶ
3428 2575 3573 2660 οὗτοι
3602 2580 3694 2636 δτε

2006 2663 2227 2734 βαθεῖαν
2278 2663 2488 2720 αὔλακα
2526 2666 2863 2738 ἀνατέμωσι,
2891 2666 2983 2719 καὶ
3014 2659 3214 2736 πολλήν
3245 2662 3342 2735 τήν
3375 2659 3694 2732 ἐπιμέλειαν

2002 2745 2102 2815 τῆς
2127 2742 2230 2814 γῇς
2263 2743 2654 2809 ἐπιδείξωνται,
2680 2745 2775 2799 καὶ
2807 2743 3006 2815 δαψιλῆ
3029 2744 3098 2798 τὰ
3121 2751 3416 2813 σπέρματα
3450 2738 3694 2793 καταϐά-

2003 2824 2158 2889 λωσι,
2197 2823 2460 2886 πολλάκις
2491 2822 2706 2896 αὐχμοῦ
2742 2825 3036 2896 γενομένου
3065 2823 3099 2896 ἢ
3127 2821 3456 2893 ἐπομϐρίας,
3485 2821 3520 2890 ἢ
3556 2818 3706 2890 πρὸς.

2004 2903 2154 2973 αὐτῷ
2173 2903 2254 2974 τῷ
2282 2902 2424 2957 τέλει
2458 2903 2569 2957 τῶν
2587 2904 2917 2976 δραγμάτων
2956 2904 3218 2978 ἐρυσίϐης
3251 2898 3692 2978 κατενεχθείσηςί.

2004 2981 2103 3052 τῆς
2123 2980 2336 3045 ἐλπίδος
2359 2980 2679 3054 διήμαρτον·
2701 2982 2815 3036 ἀλλ’
2834 2983 2958 3037 ούδέ
2984 2975 3155 3047 οὕτως
3177 2975 3526 3050 ἀφίστανται,
3556 2975 3695 3031 ἀλλά

2006 3061 2171 3116 πάλιν
2193 3060 2284 3114 τοῦ
2311 3061 2506 3133 καιροῦ
2537 3063 2958 3127 καταλαϐόντος,
2986 3063 3246 3117 ἀπτονται
3274 3061 3377 3130 τῆς
3399 3057 3691 3130 γεωργίας.

2005 3141 2118 3195 Καὶ
2148 3140 2307 3193 τοῦτο
2347 3141 2434 3210 ἐφ’
2464 3140 2695 3194 ἐκάστου
2729 3139 2879 3211 εὕροι
2931 3158 3015 3204 τις
3047 3139 3113 3194 ἀν
3147 3138 3578 3210 ἐπιτηδεύματος
3605 3152 3695 3203 γιξ

2005 3221 2251 3290 νόμενον.
2293 3219 2400 3274 Τὸν
2439 3220 2602 3274 αὑτὸν
2643 3220 2709 3292 δὴ
2755 3219 2955 3292 τρόπον
2999 3221 3091 3276 καὶ
3129 3223 3167 3292 ή
3203 3221 3343 3291 γυνὴ
3386 3219 3480 3273 καὶ
3513 3214 3706 3287 αὑτὴι

2008 3299 2268 3364 πολλάκις
2311 3298 2452 3368 μετά
2482 3300 2608 3364 τοὺς
2642 3299 2872 3363 πολλοὺς
2907 3301 3083 3371 μῆνας
3109 3301 3376 3363 ἐκείνους,
3423 3296 3561 3369 μετά
3597 3295 3711 3362 τὰς,

2005 3378 2202 3440 ὠδῖνας
2253 3377 2353 3439 τάς
2393 3378 2723 3450 ἀφορήτους,
2761 3377 2899 3450 μετά
2936 3380 3034 3444 τὰς
3069 3378 3268 3443 νύκτας
3300 3378 3399 3442 τάς
3432 3379 3718 3439 ἀΰπνους..

2009 3459 2146 3531 μετά
2166 3458 2257 3512 τὸν
2277 3458 2386 3512 τῶν
2421 3459 2598 3529 μελῶν
2627 3460 2990 3530 διασπασμὸν,
3027 3462 3228 3532 μικρᾶς
3258 3476 3405 3524 τινος
3433 3457 3697 3529 περιστά-

2009 3560 2147 3607 σεως
2184 3540 2506 3613 γενομένης,
2539 3542 2645 3612 πρὸ
2678 3542 2771 3595 τοῦ
2802 3545 3172 3615 προσήκοντος
3203 3541 3397 3613 καιροῦ
3417 3545 3478 3595 τὸ
3499 3539 3701 3612 βρέφος

2007 3624 2270 3695 ὼθήσασα
2292 3623 2619 3694 ἀμόρφωτον
2649 3624 2742 3677 καὶ
2779 3623 3174 3683 ἀδιατύπωτον,
3202 3622 3235 3692 ἢ
3267 3621 3701 3694 μεμορφωμένον

2011 3703 2134 3774 μὲν,
2160 3702 2263 3756 οὐκ
2296 3702 2484 3772 ἀρτιον
2514 3700 2594 3766 δέ,
2627 3701 2748 3755 οὑδέ
2784 3703 2963 3770 ὑγιὲς,
3000 3702 3032 3772 ἢ
3069 3703 3165 3754 καὶ
3187 3702 3382 3771 νεκρὸν
3411 3699 3698 3763 πολλάκις,

2011 3782 2163 3853 μόλις
2192 3780 2284 3833 τὸν
2313 3779 2557 3833 κίνδυνον
2577 3779 2821 3849 διέφυγε,
2853 3782 2947 3834 καὶ
2975 3781 3123 3851 ὅμως
3148 3779 3339 3849 ῶσπερ
3370 3777 3701 3850 ἐπιλαθομέτ·

2007 3879 2072 3932 νη
2102 3859 2308 3914 τούτων
2344 3859 2621 3922 ἀπάντων,
2658 3859 2767 3912 τῶν
2802 3859 2982 3912 αὐτῶν
3013 3858 3288 3929 ἀνέχεται,
3327 3859 3421 3911 καὶ
3453 3859 3520 3912 τά
3559 3857 3720 3911 αὐτὰ.

2008 3939 2292 4010 ὑπομένει.
2318 3938 2427 3991 Καὶ
2453 3937 2505 3990 τί
2547 3937 2691 4005 λέγω
2727 3937 2796 3990 τά
2833 3937 3005 4005 αὐτά;
3040 3938 3306 4001 Πολλάκις
3340 3936 3435 3990 καὶ
3475 3953 3704 3990 συναποο

2009 4020 2192 4073 θανεῖν
2229 4017 2306 4089 τῷ
2344 4017 2588 4087 τεχθέντι
2630 4016 2851 4088 συνέϐη,
2883 4018 2984 4091 ,καὶ
3024 4017 3145 4071 οὐδὲ
3189 4017 3349 4070 τοῦτο
3378 4017 3476 4079 τὰς
3503 4016 3699 4078 λοιπὰς

2007 4099 2339 4170 ἐσωφρόνισε
2364 4099 2457 4151 καὶ
2483 4097 2738 4152 ἀνέπεισε
2759 4100 2950 4167 φυγεῖν
2968 4099 2994 4137 8
3012 4098 3073 4151 τὸ
3095 4099 3348 4169 πρᾶγμα.⁸
3371 4097 3641 4168 τοσαύτην
3673 4099 3703 4151 δ

2007 4183 2137 4245 Θεὸς
2176 4179 2576 4251 ἐγκατέσπειρε
2625 4181 2738 4242 τοῖς
2784 4179 3049 4250 λυπηροῖς
3082 4180 3181 4248 τὴν
3209 4178 3403 4249 ἡδονὴν
3442 4179 3577 4248 ὁμοῦ
3606 4181 3702 4233 καὶ

2007 4265 2107 4337 τὴν
2144 4261 2504 4337 εὐφροσύνην.
2535 4262 2633 4316 Διά
2657 4261 2817 4315 τοῦτο
2847 4262 3023 4330 ἐλεγε,
3052 4263 3388 4329 Πληθύνων
3409 4261 3703 4328 πληθυνῶ

2007 4348 2115 4412 τὰς
2127 4347 2330 4411 λύπας
2348 4360 2465 4398 σου
2485 4343 2583 4397 καί
2604 4343 2712 4397 τὸν
2724 4339 3064 4412 στεναγμόν
3079 4358 3216 4397 σου·
3235 4343 3541 4408 ἐνλύπαις
3557 4342 3702 4412 τέξῃ

2012 4426 2214 4479 τέκνα.
2255 4422 2428 4476 Τοῦτο
2462 4422 2644 4476 τοίνυν
2682 4424 2776 4476 καὶ
2813 4425 2842 4476 ό
2901 4423 3134 4495 Χριστὸς
3171 4422 3551 4493 διαλεγόμενος
3590 4424 3704 4485 τοῖς

2011 4505 2281 4577 μαθηταῖς
2319 4503 2412 4556 καὶ
2446 4503 2661 4566 δεικνὺς
2691 4505 2786 4558 καὶ
2807 4503 2908 4574 τῆς
2926 4503 3116 4572 ὀδύνης
3139 4502 3200 4554 τὸ
3226 4501 3457 4571 μέγεθος
3481 4503 3576 4555 καὶ
3601 4503 3720 4570 τῆςΔ

2006 4583 2347 4655 εὐφροσύνης
2369 4581 2468 4653 τὴν
2499 4581 2827 4654 ὑπερϐολὴν,
2849 4582 3054 4648 ἐλεγεψ
3088 4581 3161 4634 Ἠ
3177 4581 3333 4655 γονὴ
3363 4579 3512 4633 ὅταν
3531 4580 3720 4646 τίκτῃ.

2010 4653 2219 4726 λύπην
2248 4660 2394 4729 ἔχει,
2424 4661 2513 4714 ὅτι
2538 4660 2727 4727 ἦλθεν
2804 4659 2931 4727 ὥρα
2953 4657 3144 4727 αὐτῆς
3161 4675 3174 4687 ·
3205 4653 3325 4711 εἶτα
3348 4659 3718 4730 παραστῆσαι

2006 4743 2140 4813 ἡμῖν
2165 4738 2488 4810 βουλόμενος
2515 4738 2664 4801 ὅπως
2692 4736 2761 4789 τά
2786 4740 2884 4808 μὲν
2905 4737 3007 4806 τῆς
3031 4736 3207 4808 λύπης
3234 4737 3430 4807 ἀθρόον
3456 4737 3703 4789 ἐκποδὼν

2006 4820 2239 4889 γίνεται,
2277 4816 2347 4870 τά
2388 4816 2446 4869 δὲ
2475 4817 2577 4886 τῆς
2606 4818 2784 4887 χαρᾶς
2817 4817 2913 4869 καὶ
2949 4816 3051 4886 τῆς
3089 4816 3432 4888 εὐφροσύνης
3455 4815 3701 4886 διαδέχεο

2005 4916 2118 4959 ται,
2133 4895 2318 4966 φησίν·
2337 4896 2513 4949 ὀταν
2530 4894 2600 4948 δὲ
2613 4893 2882 4964 γεννήσῃ
2901 4894 2968 4948 τὸ
2979 4894 3240 4956 παιδίον,
3256 4893 3456 4948 οὐκέτι
3473 4912 3677 4964 ﬁrmae
3689 4927 3703 4934 -

2003 4978 2164 5032 νεύει
2187 4973 2298 5042 τῆς
2321 4977 2583 5042 θλίψεως
2596 4971 2693 5027 διὰ
2705 4972 2821 5040 τὴν
2837 4972 3052 5041 χαρὰν,
3071 4972 3160 5026 ὅτι
3176 4972 3468 5042 ἐγεννήθη
3480 4973 3702 5042 ἅνθρωο

2004 5067 2113 5121 πο(
2135 5056 2236 5120 εἰς,
2255 5053 2365 5107 τὸν
2399 5051 2660 5121 κόσμον.
2691 5047 2844 5114 Εἶδες
2877 5051 3204 5121 κηδεμονίαν
3222 5051 3699 5122 ὑπερϐάλλουσαν;

2004 5130 2143 5197 εἶδες
2162 5130 2435 5202 τιμωρίαν
2451 5129 2732 5193 νουθεσίας
2753 5129 3192 5200 πεπληρωμένην
3209 5149 3223 5192 ς
3254 5131 3356 5193 Ἐν
3369 5132 3595 5195 λύπαις
3616 5131 3704 5184 τέ-

2004 5211 2040 5276 ξ
2044 5230 2079 5281 ῃ
2103 5211 2303 5266 τέκνα.
2321 5205 2472 5274 Εἶτα,
2487 5209 2642 5279 Πρὸς
2661 5209 2767 5262 τὸν
2782 5209 2972 5278 ἄνδρα
2987 5225 3105 5267 σου
3126 5211 3163 5278 ἠ
3185 5209 3540 5279 ἀποστροφή
3556 5226 3698 5271 σου,

2004 5291 2102 5344 καὶ
2120 5287 2305 5352 αὐτός
2315 5302 2432 5342 σου
2448 5289 2771 5358 κυριεύσει.
2789 5288 3090 5358 Μονονουχὶ
3105 5288 3541 5358 ἀπολογούμενος
3563 5289 3703 5360 πρὸς

2004 5367 2100 5437 τὴν
2120 5369 2358 5435 γυναῖκα
2370 5368 2398 5419 ὁ
2416 5365 2796 5435 φιλάνθρωπος
2812 5365 2944 5434 Θεὸς
2957 5367 3129 5419 ταῦτά
3143 5384 3327 5438 φησιν,
3342 5368 3424 5421 ὃτι
3440 5366 3582 5435 Ἐγὼ
3599 5370 3700 5435 μέν

2005 5445 2064 5510 ἐξ
2086 5446 2260 5515 ἀρχῆς
2281 5445 2541 5514 όμότιμόν
2565 5461 2624 5497 σε
2647 5445 3077 5520 ἐδημιούργησα,
3106 5447 3201 5498 καὶ
3220 5447 3316 5516 τῆς
3345 5447 3515 5518 αὐτῆς
3539 5447 3700 5514 ἀξίας

2003 5526 2062 5576 ἐν
2109 5523 2314 5577 ἅπασιν
2360 5522 2512 5592 αὑτῷ
2558 5527 2836 5577 κοινωνεῖν
2883 5525 3216 5597 ⁴ἠϐουλήθην,
3258 5527 3354 5580 καὶ
3385 5526 3578 5597 ῶσπερ
3620 5528 3700 5597 τῷ

2007 5603 2186 5674 ἀνδρὶ,
2215 5601 2358 5656 οὕτω
2390 5602 2486 5654 καὶ
2517 5601 2600 5656 σοὶ
2631 5603 2729 5674 τήν
2759 5605 2900 5657 κατὰ
2922 5605 3138 5659 πάντων
3163 5606 3337 5677 ἀρχὴν
3366 5607 3694 5677 ἐνεχείρισα·

2006 5682 2120 5735 ἀλλ’
2148 5680 2338 5751 ἐπειδὴ
2372 5681 2475 5732 οὐκ
2499 5680 2719 5752 ἐχρήσω
2746 5685 2826 5746 εἰς
2856 5683 2976 5735 δέον
3003 5687 3068 5754 τῇ
3098 5685 3379 5756 ὁμοτιμία·
3416 5686 3503 5740 διὰ
3539 5686 3699 5741 τοῦτό

2013 5779 2073 5814 σε
2101 5760 2391 5814 ύποτάττω
2409 5759 2489 5828 τῷ
2503 5759 2678 5830 ἀνδρὶ,
2711 5761 2818 5815 Καὶ
2841 5761 2991 5830 πρὸς
3011 5763 3116 5815 τὸν
3137 5762 3327 5831 ἄνδρα
3346 5781 3464 5819 σου
3487 5767 3525 5832 ἡ
3548 5767 3695 5820 ἀπο·-

2011 5837 2240 5907 στροφή
2259 5852 2400 5896 σου.
2423 5837 2521 5890 καί
2543 5839 2728 5904 αὐτός
2748 5852 2865 5893 σου
2885 5841 3209 5907 κυριεύσει.
3230 5841 3448 5915 Ἐπειδὴ
3467 5843 3690 5896 καταλι-

2007 5917 2186 5972 ποῦσα
2215 5917 2306 5970 τὸν
2332 5915 2618 5987 ὁμότιμον,
2643 5917 2851 5973 καὶτὸν
2882 5919 2980 5988 τῆς
3012 5919 3181 5988 αὐτῆς
3215 5921 3296 5973 σοὶ
3329 5921 3544 5990 φύσεως
3575 5941 3690 5976 κοι-

2077 6115 2098 6143 ε
2122 6111 2264 6161 Colb.
2289 6112 2373 6169 τὰς
2395 6112 2583 6168 ὠδῖνας.
2649 6110 2674 6151 ἀ
2701 6111 2785 6162 Sic
2808 6110 2917 6162 Sav.
2951 6112 3120 6161 Marci.
3164 6117 3218 6160 et
3256 6111 3422 6160 Manu.
3449 6112 3685 6162 ὀδυνῶν...

2009 6175 2384 6229 διακοπτόντων.
2408 6173 2555 6224 τηειρ.
2585 6172 2719 6224 Eon.
2791 6176 2816 6203 θ
2851 6175 3055 6233 Quidam
3100 6188 3214 6221 mss.
3243 6175 3373 6221 ἰδεῖν.
3469 6171 3486 6207 ί
3514 6173 3687 6223 λίθεοι.

2012 6238 2042 6292 ἡ
2062 6236 2191 6300 γυνή.
2221 6238 2314 6285 Καὶ
2335 6237 2424 6300 γὰρ
2440 6237 2578 6294 αὐτή.
2650 6238 2675 6277 κ
2701 6236 2905 6295 Quidam
2930 6249 3044 6284 mss.
3071 6237 3303 6286 ἀνέστησε
3326 6233 3502 6295 φυγεῖν.
