4152 6490
303 473 408 526 Ηῗὶ

303 598 355 641 et
383 584 534 652 cujus
574 589 776 637 natum
806 580 1069 650 particeps
1088 620 1103 646 ,
1145 588 1200 634 et
1227 587 1441 649 propter
1469 593 1627 648 quem
1657 575 1883 630 formata

304 691 396 743 es,
428 675 841 730 familiaritatem
872 688 992 727 cum
1021 680 1269 740 serpente
1315 670 1451 724 mala
1481 669 1565 724 illa
1594 669 1760 724 bestia
1791 668 1886 721 ha-

307 768 434 822 bere
459 808 474 832 ,
523 775 576 822 ct
604 765 720 835 ejus
747 765 990 832 accipere
1017 763 1294 818 consilium
1322 760 1532 815 voluisti
1563 778 1574 812 :
1610 770 1889 830 propterea

306 858 531 926 posthac
557 854 629 909 illi
659 863 708 910 te
734 853 979 924 subjicio,
1009 861 1062 908 et
1091 853 1238 907 illum
1266 851 1540 906 dominum
1571 858 1719 905 tuum
1745 864 1893 904 assc-

307 963 402 1010 ro,
449 955 510 1000 ut
553 945 693 1000 illius
737 943 940 1000 scilicet
981 942 1276 998 dominium
1321 956 1578 1012 agnoscas
1622 958 1636 994 :
1677 950 1730 995 et
1772 941 1890 1010 quia

307 1035 582 1092 nescivisti
630 1036 931 1106 imperare,
978 1033 1124 1089 disce
1172 1033 1309 1089 bene
1358 1048 1565 1103 parere.
1609 1033 1689 1085 Ad
1734 1031 1893 1086 virtnn

306 1128 455 1182 enim
489 1137 626 1180 tuum
650 1167 666 1194 ,
699 1127 888 1196 inquit,
917 1126 1173 1180 conversio
1200 1135 1285 1178 tua
1308 1165 1323 1190 ,
1354 1134 1401 1179 et
1427 1125 1532 1194 ipse
1559 1123 1897 1178 dominabitur

309 1218 406 1270 tui.
438 1217 622 1273 Melius
650 1226 732 1271 est
761 1225 814 1270 ut
849 1224 903 1270 tu
941 1216 1041 1271 sub
1070 1216 1160 1270 illo
1189 1215 1297 1280 sis,
1345 1225 1399 1270 et
1440 1215 1585 1270 illum
1621 1214 1893 1269 dominum

313 1307 534 1372 habeas,
579 1322 737 1378 quam
783 1307 951 1362 libere
996 1315 1049 1364 ct
1089 1322 1209 1363 cum
1257 1315 1520 1378 potestate
1569 1307 1750 1361 vivens
1801 1323 1897 1376 per

311 1397 604 1468 praecipitia
632 1397 837 1454 feraris.
865 1397 996 1452 Nam
1027 1405 1081 1453 et
1109 1413 1247 1468 equo
1272 1399 1450 1453 utilius
1475 1408 1557 1452 est
1584 1400 1732 1453 freno
1762 1399 1892 1468 regi,

307 1499 369 1544 et
395 1490 690 1559 composite
715 1490 1000 1561 progredi,
1033 1505 1191 1561 quam
1220 1492 1335 1546 sine
1365 1491 1458 1546 illo
1489 1506 1581 1561 per
1606 1491 1896 1561 praecipitia

310 1578 462 1634 ferri.
499 1580 679 1651 Itaque
707 1579 1053 1635 considerans
1077 1579 1204 1651 quid
1241 1579 1332 1635 tibi
1363 1581 1430 1636 sit
1459 1581 1585 1635 utile
1605 1623 1620 1646 ,
1647 1580 1714 1635 ad
1746 1581 1896 1636 illum

311 1682 369 1728 te
392 1673 587 1728 habere
609 1674 731 1727 volo
755 1671 1158 1728 conversionem
1184 1690 1196 1725 :
1225 1673 1361 1728 sicut
1381 1674 1620 1743 corporis
1640 1683 1722 1729 est
1741 1682 1900 1742 caput

308 1759 504 1836 sequi;
519 1775 572 1820 et
599 1765 895 1820 dominium
923 1764 1040 1834 ejus
1063 1766 1298 1820 suaviter
1321 1780 1628 1835 agnoscere.
1657 1765 1780 1822 Scio
1803 1780 1899 1821 vos

309 1855 581 1912 dictorum
603 1856 758 1927 copia
787 1855 990 1926 fatigari
1017 1872 1032 1922 ;
1060 1855 1154 1911 sed
1176 1856 1481 1912 excitentini
1508 1857 1898 1927 aliquantulum

309 1963 413 2002 oro
432 1989 446 2012 ,
474 1962 544 2004 ne
573 1947 944 2018 imperfectum
988 1947 1246 2018 judicium
1292 1949 1656 2020 relinquamus
1678 1989 1693 2016 ,
1728 1966 1899 2020 ncqne

308 2039 502 2095 relicto
544 2039 718 2094 adhuc
757 2038 938 2109 judice
975 2041 1200 2096 sedente
1227 2039 1561 2098 discedamus
1591 2062 1604 2098 :
1637 2043 1897 2114 siquidem

311 2127 484 2183 ferme
515 2127 580 2181 ad
610 2127 768 2184 linem
801 2131 1160 2199 pervenimus.

384 2218 438 2274 9.
481 2218 766 2274 Videamus
809 2220 989 2292 itaque
1029 2223 1158 2292 quid
1198 2233 1318 2292 post
1359 2236 1658 2280 sermonem
1688 2224 1898 2280 mulieri

309 2308 550 2376 tactum,
601 2312 718 2366 viro
762 2311 943 2380 dicat,
994 2325 1047 2369 et
1089 2330 1247 2386 quam
1299 2317 1372 2371 illi
1418 2331 1630 2386 pinnam
1676 2317 1895 2387 inlligat.

318 2401 406 2455 t7.
443 2401 569 2456 Ada:
593 2413 762 2457 autem
788 2404 916 2459 dixit
942 2421 961 2459 .'
987 2405 1118 2473 Quia
1158 2407 1347 2460 audisti
1373 2424 1538 2462 vocent
1577 2409 1748 2463 uxoris
1783 2421 1902 2472 tum.

309 2501 358 2546 et
384 2494 647 2557 comedisti
682 2496 746 2548 de
773 2495 911 2566 ligno
931 2538 944 2560 ,
992 2497 1057 2552 de
1099 2514 1198 2569 quo
1235 2499 1469 2552 mandavi
1500 2501 1588 2554 tibi
1611 2542 1626 2566 ,
1674 2511 1727 2555 ut
1754 2517 1816 2555 ex
1841 2517 1900 2556 eo

309 2589 423 2640 solo
451 2603 550 2642 non
593 2589 844 2656 comedas,
890 2589 954 2644 de
996 2590 1086 2645 illo
1131 2592 1243 2661 ipso
1287 2593 1549 2647 comedlsti
1570 2609 1590 2656 ;
1635 2595 1900 2648 maledicta

312 2687 450 2730 terra
474 2678 524 2731 in
552 2678 786 2748 operibus
812 2681 930 2735 tuis.
961 2679 1028 2736 In
1049 2681 1289 2736 erumnis
1313 2683 1542 2737 comedes
1569 2683 1712 2738 illaut
1737 2687 1901 2738 omni-

313 2766 408 2822 bus
428 2767 601 2822 diebus
621 2769 735 2824 vita
754 2779 873 2824 tuae.
903 2769 988 2826 l8.
1014 2770 1210 2841 Spinas
1231 2781 1279 2826 et
1302 2770 1508 2826 tribulos
1530 2773 1618 2827 tibi
1637 2775 1895 2844 producet,

310 2867 360 2912 et
386 2858 614 2914 contedes
639 2859 829 2929 faenum
857 2862 988 2932 agri.
1023 2861 1108 2917 l9.
1134 2861 1202 2931 In
1227 2863 1411 2918 sudore
1435 2866 1583 2935 faciei
1613 2876 1712 2921 tua:
1737 2883 1900 2921 vesce-

309 2947 382 3004 ris
413 2965 544 3017 pane
576 2958 661 3004 tuo
683 2992 700 3016 ,
747 2950 906 3006 donec
949 2954 1211 3008 revertaris
1257 2962 1310 3008 tu
1353 2955 1405 3007 in
1436 2965 1652 3022 terram,
1696 2957 1758 3010 de
1800 2973 1898 3025 qua

308 3050 541 3110 sumptus
566 3057 616 3095 es
642 3057 660 3095 :
688 3044 808 3113 quia
837 3053 970 3098 terra
989 3062 1060 3112 es,
1093 3054 1138 3099 et
1164 3047 1216 3100 in
1243 3055 1428 3101 terram
1453 3047 1630 3103 abibis.
1663 3049 1896 3104 Plurima

308 3139 366 3184 et
397 3130 681 3186 ineﬂ‘abilis
711 3133 874 3188 etiam
903 3135 1004 3188 hoc
1031 3135 1148 3190 loco
1177 3139 1473 3192 ostenditur
1499 3139 1706 3193 Domini
1733 3141 1747 3170 ¹
1772 3155 1896 3209 erga

308 3224 584 3277 hominem
617 3225 946 3294 providentia
977 3237 1027 3281 et
1055 3241 1179 3281 cura
1211 3244 1224 3280 :
1253 3228 1346 3283 sed
1374 3229 1649 3284 audiamus
1673 3231 1898 3301 diligen-

310 3325 395 3370 ter
441 3315 854 3385 unumquodque
897 3316 1183 3371 dictorum.
1215 3319 1341 3372 Adae
1368 3330 1532 3374 autem
1562 3321 1690 3373 dixit
1718 3337 1736 3374 :
1766 3321 1898 3386 Quia

307 3405 498 3460 audisti
523 3422 691 3462 vocent
720 3408 890 3461 uxoris
914 3416 1031 3473 tum,
1059 3418 1105 3462 et
1131 3411 1390 3464 comedisti
1417 3413 1481 3464 de
1505 3413 1640 3482 ligno
1661 3454 1674 3479 ,
1708 3413 1769 3466 de
1797 3431 1896 3484 quo

310 3517 650 3571 pra-ceperant
691 3501 801 3567 tibi,
849 3511 902 3554 ut
931 3519 994 3556 ex
1019 3518 1078 3556 eo
1104 3504 1214 3557 solo
1257 3520 1358 3556 non
1400 3504 1664 3570 comedas,
1706 3506 1770 3559 de
1806 3507 1896 3562 illo

307 3593 422 3660 ipso
458 3591 735 3647 comedisli.
770 3591 1068 3659 Quoniam,
1115 3595 1322 3664 inquit,
1369 3594 1566 3650 audisti
1615 3597 1893 3652 mulierem

304 3693 478 3750 tuam,
509 3693 564 3739 et
585 3684 863 3740 comedisti
894 3685 961 3740 de
990 3685 1135 3755 ligno
1156 3727 1170 3751 ,
1216 3694 1270 3741 et
1295 3688 1575 3743 consilium
1603 3689 1746 3744 illius
1775 3705 1896 3746 meo

308 3776 564 3831 mandato
589 3777 755 3847 pluris
785 3777 955 3833 fecisti
977 3818 991 3842 ,
1022 3788 1076 3833 et
1101 3779 1316 3833 noluisti
1345 3781 1599 3836 abunico
1626 3783 1728 3838 hoc
1754 3785 1894 3854 ligno

302 3866 598 3932 abstinere,
643 3867 710 3922 de
753 3883 858 3936 quo
885 3869 1004 3923 solo
1033 3871 1263 3939 praecepi
1309 3870 1400 3926 tibi
1424 3887 1511 3934 ne
1539 3873 1851 3929 comederes
1879 3893 1891 3928 :

303 3972 437 4010 num
480 3957 573 4012 tibi
624 3959 849 4027 praecepi
889 3967 946 4013 ut
985 3974 1016 4012 a
1062 3959 1244 4015 multis
1282 3960 1622 4017 abstineres?
1661 3964 1742 4019 Ab
1785 3979 1893 4018 uno

304 4046 446 4112 solo,
472 4054 528 4101 et
553 4062 726 4118 neque
753 4049 821 4104 ab
852 4049 943 4102 illo
972 4050 1270 4105 abstinuisti
1287 4091 1302 4114 ,
1329 4051 1422 4107 sed
1451 4051 1646 4108 oblitus
1673 4053 1887 4108 manda.

307 4149 488 4193 torum
532 4153 771 4195 meorum
797 4181 812 4206 ,
863 4141 1074 4196 mulieri
1120 4141 1544 4212 obtemperasti:
1592 4144 1790 4200 idcirco
1834 4160 1892 4200 re

303 4231 420 4301 ipSa
449 4230 623 4287 disces
642 4273 656 4297 ,
685 4242 938 4302 quantum
970 4233 1167 4288 malum
1194 4233 1269 4289 sis
1302 4244 1570 4304 operaths.

383 4320 578 4376 Uxores
605 4324 722 4376 viris
750 4339 925 4391 parere
953 4323 1148 4377 debent.
1177 4355 1248 4364 —
1275 4326 1504 4381 Audiant
1527 4328 1646 4392 viri,
1674 4328 1890 4384 audiant

301 4412 560 4468 mulieres
579 4453 594 4480 ,
628 4424 681 4468 et
711 4414 786 4468 illi
813 4414 1028 4483 quidem
1051 4457 1065 4482 ,
1098 4424 1154 4470 ut
1179 4431 1246 4471 ne
1274 4416 1447 4472 ferant
1472 4434 1564 4473 cas
1593 4421 1727 4473 mala
1757 4436 1886 4476 eon-

301 4503 581 4569 sulentes;
624 4503 707 4559 ha:
749 4513 948 4571 autem,
995 4515 1053 4560 ut
1093 4521 1160 4562 ne
1189 4507 1310 4561 talia
1356 4509 1654 4563 consulant.
1685 4510 1815 4565 Nam
1844 4512 1889 4567 si

303 4595 396 4650 hic
422 4594 577 4664 culpa
609 4594 660 4649 in
689 4595 966 4650 mulierem
1011 4597 1203 4666 rejecta
1226 4639 1240 4663 ,
1275 4598 1471 4653 nullam
1503 4603 1707 4655 veniam
1741 4618 1887 4658 asse-

301 4693 501 4756 quutus
539 4694 658 4750 est,
705 4686 913 4756 qualem
958 4687 1078 4756 quis
1117 4686 1336 4743 haberet
1365 4691 1571 4745 veniam
1598 4734 1611 4757 ,
1659 4692 1886 4748 dicens:

301 4777 534 4844 Pmpter
559 4792 777 4831 uxorem
809 4777 911 4833 hoc
937 4789 990 4832 et
1019 4777 1121 4833 hoc
1167 4781 1377 4848 peccavi
1401 4823 1415 4845 ,
1461 4790 1515 4836 et
1558 4781 1658 4838 hoc
1697 4793 1750 4839 et
1789 4784 1890 4840 hoc

304 4867 451 4921 fecit
495 4867 571 4920 Ea
615 4868 758 4922 enim
785 4867 852 4923 de
895 4883 1051 4923 eausa
1084 4869 1182 4924 sub
1213 4879 1298 4923 tua
1329 4882 1591 4940 potestate
1619 4873 1756 4928 facta
1784 4884 1884 4942 est,

301 4965 361 5012 et
390 4955 637 5011 dominus
664 4959 783 5027 ejus
824 4960 1198 5027 pronuntiatus
1235 4977 1294 5016 es
1314 5002 1328 5026 ,
1363 4970 1420 5016 ut
1445 4963 1530 5016 illa
1562 4965 1650 5018 tibi
1680 4976 1881 5035 pareat,

298 5057 359 5102 et
392 5061 496 5102 non
534 5056 694 5117 caput
713 5042 882 5116 pedes
924 5058 1192 5119 sequatur.
1226 5051 1418 5106 Verum
1449 5068 1553 5107 non
1594 5071 1714 5110 raro
1737 5057 1886 5113 vide-

304 5150 427 5192 ntus
469 5140 792 5194 contrarium
836 5154 932 5194 usu
980 5142 1234 5208 evenire,
1279 5154 1332 5198 ut
1384 5145 1428 5198 is
1456 5145 1546 5215 qui
1577 5161 1675 5202 suo
1701 5151 1887 5206 ordine

301 5238 465 5298 caput
491 5243 610 5284 esse
633 5230 874 5297 deberet,
903 5248 1074 5301 neque
1101 5233 1291 5302 pedum
1318 5236 1560 5292 ordinem
1585 5251 1761 5296 servet
1789 5261 1802 5296 :
1834 5253 1887 5297 et

215 5385 218 5388 .
290 5332 365 5372 ea
414 5321 616 5388 quat‘in
661 5320 855 5390 pedum
903 5323 1022 5378 loco
1065 5335 1166 5390 est,
1212 5327 1262 5381 in
1308 5338 1466 5398 caput
1507 5333 1884 5386 constituatur.

294 5409 501 5467 tdcirco
537 5417 594 5464 et
631 5411 819 5466 beatus
848 5412 1045 5468 Paulus
1090 5416 1342 5485 magister
1380 5419 1523 5474 orbis
1570 5421 1681 5475 hmc
1706 5424 1883 5478 omnia

290 5500 596 5572 prmvidens
623 5542 638 5566 ,
673 5501 937 5558 clamabat
962 5520 974 5557 :
1007 5502 1152 5558 Unde
1181 5522 1394 5576 namque
1421 5510 1518 5564 scis
1563 5512 1745 5565 mulier
1771 5555 1785 5578 ,
1818 5530 1884 5566 an

295 5587 466 5638 virum
495 5587 572 5640 sis
608 5592 863 5647 salvatura
886 5594 912 5647 .’
955 5606 1042 5647 aut
1070 5597 1154 5662 qui
1198 5598 1295 5652 scis
1325 5600 1397 5651 vir
1420 5639 1435 5665 ,
1481 5617 1546 5654 an
1575 5602 1781 5656 uxorein
1815 5604 1884 5658 sis

292 5675 598 5735 salvatnrus
629 5685 707 5749 (t.
736 5683 853 5738 Cor.
886 5686 936 5738 7.
973 5686 1036 5742 16
1058 5687 1122 5754 )?
1153 5687 1528 5745 Verumtamen
1558 5691 1650 5745 viri
1679 5702 1793 5759 est,
1827 5705 1883 5749 ut

363 5869 378 5899 ⁸
399 5865 456 5916 ltt
479 5864 767 5924 quibusdam
789 5868 901 5920 Mss.
923 5884 1032 5933 \‘ox,
1051 5867 1239 5920 Domitii
1265 5867 1368 5930 (τοῦ
1401 5872 1690 5935 Δεσπότον),
1706 5873 1863 5922 deest.

1401 462 1464 517 ΙΝ
1503 462 1653 518 CAP.
1697 460 1782 516 Ill.
1824 458 2066 518 GENES.
2110 456 2336 513 llOllllL.
2381 456 2540 512 XVII.

3487 457 3585 510 i’n'i

2000 573 2237 643 diligenti
2286 587 2450 642 opera
2501 571 2640 626 male
2684 570 3054 627 COnSulcntcm
3099 570 3364 642 repellat.
3397 573 3586 627 mulier

2001 680 2128 718 vero
2158 679 2370 734 semper
2414 663 2464 716 in
2502 662 2758 718 memoria
2787 662 3015 716 retineat
3043 662 3360 732 supplicium
3388 704 3412 725 ,.
3445 664 3588 730 quod

2004 754 2128 809 Eva:
2166 755 2455 824 irrogatnnt
2486 763 2600 817 est,
2647 769 2766 823 quae
2812 751 3116 822 pestiferum
3149 752 3282 824 illud,
3307 746 3588 808 censiliunt

2003 845 2116 899 viro
2146 853 2481 914 suggesserat
2514 862 2527 898 :
2561 860 2629 898 ne
2671 843 2868 898 audeat
2900 844 3019 897 talia
3050 844 3336 899 consulere
3359 885 3373 910 ,
3421 859 3593 914 neque

2002 936 2238 991 imitetur
2277 934 2486 990 Evam:
2520 934 2615 990 sed
2661 935 2800 989 illius
2847 936 3092 1005 exemplo
3124 935 3437 1003 prudentior
3478 935 3589 1000 liat,

2003 1036 2056 1082 et
2087 1028 2210 1082 talia
2239 1027 2500 1091 consulat,
2528 1042 2645 1096 qua:
2673 1028 2843 1097 ipsam
2874 1036 2925 1081 et
2954 1027 3124 1080 virum
3157 1027 3300 1081 omni
3333 1025 3593 1096 supplicio

2004 1120 2288 1173 liberatura
2336 1119 2460 1173 sint.
2496 1119 2660 1172 Porro
2690 1118 2755 1172 ad
2791 1119 3087 1173 institutum
3135 1118 3436 1173 redeamus.
3472 1119 3598 1171 Adita

2003 1219 2168 1262 autem
2197 1210 2322 1262 dixit
2356 1208 2492 1263 Deus
2528 1227 2546 1262 :
2579 1210 2711 1276 Quia
2755 1209 2944 1263 audisti
2972 1225 3139 1263 vocem
3183 1210 3356 1263 uxoris
3385 1219 3515 1274 tum,
3551 1221 3598 1263 et

2003 1296 2262 1354 concediin
2291 1302 2353 1355 de
2399 1301 2536 1370 ligno
2559 1342 2574 1365 ,
2619 1301 2682 1354 de
2709 1317 2808 1370 quo
2836 1301 3053 1370 prazcepi
3098 1300 3187 1352 tibi
3223 1300 3285 1354 de
3313 1317 3369 1355 eo
3398 1301 3506 1354 solo
3539 1317 3600 1354 ne

2003 1392 2323 1455 comederes,
2368 1392 2433 1445 de
2477 1392 2566 1445 illo
2611 1392 2722 1461 ipso
2751 1391 3029 1446 comedisti.
3075 1390 3357 1458 Quoniam,
3405 1390 3596 1461 inquit,

2006 1492 2111 1538 tam
2139 1485 2414 1555 negligens
2441 1483 2583 1538 fuisti
2617 1485 2666 1538 in
2694 1483 3025 1539 observando
3056 1482 3305 1538 mandato
3331 1498 3474 1550 meo,
3505 1500 3597 1540 no-

2005 1590 2108 1644 que
2139 1577 2298 1629 timor
2328 1583 2378 1630 te
2405 1576 2664 1641 coercuit,
2694 1570 2866 1646 neque
2897 1573 3207 1644 praecedens
3235 1573 3600 1630 interminatto

2005 1666 2324 1722 calamitatis
2354 1683 2502 1722 esum
2552 1677 2964 1734 consequuturze
2997 1667 3088 1722 tibi
3135 1665 3424 1737 quidquam
3472 1681 3597 1735 pro—

2007 1758 2124 1826 fuit,
2152 1759 2248 1815 sed
2274 1760 2325 1813 in
2359 1768 2557 1815 tantam
2587 1760 2875 1830 nequitiam
2905 1759 3218 1830 pervenisti,
3250 1768 3308 1814 ut
3333 1773 3508 1829 neque
3533 1758 3600 1813 ab

2007 1852 2165 1906 unico
2193 1850 2293 1907 hoc
2323 1852 2465 1922 ligno
2493 1853 2583 1907 tibi
2615 1854 3017 1922 temperaveris,
3051 1853 3262 1908 tametsi
3290 1860 3367 1907 tot
3395 1861 3449 1908 et
3479 1861 3600 1906 tan-

2008 1941 2076 1996 tis
2106 1941 2201 1996 tibi
2230 1941 2332 1996 l'rui
2363 1944 2546 1999 liceret
2577 1962 2590 1998 :
2624 1943 2746 2000 ideo
2774 1944 3046 1998 Maledicta
3074 1945 3166 1998 erit
3194 1955 3328 2000 terra
3355 1944 3407 1998 in
3434 1945 3601 2013 operi-

2008 2033 2097 2087 bus
2138 2034 2258 2087 tuis.
2299 2034 2426 2089 Vide
2473 2035 2851 2107 benignitatem
2885 2036 3131 2102 Domini,
3177 2035 3448 2107 quomodo
3487 2051 3601 2091 ser-

2008 2134 2220 2193 pentem
2253 2128 2441 2196 punit,
2492 2127 2759 2198 quomodo
2806 2129 2934 2182 item
2981 2137 3036 2183 et
3085 2127 3345 2183 rationale
3381 2128 3596 2182 animat.

2007 2215 2083 2271 Illi
2133 2218 2276 2272 enim
2320 2217 2453 2272 dixit
2487 2237 2499 2272 :
2531 2218 2837 2273 Maledictus
2881 2229 2932 2272 tu
2976 2219 3038 2274 de
3076 2228 3212 2273 terra
3247 2235 3267 2273 :
3297 2219 3383 2274 hic
3422 2227 3600 2273 autem

2009 2323 2112 2362 non
2143 2309 2256 2374 sic;
2305 2308 2401 2364 sed
2428 2309 2598 2379 quid?
2629 2308 2905 2364 Maledicta
2944 2319 3079 2364 terra
3117 2311 3170 2364 in
3196 2310 3433 2382 operibus
3477 2311 3596 2365 tuis.

2009 2399 2072 2452 Et
2105 2398 2316 2453 merito.
2348 2398 2480 2454 Nam
2510 2400 2634 2470 quia
2667 2409 2884 2472 propter
2905 2400 3176 2456 hominem
3207 2401 3461 2471 producta
3491 2416 3525 2456 e
3557 2410 3597 2463 t,

2007 2499 2064 2544 ut
2095 2491 2182 2545 ille
2234 2501 2413 2560 posset
2460 2491 2562 2546 l‘rui
2616 2493 2679 2547 iis
2713 2508 2832 2563 qua:
2879 2508 2949 2547 ex
3000 2506 3062 2548 ea
3107 2501 3446 2547 nascuntur:
3480 2492 3601 2547 ideo

2006 2580 2198 2635 iterum
2248 2591 2465 2652 propter
2508 2582 2780 2637 hominem
2833 2591 3138 2652 peccantem
3183 2583 3522 2638 maledictum
3551 2583 3600 2638 ei

2007 2671 2205 2726 inditur
2239 2690 2252 2726 :
2281 2673 2406 2743 quia
2450 2673 2791 2728 maledictum
2834 2683 2990 2728 terrae
3029 2673 3318 2741 eveniens,
3367 2673 3599 2729 hominis

2004 2764 2278 2818 securitati
2308 2773 2362 2820 et
2391 2765 2556 2834 quieti
2583 2767 2758 2832 obest,
2796 2765 3071 2820 Maledicta
3091 2807 3107 2831 ,
3139 2765 3347 2836 inquit,
3386 2776 3518 2819 terra
3547 2766 3598 2820 in

2005 2854 2237 2924 aperibus
2267 2856 2384 2909 tuis.
2419 2854 2554 2909 Exin
2586 2865 2643 2910 ut
2681 2855 2951 2910 discamus
2996 2855 3122 2926 quid
3153 2856 3260 2923 sit,
3302 2855 3597 2915 Maledicta.

2004 2943 2182 2998 Subdit
2211 2961 2224 2996 :
2251 2941 2316 2998 In
2346 2943 2602 2998 doloribus
2631 2946 2860 2999 comedes
2889 2962 3001 2999 eam
3027 2947 3256 3000 omnibus
3287 2946 3460 3000 diebus
3486 2948 3598 3001 vita:

2003 3043 2124 3087 tua.
2151 3035 2279 3089 Vide
2303 3050 2731 3105 unamquamque
2751 3051 2964 3105 pmnam
2990 3038 3044 3090 in
3074 3036 3268 3091 saecula
3292 3037 3594 3102 durantem,

2005 3135 2059 3178 nt
2092 3143 2194 3180 non
2228 3128 2399 3181 Solum
2442 3127 2546 3181 illis
2576 3127 2626 3182 id
2656 3128 2785 3182 utile
2814 3129 2916 3193 sit,
2961 3127 3053 3182 sed
3085 3137 3138 3184 et
3166 3129 3364 3197 posteri
3409 3128 3596 3184 iisdem

2003 3215 2162 3270 rebus
2189 3216 2515 3282 doceantur,
2550 3217 2690 3272 unde
2734 3219 2838 3273 illis
2887 3218 3002 3273 haec
3039 3217 3298 3288 supplicia
3345 3228 3468 3273 sunt
3515 3218 3587 3272 in-

2003 3317 2152 3362 vecta
2190 3327 2202 3364 :
2241 3307 2307 3363 In
2349 3309 2645 3379 doloribus,
2694 3311 2895 3380 inquit,
2940 3311 3169 3365 contcdes
3212 3327 3324 3364 eam
3367 3311 3596 3364 omnibus

2003 3401 2176 3455 diebus
2202 3402 2316 3455 vita
2345 3411 2462 3456 Itur.
2512 3402 2701 3456 Postea
2747 3401 3054 3472 diligentius
3082 3402 3282 3457 docens
3325 3401 3594 3457 maledicti

2001 3493 2234 3562 speciem
2263 3502 2316 3548 et
2343 3493 2548 3549 doloris
2574 3509 2814 3560 causam,
2845 3493 3023 3548 subdit
3052 3511 3066 3548 :
3094 3494 3286 3565 Spinas
3313 3505 3357 3547 et
3383 3493 3596 3548 tribulos

2004 3583 2092 3636 tibi
2121 3585 2382 3653 producet.
2414 3584 2553 3640 Ecce
2581 3584 2847 3640 maledicti
2888 3587 3234 3640 meuimenta.
3269 3585 3478 3655 Spinas,
3511 3587 3593 3639 in-
3677 3579 3679 3581 ’

2001 3675 2153 3743 quit,
2185 3673 2493 3739 et.tribulos
2532 3674 2768 3745 proferet
2808 3685 2947 3731 terra
2978 3693 2990 3730 :
3026 3678 3203 3747 itaque
3231 3676 3412 3730 multis
3444 3676 3592 3731 labo-

2000 3765 2144 3820 ribus
2174 3777 2226 3820 et
2254 3767 2510 3821 {erumnis
2546 3767 2875 3836 cperandum
2919 3768 3054 3834 tibi,
3086 3777 3138 3823 et
3165 3767 3308 3821 omni
3355 3778 3594 3837 tempore

1999 3871 2118 3910 eum
2151 3855 2360 3910 tristitia
2398 3860 2575 3912 vivere
2619 3866 2670 3912 te
2713 3857 2943 3923 curabo,
2991 3867 3047 3911 ut
3093 3858 3196 3912 hoc
3242 3857 3337 3912 tibi
3386 3860 3591 3913 frenum

1999 3947 2087 4009 sit,
2118 3961 2184 4000 ne
2210 3945 2335 4015 quid
2363 3961 2521 4016 supra
2545 3946 2856 4017 dignitatem
2887 3947 2954 4001 de
2987 3956 3037 4010 te
3061 3948 3260 4002 sentias
3291 3967 3304 4002 :
3337 3948 3430 4004 sed
3462 3963 3589 4004 cnu-

2001 4039 2147 4092 tinuo
2176 4039 2379 4108 cogites
2409 4049 2553 4093 tuam
2605 4039 2770 4109 ipsius
2811 4037 3203 4102 substantiam,
3253 4055 3422 4107 neque
3452 4039 3591 4095 feras

2000 4139 2056 4184 ut
2086 4129 2306 4200 posthac
2339 4131 2417 4184 sic
2441 4130 2743 4199 decipiaris.
2777 4130 2843 4184 Et
2873 4130 3100 4184 contcdcs
3127 4134 3315 4200 frenum
3344 4131 3475 4200 agri.
3523 4130 3587 4184 In

1999 4221 2186 4276 sudore
2223 4222 2370 4292 faciei
2396 4232 2496 4275 tuae
2526 4223 2734 4276 vesceris
2774 4239 2904 4291 pane
2930 4231 3038 4276 tuo.
3076 4220 3454 4276 Animadverte
3482 4237 3588 4290 quo

1998 4322 2152 4381 pacto
2182 4321 2301 4381 post
2342 4312 2754 4367 inobedicntiam
2779 4311 2962 4367 omnia
3007 4312 3331 4380 contigerint
3374 4319 3584 4365 contra»

1993 4404 2069 4458 ria
2105 4403 2267 4472 priori
2295 4404 2416 4458 vitae
2447 4404 2760 4458 conditioni.
2795 4404 2904 4473 Ego
2931 4402 3143 4469 quidem
3165 4443 3181 4469 ,
3221 4402 3388 4473 inquit
3415 4445 3430 4469 ,
3464 4418 3586 4457 cum

1997 4493 2048 4548 in
2082 4495 2224 4548 hunc
2254 4503 2304 4549 te
2334 4494 2589 4548 mundum
2623 4493 2870 4564 produxi,
2894 4493 3139 4548 volebam
3168 4501 3220 4547 te
3241 4491 3432 4562 degere
3461 4493 3586 4547 abs~

1995 4599 2097 4652 que
2124 4583 2418 4651 doloribus,
2450 4584 2750 4647 laboribus,
2780 4583 3065 4639 sudoribus
3086 4624 3101 4648 ,
3129 4593 3180 4637 et
3210 4583 3462 4636 aerumnis
3487 4626 3500 4650 ,
3535 4594 3586 4638 et

1995 4675 2141 4729 omni
2182 4675 2435 4730 felicitate
2472 4675 2596 4740 frui,
2640 4689 2812 4743 neque
2857 4674 3224 4743 corporalibus
3254 4675 3584 4729 necessitati—

1996 4765 2093 4819 bus
2120 4764 2409 4820 obnoxium
2449 4777 2569 4818 esse
2589 4805 2602 4830 ,
2637 4762 2729 4817 sed
2759 4762 2826 4816 ab
2852 4762 3102 4816 omnibus
3133 4762 3237 4817 illis
3271 4777 3495 4816 vacuum
3532 4764 3581 4816 in

1991 4855 2138 4909 omni
2187 4854 2431 4910 libertate
2474 4853 2694 4908 versari.
2743 4853 2875 4919 Quia
2916 4867 3043 4906 vero
3090 4867 3194 4906 non
3243 4851 3441 4921 profuit
3491 4854 3582 4906 tibi

1997 4955 2141 5000 tanta
2171 4948 2448 5008 securitas,
2479 4955 2764 5013 eapropter
2791 4953 2843 4997 et
2869 4952 3026 4997 terrae
3056 4941 3391 5007 maledicam,
3429 4944 3493 4995 ita
3529 4955 3584 4997 ut

1993 5039 2195 5108 absque
2223 5039 2428 5092 satione
2455 5047 2508 5092 et
2536 5037 2775 5091 aratione
2802 5051 2906 5090 non
2947 5035 3170 5104 proferat
3203 5050 3329 5089 suos
3361 5035 3580 5098 fruetus,

1993 5130 2129 5184 sicut
2156 5138 2311 5183 antea
2345 5144 2358 5180 :
2392 5127 2484 5182 sed
2515 5138 2568 5181 et
2596 5141 2717 5180 cum
2749 5129 2918 5180 multo
2962 5126 3142 5180 labore
3165 5171 3177 5190 ,
3208 5125 3467 5180 molestiis
3489 5166 3502 5189 ,
3529 5134 3584 5179 et

1994 5222 2270 5287 aerumnis,
2292 5219 2521 5275 alliciam
2547 5219 2917 5297 tedoloribus,
2946 5228 2999 5272 et
3026 5218 3292 5273 coutinuis
3316 5216 3580 5287 fatigatio-

1994 5315 2149 5368 nihus
2178 5332 2190 5367 :
2222 5312 2450 5369 efﬁciam
2483 5313 2610 5367 item
2641 5321 2696 5366 ut
2725 5311 2854 5364 nihil
2894 5324 3210 5382 promoveas
3247 5310 3449 5379 absque
3487 5326 3578 5364 sn-

1991 5406 2244 5473 doribus;
2295 5415 2352 5461 ut
2400 5405 2484 5459 bis
2527 5405 2878 5466 exercitatus,
2927 5412 3237 5473 perpetuatn
3282 5403 3578 5457 doctrinam

1994 5499 2187 5553 habeas
2208 5499 2447 5554 modeste
2459 5497 2671 5568 agendi,
2694 5507 2940 5564 tuamque
2975 5497 3137 5565 ipsius
3162 5487 3402 5549 naturain
3421 5508 3576 5563 agno-

1991 5590 2193 5645 seendi.
2225 5589 2411 5659 Neque
2435 5589 2535 5644 hoc
2559 5588 2625 5643 ad
2650 5587 2915 5642 modicum
2938 5596 2994 5642 et
3024 5587 3181 5641 breve
3215 5596 3424 5656 tempus
3453 5586 3576 5642 erit.

1989 5682 2080 5736 sed
2107 5681 2252 5736 omni
2287 5690 2521 5752 tempore
2543 5681 2666 5735 vitae
2687 5679 2900 5734 durabit
2924 5697 2937 5733 :
2969 5677 3027 5731 In
3051 5677 3236 5732 sudore
3260 5678 3401 5731 enim
3429 5676 3575 5746 faciei

1990 5787 2090 5831 tum
2114 5777 2324 5831 vesceris
2365 5789 2495 5844 pane
2524 5785 2609 5828 tuo
2629 5815 2644 5841 ,
2676 5773 2832 5826 donec
2875 5771 3139 5825 revertaris
3185 5781 3238 5822 tu
3271 5771 3322 5822 in
3365 5779 3571 5831 tet-mm,

1990 5872 2051 5925 de
2089 5889 2183 5934 qua
2211 5883 2437 5935 sumplus
2477 5889 2527 5928 es
2556 5887 2572 5922 :
2599 5872 2714 5936 quia
2745 5879 2877 5924 terra
2904 5883 2954 5922 es
2977 5908 2993 5930 ,
3029 5875 3075 5920 et
3102 5865 3152 5919 in
3179 5873 3363 5918 terram
3389 5861 3566 5915 abibis.
