  <div class='ocr_page' id='page_1' title='image "/cluster/home/n/w/nwhite01/storage/ocr_20150623/53/uva.x030486927/149.png"; bbox 0 0 4152 6486; ppageno 0'>
   <div class='ocr_carea' id='block_1_1' title="bbox 635 442 737 494">
    <p class='ocr_par' dir='ltr' id='par_1_1' title="bbox 635 442 737 494">
     <span class='ocr_line' id='line_1_1' title="bbox 635 442 737 494; baseline -0.02 0"><span class='ocrx_word' id='word_1_1' title='bbox 635 442 737 494; x_wconf 68' lang='grc'><strong>137</strong></span> 
     </span>
    </p>
   </div>
   <div class='ocr_carea' id='block_1_2' title="bbox 631 545 2196 620">
    <p class='ocr_par' dir='ltr' id='par_1_2' title="bbox 631 545 2196 620">
     <span class='ocr_line' id='line_1_2' title="bbox 631 545 2196 620; baseline -0.005 -16"><span class='ocrx_word' id='word_1_2' title='bbox 631 551 754 605; x_wconf 78' lang='grc' dir='ltr'>ιιι-ε</span> <span class='ocrx_word' id='word_1_3' title='bbox 783 550 1064 605; x_wconf 76' lang='lat' dir='ltr'><strong>sustinebis</strong></span> <span class='ocrx_word' id='word_1_4' title='bbox 1098 565 1262 620; x_wconf 75' lang='lat' dir='ltr'><strong>llSqtte</strong></span> <span class='ocrx_word' id='word_1_5' title='bbox 1291 551 1355 604; x_wconf 85' lang='lat' dir='ltr'><strong>ad</strong></span> <span class='ocrx_word' id='word_1_6' title='bbox 1389 550 1542 604; x_wconf 85' lang='lat' dir='ltr'><strong>tinem</strong></span> <span class='ocrx_word' id='word_1_7' title='bbox 1573 549 1693 603; x_wconf 75' lang='lat' dir='ltr'><strong>vita:</strong></span> <span class='ocrx_word' id='word_1_8' title='bbox 1725 560 1845 611; x_wconf 66' lang='lat' dir='ltr'><strong>tuac,</strong></span> <span class='ocrx_word' id='word_1_9' title='bbox 1874 559 1925 602; x_wconf 91' lang='lat' dir='ltr'><strong>et</strong></span> <span class='ocrx_word' id='word_1_10' title='bbox 1951 546 2119 602; x_wconf 88' lang='lat' dir='ltr'><strong>donec</strong></span> <span class='ocrx_word' id='word_1_11' title='bbox 2147 545 2196 597; x_wconf 92' lang='lat' dir='ltr'><strong>in</strong></span> 
     </span>
    </p>
   </div>
   <div class='ocr_carea' id='block_1_3' title="bbox 634 635 2200 710">
    <p class='ocr_par' dir='ltr' id='par_1_3' title="bbox 634 635 2200 710">
     <span class='ocr_line' id='line_1_3' title="bbox 634 635 2200 710; baseline -0.003 -17"><span class='ocrx_word' id='word_1_12' title='bbox 634 642 774 694; x_wconf 81' lang='lat' dir='ltr'><strong>illam</strong></span> <span class='ocrx_word' id='word_1_13' title='bbox 808 642 1085 696; x_wconf 88' lang='lat' dir='ltr'><strong>resolvaris</strong></span> <span class='ocrx_word' id='word_1_14' title='bbox 1113 685 1127 707; x_wconf 96' lang='lat'><strong>,</strong></span> <span class='ocrx_word' id='word_1_15' title='bbox 1160 659 1222 696; x_wconf 79' lang='lat' dir='ltr'><strong>ex</strong></span> <span class='ocrx_word' id='word_1_16' title='bbox 1253 655 1352 710; x_wconf 89' lang='lat' dir='ltr'><strong>qua</strong></span> <span class='ocrx_word' id='word_1_17' title='bbox 1399 641 1650 694; x_wconf 89' lang='lat' dir='ltr'><strong>formatus</strong></span> <span class='ocrx_word' id='word_1_18' title='bbox 1678 655 1754 695; x_wconf 91' lang='lat' dir='ltr'><strong>es.</strong></span> <span class='ocrx_word' id='word_1_19' title='bbox 1798 639 1925 692; x_wconf 79' lang='lat' dir='ltr'><strong>Nam</strong></span> <span class='ocrx_word' id='word_1_20' title='bbox 1961 635 2200 706; x_wconf 78' lang='lat' dir='ltr'><strong>quamvis</strong></span> 
     </span>
    </p>
   </div>
   <div class='ocr_carea' id='block_1_4' title="bbox 636 727 2196 800">
    <p class='ocr_par' dir='ltr' id='par_1_4' title="bbox 636 727 2196 800">
     <span class='ocr_line' id='line_1_4' title="bbox 636 727 2196 800; baseline -0.003 -17"><span class='ocrx_word' id='word_1_21' title='bbox 636 730 726 785; x_wconf 89' lang='lat' dir='ltr'><strong>tihi</strong></span> <span class='ocrx_word' id='word_1_22' title='bbox 758 732 996 800; x_wconf 88' lang='lat' dir='ltr'><strong>corporis</strong></span> <span class='ocrx_word' id='word_1_23' title='bbox 1024 733 1257 786; x_wconf 92' lang='lat' dir='ltr'><strong>dederim</strong></span> <span class='ocrx_word' id='word_1_24' title='bbox 1300 740 1537 785; x_wconf 80' lang='lat' dir='ltr'><strong>naturam</strong></span> <span class='ocrx_word' id='word_1_25' title='bbox 1578 732 1645 786; x_wconf 93' lang='lat' dir='ltr'><strong>ob</strong></span> <span class='ocrx_word' id='word_1_26' title='bbox 1674 745 1841 784; x_wconf 87' lang='lat' dir='ltr'><strong>meam</strong></span> <span class='ocrx_word' id='word_1_27' title='bbox 1890 727 2196 790; x_wconf 89' lang='lat' dir='ltr'><strong>bonitatem,</strong></span> 
     </span>
    </p>
   </div>
   <div class='ocr_carea' id='block_1_5' title="bbox 634 819 2201 892">
    <p class='ocr_par' dir='ltr' id='par_1_5' title="bbox 634 819 2201 892">
     <span class='ocr_line' id='line_1_5' title="bbox 634 819 2201 892; baseline -0.003 -18"><span class='ocrx_word' id='word_1_28' title='bbox 634 823 805 891; x_wconf 88' lang='lat' dir='ltr'><strong>ipsum</strong></span> <span class='ocrx_word' id='word_1_29' title='bbox 837 831 1009 876; x_wconf 80' lang='lat' dir='ltr'><strong>tamen</strong></span> <span class='ocrx_word' id='word_1_30' title='bbox 1051 823 1149 877; x_wconf 89' lang='lat' dir='ltr'><strong>hoc</strong></span> <span class='ocrx_word' id='word_1_31' title='bbox 1189 836 1382 892; x_wconf 86' lang='lat' dir='ltr'><strong>corpus</strong></span> <span class='ocrx_word' id='word_1_32' title='bbox 1412 839 1474 876; x_wconf 84' lang='lat' dir='ltr'><strong>ex</strong></span> <span class='ocrx_word' id='word_1_33' title='bbox 1507 831 1644 876; x_wconf 78' lang='lat' dir='ltr'><strong>term</strong></span> <span class='ocrx_word' id='word_1_34' title='bbox 1674 822 1962 882; x_wconf 81' lang='lat' dir='ltr'><strong>exsistens,</strong></span> <span class='ocrx_word' id='word_1_35' title='bbox 2011 819 2201 872; x_wconf 86' lang='lat' dir='ltr'><strong>iterum</strong></span> 
     </span>
    </p>
   </div>
   <div class='ocr_carea' id='block_1_6' title="bbox 571 908 2202 980">
    <p class='ocr_par' dir='ltr' id='par_1_6' title="bbox 571 908 2202 980">
     <span class='ocr_line' id='line_1_6' title="bbox 571 908 2202 980; baseline -0.004 -13"><span class='ocrx_word' id='word_1_36' title='bbox 571 955 578 959; x_wconf 61' lang='grc' dir='ltr'><strong>ς</strong></span> <span class='ocrx_word' id='word_1_37' title='bbox 634 915 735 967; x_wconf 82' lang='lat' dir='ltr'><strong>crit</strong></span> <span class='ocrx_word' id='word_1_38' title='bbox 761 923 918 967; x_wconf 87' lang='lat' dir='ltr'><strong>terra.</strong></span> <span class='ocrx_word' id='word_1_39' title='bbox 948 913 1102 966; x_wconf 83' lang='lat' dir='ltr'><strong><em>Terra</em></strong></span> <span class='ocrx_word' id='word_1_40' title='bbox 1143 914 1282 967; x_wconf 84' lang='lat' dir='ltr'><strong>enim</strong></span> <span class='ocrx_word' id='word_1_41' title='bbox 1312 931 1390 980; x_wconf 82' lang='lat' dir='ltr'><strong>es,</strong></span> <span class='ocrx_word' id='word_1_42' title='bbox 1435 925 1478 967; x_wconf 90' lang='lat' dir='ltr'><strong>et</strong></span> <span class='ocrx_word' id='word_1_43' title='bbox 1509 913 1557 966; x_wconf 85' lang='lat' dir='ltr'><strong>in</strong></span> <span class='ocrx_word' id='word_1_44' title='bbox 1585 923 1764 965; x_wconf 87' lang='lat' dir='ltr'><strong>terram</strong></span> <span class='ocrx_word' id='word_1_45' title='bbox 1802 911 1979 963; x_wconf 77' lang='lat' dir='ltr'><strong>abibis.</strong></span> <span class='ocrx_word' id='word_1_46' title='bbox 2018 908 2202 962; x_wconf 81' lang='lat' dir='ltr'><strong>Enim-</strong></span> 
     </span>
    </p>
   </div>
   <div class='ocr_carea' id='block_1_7' title="bbox 633 1001 2200 1071">
    <p class='ocr_par' dir='ltr' id='par_1_7' title="bbox 633 1001 2200 1071">
     <span class='ocr_line' id='line_1_7' title="bbox 633 1001 2200 1071; baseline -0.006 -12"><span class='ocrx_word' id='word_1_47' title='bbox 633 1021 760 1059; x_wconf 81' lang='lat' dir='ltr'><strong>vero</strong></span> <span class='ocrx_word' id='word_1_48' title='bbox 792 1015 846 1058; x_wconf 96' lang='lat' dir='ltr'><strong>ttt</strong></span> <span class='ocrx_word' id='word_1_49' title='bbox 885 1022 949 1059; x_wconf 92' lang='lat' dir='ltr'><strong>nc</strong></span> <span class='ocrx_word' id='word_1_50' title='bbox 996 1007 1105 1059; x_wconf 77' lang='lat' dir='ltr'><strong>lucc</strong></span> <span class='ocrx_word' id='word_1_51' title='bbox 1151 1005 1337 1060; x_wconf 83' lang='lat' dir='ltr'><strong>fierent</strong></span> <span class='ocrx_word' id='word_1_52' title='bbox 1361 1047 1376 1071; x_wconf 91' lang='lat'><strong>,</strong></span> <span class='ocrx_word' id='word_1_53' title='bbox 1417 1006 1557 1070; x_wconf 82' lang='lat' dir='ltr'><strong>dixi,</strong></span> <span class='ocrx_word' id='word_1_54' title='bbox 1603 1003 1683 1056; x_wconf 86' lang='lat' dir='ltr'><strong>Ne</strong></span> <span class='ocrx_word' id='word_1_55' title='bbox 1723 1001 1993 1055; x_wconf 74' lang='lat' dir='ltr'><strong>comedetis</strong></span> <span class='ocrx_word' id='word_1_56' title='bbox 2018 1001 2080 1054; x_wconf 85' lang='lat' dir='ltr'><strong>de</strong></span> <span class='ocrx_word' id='word_1_57' title='bbox 2109 1001 2200 1051; x_wconf 79' lang='lat' dir='ltr'><strong>hoc</strong></span> 
     </span>
    </p>
   </div>
   <div class='ocr_carea' id='block_1_8' title="bbox 635 1091 2201 1164">
    <p class='ocr_par' dir='ltr' id='par_1_8' title="bbox 635 1091 2201 1164">
     <span class='ocr_line' id='line_1_8' title="bbox 635 1091 2201 1164; baseline -0.004 -18"><span class='ocrx_word' id='word_1_58' title='bbox 635 1094 770 1164; x_wconf 75' lang='lat' dir='ltr'><strong>ligno</strong></span> <span class='ocrx_word' id='word_1_59' title='bbox 798 1109 816 1146; x_wconf 89' lang='lat'><strong><em>:</em></strong></span> <span class='ocrx_word' id='word_1_60' title='bbox 841 1110 1150 1164; x_wconf 82' lang='lat' dir='ltr'><strong>quocumque</strong></span> <span class='ocrx_word' id='word_1_61' title='bbox 1180 1097 1309 1148; x_wconf 82' lang='lat' dir='ltr'><strong>enim</strong></span> <span class='ocrx_word' id='word_1_62' title='bbox 1350 1097 1429 1148; x_wconf 83' lang='lat' dir='ltr'><strong>die</strong></span> <span class='ocrx_word' id='word_1_63' title='bbox 1469 1093 1778 1147; x_wconf 81' lang='lat' dir='ltr'><strong>comederitia</strong></span> <span class='ocrx_word' id='word_1_64' title='bbox 1797 1134 1809 1156; x_wconf 93' lang='lat'><strong>,</strong></span> <span class='ocrx_word' id='word_1_65' title='bbox 1843 1101 2000 1145; x_wconf 86' lang='lat' dir='ltr'><strong>morte</strong></span> <span class='ocrx_word' id='word_1_66' title='bbox 2025 1091 2201 1142; x_wconf 82' lang='lat' dir='ltr'><strong>morie-</strong></span> 
     </span>
    </p>
   </div>
   <div class='ocr_carea' id='block_1_9' title="bbox 633 1184 2200 1252">
    <p class='ocr_par' dir='ltr' id='par_1_9' title="bbox 633 1184 2200 1252">
     <span class='ocr_line' id='line_1_9' title="bbox 633 1184 2200 1252; baseline -0.001 -15"><span class='ocrx_word' id='word_1_67' title='bbox 633 1185 772 1237; x_wconf 85' lang='lat' dir='ltr'><strong>mini.</strong></span> <span class='ocrx_word' id='word_1_68' title='bbox 805 1184 918 1239; x_wconf 81' lang='lat' dir='ltr'><strong>Non</strong></span> <span class='ocrx_word' id='word_1_69' title='bbox 961 1185 1102 1239; x_wconf 89' lang='lat' dir='ltr'><strong>enim</strong></span> <span class='ocrx_word' id='word_1_70' title='bbox 1133 1185 1231 1239; x_wconf 92' lang='lat' dir='ltr'><strong>hoc</strong></span> <span class='ocrx_word' id='word_1_71' title='bbox 1261 1185 1497 1239; x_wconf 88' lang='lat' dir='ltr'><strong>volebam</strong></span> <span class='ocrx_word' id='word_1_72' title='bbox 1532 1203 1542 1237; x_wconf 92' lang='lat'><strong>:</strong></span> <span class='ocrx_word' id='word_1_73' title='bbox 1573 1185 1664 1238; x_wconf 85' lang='lat' dir='ltr'><strong>sed</strong></span> <span class='ocrx_word' id='word_1_74' title='bbox 1700 1185 1818 1252; x_wconf 80' lang='lat' dir='ltr'><strong>quia</strong></span> <span class='ocrx_word' id='word_1_75' title='bbox 1859 1197 2039 1236; x_wconf 91' lang='lat' dir='ltr'><strong>eorum</strong></span> <span class='ocrx_word' id='word_1_76' title='bbox 2083 1194 2200 1248; x_wconf 72' lang='lat' dir='ltr'><strong>qua:</strong></span> 
     </span>
    </p>
   </div>
   <div class='ocr_carea' id='block_1_10' title="bbox 633 1274 2199 1348">
    <p class='ocr_par' dir='ltr' id='par_1_10' title="bbox 633 1274 2199 1348">
     <span class='ocr_line' id='line_1_10' title="bbox 633 1274 2199 1348; baseline -0.003 -22"><span class='ocrx_word' id='word_1_77' title='bbox 633 1275 698 1327; x_wconf 84' lang='lat' dir='ltr'><strong>ad</strong></span> <span class='ocrx_word' id='word_1_78' title='bbox 729 1290 814 1329; x_wconf 91' lang='lat' dir='ltr'><strong>me</strong></span> <span class='ocrx_word' id='word_1_79' title='bbox 840 1275 1150 1338; x_wconf 81' lang='lat' dir='ltr'><strong>attinebant,</strong></span> <span class='ocrx_word' id='word_1_80' title='bbox 1179 1274 1306 1328; x_wconf 85' lang='lat' dir='ltr'><strong>nihil</strong></span> <span class='ocrx_word' id='word_1_81' title='bbox 1332 1275 1688 1328; x_wconf 86' lang='lat' dir='ltr'><strong>intermissum</strong></span> <span class='ocrx_word' id='word_1_82' title='bbox 1714 1282 1832 1348; x_wconf 64' lang='lat' dir='ltr'><strong>est:</strong></span> <span class='ocrx_word' id='word_1_83' title='bbox 1863 1281 1916 1324; x_wconf 84' lang='grc' dir='ltr'><strong>ιιι</strong></span> <span class='ocrx_word' id='word_1_84' title='bbox 1946 1280 2117 1323; x_wconf 90' lang='lat' dir='ltr'><strong>autem</strong></span> <span class='ocrx_word' id='word_1_85' title='bbox 2150 1278 2199 1322; x_wconf 87' lang='lat' dir='ltr'><strong>te</strong></span> 
     </span>
    </p>
   </div>
   <div class='ocr_carea' id='block_1_11' title="bbox 634 1360 2194 1433">
    <p class='ocr_par' dir='ltr' id='par_1_11' title="bbox 634 1360 2194 1433">
     <span class='ocr_line' id='line_1_11' title="bbox 634 1360 2194 1433; baseline -0.001 -17"><span class='ocrx_word' id='word_1_86' title='bbox 634 1363 803 1432; x_wconf 84' lang='lat' dir='ltr'><strong>ipsum</strong></span> <span class='ocrx_word' id='word_1_87' title='bbox 838 1364 888 1418; x_wconf 91' lang='lat' dir='ltr'><strong>in</strong></span> <span class='ocrx_word' id='word_1_88' title='bbox 921 1365 1032 1419; x_wconf 69' lang='lat' dir='ltr'><strong>lucc</strong></span> <span class='ocrx_word' id='word_1_89' title='bbox 1058 1365 1329 1433; x_wconf 88' lang='lat' dir='ltr'><strong>conjecisti</strong></span> <span class='ocrx_word' id='word_1_90' title='bbox 1351 1405 1366 1430; x_wconf 93' lang='lat'><strong>,</strong></span> <span class='ocrx_word' id='word_1_91' title='bbox 1411 1381 1476 1420; x_wconf 91' lang='lat' dir='ltr'><strong>ne</strong></span> <span class='ocrx_word' id='word_1_92' title='bbox 1505 1365 1553 1417; x_wconf 94' lang='lat' dir='ltr'><strong>in</strong></span> <span class='ocrx_word' id='word_1_93' title='bbox 1583 1364 1740 1417; x_wconf 89' lang='lat' dir='ltr'><strong>alium</strong></span> <span class='ocrx_word' id='word_1_94' title='bbox 1767 1377 1977 1417; x_wconf 80' lang='lat' dir='ltr'><strong>causam</strong></span> <span class='ocrx_word' id='word_1_95' title='bbox 2009 1360 2194 1414; x_wconf 88' lang='lat' dir='ltr'><strong>retule-</strong></span> 
     </span>
    </p>
   </div>
   <div class='ocr_carea' id='block_1_12' title="bbox 627 1452 2198 1524">
    <p class='ocr_par' dir='ltr' id='par_1_12' title="bbox 627 1452 2198 1524">
     <span class='ocr_line' id='line_1_12' title="bbox 627 1452 2198 1524; baseline -0.001 -18"><span class='ocrx_word' id='word_1_96' title='bbox 627 1454 740 1519; x_wconf 80' lang='lat' dir='ltr'><strong>ris,</strong></span> <span class='ocrx_word' id='word_1_97' title='bbox 793 1455 884 1509; x_wconf 89' lang='lat' dir='ltr'><strong>sed</strong></span> <span class='ocrx_word' id='word_1_98' title='bbox 933 1466 1031 1509; x_wconf 69' lang='lat' dir='ltr'><strong>tum</strong></span> <span class='ocrx_word' id='word_1_99' title='bbox 1073 1457 1237 1524; x_wconf 82' lang='lat' dir='ltr'><strong>ipsius</strong></span> <span class='ocrx_word' id='word_1_100' title='bbox 1266 1456 1482 1510; x_wconf 71' lang='lat' dir='ltr'><strong>desidia:</strong></span> <span class='ocrx_word' id='word_1_101' title='bbox 1527 1465 1690 1509; x_wconf 91' lang='lat' dir='ltr'><strong>totum</strong></span> <span class='ocrx_word' id='word_1_102' title='bbox 1736 1454 2036 1508; x_wconf 89' lang='lat' dir='ltr'><strong>abscribito.</strong></span> <span class='ocrx_word' id='word_1_103' title='bbox 2082 1452 2198 1506; x_wconf 83' lang='lat' dir='ltr'><strong>Jam</strong></span> 
     </span>
    </p>
   </div>
   <div class='ocr_carea' id='block_1_13' title="bbox 629 1543 2196 1615">
    <p class='ocr_par' dir='ltr' id='par_1_13' title="bbox 629 1543 2196 1615">
     <span class='ocr_line' id='line_1_13' title="bbox 629 1543 2196 1615; baseline -0.001 -18"><span class='ocrx_word' id='word_1_104' title='bbox 629 1543 806 1599; x_wconf 89' lang='lat' dir='ltr'><strong>denuo</strong></span> <span class='ocrx_word' id='word_1_105' title='bbox 834 1547 935 1600; x_wconf 89' lang='lat' dir='ltr'><strong>alia</strong></span> <span class='ocrx_word' id='word_1_106' title='bbox 964 1548 1114 1601; x_wconf 89' lang='lat' dir='ltr'><strong>nobis</strong></span> <span class='ocrx_word' id='word_1_107' title='bbox 1139 1549 1360 1615; x_wconf 67' lang='lat' dir='ltr'><strong>qumstio</strong></span> <span class='ocrx_word' id='word_1_108' title='bbox 1390 1547 1511 1602; x_wconf 85' lang='lat' dir='ltr'><strong>hinc</strong></span> <span class='ocrx_word' id='word_1_109' title='bbox 1543 1547 1775 1600; x_wconf 89' lang='lat' dir='ltr'><strong>nascitur</strong></span> <span class='ocrx_word' id='word_1_110' title='bbox 1794 1586 1808 1610; x_wconf 95' lang='lat'><strong>,</strong></span> <span class='ocrx_word' id='word_1_111' title='bbox 1836 1560 1934 1614; x_wconf 88' lang='lat' dir='ltr'><strong>qua</strong></span> <span class='ocrx_word' id='word_1_112' title='bbox 1955 1585 1971 1608; x_wconf 92' lang='lat'><strong>,</strong></span> <span class='ocrx_word' id='word_1_113' title='bbox 2013 1545 2055 1596; x_wconf 88' lang='lat' dir='ltr'><strong>si</strong></span> <span class='ocrx_word' id='word_1_114' title='bbox 2087 1543 2196 1612; x_wconf 84' lang='lat' dir='ltr'><strong>pla-</strong></span> 
     </span>
    </p>
   </div>
   <div class='ocr_carea' id='block_1_14' title="bbox 632 1632 2197 1701">
    <p class='ocr_par' dir='ltr' id='par_1_14' title="bbox 632 1632 2197 1701">
     <span class='ocr_line' id='line_1_14' title="bbox 632 1632 2197 1701; baseline 0 -16"><span class='ocrx_word' id='word_1_115' title='bbox 632 1635 835 1701; x_wconf 84' lang='lat' dir='ltr'><strong>cucrit,</strong></span> <span class='ocrx_word' id='word_1_116' title='bbox 874 1636 1103 1691; x_wconf 76' lang='lat' dir='ltr'><strong>breviter</strong></span> <span class='ocrx_word' id='word_1_117' title='bbox 1130 1637 1364 1691; x_wconf 89' lang='lat' dir='ltr'><strong>absoluta</strong></span> <span class='ocrx_word' id='word_1_118' title='bbox 1391 1678 1404 1701; x_wconf 80' lang='lat'><strong>,</strong></span> <span class='ocrx_word' id='word_1_119' title='bbox 1453 1637 1608 1689; x_wconf 85' lang='lat' dir='ltr'><strong>tinem</strong></span> <span class='ocrx_word' id='word_1_120' title='bbox 1636 1635 1895 1689; x_wconf 90' lang='lat' dir='ltr'><strong>sermonis</strong></span> <span class='ocrx_word' id='word_1_121' title='bbox 1925 1635 2007 1687; x_wconf 91' lang='lat' dir='ltr'><strong>hic</strong></span> <span class='ocrx_word' id='word_1_122' title='bbox 2037 1632 2197 1686; x_wconf 88' lang='lat' dir='ltr'><strong>facie-</strong></span> 
     </span>
    </p>
   </div>
   <div class='ocr_carea' id='block_1_15' title="bbox 633 1723 2200 1796">
    <p class='ocr_par' dir='ltr' id='par_1_15' title="bbox 633 1723 2200 1796">
     <span class='ocr_line' id='line_1_15' title="bbox 633 1723 2200 1796; baseline -0.001 -19"><span class='ocrx_word' id='word_1_123' title='bbox 633 1740 767 1778; x_wconf 89' lang='lat' dir='ltr'><strong>mus.</strong></span> <span class='ocrx_word' id='word_1_124' title='bbox 801 1727 935 1780; x_wconf 73' lang='lat' dir='ltr'><strong>Dixit</strong></span> <span class='ocrx_word' id='word_1_125' title='bbox 955 1769 968 1792; x_wconf 92' lang='lat'><strong>,</strong></span> <span class='ocrx_word' id='word_1_126' title='bbox 1002 1727 1200 1796; x_wconf 92' lang='lat' dir='ltr'><strong>inquit,</strong></span> <span class='ocrx_word' id='word_1_127' title='bbox 1244 1728 1378 1780; x_wconf 87' lang='lat' dir='ltr'><strong>Deus</strong></span> <span class='ocrx_word' id='word_1_128' title='bbox 1406 1744 1418 1778; x_wconf 89' lang='lat'><strong>:</strong></span> <span class='ocrx_word' id='word_1_129' title='bbox 1447 1726 1766 1794; x_wconf 74' lang='lat' dir='ltr'><strong>Quocumque</strong></span> <span class='ocrx_word' id='word_1_130' title='bbox 1789 1725 1869 1777; x_wconf 84' lang='lat' dir='ltr'><strong>die</strong></span> <span class='ocrx_word' id='word_1_131' title='bbox 1893 1723 2200 1777; x_wconf 73' lang='lat' dir='ltr'><strong>comederitis</strong></span> 
     </span>
    </p>
   </div>
   <div class='ocr_carea' id='block_1_16' title="bbox 633 1815 2199 1884">
    <p class='ocr_par' dir='ltr' id='par_1_16' title="bbox 633 1815 2199 1884">
     <span class='ocr_line' id='line_1_16' title="bbox 633 1815 2199 1884; baseline -0.001 -17"><span class='ocrx_word' id='word_1_132' title='bbox 633 1831 694 1867; x_wconf 76' lang='lat' dir='ltr'><strong>ea:</strong></span> <span class='ocrx_word' id='word_1_133' title='bbox 718 1831 794 1878; x_wconf 84' lang='lat' dir='ltr'><strong>eo,</strong></span> <span class='ocrx_word' id='word_1_134' title='bbox 824 1827 981 1868; x_wconf 87' lang='lat' dir='ltr'><strong>morte</strong></span> <span class='ocrx_word' id='word_1_135' title='bbox 1000 1817 1276 1869; x_wconf 81' lang='lat' dir='ltr'><strong>moriemini</strong></span> <span class='ocrx_word' id='word_1_136' title='bbox 1302 1815 1451 1884; x_wconf 78' lang='lat' dir='ltr'><strong>(Gen.</strong></span> <span class='ocrx_word' id='word_1_137' title='bbox 1476 1816 1529 1867; x_wconf 74' lang='lat'><strong>2.</strong></span> <span class='ocrx_word' id='word_1_138' title='bbox 1563 1818 1648 1882; x_wconf 88' lang='lat' dir='ltr'><strong>l7)</strong></span> <span class='ocrx_word' id='word_1_139' title='bbox 1676 1833 1688 1869; x_wconf 88' lang='lat'><strong>:</strong></span> <span class='ocrx_word' id='word_1_140' title='bbox 1713 1815 1995 1868; x_wconf 72' lang='lat' dir='ltr'><strong>multorum</strong></span> <span class='ocrx_word' id='word_1_141' title='bbox 2024 1821 2199 1866; x_wconf 88' lang='lat' dir='ltr'><strong>autem</strong></span> 
     </span>
    </p>
   </div>
   <div class='ocr_carea' id='block_1_17' title="bbox 627 1903 2199 1972">
    <p class='ocr_par' dir='ltr' id='par_1_17' title="bbox 627 1903 2199 1972">
     <span class='ocr_line' id='line_1_17' title="bbox 627 1903 2199 1972; baseline 0.001 -17"><span class='ocrx_word' id='word_1_142' title='bbox 627 1918 885 1957; x_wconf 84' lang='lat' dir='ltr'><strong>annorum</strong></span> <span class='ocrx_word' id='word_1_143' title='bbox 915 1920 1137 1960; x_wconf 90' lang='lat' dir='ltr'><strong>numero</strong></span> <span class='ocrx_word' id='word_1_144' title='bbox 1174 1906 1469 1959; x_wconf 88' lang='lat' dir='ltr'><strong>ostenditur</strong></span> <span class='ocrx_word' id='word_1_145' title='bbox 1496 1905 1688 1959; x_wconf 78' lang='lat' dir='ltr'><strong>vixisse</strong></span> <span class='ocrx_word' id='word_1_146' title='bbox 1720 1904 1835 1958; x_wconf 92' lang='lat' dir='ltr'><strong>illos</strong></span> <span class='ocrx_word' id='word_1_147' title='bbox 1865 1913 1980 1972; x_wconf 75' lang='lat' dir='ltr'><strong>post</strong></span> <span class='ocrx_word' id='word_1_148' title='bbox 2018 1903 2199 1957; x_wconf 88' lang='lat' dir='ltr'><strong>inobe-</strong></span> 
     </span>
    </p>
   </div>
   <div class='ocr_carea' id='block_1_18' title="bbox 629 1993 2202 2065">
    <p class='ocr_par' dir='ltr' id='par_1_18' title="bbox 629 1993 2202 2065">
     <span class='ocr_line' id='line_1_18' title="bbox 629 1993 2202 2065; baseline -0.001 -17"><span class='ocrx_word' id='word_1_149' title='bbox 629 1993 878 2048; x_wconf 87' lang='lat' dir='ltr'><strong>dicutiam</strong></span> <span class='ocrx_word' id='word_1_150' title='bbox 901 2037 913 2058; x_wconf 94' lang='lat'><strong>,</strong></span> <span class='ocrx_word' id='word_1_151' title='bbox 947 2004 1000 2050; x_wconf 88' lang='lat' dir='ltr'><strong>et</strong></span> <span class='ocrx_word' id='word_1_152' title='bbox 1025 1997 1127 2050; x_wconf 85' lang='lat' dir='ltr'><strong>cibi</strong></span> <span class='ocrx_word' id='word_1_153' title='bbox 1155 1997 1296 2049; x_wconf 88' lang='lat' dir='ltr'><strong>vetiti</strong></span> <span class='ocrx_word' id='word_1_154' title='bbox 1329 2011 1499 2050; x_wconf 86' lang='lat' dir='ltr'><strong>esum.</strong></span> <span class='ocrx_word' id='word_1_155' title='bbox 1530 1995 1589 2048; x_wconf 87' lang='lat' dir='ltr'><strong>Et</strong></span> <span class='ocrx_word' id='word_1_156' title='bbox 1623 1997 1843 2065; x_wconf 67' lang='lat' dir='ltr'><strong>quarstio</strong></span> <span class='ocrx_word' id='word_1_157' title='bbox 1870 1994 2078 2064; x_wconf 86' lang='lat' dir='ltr'><strong>quidem</strong></span> <span class='ocrx_word' id='word_1_158' title='bbox 2109 1995 2202 2046; x_wconf 82' lang='lat' dir='ltr'><strong>ali-</strong></span> 
     </span>
    </p>
   </div>
   <div class='ocr_carea' id='block_1_19' title="bbox 630 2087 2202 2157">
    <p class='ocr_par' dir='ltr' id='par_1_19' title="bbox 630 2087 2202 2157">
     <span class='ocr_line' id='line_1_19' title="bbox 630 2087 2202 2157; baseline 0 -17"><span class='ocrx_word' id='word_1_159' title='bbox 630 2101 731 2155; x_wconf 86' lang='lat' dir='ltr'><strong>qua</strong></span> <span class='ocrx_word' id='word_1_160' title='bbox 761 2101 879 2141; x_wconf 88' lang='lat' dir='ltr'><strong>esse</strong></span> <span class='ocrx_word' id='word_1_161' title='bbox 904 2088 1111 2142; x_wconf 87' lang='lat' dir='ltr'><strong>videtur</strong></span> <span class='ocrx_word' id='word_1_162' title='bbox 1139 2089 1200 2142; x_wconf 92' lang='lat' dir='ltr'><strong>iis</strong></span> <span class='ocrx_word' id='word_1_163' title='bbox 1224 2088 1310 2157; x_wconf 89' lang='lat' dir='ltr'><strong>qui</strong></span> <span class='ocrx_word' id='word_1_164' title='bbox 1341 2103 1369 2141; x_wconf 86' lang='lat' dir='ltr'><strong>a</strong></span> <span class='ocrx_word' id='word_1_165' title='bbox 1412 2088 1691 2156; x_wconf 70' lang='lat' dir='ltr'><strong>SllpCI‘ﬁt&#39;Ic</strong></span> <span class='ocrx_word' id='word_1_166' title='bbox 1727 2088 1956 2140; x_wconf 86' lang='lat' dir='ltr'><strong>salutant</strong></span> <span class='ocrx_word' id='word_1_167' title='bbox 1994 2087 2202 2140; x_wconf 88' lang='lat' dir='ltr'><strong>divinas</strong></span> 
     </span>
    </p>
   </div>
   <div class='ocr_carea' id='block_1_20' title="bbox 633 2175 2202 2244">
    <p class='ocr_par' dir='ltr' id='par_1_20' title="bbox 633 2175 2202 2244">
     <span class='ocr_line' id='line_1_20' title="bbox 633 2175 2202 2244; baseline 0 -16"><span class='ocrx_word' id='word_1_168' title='bbox 633 2175 838 2230; x_wconf 84' lang='lat' dir='ltr'><strong>Literas</strong></span> <span class='ocrx_word' id='word_1_169' title='bbox 866 2193 880 2227; x_wconf 89' lang='lat'><strong>:</strong></span> <span class='ocrx_word' id='word_1_170' title='bbox 914 2187 963 2229; x_wconf 89' lang='lat' dir='ltr'><strong>at</strong></span> <span class='ocrx_word' id='word_1_171' title='bbox 1003 2178 1046 2229; x_wconf 91' lang='lat' dir='ltr'><strong>si</strong></span> <span class='ocrx_word' id='word_1_172' title='bbox 1077 2178 1193 2244; x_wconf 85' lang='lat' dir='ltr'><strong>quis</strong></span> <span class='ocrx_word' id='word_1_173' title='bbox 1223 2191 1373 2244; x_wconf 78' lang='lat' dir='ltr'><strong>a-quo</strong></span> <span class='ocrx_word' id='word_1_174' title='bbox 1399 2179 1576 2229; x_wconf 88' lang='lat' dir='ltr'><strong>animo</strong></span> <span class='ocrx_word' id='word_1_175' title='bbox 1604 2191 1758 2229; x_wconf 82' lang='lat' dir='ltr'><strong>aures</strong></span> <span class='ocrx_word' id='word_1_176' title='bbox 1784 2175 2058 2235; x_wconf 85' lang='lat' dir='ltr'><strong>adhibeat,</strong></span> <span class='ocrx_word' id='word_1_177' title='bbox 2092 2191 2202 2228; x_wconf 88' lang='lat' dir='ltr'><strong>ma-</strong></span> 
     </span>
    </p>
   </div>
   <div class='ocr_carea' id='block_1_21' title="bbox 636 2265 2203 2334">
    <p class='ocr_par' dir='ltr' id='par_1_21' title="bbox 636 2265 2203 2334">
     <span class='ocr_line' id='line_1_21' title="bbox 636 2265 2203 2334; baseline 0 -17"><span class='ocrx_word' id='word_1_178' title='bbox 636 2265 880 2318; x_wconf 88' lang='lat' dir='ltr'><strong>nifestum</strong></span> <span class='ocrx_word' id='word_1_179' title='bbox 904 2275 984 2318; x_wconf 90' lang='lat' dir='ltr'><strong>est</strong></span> <span class='ocrx_word' id='word_1_180' title='bbox 1008 2265 1144 2334; x_wconf 92' lang='lat' dir='ltr'><strong>quod</strong></span> <span class='ocrx_word' id='word_1_181' title='bbox 1175 2265 1387 2331; x_wconf 89' lang='lat' dir='ltr'><strong>dicitur,</strong></span> <span class='ocrx_word' id='word_1_182' title='bbox 1414 2281 1581 2334; x_wconf 86' lang='lat' dir='ltr'><strong>neque</strong></span> <span class='ocrx_word' id='word_1_183' title='bbox 1605 2266 1825 2334; x_wconf 72' lang='lat' dir='ltr'><strong>qurcstio</strong></span> <span class='ocrx_word' id='word_1_184' title='bbox 1851 2265 2004 2318; x_wconf 85' lang='lat' dir='ltr'><strong>fuerit</strong></span> <span class='ocrx_word' id='word_1_185' title='bbox 2033 2275 2203 2318; x_wconf 85' lang='lat' dir='ltr'><strong>atten—</strong></span> 
     </span>
    </p>
   </div>
   <div class='ocr_carea' id='block_1_22' title="bbox 631 2352 2202 2422">
    <p class='ocr_par' dir='ltr' id='par_1_22' title="bbox 631 2352 2202 2422">
     <span class='ocr_line' id='line_1_22' title="bbox 631 2352 2202 2422; baseline 0.001 -14"><span class='ocrx_word' id='word_1_186' title='bbox 631 2355 795 2408; x_wconf 88' lang='lat' dir='ltr'><strong>denti.</strong></span> <span class='ocrx_word' id='word_1_187' title='bbox 840 2352 970 2409; x_wconf 87' lang='lat' dir='ltr'><strong>Nam</strong></span> <span class='ocrx_word' id='word_1_188' title='bbox 1015 2355 1138 2409; x_wconf 90' lang='lat' dir='ltr'><strong>licet</strong></span> <span class='ocrx_word' id='word_1_189' title='bbox 1183 2357 1376 2410; x_wconf 90' lang='lat' dir='ltr'><strong>multos</strong></span> <span class='ocrx_word' id='word_1_190' title='bbox 1402 2370 1569 2410; x_wconf 91' lang='lat' dir='ltr'><strong>annos</strong></span> <span class='ocrx_word' id='word_1_191' title='bbox 1614 2358 1874 2422; x_wconf 77' lang='lat' dir='ltr'><strong>vixerint,</strong></span> <span class='ocrx_word' id='word_1_192' title='bbox 1908 2367 2137 2410; x_wconf 83' lang='lat' dir='ltr'><strong>attamen</strong></span> <span class='ocrx_word' id='word_1_193' title='bbox 2173 2372 2202 2409; x_wconf 88' lang='lat' dir='ltr'><strong>a</strong></span> 
     </span>
    </p>
   </div>
   <div class='ocr_carea' id='block_1_23' title="bbox 633 2445 2201 2514">
    <p class='ocr_par' dir='ltr' id='par_1_23' title="bbox 633 2445 2201 2514">
     <span class='ocr_line' id='line_1_23' title="bbox 633 2445 2201 2514; baseline 0.002 -20"><span class='ocrx_word' id='word_1_194' title='bbox 633 2460 738 2511; x_wconf 90' lang='lat' dir='ltr'><strong>quo</strong></span> <span class='ocrx_word' id='word_1_195' title='bbox 765 2453 1000 2514; x_wconf 89' lang='lat' dir='ltr'><strong>tempore</strong></span> <span class='ocrx_word' id='word_1_196' title='bbox 1029 2446 1307 2500; x_wconf 90' lang='lat' dir='ltr'><strong>audierunt</strong></span> <span class='ocrx_word' id='word_1_197' title='bbox 1337 2465 1348 2498; x_wconf 91' lang='lat'><strong>:</strong></span> <span class='ocrx_word' id='word_1_198' title='bbox 1375 2445 1527 2499; x_wconf 88' lang='lat' dir='ltr'><strong>Terra</strong></span> <span class='ocrx_word' id='word_1_199' title='bbox 1557 2463 1628 2512; x_wconf 82' lang='lat' dir='ltr'><strong>es,</strong></span> <span class='ocrx_word' id='word_1_200' title='bbox 1670 2456 1712 2499; x_wconf 86' lang='lat' dir='ltr'><strong>et</strong></span> <span class='ocrx_word' id='word_1_201' title='bbox 1739 2448 1789 2499; x_wconf 88' lang='lat' dir='ltr'><strong>in</strong></span> <span class='ocrx_word' id='word_1_202' title='bbox 1816 2456 1996 2498; x_wconf 87' lang='lat' dir='ltr'><strong>terram</strong></span> <span class='ocrx_word' id='word_1_203' title='bbox 2026 2447 2201 2510; x_wconf 82' lang='lat' dir='ltr'><strong>abibis,</strong></span> 
     </span>
    </p>
   </div>
   <div class='ocr_carea' id='block_1_24' title="bbox 635 2537 2200 2604">
    <p class='ocr_par' dir='ltr' id='par_1_24' title="bbox 635 2537 2200 2604">
     <span class='ocr_line' id='line_1_24' title="bbox 635 2537 2200 2604; baseline 0.001 -17"><span class='ocrx_word' id='word_1_204' title='bbox 635 2544 687 2587; x_wconf 89' lang='lat' dir='ltr'><strong>et</strong></span> <span class='ocrx_word' id='word_1_205' title='bbox 715 2537 1027 2588; x_wconf 87' lang='lat' dir='ltr'><strong>sententiam</strong></span> <span class='ocrx_word' id='word_1_206' title='bbox 1059 2546 1374 2604; x_wconf 87' lang='lat' dir='ltr'><strong>acceperunt</strong></span> <span class='ocrx_word' id='word_1_207' title='bbox 1403 2537 1588 2590; x_wconf 83' lang='lat' dir='ltr'><strong>mortis</strong></span> <span class='ocrx_word' id='word_1_208' title='bbox 1612 2577 1626 2601; x_wconf 91' lang='lat'><strong>,</strong></span> <span class='ocrx_word' id='word_1_209' title='bbox 1672 2538 1920 2590; x_wconf 87' lang='lat' dir='ltr'><strong>mortales</strong></span> <span class='ocrx_word' id='word_1_210' title='bbox 1952 2537 2157 2591; x_wconf 88' lang='lat' dir='ltr'><strong>fuerunt</strong></span> <span class='ocrx_word' id='word_1_211' title='bbox 2188 2556 2200 2589; x_wconf 88' lang='lat'>:</span> 
     </span>
    </p>
   </div>
   <div class='ocr_carea' id='block_1_25' title="bbox 634 2623 2204 2696">
    <p class='ocr_par' dir='ltr' id='par_1_25' title="bbox 634 2623 2204 2696">
     <span class='ocr_line' id='line_1_25' title="bbox 634 2623 2204 2696; baseline 0.002 -20"><span class='ocrx_word' id='word_1_212' title='bbox 634 2631 687 2676; x_wconf 86' lang='lat' dir='ltr'><strong>et</strong></span> <span class='ocrx_word' id='word_1_213' title='bbox 711 2637 773 2676; x_wconf 81' lang='lat' dir='ltr'><strong>ex</strong></span> <span class='ocrx_word' id='word_1_214' title='bbox 806 2623 894 2676; x_wconf 84' lang='lat' dir='ltr'><strong>illo</strong></span> <span class='ocrx_word' id='word_1_215' title='bbox 931 2633 1166 2692; x_wconf 88' lang='lat' dir='ltr'><strong>tempore</strong></span> <span class='ocrx_word' id='word_1_216' title='bbox 1198 2625 1409 2679; x_wconf 89' lang='lat' dir='ltr'><strong>fuerunt</strong></span> <span class='ocrx_word' id='word_1_217' title='bbox 1456 2625 1672 2694; x_wconf 83' lang='lat' dir='ltr'><strong>perinde</strong></span> <span class='ocrx_word' id='word_1_218' title='bbox 1695 2666 1709 2689; x_wconf 97' lang='lat'><strong>,</strong></span> <span class='ocrx_word' id='word_1_219' title='bbox 1755 2640 1815 2680; x_wconf 88' lang='lat' dir='ltr'><strong>ac</strong></span> <span class='ocrx_word' id='word_1_220' title='bbox 1860 2627 1901 2679; x_wconf 92' lang='lat' dir='ltr'><strong>si</strong></span> <span class='ocrx_word' id='word_1_221' title='bbox 1941 2627 2058 2696; x_wconf 88' lang='lat' dir='ltr'><strong>quis</strong></span> <span class='ocrx_word' id='word_1_222' title='bbox 2088 2627 2204 2679; x_wconf 61' lang='lat' dir='ltr'><strong>illos</strong></span> 
     </span>
    </p>
   </div>
   <div class='ocr_carea' id='block_1_26' title="bbox 635 2712 2204 2788">
    <p class='ocr_par' dir='ltr' id='par_1_26' title="bbox 635 2712 2204 2788">
     <span class='ocr_line' id='line_1_26' title="bbox 635 2712 2204 2788; baseline 0.003 -22"><span class='ocrx_word' id='word_1_223' title='bbox 635 2712 776 2766; x_wconf 90' lang='lat' dir='ltr'><strong>dicat</strong></span> <span class='ocrx_word' id='word_1_224' title='bbox 802 2725 1037 2770; x_wconf 87' lang='lat' dir='ltr'><strong>mortuos</strong></span> <span class='ocrx_word' id='word_1_225' title='bbox 1082 2716 1260 2770; x_wconf 90' lang='lat' dir='ltr'><strong>fuisse.</strong></span> <span class='ocrx_word' id='word_1_226' title='bbox 1295 2716 1405 2772; x_wconf 83' lang='lat' dir='ltr'><strong>Hoc</strong></span> <span class='ocrx_word' id='word_1_227' title='bbox 1436 2717 1590 2786; x_wconf 84' lang='lat' dir='ltr'><strong>igitur</strong></span> <span class='ocrx_word' id='word_1_228' title='bbox 1626 2727 1679 2772; x_wconf 91' lang='lat' dir='ltr'><strong>et</strong></span> <span class='ocrx_word' id='word_1_229' title='bbox 1708 2719 1976 2787; x_wconf 87' lang='lat' dir='ltr'><strong>Scriptura</strong></span> <span class='ocrx_word' id='word_1_230' title='bbox 2007 2718 2204 2788; x_wconf 86' lang='lat' dir='ltr'><strong>signiti-</strong></span> 
     </span>
    </p>
   </div>
   <div class='ocr_carea' id='block_1_27' title="bbox 634 2804 2202 2875">
    <p class='ocr_par' dir='ltr' id='par_1_27' title="bbox 634 2804 2202 2875">
     <span class='ocr_line' id='line_1_27' title="bbox 634 2804 2202 2875; baseline 0.004 -19"><span class='ocrx_word' id='word_1_231' title='bbox 634 2817 783 2867; x_wconf 79' lang='lat' dir='ltr'><strong>catis,</strong></span> <span class='ocrx_word' id='word_1_232' title='bbox 809 2804 974 2869; x_wconf 81' lang='lat' dir='ltr'><strong>dixit,</strong></span> <span class='ocrx_word' id='word_1_233' title='bbox 1008 2805 1329 2875; x_wconf 78' lang='lat' dir='ltr'><strong>Quocumque</strong></span> <span class='ocrx_word' id='word_1_234' title='bbox 1359 2807 1440 2860; x_wconf 81' lang='lat' dir='ltr'><strong>die</strong></span> <span class='ocrx_word' id='word_1_235' title='bbox 1461 2807 1790 2873; x_wconf 77' lang='lat' dir='ltr'><strong>comederitia,</strong></span> <span class='ocrx_word' id='word_1_236' title='bbox 1827 2819 1982 2862; x_wconf 86' lang='lat' dir='ltr'><strong>morte</strong></span> <span class='ocrx_word' id='word_1_237' title='bbox 2019 2810 2202 2862; x_wconf 82' lang='lat' dir='ltr'><strong>morie-</strong></span> 
     </span>
    </p>
   </div>
   <div class='ocr_carea' id='block_1_28' title="bbox 635 2892 2202 2967">
    <p class='ocr_par' dir='ltr' id='par_1_28' title="bbox 635 2892 2202 2967">
     <span class='ocr_line' id='line_1_28' title="bbox 635 2892 2202 2967; baseline 0.008 -26"><span class='ocrx_word' id='word_1_238' title='bbox 635 2892 757 2944; x_wconf 82' lang='lat' dir='ltr'><strong>mini</strong></span> <span class='ocrx_word' id='word_1_239' title='bbox 787 2909 805 2945; x_wconf 90' lang='lat'><strong><em>:</em></strong></span> <span class='ocrx_word' id='word_1_240' title='bbox 836 2892 934 2946; x_wconf 93' lang='lat' dir='ltr'><strong>hoc</strong></span> <span class='ocrx_word' id='word_1_241' title='bbox 960 2905 1060 2955; x_wconf 88' lang='lat' dir='ltr'><strong>est,</strong></span> <span class='ocrx_word' id='word_1_242' title='bbox 1101 2896 1414 2950; x_wconf 82' lang='lat' dir='ltr'><strong>sententiam</strong></span> <span class='ocrx_word' id='word_1_243' title='bbox 1442 2898 1710 2965; x_wconf 87' lang='lat' dir='ltr'><strong>accipietis</strong></span> <span class='ocrx_word' id='word_1_244' title='bbox 1735 2938 1748 2961; x_wconf 92' lang='lat'><strong>,</strong></span> <span class='ocrx_word' id='word_1_245' title='bbox 1783 2899 2028 2952; x_wconf 90' lang='lat' dir='ltr'><strong>mortales</strong></span> <span class='ocrx_word' id='word_1_246' title='bbox 2056 2908 2202 2967; x_wconf 89' lang='lat' dir='ltr'><strong>post-</strong></span> 
     </span>
    </p>
   </div>
   <div class='ocr_carea' id='block_1_29' title="bbox 637 2982 2201 3057">
    <p class='ocr_par' dir='ltr' id='par_1_29' title="bbox 637 2982 2201 3057">
     <span class='ocr_line' id='line_1_29' title="bbox 637 2982 2201 3057; baseline 0.006 -25"><span class='ocrx_word' id='word_1_247' title='bbox 637 2982 734 3036; x_wconf 92' lang='lat' dir='ltr'><strong>hac</strong></span> <span class='ocrx_word' id='word_1_248' title='bbox 779 2999 871 3038; x_wconf 83' lang='lat' dir='ltr'><strong>vos</strong></span> <span class='ocrx_word' id='word_1_249' title='bbox 916 2985 1136 3038; x_wconf 83' lang='lat' dir='ltr'><strong>futuros.</strong></span> <span class='ocrx_word' id='word_1_250' title='bbox 1199 2985 1345 3041; x_wconf 89' lang='lat' dir='ltr'><strong>Sicut</strong></span> <span class='ocrx_word' id='word_1_251' title='bbox 1388 2989 1527 3041; x_wconf 90' lang='lat' dir='ltr'><strong>enim</strong></span> <span class='ocrx_word' id='word_1_252' title='bbox 1581 2989 1628 3041; x_wconf 93' lang='lat' dir='ltr'><strong>in</strong></span> <span class='ocrx_word' id='word_1_253' title='bbox 1677 2988 1921 3042; x_wconf 88' lang='lat' dir='ltr'><strong>humanis</strong></span> <span class='ocrx_word' id='word_1_254' title='bbox 1969 2989 2201 3057; x_wconf 88' lang='lat' dir='ltr'><strong>judiciis,</strong></span> 
     </span>
    </p>
   </div>
   <div class='ocr_carea' id='block_1_30' title="bbox 632 3073 2205 3146">
    <p class='ocr_par' dir='ltr' id='par_1_30' title="bbox 632 3073 2205 3146">
     <span class='ocr_line' id='line_1_30' title="bbox 632 3073 2205 3146; baseline 0.008 -25"><span class='ocrx_word' id='word_1_255' title='bbox 632 3073 844 3140; x_wconf 81' lang='lat' dir='ltr'><strong>quando</strong></span> <span class='ocrx_word' id='word_1_256' title='bbox 869 3075 984 3142; x_wconf 76' lang='lat' dir='ltr'><strong>quis</strong></span> <span class='ocrx_word' id='word_1_257' title='bbox 1010 3076 1267 3128; x_wconf 88' lang='lat' dir='ltr'><strong>sententia</strong></span> <span class='ocrx_word' id='word_1_258' title='bbox 1294 3077 1393 3130; x_wconf 91' lang='lat' dir='ltr'><strong>lata</strong></span> <span class='ocrx_word' id='word_1_259' title='bbox 1419 3088 1472 3130; x_wconf 92' lang='lat' dir='ltr'><strong>ut</strong></span> <span class='ocrx_word' id='word_1_260' title='bbox 1498 3078 1667 3145; x_wconf 89' lang='lat' dir='ltr'><strong>capite</strong></span> <span class='ocrx_word' id='word_1_261' title='bbox 1694 3079 1994 3146; x_wconf 86' lang='lat' dir='ltr'><strong>mulctetur,</strong></span> <span class='ocrx_word' id='word_1_262' title='bbox 2018 3081 2205 3135; x_wconf 89' lang='lat' dir='ltr'><strong>iterum</strong></span> 
     </span>
    </p>
   </div>
   <div class='ocr_carea' id='block_1_31' title="bbox 639 3161 2203 3241">
    <p class='ocr_par' dir='ltr' id='par_1_31' title="bbox 639 3161 2203 3241">
     <span class='ocr_line' id='line_1_31' title="bbox 639 3161 2203 3241; baseline 0.008 -28"><span class='ocrx_word' id='word_1_263' title='bbox 639 3161 690 3213; x_wconf 87' lang='lat' dir='ltr'><strong>in</strong></span> <span class='ocrx_word' id='word_1_264' title='bbox 716 3177 983 3217; x_wconf 82' lang='lat' dir='ltr'><strong>carcerem</strong></span> <span class='ocrx_word' id='word_1_265' title='bbox 1007 3164 1319 3234; x_wconf 82' lang='lat' dir='ltr'><strong>conjicitur,</strong></span> <span class='ocrx_word' id='word_1_266' title='bbox 1353 3167 1475 3221; x_wconf 91' lang='lat' dir='ltr'><strong>licet</strong></span> <span class='ocrx_word' id='word_1_267' title='bbox 1511 3167 1580 3221; x_wconf 89' lang='lat' dir='ltr'><strong>ibi</strong></span> <span class='ocrx_word' id='word_1_268' title='bbox 1610 3168 1774 3222; x_wconf 92' lang='lat' dir='ltr'><strong>multo</strong></span> <span class='ocrx_word' id='word_1_269' title='bbox 1805 3178 2040 3238; x_wconf 89' lang='lat' dir='ltr'><strong>tempore</strong></span> <span class='ocrx_word' id='word_1_270' title='bbox 2066 3181 2203 3241; x_wconf 87' lang='lat' dir='ltr'><strong>agat,</strong></span> 
     </span>
    </p>
   </div>
   <div class='ocr_carea' id='block_1_32' title="bbox 639 3250 2292 3329">
    <p class='ocr_par' dir='ltr' id='par_1_32' title="bbox 639 3250 2292 3329">
     <span class='ocr_line' id='line_1_32' title="bbox 639 3250 2292 3329; baseline 0.008 -27"><span class='ocrx_word' id='word_1_271' title='bbox 639 3250 768 3304; x_wconf 83' lang='lat' dir='ltr'><strong>nihil</strong></span> <span class='ocrx_word' id='word_1_272' title='bbox 800 3252 986 3308; x_wconf 90' lang='lat' dir='ltr'><strong>melius</strong></span> <span class='ocrx_word' id='word_1_273' title='bbox 1013 3263 1186 3312; x_wconf 84' lang='lat' dir='ltr'><strong>tamen</strong></span> <span class='ocrx_word' id='word_1_274' title='bbox 1212 3255 1368 3310; x_wconf 86' lang='lat' dir='ltr'><strong>habet</strong></span> <span class='ocrx_word' id='word_1_275' title='bbox 1387 3255 1647 3312; x_wconf 80' lang='lat' dir='ltr'><strong>defunctis</strong></span> <span class='ocrx_word' id='word_1_276' title='bbox 1673 3267 1726 3314; x_wconf 88' lang='lat' dir='ltr'><strong>et</strong></span> <span class='ocrx_word' id='word_1_277' title='bbox 1756 3261 1998 3325; x_wconf 90' lang='lat' dir='ltr'><strong>mortuis,</strong></span> <span class='ocrx_word' id='word_1_278' title='bbox 2026 3270 2207 3329; x_wconf 81' lang='lat' dir='ltr'><strong>utpote</strong></span> <span class='ocrx_word' id='word_1_279' title='bbox 2289 3273 2292 3276; x_wconf 75' lang='lat'><strong><em>&#39;</em></strong></span> 
     </span>
    </p>
   </div>
   <div class='ocr_carea' id='block_1_33' title="bbox 631 3337 2208 3414">
    <p class='ocr_par' dir='ltr' id='par_1_33' title="bbox 631 3337 2208 3414">
     <span class='ocr_line' id='line_1_33' title="bbox 631 3337 2208 3414; baseline 0.009 -24"><span class='ocrx_word' id='word_1_280' title='bbox 631 3337 740 3406; x_wconf 85' lang='lat' dir='ltr'><strong>jam</strong></span> <span class='ocrx_word' id='word_1_281' title='bbox 769 3355 863 3409; x_wconf 86' lang='lat' dir='ltr'><strong>per</strong></span> <span class='ocrx_word' id='word_1_282' title='bbox 890 3345 1200 3398; x_wconf 85' lang='lat' dir='ltr'><strong>sententiam</strong></span> <span class='ocrx_word' id='word_1_283' title='bbox 1228 3356 1465 3399; x_wconf 90' lang='lat' dir='ltr'><strong>mortuus</strong></span> <span class='ocrx_word' id='word_1_284' title='bbox 1494 3363 1506 3397; x_wconf 91' lang='lat'><strong>:</strong></span> <span class='ocrx_word' id='word_1_285' title='bbox 1540 3347 1724 3401; x_wconf 89' lang='lat' dir='ltr'><strong>eodem</strong></span> <span class='ocrx_word' id='word_1_286' title='bbox 1751 3349 1906 3402; x_wconf 88' lang='lat' dir='ltr'><strong>modo</strong></span> <span class='ocrx_word' id='word_1_287' title='bbox 1936 3358 1988 3401; x_wconf 85' lang='lat' dir='ltr'><strong>et</strong></span> <span class='ocrx_word' id='word_1_288' title='bbox 2022 3350 2072 3402; x_wconf 83' lang='lat' dir='ltr'><strong>IlI</strong></span> <span class='ocrx_word' id='word_1_289' title='bbox 2094 3391 2108 3414; x_wconf 91' lang='lat'><strong>,</strong></span> <span class='ocrx_word' id='word_1_290' title='bbox 2141 3350 2208 3404; x_wconf 86' lang='lat' dir='ltr'><strong>ab</strong></span> 
     </span>
    </p>
   </div>
   <div class='ocr_carea' id='block_1_34' title="bbox 637 3428 2206 3506">
    <p class='ocr_par' dir='ltr' id='par_1_34' title="bbox 637 3428 2206 3506">
     <span class='ocr_line' id='line_1_34' title="bbox 637 3428 2206 3506; baseline 0.008 -25"><span class='ocrx_word' id='word_1_291' title='bbox 637 3442 703 3482; x_wconf 87' lang='lat' dir='ltr'><strong>eo</strong></span> <span class='ocrx_word' id='word_1_292' title='bbox 729 3428 816 3483; x_wconf 88' lang='lat' dir='ltr'><strong>die</strong></span> <span class='ocrx_word' id='word_1_293' title='bbox 839 3445 868 3483; x_wconf 91' lang='lat' dir='ltr'><strong>a</strong></span> <span class='ocrx_word' id='word_1_294' title='bbox 890 3446 992 3499; x_wconf 92' lang='lat' dir='ltr'><strong>quo</strong></span> <span class='ocrx_word' id='word_1_295' title='bbox 1019 3435 1352 3488; x_wconf 82' lang='lat' dir='ltr'><strong>mortalitatis</strong></span> <span class='ocrx_word' id='word_1_296' title='bbox 1379 3436 1691 3490; x_wconf 89' lang='lat' dir='ltr'><strong>sententiam</strong></span> <span class='ocrx_word' id='word_1_297' title='bbox 1720 3450 2056 3506; x_wconf 86' lang='lat' dir='ltr'><strong>acceperunt,</strong></span> <span class='ocrx_word' id='word_1_298' title='bbox 2083 3451 2206 3494; x_wconf 65' lang='lat' dir='ltr'><strong>tam«</strong></span> 
     </span>
    </p>
   </div>
   <div class='ocr_carea' id='block_1_35' title="bbox 637 3518 2205 3592">
    <p class='ocr_par' dir='ltr' id='par_1_35' title="bbox 637 3518 2205 3592">
     <span class='ocr_line' id='line_1_35' title="bbox 637 3518 2205 3592; baseline 0.011 -22"><span class='ocrx_word' id='word_1_299' title='bbox 637 3518 736 3571; x_wconf 86' lang='lat' dir='ltr'><strong>etsi</strong></span> <span class='ocrx_word' id='word_1_300' title='bbox 768 3519 926 3590; x_wconf 89' lang='lat' dir='ltr'><strong>longo</strong></span> <span class='ocrx_word' id='word_1_301' title='bbox 957 3531 1194 3592; x_wconf 89' lang='lat' dir='ltr'><strong>tempore</strong></span> <span class='ocrx_word' id='word_1_302' title='bbox 1220 3525 1544 3592; x_wconf 90' lang='lat' dir='ltr'><strong>duraverint,</strong></span> <span class='ocrx_word' id='word_1_303' title='bbox 1576 3529 1918 3583; x_wconf 89' lang='lat' dir='ltr'><strong>nihilominus</strong></span> <span class='ocrx_word' id='word_1_304' title='bbox 1948 3533 2205 3587; x_wconf 90' lang='lat' dir='ltr'><strong>sententia</strong></span> 
     </span>
    </p>
   </div>
   <div class='ocr_carea' id='block_1_36' title="bbox 637 3609 2207 3690">
    <p class='ocr_par' dir='ltr' id='par_1_36' title="bbox 637 3609 2207 3690">
     <span class='ocr_line' id='line_1_36' title="bbox 637 3609 2207 3690; baseline 0.009 -29"><span class='ocrx_word' id='word_1_305' title='bbox 637 3609 830 3663; x_wconf 91' lang='lat' dir='ltr'><strong>mortui</strong></span> <span class='ocrx_word' id='word_1_306' title='bbox 856 3619 1026 3664; x_wconf 89' lang='lat' dir='ltr'><strong>erant.</strong></span> <span class='ocrx_word' id='word_1_307' title='bbox 1052 3613 1174 3667; x_wconf 87' lang='lat' dir='ltr'><strong>Scio</strong></span> <span class='ocrx_word' id='word_1_308' title='bbox 1201 3629 1285 3668; x_wconf 92' lang='lat' dir='ltr'><strong>me</strong></span> <span class='ocrx_word' id='word_1_309' title='bbox 1310 3617 1603 3684; x_wconf 84' lang='lat' dir='ltr'><strong>copiosiore</strong></span> <span class='ocrx_word' id='word_1_310' title='bbox 1630 3631 1876 3672; x_wconf 89' lang='lat' dir='ltr'><strong>sermone</strong></span> <span class='ocrx_word' id='word_1_311' title='bbox 1897 3630 1947 3674; x_wconf 89' lang='lat' dir='ltr'><strong>et</strong></span> <span class='ocrx_word' id='word_1_312' title='bbox 1971 3622 2207 3690; x_wconf 81' lang='lat' dir='ltr'><strong>longiore</strong></span> 
     </span>
    </p>
   </div>
   <div class='ocr_carea' id='block_1_37' title="bbox 638 3698 2202 3780">
    <p class='ocr_par' dir='ltr' id='par_1_37' title="bbox 638 3698 2202 3780">
     <span class='ocr_line' id='line_1_37' title="bbox 638 3698 2202 3780; baseline 0.008 -27"><span class='ocrx_word' id='word_1_313' title='bbox 638 3698 876 3756; x_wconf 90' lang='lat' dir='ltr'><strong>doctrina</strong></span> <span class='ocrx_word' id='word_1_314' title='bbox 909 3718 1058 3756; x_wconf 88' lang='lat' dir='ltr'><strong>usmn</strong></span> <span class='ocrx_word' id='word_1_315' title='bbox 1093 3723 1106 3758; x_wconf 72' lang='grc' dir='ltr'><strong>ε</strong></span> <span class='ocrx_word' id='word_1_316' title='bbox 1140 3705 1260 3760; x_wconf 85' lang='lat' dir='ltr'><strong>ideo</strong></span> <span class='ocrx_word' id='word_1_317' title='bbox 1286 3707 1406 3775; x_wconf 87' lang='lat' dir='ltr'><strong>quia</strong></span> <span class='ocrx_word' id='word_1_318' title='bbox 1452 3724 1544 3777; x_wconf 90' lang='lat' dir='ltr'><strong>per</strong></span> <span class='ocrx_word' id='word_1_319' title='bbox 1573 3710 1792 3777; x_wconf 78' lang='lat' dir='ltr'><strong>gratiam</strong></span> <span class='ocrx_word' id='word_1_320' title='bbox 1822 3710 1950 3772; x_wconf 89' lang='lat' dir='ltr'><strong>Dei,</strong></span> <span class='ocrx_word' id='word_1_321' title='bbox 1986 3727 2078 3780; x_wconf 91' lang='lat' dir='ltr'><strong>pro</strong></span> <span class='ocrx_word' id='word_1_322' title='bbox 2107 3726 2202 3766; x_wconf 92' lang='lat' dir='ltr'><strong>no-</strong></span> 
     </span>
    </p>
   </div>
   <div class='ocr_carea' id='block_1_38' title="bbox 638 3792 2208 3866">
    <p class='ocr_par' dir='ltr' id='par_1_38' title="bbox 638 3792 2208 3866">
     <span class='ocr_line' id='line_1_38' title="bbox 638 3792 2208 3866; baseline 0.008 -22"><span class='ocrx_word' id='word_1_323' title='bbox 638 3792 763 3845; x_wconf 90' lang='lat' dir='ltr'><strong>stris</strong></span> <span class='ocrx_word' id='word_1_324' title='bbox 793 3793 990 3847; x_wconf 91' lang='lat' dir='ltr'><strong>viribus</strong></span> <span class='ocrx_word' id='word_1_325' title='bbox 1030 3796 1203 3848; x_wconf 92' lang='lat' dir='ltr'><strong>omnia</strong></span> <span class='ocrx_word' id='word_1_326' title='bbox 1237 3797 1287 3849; x_wconf 93' lang='lat' dir='ltr'><strong>in</strong></span> <span class='ocrx_word' id='word_1_327' title='bbox 1321 3797 1549 3851; x_wconf 86' lang='lat' dir='ltr'><strong>medium</strong></span> <span class='ocrx_word' id='word_1_328' title='bbox 1595 3799 1797 3866; x_wconf 87' lang='lat' dir='ltr'><strong>prolata</strong></span> <span class='ocrx_word' id='word_1_329' title='bbox 1836 3810 1990 3866; x_wconf 88' lang='lat' dir='ltr'><strong>sunt,</strong></span> <span class='ocrx_word' id='word_1_330' title='bbox 2033 3812 2084 3855; x_wconf 90' lang='lat' dir='ltr'><strong>et</strong></span> <span class='ocrx_word' id='word_1_331' title='bbox 2125 3801 2208 3856; x_wconf 91' lang='lat' dir='ltr'><strong>his</strong></span> 
     </span>
    </p>
   </div>
   <div class='ocr_carea' id='block_1_39' title="bbox 637 3883 2205 3958">
    <p class='ocr_par' dir='ltr' id='par_1_39' title="bbox 637 3883 2205 3958">
     <span class='ocr_line' id='line_1_39' title="bbox 637 3883 2205 3958; baseline 0.01 -28"><span class='ocrx_word' id='word_1_332' title='bbox 637 3896 755 3950; x_wconf 77' lang='lat' dir='ltr'><strong>qua:</strong></span> <span class='ocrx_word' id='word_1_333' title='bbox 785 3883 918 3938; x_wconf 88' lang='lat' dir='ltr'><strong>lecta</strong></span> <span class='ocrx_word' id='word_1_334' title='bbox 949 3893 1070 3938; x_wconf 87' lang='lat' dir='ltr'><strong>sunt</strong></span> <span class='ocrx_word' id='word_1_335' title='bbox 1094 3884 1250 3940; x_wconf 88' lang='lat' dir='ltr'><strong>tinem</strong></span> <span class='ocrx_word' id='word_1_336' title='bbox 1296 3887 1642 3958; x_wconf 88' lang='lat' dir='ltr'><strong>imposuimus</strong></span> <span class='ocrx_word' id='word_1_337' title='bbox 1666 3929 1680 3955; x_wconf 93' lang='lat'><strong>,</strong></span> <span class='ocrx_word' id='word_1_338' title='bbox 1724 3905 1862 3944; x_wconf 90' lang='lat' dir='ltr'><strong>nunc</strong></span> <span class='ocrx_word' id='word_1_339' title='bbox 1905 3905 2205 3946; x_wconf 88' lang='lat' dir='ltr'><strong>sermonem</strong></span> 
     </span>
    </p>
   </div>
   <div class='ocr_carea' id='block_1_40' title="bbox 636 3971 1028 4028">
    <p class='ocr_par' dir='ltr' id='par_1_40' title="bbox 636 3971 1028 4028">
     <span class='ocr_line' id='line_1_40' title="bbox 636 3971 1028 4028; baseline 0.013 -5"><span class='ocrx_word' id='word_1_340' title='bbox 636 3971 1028 4028; x_wconf 74' lang='lat' dir='ltr'><strong>contrahemus.</strong></span> 
     </span>
    </p>
   </div>
   <div class='ocr_carea' id='block_1_41' title="bbox 706 4062 2207 4141">
    <p class='ocr_par' dir='ltr' id='par_1_41' title="bbox 706 4062 2207 4141">
     <span class='ocr_line' id='line_1_41' title="bbox 706 4062 2207 4141; baseline 0.007 -25"><span class='ocrx_word' id='word_1_341' title='bbox 706 4062 792 4116; x_wconf 81' lang='lat' dir='ltr'><strong>I0.</strong></span> <span class='ocrx_word' id='word_1_342' title='bbox 826 4062 1068 4135; x_wconf 72' lang='lat' dir='ltr'><strong>Epilogus</strong></span> <span class='ocrx_word' id='word_1_343' title='bbox 1089 4067 1623 4124; x_wconf 60' lang='lat' dir='ltr'><strong>hominm—Possem</strong></span> <span class='ocrx_word' id='word_1_344' title='bbox 1643 4070 1854 4139; x_wconf 88' lang='lat' dir='ltr'><strong>quidem</strong></span> <span class='ocrx_word' id='word_1_345' title='bbox 1881 4081 1934 4125; x_wconf 90' lang='lat' dir='ltr'><strong>et</strong></span> <span class='ocrx_word' id='word_1_346' title='bbox 1953 4071 2053 4125; x_wconf 91' lang='lat' dir='ltr'><strong>alia</strong></span> <span class='ocrx_word' id='word_1_347' title='bbox 2082 4087 2207 4141; x_wconf 86' lang='lat' dir='ltr'><strong>pro-</strong></span> 
     </span>
    </p>
   </div>
   <div class='ocr_carea' id='block_1_42' title="bbox 639 4151 2210 4230">
    <p class='ocr_par' dir='ltr' id='par_1_42' title="bbox 639 4151 2210 4230">
     <span class='ocr_line' id='line_1_42' title="bbox 639 4151 2210 4230; baseline 0.008 -25"><span class='ocrx_word' id='word_1_348' title='bbox 639 4151 803 4218; x_wconf 89' lang='lat' dir='ltr'><strong>ferri,</strong></span> <span class='ocrx_word' id='word_1_349' title='bbox 828 4163 876 4208; x_wconf 88' lang='lat' dir='ltr'><strong>et</strong></span> <span class='ocrx_word' id='word_1_350' title='bbox 912 4155 1100 4209; x_wconf 87' lang='lat' dir='ltr'><strong>iterum</strong></span> <span class='ocrx_word' id='word_1_351' title='bbox 1132 4159 1414 4212; x_wconf 81' lang='lat' dir='ltr'><strong>monstrari</strong></span> <span class='ocrx_word' id='word_1_352' title='bbox 1443 4158 1694 4213; x_wconf 83' lang='lat' dir='ltr'><strong>inﬂictam</strong></span> <span class='ocrx_word' id='word_1_353' title='bbox 1729 4161 1851 4215; x_wconf 89' lang='lat' dir='ltr'><strong>hinc</strong></span> <span class='ocrx_word' id='word_1_354' title='bbox 1875 4177 2080 4230; x_wconf 66' lang='lat' dir='ltr'><strong>pinnam</strong></span> <span class='ocrx_word' id='word_1_355' title='bbox 2108 4203 2121 4224; x_wconf 89' lang='lat'><strong>,</strong></span> <span class='ocrx_word' id='word_1_356' title='bbox 2155 4175 2210 4217; x_wconf 90' lang='lat' dir='ltr'><strong>et</strong></span> 
     </span>
    </p>
   </div>
   <div class='ocr_carea' id='block_1_43' title="bbox 638 4243 2208 4320">
    <p class='ocr_par' dir='ltr' id='par_1_43' title="bbox 638 4243 2208 4320">
     <span class='ocr_line' id='line_1_43' title="bbox 638 4243 2208 4320; baseline 0.007 -26"><span class='ocrx_word' id='word_1_357' title='bbox 638 4243 1012 4297; x_wconf 89' lang='lat' dir='ltr'><strong>mortalitatem</strong></span> <span class='ocrx_word' id='word_1_358' title='bbox 1046 4245 1094 4298; x_wconf 91' lang='lat' dir='ltr'><strong>in</strong></span> <span class='ocrx_word' id='word_1_359' title='bbox 1123 4261 1221 4299; x_wconf 93' lang='lat' dir='ltr'><strong>nos</strong></span> <span class='ocrx_word' id='word_1_360' title='bbox 1246 4247 1512 4301; x_wconf 86' lang='lat' dir='ltr'><strong>inductam</strong></span> <span class='ocrx_word' id='word_1_361' title='bbox 1542 4290 1557 4314; x_wconf 94' lang='lat'><strong>,</strong></span> <span class='ocrx_word' id='word_1_362' title='bbox 1589 4248 1804 4303; x_wconf 88' lang='lat' dir='ltr'><strong>multam</strong></span> <span class='ocrx_word' id='word_1_363' title='bbox 1833 4250 2080 4320; x_wconf 82' lang='lat' dir='ltr'><strong>abyssum</strong></span> <span class='ocrx_word' id='word_1_364' title='bbox 2112 4251 2208 4305; x_wconf 86' lang='lat' dir='ltr'><strong>ha-</strong></span> 
     </span>
    </p>
   </div>
   <div class='ocr_carea' id='block_1_44' title="bbox 642 4332 2209 4398">
    <p class='ocr_par' dir='ltr' id='par_1_44' title="bbox 642 4332 2209 4398">
     <span class='ocr_line' id='line_1_44' title="bbox 642 4332 2209 4398; baseline 0.008 -14"><span class='ocrx_word' id='word_1_365' title='bbox 642 4332 768 4388; x_wconf 89' lang='lat' dir='ltr'><strong>bere</strong></span> <span class='ocrx_word' id='word_1_366' title='bbox 795 4333 984 4388; x_wconf 70' lang='lat' dir='ltr'><strong>divinae</strong></span> <span class='ocrx_word' id='word_1_367' title='bbox 1015 4337 1388 4393; x_wconf 74' lang='lat' dir='ltr'><strong>misericordia:</strong></span> <span class='ocrx_word' id='word_1_368' title='bbox 1413 4357 1425 4390; x_wconf 90' lang='lat'><strong>:</strong></span> <span class='ocrx_word' id='word_1_369' title='bbox 1458 4341 1552 4395; x_wconf 91' lang='lat' dir='ltr'><strong>sed</strong></span> <span class='ocrx_word' id='word_1_370' title='bbox 1582 4356 1649 4394; x_wconf 89' lang='lat' dir='ltr'><strong>ne</strong></span> <span class='ocrx_word' id='word_1_371' title='bbox 1679 4341 2012 4397; x_wconf 88' lang='lat' dir='ltr'><strong>multitudine</strong></span> <span class='ocrx_word' id='word_1_372' title='bbox 2042 4345 2209 4398; x_wconf 89' lang='lat' dir='ltr'><strong>dicto-</strong></span> 
     </span>
    </p>
   </div>
   <div class='ocr_carea' id='block_1_45' title="bbox 637 4429 2204 4502">
    <p class='ocr_par' dir='ltr' id='par_1_45' title="bbox 637 4429 2204 4502">
     <span class='ocr_line' id='line_1_45' title="bbox 637 4429 2204 4502; baseline 0.008 -26"><span class='ocrx_word' id='word_1_373' title='bbox 637 4438 753 4477; x_wconf 90' lang='lat' dir='ltr'><strong>rum</strong></span> <span class='ocrx_word' id='word_1_374' title='bbox 776 4433 1005 4480; x_wconf 89' lang='lat' dir='ltr'><strong>tnentcm</strong></span> <span class='ocrx_word' id='word_1_375' title='bbox 1025 4437 1252 4481; x_wconf 75' lang='lat' dir='ltr'><strong>vestram</strong></span> <span class='ocrx_word' id='word_1_376' title='bbox 1275 4429 1578 4495; x_wconf 87' lang='lat' dir='ltr'><strong>obruamus,</strong></span> <span class='ocrx_word' id='word_1_377' title='bbox 1595 4447 1709 4501; x_wconf 86' lang='lat' dir='ltr'><strong>age,</strong></span> <span class='ocrx_word' id='word_1_378' title='bbox 1724 4432 2067 4488; x_wconf 82' lang='lat' dir='ltr'><strong>Obsecremus</strong></span> <span class='ocrx_word' id='word_1_379' title='bbox 2091 4451 2204 4502; x_wconf 88' lang='lat' dir='ltr'><strong>vos,</strong></span> 
     </span>
    </p>
   </div>
   <div class='ocr_carea' id='block_1_46' title="bbox 638 4514 2204 4594">
    <p class='ocr_par' dir='ltr' id='par_1_46' title="bbox 638 4514 2204 4594">
     <span class='ocr_line' id='line_1_46' title="bbox 638 4514 2204 4594; baseline 0.012 -32"><span class='ocrx_word' id='word_1_380' title='bbox 638 4522 697 4566; x_wconf 89' lang='lat' dir='ltr'><strong>nt</strong></span> <span class='ocrx_word' id='word_1_381' title='bbox 718 4528 838 4568; x_wconf 91' lang='lat' dir='ltr'><strong>cum</strong></span> <span class='ocrx_word' id='word_1_382' title='bbox 867 4514 989 4568; x_wconf 88' lang='lat' dir='ltr'><strong>hinc</strong></span> <span class='ocrx_word' id='word_1_383' title='bbox 1018 4516 1272 4583; x_wconf 88' lang='lat' dir='ltr'><strong>abicritis,</strong></span> <span class='ocrx_word' id='word_1_384' title='bbox 1304 4535 1369 4573; x_wconf 89' lang='lat' dir='ltr'><strong>ne</strong></span> <span class='ocrx_word' id='word_1_385' title='bbox 1391 4521 1441 4574; x_wconf 92' lang='lat' dir='ltr'><strong>in</strong></span> <span class='ocrx_word' id='word_1_386' title='bbox 1459 4523 1823 4576; x_wconf 89' lang='lat' dir='ltr'><strong>conventicula</strong></span> <span class='ocrx_word' id='word_1_387' title='bbox 1849 4525 2204 4594; x_wconf 87' lang='lat' dir='ltr'><strong>insipientium</strong></span> 
     </span>
    </p>
   </div>
   <div class='ocr_carea' id='block_1_47' title="bbox 638 4604 2202 4685">
    <p class='ocr_par' dir='ltr' id='par_1_47' title="bbox 638 4604 2202 4685">
     <span class='ocr_line' id='line_1_47' title="bbox 638 4604 2202 4685; baseline 0.008 -29"><span class='ocrx_word' id='word_1_388' title='bbox 638 4618 730 4659; x_wconf 84' lang='lat' dir='ltr'><strong>vos</strong></span> <span class='ocrx_word' id='word_1_389' title='bbox 749 4604 1057 4674; x_wconf 79' lang='lat' dir='ltr'><strong>conferatis,</strong></span> <span class='ocrx_word' id='word_1_390' title='bbox 1080 4623 1249 4678; x_wconf 91' lang='lat' dir='ltr'><strong>neque</strong></span> <span class='ocrx_word' id='word_1_391' title='bbox 1276 4611 1653 4682; x_wconf 83' lang='lat' dir='ltr'><strong>intempestivae</strong></span> <span class='ocrx_word' id='word_1_392' title='bbox 1675 4618 1954 4684; x_wconf 81' lang='lat' dir='ltr'><strong>nugacitati</strong></span> <span class='ocrx_word' id='word_1_393' title='bbox 1983 4621 2202 4685; x_wconf 79' lang='lat' dir='ltr'><strong>vacetis,</strong></span> 
     </span>
    </p>
   </div>
   <div class='ocr_carea' id='block_1_48' title="bbox 636 4695 2207 4778">
    <p class='ocr_par' dir='ltr' id='par_1_48' title="bbox 636 4695 2207 4778">
     <span class='ocr_line' id='line_1_48' title="bbox 636 4695 2207 4778; baseline 0.009 -30"><span class='ocrx_word' id='word_1_394' title='bbox 636 4695 731 4750; x_wconf 85' lang='lat' dir='ltr'><strong>sed</strong></span> <span class='ocrx_word' id='word_1_395' title='bbox 757 4698 894 4766; x_wconf 87' lang='lat' dir='ltr'><strong>apud</strong></span> <span class='ocrx_word' id='word_1_396' title='bbox 941 4714 1033 4754; x_wconf 83' lang='lat' dir='ltr'><strong>vos</strong></span> <span class='ocrx_word' id='word_1_397' title='bbox 1087 4699 1360 4771; x_wconf 86' lang='lat' dir='ltr'><strong>intelligite</strong></span> <span class='ocrx_word' id='word_1_398' title='bbox 1409 4712 1462 4756; x_wconf 91' lang='lat' dir='ltr'><strong>et</strong></span> <span class='ocrx_word' id='word_1_399' title='bbox 1503 4717 1622 4756; x_wconf 91' lang='lat' dir='ltr'><strong>cum</strong></span> <span class='ocrx_word' id='word_1_400' title='bbox 1668 4705 1782 4758; x_wconf 90' lang='lat' dir='ltr'><strong>aliis</strong></span> <span class='ocrx_word' id='word_1_401' title='bbox 1821 4707 2048 4775; x_wconf 79' lang='lat' dir='ltr'><strong>colligite</strong></span> <span class='ocrx_word' id='word_1_402' title='bbox 2089 4725 2207 4778; x_wconf 66' lang='lat' dir='ltr'><strong>qua:</strong></span> 
     </span>
    </p>
   </div>
   <div class='ocr_carea' id='block_1_49' title="bbox 637 4786 2204 4864">
    <p class='ocr_par' dir='ltr' id='par_1_49' title="bbox 637 4786 2204 4864">
     <span class='ocr_line' id='line_1_49' title="bbox 637 4786 2204 4864; baseline 0.007 -25"><span class='ocrx_word' id='word_1_403' title='bbox 637 4786 776 4841; x_wconf 87' lang='lat' dir='ltr'><strong>dicta</strong></span> <span class='ocrx_word' id='word_1_404' title='bbox 801 4797 922 4841; x_wconf 89' lang='lat' dir='ltr'><strong>sunt</strong></span> <span class='ocrx_word' id='word_1_405' title='bbox 949 4829 964 4853; x_wconf 97' lang='lat'><strong>,</strong></span> <span class='ocrx_word' id='word_1_406' title='bbox 989 4798 1042 4842; x_wconf 89' lang='lat' dir='ltr'><strong>et</strong></span> <span class='ocrx_word' id='word_1_407' title='bbox 1073 4790 1122 4843; x_wconf 91' lang='lat' dir='ltr'><strong>in</strong></span> <span class='ocrx_word' id='word_1_408' title='bbox 1156 4791 1463 4844; x_wconf 88' lang='lat' dir='ltr'><strong>memoriam</strong></span> <span class='ocrx_word' id='word_1_409' title='bbox 1501 4791 1694 4846; x_wconf 83' lang='lat' dir='ltr'><strong>referte</strong></span> <span class='ocrx_word' id='word_1_410' title='bbox 1717 4834 1732 4858; x_wconf 88' lang='lat'><strong>,</strong></span> <span class='ocrx_word' id='word_1_411' title='bbox 1764 4795 2013 4863; x_wconf 86' lang='lat' dir='ltr'><strong>quidnam</strong></span> <span class='ocrx_word' id='word_1_412' title='bbox 2043 4796 2204 4864; x_wconf 77' lang='lat' dir='ltr'><strong>judex</strong></span> 
     </span>
    </p>
   </div>
   <div class='ocr_carea' id='block_1_50' title="bbox 638 4879 2208 4955">
    <p class='ocr_par' dir='ltr' id='par_1_50' title="bbox 638 4879 2208 4955">
     <span class='ocr_line' id='line_1_50' title="bbox 638 4879 2208 4955; baseline 0.004 -23"><span class='ocrx_word' id='word_1_413' title='bbox 638 4879 1011 4946; x_wconf 84' lang='lat' dir='ltr'><strong>responderit,</strong></span> <span class='ocrx_word' id='word_1_414' title='bbox 1040 4881 1163 4950; x_wconf 89' lang='lat' dir='ltr'><strong>quid</strong></span> <span class='ocrx_word' id='word_1_415' title='bbox 1208 4882 1282 4935; x_wconf 89' lang='lat' dir='ltr'><strong>rei</strong></span> <span class='ocrx_word' id='word_1_416' title='bbox 1321 4896 1416 4949; x_wconf 82' lang='lat' dir='ltr'><strong>pro</strong></span> <span class='ocrx_word' id='word_1_417' title='bbox 1463 4897 1520 4937; x_wconf 88' lang='lat' dir='ltr'><strong>se</strong></span> <span class='ocrx_word' id='word_1_418' title='bbox 1558 4883 1785 4937; x_wconf 80' lang='lat' dir='ltr'><strong>dixerint</strong></span> <span class='ocrx_word' id='word_1_419' title='bbox 1814 4925 1828 4948; x_wconf 89' lang='lat'><strong>,</strong></span> <span class='ocrx_word' id='word_1_420' title='bbox 1857 4894 1911 4939; x_wconf 92' lang='lat' dir='ltr'><strong>et</strong></span> <span class='ocrx_word' id='word_1_421' title='bbox 1942 4886 2208 4955; x_wconf 87' lang='lat' dir='ltr'><strong>quomodo</strong></span> 
     </span>
    </p>
   </div>
   <div class='ocr_carea' id='block_1_51' title="bbox 639 4967 2207 5045">
    <p class='ocr_par' dir='ltr' id='par_1_51' title="bbox 639 4967 2207 5045">
     <span class='ocr_line' id='line_1_51' title="bbox 639 4967 2207 5045; baseline 0.005 -25"><span class='ocrx_word' id='word_1_422' title='bbox 639 4967 807 5022; x_wconf 84' lang='lat' dir='ltr'><strong>Adam</strong></span> <span class='ocrx_word' id='word_1_423' title='bbox 833 4969 1042 5038; x_wconf 86' lang='lat' dir='ltr'><strong>culpam</strong></span> <span class='ocrx_word' id='word_1_424' title='bbox 1074 4970 1124 5024; x_wconf 91' lang='lat' dir='ltr'><strong>in</strong></span> <span class='ocrx_word' id='word_1_425' title='bbox 1152 4986 1368 5025; x_wconf 78' lang='lat' dir='ltr'><strong>uxorem</strong></span> <span class='ocrx_word' id='word_1_426' title='bbox 1396 4972 1720 5026; x_wconf 85' lang='lat' dir='ltr'><strong>transtulerit</strong></span> <span class='ocrx_word' id='word_1_427' title='bbox 1744 5016 1756 5037; x_wconf 93' lang='lat'><strong>,</strong></span> <span class='ocrx_word' id='word_1_428' title='bbox 1786 4974 1874 5028; x_wconf 90' lang='lat' dir='ltr'><strong>illa</strong></span> <span class='ocrx_word' id='word_1_429' title='bbox 1898 4975 1947 5029; x_wconf 93' lang='lat' dir='ltr'><strong>in</strong></span> <span class='ocrx_word' id='word_1_430' title='bbox 1985 4991 2207 5045; x_wconf 83' lang='lat' dir='ltr'><strong>serpen-</strong></span> 
     </span>
    </p>
   </div>
   <div class='ocr_carea' id='block_1_52' title="bbox 639 5062 2206 5136">
    <p class='ocr_par' dir='ltr' id='par_1_52' title="bbox 639 5062 2206 5136">
     <span class='ocr_line' id='line_1_52' title="bbox 639 5062 2206 5136; baseline 0.005 -24"><span class='ocrx_word' id='word_1_431' title='bbox 639 5070 766 5122; x_wconf 90' lang='lat' dir='ltr'><strong>tem,</strong></span> <span class='ocrx_word' id='word_1_432' title='bbox 794 5062 1060 5130; x_wconf 90' lang='lat' dir='ltr'><strong>quomodo</strong></span> <span class='ocrx_word' id='word_1_433' title='bbox 1081 5063 1204 5117; x_wconf 90' lang='lat' dir='ltr'><strong>item</strong></span> <span class='ocrx_word' id='word_1_434' title='bbox 1232 5062 1369 5118; x_wconf 89' lang='lat' dir='ltr'><strong>Deus</strong></span> <span class='ocrx_word' id='word_1_435' title='bbox 1386 5065 1541 5118; x_wconf 87' lang='lat' dir='ltr'><strong>etiam</strong></span> <span class='ocrx_word' id='word_1_436' title='bbox 1572 5065 1711 5121; x_wconf 85' lang='lat' dir='ltr'><strong>hunc</strong></span> <span class='ocrx_word' id='word_1_437' title='bbox 1741 5067 1988 5136; x_wconf 90' lang='lat' dir='ltr'><strong>punierit,</strong></span> <span class='ocrx_word' id='word_1_438' title='bbox 2018 5077 2070 5122; x_wconf 92' lang='lat' dir='ltr'><strong>et</strong></span> <span class='ocrx_word' id='word_1_439' title='bbox 2093 5083 2206 5136; x_wconf 74' lang='lat' dir='ltr'><strong>pte-</strong></span> 
     </span>
    </p>
   </div>
   <div class='ocr_carea' id='block_1_53' title="bbox 639 5153 2206 5228">
    <p class='ocr_par' dir='ltr' id='par_1_53' title="bbox 639 5153 2206 5228">
     <span class='ocr_line' id='line_1_53' title="bbox 639 5153 2206 5228; baseline 0.006 -26"><span class='ocrx_word' id='word_1_440' title='bbox 639 5167 758 5206; x_wconf 88' lang='lat' dir='ltr'><strong>uant</strong></span> <span class='ocrx_word' id='word_1_441' title='bbox 790 5153 862 5207; x_wconf 90' lang='lat' dir='ltr'><strong>illi</strong></span> <span class='ocrx_word' id='word_1_442' title='bbox 893 5161 1005 5208; x_wconf 91' lang='lat' dir='ltr'><strong>toto</strong></span> <span class='ocrx_word' id='word_1_443' title='bbox 1031 5156 1224 5210; x_wconf 64' lang='lat' dir='ltr'><strong>saeculo</strong></span> <span class='ocrx_word' id='word_1_444' title='bbox 1244 5154 1549 5210; x_wconf 87' lang='lat' dir='ltr'><strong>duraturam</strong></span> <span class='ocrx_word' id='word_1_445' title='bbox 1574 5157 1853 5225; x_wconf 77' lang='lat' dir='ltr'><strong>indixerit,</strong></span> <span class='ocrx_word' id='word_1_446' title='bbox 1887 5174 2206 5228; x_wconf 79' lang='lat' dir='ltr'><strong>gravemque</strong></span> 
     </span>
    </p>
   </div>
   <div class='ocr_carea' id='block_1_54' title="bbox 638 5242 2208 5319">
    <p class='ocr_par' dir='ltr' id='par_1_54' title="bbox 638 5242 2208 5319">
     <span class='ocr_line' id='line_1_54' title="bbox 638 5242 2208 5319; baseline 0.004 -25"><span class='ocrx_word' id='word_1_447' title='bbox 638 5243 689 5294; x_wconf 90' lang='lat' dir='ltr'><strong>itt</strong></span> <span class='ocrx_word' id='word_1_448' title='bbox 731 5242 875 5297; x_wconf 92' lang='lat' dir='ltr'><strong>illum</strong></span> <span class='ocrx_word' id='word_1_449' title='bbox 921 5245 1338 5314; x_wconf 77' lang='lat' dir='ltr'><strong>indignationem</strong></span> <span class='ocrx_word' id='word_1_450' title='bbox 1375 5246 1759 5312; x_wconf 87' lang='lat' dir='ltr'><strong>declaraverit,</strong></span> <span class='ocrx_word' id='word_1_451' title='bbox 1807 5258 1962 5319; x_wconf 85' lang='lat' dir='ltr'><strong>atque</strong></span> <span class='ocrx_word' id='word_1_452' title='bbox 1996 5265 2062 5302; x_wconf 78' lang='lat' dir='ltr'><strong>ex</strong></span> <span class='ocrx_word' id='word_1_453' title='bbox 2108 5247 2208 5300; x_wconf 89' lang='lat' dir='ltr'><strong>hoc</strong></span> 
     </span>
    </p>
   </div>
   <div class='ocr_carea' id='block_1_55' title="bbox 635 5333 2204 5406">
    <p class='ocr_par' dir='ltr' id='par_1_55' title="bbox 635 5333 2204 5406">
     <span class='ocr_line' id='line_1_55' title="bbox 635 5333 2204 5406; baseline 0.002 -21"><span class='ocrx_word' id='word_1_454' title='bbox 635 5333 929 5387; x_wconf 86' lang='lat' dir='ltr'><strong>ostenderit</strong></span> <span class='ocrx_word' id='word_1_455' title='bbox 974 5349 1122 5390; x_wconf 88' lang='lat' dir='ltr'><strong>suam</strong></span> <span class='ocrx_word' id='word_1_456' title='bbox 1169 5349 1290 5404; x_wconf 87' lang='lat' dir='ltr'><strong>erga</strong></span> <span class='ocrx_word' id='word_1_457' title='bbox 1321 5335 1570 5406; x_wconf 87' lang='lat' dir='ltr'><strong>deceptos</strong></span> <span class='ocrx_word' id='word_1_458' title='bbox 1612 5351 1813 5389; x_wconf 89' lang='lat' dir='ltr'><strong>curam.</strong></span> <span class='ocrx_word' id='word_1_459' title='bbox 1855 5337 1932 5391; x_wconf 77' lang='lat' dir='ltr'><strong>Ex</strong></span> <span class='ocrx_word' id='word_1_460' title='bbox 1959 5353 2024 5390; x_wconf 91' lang='lat' dir='ltr'><strong>eo</strong></span> <span class='ocrx_word' id='word_1_461' title='bbox 2064 5338 2204 5391; x_wconf 88' lang='lat' dir='ltr'><strong>enim</strong></span> 
     </span>
    </p>
   </div>
   <div class='ocr_carea' id='block_1_56' title="bbox 637 5421 2202 5505">
    <p class='ocr_par' dir='ltr' id='par_1_56' title="bbox 637 5421 2202 5505">
     <span class='ocr_line' id='line_1_56' title="bbox 637 5421 2202 5505; baseline 0.004 -31"><span class='ocrx_word' id='word_1_462' title='bbox 637 5437 738 5490; x_wconf 87' lang='lat' dir='ltr'><strong>quo</strong></span> <span class='ocrx_word' id='word_1_463' title='bbox 753 5421 775 5475; x_wconf 82' lang='grc' dir='ltr'><strong>ι</strong></span> <span class='ocrx_word' id='word_1_464' title='bbox 802 5421 1149 5505; x_wconf 76' lang='lat' dir='ltr'><strong>decipientem</strong></span> <span class='ocrx_word' id='word_1_465' title='bbox 1178 5425 1253 5478; x_wconf 88' lang='lat' dir='ltr'><strong>sic</strong></span> <span class='ocrx_word' id='word_1_466' title='bbox 1283 5425 1420 5479; x_wconf 91' lang='lat' dir='ltr'><strong>ultus</strong></span> <span class='ocrx_word' id='word_1_467' title='bbox 1453 5436 1534 5480; x_wconf 90' lang='lat' dir='ltr'><strong>est</strong></span> <span class='ocrx_word' id='word_1_468' title='bbox 1556 5467 1570 5489; x_wconf 94' lang='lat'><strong>,</strong></span> <span class='ocrx_word' id='word_1_469' title='bbox 1600 5426 1905 5496; x_wconf 84' lang='lat' dir='ltr'><strong>intelligitur</strong></span> <span class='ocrx_word' id='word_1_470' title='bbox 1929 5427 1996 5480; x_wconf 88' lang='lat' dir='ltr'><strong>ab</strong></span> <span class='ocrx_word' id='word_1_471' title='bbox 2018 5441 2082 5480; x_wconf 88' lang='lat' dir='ltr'><strong>eo</strong></span> <span class='ocrx_word' id='word_1_472' title='bbox 2108 5427 2202 5480; x_wconf 86' lang='lat' dir='ltr'><strong>de-</strong></span> 
     </span>
    </p>
   </div>
   <div class='ocr_carea' id='block_1_57' title="bbox 636 5513 2203 5585">
    <p class='ocr_par' dir='ltr' id='par_1_57' title="bbox 636 5513 2203 5585">
     <span class='ocr_line' id='line_1_57' title="bbox 636 5513 2203 5585; baseline 0.003 -20"><span class='ocrx_word' id='word_1_473' title='bbox 636 5521 820 5582; x_wconf 79' lang='lat' dir='ltr'><strong>ceptos</strong></span> <span class='ocrx_word' id='word_1_474' title='bbox 843 5528 934 5566; x_wconf 90' lang='lat' dir='ltr'><strong>eos</strong></span> <span class='ocrx_word' id='word_1_475' title='bbox 956 5513 1136 5580; x_wconf 88' lang='lat' dir='ltr'><strong>fuisse,</strong></span> <span class='ocrx_word' id='word_1_476' title='bbox 1155 5515 1242 5582; x_wconf 91' lang='lat' dir='ltr'><strong>qui</strong></span> <span class='ocrx_word' id='word_1_477' title='bbox 1266 5514 1376 5568; x_wconf 86' lang='lat' dir='ltr'><strong>Deo</strong></span> <span class='ocrx_word' id='word_1_478' title='bbox 1389 5514 1535 5568; x_wconf 86' lang='lat' dir='ltr'><strong>valde</strong></span> <span class='ocrx_word' id='word_1_479' title='bbox 1551 5517 1681 5584; x_wconf 85' lang='lat' dir='ltr'><strong>grati</strong></span> <span class='ocrx_word' id='word_1_480' title='bbox 1701 5526 1868 5579; x_wconf 85' lang='lat' dir='ltr'><strong>erant,</strong></span> <span class='ocrx_word' id='word_1_481' title='bbox 1884 5527 1936 5572; x_wconf 89' lang='lat' dir='ltr'><strong>et</strong></span> <span class='ocrx_word' id='word_1_482' title='bbox 1959 5532 2052 5584; x_wconf 88' lang='lat' dir='ltr'><strong>pro</strong></span> <span class='ocrx_word' id='word_1_483' title='bbox 2086 5517 2203 5585; x_wconf 81' lang='lat' dir='ltr'><strong>qui-</strong></span> 
     </span>
    </p>
   </div>
   <div class='ocr_carea' id='block_1_58' title="bbox 639 5603 2206 5674">
    <p class='ocr_par' dir='ltr' id='par_1_58' title="bbox 639 5603 2206 5674">
     <span class='ocr_line' id='line_1_58' title="bbox 639 5603 2206 5674; baseline 0.003 -20"><span class='ocrx_word' id='word_1_484' title='bbox 639 5603 739 5655; x_wconf 87' lang='lat' dir='ltr'><strong>bus</strong></span> <span class='ocrx_word' id='word_1_485' title='bbox 781 5603 999 5656; x_wconf 86' lang='lat' dir='ltr'><strong>multum</strong></span> <span class='ocrx_word' id='word_1_486' title='bbox 1038 5604 1290 5659; x_wconf 88' lang='lat' dir='ltr'><strong>sollicitus</strong></span> <span class='ocrx_word' id='word_1_487' title='bbox 1323 5604 1508 5659; x_wconf 86' lang='lat' dir='ltr'><strong>fuerat.</strong></span> <span class='ocrx_word' id='word_1_488' title='bbox 1561 5605 1689 5658; x_wconf 88' lang='lat' dir='ltr'><strong>Dein</strong></span> <span class='ocrx_word' id='word_1_489' title='bbox 1734 5617 2052 5661; x_wconf 88' lang='lat' dir='ltr'><strong>mementote</strong></span> <span class='ocrx_word' id='word_1_490' title='bbox 2082 5621 2206 5674; x_wconf 66' lang='grc' dir='ltr'>ευρι</span> 
     </span>
    </p>
   </div>
   <div class='ocr_carea' id='block_1_59' title="bbox 638 5693 2206 5764">
    <p class='ocr_par' dir='ltr' id='par_1_59' title="bbox 638 5693 2206 5764">
     <span class='ocr_line' id='line_1_59' title="bbox 638 5693 2206 5764; baseline 0.004 -22"><span class='ocrx_word' id='word_1_491' title='bbox 638 5693 777 5762; x_wconf 80' lang='lat' dir='ltr'><strong>plicii</strong></span> <span class='ocrx_word' id='word_1_492' title='bbox 811 5695 1065 5757; x_wconf 88' lang='lat' dir='ltr'><strong>mulieris,</strong></span> <span class='ocrx_word' id='word_1_493' title='bbox 1090 5706 1141 5749; x_wconf 90' lang='lat' dir='ltr'><strong>ct</strong></span> <span class='ocrx_word' id='word_1_494' title='bbox 1159 5711 1326 5764; x_wconf 62' lang='lat' dir='ltr'><strong>pugna:</strong></span> <span class='ocrx_word' id='word_1_495' title='bbox 1348 5712 1462 5764; x_wconf 79' lang='lat' dir='ltr'><strong>qu;c</strong></span> <span class='ocrx_word' id='word_1_496' title='bbox 1481 5695 1553 5750; x_wconf 92' lang='lat' dir='ltr'><strong>illi</strong></span> <span class='ocrx_word' id='word_1_497' title='bbox 1577 5694 1767 5749; x_wconf 79' lang='lat' dir='ltr'><strong>inflicta</strong></span> <span class='ocrx_word' id='word_1_498' title='bbox 1789 5705 1890 5757; x_wconf 88' lang='lat' dir='ltr'><strong>est,</strong></span> <span class='ocrx_word' id='word_1_499' title='bbox 1910 5696 2014 5749; x_wconf 90' lang='lat' dir='ltr'><strong>imo</strong></span> <span class='ocrx_word' id='word_1_500' title='bbox 2034 5696 2206 5764; x_wconf 84' lang='lat' dir='ltr'><strong>potius</strong></span> 
     </span>
    </p>
   </div>
   <div class='ocr_carea' id='block_1_60' title="bbox 637 5781 2203 5858">
    <p class='ocr_par' dir='ltr' id='par_1_60' title="bbox 637 5781 2203 5858">
     <span class='ocr_line' id='line_1_60' title="bbox 637 5781 2203 5858; baseline -0.001 -18"><span class='ocrx_word' id='word_1_501' title='bbox 637 5785 1011 5840; x_wconf 75' lang='lat' dir='ltr'><strong>admonizionis</strong></span> <span class='ocrx_word' id='word_1_502' title='bbox 1039 5825 1054 5852; x_wconf 93' lang='lat'><strong>,</strong></span> <span class='ocrx_word' id='word_1_503' title='bbox 1095 5794 1144 5840; x_wconf 89' lang='lat' dir='ltr'><strong>et</strong></span> <span class='ocrx_word' id='word_1_504' title='bbox 1187 5787 1262 5841; x_wconf 89' lang='lat' dir='ltr'><strong>sic</strong></span> <span class='ocrx_word' id='word_1_505' title='bbox 1299 5799 1505 5858; x_wconf 89' lang='lat' dir='ltr'><strong>quoque</strong></span> <span class='ocrx_word' id='word_1_506' title='bbox 1544 5781 1895 5841; x_wconf 87' lang='lat' dir='ltr'><strong>recordemiui</strong></span> <span class='ocrx_word' id='word_1_507' title='bbox 1940 5801 2055 5854; x_wconf 80' lang='lat' dir='ltr'><strong>qua:</strong></span> <span class='ocrx_word' id='word_1_508' title='bbox 2101 5784 2203 5838; x_wconf 82' lang='lat' dir='ltr'><strong>sint</strong></span> 
     </span>
    </p>
   </div>
   <div class='ocr_carea' id='block_1_61' title="bbox 1331 425 3129 495">
    <p class='ocr_par' dir='ltr' id='par_1_61' title="bbox 1331 425 3129 495">
     <span class='ocr_line' id='line_1_61' title="bbox 1331 425 3129 495; baseline -0.011 0"><span class='ocrx_word' id='word_1_509' title='bbox 1331 439 1387 495; x_wconf 88' lang='lat' dir='ltr'><strong>S.</strong></span> <span class='ocrx_word' id='word_1_510' title='bbox 1428 434 1700 493; x_wconf 77' lang='lat' dir='ltr'><strong>IOANNIS</strong></span> <span class='ocrx_word' id='word_1_511' title='bbox 1738 427 2209 490; x_wconf 71' lang='lat' dir='ltr'><strong>CIIItYSOSTOMi</strong></span> <span class='ocrx_word' id='word_1_512' title='bbox 2259 427 2569 483; x_wconf 71' lang='lat' dir='ltr'><strong>ARCIIIEP.</strong></span> <span class='ocrx_word' id='word_1_513' title='bbox 2601 425 3129 482; x_wconf 63' lang='lat' dir='ltr'><strong>CONSTANTINOP.</strong></span> 
     </span>
    </p>
   </div>
   <div class='ocr_carea' id='block_1_62' title="bbox 3785 407 3888 461">
    <p class='ocr_par' dir='ltr' id='par_1_62' title="bbox 3785 407 3888 461">
     <span class='ocr_line' id='line_1_62' title="bbox 3785 407 3888 461; baseline 0 -1"><span class='ocrx_word' id='word_1_514' title='bbox 3785 407 3888 461; x_wconf 79' lang='lat' dir='ltr'><strong>IIS</strong></span> 
     </span>
    </p>
   </div>
   <div class='ocr_carea' id='block_1_63' title="bbox 2318 532 3875 605">
    <p class='ocr_par' dir='ltr' id='par_1_63' title="bbox 2318 532 3875 605">
     <span class='ocr_line' id='line_1_63' title="bbox 2318 532 3875 605; baseline -0.006 -11"><span class='ocrx_word' id='word_1_515' title='bbox 2318 540 2446 594; x_wconf 70' lang='lat' dir='ltr'><strong>Adae</strong></span> <span class='ocrx_word' id='word_1_516' title='bbox 2497 539 2634 593; x_wconf 87' lang='lat' dir='ltr'><strong>dicta</strong></span> <span class='ocrx_word' id='word_1_517' title='bbox 2663 581 2678 603; x_wconf 93' lang='lat'><strong>,</strong></span> <span class='ocrx_word' id='word_1_518' title='bbox 2719 537 3137 605; x_wconf 82' lang='lat' dir='ltr'><strong>sententiamque</strong></span> <span class='ocrx_word' id='word_1_519' title='bbox 3196 535 3328 588; x_wconf 90' lang='lat' dir='ltr'><strong>hanc</strong></span> <span class='ocrx_word' id='word_1_520' title='bbox 3387 532 3563 586; x_wconf 86' lang='lat' dir='ltr'><strong>animo</strong></span> <span class='ocrx_word' id='word_1_521' title='bbox 3611 533 3875 600; x_wconf 84' lang='lat' dir='ltr'><strong>repetite,</strong></span> 
     </span>
    </p>
   </div>
   <div class='ocr_carea' id='block_1_64' title="bbox 2315 625 3883 697">
    <p class='ocr_par' dir='ltr' id='par_1_64' title="bbox 2315 625 3883 697">
     <span class='ocr_line' id='line_1_64' title="bbox 2315 625 3883 697; baseline -0.004 -13"><span class='ocrx_word' id='word_1_522' title='bbox 2315 630 2469 684; x_wconf 84' lang='lat' dir='ltr'><strong>Terra</strong></span> <span class='ocrx_word' id='word_1_523' title='bbox 2498 648 2550 684; x_wconf 80' lang='lat' dir='ltr'><strong>cs</strong></span> <span class='ocrx_word' id='word_1_524' title='bbox 2575 673 2588 697; x_wconf 96' lang='lat'><strong>,</strong></span> <span class='ocrx_word' id='word_1_525' title='bbox 2627 642 2672 684; x_wconf 82' lang='lat' dir='ltr'><strong>et</strong></span> <span class='ocrx_word' id='word_1_526' title='bbox 2701 631 2752 684; x_wconf 88' lang='lat' dir='ltr'><strong>in</strong></span> <span class='ocrx_word' id='word_1_527' title='bbox 2784 640 2965 683; x_wconf 80' lang='lat' dir='ltr'><strong>(errant</strong></span> <span class='ocrx_word' id='word_1_528' title='bbox 2994 629 3168 681; x_wconf 76' lang='lat' dir='ltr'><strong>abibis.</strong></span> <span class='ocrx_word' id='word_1_529' title='bbox 3201 627 3333 680; x_wconf 91' lang='lat' dir='ltr'><strong>Ilinc</strong></span> <span class='ocrx_word' id='word_1_530' title='bbox 3358 625 3716 695; x_wconf 85' lang='lat' dir='ltr'><strong>obstupescite</strong></span> <span class='ocrx_word' id='word_1_531' title='bbox 3743 625 3883 677; x_wconf 84' lang='lat' dir='ltr'><strong>inef-</strong></span> 
     </span>
    </p>
   </div>
   <div class='ocr_carea' id='block_1_65' title="bbox 2311 716 3886 786">
    <p class='ocr_par' dir='ltr' id='par_1_65' title="bbox 2311 716 3886 786">
     <span class='ocr_line' id='line_1_65' title="bbox 2311 716 3886 786; baseline -0.003 -14"><span class='ocrx_word' id='word_1_532' title='bbox 2311 719 2519 775; x_wconf 77' lang='lat' dir='ltr'><strong>fabilem</strong></span> <span class='ocrx_word' id='word_1_533' title='bbox 2564 721 2653 774; x_wconf 91' lang='lat' dir='ltr'><strong>Dei</strong></span> <span class='ocrx_word' id='word_1_534' title='bbox 2697 717 3111 773; x_wconf 89' lang='lat' dir='ltr'><strong>miscricordiam</strong></span> <span class='ocrx_word' id='word_1_535' title='bbox 3138 757 3152 779; x_wconf 92' lang='lat'><strong>,</strong></span> <span class='ocrx_word' id='word_1_536' title='bbox 3190 716 3328 786; x_wconf 89' lang='lat' dir='ltr'><strong>quod</strong></span> <span class='ocrx_word' id='word_1_537' title='bbox 3368 731 3496 780; x_wconf 88' lang='lat' dir='ltr'><strong>nos,</strong></span> <span class='ocrx_word' id='word_1_538' title='bbox 3521 717 3608 785; x_wconf 91' lang='lat' dir='ltr'><strong>qui</strong></span> <span class='ocrx_word' id='word_1_539' title='bbox 3637 730 3699 769; x_wconf 79' lang='lat' dir='ltr'><strong>ex</strong></span> <span class='ocrx_word' id='word_1_540' title='bbox 3741 725 3886 768; x_wconf 86' lang='lat' dir='ltr'><strong>terra</strong></span> 
     </span>
    </p>
   </div>
   <div class='ocr_carea' id='block_1_66' title="bbox 2308 805 3874 876">
    <p class='ocr_par' dir='ltr' id='par_1_66' title="bbox 2308 805 3874 876">
     <span class='ocr_line' id='line_1_66' title="bbox 2308 805 3874 876; baseline -0.005 -14"><span class='ocrx_word' id='word_1_541' title='bbox 2308 823 2490 864; x_wconf 88' lang='lat' dir='ltr'><strong>sumus</strong></span> <span class='ocrx_word' id='word_1_542' title='bbox 2510 853 2524 876; x_wconf 92' lang='lat'><strong>,</strong></span> <span class='ocrx_word' id='word_1_543' title='bbox 2552 821 2606 865; x_wconf 89' lang='lat' dir='ltr'><strong>et</strong></span> <span class='ocrx_word' id='word_1_544' title='bbox 2636 811 2684 865; x_wconf 93' lang='lat' dir='ltr'><strong>in</strong></span> <span class='ocrx_word' id='word_1_545' title='bbox 2715 819 2912 865; x_wconf 85' lang='lat' dir='ltr'><strong>terram</strong></span> <span class='ocrx_word' id='word_1_546' title='bbox 2935 809 3315 870; x_wconf 78' lang='lat' dir='ltr'><strong>dissolvemur,</strong></span> <span class='ocrx_word' id='word_1_547' title='bbox 3348 807 3392 861; x_wconf 91' lang='lat' dir='ltr'><strong>si</strong></span> <span class='ocrx_word' id='word_1_548' title='bbox 3431 807 3749 860; x_wconf 79' lang='lat' dir='ltr'><strong>voluerimus</strong></span> <span class='ocrx_word' id='word_1_549' title='bbox 3773 805 3874 855; x_wconf 76' lang='lat' dir='ltr'><strong>Vil-</strong></span> 
     </span>
    </p>
   </div>
   <div class='ocr_carea' id='block_1_67' title="bbox 2309 893 3882 969">
    <p class='ocr_par' dir='ltr' id='par_1_67' title="bbox 2309 893 3882 969">
     <span class='ocr_line' id='line_1_67' title="bbox 2309 893 3882 969; baseline -0.005 -15"><span class='ocrx_word' id='word_1_550' title='bbox 2309 911 2471 954; x_wconf 89' lang='lat' dir='ltr'><strong>tutent</strong></span> <span class='ocrx_word' id='word_1_551' title='bbox 2503 900 2795 969; x_wconf 78' lang='lat' dir='ltr'><strong>amplexari</strong></span> <span class='ocrx_word' id='word_1_552' title='bbox 2827 940 2841 963; x_wconf 95' lang='lat'><strong>,</strong></span> <span class='ocrx_word' id='word_1_553' title='bbox 2874 909 2924 952; x_wconf 90' lang='lat' dir='ltr'><strong>et</strong></span> <span class='ocrx_word' id='word_1_554' title='bbox 2952 899 3071 951; x_wconf 83' lang='lat' dir='ltr'><strong>vitia</strong></span> <span class='ocrx_word' id='word_1_555' title='bbox 3100 897 3276 966; x_wconf 87' lang='lat' dir='ltr'><strong>fugere</strong></span> <span class='ocrx_word' id='word_1_556' title='bbox 3307 936 3320 957; x_wconf 91' lang='lat'><strong>,</strong></span> <span class='ocrx_word' id='word_1_557' title='bbox 3352 895 3558 964; x_wconf 87' lang='lat' dir='ltr'><strong>assequi</strong></span> <span class='ocrx_word' id='word_1_558' title='bbox 3591 893 3882 962; x_wconf 82' lang='lat' dir='ltr'><strong>poterimus</strong></span> 
     </span>
    </p>
   </div>
   <div class='ocr_carea' id='block_1_68' title="bbox 2310 983 3883 1058">
    <p class='ocr_par' dir='ltr' id='par_1_68' title="bbox 2310 983 3883 1058">
     <span class='ocr_line' id='line_1_68' title="bbox 2310 983 3883 1058; baseline -0.004 -16"><span class='ocrx_word' id='word_1_559' title='bbox 2310 991 2590 1044; x_wconf 85' lang='lat' dir='ltr'><strong>iuetfabilia</strong></span> <span class='ocrx_word' id='word_1_560' title='bbox 2620 991 2705 1043; x_wconf 89' lang='lat' dir='ltr'><strong>illa</strong></span> <span class='ocrx_word' id='word_1_561' title='bbox 2747 990 2882 1043; x_wconf 90' lang='lat' dir='ltr'><strong>bona</strong></span> <span class='ocrx_word' id='word_1_562' title='bbox 2908 1029 2921 1053; x_wconf 86' lang='lat'><strong>,</strong></span> <span class='ocrx_word' id='word_1_563' title='bbox 2945 1003 3060 1058; x_wconf 72' lang='lat' dir='ltr'><strong>qua:</strong></span> <span class='ocrx_word' id='word_1_564' title='bbox 3091 987 3295 1056; x_wconf 88' lang='lat' dir='ltr'><strong>paravit</strong></span> <span class='ocrx_word' id='word_1_565' title='bbox 3314 995 3367 1041; x_wconf 92' lang='lat' dir='ltr'><strong>ct</strong></span> <span class='ocrx_word' id='word_1_566' title='bbox 3390 985 3630 1055; x_wconf 83' lang='lat' dir='ltr'><strong>promisit</strong></span> <span class='ocrx_word' id='word_1_567' title='bbox 3655 983 3883 1051; x_wconf 80' lang='lat' dir='ltr'><strong>diligen-</strong></span> 
     </span>
    </p>
   </div>
   <div class='ocr_carea' id='block_1_69' title="bbox 2307 1076 3882 1149">
    <p class='ocr_par' dir='ltr' id='par_1_69' title="bbox 2307 1076 3882 1149">
     <span class='ocr_line' id='line_1_69' title="bbox 2307 1076 3882 1149; baseline -0.003 -15"><span class='ocrx_word' id='word_1_568' title='bbox 2307 1082 2444 1136; x_wconf 91' lang='lat' dir='ltr'><strong>tibus</strong></span> <span class='ocrx_word' id='word_1_569' title='bbox 2463 1098 2538 1140; x_wconf 89' lang='lat' dir='ltr'><strong>se.</strong></span> <span class='ocrx_word' id='word_1_570' title='bbox 2554 1098 2668 1149; x_wconf 82' lang='lat' dir='ltr'><strong>qua:</strong></span> <span class='ocrx_word' id='word_1_571' title='bbox 2685 1082 2868 1136; x_wconf 90' lang='lat' dir='ltr'><strong>oculus</strong></span> <span class='ocrx_word' id='word_1_572' title='bbox 2885 1097 2986 1135; x_wconf 92' lang='lat' dir='ltr'><strong>non</strong></span> <span class='ocrx_word' id='word_1_573' title='bbox 3001 1079 3184 1142; x_wconf 80' lang='lat' dir='ltr'><strong>vidit‘.</strong></span> <span class='ocrx_word' id='word_1_574' title='bbox 3209 1079 3456 1133; x_wconf 87' lang='lat' dir='ltr'><strong>necauris</strong></span> <span class='ocrx_word' id='word_1_575' title='bbox 3473 1076 3690 1142; x_wconf 86' lang='lat' dir='ltr'><strong>audivit,</strong></span> <span class='ocrx_word' id='word_1_576' title='bbox 3710 1091 3806 1130; x_wconf 90' lang='lat' dir='ltr'><strong>nec</strong></span> <span class='ocrx_word' id='word_1_577' title='bbox 3826 1078 3882 1129; x_wconf 86' lang='lat' dir='ltr'><strong>in</strong></span> 
     </span>
    </p>
   </div>
   <div class='ocr_carea' id='block_1_70' title="bbox 2306 1165 3878 1238">
    <p class='ocr_par' dir='ltr' id='par_1_70' title="bbox 2306 1165 3878 1238">
     <span class='ocr_line' id='line_1_70' title="bbox 2306 1165 3878 1238; baseline -0.001 -17"><span class='ocrx_word' id='word_1_578' title='bbox 2306 1186 2397 1221; x_wconf 78' lang='lat' dir='ltr'><strong>cor</strong></span> <span class='ocrx_word' id='word_1_579' title='bbox 2416 1171 2643 1224; x_wconf 89' lang='lat' dir='ltr'><strong>hominis</strong></span> <span class='ocrx_word' id='word_1_580' title='bbox 2657 1171 3008 1225; x_wconf 87' lang='lat' dir='ltr'><strong>ascenderunt</strong></span> <span class='ocrx_word' id='word_1_581' title='bbox 3030 1172 3106 1237; x_wconf 88' lang='lat' dir='ltr'><strong>(l.</strong></span> <span class='ocrx_word' id='word_1_582' title='bbox 3132 1169 3248 1222; x_wconf 87' lang='lat' dir='ltr'><strong>Cor.</strong></span> <span class='ocrx_word' id='word_1_583' title='bbox 3287 1168 3339 1222; x_wconf 72' lang='grc' dir='ltr'><strong>Ξ.</strong></span> <span class='ocrx_word' id='word_1_584' title='bbox 3369 1165 3446 1238; x_wconf 82' lang='lat'><strong>9).</strong></span> <span class='ocrx_word' id='word_1_585' title='bbox 3486 1166 3688 1221; x_wconf 83' lang='lat' dir='ltr'><strong>Gratias</strong></span> <span class='ocrx_word' id='word_1_586' title='bbox 3716 1166 3878 1233; x_wconf 86' lang='lat' dir='ltr'><strong>igitur</strong></span> 
     </span>
    </p>
   </div>
   <div class='ocr_carea' id='block_1_71' title="bbox 2308 1255 3883 1326">
    <p class='ocr_par' dir='ltr' id='par_1_71' title="bbox 2308 1255 3883 1326">
     <span class='ocr_line' id='line_1_71' title="bbox 2308 1255 3883 1326; baseline -0.003 -14"><span class='ocrx_word' id='word_1_587' title='bbox 2308 1262 2496 1313; x_wconf 84' lang='lat' dir='ltr'><strong>inultas</strong></span> <span class='ocrx_word' id='word_1_588' title='bbox 2522 1261 2742 1313; x_wconf 91' lang='lat' dir='ltr'><strong>Domino</strong></span> <span class='ocrx_word' id='word_1_589' title='bbox 2773 1271 2950 1313; x_wconf 89' lang='lat' dir='ltr'><strong>nostro</strong></span> <span class='ocrx_word' id='word_1_590' title='bbox 2977 1259 3231 1313; x_wconf 86' lang='lat' dir='ltr'><strong>debemus</strong></span> <span class='ocrx_word' id='word_1_591' title='bbox 3255 1271 3349 1326; x_wconf 93' lang='lat' dir='ltr'><strong>pro</strong></span> <span class='ocrx_word' id='word_1_592' title='bbox 3379 1266 3453 1310; x_wconf 93' lang='lat' dir='ltr'><strong>tot</strong></span> <span class='ocrx_word' id='word_1_593' title='bbox 3478 1256 3769 1324; x_wconf 86' lang='lat' dir='ltr'><strong>talibusque</strong></span> <span class='ocrx_word' id='word_1_594' title='bbox 3791 1255 3883 1308; x_wconf 85' lang='lat' dir='ltr'><strong>be-</strong></span> 
     </span>
    </p>
   </div>
   <div class='ocr_carea' id='block_1_72' title="bbox 2307 1347 3878 1420">
    <p class='ocr_par' dir='ltr' id='par_1_72' title="bbox 2307 1347 3878 1420">
     <span class='ocr_line' id='line_1_72' title="bbox 2307 1347 3878 1420; baseline -0.003 -17"><span class='ocrx_word' id='word_1_595' title='bbox 2307 1352 2506 1405; x_wconf 87' lang='lat' dir='ltr'><strong>neticiis</strong></span> <span class='ocrx_word' id='word_1_596' title='bbox 2527 1371 2540 1404; x_wconf 92' lang='lat'>:</span> <span class='ocrx_word' id='word_1_597' title='bbox 2558 1361 2682 1405; x_wconf 90' lang='lat' dir='ltr'><strong>etea</strong></span> <span class='ocrx_word' id='word_1_598' title='bbox 2703 1365 3030 1420; x_wconf 85' lang='lat' dir='ltr'><strong>nequaquam</strong></span> <span class='ocrx_word' id='word_1_599' title='bbox 3056 1366 3118 1403; x_wconf 81' lang='lat' dir='ltr'><strong>ex</strong></span> <span class='ocrx_word' id='word_1_600' title='bbox 3140 1349 3393 1403; x_wconf 88' lang='lat' dir='ltr'><strong>memoria</strong></span> <span class='ocrx_word' id='word_1_601' title='bbox 3410 1347 3747 1408; x_wconf 83' lang='lat' dir='ltr'><strong>dimittenda,</strong></span> <span class='ocrx_word' id='word_1_602' title='bbox 3785 1358 3878 1414; x_wconf 81' lang='lat' dir='ltr'><strong>per</strong></span> 
     </span>
    </p>
   </div>
   <div class='ocr_carea' id='block_1_73' title="bbox 2307 1434 3879 1508">
    <p class='ocr_par' dir='ltr' id='par_1_73' title="bbox 2307 1434 3879 1508">
     <span class='ocr_line' id='line_1_73' title="bbox 2307 1434 3879 1508; baseline -0.003 -17"><span class='ocrx_word' id='word_1_603' title='bbox 2307 1440 2439 1493; x_wconf 79' lang='lat' dir='ltr'><strong>bozta</strong></span> <span class='ocrx_word' id='word_1_604' title='bbox 2467 1455 2623 1508; x_wconf 88' lang='lat' dir='ltr'><strong>opera</strong></span> <span class='ocrx_word' id='word_1_605' title='bbox 2646 1482 2658 1503; x_wconf 96' lang='lat'><strong>,</strong></span> <span class='ocrx_word' id='word_1_606' title='bbox 2693 1449 2740 1493; x_wconf 93' lang='lat' dir='ltr'><strong>et</strong></span> <span class='ocrx_word' id='word_1_607' title='bbox 2769 1439 3003 1508; x_wconf 68' lang='lat' dir='ltr'><strong>diligenti</strong></span> <span class='ocrx_word' id='word_1_608' title='bbox 3039 1438 3297 1491; x_wconf 86' lang='lat' dir='ltr'><strong>malorum</strong></span> <span class='ocrx_word' id='word_1_609' title='bbox 3335 1435 3449 1504; x_wconf 87' lang='lat' dir='ltr'><strong>fuga</strong></span> <span class='ocrx_word' id='word_1_610' title='bbox 3473 1436 3639 1503; x_wconf 90' lang='lat' dir='ltr'><strong>ipsum</strong></span> <span class='ocrx_word' id='word_1_611' title='bbox 3667 1434 3879 1502; x_wconf 80' lang='lat' dir='ltr'><strong>mitige-</strong></span> 
     </span>
    </p>
   </div>
   <div class='ocr_carea' id='block_1_74' title="bbox 2307 1523 3877 1598">
    <p class='ocr_par' dir='ltr' id='par_1_74' title="bbox 2307 1523 3877 1598">
     <span class='ocr_line' id='line_1_74' title="bbox 2307 1523 3877 1598; baseline -0.004 -16"><span class='ocrx_word' id='word_1_612' title='bbox 2307 1544 2441 1590; x_wconf 89' lang='lat' dir='ltr'><strong>mus,</strong></span> <span class='ocrx_word' id='word_1_613' title='bbox 2459 1544 2519 1582; x_wconf 90' lang='lat' dir='ltr'><strong>ac</strong></span> <span class='ocrx_word' id='word_1_614' title='bbox 2537 1530 2815 1598; x_wconf 87' lang='lat' dir='ltr'><strong>propitium</strong></span> <span class='ocrx_word' id='word_1_615' title='bbox 2836 1528 2985 1581; x_wconf 90' lang='lat' dir='ltr'><strong>nobis</strong></span> <span class='ocrx_word' id='word_1_616' title='bbox 3003 1526 3302 1580; x_wconf 87' lang='lat' dir='ltr'><strong>reddamus.</strong></span> <span class='ocrx_word' id='word_1_617' title='bbox 3329 1523 3600 1591; x_wconf 88' lang='lat' dir='ltr'><strong>Quomodo</strong></span> <span class='ocrx_word' id='word_1_618' title='bbox 3613 1525 3752 1578; x_wconf 90' lang='lat' dir='ltr'><strong>enim</strong></span> <span class='ocrx_word' id='word_1_619' title='bbox 3771 1538 3877 1576; x_wconf 88' lang='lat' dir='ltr'><strong>non</strong></span> 
     </span>
    </p>
   </div>
   <div class='ocr_carea' id='block_1_75' title="bbox 2307 1613 3875 1686">
    <p class='ocr_par' dir='ltr' id='par_1_75' title="bbox 2307 1613 3875 1686">
     <span class='ocr_line' id='line_1_75' title="bbox 2307 1613 3875 1686; baseline -0.005 -14"><span class='ocrx_word' id='word_1_620' title='bbox 2307 1619 2494 1686; x_wconf 84' lang='lat' dir='ltr'><strong>ingrati</strong></span> <span class='ocrx_word' id='word_1_621' title='bbox 2529 1633 2744 1686; x_wconf 89' lang='lat' dir='ltr'><strong>prorsus</strong></span> <span class='ocrx_word' id='word_1_622' title='bbox 2773 1618 2932 1671; x_wconf 78' lang='lat' dir='ltr'><strong>animi</strong></span> <span class='ocrx_word' id='word_1_623' title='bbox 2961 1618 3169 1686; x_wconf 86' lang='lat' dir='ltr'><strong>signum</strong></span> <span class='ocrx_word' id='word_1_624' title='bbox 3200 1615 3354 1668; x_wconf 91' lang='lat' dir='ltr'><strong>fuerit</strong></span> <span class='ocrx_word' id='word_1_625' title='bbox 3379 1655 3392 1677; x_wconf 90' lang='lat'><strong>,</strong></span> <span class='ocrx_word' id='word_1_626' title='bbox 3418 1614 3460 1667; x_wconf 89' lang='lat' dir='ltr'><strong>si</strong></span> <span class='ocrx_word' id='word_1_627' title='bbox 3491 1616 3601 1682; x_wconf 89' lang='lat' dir='ltr'><strong>ipse</strong></span> <span class='ocrx_word' id='word_1_628' title='bbox 3624 1613 3836 1682; x_wconf 87' lang='lat' dir='ltr'><strong>quidem</strong></span> <span class='ocrx_word' id='word_1_629' title='bbox 3860 1654 3875 1676; x_wconf 90' lang='lat'><strong>,</strong></span> 
     </span>
    </p>
   </div>
   <div class='ocr_carea' id='block_1_76' title="bbox 2305 1701 3881 1770">
    <p class='ocr_par' dir='ltr' id='par_1_76' title="bbox 2305 1701 3881 1770">
     <span class='ocr_line' id='line_1_76' title="bbox 2305 1701 3881 1770; baseline -0.005 -8"><span class='ocrx_word' id='word_1_630' title='bbox 2305 1722 2422 1762; x_wconf 88' lang='lat' dir='ltr'><strong>cum</strong></span> <span class='ocrx_word' id='word_1_631' title='bbox 2471 1707 2607 1762; x_wconf 82' lang='lat' dir='ltr'><strong>Deus</strong></span> <span class='ocrx_word' id='word_1_632' title='bbox 2652 1709 2721 1762; x_wconf 87' lang='lat' dir='ltr'><strong>sit</strong></span> <span class='ocrx_word' id='word_1_633' title='bbox 2765 1717 2819 1761; x_wconf 90' lang='lat' dir='ltr'><strong>et</strong></span> <span class='ocrx_word' id='word_1_634' title='bbox 2871 1706 3182 1760; x_wconf 87' lang='lat' dir='ltr'><strong>immortalis</strong></span> <span class='ocrx_word' id='word_1_635' title='bbox 3228 1713 3426 1757; x_wconf 48' lang='lat' dir='ltr'><strong>natura“</strong></span> <span class='ocrx_word' id='word_1_636' title='bbox 3459 1742 3472 1765; x_wconf 85' lang='lat'><strong>,</strong></span> <span class='ocrx_word' id='word_1_637' title='bbox 3503 1718 3605 1756; x_wconf 88' lang='lat' dir='ltr'><strong>non</strong></span> <span class='ocrx_word' id='word_1_638' title='bbox 3658 1701 3881 1770; x_wconf 74' lang='lat' dir='ltr'><strong>refugiat</strong></span> 
     </span>
    </p>
   </div>
   <div class='ocr_carea' id='block_1_77' title="bbox 2305 1793 3881 1853">
    <p class='ocr_par' dir='ltr' id='par_1_77' title="bbox 2305 1793 3881 1853">
     <span class='ocr_line' id='line_1_77' title="bbox 2305 1793 3881 1853; baseline -0.006 0"><span class='ocrx_word' id='word_1_639' title='bbox 2305 1814 2575 1853; x_wconf 83' lang='lat' dir='ltr'><strong>assumere</strong></span> <span class='ocrx_word' id='word_1_640' title='bbox 2615 1801 2890 1852; x_wconf 87' lang='lat' dir='ltr'><strong>mortalem</strong></span> <span class='ocrx_word' id='word_1_641' title='bbox 2937 1807 2989 1850; x_wconf 70' lang='grc' dir='ltr'><strong>ει</strong></span> <span class='ocrx_word' id='word_1_642' title='bbox 3033 1806 3336 1850; x_wconf 69' lang='grc' dir='ltr'>ιριιτεειτρηι</span> <span class='ocrx_word' id='word_1_643' title='bbox 3365 1803 3600 1847; x_wconf 86' lang='lat' dir='ltr'><strong>n05tram</strong></span> <span class='ocrx_word' id='word_1_644' title='bbox 3632 1793 3881 1846; x_wconf 82' lang='lat' dir='ltr'><strong>substan-</strong></span> 
     </span>
    </p>
   </div>
   <div class='ocr_carea' id='block_1_78' title="bbox 2308 1882 3880 1959">
    <p class='ocr_par' dir='ltr' id='par_1_78' title="bbox 2308 1882 3880 1959">
     <span class='ocr_line' id='line_1_78' title="bbox 2308 1882 3880 1959; baseline -0.006 -14"><span class='ocrx_word' id='word_1_645' title='bbox 2308 1894 2453 1956; x_wconf 87' lang='lat' dir='ltr'><strong>tiam,</strong></span> <span class='ocrx_word' id='word_1_646' title='bbox 2486 1902 2540 1946; x_wconf 94' lang='lat' dir='ltr'><strong>ut</strong></span> <span class='ocrx_word' id='word_1_647' title='bbox 2567 1901 2617 1946; x_wconf 91' lang='lat' dir='ltr'><strong>et</strong></span> <span class='ocrx_word' id='word_1_648' title='bbox 2640 1891 2706 1944; x_wconf 90' lang='lat' dir='ltr'><strong>ab</strong></span> <span class='ocrx_word' id='word_1_649' title='bbox 2729 1890 2940 1959; x_wconf 86' lang='lat' dir='ltr'><strong>antiqua</strong></span> <span class='ocrx_word' id='word_1_650' title='bbox 2973 1897 3140 1942; x_wconf 82' lang='lat' dir='ltr'><strong>morte</strong></span> <span class='ocrx_word' id='word_1_651' title='bbox 3171 1901 3267 1940; x_wconf 82' lang='lat' dir='ltr'><strong>nos</strong></span> <span class='ocrx_word' id='word_1_652' title='bbox 3291 1886 3495 1949; x_wconf 87' lang='lat' dir='ltr'><strong>liberet,</strong></span> <span class='ocrx_word' id='word_1_653' title='bbox 3528 1898 3684 1952; x_wconf 87' lang='lat' dir='ltr'><strong>supra</strong></span> <span class='ocrx_word' id='word_1_654' title='bbox 3711 1882 3880 1936; x_wconf 66' lang='lat' dir='ltr'><strong>cados</strong></span> 
     </span>
    </p>
   </div>
   <div class='ocr_carea' id='block_1_79' title="bbox 2307 1971 3880 2050">
    <p class='ocr_par' dir='ltr' id='par_1_79' title="bbox 2307 1971 3880 2050">
     <span class='ocr_line' id='line_1_79' title="bbox 2307 1971 3880 2050; baseline -0.008 -13"><span class='ocrx_word' id='word_1_655' title='bbox 2307 1984 2516 2047; x_wconf 85' lang='lat' dir='ltr'><strong>evehat,</strong></span> <span class='ocrx_word' id='word_1_656' title='bbox 2552 1993 2769 2050; x_wconf 87' lang='lat' dir='ltr'><strong>paterno</strong></span> <span class='ocrx_word' id='word_1_657' title='bbox 2796 1994 3048 2034; x_wconf 79' lang='lat' dir='ltr'><strong>consessu</strong></span> <span class='ocrx_word' id='word_1_658' title='bbox 3072 1979 3316 2040; x_wconf 88' lang='lat' dir='ltr'><strong>honoret,</strong></span> <span class='ocrx_word' id='word_1_659' title='bbox 3347 1985 3401 2029; x_wconf 87' lang='lat' dir='ltr'><strong>et</strong></span> <span class='ocrx_word' id='word_1_660' title='bbox 3424 1975 3490 2026; x_wconf 90' lang='lat' dir='ltr'><strong>ab</strong></span> <span class='ocrx_word' id='word_1_661' title='bbox 3510 1973 3652 2026; x_wconf 90' lang='lat' dir='ltr'><strong>omni</strong></span> <span class='ocrx_word' id='word_1_662' title='bbox 3679 1971 3880 2025; x_wconf 70' lang='lat' dir='ltr'><strong>cmlesti</strong></span> 
     </span>
    </p>
   </div>
   <div class='ocr_carea' id='block_1_80' title="bbox 2307 2062 3883 2129">
    <p class='ocr_par' dir='ltr' id='par_1_80' title="bbox 2307 2062 3883 2129">
     <span class='ocr_line' id='line_1_80' title="bbox 2307 2062 3883 2129; baseline -0.011 0"><span class='ocrx_word' id='word_1_663' title='bbox 2307 2074 2542 2129; x_wconf 72' lang='lat' dir='ltr'><strong>exercitu</strong></span> <span class='ocrx_word' id='word_1_664' title='bbox 2584 2071 2791 2124; x_wconf 90' lang='lat' dir='ltr'><strong>adorari</strong></span> <span class='ocrx_word' id='word_1_665' title='bbox 2823 2079 3007 2123; x_wconf 91' lang='lat' dir='ltr'><strong>curet:</strong></span> <span class='ocrx_word' id='word_1_666' title='bbox 3034 2081 3126 2120; x_wconf 86' lang='lat' dir='ltr'><strong>nos</strong></span> <span class='ocrx_word' id='word_1_667' title='bbox 3157 2075 3333 2119; x_wconf 90' lang='lat' dir='ltr'><strong>autem</strong></span> <span class='ocrx_word' id='word_1_668' title='bbox 3368 2063 3632 2116; x_wconf 88' lang='lat' dir='ltr'><strong>contraria</strong></span> <span class='ocrx_word' id='word_1_669' title='bbox 3678 2062 3749 2112; x_wconf 92' lang='lat' dir='ltr'><strong>illi</strong></span> <span class='ocrx_word' id='word_1_670' title='bbox 3795 2075 3883 2112; x_wconf 87' lang='lat' dir='ltr'><strong>re-</strong></span> 
     </span>
    </p>
   </div>
   <div class='ocr_carea' id='block_1_81' title="bbox 2309 2151 3881 2222">
    <p class='ocr_par' dir='ltr' id='par_1_81' title="bbox 2309 2151 3881 2222">
     <span class='ocr_line' id='line_1_81' title="bbox 2309 2151 3881 2222; baseline -0.008 -7"><span class='ocrx_word' id='word_1_671' title='bbox 2309 2163 2539 2216; x_wconf 90' lang='lat' dir='ltr'><strong>tribuere</strong></span> <span class='ocrx_word' id='word_1_672' title='bbox 2581 2176 2682 2214; x_wconf 92' lang='lat' dir='ltr'><strong>non</strong></span> <span class='ocrx_word' id='word_1_673' title='bbox 2724 2159 3099 2213; x_wconf 87' lang='lat' dir='ltr'><strong>erubescamus</strong></span> <span class='ocrx_word' id='word_1_674' title='bbox 3125 2197 3141 2222; x_wconf 91' lang='lat'><strong>,</strong></span> <span class='ocrx_word' id='word_1_675' title='bbox 3175 2154 3267 2210; x_wconf 87' lang='lat' dir='ltr'><strong>sed</strong></span> <span class='ocrx_word' id='word_1_676' title='bbox 3303 2165 3355 2208; x_wconf 90' lang='lat' dir='ltr'><strong>et</strong></span> <span class='ocrx_word' id='word_1_677' title='bbox 3389 2151 3738 2206; x_wconf 82' lang='lat' dir='ltr'><strong>immortalem</strong></span> <span class='ocrx_word' id='word_1_678' title='bbox 3767 2151 3881 2203; x_wconf 89' lang='lat' dir='ltr'><strong>atti-</strong></span> 
     </span>
    </p>
   </div>
   <div class='ocr_carea' id='block_1_82' title="bbox 2308 2243 3879 2319">
    <p class='ocr_par' dir='ltr' id='par_1_82' title="bbox 2308 2243 3879 2319">
     <span class='ocr_line' id='line_1_82' title="bbox 2308 2243 3879 2319; baseline -0.009 -15"><span class='ocrx_word' id='word_1_679' title='bbox 2308 2266 2469 2315; x_wconf 90' lang='lat' dir='ltr'><strong>mam,</strong></span> <span class='ocrx_word' id='word_1_680' title='bbox 2495 2250 2640 2319; x_wconf 89' lang='lat' dir='ltr'><strong>quasi</strong></span> <span class='ocrx_word' id='word_1_681' title='bbox 2663 2248 2852 2303; x_wconf 82' lang='lat' dir='ltr'><strong>dixerit</strong></span> <span class='ocrx_word' id='word_1_682' title='bbox 2871 2247 3007 2316; x_wconf 89' lang='lat' dir='ltr'><strong>quis,</strong></span> <span class='ocrx_word' id='word_1_683' title='bbox 3031 2244 3175 2300; x_wconf 88' lang='lat' dir='ltr'><strong>carni</strong></span> <span class='ocrx_word' id='word_1_684' title='bbox 3197 2243 3592 2313; x_wconf 85' lang='lat' dir='ltr'><strong>agglutinatam,</strong></span> <span class='ocrx_word' id='word_1_685' title='bbox 3617 2249 3879 2293; x_wconf 87' lang='lat' dir='ltr'><strong>terrenam</strong></span> 
     </span>
    </p>
   </div>
   <div class='ocr_carea' id='block_1_83' title="bbox 2308 2329 3879 2404">
    <p class='ocr_par' dir='ltr' id='par_1_83' title="bbox 2308 2329 3879 2404">
     <span class='ocr_line' id='line_1_83' title="bbox 2308 2329 3879 2404; baseline -0.01 -9"><span class='ocrx_word' id='word_1_686' title='bbox 2308 2350 2360 2395; x_wconf 88' lang='lat' dir='ltr'><strong>et</strong></span> <span class='ocrx_word' id='word_1_687' title='bbox 2391 2351 2651 2394; x_wconf 90' lang='lat' dir='ltr'><strong>mortuam</strong></span> <span class='ocrx_word' id='word_1_688' title='bbox 2685 2380 2698 2403; x_wconf 98' lang='lat'><strong>,</strong></span> <span class='ocrx_word' id='word_1_689' title='bbox 2722 2348 2776 2392; x_wconf 90' lang='lat' dir='ltr'><strong>et</strong></span> <span class='ocrx_word' id='word_1_690' title='bbox 2802 2337 2928 2391; x_wconf 91' lang='lat' dir='ltr'><strong>nihil</strong></span> <span class='ocrx_word' id='word_1_691' title='bbox 2960 2335 3167 2404; x_wconf 83' lang='lat' dir='ltr'><strong>operari</strong></span> <span class='ocrx_word' id='word_1_692' title='bbox 3191 2334 3453 2387; x_wconf 90' lang='lat' dir='ltr'><strong>valentem</strong></span> <span class='ocrx_word' id='word_1_693' title='bbox 3488 2371 3501 2393; x_wconf 93' lang='lat'><strong>,</strong></span> <span class='ocrx_word' id='word_1_694' title='bbox 3535 2329 3760 2384; x_wconf 82' lang='lat' dir='ltr'><strong>evadere</strong></span> <span class='ocrx_word' id='word_1_695' title='bbox 3789 2342 3879 2381; x_wconf 89' lang='lat' dir='ltr'><strong>cu-</strong></span> 
     </span>
    </p>
   </div>
   <div class='ocr_carea' id='block_1_84' title="bbox 2310 2420 3881 2490">
    <p class='ocr_par' dir='ltr' id='par_1_84' title="bbox 2310 2420 3881 2490">
     <span class='ocr_line' id='line_1_84' title="bbox 2310 2420 3881 2490; baseline -0.01 -4"><span class='ocrx_word' id='word_1_696' title='bbox 2310 2432 2524 2486; x_wconf 86' lang='lat' dir='ltr'><strong>remus?</strong></span> <span class='ocrx_word' id='word_1_697' title='bbox 2550 2431 2804 2490; x_wconf 89' lang='lat' dir='ltr'><strong>Obsecro,</strong></span> <span class='ocrx_word' id='word_1_698' title='bbox 2843 2442 2911 2482; x_wconf 90' lang='lat' dir='ltr'><strong>ne</strong></span> <span class='ocrx_word' id='word_1_699' title='bbox 2951 2427 3028 2480; x_wconf 89' lang='lat' dir='ltr'><strong>sic</strong></span> <span class='ocrx_word' id='word_1_700' title='bbox 3074 2427 3163 2478; x_wconf 88' lang='lat' dir='ltr'><strong>tiat</strong></span> <span class='ocrx_word' id='word_1_701' title='bbox 3193 2464 3208 2488; x_wconf 92' lang='lat'><strong>,</strong></span> <span class='ocrx_word' id='word_1_702' title='bbox 3253 2437 3322 2478; x_wconf 88' lang='lat' dir='ltr'><strong>ne</strong></span> <span class='ocrx_word' id='word_1_703' title='bbox 3363 2423 3438 2476; x_wconf 89' lang='lat' dir='ltr'><strong>sic</strong></span> <span class='ocrx_word' id='word_1_704' title='bbox 3477 2421 3662 2490; x_wconf 89' lang='lat' dir='ltr'><strong>ingrati</strong></span> <span class='ocrx_word' id='word_1_705' title='bbox 3714 2420 3881 2472; x_wconf 88' lang='lat' dir='ltr'><strong>simus</strong></span> 
     </span>
    </p>
   </div>
   <div class='ocr_carea' id='block_1_85' title="bbox 2309 2514 3882 2592">
    <p class='ocr_par' dir='ltr' id='par_1_85' title="bbox 2309 2514 3882 2592">
     <span class='ocr_line' id='line_1_85' title="bbox 2309 2514 3882 2592; baseline -0.008 -14"><span class='ocrx_word' id='word_1_706' title='bbox 2309 2539 2430 2592; x_wconf 85' lang='lat' dir='ltr'><strong>erga</strong></span> <span class='ocrx_word' id='word_1_707' title='bbox 2464 2532 2664 2577; x_wconf 90' lang='lat' dir='ltr'><strong>tantum</strong></span> <span class='ocrx_word' id='word_1_708' title='bbox 2717 2521 3106 2574; x_wconf 86' lang='lat' dir='ltr'><strong>bcnefactorem</strong></span> <span class='ocrx_word' id='word_1_709' title='bbox 3150 2527 3388 2570; x_wconf 85' lang='lat' dir='ltr'><strong>nostrum</strong></span> <span class='ocrx_word' id='word_1_710' title='bbox 3421 2533 3432 2568; x_wconf 96' lang='lat'>:</span> <span class='ocrx_word' id='word_1_711' title='bbox 3459 2514 3550 2569; x_wconf 91' lang='lat' dir='ltr'><strong>scd</strong></span> <span class='ocrx_word' id='word_1_712' title='bbox 3579 2515 3715 2568; x_wconf 89' lang='lat' dir='ltr'><strong>illius</strong></span> <span class='ocrx_word' id='word_1_713' title='bbox 3745 2529 3882 2582; x_wconf 63' lang='lat' dir='ltr'><strong>prte-</strong></span> 
     </span>
    </p>
   </div>
   <div class='ocr_carea' id='block_1_86' title="bbox 2309 2604 3878 2681">
    <p class='ocr_par' dir='ltr' id='par_1_86' title="bbox 2309 2604 3878 2681">
     <span class='ocr_line' id='line_1_86' title="bbox 2309 2604 3878 2681; baseline -0.008 -15"><span class='ocrx_word' id='word_1_714' title='bbox 2309 2614 2474 2681; x_wconf 85' lang='lat' dir='ltr'><strong>ceptis</strong></span> <span class='ocrx_word' id='word_1_715' title='bbox 2501 2611 2810 2665; x_wconf 85' lang='lat' dir='ltr'><strong>obedientes</strong></span> <span class='ocrx_word' id='word_1_716' title='bbox 2834 2651 2849 2673; x_wconf 90' lang='lat'><strong>,</strong></span> <span class='ocrx_word' id='word_1_717' title='bbox 2882 2624 2998 2678; x_wconf 76' lang='lat' dir='ltr'><strong>qua:</strong></span> <span class='ocrx_word' id='word_1_718' title='bbox 3035 2607 3130 2676; x_wconf 92' lang='lat' dir='ltr'><strong>ipsi</strong></span> <span class='ocrx_word' id='word_1_719' title='bbox 3164 2615 3308 2675; x_wconf 87' lang='lat' dir='ltr'><strong>grata</strong></span> <span class='ocrx_word' id='word_1_720' title='bbox 3332 2613 3450 2658; x_wconf 88' lang='lat' dir='ltr'><strong>sunt</strong></span> <span class='ocrx_word' id='word_1_721' title='bbox 3479 2613 3528 2658; x_wconf 90' lang='lat' dir='ltr'><strong>et</strong></span> <span class='ocrx_word' id='word_1_722' title='bbox 3558 2604 3878 2672; x_wconf 87' lang='lat' dir='ltr'><strong>probantur,</strong></span> 
     </span>
    </p>
   </div>
   <div class='ocr_carea' id='block_1_87' title="bbox 2309 2691 3879 2772">
    <p class='ocr_par' dir='ltr' id='par_1_87' title="bbox 2309 2691 3879 2772">
     <span class='ocr_line' id='line_1_87' title="bbox 2309 2691 3879 2772; baseline -0.008 -14"><span class='ocrx_word' id='word_1_723' title='bbox 2309 2717 2592 2772; x_wconf 89' lang='lat' dir='ltr'><strong>operemur</strong></span> <span class='ocrx_word' id='word_1_724' title='bbox 2629 2717 2640 2752; x_wconf 76' lang='grc' dir='ltr'><strong>ε</strong></span> <span class='ocrx_word' id='word_1_725' title='bbox 2675 2710 2732 2754; x_wconf 82' lang='grc' dir='ltr'><strong>ιιι</strong></span> <span class='ocrx_word' id='word_1_726' title='bbox 2771 2709 2822 2753; x_wconf 90' lang='lat' dir='ltr'><strong>et</strong></span> <span class='ocrx_word' id='word_1_727' title='bbox 2855 2714 2950 2754; x_wconf 91' lang='lat' dir='ltr'><strong>nos</strong></span> <span class='ocrx_word' id='word_1_728' title='bbox 2977 2696 3190 2751; x_wconf 74' lang='lat' dir='ltr'><strong>mternis</strong></span> <span class='ocrx_word' id='word_1_729' title='bbox 3228 2695 3379 2749; x_wconf 89' lang='lat' dir='ltr'><strong>bonis</strong></span> <span class='ocrx_word' id='word_1_730' title='bbox 3415 2694 3602 2762; x_wconf 85' lang='lat' dir='ltr'><strong>dignos</strong></span> <span class='ocrx_word' id='word_1_731' title='bbox 3652 2691 3879 2745; x_wconf 81' lang='lat' dir='ltr'><strong>efﬁciat:</strong></span> 
     </span>
    </p>
   </div>
   <div class='ocr_carea' id='block_1_88' title="bbox 2310 2780 3882 2861">
    <p class='ocr_par' dir='ltr' id='par_1_88' title="bbox 2310 2780 3882 2861">
     <span class='ocr_line' id='line_1_88' title="bbox 2310 2780 3882 2861; baseline -0.008 -16"><span class='ocrx_word' id='word_1_732' title='bbox 2310 2806 2426 2861; x_wconf 69' lang='lat' dir='ltr'><strong>quae</strong></span> <span class='ocrx_word' id='word_1_733' title='bbox 2459 2807 2554 2845; x_wconf 88' lang='lat' dir='ltr'><strong>nos</strong></span> <span class='ocrx_word' id='word_1_734' title='bbox 2579 2804 2766 2845; x_wconf 89' lang='lat' dir='ltr'><strong>omnes</strong></span> <span class='ocrx_word' id='word_1_735' title='bbox 2795 2788 3006 2856; x_wconf 90' lang='lat' dir='ltr'><strong>assequi</strong></span> <span class='ocrx_word' id='word_1_736' title='bbox 3034 2786 3302 2853; x_wconf 88' lang='lat' dir='ltr'><strong>contingat</strong></span> <span class='ocrx_word' id='word_1_737' title='bbox 3325 2825 3339 2847; x_wconf 95' lang='lat'><strong>,</strong></span> <span class='ocrx_word' id='word_1_738' title='bbox 3367 2784 3532 2852; x_wconf 85' lang='lat' dir='ltr'><strong>gratia</strong></span> <span class='ocrx_word' id='word_1_739' title='bbox 3562 2791 3615 2836; x_wconf 89' lang='lat' dir='ltr'><strong>et</strong></span> <span class='ocrx_word' id='word_1_740' title='bbox 3638 2780 3882 2849; x_wconf 84' lang='lat' dir='ltr'><strong>benigni-</strong></span> 
     </span>
    </p>
   </div>
   <div class='ocr_carea' id='block_1_89' title="bbox 2313 2869 3881 2935">
    <p class='ocr_par' dir='ltr' id='par_1_89' title="bbox 2313 2869 3881 2935">
     <span class='ocr_line' id='line_1_89' title="bbox 2313 2869 3881 2935; baseline -0.008 -2"><span class='ocrx_word' id='word_1_741' title='bbox 2313 2889 2417 2933; x_wconf 89' lang='lat' dir='ltr'><strong>tate</strong></span> <span class='ocrx_word' id='word_1_742' title='bbox 2460 2879 2667 2933; x_wconf 92' lang='lat' dir='ltr'><strong>Domini</strong></span> <span class='ocrx_word' id='word_1_743' title='bbox 2697 2876 2863 2931; x_wconf 92' lang='lat' dir='ltr'><strong>nostri</strong></span> <span class='ocrx_word' id='word_1_744' title='bbox 2905 2875 3028 2929; x_wconf 83' lang='lat' dir='ltr'><strong>Jesu</strong></span> <span class='ocrx_word' id='word_1_745' title='bbox 3073 2871 3267 2927; x_wconf 89' lang='lat' dir='ltr'><strong>Christi</strong></span> <span class='ocrx_word' id='word_1_746' title='bbox 3292 2912 3306 2935; x_wconf 96' lang='lat'><strong>,</strong></span> <span class='ocrx_word' id='word_1_747' title='bbox 3339 2872 3422 2924; x_wconf 92' lang='lat' dir='ltr'><strong>cui</strong></span> <span class='ocrx_word' id='word_1_748' title='bbox 3465 2885 3584 2924; x_wconf 89' lang='lat' dir='ltr'><strong>cum</strong></span> <span class='ocrx_word' id='word_1_749' title='bbox 3633 2869 3786 2923; x_wconf 80' lang='lat' dir='ltr'><strong>Patre</strong></span> <span class='ocrx_word' id='word_1_750' title='bbox 3829 2877 3881 2921; x_wconf 89' lang='lat' dir='ltr'><strong>et</strong></span> 
     </span>
    </p>
   </div>
   <div class='ocr_carea' id='block_1_90' title="bbox 2309 2962 3881 3038">
    <p class='ocr_par' dir='ltr' id='par_1_90' title="bbox 2309 2962 3881 3038">
     <span class='ocr_line' id='line_1_90' title="bbox 2309 2962 3881 3038; baseline -0.008 -15"><span class='ocrx_word' id='word_1_751' title='bbox 2309 2970 2506 3038; x_wconf 90' lang='lat' dir='ltr'><strong>Spiritu</strong></span> <span class='ocrx_word' id='word_1_752' title='bbox 2531 2978 2712 3022; x_wconf 90' lang='lat' dir='ltr'><strong>sancto</strong></span> <span class='ocrx_word' id='word_1_753' title='bbox 2737 2968 2804 3020; x_wconf 92' lang='lat' dir='ltr'><strong>sit</strong></span> <span class='ocrx_word' id='word_1_754' title='bbox 2833 2966 2996 3034; x_wconf 87' lang='lat' dir='ltr'><strong>gloria</strong></span> <span class='ocrx_word' id='word_1_755' title='bbox 3017 3004 3029 3027; x_wconf 93' lang='lat'><strong>,</strong></span> <span class='ocrx_word' id='word_1_756' title='bbox 3062 2964 3230 3016; x_wconf 88' lang='lat' dir='ltr'><strong>honor</strong></span> <span class='ocrx_word' id='word_1_757' title='bbox 3255 3003 3268 3023; x_wconf 94' lang='lat'><strong>,</strong></span> <span class='ocrx_word' id='word_1_758' title='bbox 3300 2962 3577 3028; x_wconf 89' lang='lat' dir='ltr'><strong>imperium</strong></span> <span class='ocrx_word' id='word_1_759' title='bbox 3607 3001 3622 3025; x_wconf 93' lang='lat'><strong>,</strong></span> <span class='ocrx_word' id='word_1_760' title='bbox 3659 2973 3794 3012; x_wconf 89' lang='lat' dir='ltr'><strong>nunc</strong></span> <span class='ocrx_word' id='word_1_761' title='bbox 3825 2970 3881 3012; x_wconf 89' lang='lat' dir='ltr'><strong>et</strong></span> 
     </span>
    </p>
   </div>
   <div class='ocr_carea' id='block_1_91' title="bbox 2311 3051 3503 3129">
    <p class='ocr_par' dir='ltr' id='par_1_91' title="bbox 2311 3051 3503 3129">
     <span class='ocr_line' id='line_1_91' title="bbox 2311 3051 3503 3129; baseline -0.011 -15"><span class='ocrx_word' id='word_1_762' title='bbox 2311 3075 2539 3129; x_wconf 86' lang='lat' dir='ltr'><strong>semper,</strong></span> <span class='ocrx_word' id='word_1_763' title='bbox 2570 3067 2622 3113; x_wconf 90' lang='lat' dir='ltr'><strong>et</strong></span> <span class='ocrx_word' id='word_1_764' title='bbox 2649 3057 2700 3111; x_wconf 87' lang='lat' dir='ltr'><strong>itt</strong></span> <span class='ocrx_word' id='word_1_765' title='bbox 2730 3055 2919 3110; x_wconf 67' lang='lat' dir='ltr'><strong>smcula</strong></span> <span class='ocrx_word' id='word_1_766' title='bbox 2942 3053 3278 3108; x_wconf 70' lang='lat' dir='ltr'><strong>stneulorum.</strong></span> <span class='ocrx_word' id='word_1_767' title='bbox 3312 3051 3503 3103; x_wconf 82' lang='lat' dir='ltr'><strong>Amen.</strong></span> 
     </span>
    </p>
   </div>
   <div class='ocr_carea' id='block_1_92' title="bbox 2841 3185 3349 3244">
    <p class='ocr_par' dir='ltr' id='par_1_92' title="bbox 2841 3185 3349 3244">
     <span class='ocr_line' id='line_1_92' title="bbox 2841 3185 3349 3244; baseline -0.01 -1"><span class='ocrx_word' id='word_1_768' title='bbox 2841 3187 3117 3244; x_wconf 74' lang='lat' dir='ltr'><strong>IIOMILIA</strong></span> <span class='ocrx_word' id='word_1_769' title='bbox 3166 3185 3349 3240; x_wconf 76' lang='lat' dir='ltr'><strong>XVIII.</strong></span> 
     </span>
    </p>
   </div>
   <div class='ocr_carea' id='block_1_93' title="bbox 2315 3292 3882 3360">
    <p class='ocr_par' dir='ltr' id='par_1_93' title="bbox 2315 3292 3882 3360">
     <span class='ocr_line' id='line_1_93' title="bbox 2315 3292 3882 3360; baseline -0.008 -6"><span class='ocrx_word' id='word_1_770' title='bbox 2315 3301 2379 3354; x_wconf 80' lang='lat' dir='ltr'><strong>Et</strong></span> <span class='ocrx_word' id='word_1_771' title='bbox 2408 3302 2594 3355; x_wconf 79' lang='lat' dir='ltr'><strong>vocarit</strong></span> <span class='ocrx_word' id='word_1_772' title='bbox 2621 3300 2781 3352; x_wconf 81' lang='lat' dir='ltr'><strong>Adam</strong></span> <span class='ocrx_word' id='word_1_773' title='bbox 2811 3314 2989 3351; x_wconf 82' lang='lat' dir='ltr'><strong>nomen</strong></span> <span class='ocrx_word' id='word_1_774' title='bbox 3031 3297 3202 3350; x_wconf 70' lang='lat' dir='ltr'><strong>uxoris</strong></span> <span class='ocrx_word' id='word_1_775' title='bbox 3239 3310 3344 3349; x_wconf 69' lang='lat' dir='ltr'><strong>suae</strong></span> <span class='ocrx_word' id='word_1_776' title='bbox 3393 3293 3558 3347; x_wconf 73' lang='lat' dir='ltr'><strong>Vitam</strong></span> <span class='ocrx_word' id='word_1_777' title='bbox 3583 3333 3598 3358; x_wconf 87' lang='lat'><strong>,</strong></span> <span class='ocrx_word' id='word_1_778' title='bbox 3628 3293 3746 3360; x_wconf 79' lang='lat' dir='ltr'><strong>quia</strong></span> <span class='ocrx_word' id='word_1_779' title='bbox 3770 3292 3882 3360; x_wconf 74' lang='lat' dir='ltr'><strong>ipsa</strong></span> 
     </span>
    </p>
   </div>
   <div class='ocr_carea' id='block_1_94' title="bbox 2381 3379 3882 3450">
    <p class='ocr_par' dir='ltr' id='par_1_94' title="bbox 2381 3379 3882 3450">
     <span class='ocr_line' id='line_1_94' title="bbox 2381 3379 3882 3450; baseline -0.008 -7"><span class='ocrx_word' id='word_1_780' title='bbox 2381 3401 2452 3443; x_wconf 73' lang='lat' dir='ltr'><strong>est</strong></span> <span class='ocrx_word' id='word_1_781' title='bbox 2483 3398 2638 3443; x_wconf 87' lang='lat' dir='ltr'><strong>mater</strong></span> <span class='ocrx_word' id='word_1_782' title='bbox 2668 3388 2888 3441; x_wconf 81' lang='lat' dir='ltr'><strong>omnium</strong></span> <span class='ocrx_word' id='word_1_783' title='bbox 2927 3386 3210 3438; x_wconf 79' lang='lat' dir='ltr'><strong>virentium.</strong></span> <span class='ocrx_word' id='word_1_784' title='bbox 3244 3385 3307 3435; x_wconf 71' lang='lat' dir='ltr'><strong>Et</strong></span> <span class='ocrx_word' id='word_1_785' title='bbox 3333 3384 3450 3450; x_wconf 76' lang='lat' dir='ltr'><strong>fecit</strong></span> <span class='ocrx_word' id='word_1_786' title='bbox 3477 3381 3721 3434; x_wconf 72' lang='lat' dir='ltr'><strong>Dominus</strong></span> <span class='ocrx_word' id='word_1_787' title='bbox 3747 3379 3882 3432; x_wconf 69' lang='lat' dir='ltr'><strong>Deus</strong></span> 
     </span>
    </p>
   </div>
   <div class='ocr_carea' id='block_1_95' title="bbox 2382 3469 3881 3548">
    <p class='ocr_par' dir='ltr' id='par_1_95' title="bbox 2382 3469 3881 3548">
     <span class='ocr_line' id='line_1_95' title="bbox 2382 3469 3881 3548; baseline -0.009 -14"><span class='ocrx_word' id='word_1_788' title='bbox 2382 3482 2504 3535; x_wconf 67' lang='lat' dir='ltr'><strong>Adae</strong></span> <span class='ocrx_word' id='word_1_789' title='bbox 2529 3489 2573 3532; x_wconf 86' lang='lat' dir='ltr'><strong>et</strong></span> <span class='ocrx_word' id='word_1_790' title='bbox 2604 3479 2748 3532; x_wconf 75' lang='lat' dir='ltr'><strong>uxori</strong></span> <span class='ocrx_word' id='word_1_791' title='bbox 2774 3477 3089 3548; x_wconf 75' lang='lat' dir='ltr'><strong>ejustunicas</strong></span> <span class='ocrx_word' id='word_1_792' title='bbox 3114 3476 3364 3544; x_wconf 72' lang='lat' dir='ltr'><strong>pellicem,</strong></span> <span class='ocrx_word' id='word_1_793' title='bbox 3397 3484 3442 3525; x_wconf 88' lang='lat' dir='ltr'><strong>et</strong></span> <span class='ocrx_word' id='word_1_794' title='bbox 3475 3473 3635 3524; x_wconf 83' lang='lat' dir='ltr'><strong>induit</strong></span> <span class='ocrx_word' id='word_1_795' title='bbox 3660 3472 3794 3523; x_wconf 79' lang='lat' dir='ltr'><strong>illos.</strong></span> <span class='ocrx_word' id='word_1_796' title='bbox 3817 3469 3881 3521; x_wconf 83' lang='lat' dir='ltr'><strong>Et</strong></span> 
     </span>
    </p>
   </div>
   <div class='ocr_carea' id='block_1_96' title="bbox 2381 3562 3880 3637">
    <p class='ocr_par' dir='ltr' id='par_1_96' title="bbox 2381 3562 3880 3637">
     <span class='ocr_line' id='line_1_96' title="bbox 2381 3562 3880 3637; baseline -0.008 -11"><span class='ocrx_word' id='word_1_797' title='bbox 2381 3577 2451 3626; x_wconf 86' lang='lat' dir='ltr'><strong>ait</strong></span> <span class='ocrx_word' id='word_1_798' title='bbox 2479 3571 2650 3626; x_wconf 76' lang='lat' dir='ltr'><strong>Deus:</strong></span> <span class='ocrx_word' id='word_1_799' title='bbox 2681 3570 2811 3623; x_wconf 83' lang='lat' dir='ltr'><strong>Ecce</strong></span> <span class='ocrx_word' id='word_1_800' title='bbox 2836 3569 2997 3622; x_wconf 78' lang='lat' dir='ltr'><strong>Adam</strong></span> <span class='ocrx_word' id='word_1_801' title='bbox 3026 3571 3190 3637; x_wconf 76' lang='lat' dir='ltr'><strong>{actus</strong></span> <span class='ocrx_word' id='word_1_802' title='bbox 3231 3576 3300 3620; x_wconf 74' lang='lat' dir='ltr'><strong>est</strong></span> <span class='ocrx_word' id='word_1_803' title='bbox 3335 3567 3464 3619; x_wconf 77' lang='lat' dir='ltr'><strong>sicut</strong></span> <span class='ocrx_word' id='word_1_804' title='bbox 3488 3581 3613 3617; x_wconf 76' lang='lat' dir='ltr'><strong>unus</strong></span> <span class='ocrx_word' id='word_1_805' title='bbox 3643 3580 3703 3616; x_wconf 73' lang='lat' dir='ltr'><strong>ea:</strong></span> <span class='ocrx_word' id='word_1_806' title='bbox 3741 3562 3880 3614; x_wconf 67' lang='lat' dir='ltr'><strong>nobis</strong></span> 
     </span>
    </p>
   </div>
   <div class='ocr_carea' id='block_1_97' title="bbox 2385 3659 2858 3732">
    <p class='ocr_par' dir='ltr' id='par_1_97' title="bbox 2385 3659 2858 3732">
     <span class='ocr_line' id='line_1_97' title="bbox 2385 3659 2858 3732; baseline -0.006 -18"><span class='ocrx_word' id='word_1_807' title='bbox 2385 3663 2538 3732; x_wconf 82' lang='lat' dir='ltr'><strong>(Gen.</strong></span> <span class='ocrx_word' id='word_1_808' title='bbox 2572 3662 2625 3714; x_wconf 81' lang='grc'><strong>5.</strong></span> <span class='ocrx_word' id='word_1_809' title='bbox 2650 3660 2719 3714; x_wconf 70' lang='grc'><strong>20</strong></span> <span class='ocrx_word' id='word_1_810' title='bbox 2747 3659 2858 3727; x_wconf 71' lang='grc'><strong>22).</strong></span> 
     </span>
    </p>
   </div>
   <div class='ocr_carea' id='block_1_98' title="bbox 2384 3784 3880 3860">
    <p class='ocr_par' dir='ltr' id='par_1_98' title="bbox 2384 3784 3880 3860">
     <span class='ocr_line' id='line_1_98' title="bbox 2384 3784 3880 3860; baseline -0.009 -12"><span class='ocrx_word' id='word_1_811' title='bbox 2384 3796 2433 3848; x_wconf 74' lang='grc'><strong>1.</strong></span> <span class='ocrx_word' id='word_1_812' title='bbox 2468 3793 2541 3845; x_wconf 84' lang='lat' dir='ltr'><strong>De</strong></span> <span class='ocrx_word' id='word_1_813' title='bbox 2570 3800 2768 3860; x_wconf 84' lang='lat' dir='ltr'><strong>peccato</strong></span> <span class='ocrx_word' id='word_1_814' title='bbox 2811 3790 2989 3842; x_wconf 82' lang='lat' dir='ltr'><strong>Adami</strong></span> <span class='ocrx_word' id='word_1_815' title='bbox 3029 3788 3256 3856; x_wconf 76' lang='lat' dir='ltr'><strong>superius</strong></span> <span class='ocrx_word' id='word_1_816' title='bbox 3281 3787 3414 3839; x_wconf 84' lang='lat' dir='ltr'><strong>dicta</strong></span> <span class='ocrx_word' id='word_1_817' title='bbox 3443 3784 3724 3840; x_wconf 74' lang='lat' dir='ltr'><strong>summatim</strong></span> <span class='ocrx_word' id='word_1_818' title='bbox 3755 3784 3880 3836; x_wconf 76' lang='lat' dir='ltr'><strong>rele-</strong></span> 
     </span>
    </p>
   </div>
   <div class='ocr_carea' id='block_1_99' title="bbox 2314 3876 3878 3955">
    <p class='ocr_par' dir='ltr' id='par_1_99' title="bbox 2314 3876 3878 3955">
     <span class='ocr_line' id='line_1_99' title="bbox 2314 3876 3878 3955; baseline -0.009 -18"><span class='ocrx_word' id='word_1_819' title='bbox 2314 3889 2402 3955; x_wconf 87' lang='lat' dir='ltr'><strong>git.</strong></span> <span class='ocrx_word' id='word_1_820' title='bbox 2432 3883 2644 3936; x_wconf 77' lang='grc' dir='ltr'><strong>(ἱναυὶον</strong></span> <span class='ocrx_word' id='word_1_821' title='bbox 2674 3897 2818 3950; x_wconf 73' lang='lat' dir='ltr'><strong>paena</strong></span> <span class='ocrx_word' id='word_1_822' title='bbox 2857 3891 3022 3932; x_wconf 81' lang='lat' dir='ltr'><strong>manet</strong></span> <span class='ocrx_word' id='word_1_823' title='bbox 3049 3896 3134 3932; x_wconf 74' lang='lat' dir='ltr'><strong>eos</strong></span> <span class='ocrx_word' id='word_1_824' title='bbox 3169 3920 3181 3941; x_wconf 92' lang='lat'><strong>,</strong></span> <span class='ocrx_word' id='word_1_825' title='bbox 3215 3878 3300 3944; x_wconf 79' lang='lat' dir='ltr'><strong>qui</strong></span> <span class='ocrx_word' id='word_1_826' title='bbox 3325 3886 3435 3946; x_wconf 76' lang='lat' dir='ltr'><strong>post</strong></span> <span class='ocrx_word' id='word_1_827' title='bbox 3462 3876 3617 3944; x_wconf 82' lang='lat' dir='ltr'><strong>legem</strong></span> <span class='ocrx_word' id='word_1_828' title='bbox 3654 3884 3878 3941; x_wconf 78' lang='lat' dir='ltr'><strong>peccant.</strong></span> 
     </span>
    </p>
   </div>
   <div class='ocr_carea' id='block_1_100' title="bbox 2312 3965 3877 4037">
    <p class='ocr_par' dir='ltr' id='par_1_100' title="bbox 2312 3965 3877 4037">
     <span class='ocr_line' id='line_1_100' title="bbox 2312 3965 3877 4037; baseline -0.01 -8"><span class='ocrx_word' id='word_1_829' title='bbox 2312 3974 2601 4029; x_wconf 88' lang='lat' dir='ltr'><strong>—Vidistis</strong></span> <span class='ocrx_word' id='word_1_830' title='bbox 2627 3973 2739 4026; x_wconf 90' lang='lat' dir='ltr'><strong>heri</strong></span> <span class='ocrx_word' id='word_1_831' title='bbox 2765 3970 2962 4026; x_wconf 79' lang='lat' dir='ltr'><strong>Iudicis</strong></span> <span class='ocrx_word' id='word_1_832' title='bbox 2985 3967 3400 4037; x_wconf 78' lang='lat' dir='ltr'><strong>benignitatem?</strong></span> <span class='ocrx_word' id='word_1_833' title='bbox 3422 3965 3624 4018; x_wconf 83' lang='lat' dir='ltr'><strong>vidistis</strong></span> <span class='ocrx_word' id='word_1_834' title='bbox 3653 3978 3877 4016; x_wconf 79' lang='lat' dir='ltr'><strong>examen</strong></span> 
     </span>
    </p>
   </div>
   <div class='ocr_carea' id='block_1_101' title="bbox 2314 4052 3882 4127">
    <p class='ocr_par' dir='ltr' id='par_1_101' title="bbox 2314 4052 3882 4127">
     <span class='ocr_line' id='line_1_101' title="bbox 2314 4052 3882 4127; baseline -0.008 -8"><span class='ocrx_word' id='word_1_835' title='bbox 2314 4064 2545 4119; x_wconf 82' lang='lat' dir='ltr'><strong>benitate</strong></span> <span class='ocrx_word' id='word_1_836' title='bbox 2563 4060 2849 4115; x_wconf 85' lang='lat' dir='ltr'><strong>refertum?</strong></span> <span class='ocrx_word' id='word_1_837' title='bbox 2868 4057 3069 4113; x_wconf 84' lang='lat' dir='ltr'><strong>vidistis</strong></span> <span class='ocrx_word' id='word_1_838' title='bbox 3085 4056 3460 4127; x_wconf 82' lang='lat' dir='ltr'><strong>suppliciorum</strong></span> <span class='ocrx_word' id='word_1_839' title='bbox 3485 4052 3882 4107; x_wconf 84' lang='lat' dir='ltr'><strong>diversitatem?</strong></span> 
     </span>
    </p>
   </div>
   <div class='ocr_carea' id='block_1_102' title="bbox 2314 4147 3876 4225">
    <p class='ocr_par' dir='ltr' id='par_1_102' title="bbox 2314 4147 3876 4225">
     <span class='ocr_line' id='line_1_102' title="bbox 2314 4147 3876 4225; baseline -0.008 -19"><span class='ocrx_word' id='word_1_840' title='bbox 2314 4153 2581 4225; x_wconf 90' lang='lat' dir='ltr'><strong>quomodo</strong></span> <span class='ocrx_word' id='word_1_841' title='bbox 2608 4150 2820 4221; x_wconf 90' lang='lat' dir='ltr'><strong>punitus</strong></span> <span class='ocrx_word' id='word_1_842' title='bbox 2847 4150 2912 4202; x_wconf 88' lang='lat' dir='ltr'><strong>sit</strong></span> <span class='ocrx_word' id='word_1_843' title='bbox 2941 4149 3154 4202; x_wconf 84' lang='lat' dir='ltr'><strong>dolosus</strong></span> <span class='ocrx_word' id='word_1_844' title='bbox 3183 4148 3269 4200; x_wconf 91' lang='lat' dir='ltr'><strong>ille</strong></span> <span class='ocrx_word' id='word_1_845' title='bbox 3296 4147 3660 4215; x_wconf 82' lang='lat' dir='ltr'><strong>supplantator</strong></span> <span class='ocrx_word' id='word_1_846' title='bbox 3693 4184 3708 4207; x_wconf 90' lang='lat'><strong>,</strong></span> <span class='ocrx_word' id='word_1_847' title='bbox 3741 4157 3876 4211; x_wconf 84' lang='lat' dir='ltr'><strong>quo-</strong></span> 
     </span>
    </p>
   </div>
   <div class='ocr_carea' id='block_1_103' title="bbox 2321 4237 3876 4310">
    <p class='ocr_par' dir='ltr' id='par_1_103' title="bbox 2321 4237 3876 4310">
     <span class='ocr_line' id='line_1_103' title="bbox 2321 4237 3876 4310; baseline -0.009 -10"><span class='ocrx_word' id='word_1_848' title='bbox 2321 4246 2478 4300; x_wconf 88' lang='lat' dir='ltr'><strong>tnodo</strong></span> <span class='ocrx_word' id='word_1_849' title='bbox 2504 4246 2660 4298; x_wconf 90' lang='lat' dir='ltr'><strong>etiam</strong></span> <span class='ocrx_word' id='word_1_850' title='bbox 2683 4241 2913 4310; x_wconf 88' lang='lat' dir='ltr'><strong>deceptis</strong></span> <span class='ocrx_word' id='word_1_851' title='bbox 2939 4253 3092 4308; x_wconf 78' lang='lat' dir='ltr'><strong>poma</strong></span> <span class='ocrx_word' id='word_1_852' title='bbox 3123 4238 3190 4290; x_wconf 89' lang='lat' dir='ltr'><strong>sit</strong></span> <span class='ocrx_word' id='word_1_853' title='bbox 3219 4237 3435 4299; x_wconf 76' lang='lat' dir='ltr'><strong>inﬂicta,</strong></span> <span class='ocrx_word' id='word_1_854' title='bbox 3469 4250 3588 4304; x_wconf 67' lang='lat' dir='ltr'><strong>qua:</strong></span> <span class='ocrx_word' id='word_1_855' title='bbox 3634 4248 3876 4302; x_wconf 87' lang='lat' dir='ltr'><strong>magnam</strong></span> 
     </span>
    </p>
   </div>
   <div class='ocr_carea' id='block_1_104' title="bbox 2315 4324 3882 4406">
    <p class='ocr_par' dir='ltr' id='par_1_104' title="bbox 2315 4324 3882 4406">
     <span class='ocr_line' id='line_1_104' title="bbox 2315 4324 3882 4406; baseline -0.009 -14"><span class='ocrx_word' id='word_1_856' title='bbox 2315 4339 2406 4392; x_wconf 88' lang='lat' dir='ltr'><strong>Dei</strong></span> <span class='ocrx_word' id='word_1_857' title='bbox 2451 4353 2558 4406; x_wconf 70' lang='lat' dir='ltr'><strong>prce</strong></span> <span class='ocrx_word' id='word_1_858' title='bbox 2602 4351 2661 4390; x_wconf 90' lang='lat' dir='ltr'><strong>sc</strong></span> <span class='ocrx_word' id='word_1_859' title='bbox 2704 4334 2866 4388; x_wconf 86' lang='lat' dir='ltr'><strong>ferret</strong></span> <span class='ocrx_word' id='word_1_860' title='bbox 2911 4329 3322 4400; x_wconf 83' lang='lat' dir='ltr'><strong>benignitatem?</strong></span> <span class='ocrx_word' id='word_1_861' title='bbox 3373 4326 3577 4380; x_wconf 85' lang='lat' dir='ltr'><strong>vidistis</strong></span> <span class='ocrx_word' id='word_1_862' title='bbox 3619 4324 3882 4394; x_wconf 86' lang='lat' dir='ltr'><strong>quomodo</strong></span> 
     </span>
    </p>
   </div>
   <div class='ocr_carea' id='block_1_105' title="bbox 2315 4415 3878 4482">
    <p class='ocr_par' dir='ltr' id='par_1_105' title="bbox 2315 4415 3878 4482">
     <span class='ocr_line' id='line_1_105' title="bbox 2315 4415 3878 4482; baseline -0.01 0"><span class='ocrx_word' id='word_1_863' title='bbox 2315 4427 2466 4482; x_wconf 91' lang='lat' dir='ltr'><strong>nobis</strong></span> <span class='ocrx_word' id='word_1_864' title='bbox 2490 4423 2890 4481; x_wconf 90' lang='lat' dir='ltr'><strong>commodorum</strong></span> <span class='ocrx_word' id='word_1_865' title='bbox 2924 4421 3130 4475; x_wconf 88' lang='lat' dir='ltr'><strong>occasio</strong></span> <span class='ocrx_word' id='word_1_866' title='bbox 3157 4418 3252 4472; x_wconf 85' lang='lat' dir='ltr'><strong>fuit</strong></span> <span class='ocrx_word' id='word_1_867' title='bbox 3277 4457 3292 4481; x_wconf 93' lang='lat'><strong>,</strong></span> <span class='ocrx_word' id='word_1_868' title='bbox 3325 4418 3575 4471; x_wconf 88' lang='lat' dir='ltr'><strong>assistere</strong></span> <span class='ocrx_word' id='word_1_869' title='bbox 3605 4415 3878 4481; x_wconf 83' lang='lat' dir='ltr'><strong>tribunali,</strong></span> 
     </span>
    </p>
   </div>
   <div class='ocr_carea' id='block_1_106' title="bbox 2314 4507 3881 4585">
    <p class='ocr_par' dir='ltr' id='par_1_106' title="bbox 2314 4507 3881 4585">
     <span class='ocr_line' id='line_1_106' title="bbox 2314 4507 3881 4585; baseline -0.01 -10"><span class='ocrx_word' id='word_1_870' title='bbox 2314 4530 2366 4575; x_wconf 93' lang='lat' dir='ltr'><strong>et</strong></span> <span class='ocrx_word' id='word_1_871' title='bbox 2391 4518 2570 4573; x_wconf 87' lang='lat' dir='ltr'><strong>videre</strong></span> <span class='ocrx_word' id='word_1_872' title='bbox 2596 4514 2860 4585; x_wconf 88' lang='lat' dir='ltr'><strong>quomodo</strong></span> <span class='ocrx_word' id='word_1_873' title='bbox 2891 4511 3205 4582; x_wconf 78' lang='lat' dir='ltr'><strong>processerit</strong></span> <span class='ocrx_word' id='word_1_874' title='bbox 3235 4509 3494 4564; x_wconf 76' lang='lat' dir='ltr'><strong>examen?</strong></span> <span class='ocrx_word' id='word_1_875' title='bbox 3523 4507 3881 4576; x_wconf 85' lang='lat' dir='ltr'><strong>Cognovimus</strong></span> 
     </span>
    </p>
   </div>
   <div class='ocr_carea' id='block_1_107' title="bbox 2313 4598 3880 4676">
    <p class='ocr_par' dir='ltr' id='par_1_107' title="bbox 2313 4598 3880 4676">
     <span class='ocr_line' id='line_1_107' title="bbox 2313 4598 3880 4676; baseline -0.009 -12"><span class='ocrx_word' id='word_1_876' title='bbox 2313 4611 2454 4665; x_wconf 86' lang='lat' dir='ltr'><strong>enim</strong></span> <span class='ocrx_word' id='word_1_877' title='bbox 2480 4649 2492 4671; x_wconf 92' lang='lat'><strong>,</strong></span> <span class='ocrx_word' id='word_1_878' title='bbox 2518 4607 2726 4676; x_wconf 86' lang='lat' dir='ltr'><strong>quantis</strong></span> <span class='ocrx_word' id='word_1_879' title='bbox 2751 4606 2955 4673; x_wconf 88' lang='lat' dir='ltr'><strong>seipsos</strong></span> <span class='ocrx_word' id='word_1_880' title='bbox 2995 4602 3146 4656; x_wconf 88' lang='lat' dir='ltr'><strong>bonis</strong></span> <span class='ocrx_word' id='word_1_881' title='bbox 3190 4598 3421 4653; x_wconf 82' lang='lat' dir='ltr'><strong>mandati</strong></span> <span class='ocrx_word' id='word_1_882' title='bbox 3464 4598 3880 4666; x_wconf 81' lang='lat' dir='ltr'><strong>transgressione</strong></span> 
     </span>
    </p>
   </div>
   <div class='ocr_carea' id='block_1_108' title="bbox 2315 4686 3876 4771">
    <p class='ocr_par' dir='ltr' id='par_1_108' title="bbox 2315 4686 3876 4771">
     <span class='ocr_line' id='line_1_108' title="bbox 2315 4686 3876 4771; baseline -0.012 -14"><span class='ocrx_word' id='word_1_883' title='bbox 2315 4703 2570 4771; x_wconf 82' lang='lat' dir='ltr'><strong>privarim</strong></span> <span class='ocrx_word' id='word_1_884' title='bbox 2596 4698 2762 4752; x_wconf 76' lang='lat' dir='ltr'><strong>Adam</strong></span> <span class='ocrx_word' id='word_1_885' title='bbox 2813 4706 2868 4750; x_wconf 91' lang='lat' dir='ltr'><strong>et</strong></span> <span class='ocrx_word' id='word_1_886' title='bbox 2899 4695 3006 4748; x_wconf 82' lang='lat' dir='ltr'><strong>Eva</strong></span> <span class='ocrx_word' id='word_1_887' title='bbox 3032 4735 3046 4758; x_wconf 91' lang='lat'><strong>,</strong></span> <span class='ocrx_word' id='word_1_888' title='bbox 3077 4691 3258 4746; x_wconf 88' lang='lat' dir='ltr'><strong>nudati</strong></span> <span class='ocrx_word' id='word_1_889' title='bbox 3287 4689 3451 4759; x_wconf 78' lang='lat' dir='ltr'><strong>gloria</strong></span> <span class='ocrx_word' id='word_1_890' title='bbox 3479 4689 3562 4742; x_wconf 87' lang='lat' dir='ltr'><strong>illa</strong></span> <span class='ocrx_word' id='word_1_891' title='bbox 3591 4686 3836 4741; x_wconf 76' lang='lat' dir='ltr'><strong>inetl‘abili</strong></span> <span class='ocrx_word' id='word_1_892' title='bbox 3862 4728 3876 4750; x_wconf 95' lang='lat'><strong>,</strong></span> 
     </span>
    </p>
   </div>
   <div class='ocr_carea' id='block_1_109' title="bbox 2314 4777 3880 4851">
    <p class='ocr_par' dir='ltr' id='par_1_109' title="bbox 2314 4777 3880 4851">
     <span class='ocr_line' id='line_1_109' title="bbox 2314 4777 3880 4851; baseline -0.011 -4"><span class='ocrx_word' id='word_1_893' title='bbox 2314 4802 2366 4847; x_wconf 90' lang='lat' dir='ltr'><strong>et</strong></span> <span class='ocrx_word' id='word_1_894' title='bbox 2395 4791 2494 4844; x_wconf 90' lang='lat' dir='ltr'><strong>vita</strong></span> <span class='ocrx_word' id='word_1_895' title='bbox 2525 4803 2628 4842; x_wconf 93' lang='lat' dir='ltr'><strong>non</strong></span> <span class='ocrx_word' id='word_1_896' title='bbox 2658 4785 2906 4840; x_wconf 89' lang='lat' dir='ltr'><strong>inferiore</strong></span> <span class='ocrx_word' id='word_1_897' title='bbox 2935 4799 3090 4851; x_wconf 89' lang='lat' dir='ltr'><strong>quam</strong></span> <span class='ocrx_word' id='word_1_898' title='bbox 3133 4780 3390 4849; x_wconf 83' lang='lat' dir='ltr'><strong>angelica.</strong></span> <span class='ocrx_word' id='word_1_899' title='bbox 3420 4777 3660 4832; x_wconf 77' lang='lat' dir='ltr'><strong>Vidimus</strong></span> <span class='ocrx_word' id='word_1_900' title='bbox 3689 4777 3880 4844; x_wconf 85' lang='lat' dir='ltr'><strong>patien-</strong></span> 
     </span>
    </p>
   </div>
   <div class='ocr_carea' id='block_1_110' title="bbox 2316 4864 3877 4941">
    <p class='ocr_par' dir='ltr' id='par_1_110' title="bbox 2316 4864 3877 4941">
     <span class='ocr_line' id='line_1_110' title="bbox 2316 4864 3877 4941; baseline -0.012 -7"><span class='ocrx_word' id='word_1_901' title='bbox 2316 4883 2436 4934; x_wconf 90' lang='lat' dir='ltr'><strong>tiam</strong></span> <span class='ocrx_word' id='word_1_902' title='bbox 2467 4876 2695 4941; x_wconf 88' lang='lat' dir='ltr'><strong>Domini,</strong></span> <span class='ocrx_word' id='word_1_903' title='bbox 2715 4873 2994 4928; x_wconf 89' lang='lat' dir='ltr'><strong>didicimus</strong></span> <span class='ocrx_word' id='word_1_904' title='bbox 3016 4883 3268 4939; x_wconf 90' lang='lat' dir='ltr'><strong>qnantum</strong></span> <span class='ocrx_word' id='word_1_905' title='bbox 3300 4867 3494 4922; x_wconf 86' lang='lat' dir='ltr'><strong>malum</strong></span> <span class='ocrx_word' id='word_1_906' title='bbox 3533 4868 3602 4919; x_wconf 85' lang='lat' dir='ltr'><strong>sit</strong></span> <span class='ocrx_word' id='word_1_907' title='bbox 3638 4864 3836 4919; x_wconf 88' lang='lat' dir='ltr'><strong>desidia</strong></span> <span class='ocrx_word' id='word_1_908' title='bbox 3861 4903 3877 4930; x_wconf 90' lang='lat'><strong>,</strong></span> 
     </span>
    </p>
   </div>
   <div class='ocr_carea' id='block_1_111' title="bbox 2312 4957 3878 5042">
    <p class='ocr_par' dir='ltr' id='par_1_111' title="bbox 2312 4957 3878 5042">
     <span class='ocr_line' id='line_1_111' title="bbox 2312 4957 3878 5042; baseline -0.01 -17"><span class='ocrx_word' id='word_1_909' title='bbox 2312 4969 2575 5042; x_wconf 90' lang='lat' dir='ltr'><strong>quomodo</strong></span> <span class='ocrx_word' id='word_1_910' title='bbox 2603 4978 2653 5021; x_wconf 93' lang='lat' dir='ltr'><strong>et</strong></span> <span class='ocrx_word' id='word_1_911' title='bbox 2682 4964 3026 5035; x_wconf 68' lang='lat' dir='ltr'><strong>prtescntibus</strong></span> <span class='ocrx_word' id='word_1_912' title='bbox 3057 4961 3265 5030; x_wconf 78' lang='lat' dir='ltr'><strong>Spoliet,</strong></span> <span class='ocrx_word' id='word_1_913' title='bbox 3298 4968 3351 5014; x_wconf 89' lang='lat' dir='ltr'><strong>et</strong></span> <span class='ocrx_word' id='word_1_914' title='bbox 3377 4972 3564 5027; x_wconf 89' lang='lat' dir='ltr'><strong>magna</strong></span> <span class='ocrx_word' id='word_1_915' title='bbox 3594 4957 3878 5027; x_wconf 85' lang='lat' dir='ltr'><strong>ignominia</strong></span> 
     </span>
    </p>
   </div>
   <div class='ocr_carea' id='block_1_112' title="bbox 2313 5045 3878 5119">
    <p class='ocr_par' dir='ltr' id='par_1_112' title="bbox 2313 5045 3878 5119">
     <span class='ocr_line' id='line_1_112' title="bbox 2313 5045 3878 5119; baseline -0.01 -5"><span class='ocrx_word' id='word_1_916' title='bbox 2313 5060 2522 5114; x_wconf 86' lang='lat' dir='ltr'><strong>afticiat.</strong></span> <span class='ocrx_word' id='word_1_917' title='bbox 2548 5057 2767 5119; x_wconf 87' lang='lat' dir='ltr'><strong>Idcirco,</strong></span> <span class='ocrx_word' id='word_1_918' title='bbox 2795 5053 3038 5116; x_wconf 83' lang='lat' dir='ltr'><strong>obsecro,</strong></span> <span class='ocrx_word' id='word_1_919' title='bbox 3066 5049 3229 5104; x_wconf 87' lang='lat' dir='ltr'><strong>sobrii</strong></span> <span class='ocrx_word' id='word_1_920' title='bbox 3257 5048 3440 5112; x_wconf 88' lang='lat' dir='ltr'><strong>simus,</strong></span> <span class='ocrx_word' id='word_1_921' title='bbox 3468 5047 3700 5115; x_wconf 83' lang='lat' dir='ltr'><strong>fiantque</strong></span> <span class='ocrx_word' id='word_1_922' title='bbox 3724 5045 3878 5098; x_wconf 74' lang='lat' dir='ltr'><strong>nobis</strong></span> 
     </span>
    </p>
   </div>
   <div class='ocr_carea' id='block_1_113' title="bbox 2315 5134 3878 5214">
    <p class='ocr_par' dir='ltr' id='par_1_113' title="bbox 2315 5134 3878 5214">
     <span class='ocr_line' id='line_1_113' title="bbox 2315 5134 3878 5214; baseline -0.01 -10"><span class='ocrx_word' id='word_1_923' title='bbox 2315 5152 2515 5204; x_wconf 88' lang='lat' dir='ltr'><strong>illorum</strong></span> <span class='ocrx_word' id='word_1_924' title='bbox 2546 5148 2725 5214; x_wconf 89' lang='lat' dir='ltr'><strong>lapsus</strong></span> <span class='ocrx_word' id='word_1_925' title='bbox 2747 5140 3002 5205; x_wconf 86' lang='lat' dir='ltr'><strong>remedia,</strong></span> <span class='ocrx_word' id='word_1_926' title='bbox 3031 5148 3084 5192; x_wconf 89' lang='lat' dir='ltr'><strong>et</strong></span> <span class='ocrx_word' id='word_1_927' title='bbox 3115 5138 3322 5191; x_wconf 91' lang='lat' dir='ltr'><strong>illorum</strong></span> <span class='ocrx_word' id='word_1_928' title='bbox 3353 5134 3553 5190; x_wconf 88' lang='lat' dir='ltr'><strong>desidia</strong></span> <span class='ocrx_word' id='word_1_929' title='bbox 3581 5135 3878 5189; x_wconf 81' lang='lat' dir='ltr'><strong>securitatis</strong></span> 
     </span>
    </p>
   </div>
   <div class='ocr_carea' id='block_1_114' title="bbox 2314 5225 3874 5307">
    <p class='ocr_par' dir='ltr' id='par_1_114' title="bbox 2314 5225 3874 5307">
     <span class='ocr_line' id='line_1_114' title="bbox 2314 5225 3874 5307; baseline -0.009 -13"><span class='ocrx_word' id='word_1_930' title='bbox 2314 5255 2498 5293; x_wconf 88' lang='lat' dir='ltr'><strong>causa:</strong></span> <span class='ocrx_word' id='word_1_931' title='bbox 2532 5231 2956 5307; x_wconf 85' lang='lat' dir='ltr'><strong>quandoquidem</strong></span> <span class='ocrx_word' id='word_1_932' title='bbox 2977 5229 3144 5297; x_wconf 85' lang='lat' dir='ltr'><strong>major</strong></span> <span class='ocrx_word' id='word_1_933' title='bbox 3164 5242 3316 5297; x_wconf 76' lang='lat' dir='ltr'><strong>pcena</strong></span> <span class='ocrx_word' id='word_1_934' title='bbox 3335 5234 3417 5280; x_wconf 88' lang='lat' dir='ltr'><strong>est</strong></span> <span class='ocrx_word' id='word_1_935' title='bbox 3436 5238 3618 5280; x_wconf 88' lang='lat' dir='ltr'><strong>eorum</strong></span> <span class='ocrx_word' id='word_1_936' title='bbox 3640 5225 3729 5294; x_wconf 92' lang='lat' dir='ltr'><strong>qui</strong></span> <span class='ocrx_word' id='word_1_937' title='bbox 3758 5233 3874 5294; x_wconf 77' lang='lat' dir='ltr'><strong>post</strong></span> 
     </span>
    </p>
   </div>
   <div class='ocr_carea' id='block_1_115' title="bbox 2315 5315 3949 5396">
    <p class='ocr_par' dir='ltr' id='par_1_115' title="bbox 2315 5315 3949 5396">
     <span class='ocr_line' id='line_1_115' title="bbox 2315 5315 3949 5396; baseline -0.009 -13"><span class='ocrx_word' id='word_1_938' title='bbox 2315 5331 2428 5383; x_wconf 91' lang='lat' dir='ltr'><strong>illos</strong></span> <span class='ocrx_word' id='word_1_939' title='bbox 2454 5336 2688 5396; x_wconf 88' lang='lat' dir='ltr'><strong>peccant,</strong></span> <span class='ocrx_word' id='word_1_940' title='bbox 2715 5334 2765 5378; x_wconf 93' lang='lat' dir='ltr'><strong>et</strong></span> <span class='ocrx_word' id='word_1_941' title='bbox 2791 5339 2855 5377; x_wconf 89' lang='lat' dir='ltr'><strong>eo</strong></span> <span class='ocrx_word' id='word_1_942' title='bbox 2883 5322 3048 5388; x_wconf 89' lang='lat' dir='ltr'><strong>major</strong></span> <span class='ocrx_word' id='word_1_943' title='bbox 3068 5319 3205 5388; x_wconf 91' lang='lat' dir='ltr'><strong>quod</strong></span> <span class='ocrx_word' id='word_1_944' title='bbox 3235 5315 3491 5384; x_wconf 81' lang='lat' dir='ltr'><strong>exemplis</strong></span> <span class='ocrx_word' id='word_1_945' title='bbox 3516 5315 3800 5369; x_wconf 87' lang='lat' dir='ltr'><strong>emendare</strong></span> <span class='ocrx_word' id='word_1_946' title='bbox 3819 5330 3876 5370; x_wconf 80' lang='lat' dir='ltr'><strong>se</strong></span> <span class='ocrx_word' id='word_1_947' title='bbox 3942 5361 3949 5368; x_wconf 90' lang='lat'><strong>.</strong></span> 
     </span>
    </p>
   </div>
   <div class='ocr_carea' id='block_1_116' title="bbox 2313 5407 3873 5482">
    <p class='ocr_par' dir='ltr' id='par_1_116' title="bbox 2313 5407 3873 5482">
     <span class='ocr_line' id='line_1_116' title="bbox 2313 5407 3873 5482; baseline -0.01 -8"><span class='ocrx_word' id='word_1_948' title='bbox 2313 5422 2497 5474; x_wconf 86' lang='lat' dir='ltr'><strong>nolint.</strong></span> <span class='ocrx_word' id='word_1_949' title='bbox 2527 5418 2638 5471; x_wconf 78' lang='lat' dir='ltr'><strong>Non</strong></span> <span class='ocrx_word' id='word_1_950' title='bbox 2664 5417 2802 5470; x_wconf 89' lang='lat' dir='ltr'><strong>enim</strong></span> <span class='ocrx_word' id='word_1_951' title='bbox 2835 5413 2922 5482; x_wconf 91' lang='lat' dir='ltr'><strong>qui</strong></span> <span class='ocrx_word' id='word_1_952' title='bbox 2951 5422 3129 5481; x_wconf 89' lang='lat' dir='ltr'><strong>postea</strong></span> <span class='ocrx_word' id='word_1_953' title='bbox 3152 5409 3335 5464; x_wconf 89' lang='lat' dir='ltr'><strong>eadem</strong></span> <span class='ocrx_word' id='word_1_954' title='bbox 3366 5416 3586 5477; x_wconf 87' lang='lat' dir='ltr'><strong>peccant</strong></span> <span class='ocrx_word' id='word_1_955' title='bbox 3619 5421 3737 5476; x_wconf 69' lang='lat' dir='ltr'><strong>qua:</strong></span> <span class='ocrx_word' id='word_1_956' title='bbox 3768 5407 3873 5475; x_wconf 79' lang='lat' dir='ltr'><strong>pri-</strong></span> 
     </span>
    </p>
   </div>
   <div class='ocr_carea' id='block_1_117' title="bbox 2313 5495 3876 5577">
    <p class='ocr_par' dir='ltr' id='par_1_117' title="bbox 2313 5495 3876 5577">
     <span class='ocr_line' id='line_1_117' title="bbox 2313 5495 3876 5577; baseline -0.012 -10"><span class='ocrx_word' id='word_1_957' title='bbox 2313 5512 2380 5567; x_wconf 91' lang='lat' dir='ltr'><strong>mi</strong></span> <span class='ocrx_word' id='word_1_958' title='bbox 2408 5553 2422 5577; x_wconf 95' lang='lat'><strong>,</strong></span> <span class='ocrx_word' id='word_1_959' title='bbox 2449 5512 2499 5564; x_wconf 93' lang='lat' dir='ltr'><strong>in</strong></span> <span class='ocrx_word' id='word_1_960' title='bbox 2526 5507 2764 5563; x_wconf 89' lang='lat' dir='ltr'><strong>eamdem</strong></span> <span class='ocrx_word' id='word_1_961' title='bbox 2788 5517 2997 5573; x_wconf 65' lang='lat' dir='ltr'><strong>pinnam</strong></span> <span class='ocrx_word' id='word_1_962' title='bbox 3026 5501 3273 5554; x_wconf 91' lang='lat' dir='ltr'><strong>incident.</strong></span> <span class='ocrx_word' id='word_1_963' title='bbox 3308 5497 3362 5552; x_wconf 90' lang='lat' dir='ltr'><strong>Id</strong></span> <span class='ocrx_word' id='word_1_964' title='bbox 3391 5497 3530 5567; x_wconf 89' lang='lat' dir='ltr'><strong>quod</strong></span> <span class='ocrx_word' id='word_1_965' title='bbox 3560 5497 3792 5551; x_wconf 81' lang='lat' dir='ltr'><strong>breviter</strong></span> <span class='ocrx_word' id='word_1_966' title='bbox 3811 5495 3876 5550; x_wconf 86' lang='lat' dir='ltr'><strong>ab</strong></span> 
     </span>
    </p>
   </div>
   <div class='ocr_carea' id='block_1_118' title="bbox 2373 5589 3868 5646">
    <p class='ocr_par' dir='ltr' id='par_1_118' title="bbox 2373 5589 3868 5646">
     <span class='ocr_line' id='line_1_118' title="bbox 2373 5589 3868 5646; baseline -0.002 -3"><span class='ocrx_word' id='word_1_967' title='bbox 2373 5599 2386 5625; x_wconf 84' lang='grc'>¹</span> <span class='ocrx_word' id='word_1_968' title='bbox 2420 5599 2467 5644; x_wconf 94' lang='lat' dir='ltr'><strong>ln</strong></span> <span class='ocrx_word' id='word_1_969' title='bbox 2494 5601 2604 5641; x_wconf 88' lang='lat' dir='ltr'><strong>octo</strong></span> <span class='ocrx_word' id='word_1_970' title='bbox 2624 5593 2732 5641; x_wconf 78' lang='lat' dir='ltr'><strong>Mss.</strong></span> <span class='ocrx_word' id='word_1_971' title='bbox 2759 5599 2810 5639; x_wconf 91' lang='lat' dir='ltr'><strong>et</strong></span> <span class='ocrx_word' id='word_1_972' title='bbox 2833 5604 2928 5639; x_wconf 89' lang='lat' dir='ltr'><strong>uno</strong></span> <span class='ocrx_word' id='word_1_973' title='bbox 2961 5589 3148 5646; x_wconf 86' lang='lat' dir='ltr'><strong>Savilii,</strong></span> <span class='ocrx_word' id='word_1_974' title='bbox 3173 5591 3301 5639; x_wconf 88' lang='lat' dir='ltr'><strong>bene</strong></span> <span class='ocrx_word' id='word_1_975' title='bbox 3338 5595 3509 5643; x_wconf 84' lang='lat' dir='ltr'><strong>multa.</strong></span> <span class='ocrx_word' id='word_1_976' title='bbox 3543 5591 3601 5638; x_wconf 86' lang='lat' dir='ltr'><strong>ab</strong></span> <span class='ocrx_word' id='word_1_977' title='bbox 3637 5592 3711 5638; x_wconf 90' lang='lat' dir='ltr'><strong>his</strong></span> <span class='ocrx_word' id='word_1_978' title='bbox 3745 5591 3868 5640; x_wconf 85' lang='lat' dir='ltr'><strong>voci-</strong></span> 
     </span>
    </p>
   </div>
   <div class='ocr_carea' id='block_1_119' title="bbox 2308 5650 3868 5719">
    <p class='ocr_par' dir='ltr' id='par_1_119' title="bbox 2308 5650 3868 5719">
     <span class='ocr_line' id='line_1_119' title="bbox 2308 5650 3868 5719; baseline -0.005 -13"><span class='ocrx_word' id='word_1_979' title='bbox 2308 5655 2413 5714; x_wconf 86' lang='lat' dir='ltr'><strong>bus,</strong></span> <span class='ocrx_word' id='word_1_980' title='bbox 2445 5669 2552 5719; x_wconf 80' lang='lat' dir='ltr'><strong>quw</strong></span> <span class='ocrx_word' id='word_1_981' title='bbox 2573 5659 2735 5703; x_wconf 65' lang='lat' dir='ltr'><strong>oculus</strong></span> <span class='ocrx_word' id='word_1_982' title='bbox 2757 5665 2850 5701; x_wconf 86' lang='lat' dir='ltr'><strong>non</strong></span> <span class='ocrx_word' id='word_1_983' title='bbox 2872 5650 2993 5719; x_wconf 71' lang='lat' dir='ltr'><strong>vidit</strong></span> <span class='ocrx_word' id='word_1_984' title='bbox 3017 5653 3323 5719; x_wconf 47' lang='lat' dir='ltr'><strong>(essemus;</strong></span> <span class='ocrx_word' id='word_1_985' title='bbox 3349 5653 3435 5697; x_wconf 71' lang='grc' dir='ltr'><strong>οὐκ</strong></span> <span class='ocrx_word' id='word_1_986' title='bbox 3473 5651 3606 5709; x_wconf 57' lang='lat' dir='ltr'><strong>tibi),</strong></span> <span class='ocrx_word' id='word_1_987' title='bbox 3633 5664 3788 5712; x_wconf 84' lang='lat' dir='ltr'><strong>usque.</strong></span> <span class='ocrx_word' id='word_1_988' title='bbox 3813 5653 3868 5698; x_wconf 80' lang='lat' dir='ltr'><strong>ad</strong></span> 
     </span>
    </p>
   </div>
   <div class='ocr_carea' id='block_1_120' title="bbox 2309 5713 3867 5777">
    <p class='ocr_par' dir='ltr' id='par_1_120' title="bbox 2309 5713 3867 5777">
     <span class='ocr_line' id='line_1_120' title="bbox 2309 5713 3867 5777; baseline -0.006 -12"><span class='ocrx_word' id='word_1_989' title='bbox 2309 5713 2428 5777; x_wconf 74' lang='lat' dir='ltr'><strong>inec,</strong></span> <span class='ocrx_word' id='word_1_990' title='bbox 2457 5713 2611 5764; x_wconf 82' lang='lat' dir='ltr'><strong>iribus</strong></span> <span class='ocrx_word' id='word_1_991' title='bbox 2633 5722 2745 5761; x_wconf 86' lang='lat' dir='ltr'><strong>ante</strong></span> <span class='ocrx_word' id='word_1_992' title='bbox 2773 5719 2919 5760; x_wconf 80' lang='lat' dir='ltr'><strong>tinem</strong></span> <span class='ocrx_word' id='word_1_993' title='bbox 2940 5713 3153 5777; x_wconf 74' lang='lat' dir='ltr'><strong>botuil&#39;ta:</strong></span> <span class='ocrx_word' id='word_1_994' title='bbox 3176 5713 3416 5768; x_wconf 51' lang='lat' dir='ltr'><strong>versibus,</strong></span> <span class='ocrx_word' id='word_1_995' title='bbox 3437 5723 3544 5772; x_wconf 73' lang='lat' dir='ltr'><strong>qua:</strong></span> <span class='ocrx_word' id='word_1_996' title='bbox 3585 5724 3670 5761; x_wconf 80' lang='lat' dir='ltr'><strong>nos</strong></span> <span class='ocrx_word' id='word_1_997' title='bbox 3710 5723 3867 5760; x_wconf 66' lang='lat' dir='ltr'><strong>enim</strong></span> 
     </span>
    </p>
   </div>
   <div class='ocr_carea' id='block_1_121' title="bbox 2311 5772 3344 5844">
    <p class='ocr_par' dir='ltr' id='par_1_121' title="bbox 2311 5772 3344 5844">
     <span class='ocr_line' id='line_1_121' title="bbox 2311 5772 3344 5844; baseline -0.008 -16"><span class='ocrx_word' id='word_1_998' title='bbox 2311 5781 2393 5844; x_wconf 73' lang='grc' dir='ltr'><strong>(ὧν</strong></span> <span class='ocrx_word' id='word_1_999' title='bbox 2417 5772 2596 5840; x_wconf 50' lang='lat' dir='ltr'><strong>vitam)</strong></span> <span class='ocrx_word' id='word_1_1000' title='bbox 2617 5780 2789 5829; x_wconf 75' lang='grc' dir='ltr'><strong>πάντας</strong></span> <span class='ocrx_word' id='word_1_1001' title='bbox 2809 5774 2952 5834; x_wconf 76' lang='grc' dir='ltr'><strong>ἡμᾶς)</strong></span> <span class='ocrx_word' id='word_1_1002' title='bbox 2987 5772 3344 5823; x_wconf 80' lang='lat' dir='ltr'><strong>desiderantur.</strong></span> 
     </span>
    </p>
   </div>
  </div>
