4146 6510
307 485 406 543 II?

301 601 510 670 Μέχρις
539 597 744 654 ἐκείνου
785 597 956 652 ταῦτα
1007 595 1313 666 ὑπομενεῖς,
1348 594 1453 660 ἕως
1483 595 1549 650 ἀν
1581 596 1640 650 τδ
1682 597 1835 660 τέλος
1860 594 1958 664 τῆς

303 687 450 755 ζωῆς
480 702 561 738 σοι
593 698 618 726 ι
642 685 1026 757 ἐπαχθήσεται,
1055 682 1148 736 καὶ
1170 685 1249 746 εἰς
1275 683 1490 753 ἐκείνην
1507 683 1784 754 διαλυθῇς,
1813 681 1874 747 ἐξ
1894 676 1962 754 ἧς

304 775 399 828 καὶ
430 774 726 845 ἐπλάσθης.
758 773 820 826 Εἰ
849 771 958 843 γὰρ
1007 772 1100 826 καὶ
1128 769 1379 840 σώματός
1407 787 1488 824 σοι
1518 769 1678 840 φύσιν
1701 769 1962 843 ἐχαρισά-

305 879 415 932 μην
443 861 532 914 διά
558 861 655 930 τὴν
678 857 917 930 ἐμαυτοῦ
947 856 1377 929 φιλανθρωπίαν,
1404 855 1519 912 ἀλλ’
1548 856 1678 911 αὐτὸ
1705 857 1766 911 τὸ
1802 856 1962 928 σῶμα

301 946 411 1000 ἀπὸ
461 946 568 1015 γῆς.
611 944 692 1008 δν,
738 945 810 1015 γῆ
845 943 1005 998 πάλιν
1027 942 1197 997 ἐσται.
1228 942 1320 1010 Γῆ
1345 943 1454 1014 7&9
1480 938 1554 1007 εἴ,
1584 941 1680 997 καί
1704 945 1792 1008 εἰς
1843 942 1962 1013 γῆν

299 1030 755 1100 ἀπε.ιεύσῃ.⁶’1να
775 1031 883 1101 7&9
913 1031 988 1100 μὴ
1019 1027 1188 1084 ταῦτα
1211 1029 1454 1099 γένηται,
1489 1027 1576 1082 διά
1593 1028 1752 1084 τοῦτο
1785 1024 1958 1095 εἷπον,

298 1117 398 1185 Μὴ
432 1117 670 1185 ἅιιήσθε
697 1117 802 1171 τοῦ
857 1117 1048 1181 ξύλου
1075 1156 1090 1181 ,
1141 1113 1344 1180 εἰπὼν,
1384 1116 1468 1168 δτι
1519 1110 1603 1187 ⁷ῌ
1648 1116 1726 1170 ἂν
1772 1111 1959 1184 ἡμέρα

298 1203 527 1274 φάγητε
573 1203 674 1258 ἀπ’
721 1202 928 1268 αὑτοῦ,
965 1201 1199 1265 θανάτῳ
1252 1200 1670 1256 ἀποθανεῖσθε.
1727 1201 1803 1254 οὐ
1853 1201 1962 1272 7&9

298 1291 596 1361 ἐϐουλόμην
629 1289 816 1344 τοῦτο’
844 1288 958 1342 ἀλλ’
988 1287 1175 1358 ἐπειδὴ
1201 1287 1271 1341 τά
1295 1287 1394 1357 μὲν
1423 1287 1552 1358 παρ’
1582 1287 1716 1358 ἐμοῦ
1749 1288 1959 1342 ἅπαντα

297 1376 606 1448 γεγένηται,
633 1377 697 1429 σὺ
730 1375 785 1427 δὲ
812 1374 992 1444 σαυτῴ
1019 1375 1188 1428 ταῦτα
1212 1372 1599 1445 προεξένησας,
1631 1374 1725 1426 ἐπὶ
1751 1373 1955 1444 μηδένα

296 1464 482 1534 ιτερον
516 1465 614 1534 τὴν
649 1461 827 1515 αἰτίαν
869 1460 1042 1528 ἐπαγε
1063 1460 1091 1500 δ
1117 1499 1132 1523 ,
1181 1460 1317 1514 ἀλλά
1353 1463 1420 1531 τῇ
1467 1459 1664 1514 σαυτοῦ
1717 1460 1958 1532 ῥαθυμίᾳ

297 1551 406 1603 πᾶν
435 1549 724 1619 ἐπίγραφε.
761 1546 919 1601 Ἀλλά
939 1546 1098 1600 πάλιν
1120 1547 1249 1616 ἡμῖν
1267 1547 1453 1618 ἓτερον
1469 1546 1687 1617 ζήτημα
1713 1547 1960 1600 ἐντεῦθεν

295 1635 558 1697 τίκτεται,
589 1633 744 1704 ὅπερ,
776 1635 820 1686 εἰ
852 1631 1106 1701 βούλεσθε
1126 1671 1142 1696 ,
1179 1632 1458 1703 συντόμως
1502 1632 1852 1698 διαλύσαντες
1898 1635 1960 1687 τὸ

297 1720 593 1793 τηνικαῦτα
628 1718 1048 1790 καταπαύσομεν
1101 1719 1192 1773 τὸν
1241 1718 1416 1790 λόγον.
1471 1715 1637 1784 Εῐπε,
1687 1721 1888 1791 φησὶν,
1930 1722 1960 1774 ό

296 1806 454 1870 Θεός·
479 1801 562 1877 *ῌ
580 1807 656 1860 ἂν
675 1806 857 1874 ἡμέρᾳ
881 1805 1108 1875 φάγητε
1122 1805 1223 1862 ἀπ’
1252 1805 1460 1869 αὐτοῦ,
1483 1806 1716 1871 θανάτῳ
1740 1807 1958 1861 ἀποθα-

295 1894 515 1948 νεῖσθε·
538 1891 838 1945 δείκνυνται
863 1891 918 1945 δέ
938 1890 1201 1963 ζήσαντες
1229 1891 1367 1962 μετά
1402 1892 1503 1962 τὴν
1534 1895 1842 1962 παρακοήν,
1865 1893 1958 1946 καὶ

296 1981 358 2034 τδ
381 1981 480 2050 τῆς
505 1978 758 2050 $913010);
784 1981 1096 2050 μετασχεῖν,
1127 1978 1332 2032 ⁴πολλῶν
1363 1978 1499 2031 ἐτῶν
1522 1977 1774 2050 ἀριθμόν.
1790 1978 1960 2032 Τοῦτο

295 2067 441 2121 δοκεῖ
495 2067 593 2124 μὲν
641 2066 826 2130 ἀπλῶς
874 2069 987 2129 τοῖς
1031 2065 1365 2130 ἐπιπολαίως
1416 2059 1802 2136 ἐντυγχάνουσι
1846 2068 1958 2131 τοῖς

295 2154 636 2224 ἐγκειμένοις
683 2153 826 2222 ἔχειν
858 2151 1080 2224 ζήτησίν
1131 2170 1250 2206 τινα
1273 2168 1286 2182 ⁸
1333 2154 1383 2208 εἰ
1423 2153 1480 2206 δέ
1501 2170 1582 2216 τις
1604 2152 1958 2224 εὐγνωμόνως

293 2241 394 2313 τὴν
436 2240 602 2311 ἀκοὴν
631 2239 940 2309 ὑπόσχοιτο,
966 2240 1136 2308 σαφές
1171 2241 1286 2293 ἐστι
1320 2238 1383 2292 τὸ
1424 2238 1712 2310 εἰρημένον
1739 2240 1833 2292 καὶ
1869 2239 1958 2293 οὐ-

292 2327 482 2397 δεμίαν
519 2324 594 2396 τῷ
626 2323 945 2395 προσέχοντι
972 2325 1195 2396 ζήτησιν
1236 2323 1376 2394 ἔχον.
1422 2323 1488 2378 Εἰ
1517 2323 1625 2396 7&9
1659 2324 1753 2378 καὶ
1793 2324 1958 2378 πολὺν

293 2411 430 2464 ἐτῶν
457 2411 645 2482 χρόνον
667 2409 761 2481 ἐζη
770 2428 887 2474 σαν,
913 2410 1027 2464 ἀλλ’
1042 2412 1192 2481 ὅμως
1208 2410 1302 2481 ἀφ’
1331 2407 1400 2483 ἦς
1420 2411 1555 2482 ήκου
1564 2427 1662 2464 σαν
1676 2411 1759 2474 τὸ,
1778 2408 1867 2479 Γῆ
1882 2407 1954 2476 εἴ,

293 2500 391 2552 καί
423 2501 510 2564 εἰς
530 2498 644 2569 γῆν
667 2500 997 2567 ἀπελεύσῃ,
1033 2499 1123 2552 καὶ
1147 2497 1246 2570 τήν
1272 2498 1546 2568 ἀπόφασιν
1591 2497 1838 2564 ἐδέξαντο
1863 2497 1954 2553 τοῦ

293 2585 544 2652 θανάτου,
583 2587 675 2640 καί⁹
711 2578 910 2656 ’θνητοί
960 2585 1235 2654 γεγόνασι,
1290 2587 1383 2640 καὶ
1413 2586 1474 2651 ἐξ
1507 2586 1715 2640 ἐκείνου
1763 2587 1827 2640 ἀν
1873 2603 1956 2652 1:;

291 2668 444 2726 εἶπεν
470 2672 666 2734 αὐτοὺς
695 2671 1030 2742 τεθνηκέναι.
1062 2671 1232 2726 Τοῦτο
1261 2668 1355 2726 οῦν
1383 2673 1477 2726 καὶ
1497 2674 1531 2744 ή
1570 2673 1609 2726 Γ
1612 2673 1760 2745 ραφὴ
1787 2674 1957 2728 αἰνιτο

288 2760 492 2829 τομένη
519 2754 692 2821 εἶπεν,
727 2759 807 2811 ὅτι
855 2751 939 2830 ⁷ῌ
990 2757 1042 2812 δ’
1072 2759 1150 2815 ἂν
1203 2759 1393 2830 ἡμέρᾳ
1435 2759 1684 2830 φάγητε,
1725 2760 1956 2826 θανάτῳ

289 2844 686 2901 ἀποθανεῖσθε
700 2861 714 2876 ο
733 2843 853 2898 ἀντὶ
877 2843 1111 2916 τοῦ,Τὴν
1132 2847 1404 2915 ἀπόφασιν
1423 2846 1638 2914 δέξεσθε
1661 2845 1757 2901 τοῦ
1775 2847 1956 2918 θνητοὶ

290 2931 477 2985 λοιπὸν
535 2927 693 2984 εἶναι.
751 2930 1017 3002 Καθάπερ
1053 2930 1162 3003 7&9
1195 2934 1419 2988 ἐπὶτῶν
1447 2934 1816 3006 δικαστηρίων
1845 2935 1954 2990 τῶν

289 3016 666 3084 ἀνθρωπίνων,
709 3015 927 3070 ἐπειδὰν
957 3017 1232 3088 ἀπόφασίν
1261 3035 1342 3083 τις
1369 3018 1663 3090 δεξάμενος
1691 3019 1786 3074 τοῦ
1816 3022 1954 3077 πάν-

287 3119 395 3165 τως
427 3102 524 3174 τὴν
548 3101 787 3172 κεφαλὴν
808 3102 1214 3174 ἀποτμηθῆναι,
1241 3100 1359 3159 εἶτα
1390 3106 1470 3169 εἰς
1495 3106 1556 3159 τὸ
1582 3106 1953 3177 δεσμωτήριον

287 3187 555 3259 ἐμϐληθῇ,
603 3189 707 3242 κᾶν
737 3189 830 3241 ἐπὶ
856 3189 1022 3244 πολὺν
1049 3191 1238 3262 χρόνον
1264 3191 1515 3264 διαμένῃ,
1550 3191 1703 3246 οὐδὲν
1730 3193 1954 3263 ἀμεινον

287 3276 396 3329 τῶν
422 3275 630 3346 νεκρῶν
658 3276 749 3327 καὶ
777 3276 1114 3346 τεθνηκότων
1138 3277 1331 3343 διάξει,
1358 3280 1425 3349 τῇ
1453 3279 1727 3348 ἀποφάσει
1763 3281 1954 3350 τεθνη-

289 3361 433 3424 κώς·
485 3363 576 3416 τὸν
628 3361 788 3416 αὐτὸν
824 3362 888 3432 δὴ
918 3361 1118 3434 τρόπον
1145 3364 1240 3416 καὶ
1279 3357 1446 3430 οὗτοι,
1503 3365 1562 3432 ἐξ
1602 3365 1818 3437 ἐκείνης
1855 3368 1954 3439 τῆς

285 3451 394 3521 ήμέ
403 3466 520 3520 ρας,
543 3448 604 3514 ἐξ
624 3443 690 3520 ἦς
716 3450 814 3519 τὴν
833 3449 1107 3518 ἀπόφασιν
1139 3450 1388 3515 ἐδέξαντο
1408 3452 1506 3523 τῆς
1532 3451 1874 3525 θνητότητος,
1905 3457 1953 3510 εἰ

285 3538 381 3591 καὶ
410 3536 577 3590 πολὺν
617 3535 910 3606 διήρκεσαν
937 3536 1146 3608 χρόνον,
1173 3536 1310 3590 ἀλλά
1358 3541 1424 3610 τῇ
1458 3539 1730 3609 ἀποφάσει
1759 3541 1953 3612 τεθνή-

286 3640 467 3678 κασιν.
500 3619 631 3676 Οἶδα
652 3623 735 3676 ὅτι
761 3621 932 3677 πολλά
961 3623 1031 3676 τά
1068 3623 1337 3695 εἰρημένα
1388 3625 1481 3680 καὶ
1505 3627 1586 3690 εἰς
1617 3627 1751 3682 πολὺ
1781 3629 1954 3700 μῆκος

285 3712 420 3782 ήμῖν
478 3709 707 3780 ἐξετάθη
746 3708 814 3764 τά
860 3709 960 3779 τῆς
1005 3709 1385 3776 διδασκαλίαςο
1417 3713 1497 3766 διδ
1530 3714 1718 3784 ἐπειδή
1763 3718 1828 3787 τῇ
1857 3716 1952 3771 τοῦ

285 3796 422 3850 Θεοῦ
452 3797 634 3867 χάριτι
663 3795 801 3850 κατά
829 3795 1059 3867 δύναμιν
1087 3797 1358 3870 ἡμετέραν
1403 3799 1619 3854 ἀπαντα
1659 3801 1738 3863 εἰς
1789 3801 1953 3871 μέσον

286 3883 416 3954 ὑμῖν
455 3882 746 3952 προθέντες
773 3882 925 3947 τέλος
958 3883 1311 3954 ἐπεθήκαμεν
1354 3887 1468 3950 τοῖς
1518 3886 1950 3956 ἀναγνωσθεῖσι,

287 3968 656 4039 συστείλωμεν
688 3968 926 4024 ἐνταῦθα
953 3968 1045 4023 τδν
1081 3969 1262 4038 λόγον.

357 4062 414 4114 ι’.
453 4055 610 4126 Ἐνῆν
653 4056 752 4126 μέν
781 4055 890 4127 7&9
919 4055 1014 4115 καὶ
1039 4055 1199 4128 ἕτερα
1229 4059 1560 4130 προσθέντας
1591 4060 1762 4129 δεῖξαι
1791 4064 1952 4119 πάλιν

284 4144 383 4199 καὶ
409 4141 610 4213 ταύτην
640 4143 811 4215 αὐτὴν
842 4143 942 4214 τὴν
963 4145 1234 4216 τιμωρίαν
1259 4145 1358 4216 τὴν
1386 4147 1737 4219 ἐπαχθεῖσαν,
1766 4151 1860 4203 καὶ
1891 4151 1952 4204 τὺ

285 4229 513 4301 θνητούς
529 4229 780 4298 γενέσθαι
797 4227 998 4298 πολλὴν
1018 4230 1247 4300 έχουσαν
1265 4232 1499 4288 ἀϐυσσον
1521 4235 1709 4304 φιλανθ
1718 4237 1948 4307 ρωπίας·

285 4316 420 4374 ἀλλά
448 4318 536 4371 ῖνα
570 4317 646 4388 μὴ
670 4315 748 4388 τῷ
782 4315 959 4387 πολλῷ
992 4317 1187 4390 πλήθει
1211 4320 1616 4392 καταχώσωμεν
1671 4323 1826 4393 ὑμῶν
1853 4324 1951 4397 τήν

281 4405 545 4468 διάνοιαν,
601 4403 750 4474 φέρε,
804 4404 1274 4475 παρακαλέσωμεν
1321 4408 1466 4477 ὑμᾶς
1499 4407 1652 4482 [μθ]
1698 4412 1951 4468 ἐντεῦθεν

283 4489 597 4556 ἐξελθόντας
633 4489 708 4560 μή
740 4491 821 4552 εἰς
871 4491 1160 4560 ἀνονήτους
1188 4501 1210 4530 ο
1245 4492 1534 4562 συλλόγους
1573 4496 1802 4562 ἐαυτούς
1854 4501 1946 4554 ἐκ-

282 4575 506 4640 διδόναι,
547 4574 680 4646 μηδέ
704 4575 784 4638 εἰς
812 4574 1080 4648 φλυαρίας
1104 4578 1386 4650 ἀκαίρους,
1413 4580 1549 4636 ἀλλά
1576 4583 1700 4638 καθ’
1722 4585 1951 4650 ἑαυτοὺς

284 4657 564 4721 συνιέντας
591 4657 709 4727 μετ’
734 4657 977 4730 ἀλλήλων
995 4660 1282 4729 συλλέγειν
1308 4662 1378 4716 τά
1409 4665 1676 4737 εἰρημένα
1694 4707 1710 4732 ,
1754 4671 1846 4722 καὶ
1870 4672 1950 4736 εἰς

282 4746 588 4815 ὑπόμνησιν
615 4745 841 4808 ἐαυτοὺς
863 4743 1038 4813 ἀγειν,
1070 4747 1123 4798 τί
1149 4747 1247 4817 μέν
1266 4749 1295 4801 δ
1315 4748 1576 4822 δικαστὴς
1594 4753 1946 4825 ἀπεκρίνατο,

281 4833 334 4886 τί
357 4833 415 4886 δὲ
441 4833 490 4885 οἰ
518 4831 807 4885 ὑπεύθυνοι
834 4831 1242 4904 ἀπελογήσαντο
1268 4875 1284 4901 ,
1336 4836 1429 4889 καὶ
1475 4838 1594 4902 πῶς
1620 4840 1650 4892 ό
1704 4841 1804 4912 μέν
1859 4844 1946 4896 ἐπ’

280 4919 498 4988 ἐκείνην
521 4917 622 4988 τήν
653 4917 831 4987 αἰτίαν
860 4919 1190 4988 μετήγαγεν,
1217 4921 1398 4991 ἐκείνη
1435 4921 1492 4974 δέ
1537 4923 1630 4977 ἐπὶ
1657 4925 1747 4979 τὸν
1782 4926 1906 4995 δφιν
1929 4968 1944 4990 ,

281 5006 379 5060 καὶ
403 5003 522 5068 πῶς
559 5003 654 5059 καὶ
685 5002 872 5056 τοῦτον
909 5004 1292 5077 ἐτιμωρήσατο
1316 5048 1330 5069 ,
1371 5009 1464 5061 καὶ
1491 5009 1571 5062 δτι
1604 5009 1824 5083 διηνεκῆ
1854 5016 1948 5068 καὶ

281 5091 358 5163 τῷ
385 5090 554 5144 παντὶ
573 5088 729 5142 αἰῶνι
765 5092 1373 5162 συμπαρεκτεινομένην
1397 5093 1656 5168 αὐτῷτὴν
1677 5099 1947 5172 τιμωρίαν

280 5179 552 5252 ἐπήγαγε,
615 5176 711 5230 καὶ
769 5176 1004 5247 σφοδράν
1057 5177 1156 5249 τὴν
1203 5179 1324 5232 κατ’
1356 5180 1520 5235 αὐτοῦ
1570 5184 1945 5258 ἀγανάκτησιν

279 5266 596 5334 ἐποιήσατο,
635 5263 840 5328 καὶδιά
880 5264 1071 5318 τούτου
1095 5264 1308 5329 δεικνὺς
1331 5266 1433 5339 τὴν
1469 5269 1608 5341 πρὸς
1645 5273 1771 5337 τοὺς
1803 5276 1947 5331 ἀπα-

276 5351 542 5422 τηθέντας
574 5350 916 5421 κηδεμονίαν.
939 5352 1017 5403 Δι’
1049 5344 1124 5405 ὧν
1143 5351 1252 5423 7&9
1272 5353 1364 5407 τὸν
1391 5355 1748 5427 ἀπατήσαντα
1776 5361 1949 5430 οὕτως

278 5432 545 5504 ἠμύνατο,
573 5432 728 5502 δῆλον
743 5433 825 5485 ὅτι
856 5434 936 5496 εἰς
955 5434 1080 5498 τοὺς
1116 5434 1255 5487 πάνυ
1279 5434 1428 5505 αὐτῷ
1451 5441 1948 5511 περισπουδάστους

276 5517 378 5591 τήν
410 5517 626 5588 ἀπάτην
647 5518 957 5586 εἰργάσατο.
984 5514 1117 5570 Εἶτα
1139 5518 1386 5574 ἐντεῦθεν
1417 5538 1522 5594 μνη
1531 5523 1826 5592 μονεύσατε
1849 5531 1943 5585 τοῦ

279 5602 556 5674 ἐπιτιμίου
599 5602 701 5673 τῆς
736 5602 1012 5672 γυναικὸς,
1069 5603 1162 5658 καὶ
1211 5605 1311 5676 τῆς
1367 5605 1643 5674 κολάσεως
1691 5612 1792 5684 τῆς
1844 5617 1942 5670 ξπ-

278 5689 540 5760 αχθιίσης
567 5689 726 5760 αὐτῇ,
769 5688 970 5759 μᾶλλον
1015 5689 1074 5743 δέ
1105 5691 1200 5762 τῆς
1232 5692 1532 5760 νουθεσίας,
1573 5699 1668 5752 καὶ
1699 5699 1843 5756 οὐτω
1877 5705 1943 5758 τά

277 5773 416 5846 πρὸς
469 5775 563 5828 τὸν
604 5773 774 5844 ’Δδάμ
814 5775 1077 5847 εἰρημένα
1124 5779 1594 5848 μνημονεύσαντες
1621 5825 1638 5852 ,
1696 5787 1792 5841 καὶ
1844 5791 1945 5860 τῆς

339 5905 368 5935 ⁸
411 5902 617 5979 Quum
657 5912 846 5979 αισι·θί
863 5905 1018 5979 Sull;
1037 5911 1158 5979 ζωῆς
1183 5925 1287 5979 σου.
1315 5909 1439 5963 Infra
1457 5915 1561 5979 {Ino
1580 5929 1692 5966 mss.
1719 5926 1778 5979 γῆ
1803 5922 1944 5970 πάλιν

275 5967 469 6042 Ῑιγηαι,
499 6041 507 6042 7
535 5965 564 6005 ιι
585 5964 928 6042 δενίιλεπαγε.
977 5964 1148 6042 Myrr}.
1191 5964 1940 6042 {1:107:79AIiusgniﬁﬁIﬁIﬁ

273 6015 470 6089 diuidam
497 6041 609 6081 mss.
637 6026 832 6077 ἐνταῦθα
851 6015 956 6080 δίει.
982 6015 1045 6059 Ὑί
1061 6015 1524 6094 Ηόιοίῗέὖὸἧὶὸὗξ.

1396 478 1461 537 IN
1499 479 1652 537 CAP.
1695 478 1759 535 III
1799 471 2043 536 GENES.
2087 475 2322 536 IIOMIL.
2354 477 2539 535 XVIII.

3644 473 3662 528 I
3674 473 3740 528 ιε

2065 593 2396 664 ἀποφάσεως
2428 595 2510 658 εἰς
2553 591 2760 647 ἔννοιαν
2811 590 3076 656 ἐλθόντες,
3103 590 3230 646 ὀτι
3268 587 3345 660 γῆ
3381 583 3454 654 εἴ,
3501 590 3599 642 καί
3649 593 3738 655 εἰς

2063 677 2178 749 γῆν
2189 681 2524 748 ἀπελεύσῃ,
2551 678 2800 733 ἐντεῦθεν
2818 679 3129 749 ἐκπλάγητε
3141 678 3238 749 τήν
3254 676 3461 747 ἄφατον
3487 674 3581 728 τοῦ
3604 673 3746 729 Θεοῦ

2062 765 2493 838 φιλανθρωπίαν,
2521 766 2604 820 δτι
2629 767 2779 838 ἡμᾶς
2799 765 2924 829 τούς
2958 766 3024 818 ἐκ
3054 764 3155 836 τῆς
3181 764 3286 834 γῆς
3313 763 3495 828 ϐντας,
3532 764 3625 816 καὶ
3659 765 3739 826 εἰς

2061 852 2166 923 γῆν
2217 851 2616 924 διαλυομένους,
2656 854 2705 906 εἰ
2749 851 3140 923 βουληθείημεν
3187 849 3392 923 ἀρετήν
3422 849 3702 920 μετελθεῖν
3721 887 3738 913 ,

2061 939 2156 992 καί
2207 938 2406 993 κακίαν
2455 939 2669 1008 φυγεῖν,
2725 937 2835 992 τῶν
2877 937 3207 1008 ἀπορρήτων
3249 935 3472 991 ἐκείνων
3518 933 3740 1006 ἀγαθῶν

2060 1026 2244 1093 ἀξιοῦν
2265 1018 2628 1097 ἐπηγγείλατο
2657 1025 2766 1079 τῶν
2801 1024 3215 1096 ἡτοιμασμένων
3239 1025 3352 1088 τοῖς
3395 1023 3760 1092 ἠγαπηκόσιν»

2061 1110 2242 1180 αὐτὸν,
2279 1113 2343 1174 ΓΛ
2372 1112 2679 1182 ὀφθαλμὸς
2710 1113 2821 1166 οὐκ
2849 1107 2994 1176 εἶδε,
3033 1111 3133 1166 καί
3181 1105 3292 1177 οὖς
3329 1111 3442 1164 οὐκ
3481 1110 3735 1178 ἢκουσε,

2061 1196 2160 1250 καί
2197 1197 2296 1250 ἐπί
2326 1196 2579 1266 καρδίαν
2617 1195 2933 1265 ἀνθρώπου
2971 1199 3084 1252 οὐκ
3107 1196 3314 1265 ἀνέϐη.
3350 1196 3525 1266 Χάριν
3558 1195 3737 1248 τοίνυν

2061 1283 2259 1355 πολλὴν
2295 1283 2584 1355 ὀφείλομεν
2624 1283 2783 1354 ήμῶν
2835 1283 3118 1355 ὁμολογεῖν
3170 1282 3248 1354 τῷ
3298 1282 3546 1352 Δεσπότη
3597 1281 3736 1352 ὑπὲρ

2059 1369 2168 1423 τῶν
2188 1369 2523 1440 τηλικούτων
2545 1369 2894 1441 εὐεργεσιῶν,
2931 1369 3026 1424 καί⁹
3059 1369 3332 1441 μηδέποτε
3368 1368 3510 1440 λήθῃ
3552 1366 3734 1422 ταῦτα

2061 1457 2478 1528 παραπέμπειν,
2538 1456 2674 1510 ἀλλά
2719 1455 2808 1510 διὰ
2858 1455 2969 1510 τῶν
3016 1455 3238 1525 ἀγαθῶν
3275 1454 3455 1526 ἔργων
3491 1455 3584 1509 καί⁵
3633 1454 3734 1524 τῆς

2059 1543 2258 1616 πολλῆς
2282 1544 2388 1597 τῶν
2411 1543 2631 1612 φαύλων
2652 1543 2962 1614 ἀποφυγῆς,
2986 1542 3175 1596 τοῦτον
3201 1541 3617 1613 ἐξιλεωσώμεθα
3638 1540 3737 1594 καὶ

2058 1630 2258 1701 εὐμενῆ
2307 1631 2438 1700 ήμῖν
2488 1630 2942 1702 καταστήσωμεν.
2977 1628 3103 1693 Πῶς
3132 1628 3242 1700 7&9
3267 1629 3328 1682 οὐ
3371 1629 3553 1700 πάσης
3576 1626 3736 1682 τοῦτο

2058 1715 2450 1787 ἀγνωμοσύνης
2484 1714 2703 1786 δεῖγμα,
2734 1717 2783 1769 εἰ
2808 1717 2971 1781 αὐτὸς
3003 1714 3124 1786 μέν,
3159 1715 3293 1778 Θεὸς
3316 1713 3393 1768 ῶν
3425 1715 3520 1769 καὶ
3539 1715 3737 1769 ἀθάναο

2058 1819 2170 1866 τος.
2202 1801 2300 1874 τήν
2323 1802 2483 1866 φύσιν
2509 1801 2872 1856 ἀναλαϐέσθαι
2901 1801 3002 1874 τήν
3025 1801 3226 1873 θνητὴν
3250 1801 3410 1872 ήμῶν
3431 1802 3526 1856 καὶ
3547 1803 3734 1871 γήϊνον

2057 1889 2245 1944 οὐσίαν
2282 1891 2342 1943 οὐ
2378 1890 2737 1964 παρῃτήσατο
2758 1930 2772 1956 ,
2826 1890 2919 1944 καὶ
2969 1891 3073 1962 τῆς
3121 1889 3357 1963 ἀρχαίας
3412 1889 3736 1962 νεκρῶσεως

2056 1977 2381 2043 ἀπαλλάξαι,
2416 1979 2511 2032 καὶ
2555 1978 2693 2048 ὐπέρ
2721 1977 2813 2032 τὸν
2841 1977 3072 2050 οὐρανὸν
3102 1977 3309 2048 ταύτην
3363 1976 3732 2043 ἀναϐιϐάσαι,

2058 2065 2154 2120 καὶ
2183 2067 2251 2136 τῇ
2282 2067 2526 2138 πατρικῇ
2575 2061 2830 2137 συνέδρια
2855 2064 3109 2136 τιμῆσαι,
3156 2065 3252 2119 καὶ
3281 2064 3388 2118 ὑπὸ
3412 2065 3597 2136 πάσης
3635 2064 3735 2136 τῆς

2056 2153 2313 2225 οὐρανίας
2334 2155 2594 2224 στρατιᾶς
2623 2152 3045 2227 προσκυνεῖσθαι
3074 2153 3432 2220 καταξιῶσαι,
3467 2153 3646 2226 ’ήμεῖς
3675 2154 3733 2209 δέ

2055 2241 2124 2292 τά
2140 2240 2355 2293 ἐναντία
2382 2239 2555 2310 τούτῳ
2575 2239 2906 2311 ἀνταμεῖψαι
2929 2241 2991 2295 οὐ
3016 2239 3451 2313 κατῃδέσθημεν,
3474 2239 3615 2294 ἀλλά
3637 2240 3733 2294 καὶ

2055 2325 2156 2399 τήν
2176 2325 2441 2382 ἀθάνατον
2469 2326 2665 2398 ψυχὴν,
2699 2327 2776 2390 ὡς
2796 2329 2863 2383 ἀν
2882 2344 2966 2391 τις
2989 2326 3154 2392 είποι,
3185 2327 3252 2398 τῇ
3277 2327 3441 2399 σαρκὶ
3462 2325 3732 2399 προσκολο

2056 2412 2342 2484 λήσαντες,
2375 2415 2566 2484 γήϊνον
2612 2413 2782 2487 αὐτὴν
2837 2413 2934 2469 καὶ
2989 2413 3192 2486 νεκρὰν
3235 2416 3330 2468 καὶ
3373 2414 3733 2487 ἀνενέργητον

2055 2498 2308 2568 γενέσθαι
2347 2501 2867 2572 κατεσκευάσαμενς
2919 2501 3032 2571 Μή.
3075 2499 3401 2572 παρακαλῶ,
3443 2501 3520 2572 μή
3561 2501 3733 2566 οὕτως

2055 2585 2367 2658 ἀγνώμονες
2388 2580 2538 2658 ὦμεν
2567 2588 2694 2659 περὶ
2718 2588 2808 2642 τὸν
2857 2586 3093 2642 τοσαῦτα
3119 2587 3264 2658 ήμάς
3297 2587 3731 2659 εὐηργετηκότα,

2057 2672 2191 2727 ἀλλά
2223 2675 2334 2738 τοῖς
2353 2673 2518 2728 αὐτοῦ
2542 2675 2726 2745 νόμοις
2757 2673 3034 2745 ἑπόμενοι,
3068 2673 3137 2728 τά
3176 2673 3327 2746 αὐτῷ
3350 2673 3612 2729 δοκοῦντα
3639 2676 3734 2728 καὶ

2057 2761 2328 2832 εὐάρεστα
2379 2761 2508 2815 δντα
2556 2759 3039 2833 διαπραττώμεθα,
3095 2761 3182 2814 ῖνα
3216 2761 3311 2815 καὶ
3355 2760 3465 2814 τῶν
3497 2762 3734 2815 αἰωνίων

2055 2846 2277 2915 ἀγαθῶν
2305 2847 2488 2914 ἀξίους
2514 2849 2664 2919 ἡμᾶς
2686 2847 2942 2920 ἀναδείξῃ
2959 2865 2973 2879 ·
3005 2840 3081 2901 ὧν
3105 2847 3318 2917 γένοιτο
3348 2847 3558 2912 πάντας
3585 2851 3733 2919 ήμᾶς

2056 2932 2374 3002 ἀξιωθῆναι,
2433 2934 2618 3006 χάριτι
2653 2935 2744 2988 καὶ
2777 2933 3158 3005 φιλανθρωπία
3209 2935 3303 2989 τοῦ
3336 2935 3544 3007 Κυρίου
3575 2935 3736 3006 ήμῶν

2069 3019 2245 3090 Ἰησοῦ
2270 3020 2526 3091 Χριστοῦ,
2563 3021 2684 3091 μεθ’
2721 3015 2783 3074 οὗ
2815 3021 2892 3092 τῷ
2932 3022 3128 3092 ῐῐατρὶ,
3153 3020 3271 3092 ἅμα
3291 3022 3369 3091 τῷ
3402 3022 3543 3093 ἀγίῳ
3567 3023 3736 3075 Πνεύ-

2059 3121 2193 3177 ματι
2238 3105 2386 3172 δόξα,
2421 3107 2658 3177 κράτος,
2702 3109 2860 3179 τιμὴ,
2911 3108 3009 3163 νῦν
3055 3109 3151 3163 καὶ
3190 3109 3312 3176 ἀεὶ,
3354 3111 3449 3163 καὶ
3487 3110 3570 3174 εἰς
3610 3112 3737 3176 τοὺς

2056 3192 2257 3258 αἰῶνας
2286 3193 2394 3249 τῶν
2416 3193 2653 3250 αἰώνων.
2700 3196 2894 3266 Ἀμήν.

2617 3355 2766 3430 [I50]
2792 3359 3034 3412 OMIAIA
3067 3358 3176 3413 Iﬂ'.

2057 3485 2167 3542 Kal
2202 3486 2502 3540 ἐκάλεσεν
2539 3485 2709 3556 Ἀδὰμ
2743 3486 2810 3540 τὸ
2839 3487 3026 3610 ὄνιέια
3057 3486 3170 3558 τῆς
3206 3489 3491 3568 γυναικὸς
3520 3489 3732 3554 αὐτοῦ,

2127 3555 2324 3610 Ζωὺά.
2353 3555 2442 3608 ὅτι
2467 3555 2620 3610 αὕτη
2652 3557 2850 3610 mimo
2877 3573 2920 3609 π
2963 3574 3118 3610 ντων
3167 3576 3286 3610 των
3324 3557 3574 3610 Clin-tur-
3622 3561 3732 3610 Kal

2127 3555 2324 3620 Ζωὴά,
2353 3555 2442 3608 ὅτι
2467 3555 2620 3621 αὕτη
2647 3557 2850 3624 μήτηρ
2877 3555 3127 3610 πάντων
3167 3555 3286 3611 τῶν
3324 3555 3574 3620 ζώντων.
3622 3561 3733 3616 Καὶ

2126 3625 2382 3700 ἐποίησε
2434 3627 2648 3700 {nivpr
2675 3628 2707 3678 ό
2742 3627 2887 3700 Θεὸς
2920 3625 3001 3690 τῷ
3045 3627 3221 3700 Ἀδὰμ
3253 3629 3352 3700 καί
3383 3628 3457 3696 τῇ
3493 3630 3734 3700 γυναικί

2123 3693 2312 3776 αὐτοῦ
2335 3693 2593 3762 χιτῶνας
2614 3693 3027 3764 δερματίνους.
3049 3699 3145 3750 καὶ
3165 3693 3459 3751 ἐνέδυσεν
3485 3693 3728 3766 αὐτούς.

2124 3763 2246 3837 Ital
2263 3758 2432 3816 εἶπεν
2458 3766 2492 3818 ό
2519 3765 2665 3831 Θεός
2684 3779 2698 3793 ⁸
2743 3763 2900 3818 Ἰδοὺ
2948 3764 3127 3834 Ἀδὰμ
3157 3767 3403 3837 γέγονεν
3430 3769 3510 3837 ὡς
3545 3764 3634 3837 εἷς
3662 3770 3734 3837 ἐξ

2221 3787 2432 3842 εδιῖιεν
2458 3787 2490 3818 o
2519 3787 2665 3831 σεος
2684 3787 2697 3793 '
2755 3787 2900 3818 ισου
2960 3787 3127 3834 nou]:
3157 3787 3403 3837 γεγονεν
3430 3787 3510 3837 ως
3545 3787 3634 3837 εις
3662 3787 3692 3825 ε

2126 3833 2312 3902 ἡμῶν.

2127 3973 2194 4020 α’.
2211 3967 2395 4021 Εἶδετε
2416 3966 2534 4038 χθές
2555 3968 2822 4022 Δικαστοῦ
2840 3968 3249 4042 φιλανθρωπίαν
3265 3987 3280 4036 ;
3297 3971 3467 4026 εἴδετε
3485 3973 3734 4040 ἐξέτασιν

2053 4054 2390 4125 ἀγαθότητος
2419 4054 2698 4126 γέμουσαν
2727 4073 2742 4123 ;
2768 4057 2936 4112 εἰδετε
2973 4059 3254 4130 τιμωριῶν
3287 4060 3583 4132 διαφοράν;
3615 4062 3734 4127 πῶς

2056 4141 2157 4213 μέν
2185 4143 2212 4196 ό
2245 4141 2333 4196 διά
2371 4142 2470 4211 τῆς
2498 4144 2717 4214 ἀπάτης
2753 4141 3119 4208 ὑποσκελίσας
3149 4148 3493 4218 ἐτιμωρήθη.
3522 4151 3640 4213 πῶς
3673 4151 3732 4204 δέ

2052 4231 2087 4300 ή
2111 4231 2222 4293 τοῖς
2246 4228 2716 4283 ὐποσκελισθείσιν
2746 4230 3048 4300 ἐπαχθεῖσα
3092 4232 3338 4302 τιμωρία
3369 4234 3570 4306 πολλὴν
3618 4237 3730 4291 δεί-

2053 4332 2210 4370 κνυσι
2238 4316 2339 4388 τήν
2375 4314 2471 4369 τοῦ
2501 4315 2638 4369 Θεοῦ
2682 4315 3126 4387 φιλανθρωπίαν;
3161 4318 3334 4374 εἰδετε
3381 4321 3559 4394 πόσης
3595 4326 3730 4395 ήμίν

2050 4400 2316 4470 ὠφελείας
2349 4402 2574 4470 γέγονεν
2602 4403 2861 4468 ὑπόθεσις
2888 4403 2950 4456 τὸ
2991 4405 3340 4476 παραστῆναι
3371 4407 3452 4478 τῷ
3468 4409 3730 4482 δικαστη-

2053 4488 2175 4563 ρίῳ,
2207 4489 2302 4542 καὶ
2329 4488 2458 4542 ἰδεῖν
2475 4489 2625 4552 ὅπως
2645 4489 3088 4563 προεχώρησενή
3115 4491 3403 4562 ἐξέτασις;
3440 4497 3730 4569 Ἔγνωμεν

2051 4575 2180 4646 γάρ,
2218 4576 2358 4630 ὅσων
2387 4593 2444 4629 τε
2469 4576 2565 4629 καί⁵
2597 4575 2805 4646 ήλίκων
2831 4577 3054 4645 ἀγαθῶν
3083 4581 3313 4646 ἐαυτούς
3341 4583 3728 4657 ἀπεστέρησαν

2050 4663 2078 4716 δ
2103 4679 2163 4716 τε
2199 4662 2388 4734 Ἀδὰμ,
2417 4663 2452 4733 ή
2483 4680 2542 4716 τε
2572 4663 2709 4730 Εὔα,
2733 4663 2822 4717 διὰ
2840 4664 2939 4735 τῆς
2964 4667 3331 4738 παραϐάσεως
3358 4671 3460 4742 τῆς
3480 4673 3729 4746 δοθείσης

2048 4749 2271 4819 ἐντολῆς
2291 4789 2306 4814 ,
2355 4751 2732 4828 γυμνωθέντξς
2761 4751 2862 4823 τῆς
2901 4753 3061 4824 δόξης
3097 4757 3316 4829 ἐκείνης
3342 4761 3441 4831 τῆς
3470 4763 3684 4829 ἀφάτου
3706 4805 3723 4832 ,

2049 4836 2145 4891 καὶ
2173 4835 2272 4904 τῆς
2302 4835 2450 4907 ζωῆς
2471 4837 2571 4908 τῆς
2618 4838 2771 4892 οὐδέν
2817 4839 3039 4894 ἔλαττον
3089 4844 3278 4914 σχεδὸν
3301 4857 3325 4885 ο
3361 4847 3593 4918 ἐχούσης
3616 4850 3726 4904 τῶν

2049 4921 2315 4990 ἀγγέλων.
2339 4923 2566 4994 Εἰδομεν
2598 4925 2698 4994 τὴν
2721 4924 3080 4990 ἀνεξικακίαν
3106 4929 3202 4984 τοῦ
3231 4933 3524 4997 Δεσπότου,
3569 4936 3727 4989 ἐπαι-

2047 5009 2319 5082 δεύθημεν
2349 5013 2472 5066 ὅσον
2509 5014 2678 5067 κακόν
2709 5015 2826 5069 ἐστι
2872 5017 3137 5088 ῥᾳθυμία,
3175 5020 3268 5073 καὶ
3300 5020 3449 5087 ὅπως
3481 5024 3577 5078 καὶ
3617 5027 3725 5079 τῶν

2048 5097 2151 5168 ήδη
2191 5098 2560 5184 ὐπηργμένων
2597 5101 2818 5168 ἀγαθῶν
2847 5105 3092 5173 γυμνοὺς
3138 5107 3233 5160 καί
3283 5110 3525 5181 ἐρήμους
3573 5115 3725 5184 ἡμᾶς

2049 5181 2361 5272 ἐργάζεται,
2395 5185 2487 5238 καί
2535 5187 2594 5238 ἐν
2641 5187 2809 5258 πολλῇ
2857 5189 3152 5262 καθίστησι
3189 5196 3259 5266 τῇ
3305 5197 3556 5272 αἰσχύνῃ.
3596 5181 3722 5268 λιδ,

2051 5271 2370 5361 παρακαλῶ,
2407 5273 2688 5344 νήφωμεν,
2736 5275 2834 5329 καὶ
2883 5275 2955 5330 τά
3007 5279 3236 5334 ἐκείνων
3277 5271 3546 5354 πτώματα
3594 5288 3729 5361 ήμίν

2051 5358 2290 5427 γενέσθω
2305 5360 2594 5430 φάρμακα,
2624 5362 2718 5415 καὶ
2747 5365 2781 5433 ή
2809 5362 3034 5419 ἐκείνων
3061 5367 3304 5439 ῥᾳθυμία
3329 5372 3462 5443 ήμῖν
3486 5358 3730 5443 γενέσθω

2049 5445 2349 5513 ἀσφαλείας
2380 5446 2636 5510 ὑπόθεσις
2657 5464 2671 5480 ο
2700 5449 2890 5523 ἐπειδὴ
2921 5453 3015 5506 καὶ
3047 5453 3253 5523 μείζων
3282 5459 3316 5530 ή
3350 5461 3590 5532 τιμωρία
3615 5467 3731 5530 τοῖς

2047 5533 2130 5595 εἰς
2157 5532 2216 5585 τὸ
2244 5533 2371 5603 ἑξῆς
2397 5533 2468 5586 τά
2488 5534 2629 5588 αὐτὰ
2664 5535 3099 5608 πλημμελοῦσιν.
3137 5542 3251 5615 δσῳ
3286 5547 3419 5616 μηδὲ
3450 5550 3560 5611 τοῖς
3593 5550 3728 5604 ὐπο-

2045 5617 2301 5708 δείγμασι
2319 5621 2749 5708 σωφρονέστεροι
2764 5624 3020 5692 γενέσθαι
3034 5627 3434 5702 ἠϐουλήθησαν.
3460 5635 3594 5688 Οὐδέ
3617 5636 3728 5708 7&9

2045 5703 2102 5792 οἰ
2119 5704 2258 5792 μετά
2289 5705 2462 5792 ταῦτα
2490 5707 2557 5760 τά
2581 5708 2720 5761 αὐτά
2751 5712 2866 5773 τοῖς
2893 5714 3180 5783 προτέροις
3200 5718 3608 5788 ἁμαρτάνοντες

2045 5789 2215 5878 αὐτὴν
2253 5791 2672 5863 εἰσπράττονται
2703 5793 2878 5865 δίκην.
2904 5797 3014 5849 Καὶ
3032 5798 3191 5853 τοῦτο
3219 5804 3502 5875 συντόμως
3533 5789 3727 5878 μαθεῖν

2048 5875 2258 5941 ἔξεστιν
2283 5879 2393 5934 ἀπὸ
2424 5879 2517 5932 τοῦ
2545 5881 2711 5950 σοφοῦ
2746 5881 3068 5938 διδασκάλου
3097 5887 3198 5958 τῆς
3237 5875 3589 5967 οἰκουμένης,
3630 5898 3725 5951 τοῦ

2113 6051 2138 6090 d
2162 6053 2309 6102 μνη,
2337 6054 2454 6113 Εὔα,
2483 6056 2596 6119 ὅπερ
2621 6057 2718 6106 ἐστὶ
2748 6063 2840 6117 ζωή
2909 6075 2932 6102 ε
2979 6063 3149 6124 Σχεδὸν
3173 6065 3315 6121 decu
3339 6071 3390 6120 in
3413 6071 3580 6129 ὶῖοιοί.
