4146 6494
471 474 572 530 ΗΞ)

469 585 736 656 μακαρίου
767 583 976 637 Παύλου
1009 585 1172 654 φημὶ,
1223 584 1467 650 λέγοντος
1487 597 1502 613 ⁶
1535 583 1705 636 Ὅσοι
1736 583 1845 651 γὰρ
1891 579 2120 650 ἀνόμως

470 672 752 741 ἥμαρτον,
769 672 1004 740 ἀνόμως
1033 672 1128 724 καί
1154 670 1544 733 ἀπολοῦνται·
1565 671 1658 723 καὶ
1679 670 1810 722 ὅσοι
1833 669 2124 737 ἐννόμωςι

467 760 751 830 ἥμαρτον,
784 759 882 813 διὰ
902 760 1086 828 νόμου
1129 757 1531 824 κριθήσονται.
1573 759 1636 810 ’0
1657 757 1712 809 δὲ
1731 755 1877 824 λέγει
1894 755 2128 808 τοιοῦτόν

467 845 646 899 ἐστιν’
678 847 752 900 Ού
787 847 886 916 τὴν
932 844 1099 914 αὐτὴν
1126 841 1355 897 δώσουσι
1395 843 1549 914 δίκην
1578 843 1628 894 οί
1673 842 1779 913 πρὸ
1815 841 1909 894 τοῦ
1940 840 2126 910 νόμου,

466 931 563 985 καὶ
595 934 642 986 οί
673 933 812 1004 μετά
856 933 947 984 τὸν
976 931 1139 1001 νόμον
1165 970 1180 995 ,
1231 930 1366 985 ἀλλά
1398 929 1702 1000 βαρυτέρας
1734 928 2128 998 ύποστήσονται

465 1023 735 1094 τιμωρίας
771 1022 817 1073 οί
847 1019 987 1090 μετά
1033 1019 1132 1090 τὴν
1182 1017 1275 1071 τοῦ
1323 1018 1488 1088 νόμου
1519 1017 1665 1070 δόσιν
1704 1017 2126 1090 ἁμαρτάνοντες.

470 1107 634 1161 Ὅσοι
656 1107 764 1176 γὰρ
795 1106 1026 1174 ἀνόμως
1058 1104 1340 1174 ἥμαρτον,
1363 1103 1716 1172 ἀνόμως-’καί
1739 1101 2128 1156 ἁπολοῦνταμ

466 1193 777 1257 τουτέστιν,
826 1191 1183 1263 ὴμερωτὲραν
1225 1190 1406 1253 αὐτοῖς
1443 1190 1715 1261 ποιεῖτὴν
1749 1188 2019 1257 τιμωρίαν
2069 1189 2140 1256 τὸ,

472 1280 545 1351 μὴ
567 1280 711 1351 ἐχειν
729 1281 828 1351 τὴν
854 1279 959 1332 ἀπὸ
973 1278 1065 1331 τοῦ
1085 1277 1250 1348 νόμου
1281 1275 1626 1329 διδασκαλίαν
1654 1291 1710 1327 τε
1740 1274 1832 1326 καὶ
1854 1273 2125 1345 βοήθειαν.

465 1368 577 1421 Kal
629 1366 760 1420 ὅσοι
790 1366 858 1419 ἐν
885 1366 1040 1433 νόμῳ
1072 1364 1356 1432 ἥμαρτον,
1395 1362 1494 1416 διὰ
1513 1361 1698 1430 νόμου
1725 1359 2125 1427 κριθήσονται.

467 1447 627 1508 Οῦτοι
650 1453 728 1518 δέ,
753 1452 936 1523 φησὶν,
963 1449 1151 1521 ἐπειδὴ
1179 1451 1270 1504 καὶ
1295 1449 1386 1503 τὸν
1415 1449 1578 1517 νόμον
1603 1448 1760 1518 ἔσχον
1788 1447 2128 1510 διδάσκαλον,

468 1542 564 1594 καὶ
591 1540 710 1593 οὐδὲ
742 1539 915 1600 οὕτως
942 1535 1445 1608 ἐσωφρονίσθησαν,
1482 1533 1618 1587 ἀλλὰ
1637 1534 1704 1587 τὰ
1735 1533 1874 1587 αὑτά
1906 1535 2132 1598 ἐκείνοις

467 1627 732 1698 ῆμαρτον,
755 1626 990 1695 ,μείζονα
1021 1625 1114 1677 καὶ
1137 1623 1234 1693 τὴν
1278 1621 1439 1692 δίκην
1467 1621 1676 1673 τίσουσι
1705 1622 1752 1673 δ.
1802 1621 1940 1673 Ἀλλ’
1969 1619 2134 1674 ἀκού-

471 1727 655 1790 σωμεν
683 1712 778 1765 καὶ
804 1709 912 1764 τῶν
932 1710 1175 1781 σήμερον
1205 1707 1680 1776 ἀναγνωσθέντων.
1719 1705 1827 1788 Kal
1851 1704 2128 1771 ἐκάλεσε,

472 1801 657 1871 φησιν,
709 1799 892 1868 Ἀδὰμ
928 1798 992 1852 τὸ
1043 1798 1230 1865 ὄνομα
1258 1795 1368 1863 τῆς
1404 1793 1689 1863 γυναικός
1734 1793 1940 1856 αὐτοῦ,
1969 1794 2092 1848 Εὔα
2113 1833 2129 1858 ,

470 1885 616 1953 ὅπερ
643 1885 771 1938 ἐστι
797 1883 930 1951 ζωὴ,
961 1883 1048 1937 ὅτι
1079 1884 1231 1951 αὕτη
1242 1882 1440 1950 μήτηρ
1468 1880 1711 1935 πάντων
1741 1879 1860 1933 τῶν
1881 1877 2125 1940 ζώντων.

473 1975 615 2041 Ὅρα
635 1970 736 2042 τῆς
763 1969 910 2033 θείας
937 1970 1160 2041 Γραφῆς
1197 1969 1296 2040 τὴν
1335 1967 1640 2040 ἀκρίϐειαν,
1681 1966 1798 2030 πῶς
1826 1966 1946 2020 οὐδὲ
1975 1966 2133 2020 τοῦτο

472 2059 740 2129 παρῆκεν,
787 2056 901 2111 ἀλλ’
931 2054 1163 2120 ἐδίδαξεν
1195 2056 1363 2126 ἡμᾶς,
1391 2055 1474 2108 ὃτι
1502 2055 1596 2107 καὶ
1624 2056 1688 2124 τῇ
1718 2052 1936 2121 γυναικὶ
1968 2069 2135 2124 προσ-

471 2145 781 2216 ηγορίανοδ
827 2144 999 2214 ’Δδὰμ
1036 2141 1322 2212 ἐπέθηκεν.
1364 2139 1664 2206 Ἐκάλεσε,
1695 2139 1839 2211 γάρ.
1879 2139 2036 2210 φησὶ,
2068 2139 2135 2194 τὸ

473 2233 659 2302 ὄνομα
691 2230 801 2299 τῆς
827 2229 1108 2300 γυναικὸς
1144 2228 1352 2293 αὐτοῦ,
1380 2223 1525 2292 Εὕα,
1573 2229 1710 2298 ὅπερ
1739 2227 1854 2280 ἐστὶ
1885 2226 2017 2294 ζωὴ,
2047 2226 2134 2281 ὅτι

471 2318 622 2385 αὕτη
645 2317 841 2386 μήτηρ
866 2315 1105 2368 πάντων
1135 2313 1255 2367 τῶν
1297 2311 1526 2375 ζώντων
1556 2329 1571 2345 ο
1627 2312 1926 2376 τουτέστιν,
1994 2313 2131 2384 αῦτη

471 2405 614 2475 ἀρχή
644 2405 760 2456 ἐστι
811 2401 1028 2456 πάντων
1075 2399 1183 2453 τῶν
1216 2400 1277 2466 ἐξ
1321 2399 1493 2470 αὐτῆς
1541 2400 1835 2470 ἐσομένων,
1859 2402 1954 2454 καὶ
1983 2397 2132 2472 [151]

475 2489 601 2562 ῥίζα
631 2490 724 2543 καὶ
754 2487 1000 2559 θεμέλιος
1029 2487 1126 2558 τῆς
1159 2487 1294 2557 μετά
1323 2487 1496 2541 ταῦτα
1546 2487 1759 2555 γενεᾶς.
1815 2481 1947 2541 Εἶτα
1998 2487 2137 2556 μετά

472 2577 536 2631 τὸ
555 2576 759 2644 διδάξαι
801 2576 948 2646 ἡμᾶς
987 2574 1083 2645 τὴν
1115 2573 1454 2628 ἐπιτεθεῖσαν
1488 2575 1554 2644 τῇ
1601 2574 1820 2642 γυναικὶ
1870 2591 2136 2644 προσηγο·

478 2664 622 2736 ρίαν,
669 2663 833 2716 πάλιν
875 2662 1146 2717 δείκνυσιν
1173 2663 1305 2732 ἡμῖν
1355 2659 1448 2714 τοῦ
1496 2660 1631 2714 Θεοῦ
1659 2660 1758 2732 τὴν
1804 2660 2137 2731 ἀγαθότητα,

476 2753 624 2813 ὅπως
664 2750 725 2803 οὐ
773 2750 1002 2820 περιορᾷ
1047 2750 1106 2802 ἐν
1141 2748 1376 2819 τοσαύτῃ
1423 2747 1650 2820 αίσχύνῃ
1688 2749 1782 2802 καὶ
1840 2748 2139 2819 γυμνότητι

475 2837 602 2899 τοὺς
642 2835 733 2889 ὑπ’
759 2833 926 2888 αὑτοῦ
958 2833 1475 2905 δημιουργηθέντας.
1509 2835 1618 2888 Kal
1669 2835 1941 2904 ἐποίησε,
1982 2837 2138 2906 φησι,

475 2922 694 2989 Κύριος
727 2924 761 2976 ό
792 2920 936 2987 Θεὸς
965 2919 1045 2985 τῷ
1082 2919 1260 2989 Ἀδὰμ
1284 2919 1379 2973 καί
1407 2918 1482 2987 τῇ
1505 2919 1740 2989 γυναικί
1768 2920 1955 2976 αὑτοῦ
1973 2921 2142 2989 χιτῶ-

476 3024 590 3073 νας
633 3006 1058 3076 δερματίνους,
1112 3006 1211 3059 καί
1259 3005 1550 3060 ἐνέδυσεν
1601 3008 1841 3081 αὐτούς.
1878 3007 2142 3078 Καθάπερ

477 3095 588 3165 γὰρ
627 3093 807 3165 πατὴρ
840 3091 1210 3163 εὖσπλαγχνος
1241 3091 1407 3145 παῖδα
1429 3091 1568 3162 ἐχων
1591 3093 1786 3164 εὐγενῆ
1806 3104 1854 3158 ο,
1879 3094 1971 3148 καὶ
2003 3096 2143 3164 μετά

483 3181 663 3248 πάσης
692 3178 1008 3249 ἐπιμελείας
1037 3178 1491 3249 ἀνατρεφόμενον,
1527 3179 1620 3232 καὶ
1665 3180 1877 3250 τρυφῆς
1927 3180 2143 3250 ἀπάσης

481 3264 844 3326 ἀπολαύοντα,
871 3265 964 3318 καὶ
991 3265 1144 3335 ἑστία
1174 3263 1404 3335 λαμπρᾷ
1433 3267 1788 3334 κεχρημένον,
1821 3267 1916 3320 καὶ
1946 3268 2146 3338 σηρικά

485 3350 677 3420 ίμάτια
707 3349 1192 3420 περιϐεϐλημένον,
1219 3350 1314 3403 καὶ
1346 3350 1482 3419 μετά
1536 3350 1718 3414 ἀδείας
1758 3354 1821 3421 τῇ
1858 3353 2145 3423 περιουσίᾳ

483 3438 578 3490 καὶ
607 3435 685 3507 τῷ
706 3437 920 3509 πλούτῳ
949 3436 1288 3508 κεχρημένον
1311 3436 1388 3508 τῷ
1417 3436 1689 3507 πατρικῷ,
1737 3438 1878 3509 ὀρῶν
1918 3438 2144 3508 ὕστερον

481 3524 594 3580 ἀπὸ
617 3525 717 3594 τῆς
743 3525 978 3588 ἀνέσεως
1001 3527 1207 3596 ταύτης
1227 3525 1327 3595 τῆς
1361 3524 1557 3594 πολλῆς
1587 3527 1665 3586 είς
1685 3526 1927 3596 κρημνὸν
1949 3529 2146 3591 κακίας

483 3609 848 3677 ἐξοκείλαντα,
874 3611 1087 3666 πάντων
1108 3612 1328 3665 ἐκείνων
1349 3612 1727 3682 ἀποστερήσας
1753 3613 1845 3665 καὶ
1861 3615 1930 3684 τῇ
1951 3613 2145 3667 ἐαυτοῦ

485 3699 703 3770 ἐξουσίᾳ
723 3699 1015 3765 ὑποτάξας,
1046 3699 1141 3752 καὶ
1169 3699 1268 3768 τῆς
1297 3697 1522 3769 ἐσθῆτος
1572 3698 1888 3768 γυμνώσας,
1934 3700 2147 3770 ίμάτιον

487 3784 700 3848 εὐτελὲς
732 3785 878 3856 αὐτῷ
910 3785 1168 3848 πολλάκις
1215 3786 1309 3839 καὶ
1339 3783 1582 3839 δουλικὸν
1615 3785 1976 3856 περιτίθησιν,
2008 3785 2147 3839 ὥστε

492 3873 568 3944 μὴ
592 3874 770 3943 πάντη
807 3872 1010 3944 γυμνὸν
1043 3868 1182 3927 εῖναι
1234 3875 1328 3927 καὶ
1376 3874 1704 3944 ἀσχημονεῖν
1729 3892 1742 3905 ·
1773 3873 1914 3928 οὕτω
1956 3875 2019 3946 δὴ
2055 3877 2149 3932 καὶ

487 3964 516 4014 ὁ
537 3958 916 4030 φιλάνθρωπος
949 3960 1102 4026 Θεὸς,
1148 3960 1333 4031 ἐπειδὴ
1366 3961 1617 4027 ἀναξίους
1641 3960 1865 4023 ἑαυτοὺς
1889 3962 2149 4033 κατέστη-

490 4064 590 4101 σαν
631 4046 726 4100 τοῦ
761 4046 1013 4119 λαμπροῦ
1064 4049 1272 4101 ἐκείνου
1303 4048 1398 4101 καὶ
1447 4048 1676 4117 φαιδροῦ
1706 4047 2021 4118 ἐνδύματος,
2052 4050 2147 4104 τοῦ

490 4133 927 4205 περιστέλλοντος
955 4134 1152 4196 αὐτοὺς
1171 4174 1186 4198 ,
1216 4135 1308 4186 καὶ
1357 4133 1868 4206 παρασκευάζοντος
1893 4135 1920 4175 ἀ
1950 4137 2149 4190 ἀνωτέ-

494 4237 617 4291 ρους
650 4215 791 4273 εἶναι
820 4219 926 4272 τῶν
951 4220 1275 4290 σωματικῶν
1301 4221 1576 4288 ἀναγκῶν,
1633 4220 1928 4291 γυμνώσας
1954 4223 2150 4286 αὐτοὺς

491 4307 590 4376 τῆς
604 4305 761 4370 δόξης
797 4305 1007 4378 ἐκείνης
1038 4307 1272 4376 ἀπάσης,
1291 4307 1385 4359 καὶ
1413 4307 1510 4376 τῆς
1532 4307 1902 4373 ἀπολαύσεως,
1932 4303 2001 4379 ἦς
2017 4311 2151 4381 πρό-

488 4409 646 4459 τερον
681 4396 948 4463 μετεῖχον,
990 4395 1118 4463 πρὶν
1163 4393 1196 4463 ἢ
1224 4397 1407 4445 πεσεῖν
1439 4393 1500 4445 τὸ
1535 4395 1736 4464 πτῶμα
1768 4396 1926 4450 τοῦτο
1959 4397 2019 4450 τὸ
2059 4416 2152 4468 χα-

483 4480 672 4545 λεπὸν,
721 4480 885 4533 πολὺν
934 4481 1061 4551 περὶ
1085 4480 1282 4542 αὐτοὺς
1326 4481 1416 4534 τὸν
1462 4477 1638 4535 οἶκτον
1685 4482 2145 4555 ἐπιδεικνύμενος,

493 4567 587 4620 καὶ⁵
614 4565 779 4620 ἐλεῶν
804 4566 1001 4630 αὐτοὺς
1031 4567 1128 4636 τῆς
1164 4566 1512 4631 ἐκπτώσεως,
1539 4569 1635 4621 καὶ
1661 4569 1801 4640 ὀρῶν
1831 4570 2027 4642 πολλὴν
2052 4573 2149 4642 τὴν

492 4653 878 4724 ἀσχημοσύνην
903 4652 1412 4724 περιϐεϐλημένους,
1435 4655 1526 4707 καὶ
1545 4655 1642 4708 οὐκ
1667 4656 1896 4719 είδότας,
1922 4658 1949 4710 ὃ
1973 4674 2026 4709 τι
2057 4657 2150 4711 καὶ

494 4743 778 4812 πράξουσι,
814 4743 949 4813 πρὸς
970 4743 1029 4796 τὸ
1067 4742 1140 4814 μὴ
1171 4744 1411 4812 γυμνοὺς
1443 4738 1582 4798 εἶναι
1609 4745 1703 4797 καὶ
1737 4748 2148 4819 ἐνασχημονεῖν,

493 4832 723 4901 χιτῶνας
774 4830 955 4893 αὐτοῖς
1027 4830 1311 4899 ἐργάζεται
1377 4830 1731 4903 δερματίνους
1785 4833 1876 4886 καὶ
1926 4836 2151 4906 ἀμφιέν-

493 4932 634 4972 νυσι.
665 4914 898 4989 ξΓοιαῦτα
925 4917 1031 4989 γάρ
1050 4917 1115 4969 τά
1139 4916 1285 4987 παρά
1313 4916 1406 4969 τοῦ
1434 4929 1456 4956 ο
1479 4918 1721 4972 διαϐόλου
1756 4923 2146 4992 μηχανήματα·

494 5007 590 5058 ἐπε
600 5005 710 5060 ιδάν
721 5007 828 5078 γὰρ
844 5006 976 5077 εὕρῃ
989 5009 1112 5070 τοὺς
1126 5005 1273 5077 αύτῷ
1287 5007 1658 5077 πειθομένους,
1677 5008 1765 5061 διὰ
1775 5009 1871 5079 τῆς
1891 5009 2144 5081 βραχείας

495 5091 686 5162 ἡδονῆς
713 5093 1092 5156 ὑποσκελίσας,
1118 5095 1210 5146 καὶ
1232 5096 1310 5157 είς
1336 5094 1497 5147 αὑτὸν
1527 5095 1625 5162 τῆς
1650 5095 1846 5158 κακίας
1876 5097 1964 5150 τὸν
1993 5097 2150 5168 βυθὸν

496 5179 821 5248 καταγαγὼν
855 5176 898 5244 ί,
927 5180 1019 5232 καὶ
1052 5180 1228 5248 πάσης
1270 5179 1530 5250 αἰσχύνης
1559 5183 1649 5233 καὶ
1675 5183 1897 5252 ἀτιμίας
1931 5186 2150 5257 πληρώ-

494 5284 614 5331 σας,
649 5265 840 5334 ἀφίησι
879 5265 1089 5319 κεῖσθαι
1122 5265 1289 5326 κάτω,
1323 5266 1551 5319 ἐλεεινὸν
1583 5266 1760 5336 θέαμα
1787 5272 1895 5332 τοῖς
1929 5271 2147 5341 ὁρῶσιν.

507 5353 646 5406 Ἀλλ’
679 5353 842 5406 ὁτῶν
882 5353 1161 5422 ἡμετέρων
1182 5351 1368 5422 ψυχῶν
1397 5351 1665 5423 κηδεμὼν,
1697 5355 1839 5426 ὁρῶν
1872 5358 2066 5421 αὐτοὺς
2094 5360 2150 5411 ἐν

489 5439 777 5510 ,ἀμηχανίᾳ
819 5439 1006 5509 πολλῇ,
1053 5437 1174 5491 οὐδὲ
1218 5437 1358 5491 οὕτω
1405 5439 1660 5508 περιιδεῖν
1710 5441 1980 5515 ἀνέχεται,
2015 5444 2152 5500 ἀλλά

497 5527 704 5596 σκέπην
731 5525 913 5587 αὐτοῖς
948 5527 1167 5585 ἐπινοεῖ,
1197 5523 1283 5576 διὰ
1308 5526 1406 5594 τῆς
1432 5524 1703 5590 εὐτελείας
1728 5528 1820 5580 τοῦ
1855 5529 2151 5600 ἐνδύματος

491 5615 708 5676 δεικνὺς
750 5614 928 5677 αὐτοῖς
971 5612 1108 5666 οἴων
1131 5613 1353 5675 ἑαυτοὺς
1400 5613 1736 5682 κατέστησαν
1777 5614 1958 5680 ἀξίους
2001 5618 2151 5671 ἐνδυ-

496 5703 701 5774 μάτων.

557 5871 702 5918 “Sex
745 5868 1100 5919 mss.etSavil.
1148 5871 1194 5918 ἐν
1232 5869 1402 5933 νόμῳ.-
1445 5870 1472 5908 b
1516 5870 1716 5933 Quiilam
1761 5885 1868 5918 mss.
1919 5874 2141 5923 elSavil.

494 5934 857 5988 ὑποστήσονται.
927 5934 948 5960 τ
986 5934 1200 5987 Quatuor
1217 5928 1547 5987 ωεσζεύειδῆξ
1600 5928 1626 5968 εἴ
1653 5932 1744 5978 Alii
1773 5939 2143 5989 κατασκευάζον-

494 6011 586 6060 τος.
659 6010 680 6035 ο
708 5992 854 6060 Sayil:
886 5997 935 6038 cl
957 5992 1037 6040 alii
1137 6009 1178 6038 τι
1198 5994 1276 6060 καὶ
1296 5991 1559 6060 πράξουσι.
1595 5992 1809 6060 Τοιαῦται
1834 5993 1920 6060 γὰρ
1943 5996 2000 6042 τὰ
2022 5997 2146 6060 παρὰ

493 6053 598 6109 τοῦ,
626 6055 816 6103 οηιιεδίε
843 6053 1160 6102 inlermcdiis.
1234 6051 1253 6092 ι
1282 6051 1479 6114 Aliquot
1506 6065 1615 6103 mss.
1659 6051 1951 6102 καταϐαλών.

1241 469 1296 524 S.
1340 468 1622 525 JO.\NNIS
1661 465 2146 524 CHRYSOSTOMI
2185 464 2504 522 ARCHIEP.
2545 467 3090 525 CONS'I‘ANTINOP.

3777 468 3880 525 150

2299 581 2409 634 Kal
2441 582 2691 650 ἐποίησε
2728 584 2942 648 Κύιιος
2972 585 3004 636 ό
3045 581 3186 646 Θεες
3218 581 3298 647 τῷ
3343 580 3522 650 Ἀδὰμ
3553 582 3651 634 καί
3681 581 3754 649 τῇ
3786 600 3880 652 τινα

2227 669 2384 720 ναικί
2417 669 2602 722 αὐτοῦ
2628 666 2883 736 χιτῶνας
2906 667 3317 738 δερματίνους,
3349 668 3446 721 καί
3478 667 3772 722 ἐνέδυσεν
3784 670 3890 720 αὑ-

2227 754 2390 819 τούς.
2436 755 2576 825 Ὅρα
2607 754 2745 824 πόση
2775 754 2874 823 τῆς
2914 754 3064 818 θείας
3115 754 3336 824 Γραφῆς
3380 755 3412 824 ἡ
3458 755 3886 822 συγκατάϐασις.

2242 839 2378 892 Ἀλλ’
2407 840 2542 911 ὅπερ
2595 840 2851 904 πολλάκις
2891 835 3065 903 εἷπον,
3099 843 3193 895 καὶ
3230 840 3326 894 νῦν
3368 840 3537 910 λέγω·
3571 841 3890 911 θεοπρεπῶς

2231 926 2446 981 ἅπαντα
2479 926 2703 996 νοῶμεν,
2746 928 2838 980 καὶ
2875 927 2956 990 τὸ,
3011 927 3352 994 Ἐποίησεν,
3386 930 3506 982 ἀντὶ
3551 928 3663 990 τοῦ,
3709 929 3888 998 Προσ-

2230 1012 2436 1078 έταξεν,
2463 1014 2688 1084 νοῶμεν.
2734 1013 3015 1066 Ἐκέλευσε
3048 1011 3280 1083 χὶτῶνας
3315 1016 3668 1086 δερματίνους
3694 1015 3890 1077 αὐτοὺς

2230 1098 2615 1168 περιϐαλέσθαι
2642 1101 2667 1140 ⁸
2701 1099 2999 1170 ὑπόμνημα
3033 1099 3277 1170 διηνεκὲς
3305 1100 3402 1171 τῆς
3433 1101 3734 1173 παρακοῆς.

2302 1188 2367 1256 β’.
2400 1189 2770 1243 Ἀκουέτωσαν
2807 1191 2856 1243 οί
2892 1190 3268 1254 πλουτοῦντες,
3298 1193 3347 1244 ol
3381 1193 3755 1261 ἐντρυφῶντες
3779 1193 3890 1256 τοῖς

2227 1273 2335 1326 τῶν
2363 1275 2660 1344 σκωλήκων
2695 1277 2918 1346 νήμασι,
2954 1278 3049 1331 καὶ
3081 1277 3150 1330 τὰ
3180 1279 3384 1349 σηρικά
3416 1278 3890 1349 περιϐαλλόμενοι,

2230 1361 2324 1412 καὶ
2359 1359 2780 1430 μανθανέτωσαν
2799 1363 2918 1426 πῶς
2939 1363 2998 1425 ἐξ
3021 1365 3192 1434 ἀρχῆς
3220 1364 3316 1417 καὶ
3341 1366 3405 1417 ἐκ
3434 1366 3735 1436 προοιμίων
3762 1384 3892 1420 παιο

2229 1445 2397 1499 δεύων
2426 1446 2524 1517 τὴν
2551 1447 2898 1520 ἀνθρωπίνην
2925 1449 3086 1519 φύσιν
3117 1451 3146 1502 ὁ
3178 1449 3560 1522 φιλάνθρωπος
3592 1453 3891 1524 Δεσπότης,

2231 1533 2419 1602 ἐπειδὴ
2467 1533 2554 1586 διὰ
2600 1533 2695 1606 τὴν
2747 1536 3058 1606 παράϐασιν
3090 1537 3169 1607 τῷ
3219 1537 3485 1608 ἐπιτιμίῳ
3515 1540 3610 1594 τοῦ
3661 1541 3892 1595 θανάτου

2233 1619 2454 1688 γέγονεν
2491 1621 2789 1685 ὑπεύθυνος
2823 1624 2852 1676 ὁ
2889 1624 3331 1695 πρωτόπλαστος,
3369 1626 3538 1698 ἐχρῆν
3575 1627 3633 1682 δέ
3677 1629 3896 1698 ἱμάτιον

2232 1705 2382 1776 αὐτῷ
2415 1707 2765 1776 περιτεθῆναι
2797 1708 2857 1762 τὸ
2874 1709 2975 1778 τὴν
3004 1710 3269 1781 αίσχύνην
3296 1711 3591 1778 καλύπτον,
3632 1715 3896 1786 δερματί-

2231 1809 2354 1854 νους
2381 1793 2562 1856 αὐτοῖς
2580 1794 2803 1863 ἐποίησε
2831 1794 3084 1865 χιτῶνας,
3102 1796 3369 1852 διδάσκων
3391 1800 3536 1869 ἡμᾶς
3559 1799 3783 1870 φεύγειν
3804 1801 3899 1856 τὸν

2234 1878 2398 1949 ὑγρὸν
2427 1880 2521 1932 καὶ
2549 1879 2926 1951 διαλελυμένον
2948 1882 3082 1952 βίον,
3122 1883 3217 1936 καὶ
3255 1883 3330 1954 μὴ
3358 1885 3450 1938 τὸν
3479 1886 3764 1956 ἀνειμένον
3799 1889 3896 1942 καὶ

2234 1963 2492 2034 βλακείας
2524 1965 2762 2036 γέμοντα
2786 1967 3163 2038 μεταδιώκειν,
3187 1969 3325 2025 ἀλλά
3341 1971 3432 2025 τὸν
3460 1972 3731 2045 αὐστηρὸν
3760 1975 3897 2044 μᾶλο

2233 2051 2324 2104 λον
2364 2050 2521 2124 [Ιόἰ]
2545 2053 2908 2119 ἀσπάζεσθαι.
2956 2055 3096 2110 Ἀλλ’
3149 2057 3281 2120 (om;
3319 2059 3611 2130 ἀχθόμενοι
3648 2062 3785 2132 πρὸς
3828 2063 3899 2118 τὰ

2235 2135 2505 2208 λεγόμενα
2543 2140 2594 2193 ol
2631 2141 2989 2207 πλουτοῦντες
3027 2145 3246 2215 ἐροῦσι·
3277 2145 3343 2199 Τί
3388 2142 3516 2213 οῦν;
3542 2147 3900 2219 δερματίνους

2236 2224 2384 2293 ἡμᾶς
2421 2227 2654 2294 χιτῶνας
2681 2227 2926 2293 κελεύεις
2959 2230 3381 2301 περιϐαλέσθαι;
3417 2234 3493 2288 Οὐ
3523 2232 3682 2288 τοῦτο
3719 2234 3896 2304 λέγειν

2236 2310 2357 2364 οὐδὲ
2385 2311 2493 2382 γάρ
2542 2313 2739 2368 ἐκεῖνοι
2777 2315 2857 2379 είς
2889 2315 2950 2370 τὸ
2977 2316 3222 2389 διηνεκὲς
3264 2318 3493 2384 ἐκείνοις
3528 2323 3641 2385 τοῖς
3671 2321 3903 2391 χιτῶσιν

2237 2397 2533 2467 ἐκέχρηντο
2556 2414 2570 2429 ο
2606 2402 2635 2454 ὁ
2664 2402 2773 2473 γὰρ
2798 2403 3181 2475 φιλάνθρωπος
3211 2405 3492 2478 Δεσπότης
3520 2407 3608 2480 ἀεὶ
3629 2411 3752 2472 ταῖς
3775 2425 3909 2480 προσ

2237 2481 2524 2549 λαϐούσαις
2558 2485 2898 2557 εὐεργεσίαις
2916 2490 3110 2562 ἐτέρας
3137 2491 3512 2563 προστίθησιν.
3549 2494 3769 2567 Ἐπειδὴ
3793 2496 3906 2569 γάρ

2237 2569 2422 2625 λοιπὸν
2444 2573 2777 2639 ὑπευθύνους
2802 2577 3026 2642 ἑαυτοὺς
3056 2579 3400 2650 κατέστησαν
3423 2584 3544 2646 ταῖς
3561 2585 3908 2652 σωματικαῖς

2239 2655 2524 2723 ἀνάγκαις,
2559 2660 2657 2729 τῆς
2696 2661 2963 2726 ἀπαθείας
2995 2663 3207 2735 ἐκείνης
3242 2668 3336 2720 καὶ
3371 2669 3468 2736 τῆς
3503 2667 3799 2739 ἀγγελικῆς
3829 2669 3911 2723 δι-

2238 2743 2458 2813 αγωγῆς
2501 2744 2985 2818 ἀποστερηθέντες,
3026 2750 3164 2818 μετά
3195 2750 3366 2806 ταῦτα
3394 2753 3766 2824 ᾠκονόμησεν,
3794 2755 3912 2811 ἀπὶ

2238 2827 2347 2881 τῶν
2388 2829 2552 2902 ἐρίων
2584 2833 2691 2887 τῶν
2719 2834 3005 2905 προϐάτων
3042 2837 3112 2892 τὰ
3140 2837 3415 2910 ἐνδύματα
3452 2842 3564 2904 τοῖς
3596 2839 3913 2912 ἀνθρώποις

2242 2918 2773 2986 κατασκευάζεσθαι,
2799 2922 3012 2986 οὐδενὸς
3028 2924 3213 2995 ἐτέρου
3237 2925 3445 2992 ῑνεκεν,
3470 2927 3663 2999 ῆῶστε
3694 2928 3912 3001 σκέπην

2241 3002 2515 3070 γενέσθαι,
2551 3005 2649 3059 καὶ
2683 3007 2758 3079 μὴ
2798 3008 2859 3060 τὸ
2883 3008 3098 3079 λογικὸν
3130 3011 3288 3066 τοῦτο
3316 3014 3452 3076 ζῶον
3490 3015 3632 3068 κατὰ
3675 3016 3739 3070 τδ
3774 3017 3914 3070 αὐτὸ

2241 3094 2355 3155 τοῖς
2385 3092 2602 3162 ἀλόγοις
2639 3097 2697 3149 ἐν
2730 3099 3029 3170 γυμνότητι
3063 3103 3157 3155 καὶ
3185 3103 3539 3178 ἀσχημοσύνῃ
3571 3106 3797 3175 διάγειν.
3843 3109 3912 3162 Ἥ

2242 3181 2420 3233 τοίνυν
2460 3180 2568 3234 τῶν
2613 3183 2840 3253 ἱματίων
2874 3187 3133 3258 περιϐολὴ
3177 3189 3481 3262 ὑπόμνησις
3507 3194 3638 3264 ημῖν
3665 3195 3915 3265 γενέσθω

2244 3265 2496 3354 διηνεκὴς
2517 3267 2617 3339 τῆς
2640 3271 2748 3322 τῶν
2777 3273 2998 3341 ἀγαθῶν
3017 3274 3363 3342 ἐκπτώσεως,
3391 3280 3486 3332 καὶ
3506 3281 3604 3351 τῆς
3632 3283 3915 3354 τιμωρίας

2244 3349 2582 3418 διδασκαλία,
2617 3359 2684 3426 ἢν
2707 3357 2796 3411 διά
2827 3358 2925 3431 τὴν
2958 3363 3245 3434 παρακοήν
3271 3363 3331 3417 τὸ
3355 3364 3466 3420 τῶν
3490 3349 3795 3437 ἀνθρώπων
3817 3369 3915 3438 γέ-

2245 3454 2334 3529 νος
2375 3440 2614 3504 ἐδέξατο.
2647 3443 2970 3516 Λεγέτωσαν
3004 3449 3182 3503 τοίνυν
3204 3453 3338 3522 ἡμῖν
3362 3454 3412 3506 οί
3442 3454 3678 3529 τοσαύτῃ
3702 3473 3918 3528 κεχρη-

2250 3527 2399 3596 μένοι
2430 3531 2496 3600 τῇ
2530 3534 2822 3605 φαντασίᾳ,
2852 3535 2929 3599 ὡς
2960 3537 3094 3607 μηδέ
3125 3539 3324 3593 εἰδέναι
3350 3541 3536 3595 λοιπὸν
3575 3527 3785 3598 τάήάπδ
3816 3527 3919 3600 τοῦ

2247 3614 2407 3704 ἐρίου⁸
2428 3615 2535 3669 τῶν
2571 3619 2856 3688 προϐάτων
2901 3622 3193 3695 ἐνδύματα,
3228 3626 3363 3681 ἀλλά
3399 3627 3468 3682 τὰ
3505 3629 3707 3702 σηρικά
3755 3649 3920 3704 περι-

2248 3697 2567 3770 ϐαλλόμενοι
2591 3703 2686 3758 καὶ¹
2708 3707 2787 3769 είς
2813 3707 3065 3764 τοσοῦτον
3089 3711 3457 3778 ἐξοκείλαντες
3485 3697 3703 3787 μανίας,
3719 3717 3796 3781 ὡς
3817 3697 3923 3772 καὶ

2248 3787 2471 3854 χρυσίον
2493 3790 2836 3859 συνυφαίνειν
2858 3796 2970 3859 τοῖς
2995 3796 3291 3868 ἐνδύμασι·
3320 3801 3552 3870 μάλιστα
3583 3803 3692 3873 γάρ
3721 3805 3781 3856 τὸ
3802 3805 3922 3858 τῶν

2248 3875 2520 3939 γυναικῶν
2541 3877 2697 3943 γένος
2719 3879 2923 3950 ταύτην
2945 3882 3075 3952 ἡμῖν
3098 3885 3466 3941 ἐπιδείκνυται
3491 3889 3589 3960 τὴν
3619 3891 3884 3960 βλακείαν
3903 3912 3919 3926 ο

2247 3963 2392 4022 τίνος
2427 3962 2539 4034 γάρ
2571 3964 2776 4030 ἕνεκεν,
2810 3968 2930 4022 είπέ
2964 3987 3076 4040 μοι,
3107 3972 3318 4038 τούτοις
3358 3975 3420 4028 τὸ
3451 3976 3611 4046 σῶμα
3642 3977 3923 4033 καλλωπί-

2249 4046 2383 4134 ζεις,
2420 4050 2516 4102 καὶ
2545 4053 2756 4124 χαίρεις
2781 4058 2848 4125 τῇ
2875 4057 3122 4112 ἐντεῦθεν
3151 4061 3433 4134 περιϐολῇ,
3463 4065 3557 4117 καὶ
3588 4063 3687 4118 οὐκ
3707 4065 3922 4132 ἐννοεῖς

2249 4133 2332 4225 ὅτι
2367 4135 2484 4225 ἀντὶ
2516 4139 2779 4209 μεγίστης
2807 4145 3078 4215 τιμωρίας
3108 4146 3195 4199 διά
3217 4147 3314 4218 τὴν
3338 4149 3646 4220 παράϐασιν
3669 4153 3703 4221 ἡ
3728 4152 3918 4225 σκέπη

2251 4219 2391 4292 αὕτη
2423 4224 2689 4297 ἐπενοήθη
2709 4244 2723 4293 ;
2742 4226 2839 4281 Διά
2862 4229 2914 4282 τί
2941 4231 3047 4302 γὰρ
3075 4234 3147 4303 μὴ
3172 4234 3389 4299 ἀκούεις
3404 4237 3616 4290 Παύλου
3635 4219 3918 4306 λέγοντοςί

2257 4308 2535 4376 Ἔχοντες
2557 4311 2876 4382 διατροφὰς
2905 4318 3004 4370 καὶ
3039 4319 3456 4390 σκεπάσματα,
3481 4323 3712 4390 τούτοις
3740 4325 3924 4393 ἀρκε-

2251 4397 2633 4465 σθησόμεοα;
2672 4401 2834 4472 Ὁρᾷς
2861 4403 2942 4456 ὅτι
2991 4405 3108 4468 ἐνὸς
3142 4407 3304 4476 μόνου
3345 4409 3426 4462 δεῖ
3457 4411 3781 4480 φροντίζειν,
3820 4414 3920 4468 τοῦ

2254 4480 2328 4571 μὴ
2356 4483 2563 4571 γυμνὸν
2588 4483 2726 4540 εἶναι
2758 4489 2816 4540 τὸ
2848 4488 3023 4560 σῶμα,
3057 4490 3149 4544 τοῦ
3183 4493 3480 4548 σκέπεσθαι
3510 4496 3670 4565 μόνον
3700 4498 3752 4560 ιι,
3810 4517 3919 4571 μη-

2252 4567 2368 4621 κέτι
2401 4569 2458 4622 δέ
2500 4571 2595 4624 καὶ
2625 4574 2750 4644 περὶ
2781 4575 3041 4646 διαφορᾶς
3068 4577 3293 4648 ἐσθῆτος
3319 4581 3572 4650 φροντίδα
3597 4567 3917 4651 ποιεῖσθαις

2263 4655 2402 4740 ’Ἀλλ’
2433 4657 2525 4710 ἐπὶ
2559 4660 2654 4730 τὴν
2682 4663 3000 4717 ἀκολουθίαν
3027 4664 3287 4735 ἐλθωμεψ
3323 4668 3431 4722 Kal
3464 4665 3634 4724 εἶπεν
3672 4673 3702 4725 ό
3733 4674 3884 4740 Θεός
3906 4693 3921 4706 ·

2265 4739 2418 4794 Ἰδοὺ
2463 4741 2635 4810 Ἀδὰμ
2669 4744 2912 4814 γέγονεν
2941 4747 3019 4812 ὡς
3044 4743 3130 4812 εἷς
3153 4748 3221 4812 ἐξ
3241 4747 3429 4817 ἡμῶν,
3460 4752 3564 4806 τοῦ
3593 4739 3923 4822 γινώσκειν

2252 4824 2444 4878 καλὸν
2485 4827 2582 4880 καί
2617 4831 2902 4896 πονηρόν.
2950 4831 3057 4886 Kal
3090 4832 3205 4887 νῦν
3244 4834 3477 4902 μήποτε
3512 4837 3749 4909 ἐκτείνει
3801 4842 3924 4910 τὴν

2251 4912 2420 4980 χεῷα
2444 4914 2651 4978 αὐτοῦ,
2686 4916 2781 4970 καί
2812 4917 2966 4986 λάϐῃ
2997 4919 3112 4972 ἀπὸ
3143 4921 3246 4974 τοῦ
3272 4920 3464 4984 ξύλου
3492 4926 3601 4993 τῆς
3620 4925 3788 4995 ζωῆς,
3818 4931 3922 4982 καί

2250 4999 2410 5070 φάγῃ
2445 5001 2543 5056 καί
2573 5001 2812 5073 ζήσεται
2843 5007 2930 5070 εἰς
2959 5005 3064 5058 τὸν
3103 5005 3307 5061 αἰῶνα.
3343 5010 3453 5065 Kal
3481 5011 3924 5076 ἐξαπέστειλεν

2250 5087 2438 5143 αὑτὸν
2458 5091 2672 5158 Κύριος
2696 5095 2731 5146 ό
2759 5091 2901 5158 Θεὸς
2921 5093 2990 5146 ἐκ
3021 5093 3125 5148 τοῦ
3146 5096 3514 5164 παραδείσου
3529 5085 3640 5166 τῆς
3657 5101 3922 5170 τρυφῆς,

2250 5174 2591 5244 ἐργάζεσθαι
2619 5177 2733 5246 τὴν
2770 5177 2888 5248 γῆν
2924 5178 2993 5244 ἐξ
3023 5175 3098 5250 ἧς
3127 5179 3380 5251 ἐλήφθη.
3415 5184 3556 5256 Ὅρα
3584 5186 3745 5240 πάλιν
3775 5189 3923 5244 Θεοῦ

2253 5264 2680 5330 συγκατάϐασιν.
2711 5265 2821 5318 Kal
2847 5265 2995 5329 εἷπε,
3030 5266 3186 5338 φησι,
3227 5269 3444 5337 Κύριος
3470 5274 3503 5325 ό
3536 5273 3713 5339 Θεόςο
3754 5273 3921 5332 Ἰδοὺ

2264 5349 2434 5418 Ἀδὰμ
2462 5351 2708 5419 γέγονεν
2726 5352 2806 5415 ὡς
2837 5348 2924 5418 εἵς
2948 5352 3018 5417 ἐξ
3038 5354 3226 5423 ήμῶν,
3254 5355 3361 5409 τοῦ
3384 5357 3698 5427 γινώσκειν
3720 5364 3923 5417 καλὸν

2252 5435 2350 5488 καὶ
2395 5437 2684 5504 πονηρόν.
2719 5434 2870 5502 Εἶδες
2911 5441 3049 5510 πόση
3093 5440 3192 5511 τῆς
3239 5441 3435 5508 λέξεως
3478 5445 3511 5502 ἠ
3551 5447 3918 5516 ταπείνωσις;

2252 5520 2436 5577 Ταῦτα
2466 5522 2521 5575 δὲ
2551 5523 2764 5577 ἅπαντα
2794 5524 3110 5592 θεοπρεπῶς
3145 5527 3375 5597 νοῶμεν,
3410 5531 3666 5587 Βούλεται
3692 5535 3804 5606 γάρ
3832 5539 3919 5592 ὲν-

2251 5608 2419 5663 ταῦθα
2444 5610 2531 5662 διὰ
2563 5611 2669 5665 τῶν
2705 5613 2961 5682 ῥημάτων
2987 5613 3191 5668 τούτων
3218 5617 3318 5687 τῆς
3354 5619 3571 5690 ἀπάτης
3607 5623 3756 5692 ἡμᾶς
3782 5623 3916 5677 ὑποο

2256 5695 2476 5764 μνῆσαι,
2509 5697 2575 5766 ἢν
2597 5697 2952 5769 ἠπατήθησαν
2973 5701 3078 5753 ὑπὸ
3105 5699 3195 5753 τοῦ
3226 5701 3471 5757 διαϐόλου
3492 5704 3576 5758 διὰ
3594 5705 3688 5759 τοῦ
3711 5708 3914 5774 ὄφεως.

2265 5784 2480 5856 Ἐπειδὴ
2513 5785 2620 5857 γάρ
2653 5786 2833 5856 ἔλεγεν
2864 5791 3089 5857 ἐκεῖνος,
3126 5791 3208 5845 ὅτι
3246 5792 3387 5847 Ἐὰν
3414 5792 3661 5862 φάγητε,
3694 5795 3919 5854 ἔσεσθε

2324 6061 2348 6098 8
2371 6057 2470 6109 Alii
2489 6059 2866 6121 περιϐεϐλῆσθαι.
2937 6061 2963 6101 h
2987 6062 3136 6114 δίνη.
3164 6067 3214 6132 et
3240 6065 3322 6119 alii
3341 6064 3456 6115 αῦιο
3485 6064 3643 6128 μόνον.
