4152 6490
371 508 473 567 ηε)

367 619 515 673 orbis
548 615 765 673 doctore
802 616 1192 688 sapientissimo
1216 656 1231 681 ,
1279 615 1434 669 beato
1484 610 1648 666 Paulo
1693 610 1905 682 inquam
1930 652 1946 676 ,

368 712 576 766 discere
608 726 888 779 possumus
913 752 926 777 ,
970 712 1056 781 qni
1097 711 1225 766 dicit
1266 727 1280 763 ε
1326 709 1636 780 Quicumque
1671 707 1805 761 enim
1845 706 1954 761 sine

371 802 480 873 lege
506 818 835 872 peccaverunt
856 843 872 868 ,
915 804 1020 856 sine
1049 803 1156 872 lege
1183 803 1330 856 etiam
1357 801 1584 870 peribunt
1607 814 1627 853 :
1653 809 1699 854 et
1726 799 1953 868 quicum-

361 910 460 964 que
489 894 544 949 in
570 895 677 966 lege
700 909 907 964 peccare
938 904 1025 947 unt
1050 933 1063 957 ,
1097 911 1184 962 per
1205 894 1359 964 legem
1377 890 1747 962 judicabantur
1770 887 1947 951 (Rom.

362 984 418 1037 Ω.
450 984 561 1055 12).
596 985 686 1039 llis
725 984 898 1039 verbis
940 984 1199 1054 signiﬁcat
1225 1023 1242 1052 ,
1286 997 1392 1037 non
1435 980 1678 1038 eamdem
1728 980 1950 1034 inituros

368 1089 581 1143 pmnam
630 1089 726 1130 eos
767 1075 857 1144 qui
895 1085 1020 1130 ante
1061 1074 1231 1144 legem
1264 1115 1279 1139 ,
1311 1082 1364 1129 et
1391 1088 1484 1128 eos
1510 1072 1599 1142 qui
1630 1082 1749 1141 post
1776 1071 1948 1141 legem

365 1173 738 1233 peccaverunt.
771 1163 998 1221 Gravius
1020 1165 1161 1219 enim
1196 1164 1482 1233 punientur
1508 1163 1596 1231 qui
1626 1169 1748 1230 post
1777 1160 1948 1230 legem

362 1252 540 1308 datam
567 1256 922 1325 peccaverint.
952 1254 1084 1310 Nam
1110 1254 1419 1324 Quicumque
1435 1255 1543 1308 sine
1570 1254 1677 1324 lege
1704 1269 1946 1323 peccave-

361 1353 505 1410 runt,
537 1345 685 1398 etiam
713 1346 821 1399 sine
845 1345 954 1416 lege
990 1345 1219 1414 peribunt
1248 1360 1265 1397 :
1293 1343 1531 1415 proficiet
1554 1343 1658 1398 illis
1683 1344 1748 1397 ad
1779 1343 1949 1398 levio-

362 1447 480 1488 rem
519 1449 730 1504 ptenam
754 1476 768 1500 ,
796 1435 938 1505 quod
973 1436 1101 1505 legis
1139 1431 1379 1490 doctrina
1408 1443 1464 1490 et
1491 1433 1816 1488 adminiculo
1853 1447 1945 1488 ca-

365 1525 594 1579 ruerint.
623 1525 690 1579 Et
710 1526 1011 1596 quicumque
1044 1527 1134 1580 sub
1159 1525 1265 1597 lege
1289 1534 1638 1596 peccaverunt,
1674 1541 1761 1594 per
1785 1525 1945 1594 legem

359 1623 411 1668 et
428 1614 813 1684 judicabantur.
842 1616 929 1670 lsti
959 1657 976 1684 ,
1006 1616 1196 1686 inquit,
1225 1617 1345 1684 quia
1373 1625 1426 1670 et
1446 1615 1618 1685 legem
1645 1613 1946 1668 habuerunt

360 1704 669 1774 magistram
695 1745 712 1771 ,
745 1714 798 1761 et
824 1720 997 1776 neque
1022 1706 1099 1760 sic
1137 1703 1405 1761 emendati
1445 1714 1570 1759 sunt
1595 1745 1611 1769 ,
1633 1703 1726 1759 sed
1757 1703 1941 1757 eadem

358 1809 482 1863 qm:
511 1794 583 1848 illi
615 1804 968 1864 peccaverunt
997 1836 1014 1864 ,
1045 1797 1343 1867 graviorem
1368 1808 1582 1866 quoque
1607 1808 1819 1864 prunam
1844 1793 1942 1847 da-

357 1883 511 1938 bunt.
549 1882 655 1941 Sed
697 1885 976 1942 audiamus
1022 1902 1142 1958 qua
1181 1885 1338 1942 hodie
1380 1896 1504 1941 sunt
1536 1887 1708 1947 lecta.
1739 1884 1828 1940 20.
1876 1883 1943 1938 Et

355 1978 571 2045 vocavit,
602 1977 792 2048 inquit,
825 1978 989 2032 Adam
1015 1995 1195 2033 nomen
1212 1979 1386 2033 uxoris
1411 1994 1537 2044 suta,
1568 1976 1694 2042 Eva,
1725 1975 1781 2029 id
1807 1976 1944 2045 quod

355 2077 433 2123 est
457 2069 577 2136 vita,
608 2070 727 2140 quia
746 2070 857 2142 ipsa
882 2060 1044 2125 mater
1068 2071 1293 2125 omnium
1316 2070 1608 2124 viventium.
1638 2067 1773 2124 Vide
1801 2067 1941 2124 divi-

357 2173 445 2214 na:
485 2158 775 2230 Scriptum
801 2161 1152 2232 diligentiam,
1177 2161 1446 2234 quomodo
1476 2176 1650 2233 neque
1677 2161 1780 2218 hoc
1800 2175 1910 2231 prae
1926 2193 1940 2202 -

358 2251 506 2315 tcrit,
534 2252 628 2307 sed
656 2251 961 2317 docetnos,
984 2253 1244 2308 Adamum
1286 2254 1450 2310 etiam
1489 2254 1698 2310 mulieri
1742 2269 1938 2310 nomen

356 2339 697 2412 imposuisse.
776 2342 984 2399 Vocavit
1010 2385 1024 2411 ,
1084 2346 1290 2416 inquit,
1336 2363 1517 2401 nomen
1591 2348 1767 2402 uxoris
1836 2363 1943 2402 sua:

357 2427 472 2485 Eva
495 2471 508 2495 ,
554 2432 608 2486 id
659 2441 736 2488 est
782 2435 933 2489 vita:
963 2436 1081 2505 quia
1113 2437 1225 2505 ipsa
1276 2447 1438 2491 mater
1486 2447 1560 2493 est
1601 2439 1823 2492 omnium
1861 2440 1938 2492 vi-

357 2522 578 2576 ventium
603 2537 622 2576 :
656 2525 755 2579 hoc
791 2534 912 2592 est,
956 2524 1071 2595 ipsa
1105 2537 1189 2582 est
1211 2527 1360 2597 origo
1385 2541 1571 2583 eorum
1618 2528 1708 2599 qui
1744 2543 1809 2584 ex
1852 2529 1940 2584 illa

356 2621 483 2665 sunt
523 2611 683 2668 futuri
703 2653 716 2678 ,
744 2613 1000 2686 radixque
1036 2625 1089 2672 et
1115 2615 1515 2674 fundamentum
1544 2619 1819 2688 sequentis
1842 2633 1938 2690 ge-

357 2702 668 2757 nerationis.
705 2703 834 2758 Dein
866 2715 1144 2776 postquam
1180 2706 1360 2763 docuit
1398 2723 1497 2762 nos
1523 2707 1794 2778 quomodo
1823 2723 1941 2762 mu-

356 2789 473 2846 lieri
490 2792 791 2862 impositum
804 2809 997 2851 nomen
1015 2795 1195 2865 fuerit,
1211 2798 1402 2852 iterum
1414 2797 1648 2854 ostendit
1669 2799 1824 2854 nobis
1847 2799 1939 2855 Dei

360 2880 675 2949 bonitatem,
699 2899 819 2954 qua:
842 2900 948 2941 non
965 2885 1209 2957 despexit
1224 2903 1318 2943 eos
1333 2889 1423 2959 qui
1448 2903 1478 2942 a
1499 2903 1562 2946 se
1578 2891 1744 2945 creati
1765 2899 1935 2956 erant,

355 2970 414 3024 in
439 2979 580 3025 tanta
609 2973 847 3030 nuditate
874 2983 929 3029 et
954 2976 1240 3046 ignominia
1262 2987 1557 3034 versantes.
1583 2980 1676 3035 21.
1701 2981 1768 3034 Et
1798 2981 1937 3052 fecit,

356 3059 570 3132 inquit,
600 3062 850 3120 Dominus
877 3063 1015 3120 Deus
1052 3068 1178 3122 Ade:
1201 3077 1245 3122 et
1265 3070 1414 3123 uxori
1436 3070 1576 3125 illius
1603 3081 1759 3128 vestes
1789 3071 1942 3142 pelli-

355 3164 471 3204 ceas
499 3190 517 3218 ,
551 3161 598 3206 et
621 3153 785 3208 induit
809 3155 943 3211 illos.
977 3155 1125 3212 Sicut
1151 3157 1453 3215 misericors
1482 3169 1632 3230 pater
1651 3159 1816 3215 illium
1845 3160 1941 3215 ha-

355 3239 491 3297 hens
518 3242 653 3298 bona
675 3244 851 3300 indole
870 3249 885 3278 ¹
908 3247 1208 3317 praeditum,
1236 3257 1290 3305 et
1313 3251 1459 3306 omni
1479 3259 1608 3306 cura
1633 3253 1938 3318 educatum,

355 3338 412 3385 ct
439 3329 704 3388 fruentem
729 3336 976 3391 omnibus
1005 3337 1209 3393 deliciis
1232 3379 1248 3405 ,
1299 3349 1449 3394 veste
1477 3340 1640 3396 nitida
1665 3357 1730 3397 ac
1753 3343 1940 3399 sericis

354 3419 610 3476 amictum
635 3463 650 3488 ,
682 3428 1024 3497 paternisque
1062 3429 1251 3499 opibus
1277 3444 1466 3486 secure
1503 3441 1743 3488 utentem
1773 3474 1786 3500 ,
1815 3450 1936 3490 cum

357 3512 550 3568 viderit
575 3528 696 3570 eum
723 3517 883 3572 nimia
907 3522 1257 3589 prosperitate
1278 3522 1330 3576 in
1352 3523 1568 3579 malitia:
1584 3526 1936 3596 praecipitium

356 3606 683 3678 prolapsum,
706 3611 879 3679 privat
903 3611 1006 3667 illis
1030 3614 1294 3679 omnibus,
1315 3625 1368 3670 et
1395 3631 1505 3671 sua:
1530 3618 1779 3686 potestati
1808 3619 1939 3674 sub-

359 3696 492 3766 iicit,
524 3705 673 3754 veste
692 3699 915 3770 spoliat,
943 3716 1007 3756 ac
1026 3703 1116 3757 vili
1144 3705 1430 3776 servilique
1449 3708 1643 3762 amictu
1671 3708 1821 3764 illum
1850 3710 1932 3764 in-

355 3786 491 3852 duit,
522 3803 590 3843 ne
614 3791 831 3846 omnino
858 3791 1031 3848 nudus
1061 3793 1131 3849 sit
1169 3802 1223 3850 et
1255 3797 1423 3865 turpis
1455 3815 1468 3852 :
1502 3797 1573 3852 ita
1603 3805 1656 3853 et
1679 3798 1939 3869 benignus

358 3877 532 3944 Deus,
559 3881 807 3948 quoniam
837 3882 1009 3938 Adam
1036 3895 1090 3940 et
1120 3885 1225 3940 Eva
1253 3887 1502 3957 indignos
1528 3903 1648 3945 sese
1676 3891 1939 3946 exhibue-

355 3978 481 4024 runt
503 3969 814 4027 indumento
838 3975 1068 4043 glorioso
1092 3975 1184 4030 illo
1199 3985 1253 4032 et
1274 3977 1460 4044 nitido,
1484 3994 1591 4050 quo
1615 3982 1940 4038 amiciehan-

357 4067 444 4112 tur
473 4100 490 4125 ,
537 4068 594 4115 et
639 4061 780 4130 quod
811 4064 970 4119 nullis
1011 4067 1379 4135 corporalibus
1405 4083 1500 4124 eos
1527 4071 1938 4128 necessitatibus

355 4148 616 4208 obnoxios
659 4166 779 4209 esse
808 4155 1013 4210 sinebat
1043 4198 1058 4221 ,
1093 4157 1310 4213 nudavit
1340 4160 1459 4215 illos
1479 4163 1623 4216 omni
1652 4163 1741 4218 illa
1767 4165 1936 4234 gloria

357 4251 412 4295 et
433 4241 702 4310 fruittone,
726 4261 827 4314 qua
849 4257 970 4302 ante
988 4263 1201 4318 gravem
1231 4250 1367 4305 hanc
1390 4252 1594 4307 ruinam
1614 4255 1934 4324 gaudebant:

356 4336 685 4404 multamque
704 4351 826 4407 erga
854 4337 971 4393 illos
999 4340 1050 4393 in
1081 4348 1278 4395 tantam
1313 4343 1600 4412 perniciem
1637 4346 1815 4415 lapsos
1844 4362 1939 4401 ex-

359 4421 548 4480 hibens
589 4425 982 4483 miserationem
1014 4471 1028 4494 ,
1073 4431 1362 4501 vidensque
1391 4449 1582 4504 magno
1611 4435 1812 4505 pudore
1836 4438 1938 4492 cir-

359 4515 631 4570 cumfusos
663 4556 678 4582 ,
709 4519 1025 4589 consiliique
1071 4521 1257 4590 inopes
1288 4564 1303 4591 ,
1337 4539 1404 4579 ne
1453 4525 1579 4580 nudi
1635 4539 1813 4583 essent
1840 4569 1854 4595 ,
1885 4537 1939 4583 et

363 4602 612 4660 indecore
641 4620 699 4661 se
722 4620 991 4676 gererent,
1019 4621 1196 4666 vestes
1222 4612 1350 4681 ipsis
1380 4615 1628 4683 pelliceas
1650 4617 1795 4684 facit,
1826 4632 1938 4673 eos

355 4707 461 4763 que
484 4695 736 4766 contegit.
760 4696 917 4753 Tales
937 4700 1078 4754 enim
1101 4704 1245 4756 sunt'
1262 4702 1458 4758 diaboli
1481 4707 1933 4765 machinatiOues:

356 4787 404 4840 si
433 4787 644 4856 quando
663 4787 804 4842 enim
826 4789 1032 4860 aliquos
1056 4792 1314 4849 invenerit
1339 4795 1427 4865 qui
1450 4796 1549 4851 sibi
1575 4809 1814 4867 parcant,
1844 4816 1936 4856 eos

357 4874 628 4944 voluptate
643 4877 869 4946 quadam
892 4880 1097 4936 modica
1126 4884 1516 4953 supplantatos,
1548 4897 1603 4942 et
1631 4889 1682 4942 in
1715 4892 1934 4958 profun-

355 4965 483 5020 dum
508 4966 726 5022 malitia:
754 4970 1018 5040 projectos
1043 5013 1058 5037 ,
1091 4975 1340 5044 omnique
1369 4977 1682 5036 confusione
1711 4990 1763 5034 et
1789 4981 1938 5050 igno-

359 5056 520 5110 minia
549 5057 755 5126 plenos,
779 5060 959 5129 jacere
1001 5064 1288 5134 relinquit,
1338 5069 1640 5124 miserabile
1687 5073 1936 5128 omnibus

359 5145 448 5216 qui
477 5147 623 5201 illum
655 5148 838 5204 vident
883 5154 1266 5221 spectaculum.
1298 5158 1365 5210 At
1393 5158 1690 5213 animarum
1722 5173 1934 5216 nostra-

359 5251 474 5291 rum
496 5237 723 5294 Curator
758 5282 773 5307 ,
803 5241 990 5299 videns
1016 5245 1135 5299 illos
1159 5247 1212 5300 in
1241 5248 1400 5302 tantis
1423 5247 1846 5317 difﬁcultatibus,
1881 5253 1935 5307 in

360 5327 464 5386 hoc
485 5339 640 5386 statu-
656 5335 856 5403 positos
879 5350 982 5390 non
1013 5335 1237 5407 despicit
1268 5380 1284 5404 ,
1317 5339 1410 5393 sed
1448 5341 1802 5396 velamentum
1833 5345 1936 5399 illis

357 5421 621 5489 excogitat
654 5464 668 5489 ,
701 5439 797 5492 per
822 5435 1021 5480 vestem
1064 5428 1225 5483 vilem
1269 5432 1560 5487 ostendens
1589 5435 1834 5504 qualibus
1876 5452 1934 5492 se

359 5508 687 5568 vssdmentis
715 5514 902 5585 dignos
927 5516 1168 5572 fecerint.

423 5710 442 5780 ξ
471 5716 681 5780 (mutuor
703 5717 829 5780 uss,
857 5714 1049 5772 decore,
1074 5730 1177 5780 pro,
1203 5717 1323 5768 bona
1346 5718 1522 5780 indole.

421 5772 442 5802 ³
473 5769 634 5830 savit,
658 5769 945 5843 multamque
967 5769 1088 5843 ergo
1105 5769 1211 5829 illos
1232 5779 1448 5843 ultioni!
1469 5781 1836 5843 ndserationt‘m,
1874 5785 1935 5834 ri-

360 5831 475 5908 dens
498 5844 669 5908 magno
704 5831 887 5908 pudore
907 5831 1134 5908 sui/ulna.
1153 5841 1430 5905 consiliique
1453 5855 1630 5908 inopes.
1658 5831 1786 5893 Tales
1808 5831 1932 5896 enim

360 5897 482 5945 situt.
509 5901 624 5943 ctc..
650 5901 838 5949 omissis
861 5897 1180 5963 interpositis.

1417 499 1497 567 ΔΙΝ
1535 499 1686 555 CAP.
1719 497 1805 553 lll.
1833 495 2076 555 GENES.
2113 495 2322 553 llOMlL
2382 497 2570 554 XVIII.

3548 503 3649 558 150

2136 610 2397 678 Quomodo
2423 621 2577 666 vestes
2597 611 2831 682 pelliceas
2861 629 2912 682 pi
2925 613 3026 669 imo
3074 614 3270 683 parenti
3295 623 3341 668 et
3361 615 3504 668 uxori
3531 618 3649 686 [crit

2062 698 2223 756 Deus.
2279 701 2455 758 Luxus
2497 704 2549 756 in
2576 703 2789 758 vestibus
2829 713 3051 775 tempore
3090 703 3458 775 Cltrysostomi.
3485 735 3556 747 -—
3584 706 3648 761 Et

2060 793 2180 856 fecit
2211 793 2457 847 Dominus
2485 791 2622 847 Deus
2644 793 2768 848 Adae
2799 804 2846 848 et
2877 796 3024 848 uxori
3042 795 3179 848 illius
3199 804 3357 850 vestes
3383 796 3642 866 pellit-cus,

2058 891 2105 936 et
2147 883 2312 936 induit
2359 882 2494 938 illos.
2549 883 2701 952 Vide,
2725 900 2927 954 quaeso,
2968 897 3218 956 quantam
3250 889 3516 943 sermonis
3548 889 3649 942 litt-

2058 974 2334 1029 militatem
2399 975 2552 1031 nobis
2603 986 2923 1046 attemperat
2971 978 3148 1033 divina
3204 979 3500 1048 Scriptura.
3542 980 3646 1037 Sed

2055 1062 2196 1134 quod
2221 1081 2363 1135 smpe
2394 1065 2522 1134 dixi,
2560 1067 2609 1121 id
2641 1078 2693 1122 ct
2722 1084 2862 1123 nunc
2884 1070 3005 1124 dico
3033 1088 3046 1123 :
3070 1073 3249 1126 omnia
3279 1074 3348 1126 ita
3380 1073 3644 1143 intelliga-

2057 1171 2175 1210 mus
2207 1198 2220 1220 .
2251 1157 2389 1212 sicut
2427 1173 2524 1228 par
2566 1169 2647 1213 est
2677 1159 2743 1214 de
2789 1161 2899 1216 Deo
2935 1161 3179 1233 intelligi.
3228 1163 3460 1220 Verbum
3504 1164 3646 1220 Fecit

2051 1247 2235 1316 accipe
2281 1263 2376 1317 pro
2423 1262 2488 1303 eo
2513 1249 2654 1315 quod
2682 1260 2767 1304 est
2801 1291 2816 1314 ,
2859 1251 3143 1320 imperavit
3169 1262 3230 1307 ut
3254 1263 3455 1309 essent.
3479 1253 3647 1310 .lussit

2048 1337 2192 1392 enim
2236 1340 2426 1395 tunicis
2467 1340 2705 1410 pelliceis
2748 1343 2930 1397 vestiri
2971 1343 3022 1397 in
3075 1352 3385 1415 perpetuam
3426 1346 3644 1401 inobse-

2049 1428 2282 1498 quentiae
2309 1431 2643 1485 memoriam.

2118 1520 2170 1574 2.
2188 1521 2682 1593 Audiantopulenti,
2700 1533 2754 1580 et
2769 1524 2858 1595 qui
2879 1525 3143 1595 luxuriant
3169 1527 3220 1580 iu
3240 1528 3499 1583 vermimn
3527 1537 3645 1583 tcx-

2051 1610 2247 1679 tilibus,
2271 1626 2334 1667 ac
2361 1613 2658 1684 vestiuntur
2685 1615 2871 1670 sericis
2893 1657 2910 1683 ,
2933 1615 3248 1686 discantque
3277 1618 3546 1688 quomodo
3571 1619 3640 1672 ab

2049 1703 2202 1758 initio
2234 1704 2517 1759 humanam
2544 1705 2746 1761 docens
2764 1713 3010 1762 naturam
3036 1708 3298 1778 benignus
3341 1709 3601 1764 Dominus
3627 1749 3641 1773 .

2049 1795 2169 1865 quia
2207 1803 2424 1865 propter
2445 1797 2927 1867 transgressionem
2957 1811 3129 1866 piens:
3157 1798 3346 1853 mortis
3372 1813 3496 1853 reus
3525 1807 3640 1854 erat

2049 1887 2251 1957 primus
2279 1886 2442 1942 homo
2465 1927 2480 1954 ,
2507 1903 2750 1958 opusque
2777 1888 3006 1944 habebat
3035 1896 3186 1944 veste
3212 1904 3330 1959 qua:
3373 1889 3635 1960 pudorem

2048 1985 2284 2048 tegeret,
2314 1977 2563 2048 pelliceas
2607 1978 2705 2047 ipsi
2730 1977 2855 2033 fecit
2881 1987 3058 2034 vestes
3089 1997 3102 2031 :
3136 1993 3243 2049 quo
3281 1979 3464 2035 docuit
3489 1995 3589 2034 nos
3610 2019 3628 2046 ,

2046 2077 2106 2123 ut
2134 2068 2352 2124 mollem
2375 2078 2428 2124 et
2456 2069 2766 2124 dissolutam
2785 2069 2948 2126 vitam
2976 2069 3266 2141 fugiamus,
3290 2085 3463 2141 neque
3489 2072 3637 2126 iner-

2049 2166 2153 2212 tem
2181 2166 2236 2212 et
2261 2158 2538 2214 remissam
2571 2168 2840 2219 sectemur
2859 2201 2874 2224 .
2907 2159 3000 2215 scd
3031 2160 3198 2230 magis
3227 2169 3497 2215 austeram
3523 2174 3640 2214 amc

2046 2248 2340 2318 plcxemur.
2372 2247 2477 2304 Sed
2500 2248 2636 2305 forte
2660 2250 2919 2320 gravatim
2953 2247 3184 2305 ferentes
3203 2250 3318 2305 haec
3335 2249 3544 2316 divites,
3562 2251 3642 2304 di-

2044 2350 2164 2394 cent
2195 2356 2208 2394 :
2239 2339 2375 2408 Quid
2401 2340 2592 2411 igitur?
2617 2355 2685 2395 an
2714 2341 2938 2411 pellibus
2963 2341 3146 2396 vestiri
3175 2355 3272 2395 nos
3293 2341 3449 2410 jubes
3468 2340 3492 2393 ’ἲ
3511 2339 3630 2395 Non

2045 2429 2148 2486 hoc
2172 2429 2293 2486 dico
2326 2449 2341 2487 :
2373 2445 2496 2486 nam
2527 2446 2702 2502 neque
2746 2430 2820 2486 illi
2869 2439 3130 2502 perpetuo
3173 2430 3256 2485 usi
3301 2429 3515 2484 luerunt
3556 2431 3638 2486 his

2045 2508 2317 2590 vestibus;
2344 2523 2608 2595 benignus
2639 2525 2783 2580 enim
2832 2524 3089 2581 Dominus
3131 2525 3400 2596 prioribus
3425 2539 3640 2593 semper

2045 2615 2319 2672 beneﬁciis
2349 2619 2649 2672 recentiora
2671 2616 2916 2687 quaedam
2950 2616 3280 2688 superaddit.
3313 2616 3444 2671 Nam
3488 2626 3636 2686 post-

2044 2720 2201 2776 quam
2219 2720 2339 2762 scse
2355 2707 2726 2778 corporalibus
2739 2708 3143 2762 necessitatibus
3159 2708 3420 2762 obnoxios
3437 2705 3635 2772 iecere,

2045 2805 2099 2851 et
2127 2811 2155 2849 a
2181 2796 2366 2853 dolore
2395 2812 2558 2852 vacua
2589 2808 2644 2853 et
2661 2798 2897 2867 angelica
2923 2797 3030 2853 vita
3051 2798 3386 2862 exciderunt,
3413 2796 3633 2866 dispen-

2045 2889 2181 2943 savit
2233 2889 2413 2953 Deus,
2448 2897 2505 2944 ut
2533 2904 2598 2945 ex
2647 2889 2824 2944 ovium
2868 2890 3156 2945 velleribus
3198 2888 3443 2944 homines
3490 2888 3640 2944 indu-

2045 2987 2223 3032 menta
2253 2977 2353 3033 sibi
2386 2986 2655 3048 pararent,
2688 2994 2792 3034 non
2819 2980 2923 3034 alia
2965 2979 3032 3035 de
3062 2994 3219 3034 causa
3241 3020 3258 3047 ,
3285 2995 3444 3050 quam
3477 2989 3533 3034 ut
3558 2989 3634 3035 tc-

2044 3079 2353 3140 gumentutn
2386 3057 2616 3125 habeant
2641 3111 2655 3134 ,
2687 3080 2742 3125 et
2770 3088 2836 3126 ne
2867 3073 3126 3126 rationale
3155 3071 3353 3126 animal
3396 3071 3497 3127 hoc
3527 3088 3633 3127 non

2045 3174 2200 3215 secus
2228 3174 2293 3215 ac
2317 3159 2471 3215 bruta
2512 3161 2566 3215 in
2595 3161 2837 3217 nuditate
2863 3171 2918 3216 et
2956 3161 3224 3218 dedecore
3261 3163 3424 3218 vitam
3455 3164 3635 3234 degat.

2046 3249 2226 3318 Itaque
2263 3250 2492 3304 vestium
2536 3248 2761 3305 amictus
2789 3250 3101 3305 continuum
3152 3251 3306 3307 nobis
3353 3253 3422 3306 sit
3465 3255 3630 3308 moni-

2047 3347 2282 3394 mentum
2307 3381 2322 3406 ,
2352 3355 2458 3410 quo
2489 3354 2756 3395 memores
2799 3341 2967 3396 simus
2991 3383 3006 3408 ,
3037 3342 3252 3411 quantis
3300 3342 3455 3398 bonis
3481 3345 3638 3399 exci-

2044 3429 2305 3497 derimus,
2329 3441 2383 3485 et
2411 3429 2682 3485 discamus
2706 3439 2906 3500 quanto
2931 3433 3195 3503 supplicio
3225 3433 3512 3488 humanum
3537 3450 3634 3504 ge-

2045 3535 2144 3574 nus
2162 3519 2230 3576 ob
2256 3518 2672 3575 inobedicntiam
2699 3520 2768 3575 sit
2792 3519 3064 3576 allectum.
3086 3522 3271 3577 Dicant
3292 3522 3451 3594 igitur
3478 3524 3632 3580 nobis

2042 3608 2132 3678 qui
2167 3617 2312 3664 tanto
2337 3616 2558 3665 utuntur
2573 3619 2849 3681 apparatu,
2869 3620 2928 3666 ut
2945 3611 3056 3681 jam
3080 3627 3234 3668 usum
3251 3612 3386 3667 lana:
3417 3630 3636 3685 prorsus

2044 3715 2204 3756 nosse
2233 3700 2444 3768 nolint,
2477 3701 2573 3756 sed
2625 3702 2800 3758 serico
2843 3704 3161 3771 vestiantur,
3191 3719 3365 3774 eoque
3413 3705 3634 3760 insania:

2043 3805 2370 3860 pervenere,
2405 3801 2462 3846 ut
2514 3806 2700 3846 aurum
2747 3793 2984 3847 vestibus
3031 3794 3273 3848 intexant
3303 3810 3315 3848 :
3347 3794 3399 3848 in
3449 3796 3634 3864 primis

2043 3884 2184 3939 enim
2231 3883 2483 3939 mulieres
2528 3885 2651 3939 huic
2691 3885 2930 3940 mollitiei
2980 3886 3174 3941 dedita:
3221 3897 3345 3943 sunt
3373 3906 3384 3941 :
3414 3889 3628 3956 Quare,

2042 3973 2149 4039 dic,
2178 3975 2435 4040 obsecro,
2471 3989 2665 4045 corpus
2687 3976 2756 4029 ita
2786 3991 2964 4038 ornas,
2996 3985 3051 4031 et
3074 3977 3273 4046 gaudes
3301 3978 3628 4046 ejuscemodi

2043 4067 2242 4122 amictu
2265 4066 2288 4120 i
2315 4081 2422 4122 non
2457 4067 2659 4137 cogitas
2707 4081 2803 4136 pro
2847 4081 3039 4136 magno
3078 4068 3372 4137 supplicio,
3417 4079 3636 4139 propter

2044 4157 2522 4228 transgressionem
2543 4198 2558 4221 ,
2595 4166 2802 4228 tegmen
2852 4157 2953 4211 hoc
3000 4160 3356 4228 excogitatum
3379 4161 3542 4214 esse?
3571 4162 3634 4215 Et

2044 4264 2208 4320 quare
2235 4265 2339 4303 non
2379 4249 2531 4304 audis
2557 4249 2776 4303 Paulum
2808 4249 3072 4304 dicentem
3101 4267 3114 4302 :
3152 4249 3407 4304 [labentes
3447 4253 3634 4305 victum

2044 4353 2088 4395 et
2117 4342 2354 4395 amictum
2381 4382 2395 4407 ,
2418 4339 2522 4395 illis
2552 4341 2772 4396 contenti
2795 4342 2982 4396 erimus
3011 4341 3086 4412 (l.
3116 4341 3253 4396 Tim.
3279 4343 3329 4397 6.
3360 4343 3438 4412 8).
3475 4344 3636 4400 Vides

2046 4434 2200 4487 unius
2229 4431 2506 4486 dumtaxat
2545 4432 2623 4491 rei
2676 4431 2975 4486 habendam
3023 4447 3144 4487 esse
3170 4447 3353 4487 curam
3393 4451 3406 4487 :
3439 4433 3635 4488 videli-

2045 4534 2149 4592 cct,
2175 4541 2240 4578 ne
2264 4539 2460 4593 corpus
2483 4523 2682 4579 nudum
2709 4525 2798 4588 sit,
2828 4522 2919 4577 sed
2947 4533 2996 4577 ut
3034 4533 3259 4594 tegatur,
3283 4540 3379 4579 nec
3405 4527 3636 4596 amplius

2043 4618 2112 4672 de
2142 4618 2395 4672 varietate
2423 4617 2650 4671 vestium
2691 4631 2812 4672 esse
2844 4631 2940 4670 nos
2969 4615 3228 4670 sollicitos
3257 4627 3488 4686 Oportet.
3520 4617 3630 4672 Cm-

2044 4719 2212 4763 tcrum
2241 4707 2306 4761 ad
2343 4707 2617 4776 sequentia
2648 4707 2944 4761 veniamus.
2987 4705 3078 4760 22.
3120 4705 3185 4758 Et
3222 4707 3349 4760 dixit
3380 4707 3633 4762 Dominus

2042 4799 2181 4854 Deus
2211 4815 2230 4853 :
2258 4797 2389 4852 Ecce
2417 4799 2582 4851 Adam
2611 4798 2776 4866 [actus
2818 4807 2887 4851 est
2925 4799 3051 4850 sicut
3091 4814 3220 4851 unus
3262 4814 3324 4850 ex
3361 4799 3503 4851 nobis
3523 4839 3536 4856 ,
3567 4797 3641 4848 (ιιι

2040 4890 2299 4945 sciendum
2325 4889 2510 4942 bonum
2557 4898 2603 4942 et
2631 4887 2839 4941 malum.
2873 4887 2940 4940 Et
2970 4904 3102 4941 nunc
3145 4904 3206 4940 ne
3238 4890 3366 4957 forte
3404 4889 3636 4941 extetttlat

2041 4997 2248 5035 manum
2275 4995 2453 5044 suam,
2478 4988 2522 5032 et
2543 4979 2759 5046 accipiat
2794 4977 2855 5030 de
2883 4977 3019 5048 ligno
3040 4978 3154 5030 vita:
3174 5017 3188 5040 ,
3217 4985 3264 5031 et
3294 4974 3521 5031 comedr‘tt
3544 5018 3558 5041 ,
3589 4987 3634 5032 ct

2039 5073 2174 5135 vivat
2198 5073 2249 5124 in
2278 5071 2538 5124 swculum.
2565 5069 2656 5124 Ξῖ).
2687 5068 2753 5122 Et
2775 5069 2940 5123 emisit
2963 5068 3109 5122 illum
3140 5067 3391 5123 Dominus
3415 5068 3550 5123 Deus
3571 5086 3636 5124 ea:

2042 5160 2282 5232 paradiso
2306 5160 2579 5229 voluptatis
2595 5202 2610 5227 ,
2640 5169 2694 5212 ut
2715 5169 3008 5229 oneraretur
3036 5168 3253 5222 terram,
3279 5159 3341 5212 de
3364 5177 3462 5230 qua
3491 5176 3632 5212 sum-

2041 5262 2158 5322 plus
2196 5261 2326 5306 erat.
2356 5251 2453 5306 llic
2476 5265 2688 5321 quoque
2720 5250 2840 5304 vide
2885 5265 3043 5320 quam
3091 5249 3294 5304 idoneis
3333 5249 3628 5305 inﬁrmitati

2040 5353 2238 5399 nostra
2268 5343 2452 5398 verbis
2473 5353 2652 5397 utatur
2675 5343 2834 5397 Deus.
2870 5341 2937 5396 Et
2968 5340 3096 5395 dixit
3116 5382 3131 5407 ,
3163 5342 3351 5411 inquit,
3382 5341 3630 5397 Dominus

2043 5435 2182 5490 Dens
2215 5450 2234 5488 :
2263 5434 2395 5488 Ecce
2419 5434 2586 5488 Adam
2616 5434 2783 5504 [actus
2832 5441 2905 5487 est
2940 5432 3086 5503 quasi
3120 5448 3253 5486 unus
3279 5448 3341 5486 ea:
3365 5432 3505 5486 nobis
3525 5473 3540 5497 ,
3564 5432 3629 5486 ad

2039 5527 2301 5583 sciendum
2342 5529 2526 5582 bonum
2574 5537 2621 5581 et
2660 5527 2871 5580 malum.
2902 5524 3092 5580 Vidisti
3132 5534 3329 5594 quanta
3377 5525 3625 5578 dictionis

2041 5619 2354 5676 humilitas?
2383 5620 2507 5675 Hrcc
2533 5629 2732 5685 autem,
2766 5630 2821 5673 ut
2850 5618 3021 5685 decet,
3048 5618 3205 5688 digne
3225 5618 3291 5672 de
3323 5617 3433 5671 Deo
3465 5616 3625 5670 intel-

2041 5705 2288 5785 ligamus.
2323 5713 2446 5767 Vult
2471 5714 2612 5768 cnim
2641 5727 2736 5781 per
2762 5714 2874 5766 haec
2900 5712 3058 5766 verba
3081 5711 3132 5764 in
3175 5709 3487 5763 memoriam
3536 5725 3622 5762 re-

2042 5809 2200 5870 l'crre,
2226 5803 2495 5874 quomodo
2530 5802 2738 5871 decepti
2769 5796 2963 5857 fuerint
2986 5817 3013 5854 a
3044 5801 3258 5855 diabolo
3285 5813 3379 5868 per
3401 5814 3624 5868 serpen-

2041 5906 2165 5952 tem.
2191 5896 2628 5968 Quandoquidcm
2657 5896 2742 5952 illc
2767 5894 3013 5962 diccbat,
3042 5893 3102 5949 Si
3121 5891 3463 5960 contcdcritis,
3481 5892 3625 5947 eritis
