4152 6502
530 479 619 534 lsi

527 603 579 648 ut
613 592 707 658 dit,
739 601 794 648 et
823 606 917 662 spe
964 590 1224 661 potienda:
1256 589 1568 660 teqnalitatis
1617 604 1738 642 cum
1786 587 1896 642 Deo
1923 587 2098 642 cibum

533 683 672 738 hunc
702 695 917 736 sumere
944 681 1057 737 ausi
1085 689 1225 734 sunt.
1258 680 1427 748 Atque
1448 677 1548 732 hac
1577 677 1645 732 de
1671 691 1828 732 causa
1859 675 1996 730 Deus
2015 673 2106 729 ite.

530 788 648 827 rum
680 773 796 827 illos
827 785 1046 827 mouere
1067 770 1250 824 volens
1269 809 1283 830 .
1315 777 1370 822 ιιι
1400 768 1661 822 sentirent
1695 781 1852 836 quam
1875 765 2107 835 graviter

532 873 714 918 essent
759 865 894 933 lapsi
923 879 1020 934 per
1061 861 1478 916 inohedientiam
1519 867 1573 913 et
1597 858 1962 928 deceptionem
1983 897 1998 922 ,
2027 855 2110 910 in-

531 955 648 1023 quit
682 972 696 1005 :
729 953 856 1007 Ecce
892 952 1053 1005 Adam
1083 954 1245 1020 factus
1292 958 1363 1004 est
1391 949 1536 1018 quasi
1582 963 1711 1000 unus
1736 962 1799 1000 ea:
1837 945 1998 998 nobis.
2054 943 2108 998 In

537 1056 740 1099 tantum
771 1044 1017 1098 ruborem
1049 1042 1151 1096 hoc
1189 1041 1406 1096 verbum
1440 1039 1638 1107 injicit,
1670 1045 1728 1092 ut
1756 1047 2113 1106 transgresso-

538 1150 648 1189 rctn
697 1133 928 1203 graviter
956 1143 1171 1202 tangere
1218 1132 1412 1186 valeat.
1459 1129 1613 1194 Ideo,
1645 1127 1848 1198 inquit,
1876 1136 2115 1182 contem-

540 1223 690 1292 psisti
732 1221 1038 1276 mandatum
1087 1237 1261 1276 meum
1288 1219 1427 1290 quod
1467 1217 1722 1288 mqualem
1769 1225 1820 1271 te
1851 1216 1959 1270 Deo
2003 1214 2115 1270 fore

546 1325 756 1383 putares
791 1316 846 1368 ’ἲ
877 1313 1014 1368 Ecce
1041 1313 1207 1367 lactus
1234 1327 1292 1366 es
1319 1312 1457 1379 quod
1483 1310 1800 1379 exspectasti
1829 1326 1841 1362 :
1872 1309 1978 1362 imo
2008 1322 2113 1361 non

542 1403 682 1472 quod
709 1403 1062 1472 exspectasti,
1094 1402 1185 1456 sed
1229 1400 1437 1470 qualem
1481 1408 1532 1454 te
1585 1401 1695 1453 lteri
1723 1399 1940 1468 dignum
1977 1405 2112 1452 erat.

543 1492 696 1556 Ecce,
731 1491 917 1560 inquit,
951 1491 1114 1545 Adam
1149 1491 1307 1558 factus
1331 1500 1401 1544 est
1437 1489 1580 1558 quasi
1602 1505 1729 1542 unus
1761 1504 1824 1542 ea:
1849 1488 1988 1541 nobis
2009 1528 2023 1548 ,
2049 1487 2117 1538 ad

541 1583 796 1637 sciendum
819 1582 1003 1635 bonum
1031 1592 1074 1636 et
1097 1585 1303 1635 malum.
1336 1580 1448 1636 Hoc
1484 1581 1627 1634 enim
1676 1579 1830 1632 fallax
1876 1577 2120 1632 diabolus

544 1672 752 1727 diccbat
779 1688 872 1742 per
897 1680 1215 1742 serpentem,
1248 1672 1546 1738 Aperiantur
1577 1671 1712 1722 oculi
1756 1670 1903 1722 vestri
1920 1709 1936 1734 ,
1959 1669 2111 1722 eritis-

545 1779 642 1830 que
678 1763 803 1815 sicut
830 1762 936 1826 dii,
983 1763 1192 1815 scientes
1227 1761 1411 1813 bonum
1441 1769 1486 1812 et
1531 1759 1740 1811 malum.
1786 1756 1852 1810 Et
1886 1773 2017 1813 nunc
2060 1773 2124 1811 ne

554 1856 682 1920 forte
705 1853 938 1905 extendat
991 1866 1197 1903 manum
1240 1858 1287 1902 et
1316 1857 1488 1917 tangat
1515 1849 1703 1918 lignum
1737 1848 1883 1913 vita,
1915 1857 1961 1900 et
1987 1862 2125 1900 cont-

547 1940 682 2004 etlnt,
708 1950 754 1993 et
783 1941 910 1992 vivat
927 1940 977 1992 in
997 1949 1260 1992 veternum.
1276 1935 1428 1999 Vide,
1447 1951 1565 2003 oro,
1595 1935 1680 1990 hic
1703 1935 2124 1990 misericordiam

550 2031 775 2085 Domini.
831 2029 1052 2100 Oportet
1098 2031 1240 2084 enitn
1283 2027 1423 2098 quod
1468 2027 1667 2081 dictum
1715 2036 1798 2081 est
1846 2026 2128 2096 diligenter

550 2121 774 2176 scrutari
796 2163 812 2188 ,
846 2129 903 2175 ut
935 2120 1068 2174 nihil
1093 2133 1276 2174 eorum
1307 2133 1425 2188 quae
1469 2118 1524 2172 in
1563 2117 1723 2172 tundo
1755 2126 1880 2172 sunt
1903 2117 2131 2172 abscon-

551 2211 683 2277 dita,
708 2211 875 2266 latere
901 2225 998 2265 nos
1035 2219 1214 2280 queat.
1239 2210 1372 2264 Cum
1422 2209 1562 2264 Deus
1591 2208 1796 2263 Adamo
1821 2208 2128 2262 mandatum

553 2303 742 2367 daret,
770 2316 799 2355 a
826 2302 970 2356 nullo
992 2302 1096 2356 alio
1114 2301 1382 2356 abstinere
1405 2300 1676 2371 praecepit,
1703 2314 1861 2371 quam
1883 2299 1950 2354 ab
1971 2298 2129 2353 unico

555 2391 719 2461 ligno,
745 2391 813 2446 de
844 2405 950 2461 quo
981 2391 1100 2462 quia
1121 2391 1281 2446 edere
1309 2389 1406 2444 fuit
1429 2404 1613 2458 ausus,
1637 2404 1790 2460 pmna
1815 2387 2003 2444 mortis
2033 2388 2131 2458 ipsi

553 2479 783 2551 irrogata
828 2490 910 2536 est
939 2479 1116 2551 :qnod
1146 2495 1264 2536 cum
1316 2480 1630 2550 przeciperet
1673 2479 1745 2534 illi
1777 2479 2016 2533 delinivit
2038 2520 2053 2543 ,
2084 2477 2130 2532 si

555 2571 1030 2641 praevaricaretur,
1095 2570 1163 2625 de
1218 2570 1362 2640 ligno
1418 2570 1541 2624 vitae
1611 2569 1742 2624 nihil
1797 2568 2129 2638 pracipiens.

555 2662 994 2732 Quandoquidem
1023 2661 1165 2716 enim
1187 2703 1202 2726 ,
1227 2669 1284 2715 ut
1304 2661 1552 2715 existimo
1576 2699 1592 2725 ,
1614 2667 1669 2715 et
1698 2658 1991 2728 intelligere
2017 2665 2128 2722 est,

559 2751 911 2806 immortalem
940 2745 1089 2805 illum
1119 2751 1353 2815 creavit,
1385 2750 1646 2819 potuisset
1689 2749 1830 2819 ipse,
1859 2748 1904 2802 si
1930 2747 2131 2802 voluis-

556 2849 657 2908 sct,
681 2856 800 2897 cum
829 2841 946 2897 aliis
973 2842 1132 2896 etiam
1159 2840 1228 2894 de
1255 2841 1356 2894 hoc
1383 2841 1522 2895 vesci
1543 2839 1684 2909 quod
1715 2846 2024 2909 perpetuam
2053 2837 2130 2892 illi

556 2931 867 2988 contulisset
904 2934 1066 2988 vitam
1097 2945 1298 3001 :quare
1338 2930 1542 2985 nullum
1587 2927 1896 2984 mandatum
1925 2927 1993 2983 de
2041 2927 2133 2982 illo

559 3023 781 3092 accepit.

636 3115 689 3169 5.
717 3115 772 3170 Si
809 3123 986 3168 autem
1013 3113 1260 3168 curiosus
1291 3111 1481 3182 aliquis
1508 3118 1696 3181 rogat,
1724 3124 1889 3181 quare
1938 3107 2137 3179 lignum

563 3205 685 3257 vita:
733 3203 804 3256 sit
853 3199 1406 3270 appellatum:sciat,
1462 3214 1567 3254 non
1623 3212 1781 3269 posse
1829 3197 2138 3263 hominem,

560 3295 672 3347 suis
703 3293 940 3346 innisum
970 3291 1261 3345 ratiociniis
1282 3331 1296 3354 ,
1327 3289 1506 3344 omnia
1538 3289 1630 3346 Dei
1669 3302 1832 3360 opera
1874 3288 2138 3344 contueri.

565 3384 745 3438 Visum
771 3381 912 3437 enim
938 3380 1035 3435 fuit
1058 3381 1300 3447 Domino,
1318 3389 1376 3434 ut
1398 3379 1830 3435 exercitationem
1851 3378 2138 3449 quamdam

563 3473 882 3528 obedientia:
910 3481 966 3525 et
990 3470 1358 3525 inobedientia:
1374 3470 1595 3526 haberet
1622 3469 1782 3526 homo
1809 3486 1841 3526 a
1867 3486 1928 3527 se
1947 3471 2138 3537 lactus,

563 3576 620 3620 et
651 3565 702 3618 in
754 3562 999 3633 paradiso
1027 3561 1258 3632 degens,
1291 3570 1350 3616 ut
1387 3562 1493 3616 duo
1521 3561 1618 3616 ista
1659 3561 1795 3632 ligna
1825 3561 1896 3617 ibi
1941 3565 2141 3618 consti-

564 3664 736 3710 tueret
759 3695 775 3721 ,
805 3652 1029 3708 alterum
1072 3651 1287 3722 quidem
1317 3652 1438 3707 vita:
1458 3691 1473 3718 ,
1510 3652 1736 3707 alterum
1764 3666 1892 3706 vero
1911 3692 1928 3712 .
1979 3662 2038 3707 ut
2067 3650 2144 3706 sic

565 3745 619 3800 lo
640 3760 767 3812 :uar,
795 3744 999 3798 mortis.
1026 3742 1155 3797 Nam
1175 3743 1293 3812 ejus
1323 3757 1447 3798 esus
1467 3751 1520 3798 et
1539 3742 1886 3813 transgressio
1912 3742 2143 3797 mandati

570 3845 797 3890 mortem
829 3833 901 3888 illi
961 3834 1156 3888 attulit.
1188 3833 1411 3900 Quando
1431 3834 1609 3904 igitur,
1641 3833 1728 3887 ubi
1774 3831 1842 3888 de
1867 3832 1967 3887 hoc
1993 3847 2145 3887 com-

568 3925 700 3988 edit,
731 3922 970 3978 mortalis
993 3921 1160 3976 lactus
1203 3930 1317 3986 est,
1354 3923 1695 3992 corporisque
1741 3922 2146 3977 necessitatibus

567 4014 864 4080 obnoxius,
890 4021 943 4067 et
967 4011 1138 4081 primo
1162 4020 1434 4079 peccatum
1465 4012 1756 4080 ingressum
1783 4021 1863 4065 est
1888 4051 1903 4077 ,
1934 4021 2149 4080 prepter

570 4105 712 4176 quod
751 4112 806 4159 et
830 4117 979 4159 mors
1007 4119 1037 4158 a
1079 4103 1306 4158 Domino
1331 4103 1529 4158 utiliter
1564 4103 1867 4172 dispensata
1897 4111 2016 4168 est,
2041 4116 2147 4156 non

569 4196 792 4265 posthac
817 4196 871 4250 in
902 4195 1147 4264 paradiso
1189 4194 1440 4264 relinquit
1486 4194 1654 4248 Adam
1674 4235 1688 4260 ,
1718 4193 1812 4248 sed
1838 4193 1987 4248 exire
2028 4193 2151 4248 inde

567 4287 740 4356 jubet,
771 4295 1076 4340 monstrans
1121 4299 1180 4340 se
1211 4295 1424 4354 propter
1457 4285 1586 4339 niltil
1613 4285 1755 4339 aliud
1801 4285 1901 4340 hoc
1930 4284 2106 4340 facere
2129 4325 2145 4351 ,

573 4391 733 4445 quam
760 4383 977 4445 propter
1004 4373 1380 4444 benignitatem
1402 4389 1504 4444 qua
1535 4375 1682 4429 illum
1711 4375 2145 4445 prosequebatur.

575 4467 641 4522 Et
695 4477 751 4521 ut
797 4466 900 4520 hoc
924 4474 1168 4520 accurate
1192 4465 1459 4520 discamus
1479 4505 1494 4527 ,
1537 4479 1713 4534 operte
1739 4465 1962 4534 pretium
1992 4464 2149 4520 fuerit

578 4556 733 4611 verba
750 4554 943 4611 divina:
961 4555 1248 4624 Scriptura:
1273 4555 1448 4610 denuo
1474 4556 1666 4626 legere.
1693 4553 1759 4609 Et
1777 4572 1927 4624 nunc,
1957 4555 2145 4626 inquit,

577 4663 638 4700 ne
679 4647 880 4715 quando
904 4646 1136 4700 extendat
1165 4661 1370 4698 manuni
1388 4685 1405 4712 ,
1437 4655 1485 4699 et
1505 4645 1719 4714 accipiat
1742 4648 1805 4699 de
1831 4645 1966 4716 ligno
1997 4647 2109 4700 vita
2133 4685 2149 4711 ,

581 4748 632 4795 et
661 4738 909 4802 comedat,
934 4745 981 4791 et
1002 4737 1131 4790 vivat
1168 4737 1222 4791 in
1263 4745 1523 4790 a'ternttnt.
1553 4735 1684 4791 Nam
1709 4737 1831 4806 quia
1856 4751 2042 4808 magna
2069 4737 2152 4791 in-

576 4828 962 4900 temperantize,
994 4826 1182 4897 inquit,
1217 4826 1406 4881 indicia
1429 4825 1702 4892 exhibuit,
1726 4826 2151 4896 praevaricando-

576 4933 679 4988 que
699 4916 1002 4972 mandatum
1029 4915 1268 4970 mortalis
1289 4915 1457 4970 factus
1476 4923 1580 4981 est,
1603 4929 1668 4970 ne
1686 4930 1825 4971 nunc
1844 4924 1898 4970 et
1928 4916 2151 4986 lignum,

574 5007 714 5078 quod
742 5007 900 5061 vitam
941 5005 1140 5076 praebet
1157 5007 1481 5072 continuam,
1511 5005 1772 5074 attingere
1793 5005 2005 5072 audeat,
2035 5019 2157 5075 peo-

574 5106 792 5154 caturus
821 5103 1082 5167 perpetuo
1101 5135 1116 5162 ,
1145 5097 1312 5150 satius
1357 5095 1516 5153 fuerit
1554 5095 1678 5150 hinc
1699 5095 1868 5167 ipsum
1897 5096 2051 5166 ejici;
2081 5097 2152 5152 ita

576 5198 633 5244 ut
659 5189 826 5258 magis
852 5186 1225 5257 providentis,
1254 5202 1413 5258 quam
1444 5186 1818 5258 indignationis
1861 5187 2020 5243 fuerit
2063 5188 2152 5242 illa

574 5279 783 5348 ejectio.
818 5278 915 5334 llic
936 5277 1078 5333 enim
1126 5292 1243 5332 mos
1269 5287 1351 5333 est
1378 5276 1585 5332 Domini
1615 5278 1811 5340 nostri.
1840 5287 1899 5333 ut
1928 5278 2155 5349 puniens

576 5385 680 5426 non
703 5372 878 5425 minus
904 5384 1060 5440 quam
1089 5363 1428 5425 benefaciens
1466 5383 1616 5424 suam
1642 5384 1768 5439 erga
1795 5385 1890 5424 nos
1915 5369 2155 5425 declaret

581 5463 967 5530 providentiam
987 5502 1004 5528 ,
1031 5462 1228 5533 quippe
1263 5470 1317 5517 et
1347 5463 1482 5517 hanc
1534 5477 1745 5532 pmnam
1775 5460 2153 5516 admonitionis

579 5553 743 5620 gratia
768 5553 921 5608 nobis
947 5553 1216 5622 irrogavit.
1247 5552 1378 5620 Quia
1405 5553 1583 5623 utique
1617 5552 1664 5607 si
1689 5551 1876 5607 scisset
1917 5565 2014 5605 nos
2043 5566 2147 5605 non

577 5641 790 5712 pejores
819 5641 933 5697 lleri
975 5644 1192 5714 impune
1220 5641 1486 5712 peccando
1504 5680 1520 5707 ,
1550 5655 1854 5711 neutiquam
1883 5641 2018 5695 ultra
2051 5655 2150 5708 pu-

652 5737 667 5764 ‘
695 5735 786 5798 llas
800 5746 959 5798 voces,
981 5731 1359 5798 «aequalem
1382 5729 1431 5798 te
1450 5732 1545 5798 _De_o
1567 5737 1760 5798 putares
1783 5731 2012 5798 (lacerto

652 5749 667 5764 ‘
695 5749 780 5784 ne
800 5749 959 5792 voces,
981 5749 1108 5798 quoa
1130 5749 1359 5797 mquamst
1382 5749 1428 5780 te
1451 5749 1545 5781 uec
1567 5749 1760 5794 putares
1783 5749 2012 5793 μσοικιαν
2038 5749 2153 5794 φαν-

588 5795 1088 5920 ἷιῖἶιίιξζὲιιθειιιιιω
1112 5795 1307 5854 lorel.,
1334 5793 1423 5844 sed
1449 5793 1694 5842 habentur
1715 5793 1765 5841 in
1796 5794 2034 5867 Savll._et
2057 5794 2150 5845 ali-

1246 477 1302 531 S.
1343 472 1617 532 JO.\NN|S
1655 471 2130 530 εηιιγδοετοιιι
2164 471 2473 529 ARClllEP.
2514 468 3044 530 CONSTANTINOP.

3686 469 3783 528 152

2211 587 2397 642 niisset
2427 603 2441 642 :
2470 585 2564 642 sed
2594 596 2649 641 ut
2699 587 2951 657 reprimat
2993 595 3231 642 nostrum
3260 584 3326 641 ad
3369 583 3635 643 deteriora
3661 600 3787 656 pro-

2207 691 2448 746 gressum
2473 717 2488 742 ,
2534 685 2590 732 et
2646 676 2797 732 tollat
2836 676 3091 732 malitiam
3143 675 3365 730 ulterius
3405 683 3736 746 grassantem
3769 713 3788 743 ,

2212 783 2361 823 suam
2410 767 2672 824 servando
2717 766 3136 823 misericordiam
3165 807 3180 831 ,
3225 766 3374 836 punit
3403 782 3418 821 :
3450 765 3501 820 id
3543 763 3686 835 quod
3734 773 3792 820 et

2214 875 2356 916 nunc
2395 859 2538 916 fecit.
2568 858 2760 915 Curam
2803 861 2946 914 enim
2989 874 3152 930 agens
3196 857 3494 928 primigenii
3523 855 3790 919 hominis,

2214 951 2334 1020 ejici
2365 952 2535 1021 ipsum
2581 967 2613 1008 e
2638 948 2882 1022 paradiso
2911 952 3179 1022 praecepit.
3227 951 3315 1005 23.
3346 948 3413 1004 Et
3439 949 3602 1004 emisit
3647 948 3794 1002 illum

2217 1041 2464 1097 Dominus
2510 1041 2644 1096 Deus
2688 1059 2750 1097 ea:
2787 1044 3024 1110 paradiso
3061 1041 3356 1111 voluptatis,
3403 1051 3458 1095 ut
3503 1049 3798 1110 operaretur

2217 1137 2402 1183 terram
2427 1131 2491 1184 de
2512 1148 2611 1200 qua
2656 1143 2883 1201 sumptus
2911 1141 3002 1186 est.
3034 1130 3226 1186 Iterum
3255 1143 3372 1196 oro,
3404 1139 3463 1184 ut
3491 1129 3575 1185 hic
3601 1129 3798 1183 divina:

2218 1217 2504 1288 Scriptura:
2526 1219 2850 1288 diligentiam
2868 1219 3067 1274 videas.
3095 1219 3273 1273 Emisit
3294 1220 3458 1284 illum,
3486 1218 3675 1289 inquit,
3703 1216 3801 1271 Do-

2221 1311 2388 1365 mitius
2413 1308 2550 1364 Deus
2580 1326 2644 1363 ea:
2684 1311 2925 1379 paradiso
2967 1311 3240 1378 voluptatis
3259 1352 3274 1374 ,
3299 1321 3352 1364 ut
3378 1320 3672 1376 operaretur
3697 1320 3799 1361 ter-

2221 1417 2329 1454 ram
2355 1400 2417 1452 de
2432 1417 2532 1469 qua
2569 1411 2800 1470 sumptus
2820 1411 2911 1454 est.
2945 1400 3082 1454 Ecce
3113 1399 3427 1454 sententiam
3450 1413 3600 1452 suam
3629 1398 3800 1464 reipsa

2223 1491 2565 1562 exsequitur;
2613 1499 2668 1545 et
2709 1506 2780 1546 ex
2811 1491 3058 1561 paradiso
3082 1491 3366 1562 voluptatis
3407 1490 3657 1560 ejectum,
3692 1500 3804 1545 ter-

2224 1596 2338 1634 ram
2366 1580 2432 1635 de
2455 1596 2558 1650 qua
2597 1589 2838 1650 sumptus
2861 1591 2977 1635 erat
3002 1581 3210 1650 operari
3253 1580 3424 1650 jubet.
3451 1579 3560 1634 Nec
3601 1588 3803 1633 temere

2224 1673 2389 1737 dixit,
2419 1673 2490 1726 De
2528 1689 2626 1741 qua
2647 1682 2874 1742 sumptus
2903 1683 2975 1726 est
3003 1688 3022 1726 :
3050 1672 3142 1726 sed
3188 1681 3244 1725 ut
3276 1678 3530 1740 perpetuo
3558 1683 3798 1723 commo-

2228 1765 2448 1818 netleret
2491 1762 2804 1816 humilitatis
2847 1762 2986 1816 inter
3012 1759 3338 1830 operantium
3400 1760 3646 1829 scireque
3685 1771 3808 1827 poo-

2229 1861 2310 1908 set
2331 1867 2391 1908 se
2415 1852 2538 1907 inde
2562 1866 2682 1906 esse
2707 1852 3078 1916 constitutum,
3108 1859 3163 1904 et
3185 1849 3535 1902 substantiam
3566 1845 3808 1916 corporis

2229 1960 2296 2002 ex
2341 1953 2482 2000 terra
2533 1943 2729 2000 habere
2771 1943 2839 1999 ab
2868 1943 3018 1998 initio
3048 1961 3062 1996 :
3095 1950 3152 1995 ut
3191 1941 3334 1994 illam
3375 1939 3575 2009 ipsam,
3602 1937 3805 2006 inquit,

2230 2047 2481 2109 operetur
2509 2046 2729 2098 terram,
2759 2051 2823 2092 ex
2849 2051 2950 2106 qua
2977 2044 3032 2088 et
3051 2035 3165 2103 ipse
3196 2031 3516 2088 constitutus
3544 2038 3648 2085 est.
3678 2027 3808 2083 Nam

2233 2129 2335 2186 hoc
2359 2127 2498 2200 quod
2529 2129 2581 2183 in
2615 2127 2874 2183 sententia
2922 2125 3172 2189 dicebat,
3220 2122 3287 2177 In
3323 2122 3508 2177 sudore
3535 2120 3684 2191 [αι-ἱεὲ
3713 2130 3813 2172 tua:

2231 2221 2438 2274 vesceris
2487 2234 2617 2287 pane
2653 2227 2737 2271 tuo
2779 2232 2798 2270 :
2830 2215 3055 2284 idipsutn
3111 2221 3166 2269 et
3211 2227 3351 2267 nunc
3392 2211 3553 2275 dicit,
3601 2207 3812 2279 quando

2235 2309 2420 2380 inquit,
2451 2306 2518 2364 Ut
2542 2317 2835 2378 operaretur
2869 2315 3053 2360 terram
3080 2305 3143 2357 de
3160 2319 3259 2373 qua
3282 2311 3511 2371 sumptus
3538 2306 3632 2353 est.
3662 2296 3814 2352 Post-

2237 2401 2352 2466 hac,
2387 2411 2442 2455 ut
2462 2399 2730 2454 discamus
2758 2407 2956 2467 quanto
2977 2395 3148 2464 spatio
3166 2395 3335 2464 ipsum
3363 2406 3393 2445 a
3421 2388 3668 2460 paradiso
3697 2385 3812 2442 eol-

2237 2489 2466 2554 locavit,
2509 2489 2667 2544 etiam
2710 2486 2837 2541 illud
2865 2487 3035 2555 ipsum
3061 2482 3336 2552 Scriptura
3378 2479 3557 2536 divina
3591 2492 3690 2532 nos
3713 2475 3812 2532 do-

2235 2588 2356 2635 cet:
2380 2577 2471 2633 ει.
2502 2578 2760 2648 Ejecitque
2802 2575 3047 2630 Dominus
3087 2573 3224 2627 Deus
3251 2571 3445 2638 Adam,
3470 2577 3516 2623 et
3555 2566 3816 2622 collocauit

2234 2686 2349 2725 eum
2375 2668 2620 2739 elcgione
2644 2667 2868 2739 paradisi
2895 2664 3183 2736 voluptatis.

2309 2759 2411 2812 Cur
2427 2773 2490 2812 ex
2504 2757 2710 2810 adverso
2727 2755 2952 2826 paradisi
2976 2756 3169 2826 positus
3182 2747 3820 2806 Adam—Animadverte

2235 2862 2574 2903 communem
2595 2846 2872 2900 Dominum
2890 2852 3129 2898 nostrum
3145 2843 3201 2917 in
3221 2838 3444 2912 singulis
3456 2837 3710 2908 cperihus
3731 2838 3819 2892 be-

2239 2938 2508 3008 nignitatis
2526 2947 2892 3008 argumentum
2913 2934 3187 2996 exhibere.
3207 2942 3263 2988 et
3290 2930 3522 3002 singulas
3542 2943 3819 2998 prunarum

2238 3030 2446 3100 species
2476 3028 2710 3084 bonitate
2735 3028 2918 3098 plenas
2941 3040 3082 3082 esse.
3109 3023 3225 3078 Non
3251 3022 3393 3078 enim
3415 3021 3518 3076 hoc
3531 3020 3705 3076 solum
3725 3018 3822 3072 mi-

2240 3120 2545 3177 sericordia:
2557 3129 2613 3175 et
2629 3115 2970 3188 benignitatis
2980 3121 3350 3186 argumentum
3368 3119 3504 3177 erat,
3520 3108 3662 3180 quod
3676 3107 3824 3163 emit-

2243 3219 2376 3265 teret
2400 3221 2452 3265 et
2478 3209 2726 3279 ejiceret;
2749 3207 2844 3262 sed
2866 3217 2918 3260 et
2956 3204 3096 3276 quod
3123 3203 3271 3259 illum
3308 3210 3493 3257 contra
3518 3197 3823 3270 paradiso

2243 3302 2544 3364 collocaret,
2565 3310 2621 3354 ut
2644 3299 2824 3370 jugem
2839 3297 3078 3352 dolorem
3097 3294 3311 3348 haberet
3328 3290 3564 3362 quotidie
3583 3289 3825 3360 cogitans

2245 3391 2386 3446 unde
2409 3390 2713 3458 exciderat,
2744 3399 2799 3444 et
2841 3389 2896 3444 in
2914 3401 3072 3458 quem
3101 3394 3298 3440 statum
3323 3398 3383 3440 se
3403 3382 3728 3453 eonjecerat.
3759 3380 3826 3436 Et

2243 3480 2484 3551 quamvis
2529 3479 2826 3549 gravissimi
2872 3475 3074 3534 doloris
3125 3473 3488 3544 spectaculum
3532 3481 3713 3537 esset,
3743 3481 3824 3524 ta-

2245 3588 2365 3628 men
2393 3585 2596 3642 magnm
2618 3570 2856 3626 utilitatis
2879 3577 2995 3624 erat
3018 3567 3250 3634 occasio,
3275 3575 3330 3620 ut
3358 3564 3552 3619 dolens
3571 3563 3828 3618 continuo

2245 3671 2484 3734 aspectu,
2517 3661 2773 3717 munitior
2797 3668 2851 3716 et
2877 3660 3082 3716 cautior
3103 3665 3249 3713 esset
3278 3657 3330 3710 in
3358 3655 3477 3710 aliis
3497 3696 3513 3721 ,
3537 3669 3604 3709 ne
3633 3653 3826 3709 iterum

2248 3755 2299 3807 in
2325 3751 2509 3808 eadem
2534 3761 2745 3822 peccata
2775 3749 3055 3804 incideret.
3092 3746 3224 3802 Nam
3249 3746 3502 3815 quoniam
3538 3743 3624 3798 hic
3649 3743 3828 3798 homi-

2249 3846 2331 3900 nis
2359 3854 2411 3900 ut
2439 3845 2722 3916 plurimum
2749 3857 2864 3897 mos
2883 3849 2985 3907 est,
3018 3848 3074 3894 ut
3101 3839 3226 3894 ilum
3249 3837 3403 3892 bonis
3430 3837 3676 3901 fruimur,
3701 3834 3830 3904 ipsis

2249 3944 2306 3988 ut
2341 3943 2551 4004 oportet
2586 3934 2660 3988 uti
2687 3933 2987 3987 nesciamus
3011 3972 3024 3995 ,
3055 3930 3266 3983 illorum
3305 3926 3601 3997 privatione
3641 3938 3830 3980 emen-

2250 4023 2458 4089 damur,
2489 4033 2542 4078 et
2580 4033 2705 4078 tunc
2729 4022 3054 4092 experientia
3077 4018 3222 4074 docti
3245 4016 3447 4073 sentire
3473 4024 3711 4069 nostram
3736 4013 3831 4069 de-

2251 4115 2438 4170 sidiam
2467 4114 2744 4183 incipimus
2765 4156 2779 4177 ,
2810 4123 2968 4183 atque
3013 4113 3087 4166 ita
3135 4120 3279 4165 tanta
3331 4123 3512 4164 rerum
3538 4106 3832 4161 mutatione

2253 4207 2526 4269 docemur,
2551 4215 2605 4259 et
2629 4219 2658 4258 a
2684 4203 2876 4274 quibus
2895 4201 3220 4266 excidimus,
3246 4211 3298 4254 et
3328 4199 3520 4270 quibus
3561 4211 3661 4252 nos
3687 4198 3832 4266 ipsos

2253 4298 2406 4352 malis
2425 4295 2889 4351 circumdedimus.
2914 4292 3095 4363 Itaque
3121 4291 3263 4363 quod
3295 4307 3458 4361 prope
3482 4296 3538 4344 et
3559 4304 3592 4344 e
3611 4289 3832 4357 regione

2253 4386 2481 4458 paradisi
2520 4401 2642 4440 eum
2688 4385 2779 4455 qui
2823 4384 2966 4440 illinc
3018 4381 3289 4439 exeiderat
3335 4380 3573 4436 habitare
3636 4378 3826 4450 jussit,

2254 4480 2496 4533 maxima:
2540 4476 2886 4547 providentiae
2910 4484 2965 4530 et
3001 4489 3144 4528 cura
3187 4473 3397 4543 signum
3442 4471 3540 4526 fuit
3565 4510 3581 4534 ,
3608 4479 3667 4524 ut
3705 4483 3831 4540 spe-

2253 4569 2449 4624 ctando
2476 4583 2680 4622 memor
2699 4577 2844 4622 esset
2872 4575 2928 4623 et
2950 4564 3073 4620 inde
3097 4565 3302 4622 lucrum
3325 4562 3543 4628 faceret,
3569 4575 3634 4616 ac
3661 4574 3832 4630 neque

2256 4660 2538 4715 immodica
2555 4659 2766 4722 vivendi
2789 4655 3241 4725 concupiscentia,
3272 4654 3359 4708 vel
3385 4652 3515 4707 loris
3542 4651 3829 4714 exsistens,

2255 4751 2322 4804 de
2350 4749 2492 4819 ligno
2511 4747 2791 4803 comedere
2811 4753 3176 4816 praesumeret.
3197 4743 3380 4798 Divina
3401 4741 3541 4797 enim
3563 4740 3832 4808 Scriptura

2258 4842 2431 4897 Omnia
2461 4841 2634 4905 nobis,
2653 4847 2808 4910 prout
2835 4847 3031 4894 nostra:
3057 4835 3349 4892 inﬁrmitati
3370 4841 3688 4902 congruunt,
3714 4845 3837 4884 nar-

2257 4943 2360 4988 rat.
2390 4931 2457 4985 Et
2480 4931 2738 4986 collocavit
2783 4929 3046 4984 Cherubim
3075 4938 3121 4982 et
3147 4929 3437 4999 ﬂammeum
3462 4924 3692 4997 gladium
3722 4939 3835 4978 sar-
3863 4955 3868 4961 ι

2258 5024 2451 5080 sutilem
2477 5023 2542 5076 ad
2579 5022 2958 5077 custodiendam
2991 5022 3122 5075 viam
3155 5020 3280 5091 ligni
3312 5018 3442 5073 vita.
3473 5014 3834 5087 Negligentia,

2258 5131 2413 5186 quam
2449 5115 2558 5184 jam
2601 5113 2744 5169 circa
2786 5112 3037 5167 traditum
3085 5118 3406 5180 praeceptum
3445 5106 3835 5170 exhibuerant,

2260 5209 2312 5262 in
2341 5223 2496 5262 causa
2527 5205 2625 5260 luit
2646 5213 2704 5261 ut
2747 5214 2889 5259 tanta
2933 5204 3180 5259 cautione
3219 5201 3394 5257 aditus
3421 5202 3550 5271 ipsis
3579 5201 3836 5256 interclu-

2259 5301 2491 5356 deretur.
2509 5297 2889 5355 Animadverte
2902 5296 2989 5352 hic
3004 5297 3289 5367 benignum
3307 5294 3472 5370 Deum
3491 5307 3595 5348 non
3613 5302 3838 5348 conten-

2268 5401 2376 5444 tum
2409 5389 2571 5446 fuisse
2596 5387 2866 5443 hominem
2895 5401 2926 5442 e
2955 5385 3169 5457 regione
3196 5385 3428 5456 paradisi
3451 5383 3714 5447 habitare,
3741 5381 3836 5436 sed

2263 5483 2577 5553 przeeepisse
2601 5482 2760 5536 etiam
2781 5519 2796 5544 ,
2824 5486 2883 5532 ut
2909 5479 3129 5532 virtutes
3155 5476 3259 5530 illa:
3287 5473 3572 5530 Cherubim
3602 5479 3657 5526 et
3681 5469 3837 5525 llam-

2264 5589 2412 5629 meus
2440 5574 2644 5644 gladius
2676 5571 2767 5625 ille
2794 5569 3058 5624 versatilis
3086 5566 3417 5623 custodirent
3436 5565 3602 5627 viam,
3632 5577 3752 5631 qua:
3777 5560 3837 5614 il-

2263 5666 2349 5719 luc
2379 5664 2678 5719 inducebat.
2712 5661 2820 5715 Nec
2846 5659 3047 5729 absque
3068 5671 3228 5713 causa
3259 5655 3478 5722 addidit,
3512 5651 3840 5714 Versatt'lent,

2261 5754 2354 5810 scd
2383 5763 2437 5807 ut
2452 5753 2639 5808 doceat
2683 5765 2780 5806 nos
2800 5791 2813 5814 ,
2845 5763 3060 5804 omnem
3089 5748 3226 5802 viam
3259 5747 3349 5801 illo
3389 5744 3672 5800 ducentem
3699 5755 3836 5810 prm—

2265 5844 2467 5899 elusam
2512 5842 2672 5897 luisse
2695 5880 2710 5909 ,
2742 5854 2808 5897 eo
2825 5837 2966 5910 quod
3000 5837 3205 5911 gladius
3245 5835 3331 5893 ille
3356 5835 3482 5892 dum
3515 5838 3832 5892 versaretur.
