4152 6490
331 381 436 440 153

324 494 602 550 obturaret
645 503 699 551 et
741 497 1085 565 praemuniret
1123 510 1311 551 omnes
1347 497 1457 552 vias
1486 512 1603 565 qum
1636 498 1725 551 illo
1754 496 1910 552 duee-

327 595 489 653 rent,
521 597 576 641 ct
605 595 663 641 ut
699 589 1005 644 continuam
1035 589 1348 654 memoriam
1387 599 1441 646 et
1468 590 1715 645 timorem
1767 590 1916 646 incu-

328 685 445 730 tere
472 675 544 729 illi
573 685 752 744 posset
786 678 826 730 ί.

357 778 363 783 ·
398 764 453 819 4.
495 764 661 818 Adam
684 776 853 819 autem
877 767 1104 837 cognovit
1133 766 1296 822 Evam
1321 784 1532 823 uxorem
1547 784 1694 823 suam
1733 768 1753 840 (
1781 767 1910 840 Cap.

325 854 378 908 4.
415 871 462 908 υ.
497 853 572 924 l).
601 853 890 911 Considera
937 858 1150 927 quando
1171 859 1291 914 .hoc
1321 858 1514 914 factum
1557 860 1645 913 sil.
1675 861 1800 915 Post
1829 863 1912 914 in-

326 928 705 1008 obedientiam,
729 954 846 1013 post
876 945 1106 1014 paradisi
1131 947 1497 1013 amissionem,
1519 959 1646 1003 tunc
1682 949 1911 1018 primum

327 1045 457 1086 usus
488 1032 563 1087 rei
594 1048 837 1090 venerea:
891 1035 1072 1105 coepit.
1119 1037 1259 1092 Ante
1303 1037 1719 1094 inobedienliam
1768 1040 1910 1095 enim

325 1121 624 1190 angelicam
657 1125 814 1179 vitam
847 1126 1211 1194 imitabantur,
1243 1137 1297 1183 et
1319 1128 1495 1184 nullus
1519 1129 1584 1184 de
1603 1146 1660 1185 re
1683 1145 1907 1186 venerea

325 1224 506 1265 Sermo
534 1223 661 1267 erat.
695 1216 794 1280 Qui
817 1216 956 1269 enim
981 1218 1169 1286 potuit,
1193 1234 1314 1272 cum
1344 1234 1517 1290 neque
1543 1221 1911 1287 corporalibus

326 1303 728 1356 necessitatibus
750 1305 960 1359 obnoxii
982 1305 1216 1361 fuerint?
1248 1308 1427 1378 Itaque
1451 1295 1518 1363 ab
1550 1311 1700 1364 initio
1747 1312 1911 1382 virgi-

328 1391 466 1445 nitas
489 1394 716 1461 palmam
743 1397 1065 1468 principatus
1095 1401 1296 1470 accepit
1332 1419 1346 1454 :
1374 1401 1466 1455 sed
1493 1412 1769 1473 postquam
1818 1419 1912 1473 per

327 1483 583 1538 desidiam
609 1488 822 1540 intravit
847 1489 1223 1555 inobedicntia,
1278 1500 1333 1546 et
1383 1493 1558 1548 aditus
1614 1495 1910 1565 patefactus

322 1586 408 1631 est
439 1587 676 1647 peccato,
708 1580 794 1634 illa
823 1581 1034 1651 quidem
1057 1583 1309 1650 avolavit,
1359 1595 1547 1655 utpote
1602 1588 1670 1642 ab
1716 1587 1780 1642 iis
1821 1589 1910 1657 qui

327 1667 526 1738 indigni
558 1678 715 1724 tanta:
743 1672 954 1727 virtutis
981 1674 1348 1744 magnitudine
1386 1675 1508 1730 facti
1557 1687 1709 1732 erant
1738 1693 1752 1731 :
1781 1679 1910 1734 sub-

327 1759 546 1813 intravit
567 1771 742 1815 autem
791 1762 873 1817 lex
917 1777 1252 1833 congressus.
1280 1766 1464 1836 Cogita
1493 1767 1908 1837 igitur..dilccte,

325 1860 520 1918 quanta
545 1852 867 1922 virginitatis
888 1855 1136 1924 dignitas,
1171 1872 1329 1926 quam
1363 1858 1603 1912 sublimis
1635 1866 1688 1912 et
1717 1874 1909 1928 magna

324 1943 614 2006 posseSsio,
643 1959 760 2011 qua:
783 1945 853 1998 sit
879 1959 1038 2013 supra
1064 1947 1345 2002 lmmanam
1379 1958 1622 2004 naturam
1646 1991 1662 2014 ,
1711 1959 1765 2006 et
1793 1967 1912 2021 qua:

324 2016 461 2097 epus
491 2031 684 2087 habeat
714 2049 872 2088 manu
895 2037 914 2066 ⁸
944 2051 1195 2105 superna.
1223 2038 1372 2105 Quod
1397 2041 1541 2094 enim
1565 2041 1599 2094 ii
1629 2042 1716 2111 qui
1744 2016 1907 2113 virgi-

327 2118 544 2174 nitatem
575 2122 820 2178 alacriter
844 2125 1125 2195 arripiunt,
1157 2129 1207 2181 in
1233 2143 1458 2196 corpore
1488 2145 1551 2185 ea
1595 2140 1752 2200 agant
1789 2148 1907 2202 qua:

329 2206 762 2277 incorporearum
785 2223 912 2267 sunt
940 2215 1217 2285 virtutum,
1248 2219 1369 2273 audi
1397 2219 1668 2276 Christum
1697 2223 1909 2278 Saddu-

323 2303 452 2352 catis
481 2300 787 2356 dicentem:
821 2319 941 2359 nam
996 2306 1062 2361 de
1112 2309 1507 2366 resurrectione
1559 2313 1907 2382 qua-stionem

325 2398 628 2456 moventes,
651 2392 982 2450 sciscitantes
1002 2396 1246 2452 dicebant
1271 2416 1285 2453 :
1311 2400 1572 2469 Magister,
1606 2414 1745 2457 erant
1766 2406 1906 2475 apud

323 2493 418 2530 nos
441 2490 627 2546 septem
648 2486 849 2553 fratres,
880 2496 924 2539 et
952 2490 1146 2556 primus
1169 2506 1323 2544 uxore
1349 2493 1500 2546 ducta
1520 2495 1786 2564 defunctus
1813 2507 1906 2565 est,

322 2585 425 2623 non
455 2572 638 2626 habens
667 2575 868 2643 liberos,
899 2588 945 2631 et
972 2578 1160 2633 dimisit
1198 2598 1406 2636 umorem
1446 2601 1593 2639 suam
1617 2586 1768 2656 fratri
1794 2605 1906 2643 suo.

325 2659 574 2714 Similiter
592 2672 640 2716 et
666 2667 938 2734 secundus,
972 2679 1018 2724 et
1045 2672 1236 2738 tertius,
1270 2682 1316 2726 et
1343 2685 1572 2742 quartus,
1602 2686 1648 2729 et
1673 2679 1904 2748 quintus,

323 2755 372 2800 et
398 2760 588 2816 sextus,
611 2763 658 2805 et
684 2758 942 2825 septimus.
975 2758 1040 2812 In
1070 2764 1435 2819 resurrectione
1480 2783 1597 2836 ergo
1616 2771 1762 2840 cujus
1785 2788 1810 2824 e
1831 2789 1911 2826 ιε·-

323 2847 462 2904 ptem
485 2840 587 2924 illis
613 2844 706 2896 erit
727 2861 854 2899 uxor
872 2847 899 2900 .’
928 2847 1112 2903 Omnes
1137 2853 1267 2905 enim
1282 2853 1560 2908 habuerunt
1579 2857 1738 2912 illam.
1771 2861 1908 2927 Quid

323 2926 486 2997 igitur
525 2919 652 2987 dicit
680 2935 781 2990 illis
801 2935 1085 2995 Christus?
1113 2941 1334 3007 Erratis,
1365 2946 1640 3002 nescientes
1670 2947 1909 3019 scriptu-

321 3033 429 3081 ras,
456 3037 614 3090 neque
633 3025 861 3079 uirtutem
892 3027 1006 3084 Dei.
1053 3031 1118 3084 In
1165 3036 1526 3089 resurrectione
1567 3041 1699 3091 enim
1752 3057 1909 3108 neque

323 3124 508 3164 uxores
527 3113 736 3180 ducunt,
793 3133 950 3186 neque
992 3120 1210 3188 nubunt,
1263 3124 1353 3177 sed
1398 3136 1513 3180 sunt
1547 3128 1701 3204 ‘sicut
1744 3133 1911 3199 angeli

325 3201 556 3269 (Matth.
612 3207 700 3261 22.
759 3209 950 3267 25-50.
1021 3214 1147 3268 Luc.
1211 3216 1302 3272 20.
1370 3201 1564 3275 28-361
1632 3232 1679 3276 et
1740 3223 1906 3279 Marc.

326 3293 415 3348 l2.
450 3297 658 3368 19-25).
690 3300 874 3356 Vidisti
903 3306 1172 3373 quomodo
1222 3309 1274 3362 in
1299 3317 1439 3364 terra
1469 3312 1825 3382 ambulantes,
1853 3327 1908 3370 et

322 3399 548 3456 corpore
585 3392 895 3448 circumdati
925 3399 1216 3468 angelicam
1281 3402 1439 3456 vitam
1494 3404 1768 3461 imitantur
1819 3410 1905 3477 qui

322 3474 522 3530 Christi
560 3493 744 3535 amore
772 3483 1089 3553 virginitatis
1143 3497 1341 3544 sortem
1388 3497 1748 3562 acceperunt?
1774 3474 1905 3552 Nam

323 3577 524 3634 quanto
545 3568 658 3625 lucc
683 3574 853 3642 major
896 3585 978 3630 est
1029 3586 1084 3632 et
1130 3580 1427 3650 sublimior,
1477 3592 1628 3644 tanto
1676 3591 1908 3657 majores

322 3668 448 3714 sunt
488 3671 538 3716 et
566 3677 799 3732 coronzc,
829 3679 882 3723 et
913 3673 1306 3742 retributiones,
1357 3686 1412 3732 et
1441 3681 1764 3748 rcpromissa
1809 3685 1906 3740 bo-

323 3763 391 3801 na
419 3765 603 3806 eorum
620 3757 848 3823 quicum
879 3758 978 3815 hac
1005 3762 1056 3815 in
1086 3763 1205 3818 aliis
1234 3765 1385 3820 bonis
1407 3769 1732 3838 operibusse
1752 3790 1908 3828 excr-

319 3853 464 3896 ccnt.
491 3846 653 3900 Adam
670 3859 854 3918 autem,
884 3852 1070 3923 inquit,
1094 3859 1321 3926 cognovit
1338 3858 1496 3913 Evam
1519 3877 1903 3934 mreittsnant,

318 3945 370 3985 et
385 3939 645 4004 cortcepit,
676 3949 722 3993 et
753 3945 943 4012 peperit
970 3943 1118 3999 Cain.
1154 3947 1436 4018 Postquam
1467 3967 1561 4020 per
1588 3953 1901 4010 inobcdien-

323 4025 452 4080 tiam
485 4028 699 4084 intravit
724 4046 1018 4102 peccatum,
1049 4048 1102 4092 et
1123 4040 1386 4094 sententia
1415 4045 1670 4098 mortales
1693 4045 1810 4102 illos
1832 4047 1906 4102 le-

319 4117 415 4180 cit,
445 4130 835 4188 consequenter
863 4127 1200 4195 omnipotens
1241 4128 1379 4184 Deus
1408 4133 1699 4187 secundum
1754 4153 1903 4194 suam

324 4207 639 4274 sapientiam
663 4209 879 4266 humani
923 4217 1136 4284 generis
1162 4220 1527 4289 propagationi
1567 4225 1851 4280 consulens
1885 4267 1900 4291 ,

318 4299 584 4354 concessit
630 4315 726 4370 per
750 4304 946 4358 coitum
976 4317 1187 4362 anetum
1218 4310 1281 4364 iri
1311 4320 1550 4366 nostrum
1595 4329 1782 4385 genus.
1834 4316 1902 4370 Et

319 4386 468 4449 dixit,
503 4387 711 4444 Possedi
741 4393 990 4449 hominem
1017 4413 1106 4466 per
1133 4397 1316 4455 Deum.
1347 4400 1479 4457 Vide
1500 4407 1769 4473 quomodo
1786 4423 1902 4478 pm-

317 4495 384 4532 na
419 4479 613 4536 inflicta
645 4487 921 4540 mulierem
945 4491 1329 4560 emendaverit,
1363 4496 1746 4569 melioremque
1778 4503 1900 4557 red-

316 4572 536 4632 diderit.
564 4575 692 4630 Nam
725 4580 955 4647 puellum
1001 4592 1182 4637 natum
1229 4601 1331 4638 non
1377 4597 1580 4644 natura:
1604 4630 1618 4652 ,
1646 4591 1739 4646 sed
1792 4594 1900 4647 Deo

317 4675 591 4734 aect‘ptnm
616 4668 798 4737 refert,
827 4679 1144 4743 gratumque
1169 4676 1406 4731 animum
1432 4678 1686 4735 declarat.
1710 4682 1899 4739 Vidisti

317 4758 587 4823 quomodo
611 4774 764 4827 parua
794 4763 1176 4820 admonitionis
1197 4767 1314 4823 loco
1337 4770 1440 4824 illis
1466 4770 1662 4825 fuerit?
1691 4772 1900 4830 Possedi

316 4847 482 4909 enim,
505 4848 694 4919 inquit,
719 4852 968 4906 hominem
998 4873 1086 4925 per
1110 4856 1296 4910 Deum.
1323 4860 1436 4914 Non
1469 4873 1680 4927 natura,
1707 4865 1894 4934 inquit,

317 4938 594 5006 puerulum
625 4942 752 4995 mihi
775 4941 944 5009 dedit,
977 4946 1068 4999 sed
1100 4947 1275 5000 divina
1299 4953 1486 5018 gratia.
1513 4951 1567 5004 2.
1605 4953 1666 5006 Et
1713 4957 1898 5026 adjecit

316 5039 369 5079 ut
398 5041 592 5095 pareret
613 5035 818 5100 fratrem
848 5035 984 5089 illius
1015 5037 1155 5089 Abel.
1186 5040 1314 5103 Quia
1348 5055 1445 5109 pro
1473 5051 1596 5096 nato
1625 5044 1734 5099 filio
1748 5058 1892 5116 grata

315 5120 434 5185 fuit,
468 5132 520 5174 et
548 5124 693 5191 prius
724 5125 1038 5181 beneficium
1079 5130 1314 5198 agnovit,
1371 5130 1662 5202 asscquuta
1703 5147 1784 5192 est
1843 5149 1897 5193 et

381 5255 393 5283 '
435 5261 541 5323 Post
565 5255 652 5304 has
678 5269 836 5323 voces,
861 5256 1073 5323 incutere
1095 5255 1175 5310 illi
1189 5270 1358 5323 inisset,
1401 5267 1471 5314 sic
1491 5265 1720 5317 claudunt
1743 5269 1895 5318 homi-

314 5311 427 5364 liam
446 5316 542 5397 duo
567 5324 671 5397 Mss.
697 5327 709 5365 :
741 5311 888 5388 Igitur
905 5321 1174 5397 gratiarum
1189 5311 1896 5397 'acziabs'eiré’raih};kiiiiiio

314 5388 424 5425 uero
440 5385 554 5448 ,ηερ
567 5387 759 5446 nostra;
779 5384 891 5441 quia
913 5384 1069 5443 ipsum
1092 5384 1227 5434 decet
1263 5385 1434 5448 gloria,
1453 5384 1729 5448 imperium,
1747 5391 1894 5440 honor

311 5437 621 5545 mmor-alio,
647 5454 768 5490 nunc
792 5437 835 5490 et
859 5437 1185 5505 semper,'etc.
1215 5437 1728 5509 Etuposteahomifiam'
1748 5437 1894 5502 lusu:

402 5507 564 5547 nuntur
601 5515 611 5547 :

402 5511 564 5547 ιιιιιωι·
601 5515 611 5548 ἱ

378 5621 698 5671 Αίὶωηιιιιιειη
732 5564 1113 5684 $733331ng
1153 5642 1354 5680 uxorem
1379 5646 1596 5682 suam...
1627 5643 1676 5682 et
1700 5641 1890 5684 textum

315 5693 685 5756 μρεειιᾳᾳιιιυν,
714 5686 1039 5756 claudtnitque
1058 5693 1104 5739 in
1123 5691 1226 5738 lucc
1251 5696 1415 5752 verba,
1434 5703 1478 5746 et
1515 5694 1633 5744 Cain
1656 5694 1886 5756 agricola.

374 5744 393 5774 ³
430 5746 624 5802 quidam
651 5756 772 5803 its-3.,
795 5744 971 5809 gratia:
999 5765 1102 5814 pro.
1129 5765 1288 5804 manu.

1478 422 1481 424 -
1515 384 1577 438 lN
1613 383 1767 441 (ΖΠ).
1801 382 1895 439 μ’.
1939 385 2182 444 GENES.
2226 390 2453 450 llOillL.
2499 387 2683 452 XVIII.

3507 410 3611 468 151

2020 504 2188 560 aliud.
2217 507 2359 564 Talis
2383 511 2524 566 enim
2553 522 2638 568 est
2659 513 3162 576 Dentinus'noswr:
3192 521 3404 592 quando
3423 523 3610 598 inpri-

2022 596 2124 649 mis
2166 607 2370 666 gratum
2413 601 2648 657 animum
2697 604 3065 671 declaramus,
3112 620 3166 664 ct
3207 596 3608 670 Lcnefhctovrcm

2019 690 2378 757 agnoscimus,
2423 693 2620 764 largius
2649 710 2744 751 sua
2774 698 2914 754 dona
2963 702 3116 755 nobis
3161 713 3367 773 erogat.
3427 705 3610 778 Itaque

2018 781 2139 847 quia
2162 793 2213 836 et
2243 782 2336 836 ista
2368 784 2475 841 Deo
2505 797 2710 855 partum
2739 790 3041 861 adscripsit,
3076 805 3353 867 propterea
3376 807 3429 853 et
3443 797 3606 857 alium

2018 871 2208 940 accipit
2224 875 2525 942 puerulum.
2558 877 2775 934 Summa
2804 881 2968 945 enim,
3024 895 3372 956 posteaquam
3417 890 3606 946 subln-
3647 883 3654 886 ’

2023 962 2182 1016 travit
2221 968 2537 1034 mortalitas,
2567 972 2862 1026 consolatio
2902 984 3016 1028 erat
3057 976 3282 1031 filiorum
3309 987 3606 1036 successio.

2021 1053 2086 1108 Et
2116 1055 2314 1111 idcirco
2340 1057 2600 1130 benignus
2635 1062 2776 1116 Deus
2803 1064 2982 1118 statim
3031 1065 3098 1120 ab
3151 1067 3302 1123 initio
3351 1070 3605 1139 puniendi

2016 1147 2359 1202 severitatem
2384 1149 2724 1218 imminuens,
2755 1163 2809 1208 et
2837 1146 3127 1212 terribilem
3153 1160 3182 1194 ⁸
3209 1160 3397 1216 mortis
3417 1176 3607 1231 perso-

2017 1233 2138 1290 nam
2161 1238 2430 1307 auferens,
2475 1243 2764 1299 liberorum
2793 1249 3185 1303 successionem
3220 1251 3443 1321 largitus
3470 1264 3552 1308 est
3577 1295 3593 1318 ,

2016 1329 2412 1395 quodammodo
2441 1333 2725 1404 imaginem
2756 1340 3166 1394 resurrectionis
3197 1357 3291 1411 per
3333 1342 3434 1397 hoc
3479 1343 3608 1398 sub-

2015 1418 2272 1485 indicans,
2307 1431 2360 1475 et
2381 1423 2714 1494 dispensans,
2748 1437 2804 1481 ut
2830 1444 2925 1497 pro
2947 1430 3261 1487 cadentibus
3304 1435 3393 1488 alii
3423 1450 3605 1489 resur-

2017 1520 2163 1580 gant.
2196 1511 2261 1564 Et
2289 1516 2456 1582 factus
2475 1526 2568 1582 est,
2604 1518 2796 1587 inquit,
2817 1520 2954 1574 .Abel
2980 1532 3152 1590 pastor
3173 1524 3339 1577 ovium
3361 1541 3388 1589 ;.
3405 1534 3451 1578 et
3473 1523 3600 1579 Cain

2015 1603 2318 1669 aperabatur
2339 1595 2540 1660 terram.
2565 1608 2750 1663 Docuit
2771 1627 2868 1666 nos
2894 1612 3068 1668 divina
3098 1613 3396 1684 Scriptura,
3445 1633 3606 1687 quam

2024 1703 2246 1764 uterque
2274 1707 2518 1753 natorum
2544 1710 2711 1755 artem
2735 1705 3054 1770 exercuerit,
3095 1716 3152 1760 et
3195 1715 3253 1760 ut
3276 1707 3411 1763 alter
3441 1709 3603 1764 vitam

2015 1787 2357 1853 pastoralem,
2385 1789 2523 1845 alter
2551 1793 2928 1862 agriculturam
2956 1795 3172 1866 delegit.
3205 1796 3264 1856 ὃ.
3295 1797 3362 1851 Et
3413 1799 3606 1868 factum

2015 1886 2087 1927 est
2109 1887 2219 1946 post
2249 1879 2374 1945 dies,
2399 1880 2576 1935 obtulit
2606 1882 2732 1937 Cain
2757 1884 2820 1937 de
2847 1886 3091 1955 fructibus
3118 1895 3265 1940 terra!
3301 1889 3608 1958 sacriﬁcium

2015 1966 2254 2023 Domino.
2287 1969 2577 2026 Considera
2608 1976 2877 2044 quomodo
2905 1987 3108 2034 natura:
3148 1979 3408 2035 Conditor
3433 1982 3609 2036 scien~

2018 2058 2142 2112 tiam
2169 2061 2514 2116 conscientiae
2544 2064 2753 2119 indidit.
2782 2065 2912 2132 Quis
2933 2069 3075 2122 enim
3101 2069 3273 2136 illum,
3306 2070 3392 2125 dic
3420 2112 3435 2137 ,
3464 2085 3562 2126 oro
3589 2112 3606 2137 ,

2014 2148 2082 2202 ad
2110 2149 2246 2206 hanc
2273 2153 2635 2234 cognitipnem
2669 2157 3045 2224 perduxisset?
3075 2158 3262 2214 Nullus
3290 2160 3425 2214 alius
3445 2177 3606 2232 quam

2013 2258 2131 2312 qua:
2159 2244 2210 2299 in
2241 2248 2420 2301 animo
2449 2249 2665 2304 conscio
2689 2253 2935 2308 scientia.
2971 2253 3163 2308 Obtulit
3194 2258 3236 2322 ',
3276 2258 3484 2327 inquit,
3540 2259 3605 2311 de

2015 2335 2259 2405 fructibus
2283 2347 2429 2396 terra
2453 2342 2761 2409 sacriﬁcium
2809 2343 3047 2398 Domino.
3102 2346 3318 2401 Sciebat
3363 2348 3505 2402 enim
3552 2357 3610 2403 et

2014 2427 2369 2494 cognoscebat
2384 2443 2675 2499 congruum
2703 2447 2822 2487 esse
2839 2450 2905 2487 ex
2928 2435 3037 2490 suis
3057 2438 3486 2505 possessionibus
3506 2439 3607 2494 ali-

2013 2517 2140 2584 quid
2173 2517 2438 2574 fructuum
2468 2521 2577 2576 Deo
2605 2522 2801 2579 ofl'erre
2833 2544 2844 2579 :
2878 2541 2984 2580 non
3012 2529 3153 2596 quod
3191 2528 3257 2583 iis
3288 2531 3426 2584 Deus
3470 2531 3609 2585 indi-

2013 2618 2155 2677 geat,
2186 2609 2279 2666 sed
2309 2620 2365 2665 ut
2389 2621 2596 2683 gratum
2620 2615 2862 2670 animum
2895 2631 3049 2672 suum
3095 2617 3337 2675 declaret
3382 2623 3472 2691 qui
3517 2624 3610 2680 tali

2016 2699 2278 2755 beneflcio
2298 2701 2513 2758 fruitur.
2538 2705 2694 2761 Nulla
2717 2709 2859 2762 enim
2891 2724 2949 2763 rc
2973 2710 3174 2780 ittdigcf.
3198 2712 3362 2779 Deus,
3414 2714 3609 2769 nullis-

2016 2804 2120 2858 que
2150 2793 2347 2847 nostris
2367 2808 2500 2862 Opus
2534 2794 2731 2861 habet;
2765 2806 3018 2853 czeterum
3048 2800 3117 2854 ob
3144 2801 3464 2858 ineffabilem
3516 2804 3612 2862 be-

2015 2881 2329 2950 nignitatem
2363 2883 2434 2937 ita
2481 2898 2679 2941 nosmae
2725 2887 3021 2944 infirmitati
3067 2904 3123 2946 se
3169 2900 3507 2963 attemperat,
3554 2905 3611 2951 et

2015 2979 2234 3041 propter
2261 2972 2489 3029 salutem
2511 2983 2750 3031 nostram
2785 2978 2899 3033 lucc
2934 2979 3051 3034 fieri
3081 2982 3229 3048 sinit,
3255 2993 3314 3037 ut
3338 2984 3432 3038 Dei
3460 2985 3612 3056 agni-

2020 3060 2093 3113 tio
2122 3061 2367 3116 humana:
2391 3073 2596 3120 natura:
2613 3067 2824 3122 virtutis
2845 3068 2918 3122 sit
2939 3069 3140 3126 schola.
3162 3072 3216 3126 4.
3233 3069 3300 3125 Ει
3322 3073 3446 3129 Abel
3458 3077 3609 3131 etiam

2014 3149 2122 3220 ipse
2139 3152 2316 3206 obtulit
2339 3154 2402 3206 de
2426 3156 2776 3227 primogenitis
2803 3176 3015 3213 suarum
3045 3162 3232 3216 ovium.
3261 3163 3378 3220 Non
3404 3166 3611 3238 absque

2013 3256 2172 3298 causa
2202 3246 2285 3299 vel
2314 3244 2506 3301 frustra
2535 3247 2586 3302 in
2609 3248 2776 3319 priori
2805 3265 3055 3307 sermone
3082 3263 3315 3310 vestram
3342 3255 3500 3312 docui
3519 3275 3610 3314 ca-

2013 3336 2245 3401 ritatem,
2280 3337 2852 3396 Dominumnostrum
2908 3345 3220 3399 varietatem
3260 3362 3608 3416 personarum

2015 3425 2295 3495 ignorare:
2320 3428 2417 3484 sed
2445 3431 2772 3486 voluntatem
2797 3436 3046 3499 scrutari,
3077 3450 3141 3490 ac
3166 3449 3401 3494 mentem
3429 3441 3608 3496 inten-

2014 3520 2322 3592 tionemque
2349 3537 2634 3579 coronare.
2666 3524 2731 3580 Et
2777 3540 2919 3582 nunc
2947 3541 3163 3599 quoque
3213 3529 3358 3609 idem
3408 3531 3614 3590 factum

2012 3613 2399 3668 animadverte.

2085 3701 2353 3775 Scriptura
2376 3723 2521 3760 sacra
2543 3708 2671 3763 nihil
2698 3709 2890 3778 frustra
2911 3710 3052 3764 dicit.
3069 3711 3311 3770 —Dictis
3323 3715 3606 3788 diligenter

2011 3797 2403 3861 auscultemus,
2437 3807 2489 3852 et
2518 3798 2790 3855 videamus
2813 3801 2940 3870 quid
2966 3800 3032 3857 de
3067 3803 3197 3858 Cain
3247 3818 3429 3863 narret
3454 3809 3605 3865 Seri-

2013 3896 2163 3955 ptura
2183 3926 2199 3951 ,
2231 3896 2285 3941 et
2309 3888 2432 3956 quid
2467 3888 2534 3943 de
2556 3889 2718 3953 Abel,
2753 3899 2808 3945 et
2837 3906 2905 3946 ne
2933 3892 3395 3952 inconsideranter
3425 3909 3603 3956 trans-

2009 3993 2213 4031 eamus.
2247 3977 2385 4032 Nihil
2415 3980 2557 4034 enim
2591 3990 2791 4036 temere
2817 3984 2900 4038 vel
2926 3983 3146 4040 fortuito
3173 3987 3406 4058 loquitur
3424 3992 3623 4048 divina'

2010 4066 2309 4137 Scriptura,
2344 4069 2438 4124 sed
2473 4079 2526 4125 et
2551 4071 2787 4142 syllaba,
2817 4081 2873 4128 et
2910 4075 3152 4144 apiculus
3184 4079 3369 4134 unicus
3406 4099 3601 4139 recon-

2008 4160 2178 4214 ditum
2229 4160 2387 4216 habet
2433 4161 2780 4217 ;hesaurum:
2828 4180 2953 4219 nam
2995 4167 3049 4221 in
3100 4166 3241 4224 hunc
3281 4172 3498 4230 modum
3543 4191 3613 4232 se

2010 4253 2207 4308 habent
2230 4252 2521 4323 spiritualia
2540 4255 2737 4308 omnia.
2753 4255 2891 4322 Quid
2918 4257 3077 4328 igitur
3094 4259 3288 4329 inquit?
3309 4261 3375 4317 Et
3401 4269 3599 4335 factum

2008 4354 2078 4397 est
2110 4354 2220 4414 post
2240 4345 2346 4398 dies
2362 4385 2377 4411 ,
2401 4345 2578 4399 obtulit
2600 4344 2726 4400 Cain
2749 4349 2812 4400 de
2846 4348 3090 4417 fructibus
3119 4361 3268 4406 terra:
3293 4357 3609 4425 sacriﬁcium

2011 4435 2225 4489 Domino
2243 4479 2259 4504 ,
2291 4447 2337 4490 et
2356 4435 2478 4490 Abel
2497 4438 2672 4491 obtulit
2693 4440 2843 4492 etiam
2864 4441 2970 4509 ipse
2989 4442 3051 4495 de
3067 4443 3414 4515 primogenitis
3434 4453 3608 4507 ovium

2007 4543 2234 4593 suarum,
2253 4538 2298 4580 et
2321 4527 2382 4579 de
2399 4528 2635 4598 adipibus
2651 4530 2876 4583 illarum.

2079 4621 2132 4674 5.
2176 4619 2243 4674 lis
2269 4621 2356 4687 qui
2401 4622 2606 4675 acutius
2655 4621 2834 4676 valent
2881 4623 3111 4692 intueri,
3139 4625 3249 4696 jam
3278 4642 3342 4682 ex
3371 4628 3608 4687 lectione

2008 4711 2119 4780 ipsa
2152 4710 2408 4780 liquidum
2437 4711 2668 4780 estquid
2695 4713 2901 4767 «lientur
2932 4732 2944 4767 :
2978 4731 3163 4770 verum
3207 4719 3329 4787 quia
3360 4724 3606 4777 omnium

2005 4803 2158 4855 simul
2189 4800 2426 4855 habenda
2457 4811 2539 4856 est
2568 4817 2690 4856 cura
2712 4845 2726 4868 ,
2751 4813 2804 4857 et
2845 4805 3202 4861 differentiam
3248 4825 3604 4878 personarum

2005 4898 2174 4950 nescit
2192 4894 2479 4964 spiritualis
2503 4894 2745 4948 doctrina
2777 4913 2790 4949 :
2816 4911 2912 4966 age
2933 4897 3262 4954 manifestius
3281 4901 3428 4955 vobis
3449 4902 3595 4959 detc~

2004 5000 2186 5056 gamus
2203 5002 2318 5053 qua-
2332 4985 2469 5039 dicta
2487 4985 2826 5050 sunt,iterum
2841 5001 2903 5041 ea
2918 4989 3596 5062 repetentes.(.‘ain,inquit,

2003 5077 2180 5130 obtulit
2202 5079 2263 5129 de
2297 5076 2539 5144 fructibus
2578 5087 2723 5132 teme
2747 5079 3055 5147 sacri/icium
3094 5078 3314 5136 Domino
3344 5100 3363 5136 .'
3401 5083 3598 5139 deinde

2003 5171 2186 5225 volens
2210 5180 2262 5224 et
2293 5170 2359 5224 de
2405 5169 2534 5224 Abel
2564 5169 2758 5225 docere
2780 5185 2876 5224 nos
2911 5171 3182 5240 Scriptura
3215 5173 3392 5228 divina
3429 5175 3600 5242 dicit,

2066 5329 2079 5358 ¹
2109 5324 2517 5399 \'ox,_lerr_ibilem
2545 5325 2808 5399 meam),
2828 5323 2875 5372 in
2899 5326 3188 5399 quibusdam
3209 5327 3378 5399 deest.
3404 5389 3414 5399 .

2064 5391 2084 5420 ⁸
2119 5397 2203 5437 Pro
2237 5389 2327 5436 hoc
2351 5390 2452 5437 loco
2489 5391 2590 5448 qui,
2626 5401 2652 5435 a
2691 5389 2906 5457 uocibus,
2940 5407 2962 5432 ι
2987 5389 3450 5457 Οὺζιιιὶιιγηιὺιίηίζι,
3485 5409 3509 5436 ε
3530 5393 3604 5441 (ια

1997 5449 2230 5511 ﬂuctibus
2243 5457 2388 5511 terra;
2410 5465 2432 5492 τι
2456 5461 2642 5510 ,usque
2665 5449 2723 5496 ad
2745 5463 2903 5506 voces,
2929 5468 2950 5496 ι
2965 5456 3008 5498 et
3033 5454 3094 5498 de
3125 5449 3351 5507 adipibus
3358 5451 3591 5501 illorum»

2019 5513 2261 5581 .lusquam
2279 5509 2487 5581 mediam
2512 5509 2982 5581 paginamabsolvit;
3002 5514 3441 5581 proAltoc,.inquam,
3467 5512 3594 5581 loco,

2019 5527 2261 5573 nusquam
2279 5527 2485 5559 ηιθωίιιιι
2512 5527 2735 5572 paginam
2750 5527 2982 5580 3|)SQIVII;
3002 5527 3087 5572 pro
3107 5527 3441 5573 noc,.tnquam,
3467 5527 3585 5581 KlCO.

1997 5527 2118 5629 inec,
2145 5572 2308 5641 multis
2327 5575 2536 5641 mitissis,
2562 5572 2706 5621 efl‘crt
2731 5572 3044 5641 Cetshnianus
3073 5575 3231 5620 Codex
3260 5587 3275 5641 ε
3312 5593 3333 5617 ι
3358 5574 3537 5641 οὺέιιιις
3562 5594 3585 5641 ε

1996 5635 2165 5702 inquit,
2195 5653 2215 5679 α
2237 5634 2299 5702 de
2333 5633 2567 5702 fructibus
2608 5641 2754 5702 terra:
2791 5631 3088 5702 sacrificium
3133 5633 3361 5695 Domino;
3408 5642 3454 5702 et
3476 5633 3597 5702 Abel

1995 5695 2163 5744 obtulit
2181 5696 2324 5758 etiam
2352 5695 2451 5758 ipse
2477 5695 2536 5744 tle
2560 5695 2885 5758 primogent'tt's
2917 5695 3074 5745 avium
3099 5707 3313 5749 suarum.
3336 5703 3383 5747 et
3404 5696 3466 5748 de
3483 5699 3594 5750 att:-

1995 5758 2134 5820 pibus
2157 5757 2369 5807 illarum.
