4152 6514
577 393 675 448 llis

566 508 707 578 quod
735 517 788 561 et
832 508 954 578 ipse
982 507 1051 564 de
1099 521 1194 564 sua
1218 518 1362 574 arte,
1409 523 1601 577 nempe
1636 505 1949 577 pastoritia,
1987 517 2140 560 suum

568 599 804 655 attulerit
835 600 1172 656 sacriﬁcium.
1205 598 1396 654 Obtulit
1419 599 1559 654 enim
1581 639 1597 665 ,
1641 597 1838 667 inquit,
1867 606 1914 649 et
1949 597 2054 664 ipse
2087 595 2149 647 de

571 691 920 762 primogenitis
957 691 1121 746 ovium
1161 706 1369 744 suorum
1405 729 1419 754 ,
1471 698 1520 743 et
1559 688 1621 744 de
1664 688 1897 758 adipibus
1923 687 2145 740 illarum.

571 778 806 835 Observa
837 781 1101 850 quomodo
1123 781 1274 836 nobis
1300 780 1624 850 pientissiins
1653 779 1793 834 illius
1814 792 1963 833 mens
1989 775 2152 846 signi-

575 867 790 935 licetur,
822 879 876 926 et
903 885 1006 924 non
1053 879 1254 924 tantum
1288 869 1357 925 de
1393 869 1576 924 ovibus
1605 867 1891 933 obtulerit,
1922 864 2044 929 sed,
2073 861 2152 917 De

580 959 924 1031 primogeuitis
943 1000 957 1025 ,
1001 958 1102 1014 hoc
1126 967 1243 1027 est,
1273 959 1341 1014 de
1381 957 1776 1028 pretiosissimis
1796 997 1812 1022 ,
1843 965 1894 1010 et
1923 953 2152 1008 maxime

570 1049 784 1104 eximiis
815 1065 830 1104 :
855 1047 1048 1104 deinde
1074 1059 1129 1105 et
1156 1065 1223 1106 ex
1251 1049 1357 1105 illis
1393 1048 1522 1120 ipsis
1549 1047 1911 1118 primogenitis
1951 1045 2149 1115 pretio-

573 1138 782 1193 sissima
825 1154 1084 1217 qumqtp:
1132 1140 1196 1194 Et
1243 1141 1308 1194 de
1353 1140 1588 1210 adipibus
1609 1180 1626 1204 ,
1673 1139 1870 1210 inquit,
1911 1137 2150 1202 illorum,

578 1228 680 1284 hoc
706 1238 808 1295 est,
826 1229 894 1285 de
917 1230 1274 1301 pinguissimis
1294 1242 1348 1287 et
1373 1231 1607 1301 Optimis.
1641 1231 1714 1286 De
1740 1229 1866 1285 Cain
1893 1227 2021 1283 nihil
2049 1228 2152 1283 tale

577 1317 885 1375 adnotatum
905 1330 985 1376 est
1014 1337 1028 1378 :
1051 1321 1149 1376 sed
1175 1320 1429 1376 obtulisse
1453 1321 1568 1376 ‘De
1591 1320 1819 1392 frugibus
1841 1329 1989 1373 terra
2005 1316 2158 1370 satri-

582 1410 754 1478 ﬁeiunt
778 1425 798 1464 :
835 1411 988 1481 quasi
1049 1410 1283 1478 diceret,
1332 1413 1736 1482 qualiacumque
1757 1410 2110 1481 obveuiebant
2136 1449 2153 1474 ,

583 1498 722 1553 nulla
769 1497 835 1554 ad
863 1499 1130 1555 delectum
1174 1501 1593 1573 adhibitaopera
1622 1501 1705 1556 vel
1731 1501 2024 1572 diligentis.
2053 1499 2152 1556 lte-

583 1603 702 1642 rum
723 1587 861 1654 dico,
885 1599 940 1644 et
959 1589 1135 1646 dicere
1157 1607 1260 1646 non
1287 1592 1542 1647 cessabo:
1568 1606 1671 1646 non
1697 1592 1819 1661 quis
1843 1591 1978 1647 Deus
1999 1591 2159 1646 rebus

583 1679 778 1732 nostris
806 1677 1033 1749 indiget,
1074 1680 1247 1736 oblata
1277 1680 1529 1749 suscipit,
1577 1683 1671 1735 sed
1709 1681 1816 1735 vult
1839 1688 1895 1736 et
1915 1695 2008 1749 per
2045 1680 2160 1736 lucc

582 1765 789 1821 ostendi
817 1775 1024 1837 gratum
1051 1774 1292 1822 nostrum
1321 1768 1579 1824 animum.
1609 1767 1738 1824 Nam
1777 1783 1900 1824 eum
1923 1770 2011 1837 qui
2051 1769 2161 1822 Deo

585 1856 867 1939 oll‘erebat,
898 1865 952 1913 et
975 1857 1232 1914 oﬂ'erebat
1265 1874 1332 1914 ex
1355 1859 1420 1915 iis
1454 1874 1572 1928 qua
1603 1859 1692 1914 Dei
1741 1867 1897 1924 sunt,
1928 1873 2047 1913 cum
2078 1858 2162 1913 in-

588 1946 847 2017 telligeret
891 1958 1146 2018 quantum
1171 1949 1408 2005 diﬁerret
1447 1958 1633 2005 natura
1656 1990 1674 2017 ,
1704 1959 1758 2004 et
1783 1965 1843 2006 se
1885 1949 2156 2005 hominem

591 2044 792 2090 tantum
842 2036 1061 2093 honoris
1100 2040 1345 2094 sortitum
1390 2053 1544 2105 esse,
1575 2039 1882 2111 Oportebat,
1911 2049 2164 2110 quantum

589 2126 704 2216 lieri
737 2134 1152 2216 poterat,’suuin
1182 2128 1369 2185 testari
1394 2129 1627 2184 ofﬁcium
1645 2171 1662 2197 ,
1691 2139 1747 2186 et
1784 2131 2165 2200 pretiosissima

585 2215 800 2274 offerre.
828 2218 933 2274 Sed
964 2219 1084 2276 vide
1101 2260 1118 2286 ,
1145 2219 1371 2276 obsecro
1394 2261 1413 2287 ,
1438 2219 1647 2276 dilecte.
1683 2220 1858 2277 Habes
1886 2221 1973 2277 hic
2009 2235 2166 2276 ocra-

589 2305 769 2360 sioncs
794 2315 852 2360 ut
888 2307 1028 2378 quad
1059 2317 1269 2378 oportet
1307 2309 1712 2380 contempleris,
1757 2310 1949 2365 merito
1978 2323 2164 2378 pmnas

589 2392 737 2458 luela
780 2409 900 2449 eum
954 2395 1044 2464 qui
1089 2410 1237 2451 suam
1283 2396 1355 2452 ob
1395 2397 1656 2468 ignaviam
1705 2397 1882 2468 prodit
1919 2399 2163 2452 salutem.

589 2483 768 2554 Neque
797 2485 938 2540 enim
968 2486 1055 2542 ille
1081 2486 1355 2542 doctorem
1385 2489 1609 2559 aliquem
1635 2488 1848 2557 habuit,
1888 2504 2059 2560 neque
2084 2489 2168 2545 hic

590 2584 962 2644 suggerentem
989 2583 1046 2631 et
1081 2577 1438 2633 consiliarium
1456 2619 1473 2645 ,
1519 2578 1614 2634 sed
1643 2587 1860 2650 uterque
1887 2579 2167 2635 umscien-

593 2663 682 2720 tia:
707 2678 819 2721 sim
847 2667 1182 2738 magisterio,
1224 2679 1280 2726 et
1328 2671 1584 2741 sapientia
1629 2669 1888 2727 divinitus
1931 2672 2163 2727 humano

593 2755 776 2824 generi
812 2756 1176 2826 suppeditata,
1221 2758 1288 2814 ad
1333 2757 1470 2815 hanc
1513 2759 1834 2816 oblationem
1877 2762 2164 2818 incitatur:

593 2847 686 2901 sed
716 2846 1026 2903 excellentia
1045 2849 1298 2918 propositi
1324 2858 1380 2905 et
1403 2851 1691 2907 voluntatis
1730 2852 1982 2922 segnities
2025 2849 2167 2906 illius

593 2933 805 3005 quidem
833 2938 1255 3008 aceeptlssimam
1286 2939 1408 2994 fecit
1429 2939 1752 2996 oblationem
1772 2981 1789 3008 ,
1818 2939 1973 3011 hujus
1991 2949 2169 2996 autem

599 3024 946 3094 repudiatam.
977 3027 1044 3081 Et
1071 3028 1264 3097 aspexit
1278 3026 1494 3084 Deusad
1505 3029 1646 3096 Abel,
1665 3039 1712 3084 et
1734 3029 1802 3083 ad
1824 3029 1957 3084 dono
1986 3031 2167 3100 ipsius.

607 3114 738 3172 Vide
776 3117 1044 3187 quomodo
1081 3117 1330 3187 impletur
1372 3117 1458 3172 hic
1496 3118 1636 3188 quod
1681 3119 1733 3173 in
1775 3119 2048 3190 evangelio
2088 3131 2170 3177 est

594 3203 831 3260 dictum:
863 3205 1024 3260 Primi
1052 3215 1208 3260 erum
1236 3207 1436 3272 ultimi,
1463 3216 1518 3262 et
1563 3208 1729 3262 ultimi
1776 3209 1927 3278 primi
1954 3207 2168 3280 (lauti.

596 3294 684 3350 i9.
716 3295 803 3350 30.
833 3294 995 3349 Herc.
1031 3295 1116 3351 lO.
1147 3295 1235 3351 3i.
1264 3294 1389 3351 Luc.
1427 3297 1512 3352 l3.
1546 3296 1675 3369 50).
1721 3298 1858 3354 Ecce
1901 3299 2043 3353 enim
2080 3299 2171 3369 qui

596 3385 666 3438 ob
710 3384 1175 3454 primogenituram
1216 3385 1544 3455 privilegium
1589 3385 1846 3451 habebat,
1874 3395 1928 3441 et
1951 3400 2050 3455 pro
2069 3385 2172 3442 nde

598 3474 745 3544 prior
788 3473 1073 3540 oﬂ'erebat,
1104 3475 1281 3529 minor
1326 3474 1473 3529 visus
1505 3482 1588 3530 est
1612 3473 1794 3540 fratre,
1826 3484 1881 3529 ut
1905 3476 1994 3547 qui
2018 3490 2173 3532 secus

596 3565 811 3622 offerret
829 3581 985 3635 quam
1006 3565 1301 3635 oportebat.
1323 3563 1454 3619 Nam
1470 3579 1590 3620 cum
1615 3573 1838 3636 uterque
1859 3565 2167 3631 obtulisset,

600 3655 729 3709 dicit
753 3655 928 3709 divina
948 3654 1217 3724 Scriptura
1244 3671 1257 3706 :
1289 3653 1356 3707 Et
1382 3655 1577 3724 aspexit
1606 3653 1742 3710 Deus
1761 3654 1830 3707 ad
1851 3653 2004 3722 Abel,
2033 3665 2082 3709 et
2105 3655 2174 3709 ad

599 3747 734 3798 dona
767 3746 898 3814 ejus.
939 3744 1074 3813 Quid
1104 3753 1221 3810 est,
1250 3744 1319 3800 Et
1339 3745 1579 3816 περαίη
1606 3743 1658 3799 Id
1685 3753 1799 3810 est,
1825 3745 2166 3816 approbavit,

605 3834 836 3891 laudavit
876 3845 1142 3902 mentem,
1193 3838 1465 3892 coronavit
1519 3837 1875 3901 voluntatem,
1920 3845 1976 3892 et
2023 3839 2172 3908 quasi

600 3925 720 3993 quis
759 3925 933 3992 dicat,
976 3925 1112 3980 facto
1151 3936 1432 3981 contentus
1474 3926 1588 3980 fuit.
1633 3925 1762 3979 Nam
1792 3936 1847 3982 et
1888 3927 1933 3982 si
1972 3927 2040 3982 de
2067 3929 2175 3982 Deo

602 4012 896 4083 loquimur,
941 4022 994 4068 et
1037 4013 1104 4069 de
1131 4014 1414 4070 immortali
1445 4023 1630 4070 natura
1659 4015 1869 4085 aperire
1911 4029 1974 4070 os
2013 4017 2173 4071 aude-

605 4119 756 4169 mus,
788 4103 913 4171 sed,
940 4119 1060 4159 cum
1103 4104 1345 4160 homines
1374 4105 1568 4166 simus.
1602 4120 1706 4160 non
1750 4120 2028 4174 possumus
2063 4105 2177 4161 haec

603 4194 756 4248 aliter
766 4209 920 4262 quam
939 4209 1030 4262 per
1046 4195 1269 4263 linguam
1284 4194 1575 4264 percipere.
1593 4193 1819 4249 Attende
1835 4209 1945 4250 rem
1965 4196 2169 4249 miram.

607 4283 844 4350 Aspexit,
864 4283 1050 4353 inquit,
1076 4282 1212 4337 Deus
1235 4285 1302 4336 ad
1329 4284 1470 4349 Abel,
1487 4284 1609 4338 etad
1628 4286 1760 4338 dona
1785 4286 1958 4354 ipsius.
1990 4283 2175 4340 Ovium

606 4373 927 4430 oblationem
952 4374 1087 4430 dona
1121 4375 1362 4430 vocavit:
1404 4375 1524 4444 quia
1565 4376 1825 4445 pretiosa,
1869 4374 2059 4430 eximia
2080 4416 2094 4440 ,
2123 4383 2178 4430 et

611 4467 945 4522 immaculata
973 4465 1255 4522 obtulerat.
1301 4467 1524 4535 Aspexit
1549 4465 1706 4537 igitur
1734 4467 1798 4521 ad
1823 4465 2026 4536 ipsum,
2058 4465 2179 4534 quia

611 4573 744 4613 sano
771 4569 824 4614 et
849 4558 1054 4614 sincero
1079 4561 1257 4614 animo
1287 4558 1584 4626 obtulerat;
1623 4569 1678 4615 et
1705 4559 1771 4613 ad
1799 4559 1938 4615 dona
1967 4560 2142 4614 oblata
2162 4599 2177 4624 ,

611 4666 714 4706 non
748 4649 888 4720 quod
914 4651 1075 4707 nullis
1114 4650 1335 4705 maculis
1379 4665 1592 4720 aspersa
1636 4659 1875 4717 tantum,
1919 4649 2012 4706 sed
2037 4649 2181 4720 quod

609 4744 754 4800 omni
785 4757 850 4798 ex
895 4751 1044 4812 parte
1085 4743 1315 4812 pretiosa
1345 4749 1530 4802 erant,
1565 4751 1672 4794 tum
1714 4743 1782 4795 ob
1813 4750 2044 4796 mentem
2067 4739 2182 4809 ejus

608 4837 696 4905 qui
745 4835 1036 4900 obtulerat,
1081 4843 1188 4888 tum
1226 4833 1367 4903 quod
1416 4831 1762 4902 primogenita
1810 4839 1993 4897 erant,
2021 4839 2076 4885 et
2116 4845 2181 4884 ex

616 4925 718 4978 illis
757 4924 1108 4985 electissima,
1156 4933 1209 4976 et
1235 4938 1300 4977 ex
1347 4921 1589 4990 adipibus
1634 4921 1796 4990 ipsis,
1828 4920 1928 4975 lioe
1973 4931 2088 4984 est,
2117 4935 2184 4973 ex

616 5015 826 5084 optimis
854 5015 1070 5083 optima.
1097 5011 1165 5067 Et
1206 5015 1397 5082 aspexit
1424 5011 1560 5066 Deus
1601 5013 1668 5065 ad
1696 5011 1819 5065 Abel
1839 5053 1854 5077 ,
1893 5021 1940 5065 et
1963 5011 2028 5063 ad
2053 5011 2186 5064 dona

617 5107 774 5172 ipsius
794 5120 813 5158 :
842 5106 889 5160 5.
920 5105 987 5157 ad
1027 5104 1152 5159 Cain
1187 5113 1352 5156 autem
1381 5144 1395 5167 ,
1434 5114 1480 5156 et
1508 5107 1576 5156 ad
1599 5103 1852 5172 sacriﬁcia
1887 5103 2046 5173 ipsius
2085 5119 2185 5155 non

618 5196 844 5249 attendit.
870 5195 1003 5261 Quid
1030 5202 1168 5250 recta
1193 5193 1514 5258 intentione,
1540 5203 1592 5247 et
1621 5193 1824 5246 sincera
1848 5201 2021 5247 mente
2041 5192 2183 5246 obtu-

619 5289 753 5343 lerat
799 5287 964 5354 Abel,
996 5287 1234 5357 Aspexit,
1277 5286 1474 5354 inquit,
1503 5284 1676 5348 Deus,
1734 5285 1832 5338 lioc
1873 5295 1990 5349 est,
2027 5299 2184 5342 accc-

620 5381 695 5448 pit
713 5419 728 5442 ,
759 5385 965 5447 gratum
990 5375 1202 5440 habuit,
1233 5374 1461 5429 laudavit
1489 5391 1502 5438 ;
1531 5383 1784 5428 casterqu
1826 5373 1998 5428 oblata
2026 5387 2184 5427 voca-

626 5470 698 5522 vit
744 5469 917 5535 dona,
986 5477 1043 5523 ut
1093 5482 1186 5538 per
1235 5467 1338 5521 hoc
1395 5465 1666 5521 olTerentis
1710 5466 1886 5518 animo
1933 5464 2183 5530 majorem

622 5560 880 5612 honorem
921 5557 1198 5626 praeberet.
1243 5555 1323 5610 Ad
1359 5555 1483 5610 Cain
1527 5567 1724 5618 autent,
1771 5564 1816 5604 et
1854 5555 1919 5605 ad
1943 5553 2188 5621 sacriﬁcia

621 5649 758 5702 illius
805 5664 904 5702 non
943 5647 1170 5701 attendit.
1220 5646 1589 5702 Animadverte
1631 5645 1920 5712 Scriptura:
1971 5642 2187 5712 diligen-

687 5785 700 5814 ¹
738 5781 874 5832 Sm'il.
903 5790 948 5832 et
973 5783 1185 5844 quinth
1206 5788 1332 5842 MSS,
1369 5782 1452 5832 κά
1485 5777 1597 5842 quid
1625 5778 1648 5828 .’

1278 393 1335 452 8.
1377 391 1653 452 JOANNIS
1685 385 2154 448 ειιιιτεοετυιιι
2193 386 2511 446 ARCHIEP.
2551 389 3087 449 CONSTAN‘I'INOP.

3728 387 3830 446 156

2259 506 2386 560 tiam
2413 508 2454 560 ‘.
2479 504 2612 562 Cum
2639 506 2790 568 dixit,
2822 505 2942 560 Non
2963 505 3195 568 attendit,
3230 503 3542 558 moasu‘Ivit
3578 502 3830 572 reproba-

2255 597 2452 651 tionem
2479 595 2774 652 oblatos-um
2799 611 2814 650 :
2843 605 2897 650 et
2917 611 3038 650 cum
3060 593 3357 650 oblationes
3385 591 3650 648 fructuum
3673 602 3831 647 terra

2253 688 2510 744 sacrificia
2559 697 2748 753 vocat,
2795 687 2940 741 aliud
2993 701 3092 742 nos
3145 684 3317 741 docet.
3371 682 3508 738 Vide
3561 681 3834 753 quomodo

2257 795 2351 848 per
2393 777 2531 834 facta
2567 788 2623 834 et
2670 778 2832 833 verba
2862 778 2973 848 ipsa
3024 776 3217 832 doceat
3269 774 3524 829 Dominus
3549 811 3565 836 ,
3611 787 3672 826 se
3716 770 3832 826 hac

2263 869 2438 923 omnia
2483 883 2515 922 s
2559 867 2715 923 nobis
2747 867 2882 921 velle
2913 866 3148 936 prastari
3174 906 3189 928 ,
3237 874 3295 919 ut
3335 862 3499 918 animi
3525 861 3692 918 nostri
3737 877 3836 931 per

2256 974 2318 1014 ea
2360 973 2479 1029 quze
2515 972 2545 1012 s
2591 957 2742 1012 nobis
2786 956 2957 1021 liunt,
3003 953 3269 1010 manifesti
3314 951 3640 1017 reddantur,
3684 959 3740 1006 es
3778 960 3837 1004 ut

2256 1049 2488 1104 sciamus
2523 1059 2623 1103 nos
2668 1047 2943 1102 Dominum
2999 1044 3198 1100 habere
3226 1052 3285 1100 et
3324 1041 3664 1099 Conditorem
3709 1055 3833 1096 eum

2257 1140 2348 1208 qui
2377 1153 2440 1193 ex
2490 1137 2657 1191 nihilo
2686 1151 2784 1191 nos
2807 1144 2866 1192 ut
2911 1148 3151 1192 essemus
3198 1133 3462 1203 produxit.
3509 1130 3650 1186 Oves
3690 1129 3834 1186 enim

2261 1241 2480 1284 munera
2529 1226 2850 1281 nominando
2895 1224 3074 1280 divina
3115 1223 3422 1293 Scriptura.
3455 1231 3608 1276 terra:
3659 1227 3836 1273 autem

2261 1316 2463 1374 fruetus
2495 1315 2751 1372 sacrificia
2805 1312 3164 1384 appellando,
3215 1313 3372 1366 docet
3393 1325 3492 1365 nos
3556 1309 3836 1364 Dominum

2264 1422 2434 1477 neque
2462 1415 2519 1462 nt
2560 1405 2712 1460 bruta
2737 1404 3095 1467 adducantur,
3139 1417 3310 1472 natiue
3352 1410 3410 1456 ut
3435 1410 3594 1455 terra
3639 1397 3841 1453 fructus

2261 1499 2555 1554 oﬂ'erautur
2575 1537 2592 1564 ,
2623 1497 2716 1552 sed
2747 1505 2949 1552 tantum
2993 1493 3187 1549 mentis
3220 1491 3554 1547 sll'ectionem
3580 1502 3840 1559 querere.

2264 1589 2417 1646 Unde
2443 1598 2498 1643 et
2525 1601 2668 1642 nunc
2694 1595 2910 1657 propter
2937 1583 3133 1640 mentis
3151 1581 3485 1638 all’ectiouem
3510 1579 3601 1636 ille
3622 1579 3837 1651 quidem

2263 1695 2383 1734 cum
2412 1679 2569 1734 donis
2611 1677 2932 1748 approbatus
2960 1682 3045 1730 est
3063 1715 3080 1741 ,
3106 1683 3160 1729 et
3199 1682 3384 1744 gratus
3412 1671 3512 1726 fuit
3536 1686 3556 1725 :
3585 1671 3688 1726 iste
3715 1684 3846 1727 vero

2263 1787 2382 1828 cum
2409 1769 2672 1826 sacriﬁcio
2690 1783 2788 1824 suo
2808 1767 3039 1837 reiectus
3053 1773 3155 1822 est.
3176 1763 3304 1820 Illud
3327 1771 3502 1818 autem
3518 1805 3535 1830 ,
3555 1763 3758 1830 Aspesit
3777 1760 3848 1816 ad
3913 1769 3916 1772 ‘

2266 1863 2418 1928 Abel,
2445 1852 3648 1927 etodiuuueraipsius,staineutent,etod
3694 1849 3847 1904 sacri-

2267 1955 2386 2024 ficia
2428 1953 2564 2007 illius
2607 1967 2709 2005 non
2757 1949 3002 2014 attendit,
3051 1947 3124 2002 ita
3173 1944 3534 2015 intelligamus
3579 1950 3638 1997 ut
3681 1941 3846 1998 Deum

2268 2043 2442 2100 decet.
2475 2041 2602 2097 Vult
2629 2041 2772 2096 enim
2816 2039 3031 2104 dicere,
3063 2037 3231 2092 Deum
3263 2035 3365 2090 illis
3395 2043 3577 2089 notum
3624 2033 3846 2099 fecisse,

2267 2151 2328 2194 se
2349 2138 2489 2193 illius
2502 2134 2798 2206 approbare
2818 2132 3164 2196 voluntatem,
3194 2128 3350 2199 hujus
3384 2136 3561 2183 autem
3588 2125 3850 2195 repellere

2269 2225 2532 2297 ingratum
2560 2223 2814 2279 animum.
2845 2219 3158 2290 Huiusmodi
3176 2228 3302 2274 sunt
3323 2231 3384 2273 ea
3401 2231 3522 2287 quae
3547 2230 3579 2270 s
3597 2215 3706 2270 Deo
3727 2222 3845 2270 acts

2270 2316 2449 2371 fuere:
2481 2315 2756 2371 videamus
2781 2323 2958 2368 autem
2998 2310 3294 2380 sequentia.
3317 2308 3386 2362 Et
3429 2307 3636 2363 tristitia
3678 2304 3847 2372 olet-it

2271 2409 2396 2463 Cain
2419 2406 2564 2461 ualde
2589 2404 2664 2476 (ιι)
2681 2445 2698 2472 ,
2725 2412 2773 2459 et
2798 2402 3018 2458 concidit
3032 2402 3194 2456 uultus
3217 2400 3346 2470 ejus.
3376 2396 3513 2466 Quid
3545 2407 3648 2462 est,
3677 2394 3736 2450 Et
3763 2396 3852 2450 tri-

2269 2501 2408 2555 stitia
2448 2497 2618 2565 φάε
2660 2496 2788 2552 Cain
2829 2495 3017 2550 valde?
3042 2492 3249 2564 Duplex
3275 2491 3349 2548 illi
3384 2490 3596 2545 tristitia
3634 2486 3847 2551 accidit,

2270 2603 2375 2646 non
2402 2598 2609 2643 tantum
2653 2587 2796 2658 quod
2840 2584 2987 2640 solus
3029 2584 3144 2654 ipse
3188 2581 3534 2652 repudiatus,
3562 2578 3656 2635 sed
3711 2576 3854 2645 quod

2275 2678 2454 2734 fratris
2507 2676 2706 2732 donum
2769 2681 3044 2743 acceptum
3096 2669 3274 2725 fuerit.
3325 2667 3396 2722 Et
3441 2667 3643 2722 tristitia
3685 2665 3854 2732 aleris

2270 2766 2398 2824 Cuia
2424 2768 2588 2832 ualde,
2615 2776 2664 2821 et
2688 2765 2906 2821 concidit
2930 2763 3096 2820 uultus
3135 2761 3293 2816 illius.
3324 2759 3461 2828 Quid
3503 2758 3678 2814 alluit
3705 2757 3852 2812 illum

2273 2859 2519 2916 tristitia?
2563 2858 2793 2928 Utraque
2835 2855 2948 2910 haec
2972 2853 3126 2909 valde
3176 2852 3390 2907 tristitia
3432 2850 3753 2914 affecerunt,
3800 2855 3858 2902 et

2271 2948 2414 3020 quod
2454 2947 2708 3003 Dominus
2749 2959 2854 3000 non
2901 2942 3186 3000 attenderit
3229 2939 3544 2997 sacriﬁcium
3589 2939 3774 3010 ipsius,
3801 2946 3858 2992 et

2270 3037 2412 3109 quod
2453 3037 2652 3092 donum
2695 3033 2874 3090 fratris
2913 3040 3189 3102 acceptum
3229 3029 3281 3085 ei
3319 3029 3500 3084 fuerit.
3529 3027 3660 3084 Cum
3699 3027 3858 3096 igitur

2271 3143 2406 3199 cpus
2432 3136 2575 3184 esset
2591 3135 2662 3205 pt
2688 3125 2752 3190 is.
2781 3121 2870 3195 q‘ui
2916 3122 3170 3179 delictum
3197 3120 3505 3184 admiserat,
3536 3117 3661 3174 illud
3686 3119 3856 3173 corri-

2273 3231 2460 3289 geret:
2494 3216 2747 3273 Dominus
2790 3215 2932 3270 enim
2961 3212 3197 3268 clemens
3224 3224 3348 3266 cum
3369 3208 3461 3275 sit,
3493 3223 3599 3262 non
3626 3215 3731 3261 tam
3757 3221 3856 3261 uos

2274 3318 2548 3364 aversatur
2576 3308 2620 3361 si
2650 3305 3042 3374 delinquamus,
3073 3314 3232 3371 quam
3266 3300 3310 3354 si
3342 3299 3396 3354 in
3421 3296 3615 3352 delicto
3642 3310 3856 3366 perma-

2275 3413 2496 3458 neamus
2526 3413 2542 3450 :
2575 3396 2664 3452 ille
2690 3403 2872 3450 contra
2899 3392 3096 3447 nullam
3119 3389 3232 3460 ejus
3250 3390 3504 3443 rationem
3532 3386 3739 3442 habuit.

2345 3491 2401 3546 ο.
2430 3486 2639 3542 Bonitas
2664 3484 2760 3538 Dei
2818 3497 2939 3554 ergo
2980 3480 3214 3536 Caium.
3261 3477 3331 3533 ιιι
3372 3475 3702 3532 oblationibus
3735 3474 3857 3544 quid

2274 3581 2654 3638 obumndum.
2681 3605 2754 3617 —
2791 3576 2858 3632 Et
2882 3582 2941 3630 ut
2965 3573 3067 3629 hoc
3103 3570 3377 3628 evidenter
3410 3566 3655 3632 scias.-et
3703 3565 3858 3622 beni-

2275 3671 2495 3744 gnitatis
2549 3668 2718 3739 ipsius
2773 3663 3186 3737 magnitudinem
3244 3659 3566 3717 ineﬂsbilem
3628 3656 3809 3714 videas
3835 3695 3858 3723 ,

2280 3760 2397 3816 vide
2460 3774 2528 3815 es
2585 3757 2670 3813 bis
2723 3770 2843 3827 qua
2899 3766 3041 3809 nunc
3088 3751 3222 3805 fiunt
3268 3749 3520 3806 bonitatis
3567 3747 3707 3804 illius
3759 3761 3860 3802 ex-

2275 3852 2610 3915 cellentiam,
2652 3857 2708 3904 et
2743 3845 3009 3917 patientia:
3052 3841 3489 3912 magnitudinem.
3538 3839 3670 3895 Nam
3715 3848 3862 3909 post-

2278 3957 2434 4012 quam
2485 3939 2616 3996 vidit
2655 3938 2802 3994 illum
2855 3949 3013 4006 supra
3065 3932 3279 3990 modum
3333 3940 3611 3994 incestum,
3654 3937 3737 3993 et,
3802 3936 3863 3982 ut

2280 4036 2351 4088 ita
2375 4033 2568 4096 dicam,
2595 4045 2624 4084 a
2651 4028 2877 4084 tristitia
2901 4025 3145 4082 ﬂuctibus
3173 4023 3506 4079 submersum
3536 4021 3624 4088 iri,
3642 4034 3746 4074 nou
3763 4019 3860 4074 de-

2280 4125 2473 4193 spexit,
2493 4122 2588 4178 sed
2613 4135 2769 4191 quam
2797 4135 2919 4190 erga
2943 4127 3144 4188 patrem
3168 4115 3332 4186 ipsius
3355 4113 3734 4178 benignitatem
3757 4109 3859 4165 de-

2279 4216 2576 4270 claraverat
2593 4253 2607 4275 ,
2627 4210 2760 4265 dans
2783 4209 2857 4264 illi
2876 4207 3233 4264 satisfaciendi
3252 4203 3560 4260 occasiones
3588 4210 3708 4272 post
3733 4215 3856 4271 gra-

2279 4320 2401 4361 vem
2439 4305 2584 4359 illum
2624 4304 2826 4372 lapsum
2849 4341 2865 4367 ,
2905 4314 2968 4354 ac
3010 4297 3216 4353 ﬁducia:
3253 4296 3468 4366 ianuam
3496 4294 3774 4365 aperiens,
3801 4299 3860 4347 et

2278 4399 2498 4455 dicens:
2529 4396 2626 4452 Ubi
2651 4395 2739 4449 es!
2755 4393 2999 4450 eamdem
3026 4402 3078 4447 et
3108 4403 3250 4446 nunc
3269 4403 3394 4460 erga
3421 4388 3684 4458 ingratum
3709 4385 3858 4439 illum

2282 4490 2550 4553 declarat,
2597 4501 2812 4542 manum
2859 4483 2931 4538 illi
2972 4480 3121 4553 quasi
3159 4481 3208 4535 in
3248 4493 3488 4551 praeceps
3513 4475 3658 4532 eunti
3687 4475 3859 4545 porri-

2288 4594 2459 4649 gens;
2504 4589 2560 4634 et
2596 4576 2928 4632 occisionem
2972 4572 3208 4643 praebere
3250 4568 3468 4634 volens,
3513 4577 3570 4620 ut
3609 4565 3860 4620 delictum

2286 4669 2552 4739 corrigat,
2599 4667 2674 4720 illi
2721 4666 2848 4720 dicit
2895 4681 2908 4716 :
2959 4663 3012 4718 6.
3060 4661 3227 4726 Quare
3266 4669 3466 4713 masters
3504 4665 3668 4727 [nctus
3695 4655 3866 4709 es.’et

2283 4775 2440 4829 quare
2471 4758 2684 4812 concidit
2718 4756 2882 4810 uultus
2921 4763 3034 4808 tuus
3053 4752 3080 4806 .’
3117 4752 3168 4806 7.
3211 4749 3424 4812 Nonne,
3449 4749 3493 4802 si
3516 4755 3644 4802 recte
3667 4747 3864 4800 obtule-

2287 4851 2377 4915 ris,
2403 4857 2536 4904 recte
2564 4858 2732 4902 autem
2761 4863 2859 4900 non
2888 4845 3137 4907 diriseris,
3169 4842 3384 4912 peccasti
3400 4840 3426 4894 .’
3449 4839 3676 4908 Quiesce.
3709 4840 3790 4893 Ad
3818 4850 3869 4894 te

2286 4939 2535 4996 conversio
2557 4938 2694 4991 illius
2713 4978 2727 5001 ,
2755 4946 2801 4990 et
2823 4946 2874 4989 tu
2899 4936 3036 4988 illius
3059 4933 3415 4986 dominaberis.
3449 4928 3862 4993 Animadverte,

2287 5029 2500 5090 dilecte,
2527 5024 2844 5080 inelTabilcm
2901 5023 3244 5094 providentim
3283 5019 3684 5090 indulgentiam.
3730 5017 3862 5085 Quia

2288 5119 2430 5174 enim
2458 5114 2589 5170 vidit
2625 5113 2772 5168 illum
2799 5114 2867 5168 ab
2892 5111 3195 5166 invidentia:
3225 5110 3442 5176 morbo,
3472 5117 3531 5163 ut
3555 5108 3626 5162 ita
3653 5106 3861 5163 dicam.

2282 5195 2572 5267 Oppugnari
2595 5235 2610 5259 ,
2640 5194 2761 5248 vide
2787 5192 3056 5262 quomodo
3080 5207 3176 5263 pro
3195 5208 3288 5246 sua
3305 5193 3540 5250 bonitate
3567 5210 3866 5268 congruen-

2283 5298 2352 5343 tia
2380 5303 2480 5357 ipsi
2506 5284 2737 5340 remedia
2761 5284 2977 5354 apponit
3001 5324 3017 5347 ,
3051 5293 3108 5339 ut
3131 5287 3312 5339 statim
3342 5285 3617 5355 educatur,
3638 5298 3691 5342 et
3711 5291 3864 5360 aquis

2282 5396 2386 5435 non
2419 5377 2692 5434 obruatur.
2724 5377 2895 5444 Quare
2915 5386 3115 5430 mlestus
3141 5378 3304 5446 [actus
3329 5394 3380 5433 es
3397 5379 3423 5432 .’
3448 5389 3492 5432 et
3513 5397 3666 5448 quare
3691 5384 3860 5436 couri-

2281 5473 2354 5526 dit
2377 5471 2540 5526 vultus
2584 5471 2740 5524 tuus.’
2763 5468 2937 5536 Quare
2965 5479 3104 5523 tanta
3128 5469 3384 5525 detineris
3407 5472 3638 5536 tristitia,
3655 5483 3710 5526 ut
3733 5483 3787 5527 et
3805 5474 3856 5527 iu

2277 5565 2411 5624 facie
2439 5562 2686 5618 maeroris
2702 5559 3114 5630 magnitudinem
3131 5560 3422 5618 ostendas?
3449 5563 3618 5631 Quare
3641 5565 3857 5618 concidit

2364 5712 2380 5744 ⁸
2414 5705 2604 5757 Ccislin.
2620 5739 2634 5760 ,
2663 5701 2913 5753 veritatem.

2365 5753 2586 5832 (ali-lida
2611 5753 2744 5814 tutel.
2769 5761 2907 5825 hujus
2927 5756 3061 5816 torni,
3083 5753 3109 5816 §
3133 5754 3209 5804 IV.
