4152 6516
312 371 415 425 157

308 483 476 535 virttus
512 489 628 534 tuus
647 478 675 534 Ι
704 492 801 533 cur
829 492 894 532 ex
928 477 1025 531 hac
1055 490 1112 530 re
1142 473 1511 529 conturbaris’
1539 486 1703 543 quare
1731 485 1835 525 non
1861 486 1889 524 a

311 583 363 626 te
389 585 504 641 ipso
532 570 672 640 quod
697 567 976 638 oportebat
1006 565 1121 621 fieri
1142 605 1156 631 ,
1197 561 1588 620 considerasti?
1613 561 1750 618 Num
1792 561 1891 614 ho-

311 662 443 715 mini
488 660 805 715 sacrificium
849 656 1103 722 obtulisti,
1131 656 1221 727 qui
1257 654 1368 710 falli
1412 653 1621 724 possit?
1656 654 1887 723 ignoras,

307 753 440 808 mihi
481 768 585 809 non
627 767 747 807 esse
785 767 919 821 Opus
946 757 1004 805 ut
1030 750 1227 821 aliquid
1255 747 1541 815 oll‘eratur,
1573 747 1667 803 sed
1698 763 1783 802 me
1808 762 1896 800 sa-

307 861 431 900 nam
474 842 811 903 offerentium
838 852 1068 897 mentem
1099 840 1276 895 velle?
1307 839 1474 905 Quare
1499 848 1700 893 maestus
1730 839 1893 909 factus

305 954 360 989 es
381 937 408 990 Ρ
432 944 482 990 et
505 950 660 1004 quare
683 933 900 988 concidit
929 931 1093 986 vultus
1123 931 1280 986 tuus?
1307 929 1492 985 Nonne
1519 931 1562 985 si
1587 940 1718 984 recte
1745 931 1895 984 obtu-

307 1022 456 1088 ιρι-ξε,
496 1040 598 1078 non
630 1032 795 1076 autem
823 1031 954 1075 recte
978 1021 1207 1086 dividas,
1235 1021 1488 1090 peccasti?
1511 1019 1662 1087 Quod
1691 1019 1744 1074 in
1775 1019 1896 1075 ani-

310 1131 458 1169 mum
493 1113 745 1170 indusisti
763 1154 780 1179 ,
806 1127 927 1167 esse
955 1110 1282 1167 offerendum
1301 1151 1318 1172 .
1351 1111 1504 1166 laude
1527 1111 1742 1180 dignum
1771 1122 1894 1180 est;

306 1208 450 1278 quod
481 1222 607 1263 vero
629 1221 733 1262 non
774 1213 922 1260 recte
949 1204 1189 1272 dividas,
1219 1203 1270 1258 id
1299 1213 1357 1259 ut
1380 1203 1614 1259 oblatum
1646 1203 1895 1272 repudia-

307 1308 461 1354 retur
483 1298 675 1352 etl‘ecit.
716 1296 1007 1366 Oportebat
1027 1297 1168 1351 enim
1201 1296 1511 1352 offerentem
1539 1296 1678 1363 Deo,
1709 1297 1760 1350 in
1788 1296 1896 1351 dis-

304 1389 574 1445 cernendo
604 1403 845 1459 magnam
887 1388 1139 1444 adhibere
1177 1386 1501 1458 diligentiam
1531 1393 1620 1442 :et
1642 1398 1896 1458 quantum

311 1480 567 1535 differunt
595 1480 683 1550 qui
711 1478 867 1533 on‘crt
904 1488 957 1532 et
991 1478 1078 1548 qui
1105 1479 1333 1547 accipit,
1368 1486 1509 1532 tanta
1535 1486 1588 1531 et
1619 1479 1669 1531 in
1696 1477 1897 1533 discre~

309 1572 453 1625 tione
475 1568 708 1624 facienda
748 1567 1046 1623 diversitas.
1076 1568 1145 1622 At
1172 1568 1358 1621 borum
1388 1565 1516 1620 nihil
1546 1576 1600 1620 tu
1623 1567 1894 1637 cogitasti,

307 1661 402 1715 sed
452 1669 510 1714 ut
563 1659 777 1713 fortuito
803 1658 1057 1728 contigit,
1081 1657 1337 1712 obtulisti.
1370 1659 1542 1727 Atque
1569 1657 1764 1712 idcirco
1790 1674 1894 1713 non

312 1761 598 1820 potuerunt
637 1765 757 1806 esse
783 1759 1018 1819 accepta.
1049 1747 1182 1803 Nam
1212 1749 1348 1803 sicut
1373 1749 1582 1803 animus
1613 1758 1764 1816 tuus,
1791 1766 1897 1821 quo

310 1841 636 1896 oblationem
683 1838 875 1902 fecisti,
907 1838 1035 1893 nihil
1063 1838 1363 1894 intermedii
1405 1853 1526 1894 esse
1552 1841 1894 1907 existimans,

307 1933 485 1988 effecit
531 1941 589 1986 ut
630 1931 978 2000 rejicerentur
1018 1945 1081 1984 ea
1117 1945 1234 2000 qum
1277 1944 1307 1983 a
1348 1938 1400 1985 te
1426 1940 1548 1984 sunt
1573 1930 1747 1985 oblata
1779 1951 1791 1986 :
1820 1933 1898 1986 sic

312 2023 493 2079 fratris
524 2023 596 2077 tui
627 2023 868 2086 animus,
902 2021 989 2090 qui
1016 2030 1191 2074 rectus
1219 2019 1345 2084 fuit,
1377 2029 1429 2074 et
1458 2021 1681 2075 multum
1713 2023 1763 2075 in
1792 2021 1898 2076 dis-

305 2113 578 2170 cernemlo
620 2112 851 2167 studium
893 2110 1104 2176 habuit,
1145 2123 1358 2181 accepta
1403 2111 1546 2166 illius
1584 2111 1722 2167 dona
1753 2111 1896 2169 fecit.

310 2208 686 2262 Verumtamen:
736 2219 907 2274 neque
951 2204 1028 2258 sic
1073 2218 1283 2273 pinnam
1325 2202 1502 2258 delicti
1552 2214 1769 2275 repeto,
1800 2206 1893 2260 sed

307 2301 538 2356 ostendo
595 2298 870 2353 dumtaxat
919 2296 1214 2362 delictum,
1259 2304 1314 2350 et
1364 2296 1640 2350 consilium
1687 2297 1850 2352 aﬂ‘ero
1879 2340 1894 2366 ,

306 2390 448 2461 quod
490 2392 536 2445 si
579 2389 820 2457 accipere
861 2388 1121 2452 volneris,
1157 2394 1212 2440 et
1241 2396 1514 2456 peccatum
1546 2388 1855 2443 emendabis
1881 2429 1893 2453 ,

305 2492 364 2538 et
401 2485 627 2552 teipsum
665 2480 996 2552 gravioribus
1024 2480 1179 2535 malis
1209 2496 1314 2535 non
1346 2479 1604 2534 involves.
1633 2481 1768 2548 Quid
1797 2482 1895 2552 igi-

309 2575 432 2628 tur?
460 2573 718 2639 Peccasti,
745 2580 800 2628 et
818 2573 1048 2642 graviter
1068 2572 1317 2642 peccasti,
1345 2572 1436 2626 sed
1459 2587 1564 2626 non
1589 2573 1747 2641 punio
1772 2589 1896 2643 pro-

307 2674 426 2735 pter
453 2665 700 2719 delictum
732 2683 746 2718 :
775 2663 1032 2732 benignus
1062 2665 1203 2719 enim
1234 2677 1352 2717 sum
1373 2703 1389 2730 ,
1423 2671 1476 2718 et
1508 2661 1646 2718 Nolo
1691 2676 1898 2719 mortem

308 2756 616 2825 peccatoris,
655 2755 744 2810 sed
769 2765 820 2809 ut
847 2764 1162 2808 convertatur
1189 2763 1232 2807 et
1262 2755 1391 2807 vivat
1419 2753 1628 2824 (Ezech.
1662 2755 1749 2810 18.
1775 2755 1890 2826 25).

306 2831 469 2916 Igitur
485 2847 609 2918 quia
637 2847 886 2916 peccasti,
915 2846 1144 2910 Quiesce,
1175 2844 1610 2915 tranquillitatem
1641 2860 1769 2916 para
1799 2861 1894 2899 co—

302 2939 649 3008 gitationibus
679 2939 816 3001 tuis,
858 2949 912 2991 et
951 2937 1113 2990 libera
1157 2946 1390 2991 mentem
1429 2951 1461 2989 a
1507 2937 1755 3006 procellis
1791 2936 1893 2990 llu-

305 3039 486 3084 ctuum
533 3027 935 3092 inundantium,
980 3026 1673 3095 cohibeperturbationem
1717 3027 1889 3092 illam,

306 3138 376 3177 ne
421 3121 586 3176 addas
631 3120 793 3190 priori
825 3129 1044 3190 peccato
1069 3117 1280 3188 gravius
1311 3117 1480 3178 aliud.
1521 3133 1693 3187 neque
1719 3119 1893 3171 consi-

306 3214 433 3268 lium
460 3211 673 3283 aliquod
701 3209 1090 3266 immedicabile
1115 3208 1359 3277 arripias.
1384 3207 1460 3263 Ne
1490 3209 1714 3277 teipsum
1742 3211 1892 3262 mali-

302 3320 410 3376 gno
435 3303 663 3358 dmmoni
690 3302 954 3372 captivum
985 3300 1182 3355 tradas.
1216 3299 1461 3366 Peccasti,
1492 3301 1707 3370 quiesce.
1741 3300 1890 3355 Scie—

304 3397 398 3450 bat
433 3396 499 3449 ab
541 3395 693 3448 initio
731 3392 870 3462 quod
918 3391 1133 3447 fratrem
1180 3390 1266 3446 hic
1303 3390 1606 3445 adoriturus
1634 3401 1810 3455 esset,
1839 3402 1892 3446 et

305 3487 425 3542 ideo
449 3497 603 3541 antea
635 3484 811 3540 verbis
842 3484 1098 3553 reprimit.
1129 3481 1261 3537 Nam
1284 3482 1404 3552 quia
1435 3491 1701 3551 tamquam
1730 3482 1888 3547 Deus,

301 3578 387 3633 cui
426 3577 585 3632 etiam
628 3589 821 3630 arcana
859 3583 985 3628 sunt
1031 3573 1270 3642 cognita,
1311 3571 1512 3626 sciebat
1547 3572 1723 3626 cordis
1752 3573 1891 3628 illius

300 3676 511 3734 motus,
555 3666 779 3722 multum
823 3663 1188 3730 admonendo,
1229 3669 1285 3717 et
1311 3663 1468 3718 verba
1498 3663 1635 3716 illius
1664 3664 1890 3718 inlirnii-

301 3758 396 3813 tati
435 3757 774 3814 accommoda
797 3753 1116 3828 proferendo
1142 3763 1519 3825 congruentem
1548 3754 1646 3825 ipsi
1670 3757 1890 3811 medici-
1949 3795 1956 3799 .

302 3866 426 3905 nam
467 3849 681 3920 protulit
702 3890 717 3912 ,
750 3863 869 3918 qua:
912 3847 964 3900 in
1005 3861 1064 3902 se
1092 3852 1247 3900 erant
1274 3843 1451 3898 omnia
1479 3843 1677 3899 faciens
1701 3887 1715 3912 ,
1750 3855 1887 3900 tam—

299 3942 400 3998 etsi
447 3940 537 3996 ille
578 3939 791 4010 repulso
832 3938 1251 4002 medicamento,
1289 3936 1340 3990 in
1368 3935 1644 3991 fratricidii
1674 3939 1890 4007 profun-

301 4033 427 4089 dum
469 4046 529 4088 se
559 4029 918 4102 prarcipitarit.
947 4026 1175 4082 Peccain
1198 4065 1212 4091 ,
1239 4027 1451 4096 quiesce.
1480 4025 1557 4080 Ne
1589 4035 1738 4096 putes
1763 4067 1777 4091 ,
1811 4028 1888 4080 in-

300 4124 449 4194 quit,
480 4123 602 4179 licet
633 4133 779 4176 tuum
807 4129 1086 4176 aversatus
1109 4119 1208 4173 sim
1231 4116 1547 4173 sacriﬁcium
1569 4116 1639 4172 ob
1667 4132 1883 4187 praVam

302 4225 567 4279 mentem,
614 4213 894 4284 fratrisque
933 4211 1252 4267 oblationem
1298 4219 1568 4280 acceptam
1610 4208 1883 4264 habuerim

300 4308 372 4363 ob
398 4322 582 4364 sanam
609 4306 979 4370 intentionem,
1005 4318 1091 4358 me
1113 4302 1231 4358 ideo
1254 4302 1479 4372 primatu
1502 4309 1553 4354 te
1573 4299 1881 4368 destituere,

300 4409 356 4453 et
396 4398 830 4468 primogenitum
871 4395 1181 4466 dignitatem
1221 4407 1250 4448 a
1283 4403 1336 4448 te
1373 4391 1606 4452 auferre.
1634 4390 1882 4457 Quiesce;

303 4504 424 4545 nam
471 4488 593 4543 licet
619 4487 821 4542 honore
845 4501 943 4558 ego
974 4485 1122 4540 illum
1153 4492 1504 4556 prosequutus
1529 4483 1720 4540 fuerim
1741 4527 1755 4550 ,
1789 4499 1884 4538 ae—

300 4591 558 4651 uptaque
584 4578 777 4635 fuerint
805 4578 944 4632 illius
967 4577 1106 4632 dona
1140 4594 1151 4632 :
1183 4584 1549 4632 verumtamen
1576 4577 1656 4629 Ad
1687 4585 1734 4630 te
1761 4593 1882 4639 con-

299 4673 460 4726 versio
479 4672 636 4739 illius,
677 4682 722 4725 et
752 4681 804 4725 tu
833 4671 994 4740 ipsius
1023 4669 1381 4724 dominaberis.
1404 4668 1585 4737 Itaque
1612 4677 1731 4741 post
1760 4685 1882 4740 pec-

302 4773 480 4819 catum
525 4763 626 4817 hoc
669 4761 916 4833 permitto
946 4803 960 4829 ,
1007 4769 1066 4816 ut
1112 4760 1546 4832 primogenitum:
1592 4760 1880 4830 priiilegiis

294 4854 531 4925 gaudeas
551 4896 566 4920 ,
599 4854 850 4923 illumque
877 4855 976 4908 sub
1007 4864 1090 4908 tua
1125 4861 1386 4922 potestate
1415 4862 1468 4908 et
1495 4852 1732 4908 dominio
1759 4869 1881 4908 eSse

291 4945 638 5018 jubeo.‘Vide
677 4945 1054 5017 benignitatem
1085 4945 1327 5014 Domini,
1354 4946 1622 5016 quomodo
1647 4946 1879 5002 furorem

295 5049 352 5097 et
395 5041 648 5095 insaniam
695 5041 830 5094 illius
867 5039 1205 5105 demulcere,
1233 5048 1288 5094 et
1316 5039 1490 5094 verbis
1519 5038 1603 5094 his
1624 5041 1877 5109 impetum

291 5129 509 5186 auferre
548 5131 753 5185 nititur.
784 5130 990 5200 Quippe
1020 5138 1194 5183 motus
1220 5129 1412 5184 mentis
1437 5128 1575 5182 illius
1601 5129 1804 5195 videns,
1827 5140 1880 5184 et

293 5220 564 5278 crudelem
602 5235 666 5276 ac
700 5219 1089 5291 sanguinariam
1135 5218 1275 5273 illius
1298 5219 1623 5274 voluntatem
1666 5221 1878 5292 sciens,

294 5325 440 5367 nunc
485 5311 837 5381 praemitigarc
874 5310 989 5380 ejus
1031 5310 1288 5363 rationem
1315 5309 1426 5363 vult
1454 5318 1507 5363 et
1531 5311 1875 5366 serenitatem

293 5403 464 5460 menti
489 5401 739 5458 inducere
762 5443 778 5469 ,
807 5399 1134 5470 subjiciendo
1160 5400 1259 5470 ipsi
1288 5401 1502 5456 fratrem
1529 5440 1544 5466 ,
1571 5410 1625 5455 et
1655 5410 1875 5471 potesta.

293 5503 405 5552 tem
452 5493 615 5565 ipsius
640 5491 771 5549 nihil
796 5490 1098 5546 minuendo.
1128 5489 1501 5546 Vcrtuntamen
1535 5499 1653 5561 post
1677 5499 1873 5546 tantam

291 5601 478 5643 curam
517 5593 570 5640 et
596 5592 735 5639 tanta
763 5584 996 5640 remedia
1023 5583 1154 5640 nihil
1180 5583 1446 5640 commodi
1475 5584 1602 5640 Cain
1633 5584 1754 5640 inde
1784 5599 1872 5638 re-

293 5675 436 5732 tulit.
479 5675 705 5731 Tantum
750 5675 886 5732 valet
929 5674 1123 5733 tuentis
1148 5675 1428 5733 diversitas
1453 5685 1506 5733 et
1531 5676 1746 5732 malitiae
1780 5687 1874 5730 ex-

290 5781 498 5830 01⁵83118.

1313 361 1400 430 ,ΙΝ
1437 359 1587 417 CAP.
1631 359 1721 414 IV.
1762 353 2000 417 GENES.
2043 355 2267 414 IIOMIL.
2311 356 2453 413 XIX.

2075 472 2125 526 7.
2173 471 2389 528 .lloralis
2429 472 2677 542 epitomis.
2705 501 2774 512 --
2814 471 3033 528 Sed‘ne
3071 470 3277 542 longius
3323 481 3597 540 protracta

1999 563 2170 618 oratio
2213 573 2392 618 nostra
2439 563 2644 618 caritati
2681 573 2874 619 vestra:
2903 563 3202 618 molestiam
3231 560 3486 620 exhibere
3512 567 3588 618 vi.

1996 651 2185 707 deatur
2207 694 2222 720 ,
2270 669 2404 710 neve
2453 655 2666 708 tzedium
2696 653 2845 708 vobis
2867 652 3059 710 ali‘errc
3084 653 3170 708 hic
3198 669 3377 709 sermo
3404 663 3587 710 noster

1997 754 2313 812 censeatur,
2363 755 2416 800 et
2452 760 2610 801 aures
2656 756 2864 801 vestras
2891 746 3170 812 obtundat,
3206 746 3293 802 hic
3320 745 3479 800 finem
3509 745 3588 802 di-

1999 837 2153 892 cendi
2181 836 2436 893 facientes
2461 879 2476 902 ,
2509 847 2742 894 vestrum
2785 837 3037 893 audiendi
3074 837 3304 893 studium
3336 835 3587 893 cohorto-

2001 946 2158 997 mur,
2209 939 2264 986 ut
2305 932 2536 987 caveatis
2578 949 2646 987 ne
2693 932 2852 987 istum
2898 931 3210 995 imitemini,
3243 939 3296 987 et
3321 939 3377 986 ut
3405 929 3588 986 relicta

2001 1023 2145 1076 omni
2192 1023 2387 1078 malitia
2409 1063 2425 1091 ,
2473 1024 2721 1079 mandata
2756 1025 2964 1079 Domini
2992 1033 3193 1080 attente
3218 1039 3280 1079 ac
3303 1023 3590 1093 diligenter

2001 1113 2325 1182 perficiatis,
2358 1117 2653 1185 praesertim
2698 1125 2815 1184 post
2860 1124 3002 1169 tanta
3053 1116 3281 1184 taliaque
3321 1113 3588 1185 exempla.

2000 1202 2182 1276 Neque
2223 1205 2365 1259 enim
2408 1205 2474 1260 ad
2519 1205 2868 1276 ignorantiam
2899 1205 3154 1274 deinceps
3183 1205 3463 1275 quisquam
3492 1219 3592 1260 no-

2001 1305 2168 1350 strum
2210 1296 2499 1367 confugere
2537 1299 2748 1368 poterit.
2793 1297 2923 1352 Nam
2964 1297 3009 1351 si
3039 1299 3157 1363 hic,
3181 1297 3310 1352 Cain
3337 1297 3586 1368 inquam,

2002 1391 2204 1445 nullum
2221 1401 2344 1445 ante
2364 1406 2423 1447 se
2440 1392 2659 1456 invenit,
2680 1392 2766 1460 qui
2792 1390 2895 1445 tale
2911 1389 3160 1460 quiddam
3184 1391 3372 1460 egerit,
3399 1389 3594 1444 nihilo-

2003 1481 2178 1537 minus
2230 1491 2404 1538 tamen
2447 1480 2831 1538 intolerabilem
2869 1489 2924 1537 et
2961 1496 3174 1552 gravem
3229 1482 3370 1535 illam
3428 1483 3594 1536 susti-

2003 1573 2117 1626 nuit
2146 1590 2380 1644 pinnam,
2411 1589 2569 1644 quam
2597 1583 2650 1628 et
2672 1590 2764 1628 vos
2789 1581 2972 1642 postea
3000 1574 3179 1628 scietis
3203 1615 3217 1639 ,
3246 1572 3373 1643 quid
3403 1573 3594 1628 verisi.

2005 1668 2127 1723 mile
2150 1676 2232 1722 est
2262 1681 2359 1720 nos
2383 1679 2635 1736 passuros
2654 1707 2667 1732 ,
2696 1666 2784 1735 qui
2807 1663 2991 1720 eadem
3013 1707 3027 1730 ,
3053 1667 3133 1719 vel
3163 1665 3324 1720 etiam
3352 1664 3594 1734 graviora

2005 1775 2307 1829 peccamus,
2327 1759 2485 1830 idque
2503 1769 2626 1829 post
2643 1769 2839 1814 tantam
2862 1759 3044 1829 gratia:
3067 1757 3396 1828 largitatem?
3419 1747 3597 1811 nonne

2004 1854 2178 1923 ignem
2207 1861 2491 1920 aeternum,
2512 1865 2747 1906 vermem
2771 1851 2862 1921 qui
2889 1866 2995 1906 non
3028 1849 3282 1913 interibit,
3308 1849 3592 1904 stridorem

2001 1948 2262 2013 dentium,
2287 1945 2534 2001 tenebras
2554 1946 2868 2010 exteriores,
2893 1945 3190 2014 gehennam
3211 1943 3364 2012 ignis,
3387 1950 3436 1997 et
3459 1941 3594 1995 alias

2004 2037 2336 2092 inevitabiles
2377 2050 2562 2105 ptenas
2599 2051 2718 2106 qua:
2758 2051 2854 2089 nos
2896 2050 3042 2103 exce,
3076 2047 3198 2088 'urm
3237 2035 3398 2088 sunt?
3438 2033 3592 2088 Nulla

2003 2132 2144 2187 enim
2192 2129 2432 2184 defensio
2472 2129 2625 2183 nobis
2653 2129 2837 2182 relicta
2868 2137 2951 2182 est
2971 2169 2984 2192 ,
3015 2126 3060 2181 si
3089 2126 3159 2181 ita
3186 2126 3519 2196 negligentes
3544 2134 3598 2181 et

2004 2224 2175 2293 ignavi
2219 2223 2490 2277 fuerimus.
2538 2220 2726 2276 Nonne
2771 2221 2974 2275 scimus
3016 2233 3204 2274 omnes
3235 2235 3353 2289 qua:
3379 2218 3486 2272 sint
3517 2217 3595 2271 fa-

2001 2315 2189 2370 cienda
2211 2355 2224 2380 ,
2260 2330 2376 2383 qua:
2407 2329 2510 2368 non
2541 2311 2777 2370 facienda
2800 2312 2822 2366 ?
2843 2321 2895 2366 et
2919 2326 3012 2366 eos
3035 2311 3121 2382 qui
3156 2311 3330 2381 priora
3357 2309 3592 2377 faciunt,

2005 2405 2324 2476 principdes
2373 2420 2599 2459 coronas
2646 2413 3026 2472 assequuturos
3068 2419 3222 2468 esse,
3267 2417 3365 2456 eos
3416 2411 3593 2456 autem

2003 2499 2092 2567 qui
2130 2499 2181 2550 in
2213 2508 2458 2552 extrema
2483 2495 2746 2559 incidunt,
2774 2495 3031 2550 extremis
3057 2494 3333 2563 suppliciis
3353 2508 3475 2550 esse
3502 2509 3596 2564 ραι

2003 2591 2261 2644 niendos?
2288 2589 2410 2644 Ideo
2443 2603 2630 2658 precor
2647 2597 2807 2659 atque
2825 2587 3071 2653 obsecro,
3097 2604 3163 2643 ue
3179 2597 3474 2644 conventus
3498 2592 3598 2645 iste

2004 2695 2185 2735 hosscr
2228 2681 2427 2735 inutilis
2463 2680 2570 2746 sit,
2600 2679 2695 2735 sed
2737 2688 2793 2734 ut
2821 2695 2941 2750 qua:
2966 2679 3182 2735 auribus
3211 2679 3396 2734 hausta
3428 2690 3555 2736 sunt
3576 2721 3594 2748 ,

2001 2773 2186 2826 eadem
2232 2782 2287 2826 et
2321 2770 2473 2825 factis
2497 2778 2912 2839 expromantur,
2946 2779 3003 2824 ut
3030 2770 3185 2825 nobis
3211 2770 3346 2825 bene
3371 2771 3595 2838 conscii.

2001 2875 2160 2934 atque
2196 2863 2409 2917 interim
2451 2864 2588 2918 bona
2626 2878 2724 2934 spe
2762 2862 2882 2917 freti
2904 2904 2918 2926 ,
2951 2863 3167 2934 difﬁcile
3194 2863 3294 2918 hoc
3318 2864 3598 2934 praesentis

2003 2957 2125 3009 vitze
2157 2956 2373 3024 pelagus
2405 2953 2562 3010 facile
2594 2954 2940 3023 trajicientes,
2970 2955 3022 3008 in
3055 2963 3266 3024 portum
3293 2956 3597 3028 benignita-

2001 3046 2069 3100 tis
2098 3046 2188 3100 Dei
2221 3046 2522 3114 pervcnire,
2555 3053 2609 3098 et
2635 3043 2920 3098 ineffabilia
2944 3044 3079 3100 bona
3111 3046 3198 3100 illa
3228 3047 3484 3117 consequi
3512 3063 3596 3101 va-

2001 3138 2222 3203 leamus,
2257 3153 2376 3208 quae
2402 3138 2645 3208 promisit
2677 3138 2934 3194 Do'minus
2955 3139 3297 3209 diligentibus
3322 3156 3400 3206 se,
3428 3142 3595 3211 gratia

2000 3240 2053 3284 et
2072 3229 2436 3284 misericordia
2467 3229 2722 3300 unigeniti
2753 3230 2868 3301 ejus
2892 3230 3030 3298 Filii,
3064 3247 3186 3287 cum
3209 3248 3314 3304 quo
3336 3245 3522 3288 sancto
3542 3246 3599 3290 et

1998 3320 2271 3375 adoranda
2314 3324 2430 3394 ejus
2464 3319 2685 3393 Spiritui
2712 3321 2877 3391 gloria
2902 3362 2917 3388 ,
2944 3321 3117 3378 honor
3141 3363 3156 3388 ,
3187 3330 3242 3378 et
3270 3323 3550 3393 imperium
3578 3366 3592 3390 ,

1999 3428 2141 3468 nunc
2165 3422 2219 3468 et
2245 3428 2478 3484 semper,
2503 3425 2556 3469 et
2582 3414 2636 3469 in
2658 3415 2848 3469 saecula
2876 3415 3213 3470 smculorum.
3241 3419 3432 3470 Amen.

2572 3550 2846 3606 IIOMILIA
2879 3552 3020 3607 Xl.\'.

1998 3662 2064 3716 Et
2097 3665 2224 3718 dixit
2269 3663 2392 3717 Cain
2428 3663 2497 3715 ad
2540 3664 2662 3716 Abel
2703 3667 2911 3735 fratrem
2946 3681 3092 3717 suum
3130 3681 3148 3717 :
3179 3665 3515 3736 Egredimnur
3539 3667 3590 3720 in

2500 3770 2734 3822 campum
2756 3753 2905 3827 (Gen.
2929 3757 2982 3808 4.
3009 3753 3087 3826 8).

2071 3871 2124 3924 l.
2163 3867 2350 3923 Misera
2401 3869 2587 3940 peccati
2632 3869 2861 3923 servitus.
2912 3868 3082 3924 Homo
3124 3869 3349 3926 libertate
3395 3871 3591 3928 arbitrii

1995 3962 2228 4015 donatus.
2274 3959 2412 4014 Deus
2465 3962 2804 4016 necessitatem
2841 3977 2941 4014 non
2982 3963 3213 4032 imponit.
3268 3993 3338 4003 —
3385 3962 3588 4031 Quem-

1995 4052 2282 4107 admodum
2339 4053 2650 4107 iucurabilia
2698 4053 2914 4107 vulnera
2974 4068 3147 4122 neque
3195 4055 3424 4109 austeris
3475 4070 3593 4111 me-

1993 4143 2308 4199 dicamentis
2335 4146 2568 4211 cedunt,
2612 4159 2784 4214 neque
2811 4144 3134 4199 lenientibus
3169 4163 3181 4198 :
3216 4146 3284 4200 ita
3315 4154 3370 4201 et
3408 4147 3585 4202 anima

1994 4237 2160 4292 semel
2185 4238 2412 4308 captiva,
2439 4238 2565 4293 sise
2606 4247 2826 4309 peccato
2865 4237 3094 4306 cuipiam
3129 4237 3414 4292 obnoxiam
3444 4237 3583 4296 foec-

1994 4330 2094 4396 rit,
2141 4338 2195 4384 et
2237 4329 2575 4384 considerare
2635 4328 2865 4382 noluerit
2907 4343 3026 4397 quae
3068 4327 3169 4382 sibi
3213 4336 3342 4382 sunt
3385 4327 3534 4385 utilia
3563 4369 3581 4396 ,

1992 4425 2151 4478 etiam
2191 4423 2234 4476 si
2271 4421 2391 4493 quis
2427 4426 2704 4476 innumera
2743 4420 2968 4475 inculcet
3003 4420 3145 4475 illius
3179 4421 3415 4485 auribus,
3450 4420 3582 4476 nihil

1993 4515 2231 4586 proficiet
2249 4532 2261 4566 :
2281 4513 2375 4570 sed
2389 4513 2537 4585 quasi
2551 4523 2774 4568 mortua:
2790 4520 2969 4568 essent
2985 4526 3166 4576 aures,
3188 4512 3385 4566 nullam
3408 4526 3477 4567 ex
3496 4513 3587 4566 ad-

1992 4607 2283 4661 monitione
2306 4605 2527 4674 suscipit
2547 4604 2831 4659 utilitatcm
2856 4620 2868 4655 :
2895 4617 3003 4657 non
3025 4603 3144 4673 quia
3163 4617 3267 4657 non
3282 4603 3579 4674 potest,sed

1991 4701 2110 4770 quia
2139 4714 2243 4754 non
2265 4700 2377 4752 vult
2405 4697 2442 4751 ί.
2469 4697 2581 4752 Non
2613 4697 2756 4752 enim
2777 4695 2910 4750 sicut
2927 4694 3048 4750 etin
3064 4693 3436 4766 corporalibus
3461 4695 3579 4750 vul-

1992 4790 2208 4846 neribus
2241 4788 2410 4844 videri
2450 4788 2620 4855 solet,
2668 4787 2736 4841 ita
2767 4796 2820 4841 et
2850 4787 2902 4841 in
2933 4785 3207 4841 voluntate
3234 4793 3337 4840 est.
3367 4784 3500 4840 Nam
3529 4786 3582 4841 in

1991 4881 2362 4954 corporalibus
2386 4887 2588 4933 naturae
2613 4877 2920 4933 affectiones
2945 4892 3088 4948 saepe
3109 4877 3410 4933 immobiles
3430 4891 3574 4941 sunt,

1991 4974 2041 5029 in
2070 4975 2337 5028 voluntate
2367 4982 2544 5026 autem
2574 4984 2680 5024 non
2722 4969 2792 5023 ita
2821 4983 2879 5023 se
2909 4983 2996 5023 res
3026 4967 3188 5022 habet
3216 4986 3230 5022 :
3260 4983 3406 5038 saepe
3434 4969 3574 5026 enim

1989 5067 2033 5121 si
2064 5065 2288 5120 voluerit
2315 5064 2474 5119 etiam
2500 5062 2587 5132 qui
2615 5062 2785 5115 malus
2809 5069 2912 5125 est,
2937 5068 3192 5126 mutatur,
3215 5069 3266 5114 et
3290 5059 3347 5113 fit
3365 5060 3537 5115 bonus
3561 5078 3572 5112 :

1989 5171 2042 5216 et
2071 5161 2159 5231 qui
2189 5159 2380 5220 bonus,
2411 5171 2506 5226 per
2529 5155 2788 5225 ignaviam
2815 5152 3032 5216 excidit,
3059 5161 3112 5208 et
3142 5152 3198 5206 ﬁt
3219 5153 3406 5205 malus.
3443 5150 3574 5217 Quia

1987 5268 2115 5322 ergo
2138 5250 2289 5305 liberi
2311 5247 2512 5303 arbitrii
2535 5260 2654 5301 esse
2673 5253 2907 5299 nostram
2926 5249 3171 5297 naturam
3191 5241 3314 5297 fecit
3332 5239 3570 5295 omnium

1986 5343 2242 5398 Dominus
2263 5341 2306 5405 ⁸,
2344 5340 2459 5408 ipse
2487 5336 2700 5409 quidem
2730 5351 2850 5407 quae
2875 5349 2970 5390 sua
3001 5345 3127 5388 sunt
3150 5334 3330 5388 omnia
3355 5345 3454 5404 pro
3477 5346 3570 5387 sua

1985 5431 2348 5489 misericordia
2374 5444 2588 5500 semper
2615 5426 2831 5484 exhibet
2859 5442 2874 5484 :
2903 5435 2958 5483 et
2982 5426 3157 5482 sciens
3182 5421 3489 5480 abscondita
3518 5423 3571 5480 in

2047 5593 2064 5662 ξ
2102 5598 2220 5662 ueg.
2255 5601 2400 5649 unus,
2446 5598 2540 5638 non
2577 5582 2709 5648 quod
2739 5581 2978 5640 evidemia
3015 5579 3158 5640 absit.
3187 5577 3276 5631 sed
3297 5578 3427 5643 quod
3445 5576 3568 5631 absit

1981 5659 2208 5716 potentia.

2048 5718 2067 5748 ⁸
2093 5719 2191 5768 Has
2212 5729 2374 5775 ioces,
2395 5709 2608 5775 omnium
2633 5706 2867 5775 Dominus
2889 5707 2936 5775 (ῥ
2965 5705 3060 5751 τῶν
3093 5704 3415 5775 alterum“),
3447 5711 3561 5763 qu.

1987 5765 2161 5830 desunt
2175 5765 2237 5827 in
2261 5765 2432 5827 ltlor'cl.
2456 5783 2507 5822 et
2527 5773 2747 5832 Montef.,
2779 5768 3051 5819 addidimus
3070 5777 3098 5815 e
3117 5765 3317 5816 Savilio.
