4152 6494
600 399 699 455 159

597 510 858 584 profundo
884 506 1076 563 mentis
1102 511 1156 559 et
1181 514 1391 566 arcana,
1424 500 1683 560 hortatur,
1709 491 1960 584 consulit.
1993 503 2153 544 cona-

592 579 783 674 insquc
807 608 1020 655 nostros
1044 595 1211 661 malos
1239 589 1567 663 perveniens
1592 584 1852 656 reprimit.
1867 579 1950 674 iEt
1973 592 2160 634 neces-

594 673 804 749 sitatem
831 691 1010 760 utique
1034 700 1138 742 non
1165 682 1408 754 imponit,
1433 678 1527 736 sed
1551 673 1963 748 congruentibus
1987 684 2162 760 reme-

595 784 699 841 diis
744 759 999 854 appositis
1019 819 1035 846 ,
1061 783 1232 833 totum
1276 774 1436 829 situm
1479 771 1532 825 in
1575 766 1880 840 aegrotantis
1907 759 2165 854 sententia

597 852 833 932 dimittit.
881 871 992 928 Hoc
1016 869 1176 942 igitur
1199 875 1253 923 et
1277 866 1332 922 in
1353 864 1482 922 Cain
1514 877 1654 918 nunc
1681 860 1874 917 factum
1903 865 2004 913 est.
2036 852 2168 910 Vide

597 967 741 1024 enim
786 971 905 1036 post
951 969 1148 1017 tantam
1197 955 1580 1029 providentiam
1626 962 1680 1009 et
1722 951 1801 1007 sui
1843 961 2066 1036 curam,
2113 944 2165 997 in

600 1034 848 1127 quantam
867 1050 1111 1109 inciderit
1130 1046 1408 1104 insaniam.
1431 1042 1721 1115 Oportebat
1735 1040 1873 1096 enim
1893 1034 2167 1094 conscium

636 1143 804 1203 eccati
834 1143 919 1199 sui
946 1141 1002 1197 in
1028 1137 1362 1196 emendando
1389 1144 1572 1207 postea
1595 1138 1908 1200 occupatum
1932 1139 2087 1189 esse;
2115 1131 2167 1180 at

597 1237 690 1293 ille
729 1233 882 1305 quasi
935 1231 1112 1288 ebrius
1135 1269 1152 1296 ,
1200 1228 1411 1284 affectui
1459 1233 1515 1282 et
1558 1221 1765 1280 vulneri
1816 1218 1980 1291 priori
2030 1215 2169 1271 aliud

603 1328 754 1383 ulcus
788 1325 1116 1395 conjungens
1136 1361 1153 1389 ,
1180 1329 1236 1377 ct
1263 1318 1576 1380 medicinam
1607 1322 1750 1369 tanta
1775 1308 2042 1382 diligentia
2069 1305 2168 1362 ad-

603 1416 824 1473 hibitam
867 1431 973 1471 non
1015 1414 1331 1478 admittens,
1373 1408 1466 1466 sed
1513 1405 1830 1463 destinatam
1873 1399 2073 1458 eadem
2118 1399 2172 1454 in

607 1524 742 1579 opus
762 1505 1052 1579 perducere
1073 1503 1343 1565 festinans,
1366 1515 1396 1553 a
1415 1497 1539 1554 dolo
1557 1505 1614 1552 et
1629 1494 1858 1550 versutia
1877 1489 2170 1552 exorditur,

606 1609 662 1655 et
699 1596 972 1653 fallacibus
997 1595 1172 1650 verbis
1200 1593 1413 1648 fratrem
1439 1587 1654 1660 decipit.
1701 1586 1830 1641 Tam
1859 1581 2054 1640 eﬂ‘erus
2095 1590 2178 1636 est

609 1690 788 1753 homo,
810 1687 899 1758 qui
922 1686 974 1740 in
995 1684 1281 1756 nequitiam
1301 1677 1602 1736 declinavit.
1626 1675 1754 1732 Nam
1776 1675 1914 1728 sicut
1931 1685 2177 1742 magnum

606 1786 663 1834 et
689 1775 1045 1832 venerandum
1069 1780 1156 1828 est
1189 1768 1448 1826 rationale
1478 1767 1580 1822 boc
1613 1763 1808 1820 animal
1832 1803 1847 1828 ,
1873 1770 1926 1817 et
1952 1760 2180 1815 maxime

606 1865 819 1941 quando
863 1865 918 1919 in
957 1863 1170 1918 virtutis
1209 1859 1346 1915 viam
1388 1854 1664 1913 contendit
1704 1870 1720 1908 :
1764 1853 1836 1908 ita
1877 1848 2088 1922 quando
2127 1849 2179 1902 in

609 1959 806 2016 malum
851 1955 1118 2021 declinat,
1163 1950 1579 2009 truculentarum
1622 1946 1907 2002 bestiarum
1947 1941 2184 1997 imitatur

610 2047 997 2105 crtsdelitatem.
1055 2043 1193 2112 Quin
1236 2051 1291 2097 et
1329 2054 1449 2096 cum
1496 2037 1698 2093 feroces
1742 2034 1951 2090 illarum
1999 2043 2178 2086 mores

615 2137 982 2210 assumpserit,
1005 2134 1243 2206 quamvis
1267 2128 1524 2186 rationale
1547 2137 1602 2184 et
1632 2134 1962 2180 mansuetum
1987 2119 2185 2176 animal

614 2231 704 2291 sit.
724 2228 906 2284 multis
926 2235 1098 2282 tamen
1121 2221 1423 2280 nominibus
1448 2219 1658 2275 illarum
1680 2224 1892 2285 supcrat
1916 2212 2183 2268 ferociam.

618 2322 898 2377 Videamus
939 2317 1095 2389 igitur
1132 2325 1188 2371 α
1223 2313 1342 2369 istic
1379 2309 1504 2383 quid
1543 2307 1814 2364 acciderit.
1855 2305 1909 2361 8.
1951 2303 2018 2358 Et
2058 2301 2187 2356 dixit

615 2413 742 2468 Cain
767 2452 784 2478 ,
814 2410 981 2480 inquit
1002 2448 1017 2474 ,
1044 2406 1112 2462 ad
1142 2406 1262 2460 Abel
1303 2405 1510 2476 fratrem
1547 2414 1694 2454 suum
1721 2411 1740 2452 .'
1773 2394 2109 2467 Egrediuutur
2135 2393 2190 2446 in

626 2517 881 2573 rumpant.
913 2497 1085 2554 Verba
1111 2495 1323 2568 quidem
1351 2490 1550 2557 fratris,
1581 2502 1733 2545 mens
1759 2494 1936 2542 autem
1965 2484 2189 2540 homici-

619 2596 724 2651 dae.
755 2591 890 2662 Quid
915 2589 1063 2656 facis,
1092 2603 1126 2642 ο
1149 2585 1316 2642 (Σιἰηῖ
1344 2583 1517 2640 nescis
1539 2581 1624 2637 cui
1651 2578 1920 2650 loqueris?
1965 2592 2069 2632 non
2095 2591 2183 2632 co.

619 2688 760 2760 gitas
797 2684 887 2740 tibi
919 2697 1040 2740 cum
1079 2679 1242 2737 fratre
1269 2673 1588 2746 colloquium
1616 2669 1776 2727 esse?
1801 2682 1908 2724 non
1935 2675 2190 2760 reputas,

621 2758 810 2836 eodem
837 2789 948 2849 quo
971 2780 1026 2830 tu
1052 2781 1205 2829 utero
1233 2779 1413 2827 natum
1442 2764 1596 2824 esse?
1621 2778 1726 2819 non
1755 2761 1936 2817 animo
1959 2758 2196 2828 concipis

621 2867 1005 2927 abominabiles
1048 2860 1310 2919 concuss?
1353 2872 1460 2915 non
1500 2857 1657 2912 times
1687 2852 1919 2925 judiecm
1956 2849 2044 2921 qui
2089 2849 2194 2903 falli

625 2959 848 3034 nequit?
878 2971 983 3015 non
1007 2955 1193 3012 borret
1214 2964 1366 3008 mens
1389 2959 1474 3006 tua
1495 2946 1695 3003 facinus
1709 2945 1735 2998 ?
1753 2942 1931 3034 Cur‘in
1951 2953 2196 3034 campo

624 3030 785 3110 vocas
815 3050 1049 3116 fratrem,
1070 3055 1126 3104 et
1152 3043 1296 3100 foras
1313 3057 1343 3096 a
1366 3038 1599 3111 paternis
1621 3036 1762 3091 ulnis
1785 3030 2040 3089 abducis?
2067 3044 2198 3102 qua.

625 3161 686 3202 re
713 3146 884 3215 ipsum
911 3150 1133 3211 paterno
1155 3134 1351 3191 auxilio
1375 3127 1656 3186 datituis?
1680 3124 1824 3215 Quid
1842 3123 1962 3215 novi
1987 3120 2198 3215 accidit,

625 3210 769 3308 quod
797 3210 936 3288 nunc
953 3229 1167 3285 fratrem
1189 3225 1242 3280 in
1262 3235 1506 3291 campum
1529 3217 1712 3283 trabis,
1733 3222 1789 3308 et
1813 3211 2029 3283 idquod
2055 3210 2201 3308 prius

629 3303 735 3384 non
763 3324 952 3390 fecisti,
981 3333 1120 3376 nunc
1144 3317 1318 3374 facere
1339 3321 1594 3377 attentas,
1615 3318 1670 3366 et
1689 3306 1934 3362 amicitiai
1959 3303 2201 3360 occasio-

627 3434 698 3475 ne
758 3415 1044 3472 fraternam
1092 3403 1514 3465 benevolentiam
1564 3395 1903 3470 prtetexendo
1928 3433 1944 3460 ,
1990 3392 2200 3448 hostilia

628 3520 851 3580 qumque
875 3509 1178 3574 perpetrare
1207 3491 1508 3551 deliberas?
1532 3489 1660 3580 Quae
1695 3486 1895 3542 insania
1911 3483 2086 3580 lquzc
2113 3497 2201 3580 ra-

632 3572 784 3655 biesi
831 3572 997 3659 Esto,
1037 3595 1330 3645 exeamus
1372 3589 1550 3638 mente
1609 3577 1857 3634 fraterna:
1905 3572 2202 3629 att'ectionis

632 3689 834 3748 nullam
877 3685 1133 3741 rationem
1160 3679 1355 3735 habeas
1375 3717 1390 3742 ,
1421 3687 1593 3744 neque
1622 3679 1863 3725 naturam
1903 3681 2157 3738 agnoscas
2186 3683 2200 3719 :

631 3797 728 3836 cur
754 3778 1009 3833 adversus
1035 3774 1180 3828 illum
1210 3768 1276 3824 ad
1303 3766 1500 3821 bellum
1531 3771 1583 3818 te
1607 3760 1845 3824 instruis,
1871 3759 1959 3828 qui
1986 3758 2128 3812 nulla
2154 3766 2206 3812 te

634 3871 825 3941 injuria
853 3863 1066 3923 affecit?
1109 3859 1235 3933 quid
1265 3859 1389 3914 item
1419 3852 1584 3909 babes
1611 3850 1750 3941 quod
1781 3847 2084 3918 parentibus
2108 3847 2207 3900 ob-

629 3964 782 4036 jicias
801 4000 816 4028 ,
838 3973 973 4031 quos
999 3964 1142 4011 tanta
1169 3949 1416 4007 maestitia
1435 3945 1671 4014 afﬂigere
1696 3940 1964 3997 deliberas
1987 3980 2001 4005 ,
2029 3945 2086 3994 et
2109 3953 2208 3991 au-

633 4071 752 4116 ctor
777 4071 897 4112 esse
917 4051 1173 4110 terribilis
1199 4044 1490 4118 tragmdim,
1519 4050 1575 4097 ut
1600 4039 1800 4111 primus
1824 4039 1903 4094 eis
1924 4037 2206 4093 violentam

636 4149 775 4206 banc
817 4155 1041 4202 mortem
1082 4138 1373 4197 ostendas?
1419 4134 1532 4190 llas
1572 4133 1676 4187 illis
1712 4128 1986 4186 mercedes
2030 4125 2210 4182 reddis

639 4251 743 4296 tutu
769 4231 1137 4294 educationis?
1166 4230 1298 4299 Qum
1329 4225 1522 4282 diaboli
1547 4238 1634 4279 ars
1663 4223 1713 4277 in
1745 4221 1845 4276 boc
1873 4229 1925 4276 te
1954 4218 2208 4290 ﬂagitium

637 4329 882 4402 impulit?
907 4330 988 4381 An
1013 4323 1191 4380 dicere
1217 4329 1366 4391 potes
1395 4314 1814 4373 benevolentiam
1845 4310 2067 4402 Domini
2083 4323 2209 4402 erga

639 4399 826 4484 illum,
859 4418 1029 4488 ipsum
1075 4413 1355 4468 adversum
1403 4416 1456 4462 te
1495 4413 1828 4474 arrogantem
1869 4399 2210 4457 reddidisse?

642 4511 830 4567 Nonne
850 4517 1150 4578 praeurens
1168 4501 1237 4556 ob
1259 4499 1392 4554 banc
1411 4494 1794 4565 sanguinariam
1817 4502 1957 4547 tuam
1979 4501 2210 4546 mentem

640 4600 866 4670 subjecit
895 4598 1042 4652 illum
1067 4594 1178 4658 tibi,
1206 4602 1261 4648 et
1293 4600 1395 4645 tute
1422 4586 1665 4660 potestati
1693 4584 1943 4648 subdidit,
1969 4594 2022 4640 et
2048 4583 2207 4648 dixit,

644 4694 779 4763 Quia
815 4689 882 4743 ad
923 4697 971 4742 te
1006 4683 1259 4741 caucasio
1283 4682 1420 4736 illius
1441 4720 1458 4748 ,
1485 4687 1533 4734 cl
1563 4688 1616 4733 tu
1646 4677 1803 4746 ipsius
1831 4671 2159 4729 dontiuaberis
2186 4673 2212 4727 7

642 4786 776 4844 Nam
800 4782 901 4835 hoc
919 4780 985 4836 de
1006 4778 1180 4834 fratris
1204 4774 1529 4845 subjectione
1555 4767 1915 4839 accipiendum
1945 4775 2044 4821 est.
2077 4765 2208 4822 Sunt

646 4879 790 4934 enim
815 4873 974 4945 aliqui
1000 4870 1255 4936 dicentes,
1283 4868 1348 4922 de
1377 4863 1637 4922 sacriﬁcio
1663 4861 1731 4916 ab
1757 4875 1822 4916 eo
1846 4859 2021 4914 oblato
2047 4858 2210 4913 Deum

647 4969 770 5025 talia
811 4966 1008 5021 dixisse
1037 4980 1050 5016 :
1079 4961 1158 5016 Ad
1192 4969 1238 5014 te
1277 4955 1529 5012 conversio
1552 4995 1569 5022 ,
1611 4952 1816 5023 inquit,
1860 4950 2058 5006 scilicet
2085 4948 2211 5003 doni

641 5061 783 5116 illius
806 5100 819 5121 ,
849 5069 894 5111 et
922 5066 973 5110 tu
999 5054 1156 5124 ipsius
1187 5048 1518 5105 dominaberis
1548 5043 1638 5100 :id
1667 5053 1747 5100 est
1771 5085 1784 5110 ,
1814 5057 1879 5098 co
1908 5041 2112 5096 frueris.
2147 5039 2212 5094 Et

643 5152 764 5209 ideo
782 5158 1060 5217 utrumque
1079 5157 1291 5198 sensum
1307 5138 1436 5206 dixi,
1454 5137 1757 5206 relinquens
1777 5143 1964 5188 vestra:
1984 5131 2212 5202 pruden-

645 5245 732 5299 tiae
756 5283 770 5307 ,
800 5240 853 5296 id
882 5237 1022 5308 quod
1047 5235 1204 5291 dictis
1231 5233 1398 5302 magis
1421 5242 1713 5300 congruum
1742 5225 1948 5280 videtur
1970 5264 1984 5288 ,
2013 5222 2211 5293 eligen-

647 5335 793 5391 dum.
841 5329 964 5386 Mihi
1012 5327 1153 5382 enim
1195 5323 1402 5378 videtur
1443 5321 1509 5376 de
1555 5319 1714 5375 fratre
1752 5330 1872 5371 esse
1900 5314 2112 5370 dictant.
2148 5311 2214 5366 Et

647 5426 835 5493 fartam
875 5428 947 5475 est
975 5459 990 5483 ,
1030 5431 1145 5470 cant
1182 5422 1338 5468 essent
1373 5409 1469 5482 ipsi
1506 5412 1558 5465 in
1592 5423 1800 5478 campo,
1837 5405 2052 5460 surrexit
2091 5402 2215 5493 Cain

646 5492 822 5567 contra
848 5509 967 5562 Abel
994 5511 1200 5577 fratrem
1226 5518 1391 5567 suum,
1418 5509 1463 5554 et
1487 5499 1664 5554 occidit
1689 5497 1854 5551 illum.
1885 5492 2214 5549 ilorrendnm

648 5601 874 5663 facinus,
905 5595 1180 5668 periculosi
1209 5606 1388 5658 ausus,
1411 5587 1765 5647 abominabile
1790 5599 1951 5655 opus,
1977 5583 2214 5638 irremis-

649 5692 803 5748 sibile
827 5697 1099 5760 peccatum
1124 5725 1138 5751 ,
1166 5683 1398 5741 eﬂeraue
1422 5682 1613 5737 stutum
1644 5677 1993 5749 propositum.
2030 5674 2215 5730 Surre-

641 5785 740 5853 xit,
769 5784 859 5857 inq
873 5775 970 5844 υἱι,
994 5787 1167 5834 contra
1197 5777 1317 5833 Abel
1339 5778 1548 5850 fratrem
1578 5788 1744 5840 suum,
1777 5788 1821 5826 et
1850 5769 2026 5823 Occidit
2050 5767 2213 5822 illum.

1322 387 1377 444 S.
1417 379 1692 443 ιοιΝΝιδ
1727 371 2197 436 ειιιιῖεοδτοιιι
2237 367 2550 428 ARCIIIEP.
2589 362 3122 424 CONS‘I'AN'I‘INOP.

3731 361 3836 417 1ιῖ0

2271 485 2316 541 0
2347 483 2748 540 abominabilcm
2779 482 3029 538 manum!
3068 495 3102 536 o
3127 480 3397 537 dexteram
3439 480 3795 536 tiscrabiletn
3828 488 3840 538 !

2271 578 2378 632 imo
2404 593 2508 632 non
2541 591 2752 632 manum
2782 583 2993 643 oportet
3010 587 3202 631 vocare
3223 572 3636 629 abominabilem
3660 582 3716 629 et
3741 573 3838 627 mi-

2270 671 2584 738 serabilem,
2607 668 2700 725 sed
2731 677 2962 725 mentem
2991 668 3076 725 cui
3102 667 3397 724 membrum
3424 666 3658 723 servivit.
3691 666 3843 722 Dica-

2272 775 2390 815 mus
2416 761 2574 830 igitur
2596 761 2694 821 sic,
2721 773 2754 814 o
2776 758 3027 816 attdacc
3053 767 3286 814 cutem
3314 797 3330 824 ,
3357 766 3412 814 et
3432 756 3843 814 abominabilent

2271 863 2328 909 et
2371 852 2726 909 miserabilem
2753 851 2768 906 l
2814 860 2868 906 et
2903 848 3156 922 quidquid
3192 847 3296 904 dici
3327 855 3500 917 potest
3521 889 3538 913 ,
3567 862 3674 904 non
3713 849 3847 904 satis

2273 943 2498 1002 dicetur.
2541 945 2818 1015 Quomodo
2853 960 2956 1001 non
2998 943 3266 1014 obtorpuit
3290 944 3408 1012 ejus
3436 945 3661 1000 manus?
3707 960 3845 1016 quo-

2277 1027 2436 1094 modo
2463 1037 2635 1106 potuit
2677 1045 2860 1092 tenere
2897 1035 3129 1107 gladium
3155 1036 3171 1068 ¹
3195 1077 3212 1103 ,
3242 1044 3297 1091 et
3321 1035 3558 1106 infligere
3599 1036 3805 1109 plagam
3825 1036 3854 1091 ?

2273 1129 2542 1202 quomodo
2586 1141 2692 1184 non
2727 1127 2955 1183 avolavit
2993 1142 3027 1183 a
3069 1142 3294 1198 corpore
3321 1126 3540 1182 anima?
3583 1127 3852 1197 quomodo

2275 1220 2436 1276 valuit
2464 1211 2673 1289 operari
2712 1226 2819 1273 tam
2845 1217 3132 1274 nefandum
3157 1217 3405 1273 facinus?
3448 1216 3716 1288 quomodo
3743 1232 3854 1274 non

2277 1309 2468 1364 inﬂexa
2495 1318 2600 1372 est,
2629 1317 2685 1364 et
2703 1305 2832 1363 Cain
2864 1321 2969 1363 non
2994 1309 3216 1363 mutavit
3242 1308 3557 1363 sententiam
3578 1306 3604 1360 ?
3629 1321 3857 1378 quomo-

2277 1400 2348 1455 do
2367 1415 2472 1455 non
2491 1399 2740 1470 cogitavit
2760 1398 3041 1454 naturam?
3061 1396 3328 1468 quomodo
3348 1411 3453 1452 non
3474 1395 3850 1465 consideravit,

2279 1500 2559 1561 antequam
2597 1489 2896 1545 adoriretur
2925 1487 3073 1544 nefas
3096 1529 3112 1553 ,
3145 1487 3323 1558 operis
3347 1486 3550 1542 finem?
3589 1487 3860 1559 quomodo

2281 1579 2528 1635 sustinuit
2554 1588 2675 1650 post
2705 1579 2911 1636 facinus
2933 1620 2949 1647 ,
2980 1579 3162 1635 videre
3195 1592 3388 1649 corpus
3412 1578 3586 1634 fratris
3613 1578 3858 1648 spiritum

2281 1671 2512 1728 efﬂantia
2538 1681 2591 1727 et
2618 1670 2919 1742 palpitantis
2943 1684 3104 1740 super
3132 1669 3372 1725 terram?
3396 1670 3663 1740 quomodo
3687 1670 3863 1740 potuit

2283 1763 2464 1819 videre
2491 1771 2758 1819 mortuum
2798 1772 2854 1818 et
2881 1761 3026 1817 humi
3057 1761 3347 1832 projectum
3371 1801 3388 1828 ,
3415 1769 3470 1817 et
3503 1775 3535 1816 a
3559 1760 3864 1832 spectaculo

2285 1870 2393 1911 non
2422 1855 2599 1911 statim
2625 1854 2915 1911 dissolutus
2939 1853 3061 1910 est?
3083 1851 3214 1908 Nam
3243 1867 3364 1908 cum
3395 1866 3495 1906 nos
3522 1859 3640 1922 post
3664 1861 3743 1907 tot
3766 1867 3865 1907 aa-

2288 1963 2476 2004 norum
2505 1962 2786 2003 numerum
2810 1988 2826 2014 ,
2856 1961 2978 2003 cum
3003 1945 3240 2016 quotidie
3273 1944 3563 2000 morientes
3585 1943 3823 1999 ridemus
3843 1982 3864 2009 ,

2287 2040 2526 2112 quamvis
2550 2038 2777 2094 naturali
2805 2045 2974 2092 morte
2998 2078 3013 2102 ,
3048 2045 3104 2092 et
3130 2035 3386 2106 sanguine
3409 2033 3538 2090 nibil
3565 2035 3718 2090 nobis
3735 2033 3867 2104 jun—

2287 2140 2422 2196 etus,
2454 2130 2654 2186 viribus
2678 2128 3048 2194 destituimur,
3077 2137 3131 2184 et
3155 2127 3203 2183 si
3229 2127 3474 2182 inimicus
3499 2127 3606 2191 sit,
3632 2126 3867 2182 inimici-

2291 2222 2481 2278 tiarum
2516 2221 2674 2278 linem
2713 2221 2935 2276 facimus
2967 2239 2982 2274 :
3009 2227 3207 2290 quanto
3243 2219 3412 2290 magis
3441 2218 3580 2274 hunc
3606 2217 3872 2288 disperire

2289 2328 2384 2384 par
2424 2321 2540 2369 erat
2563 2354 2579 2380 ,
2604 2322 2659 2368 et
2697 2314 2878 2368 statim
2921 2312 3165 2368 emittere
3203 2311 3470 2374 animam.
3511 2324 3632 2365 cum
3665 2308 3874 2365 videret

2293 2401 2507 2458 fratrem
2532 2442 2548 2468 ,
2583 2401 2674 2472 qui
2715 2402 2871 2471 paulo
2907 2409 3062 2456 antea
3094 2399 3408 2471 loquebatur
3433 2439 3448 2462 .
3479 2398 3664 2455 eadem
3695 2408 3872 2453 matre

2294 2503 2474 2550 natum
2501 2530 2514 2555 .
2541 2492 2730 2549 eodem
2775 2502 2924 2562 patre
2962 2492 3198 2563 genitum
3223 2532 3240 2560 ,
3269 2491 3511 2561 ejusdem
3551 2492 3686 2547 uteri
3717 2499 3871 2561 partu

2294 2583 2519 2646 editum.
2546 2582 2658 2638 Deo
2684 2581 2936 2653 singulari
2966 2581 3332 2637 benevolentia
3356 2591 3629 2651 acceptum
3648 2623 3666 2649 ,
3693 2581 3872 2636 subito

2295 2677 2494 2746 absque
2513 2675 2701 2747 spiritu
2721 2682 2772 2730 et
2792 2672 3101 2745 operatione
3115 2673 3402 2744 jaccntcm,
3424 2672 3478 2729 et
3494 2687 3654 2744 super
3674 2681 3873 2729 terrain

2297 2767 2638 2838 palpitantem
2657 2765 2682 2819 ?

2366 2857 2423 2912 2.
2453 2858 2522 2912 At
2545 2856 2817 2910 videamus
2841 2862 2960 2925 post
2988 2853 3244 2910 nefarium
3269 2851 3397 2908 illud
3424 2852 3648 2918 facinus,
3671 2861 3725 2908 et
3749 2861 3874 2924 post

2299 2946 2555 3018 ﬂagitium
2578 2946 2723 3002 nulla
2751 2946 2904 3001 venia
2923 2944 3141 3016 dignum
3166 2953 3362 3015 quanta
3383 2945 3577 2998 iterum
3599 2943 3876 3013 indulgen-

2301 3039 2372 3093 tia
2417 3046 2715 3108 quantaque
2758 3037 3079 3106 benignitate
3120 3035 3356 3090 omnium
3408 3034 3547 3090 Deus
3589 3034 3773 3089 utitur.
3816 3034 3874 3090 9.

2304 3125 2371 3179 Et
2400 3126 2526 3180 dixit
2555 3124 2694 3181 Deus
2717 3125 2784 3178 ad
2807 3125 2950 3180 Cain.
2981 3123 3210 3194 ldipsum
3240 3123 3321 3179 vel
3348 3123 3521 3178 solum
3547 3134 3757 3194 quanta:
3782 3123 3877 3177 bo-

2304 3216 2484 3272 nitatis
2503 3215 2678 3282 fuerit,
2696 3213 2837 3286 quod
2857 3229 2977 3269 eum
2997 3215 3086 3284 qui
3109 3223 3250 3269 tanta
3272 3213 3505 3270 facinora
3525 3214 3874 3280 commiserit,

2302 3307 2567 3377 colloquio
2613 3306 2900 3377 dignetur?
2943 3303 3076 3360 Nam
3132 3320 3252 3360 cum
3301 3320 3401 3360 nos
3441 3320 3586 3376 s:epe
3626 3315 3881 3377 cognatos

2305 3409 2517 3455 nostros
2559 3398 2924 3454 abominemur
2947 3439 2962 3463 ,
3003 3399 3047 3452 si
3087 3398 3298 3470 quando
3324 3397 3614 3455 viderimus
3645 3415 3738 3455 eos
3774 3401 3880 3456 tale

2304 3488 2570 3559 quoddam
2606 3486 2810 3543 facinus
2852 3496 3223 3558 perpetrasse:
3256 3488 3423 3543 multo
3469 3489 3636 3558 magis
3681 3491 3878 3545 bonum

2307 3577 2474 3634 Deum
2521 3578 2703 3632 mirari
2749 3592 2845 3649 par
2886 3586 2964 3632 est
3011 3586 3157 3632 tanta
3201 3586 3435 3634 utentem
3477 3579 3752 3634 tolerantia
3785 3589 3882 3636 :ct

2302 3670 2422 3740 jure
2451 3671 2659 3726 merizo.
2693 3669 2927 3726 Medicus
2948 3671 3088 3726 enim
3114 3679 3214 3736 est,
3242 3680 3298 3726 et
3323 3671 3770 3728 clementissimus
3794 3689 3880 3742 pa-

2309 3769 2390 3818 ter
2431 3779 2446 3817 :
2486 3770 2540 3816 et
2582 3763 2721 3816 sicut
2769 3761 3004 3818 medicus
3056 3761 3185 3816 nihil
3232 3777 3334 3816 non
3385 3763 3508 3818 facit
3542 3764 3882 3835 utquigrat'i

2309 3852 2497 3908 morbo
2521 3853 2760 3909 laborant
2785 3896 2800 3921 ,
2829 3855 2896 3910 ad
2933 3855 3212 3911 sanitatem
3258 3855 3578 3911 reducantur
3608 3874 3621 3910 :
3654 3867 3706 3912 et
3746 3857 3884 3914 sicut

2310 3943 2754 4000 clementissimus
2782 3955 2930 4015 pater
2958 3946 3113 4014 filios,
3142 3947 3230 4016 qui
3258 3947 3582 4002 nobilitatem
3610 3962 3759 4002 snam
3791 3964 3885 4018 per

2312 4034 2573 4105 ignaviam
2603 4035 2831 4090 amisere
2855 4075 2870 4101 ,
2901 4044 3118 4104 paterna
3155 4036 3472 4107 indulgentia
3503 4037 3568 4090 ad
3608 4037 3883 4107 pristinam

2313 4124 2616 4181 felicitatem
2661 4125 2940 4181 restituere
2984 4128 3146 4196 cupit.
3193 4126 3423 4182 Proinde
3446 4128 3570 4198 quia
3609 4128 3886 4185 immensa

2317 4215 2566 4270 bonitatis
2587 4224 2689 4280 est,
2714 4215 2902 4271 iterum
2933 4215 3306 4284 benignitatem
3333 4232 3483 4272 suam
3512 4218 3585 4272 illi
3607 4261 3621 4281 ,
3644 4219 3732 4290 qui
3760 4220 3883 4274 talia

2315 4306 2486 4362 fuerat
2513 4320 2691 4371 ausus,
2722 4307 3006 4363 ostendere
3033 4308 3162 4362 vult.
3201 4307 3335 4363 Dicit
3361 4309 3503 4362 enim
3534 4309 3609 4363 illi
3641 4327 3654 4364 :
3687 4309 3783 4364 Ubi
3811 4321 3886 4365 est

2318 4399 2437 4454 Abel
2461 4399 2618 4468 frater
2648 4408 2760 4453 tuus
2778 4399 2804 4453 ?
2828 4399 2983 4454 Multa
3013 4408 3065 4453 et
3094 4400 3351 4454 immensa
3377 4399 3472 4454 Dei
3501 4401 3750 4470 patientia
3779 4412 3882 4457 est.

2315 4490 2428 4546 Non
2453 4491 2594 4545 enim
2623 4490 2910 4561 interrogat
2934 4490 3082 4562 quasi
3110 4489 3334 4562 ignoret,
3368 4490 3460 4546 sed
3489 4491 3711 4561 idipsum
3738 4495 3841 4563 agit
3866 4534 3885 4558 ,

2315 4580 2454 4651 quod
2483 4589 2537 4636 et
2562 4581 2696 4650 patri
2727 4581 2868 4634 illius
2896 4579 3094 4635 fecerat
3126 4596 3139 4632 :
3172 4581 3300 4635 nihil
3342 4581 3484 4635 enim
3518 4582 3728 4647 obstat,
3756 4584 3886 4653 quin

2317 4675 2456 4730 idem
2485 4673 2658 4728 denuo
2677 4671 2905 4726 dicatur.
2937 4671 3066 4725 Nam
3095 4670 3536 4742 quemadmodum
3563 4673 3730 4738 illum,
3762 4688 3883 4728 cum

2315 4779 2375 4820 se
2422 4779 2533 4834 pne
2575 4763 2775 4832 pudore
2818 4763 3069 4818 nuditatis
3114 4770 3348 4833 tegeret,
3395 4763 3654 4830 rogabat:
3691 4761 3786 4818 Ubi
3833 4779 3886 4818 es

2317 4854 2470 4925 (Ceu.
2500 4856 2551 4910 3.
2580 4854 2680 4924 9)?
2709 4869 2811 4909 non
2836 4855 3104 4925 ignorans.
3133 4855 3224 4909 sed
3253 4853 3456 4908 ﬂducizn
3480 4856 3786 4911 occasiones
3810 4855 3886 4911 iiii

2321 4945 2578 5016 praebens,
2606 4955 2662 5000 ut
2688 4960 2781 5013 per
2803 4944 3191 5000 confessionem
3216 4945 3412 5012 peccati
3436 4944 3685 4999 delictum
3705 4945 3888 5001 ablue-

2316 5046 2400 5093 ret
2433 5038 2451 5105 (
2475 5038 2616 5092 hunc
2655 5038 2796 5091 enim
2845 5051 3046 5090 morem
3076 5035 3267 5098 habet,
3299 5044 3356 5089 ut
3397 5035 3464 5090 ab
3503 5035 3653 5090 initio
3676 5051 3705 5090 a
3735 5037 3890 5093 nobis

2319 5138 2651 5198 peccatorum
2672 5129 2846 5198 exigat
2865 5125 3272 5189 confessionem.
3295 5136 3350 5182 et
3369 5126 3572 5182 veniam
3593 5127 3848 5200 praebeat)
3866 5169 3884 5197 ,

2320 5219 2390 5274 ita
2414 5228 2468 5272 et
2492 5233 2631 5273 nunc
2660 5227 2806 5288 rogat
2833 5215 2963 5272 Cain
2991 5259 3005 5282 ,
3037 5226 3088 5270 ct
3119 5217 3285 5287 inquit
3313 5233 3326 5268 :
3364 5215 3455 5273 Ubi
3487 5228 3557 5270 est
3586 5216 3708 5271 Abel
3732 5222 3890 5287 frater

2321 5311 2481 5364 tuus?
2529 5309 2883 5380 lgnorantiam
2930 5307 3144 5362 simulat
3181 5307 3440 5377 benignus
3469 5306 3718 5361 Dominus
3744 5347 3759 5370 ,
3793 5307 3890 5362 liae

2321 5401 2730 5470 interrogatione
2750 5414 2894 5464 eum,
2921 5397 3011 5470 qui
3035 5398 3153 5452 talia
3179 5400 3537 5461 commiserat,
3563 5411 3888 5466 pra-parans,

2323 5501 2381 5548 ut
2419 5491 2483 5546 ad
2524 5493 2724 5562 peccati
2762 5489 3149 5545 confessionem
3179 5487 3528 5542 adduceretur
3551 5529 3565 5552 ,
3611 5497 3891 5554 possetque

2320 5585 2529 5641 veniam
2572 5583 2709 5639 forte
2733 5592 2790 5638 et
2824 5580 3238 5637 miscricordiam
3276 5579 3506 5648 assequi.
3550 5575 3647 5633 Ubi
3673 5586 3744 5632 est
3774 5576 3894 5633 Abel

2397 5771 2417 5804 ί
2452 5766 2625 5833 negius
2644 5777 2784 5830 unus,
2810 5759 3044 5830 mundo
3063 5761 3208 5825 pauit
3222 5757 3418 5826 aliger:
3437 5754 3664 5821 gantiam.
