4152 6490
338 491 438 551 16!

337 608 493 676 frater
509 603 660 658 tuus?
675 593 809 669 Quid
828 597 984 670 igitur
994 595 1059 651 ad
1079 595 1190 649 hsce
1203 593 1456 663 ingratus,
1474 589 1733 659 stupidus,
1756 597 1927 642 teme-

338 696 512 752 rarius
531 703 585 749 et
609 689 920 764 impudens?
946 690 1075 744 Cum
1099 683 1436 755 cogitandum
1459 691 1602 737 esset
1629 681 1792 734 Deum
1818 693 1924 732 non

339 790 582 856 ignarum
633 785 708 839 rei
756 783 1083 850 interrogare
1107 817 1123 844 ,
1160 774 1253 830 sed
1281 775 1348 830 ab
1379 774 1494 843 ipso
1534 771 1925 828 confessionem

336 877 579 934 criminis
608 875 840 945 exigere,
867 881 920 926 et
948 885 1045 924 nos
1071 868 1286 931 docere,
1318 878 1604 934 numquam
1631 876 1787 916 causa
1820 875 1925 914 non

339 967 640 1024 examinati
680 963 998 1018 sententiam
1029 969 1210 1015 contra
1255 957 1440 1012 fratres
1469 965 1678 1010 nostros
1702 968 1821 1008 esse
1845 951 1924 1007 fe-

337 1060 560 1118 rendam
587 1099 600 1122 ,
627 1067 683 1113 et
722 1059 774 1112 in
805 1065 1034 1112 mentem
1075 1065 1326 1107 revocare
1365 1047 1643 1104 consilium
1674 1044 1878 1099 Domini
1909 1085 1922 1107 ,

336 1153 428 1222 qui
463 1150 604 1204 hunc
634 1149 772 1204 illius
797 1156 1043 1202 conatum
1070 1143 1385 1213 reprimens,
1415 1147 1469 1195 et
1495 1137 1741 1193 conscius
1766 1135 1922 1187 etiam

336 1251 622 1311 antequam
667 1255 752 1294 res
787 1237 1020 1293 eveniret
1043 1278 1058 1301 ,
1089 1233 1212 1304 quid
1245 1233 1332 1288 ille
1373 1229 1592 1284 haberet
1621 1228 1671 1280 iu
1702 1226 1880 1278 animo
1908 1265 1922 1288 ,

339 1332 592 1388 remediis
619 1331 684 1384 ad
713 1327 1142 1398 praeveniendum
1171 1339 1296 1380 usus
1318 1330 1401 1376 est
1425 1339 1436 1374 :
1459 1336 1577 1375 cum
1605 1319 1925 1389 oportuisset

341 1427 424 1479 his
464 1425 711 1478 omnibus
750 1421 994 1491 cogitatis
1021 1462 1034 1486 ,
1065 1421 1220 1472 linem
1254 1416 1428 1470 facere
1460 1413 1677 1469 insaniae
1701 1454 1714 1476 ,
1746 1412 1924 1465 dicere

337 1515 464 1587 quid
495 1515 708 1578 factum,
741 1510 1022 1566 ostendi-re
1052 1509 1258 1564 medico
1291 1507 1438 1562 ulcus
1461 1547 1475 1570 ,
1510 1512 1562 1560 et
1587 1504 1829 1572 accipere
1858 1501 1924 1555 ab

340 1608 435 1660 illo
460 1606 741 1677 pltat-maca
769 1601 894 1657 :iile
922 1602 1112 1655 iterum
1139 1607 1295 1668 auget
1321 1597 1526 1659 vulnus,
1553 1600 1606 1649 et
1632 1593 1779 1648 ulcus
1808 1607 1926 1661 gra-

340 1697 457 1751 vius
501 1694 690 1750 reddit.
741 1692 806 1746 Et
833 1691 959 1746 dixit
982 1731 998 1758 ,
1029 1690 1235 1760 inquit,
1270 1687 1481 1742 Nescio.
1517 1685 1647 1740 Vide
1684 1684 1922 1754 ιόειιοηδί

338 1785 740 1855 impudentiam.
768 1782 903 1837 Num
933 1780 1133 1836 homini
1165 1779 1419 1849 loqueris,
1443 1793 1600 1847 quem
1629 1775 1762 1830 forte
1783 1774 1924 1828 deci-

339 1893 468 1949 pere
495 1875 716 1945 posses?
738 1874 943 1940 Nescis,
972 1871 1149 1926 infulis
1174 1880 1226 1925 et
1251 1870 1435 1936 miser,
1463 1869 1582 1938 quis
1607 1877 1688 1923 est
1713 1867 1800 1936 qui
1829 1866 1922 1922 tibi

337 1966 610 2037 loquitur?
648 1979 752 2019 non
794 1963 995 2033 cogitas
1020 2004 1034 2030 ,
1063 1962 1234 2032 ipsum
1262 1961 1332 2014 ob
1360 1960 1647 2015 bonitatem
1679 1971 1921 2027 magnam

243 2107 246 2112 .
336 2057 688 2126 interrogare,
730 2055 1062 2109 occasionem
1103 2050 1385 2122 quamdam
1427 2049 1666 2104 invenire
1701 2049 1922 2117 cupien-

337 2157 469 2212 tem,
499 2162 591 2215 per
618 2161 775 2216 quam
797 2159 948 2200 suam
979 2143 1071 2199 tibi
1097 2143 1333 2199 declaret
1363 2141 1765 2207 humanitatem,
1790 2149 1842 2194 et
1869 2147 1925 2194 ut

341 2245 522 2307 postea
548 2239 762 2291 tentatis
782 2251 813 2291 a
834 2250 891 2291 se
913 2235 1183 2300 omnibus,
1211 2235 1408 2289 nullam
1433 2232 1629 2288 habeas
1651 2231 1889 2287 defensio
1906 2263 1921 2274 -

253 2343 258 2349 '
336 2346 484 2396 nem,
505 2339 686 2400 utpote
707 2329 795 2400 qui
817 2343 986 2399 pinnae
1014 2327 1239 2398 teipsum
1269 2327 1555 2381 obnoxium
1579 2325 1874 2381 constituas
1899 2324 1923 2379 ?

433 2423 701 2476 Accusatio
754 2420 1068 2475 conscientia:
1108 2435 1260 2490 quam
1302 2419 1484 2489 gravis.
1521 2446 1594 2458 -—
1643 2416 1708 2470 Et
1748 2418 1876 2471 dixit
1903 2458 1919 2484 ,

335 2516 526 2585 inquit,
565 2513 766 2570 Nescio.
803 2512 944 2567 Nam
968 2521 1134 2567 custos
1159 2513 1331 2583 fratris
1358 2512 1454 2565 mei
1500 2527 1612 2565 sum
1656 2513 1784 2580 ego?
1820 2510 1924 2564 Co-

332 2608 440 2676 gita
485 2605 569 2659 hic
611 2605 950 2660 conscientia:
993 2604 1385 2658 accusationem
1426 2612 1480 2658 et
1522 2602 1789 2673 quomodo
1831 2603 1919 2672 qui

335 2697 662 2754 conscientia
685 2696 1056 2766 impellebatur
1075 2738 1090 2763 ,
1119 2706 1175 2750 ut
1201 2697 1268 2750 ita
1291 2696 1460 2750 dicam
1484 2737 1498 2762 ,
1531 2711 1626 2751 nec
1644 2707 1919 2765 postquam

332 2791 490 2856 dixit,
519 2789 723 2853 Nescio,
760 2789 919 2843 finem
946 2788 1157 2843 dicendi
1184 2789 1326 2853 fecit,
1357 2788 1447 2842 sed
1475 2787 1709 2842 subdidit
1737 2805 1750 2837 :
1779 2786 1922 2840 Nunt

332 2891 498 2936 custos
523 2881 694 2950 fratris
719 2881 815 2934 mei
841 2897 953 2935 sunt
991 2897 1080 2951 ego
1098 2881 1123 2933 ?
1174 2889 1374 2934 tantum
1401 2894 1505 2933 non
1534 2880 1766 2949 seipsum
1796 2880 1920 2934 red-

333 2987 580 3043 argueus.
623 2971 832 3026 Atenitn
864 2971 908 3025 si
938 2987 1003 3027 ex
1025 2970 1372 3041 consequenti
1398 2971 1494 3026 abs
1539 2979 1589 3024 te
1630 2980 1916 3041 ageretur,

332 3062 622 3119 secundum
664 3072 867 3118 naturae
899 3063 1038 3133 leges
1067 3062 1342 3118 custodem
1383 3062 1632 3118 fraternae
1657 3064 1841 3117 salutis
1871 3072 1922 3118 te

333 3172 454 3212 esse
478 3156 775 3226 oportebat.
806 3145 916 3210 lioe
944 3155 1085 3209 enim
1125 3163 1309 3209 natura
1336 3153 1603 3220 decrevit,
1632 3163 1686 3210 et
1711 3162 1921 3225 oportet

331 3262 426 3303 cos
448 3248 535 3316 qui
560 3228 623 3301 ex
645 3246 832 3301 eodem
856 3255 1008 3301 utero
1030 3245 1140 3299 nati
1161 3255 1285 3298 sunt
1306 3254 1488 3299 mutuo
1509 3260 1628 3300 esse
1648 3245 1916 3300 custodes.

330 3337 483 3407 Quod
513 3338 556 3392 si
597 3336 698 3391 hoc
724 3336 941 3391 nolebas
964 3377 979 3402 ,
1009 3345 1060 3391 et
1091 3335 1306 3390 noluisti
1333 3345 1514 3391 custos
1543 3350 1662 3392 esse
1694 3336 1870 3391 fratris
1902 3354 1915 3392 :

329 3445 496 3500 quare
524 3443 651 3499 ergo
681 3429 819 3482 illius
848 3427 1157 3483 interfector
1184 3441 1244 3483 es
1279 3427 1448 3482 factus
1472 3469 1485 3493 ,
1515 3438 1568 3482 et
1595 3444 1715 3484 eum
1749 3431 1834 3498 qui
1870 3437 1920 3484 te

331 3520 476 3577 nulla
514 3519 688 3576 affecit
731 3521 918 3590 injuria
951 3519 1230 3586 occidisti,
1259 3528 1313 3574 et
1343 3521 1534 3589 putasti
1573 3520 1770 3574 ttulium
1805 3520 1920 3576 fore

328 3613 419 3684 qui
454 3623 505 3668 te
541 3611 609 3667 de
642 3611 743 3667 hoc
772 3612 1196 3682 reprehensurus
1221 3613 1400 3666 esset?
1425 3611 1529 3666 Sed
1556 3623 1802 3681 exstiecta
1823 3653 1836 3674 ,
1867 3621 1920 3666 et

330 3704 540 3759 videbis
564 3714 927 3759 accusatorem
957 3712 1104 3758 tuum
1132 3702 1245 3758 fore
1271 3719 1390 3758 eum
1419 3705 1507 3775 qui
1535 3705 1839 3759 interfectus
1865 3714 1919 3760 et

327 3804 630 3868 prostratus
651 3795 812 3866 jacet,
837 3806 888 3851 et
917 3805 968 3850 te
994 3799 1257 3850 viventem
1286 3805 1340 3851 et
1368 3796 1746 3861 ambulantem,
1775 3799 1916 3851 clara

330 3902 466 3941 voce
487 3897 874 3942 accusaturum.
907 3887 990 3941 l0.
1016 3885 1084 3939 Et
1108 3887 1227 3940 dicit
1252 3886 1431 3942 Deus:
1456 3885 1591 3953 Quid
1605 3887 1768 3958 fecisti
1789 3887 1920 3942 hoc?

328 3975 516 4047 Magna
562 3976 718 4047 hujus
767 3979 910 4032 verbi
960 3977 1227 4032 recondita
1275 3979 1353 4032 vis
1397 3987 1511 4043 est,
1544 3988 1597 4033 et
1623 3978 1915 4048 emphasis.

327 4068 504 4134 Quare
524 4107 538 4132 ,
574 4067 774 4137 inquit,
808 4067 910 4122 hoc
938 4077 1186 4138 operatus
1209 4068 1306 4122 es?
1333 4085 1497 4140 quare
1522 4069 1784 4125 admisisti
1814 4086 1908 4127 ue-

328 4158 520 4215 farium
554 4159 655 4223 hoc
683 4157 888 4214 facinus
912 4201 926 4224 ,
953 4159 1307 4215 abominabile
1336 4175 1471 4229 Opus
1496 4201 1511 4227 ,
1541 4159 1735 4215 factum
1765 4162 1916 4218 inex-

328 4248 522 4319 piabile
550 4290 566 4316 ,
612 4250 872 4304 insaniam
923 4251 1307 4305 intolerabilem
1334 4291 1349 4317 ,
1392 4250 1594 4306 caedem
1633 4268 1823 4307 novam
1863 4263 1918 4310 et

326 4341 642 4411 stupendam
665 4383 678 4405 ,
706 4343 814 4412 jam
847 4344 1074 4411 primum
1102 4343 1152 4397 in
1183 4342 1455 4396 hominum
1489 4344 1648 4398 vitam
1676 4354 1760 4398 tua
1788 4345 1918 4401 dex-

330 4443 443 4488 tera
491 4435 795 4488 invectam?
841 4450 934 4489 cur
980 4434 1147 4490 fecisti
1192 4433 1293 4490 hoc
1338 4443 1444 4488 tam
1485 4451 1766 4506 magnum,
1809 4447 1916 4492 tam

330 4523 568 4578 terribile
589 4564 603 4588 ,
637 4539 740 4594 quo
771 4540 875 4580 non
920 4535 1000 4580 est
1039 4534 1312 4596 peceatum
1341 4525 1482 4581 aliud
1514 4528 1764 4596 gravius?
1809 4527 1919 4583 Vox

326 4616 589 4687 sanguinis
613 4617 785 4687 fratris
811 4618 884 4670 tui
910 4618 1094 4670 clamat
1123 4618 1193 4671 ad
1217 4633 1294 4671 me
1319 4617 1381 4671 de
1408 4628 1558 4673 terra.
1595 4618 1728 4674 Num
1757 4619 1918 4675 homo

327 4723 470 4773 sum,
500 4709 687 4778 inquit,
716 4709 802 4777 qui
830 4710 997 4763 solam
1026 4710 1166 4764 illam
1199 4727 1382 4767 vocem
1411 4711 1644 4777 audiam,
1677 4727 1796 4782 qua:
1823 4727 1918 4782 per

329 4800 560 4870 linguam
602 4799 908 4869 profertur?
957 4799 1110 4867 Deus,
1135 4816 1250 4856 sum
1277 4845 1292 4869 ,
1333 4803 1421 4873 qui
1471 4818 1684 4873 possum
1725 4812 1781 4859 et
1822 4818 1918 4872 per

326 4891 638 4960 sanguinem
678 4891 863 4948 audire
901 4892 1256 4960 clamantem,
1291 4902 1345 4950 et
1383 4895 1528 4950 humi
1569 4906 1912 4966 prostratum.

330 4981 469 5035 Ecce
497 4995 775 5050 quousque
814 4981 956 5035 volat
996 4998 1094 5036 vox
1123 4986 1395 5053 sanguinis
1437 4987 1592 5054 hujus
1615 5029 1629 5052 ,
1657 5003 1824 5056 usque
1862 4987 1914 5040 in

328 5069 516 5124 celum
543 5086 571 5125 a
597 5084 733 5126 terra
762 5073 1022 5140 ascendit,
1053 5082 1105 5129 et
1133 5085 1549 5144 prsetercurrens
1577 5077 1789 5141 caelum,
1812 5093 1915 5133 C83-

329 5163 487 5232 loque
507 5164 814 5232 superiores
840 5164 1085 5231 virtutes,
1119 5167 1264 5236 regio
1289 5167 1424 5222 solio
1449 5168 1667 5233 assistit,
1690 5179 1740 5223 et
1769 5178 1914 5223 tuum

260 5297 269 5304 .
328 5255 573 5323 deplorat
595 5255 959 5321 homicidium,
987 5273 1048 5310 ac
1071 5258 1328 5332 nefarium
1358 5260 1456 5315 hoc
1478 5262 1652 5316 scelus
1675 5271 1909 5318 accusat.

344 5345 455 5402 Vox
478 5349 740 5420 sanguinis
771 5349 943 5418 fratris
973 5351 1041 5402 tui
1068 5352 1250 5404 clamat
1276 5352 1344 5404 ad
1370 5370 1449 5406 me
1473 5355 1536 5406 de
1563 5367 1715 5407 terra.
1747 5354 1878 5408 Num
1897 5396 1912 5419 ,

331 5438 520 5510 inquit,
547 5439 601 5494 in
624 5440 855 5494 alienum
877 5451 929 5496 et
948 5441 1208 5511 hospitem
1233 5443 1560 5514 iniquitatem
1583 5446 1716 5499 hanc
1741 5459 1915 5516 patra-

333 5531 440 5585 sti?
472 5530 526 5585 ltt
553 5529 770 5587 fratrem
805 5542 948 5588 tuum
972 5575 986 5600 ,
1021 5535 1167 5589 illum
1195 5536 1282 5606 qui
1309 5538 1449 5592 nulla
1483 5549 1532 5594 te
1565 5539 1751 5609 injuria
1781 5541 1912 5595 affe-

329 5630 508 5686 cerat,
539 5623 756 5678 satvisti.
793 5624 897 5679 Sed
931 5625 1063 5680 forte
1103 5626 1469 5683 benevolentia
1501 5645 1616 5684 mea
1660 5631 1795 5687 hanc
1841 5633 1910 5687 illi

329 5714 529 5767 czcdem
563 5715 796 5786 peperit.
829 5725 882 5770 et
911 5733 1028 5770 cum
1060 5733 1161 5772 nou
1193 5733 1377 5788 posses
1407 5736 1611 5775 mecum
1643 5737 1908 5791 pugnare,

333 5804 385 5858 in
419 5802 565 5859 illum
597 5805 825 5872 effudisti
869 5807 1100 5862 furorem
1135 5819 1282 5864 tuum
1324 5810 1657 5866 indomitum.
1707 5813 1912 5883 Eapro-

337 5909 449 5967 pter
476 5893 634 5952 talem
659 5896 748 5953 tibi
775 5913 983 5967 [uanam
1009 5898 1249 5971 inferam,
1277 5911 1332 5958 ut
1355 5904 1524 5960 audax
1550 5904 1686 5961 istud
1711 5905 1913 5964 facinus

1394 475 1458 532 LV
1497 475 1648 533 CAP.
1691 472 1779 529 iV.
1824 472 2068 534 GENES.
2104 467 2337 529 iiOMiL.
2379 469 2519 526 XIX.

3527 456 3632 512 iii“).

2036 582 2283 638 oblivioni
2309 581 2444 637 tradi
2473 598 2589 637 non.
2608 581 2795 653 possit,
2821 591 2870 638 et
2897 599 3014 653 qua:
3041 584 3091 638 in
3125 594 3174 640 te
3202 584 3355 654 fiunt,
3375 588 3633 646 omnibus

2035 675 2255 744 posthac
2299 676 2603 745 sequuturis
2646 675 2924 745 castigatio
2959 687 3012 731 et
3055 676 3350 734 admonitio
3391 682 3519 737 sint.
3559 682 3628 737 Et

2031 781 2163 817 nunc
2184 806 2196 824 .
2227 766 2348 833 quia
2379 765 2479 820 hoe
2508 765 2676 820 fecisti
2701 807 2714 829 ,
2742 775 2794 820 et
2822 767 3012 820 malam
3042 767 3366 824 voluntatem
3395 771 3461 826 ad
3491 771 3622 828 effe-

2032 865 2174 910 ctum
2207 857 2465 913 deduxisti
2493 899 2507 922 ,
2539 868 2591 912 et
2620 874 2712 927 per
2741 859 2989 914 invidiam
3026 860 3230 917 etedem
3264 864 3582 921 commisisti
3609 907 3625 931 ,

2035 947 2334 1004 Maledictus
2361 961 2413 1002 tu
2444 953 2506 1004 de
2531 963 2684 1005 terra.

2102 1041 2151 1094 5.
2178 1041 2334 1095 Vides
2367 1040 2757 1096 maledictionis
2783 1042 3157 1110 dilTereutiam,
3182 1045 3413 1101 dilecte?
3437 1046 3512 1103 Ne
3541 1051 3639 1118 igi-

2033 1141 2116 1185 tur
2155 1132 2613 1186 inconsideranter
2644 1132 2766 1186 hiut:
2810 1143 3071 1200 transeas,
3113 1136 3208 1190 sed
3246 1153 3310 1192 ex
3357 1139 3626 1194 maledicti

2030 1224 2392 1294 magnitudine
2465 1225 2646 1293 flagitii
2725 1226 3107 1281 immanitatem
3182 1231 3447 1298 espende.
3491 1230 3624 1286 Nam

2029 1328 2227 1386 quanto
2257 1317 2424 1386 majus
2455 1319 2518 1371 sit
2555 1328 2827 1386 peccatum
2868 1319 2969 1373 hoc
3001 1322 3437 1388 praevaricatione
3470 1325 3624 1392 primi

2031 1408 2280 1473 hominis,
2304 1424 2366 1461 es
2394 1409 2785 1463 maledictionis
2805 1410 3061 1465 varietate
3091 1412 3230 1468 scire
3258 1414 3452 1468 volenti
3479 1415 3623 1471 licet.

2031 1498 2141 1552 illic
2194 1501 2334 1553 enim
2381 1501 2542 1568 inquit
2584 1519 2596 1553 :
2637 1499 2914 1556 Maledicta
2971 1514 3105 1556 terra
3158 1506 3210 1557 in
3250 1505 3482 1576 aper-ibus
3531 1510 3630 1563 tuis

2031 1589 2199 1660 (Gen.
2233 1590 2284 1644 3.
2320 1591 2406 1659 l7)
2435 1608 2446 1644 :
2476 1601 2529 1645 et
2573 1591 2624 1646 in
2678 1603 2874 1647 terram
2927 1593 3090 1649 effusa
3141 1606 3220 1650 est
3279 1598 3580 1654 maledictio
3609 1642 3627 1667 ,

2029 1691 2241 1734 ostensa
2285 1697 2378 1737 sna
2420 1684 2468 1736 in
2517 1683 2787 1738 hominem
2824 1701 2995 1741 cura:
3031 1686 3118 1742 hic
3158 1704 3284 1744 vero
3327 1691 3446 1760 quia
3494 1707 3629 1760 Opus

2031 1773 2426 1842 perniciosum,
2470 1774 2675 1830 facinus
2722 1779 2988 1847 iniquum,
3016 1791 3068 1834 et
3113 1780 3434 1851 inexpiabile
3476 1783 3629 1854 ﬂagi‘

2030 1867 2180 1928 tium,
2203 1864 2315 1933 ipse
2338 1866 2674 1920 maledictum
2694 1868 2924 1936 excipit:
2952 1870 3038 1923 ll.
3064 1867 3128 1923 Et
3151 1888 3284 1925 nunc
3305 1873 3625 1940 male-dictus,

2030 1955 2216 2024 inquit,
2252 1966 2304 2010 tu
2331 1957 2395 2011 de
2421 1967 2572 2010 terra.
2603 1958 2732 2013 Nam
2763 1960 2884 2029 quia
2925 1960 3092 2015 ferme
3123 1963 3309 2018 eadem
3355 1966 3462 2034 egit
3507 1983 3626 2035 qua:

2027 2060 2268 2116 serpens,
2298 2055 2354 2102 et
2377 2050 2527 2116 quasi
2551 2064 2807 2119 organum
2834 2051 3051 2107 servivit
3089 2051 3284 2108 diaboli
3321 2057 3626 2122 sententias,

2029 2145 2083 2191 et
2113 2138 2251 2192 sicut
2302 2138 2392 2194 ille
2431 2124 2617 2194 fraude
2661 2142 3036 2196 mortalitatem
3075 2143 3414 2199 introduxit:
3447 2148 3524 2202 sic
3571 2158 3627 2204 et

2029 2227 2112 2281 hic
2140 2227 2422 2300 deceptmn
2457 2229 2672 2284 fratrem
2701 2241 2754 2286 et
2785 2232 2836 2286 iu
2861 2246 3108 2302 campum
3139 2236 3389 2290 eductum
3419 2249 3625 2294 armata

2029 2322 2080 2376 in
2114 2321 2259 2376 illum
2287 2338 2446 2377 manu
2487 2324 2700 2379 occidit.
2728 2324 3018 2395 Propterea
3043 2327 3180 2382 sicut
3212 2328 3285 2382 illi
3318 2328 3471 2395 dixit,
3504 2329 3624 2384 Ma-

2027 2413 2237 2466 ledictus
2280 2422 2334 2466 tu
2369 2414 2498 2468 inter
2538 2431 2711 2469 omnes
2738 2416 2916 2470 bestias
2939 2426 3084 2471 terra:
3107 2417 3267 2491 (Ibid.
3305 2435 3351 2473 υ.
3384 2420 3509 2489 ﬂ):
3542 2423 3624 2478 sic

2027 2513 2078 2559 et
2107 2504 2248 2568 huic,
2283 2505 2369 2574 qui
2397 2505 2583 2560 eadem
2613 2523 2732 2576 qua:
2770 2507 2860 2563 ille
2897 2519 3148 2579 operatus
3177 2510 3291 2564 fuit.
3322 2510 3454 2566 Nam
3488 2513 3630 2569 sicut

2027 2597 2292 2664 diabolus,
2321 2599 2444 2654 odio
2466 2608 2519 2655 et
2549 2600 2745 2654 invidia
2773 2610 2968 2667 motus,
3000 2617 3106 2656 non
3131 2601 3308 2658 ferens
3339 2615 3414 2658 tot
3437 2605 3626 2660 ineffa-

2027 2691 2150 2744 bilia
2198 2691 2455 2746 beneficia
2487 2733 2499 2756 ,
2529 2709 2647 2763 qua:
2699 2693 2749 2747 iu
2799 2693 3071 2750 hominem
3119 2699 3186 2749 ab
3234 2697 3386 2751 initio
3431 2699 3625 2753 collata

2026 2790 2169 2846 sunt,
2205 2781 2398 2836 invidia
2428 2782 2495 2836 ad
2524 2782 2895 2848 deceptionem
2936 2784 3310 2840 exstitnuiatus
3339 2797 3422 2840 est
3444 2828 3461 2850 .
3506 2803 3626 2858 qua:

2026 2882 2252 2926 mortem
2283 2873 2553 2929 induceret
2587 2892 2601 2928 :
2636 2877 2704 2928 ita
2748 2885 2804 2930 et
2841 2875 2925 2930 hic
2959 2875 3051 2931 Dei
3080 2891 3204 2946 erga
3232 2876 3449 2932 fratrem
3471 2893 3625 2934 smun

2025 2963 2454 3019 benevolentiam
2479 2982 2723 3036 magnam
2758 2968 2964 3031 videns,
2989 2985 3053 3023 ex
3083 2969 3275 3023 invidia
3306 2969 3372 3024 ad
3403 2971 3626 3027 homici-

2024 3055 2170 3109 dium
2204 3058 2449 3126 prosiliit.
2494 3058 2694 3112 ldeirco
2734 3059 2860 3114 dicit
2894 3060 2964 3113 illi
2997 3077 3009 3112 :
3045 3060 3112 3113 Et
3152 3078 3286 3114 nunc
3329 3063 3628 3118 maledictus

2024 3155 2078 3200 tu
2105 3147 2168 3200 de
2196 3159 2349 3202 terra.
2380 3148 2709 3215 Maiedictus,
2741 3151 2928 3220 inquit,
2952 3152 3080 3215 eris,
3104 3162 3158 3206 et
3190 3163 3346 3208 terra:
3377 3157 3470 3219 illi,
3499 3157 3627 3220 Qua:

2023 3237 2218 3306 aperuit
2241 3252 2296 3291 os
2319 3253 2486 3304 suum,
2517 3248 2572 3291 ut
2589 3239 2893 3311 sanguinem
2917 3241 3094 3310 fratris
3141 3245 3212 3296 tui
3252 3244 3316 3297 de
3345 3262 3500 3300 manu
3539 3258 3626 3302 tua

2024 3326 2292 3393 exciperet.
2327 3327 2390 3380 Et
2418 3337 2572 3382 terrm
2616 3329 2688 3382 illi
2711 3369 2724 3393 ,
2759 3331 2958 3399 inquit,
2992 3333 3094 3386 erit
3122 3333 3472 3400 maledictus,
3505 3353 3625 3409 quae

2023 3419 2271 3472 sustinuit
2305 3419 2391 3472 tali
2423 3421 2679 3490 sanguine
2708 3421 3056 3493 irrigari,qui
3090 3439 3210 3479 cum
3245 3434 3390 3482 tanta
3419 3429 3627 3484 abomi-

2026 3512 2237 3564 natione
2264 3526 2294 3564 a
2319 3520 2423 3564 tam
2454 3512 2612 3581 impia
2641 3513 2799 3568 manu
2825 3514 3024 3570 effusus
3055 3525 3156 3571 est.
3189 3517 3318 3572 Dein
3350 3519 3623 3590 Scriptura

2025 3602 2199 3656 divina
2244 3603 2671 3660 tnaledictionem
2723 3607 3120 3677 interpretans,
3167 3612 3501 3669 manifestius
3538 3615 3623 3670 di-

2023 3694 2095 3747 cit
2122 3712 2133 3743 :
2164 3693 2246 3746 1‘3.
2276 3693 2492 3760 Quando
2517 3705 2751 3764 operatus
2781 3699 2934 3768 fueris
2967 3709 3170 3764 terram,
3207 3719 3307 3755 nou
3334 3704 3539 3773 adjiciet
3567 3717 3622 3760 ut

2023 3785 2104 3837 det
2144 3785 2230 3837 tibi
2273 3785 2424 3838 robur
2449 3802 2616 3840 suum.
2648 3786 2835 3856 Magna
2869 3805 3040 3858 poena:
3086 3794 3293 3860 species
3315 3836 3328 3858 ,
3361 3807 3413 3850 et
3455 3812 3623 3866 grave

2024 3874 2402 3943 indignationis
2433 3877 2656 3946 pondus.
2691 3877 2951 3934 Laborem
2975 3883 3211 3949 quidem,
3241 3884 3431 3954 inquit,
3461 3889 3623 3943 susti-

2025 3967 2144 4021 nebi
2180 4008 2196 4034 ,
2222 3976 2276 4023 et
2302 3985 2418 4038 qua:
2449 3979 2503 4023 tu
2526 3969 2703 4026 facere
2737 3981 2908 4040 potes,
2939 3973 3114 4026 omnia
3141 3973 3324 4041 facies,
3353 3987 3405 4031 et
3431 3994 3627 4047 opera-

2025 4056 2164 4112 beris
2202 4066 2396 4113 terram
2437 4060 2526 4113 tali
2575 4062 2832 4130 sanguine
2878 4061 3205 4131 inquinatam
3240 4084 3254 4119 :
3286 4067 3486 4122 nullum
3524 4085 3624 4124 au-

2023 4157 2131 4204 tem
2191 4161 2357 4204 metes
2410 4151 2636 4207 fructum
2693 4162 2798 4207 tam
2853 4154 3138 4210 multorum
3193 4157 3476 4226 laborum,
3529 4166 3623 4219 sed

2025 4243 2222 4298 inutilis
2261 4245 2363 4299 erit
2391 4247 2479 4300 tibi
2510 4247 2683 4300 omnis
2716 4249 2866 4301 labor
2889 4265 3047 4318 quem
3079 4249 3288 4306 feceris.
3323 4252 3507 4326 Neque
3535 4257 3620 4313 hic

2024 4334 2145 4389 finis
2171 4336 2268 4391 erit
2309 4352 2500 4406 pusum,
2529 4337 2621 4392 sed
2668 4345 2721 4392 et
2762 4339 2976 4394 Gemens
3009 4351 3055 4394 et
3100 4351 3315 4397 tremens
3352 4347 3449 4399 eris
3476 4363 3626 4415 super

2023 4437 2228 4481 terram.
2260 4428 2462 4484 Rursus
2490 4439 2541 4485 ct
2577 4429 2680 4485 hoc
2716 4431 3002 4488 maximum
3028 4443 3107 4488 est
3144 4437 3388 4505 supplicii
3426 4456 3617 4510 genus,

2024 4529 2277 4589 perpetuo
2300 4536 2511 4590 gemere
2539 4537 2601 4576 ac
2630 4531 2877 4578 tremere.
2907 4524 3038 4591 Quia
3068 4527 3232 4592 enim,
3268 4527 3455 4597 inquit,
3489 4532 3622 4586 abu-

2023 4623 2114 4662 sus
2141 4625 2198 4664 es
2228 4609 2420 4664 robore
2463 4613 2720 4680 corporis,
2756 4623 2808 4666 et
2839 4614 3198 4670 membrorum
3231 4618 3462 4685 viribus,
3495 4637 3622 4691 pro-

2025 4713 2140 4767 p:er
2185 4701 2286 4756 hoc
2325 4702 2632 4756 continuum
2684 4705 2822 4758 hunc
2865 4714 3149 4761 tremorem
3190 4717 3241 4762 et
3284 4719 3486 4766 motum
3531 4713 3621 4766 tibi

2024 4791 2217 4856 infero,
2250 4801 2304 4847 ut
2353 4807 2457 4848 non
2507 4795 2677 4848 solum
2721 4795 2834 4865 ipse
2873 4796 3071 4852 habeas
3093 4799 3276 4868 jugem
3303 4801 3622 4859 admonitio-

2023 4903 2145 4941 nem
2177 4896 2232 4940 et
2279 4889 2591 4941 memoriam
2633 4887 2792 4956 hujus
2830 4889 3021 4944 nefasti
3062 4892 3281 4948 sceleris
3314 4910 3328 4948 ι
3362 4895 3456 4949 sed
3487 4905 3540 4949 ut
3570 4907 3620 4951 ct

2025 4995 2214 5034 omnes
2239 4979 2326 5050 qui
2373 4987 2423 5034 te
2451 4980 2700 5048 viderint,
2735 4973 2850 5036 viso
2883 4993 2963 5048 te,
2992 4984 3143 5054 quasi
3185 4985 3327 5040 clara
3362 4988 3466 5042 illis
3489 5004 3622 5044 voce

2023 5081 2372 5143 personante,
2411 5072 2618 5128 discant
2662 5089 2731 5129 ne
2771 5075 2894 5128 talia
2921 5076 3182 5143 audeant,
3218 5087 3274 5131 ut
3314 5095 3380 5134 ne
3427 5079 3619 5135 similis

2027 5165 2295 5234 patiantur
2325 5183 2338 5220 :
2371 5175 2422 5220 et
2454 5180 2608 5235 poma
2638 5175 2724 5221 tua
2757 5168 2888 5221 alios
2918 5167 3109 5223 doceat
3136 5186 3323 5226 omnes
3346 5214 3358 5233 ,
3391 5190 3454 5226 ue
3484 5173 3620 5228 ultra

2026 5257 2114 5310 tali
2141 5255 2394 5326 sanguine
2422 5267 2617 5312 terram
2647 5259 2907 5328 polluant.
2932 5259 3221 5329 PrOpIerca
3255 5279 3357 5316 non
3393 5264 3539 5318 brevi
3568 5274 3619 5320 te

2025 5359 2196 5403 morte
2223 5349 2451 5419 plectam
2473 5392 2486 5414 ,
2521 5359 2577 5403 ut
2616 5365 2683 5405 ne
2713 5351 2906 5405 factum
2938 5352 3190 5406 oblivioni
3217 5353 3453 5409 tradatur
3478 5372 3491 5410 :
3522 5358 3617 5412 sed

2025 5443 2184 5496 vitam
2226 5451 2397 5497 morte
2434 5444 2733 5513 graviorem
2774 5445 3039 5500 sustinere
3077 5456 3127 5501 te
3165 5445 3392 5512 curabo,
3428 5457 3485 5503 ut
3530 5465 3623 5519 per

2026 5532 2141 5588 hate
2165 5533 2342 5587 discas
2363 5535 2538 5603 qualia
2568 5537 2976 5604 perpetravcris.
3004 5538 3090 5592 i5.
3126 5537 3186 5590 Et
3215 5539 3342 5591 dixit
3372 5539 3497 5593 Cain
3526 5539 3625 5595 Do.

2024 5626 2160 5678 mino
2181 5641 2200 5678 :
2231 5625 2404 5696 Major
2431 5636 2504 5680 est
2531 5642 2684 5680 causa
2714 5643 2844 5694 mea,
2868 5645 3018 5695 quam
3050 5638 3102 5680 ut
3132 5629 3360 5682 dimittar
3381 5646 3492 5700 ego.
3516 5631 3623 5685 Ma-

2023 5736 2182 5790 gnum
2212 5720 2432 5791 aliquid,
2463 5728 2516 5774 et
2543 5720 2698 5775 saluti
2729 5731 2926 5776 nostra:
2957 5723 3242 5792 plurimum
3272 5723 3403 5777 uti‘e
3435 5723 3542 5789 hic,
3577 5724 3620 5778 si

2023 5814 2208 5868 attenti
2256 5813 2550 5881 fuerimus,
2587 5814 2766 5870 licebit
2805 5815 3099 5869 addiscere.
3159 5814 3224 5868 Et
3267 5815 3396 5869 dixit
3446 5813 3572 5868 Cain
3602 5830 3622 5870 :

2025 5909 2199 5984 Major
2230 5920 2300 5965 est
2331 5927 2485 5965 causa
2525 5927 2654 5975 mea,
2694 5925 2843 5980 quam
2881 5919 2929 5963 ut
2969 5908 3195 5963 dimittar
3214 5925 3326 5980 ego.
3363 5909 3497 5966 Ecce
3528 5909 3620 5965 ab-
