4152 6490
637 442 737 499 163

624 555 795 608 soluta
819 549 1101 608 confessio.
1126 545 1255 604 Tale
1285 554 1592 617 tantumque
1634 551 1715 599 est
1734 583 1750 609 ,
1781 542 1979 612 inquit,
2009 555 2193 613 ροωο

629 656 736 698 ιιιιιι
765 641 905 713 quod
939 639 1219 711 commisi,
1251 648 1308 694 ut
1337 652 1442 694 non
1467 635 1662 706 possim
1699 634 1941 702 accipere
1968 631 2194 687 veniam.

637 734 793 800 Ecce,
820 733 960 788 dicet
996 731 1206 801 aliquis,
1236 729 1506 785 confessus
1534 733 1636 790 est,
1667 733 1722 780 et
1748 738 1868 779 eum
1895 736 2082 793 magna
2111 735 2197 776 ae-

628 826 898 881 euratione
923 821 1196 880 confessus
1217 829 1333 876 est:
1366 817 1460 874 sed
1483 817 1613 871 nihil
1640 815 1761 870 inde
1789 814 1943 877 lucri,
1973 813 2194 869 dilecte:

627 917 995 988 intempestiva
1046 915 1184 968 enim
1225 909 1493 967 confessio
1529 917 1630 965 est.
1675 907 1788 962 Hoc
1834 907 1978 962 enim
2024 905 2200 960 facere

629 1007 904 1078 oportebat
946 1013 1182 1073 tempore
1211 1001 1542 1073 congruenti,
1565 997 1774 1069 quando
1811 996 1986 1051 adhuc
2029 995 2197 1064 impe-

629 1099 754 1154 trari
801 1105 1006 1168 poterat
1045 1110 1076 1150 a
1115 1093 1300 1151 iudice
1348 1089 1730 1147 misericordia.
1759 1086 2019 1144 Mentorea
2059 1097 2199 1139 nunc

625 1197 793 1242 estote
825 1186 940 1256 ejus
964 1186 1104 1256 quod
1144 1184 1299 1255 paulo
1329 1191 1452 1238 ante
1485 1180 1591 1235 dixi
1612 1221 1628 1246 ,
1675 1193 1864 1248 nempe
1899 1178 1950 1232 in
1979 1175 2194 1231 terribili

624 1279 716 1334 illo
740 1279 827 1334 die
852 1285 907 1332 et
945 1278 996 1332 in
1027 1275 1293 1339 tribunali,
1324 1275 1376 1330 in
1405 1289 1510 1344 quo
1550 1273 1691 1326 nulla
1736 1283 2077 1340 personarum
2103 1281 2196 1322 ac-

621 1369 819 1438 ceptio,
847 1367 960 1421 fore
983 1376 1037 1421 ut
1057 1365 1416 1435 unusquisque
1441 1371 1678 1418 nostrum
1701 1361 1768 1416 ob
1789 1367 2002 1430 peccata
2029 1357 2198 1429 paeni-

625 1457 787 1512 tentia
820 1456 1060 1522 ducatur,
1089 1455 1277 1510 videns
1300 1463 1354 1509 et
1393 1461 1512 1506 ante
1542 1451 1724 1506 oculus
1754 1449 1955 1505 habens
1985 1447 2196 1503 terribi-

625 1548 692 1602 lia
722 1548 809 1603 illa
838 1555 1097 1601 tormenta
1121 1586 1134 1608 ,
1163 1555 1217 1601 et
1255 1544 1582 1599 inevitabiles
1620 1554 1802 1610 punias
1822 1580 1835 1606 ,
1867 1539 1961 1595 scil
2002 1538 2194 1592 nullam

545 1626 547 1628 l
624 1641 746 1696 inde
772 1639 1049 1694 habiturus
1079 1638 1381 1700 utilitatem,
1415 1647 1651 1704 tempore
1678 1632 1982 1686 destitutus.
2015 1705 2018 1708 Δ

692 1730 995 1785 Ρωηιιειιιὶα
1023 1739 1138 1783 ante
1168 1743 1364 1798 pinnam
1394 1727 1548 1778 utilis.
1579 1752 1650 1763 —
1678 1721 1993 1778 Pomitentia
2016 1720 2157 1775 enim
2179 1761 2193 1784 ,

623 1821 930 1890 priusquam
959 1833 1112 1889 poma
1143 1817 1416 1883 inferatur,
1443 1825 1648 1883 tempus
1678 1813 1854 1879 habet,
1882 1823 1935 1866 ct
1957 1811 2196 1867 ineffabi-

625 1912 725 1965 lem
757 1911 879 1962 vim.
912 1907 1136 1963 Proinde
1164 1907 1407 1972 obsecro,
1435 1920 1554 1959 cum
1583 1904 1753 1957 adhuc
1779 1903 1966 1958 efficax
1999 1912 2079 1957 est
2107 1903 2196 1956 ιιιί-

623 2001 826 2054 rificum
856 1998 956 2055 hoc
990 1998 1332 2069 pbarmacum
1358 2039 1373 2064 ,
1401 1996 1674 2052 commoda
1719 2004 1773 2050 et
1813 1996 2033 2054 fructum
2076 1995 2196 2049 inde

623 2090 974 2160 pcreipiamus
995 2128 1011 2155 ,
1045 2098 1101 2144 et
1127 2103 1247 2144 cum
1281 2087 1454 2143 adhuc
1499 2101 1681 2141 sumus
1708 2089 1756 2140 in
1786 2087 2030 2156 prmsenti
2059 2087 2158 2140 vita
2179 2127 2193 2149 ,

624 2181 948 2249 pmnitentite
1001 2179 1328 2234 medicamen
1370 2177 1521 2232 nobis
1570 2192 1936 2246 apponamus,
1967 2177 2197 2231 scientes

623 2273 856 2344 liquido,
890 2272 1017 2326 nihil
1062 2279 1186 2325 tunc
1225 2271 1376 2324 nobis
1423 2269 1783 2338 painitentiam
1830 2267 2192 2337 profuturam,

622 2381 742 2421 cum
786 2366 1015 2419 solutum
1036 2352 1607 2434 fueritspoctaculum,
1632 2371 1686 2417 et
1718 2372 1923 2431 tempus
1945 2358 2192 2414 certami-

623 2472 747 2511 num
775 2456 1026 2510 ablatum.

694 2549 746 2602 4.
777 2547 973 2602 Verum
1011 2545 1079 2601 ad
1118 2547 1408 2600 institutum
1439 2545 1733 2600 redeamus.
1761 2544 2046 2612 Oportebat
2073 2553 2196 2598 tunc

621 2655 740 2693 cum
769 2641 1177 2708 interrogaretur
1201 2652 1231 2691 a
1254 2638 1493 2699 Domino,
1513 2635 1611 2694 Ubi
1632 2646 1702 2689 est
1726 2634 1846 2688 Abel
1867 2639 2022 2704 frater
2036 2643 2152 2686 tuus
2171 2634 2196 2686 ?

621 2731 858 2784 confiteri
888 2737 1158 2799 peccatum
1187 2736 1238 2780 et
1269 2728 1540 2796 procidere
1563 2768 1577 2790 ,
1608 2737 1659 2780 ct
1685 2739 1840 2779 orare
1863 2766 1877 2790 ,
1909 2733 1960 2778 et
1989 2726 2192 2777 veniam

623 2829 840 2890 petere;
880 2821 993 2889 ipse
1034 2835 1158 2873 vero
1191 2829 1312 2873 tunc
1347 2820 1558 2889 quidem
1605 2817 1919 2872 medicinam
1968 2817 2149 2884 reiecit
2177 2858 2191 2882 ,

623 2925 760 2964 nunc
804 2921 1008 2974 autent,
1055 2917 1174 2978 post
1217 2914 1528 2962 sententiam
1557 2949 1569 2972 ,
1604 2917 1718 2976 post
1761 2907 1914 2960 finem
1953 2907 2195 2960 omnibus

623 3000 944 3068 impositum,
967 3008 1244 3069 postquam
1285 2999 1426 3052 clara
1449 3013 1575 3052 voce
1602 3007 1877 3050 accusatus
1904 3008 1982 3050 est
2020 3013 2046 3049 a
2074 3011 2195 3049 san-

622 3095 777 3158 guine
805 3093 854 3146 in
889 3102 1025 3144 terra
1068 3092 1294 3160 jacentis
1315 3132 1328 3154 ,
1360 3091 1639 3143 Cﬂilﬁtt‘iltt‘
1660 3131 1672 3153 ,
1707 3090 1934 3157 nihilque
1966 3090 2086 3142 inde
2119 3089 2194 3141 itt-

621 3182 842 3235 crifatit.
887 3181 1036 3236 Unde
1075 3180 1326 3250 propheta
1354 3181 1556 3234 diccbat
1588 3198 1598 3230 :
1633 3179 1805 3232 Justus
1831 3181 1907 3231 sm'
1931 3178 2086 3247 ipsius
2109 3195 2196 3230 ac-

622 3283 822 3324 cusator
863 3272 916 3324 in
966 3271 1211 3340 principio
1258 3273 1496 3324 sermonis
1532 3269 1723 3339 (l’rov.
1761 3270 1838 3325 i8.
1875 3269 1990 3338 17).
2022 3270 2083 3322 Et
2112 3269 2195 3323 hic

623 3378 830 3432 quoque
862 3403 878 3430 ,
932 3363 975 3417 si
1031 3364 1370 3432 pra-venisset
1424 3362 1628 3415 Dotnini
1690 3361 2192 3430 reprehensionem,

623 3456 840 3507 omnino
887 3453 1299 3508 misericordiam
1344 3464 1700 3522 consequutus
1743 3454 1950 3515 fuisset,
1984 3462 2196 3522 prOpter

624 3548 934 3600 immensam
980 3545 1182 3599 Domini
1243 3544 1635 3613 benignitatem.
1684 3543 1890 3596 Nullum
1935 3547 2073 3597 enim
2115 3553 2193 3598 cst

626 3648 918 3704 peccatum,
947 3644 1425 3705 quantumcumque
1453 3650 1613 3704 grave
1638 3637 1726 3700 sit,
1759 3636 1895 3704 quod
1929 3637 2063 3689 diius
2094 3637 2193 3689 mi-

624 3728 962 3781 scricordiam
1009 3727 1180 3779 vincat
1211 3742 1223 3778 :
1257 3727 1414 3780 modo
1447 3738 1681 3794 tempore
1709 3726 1888 3779 debito
1930 3727 2191 3795 posuiten.

625 3819 747 3871 tiam
778 3829 1082 3888 agamus,ct
1105 3818 1304 3870 veniam
1325 3825 1580 3886 petamus.
1607 3816 1669 3869 Et
1692 3817 1815 3870 dixit
1837 3816 1958 3868 Cain
1985 3816 2195 3886 :Mnjor

621 3920 692 3964 est
721 3926 875 3963 causa
903 3925 1012 3961 mea
1036 3950 1049 3974 ,
1078 3925 1224 3978 quant
1254 3919 1305 3961 ut
1334 3909 1556 3960 dimittar
1597 3925 1704 3977 ego.
1748 3908 2027 3962 Sufficiens
2061 3923 2192 3961 con-

624 4003 816 4068 fessio,
849 4001 940 4056 sed
979 4001 1366 4071 intempestiva.
1392 4001 1456 4054 Et
1482 4001 1614 4054 dixit
1645 4017 1655 4051 :
1691 4000 1770 4054 ιιι.
1799 4000 1858 4053 Si
1887 4001 2088 4070 ejt'CCTiI
2120 4016 2196 4053 me
2237 4039 2240 4041 ›

624 4096 769 4148 hodie
798 4113 827 4146 a
859 4095 984 4162 facie
1010 4107 1171 4161 ter-rte,
1202 4104 1247 4148 et
1271 4111 1301 4146 α
1330 4094 1460 4163 {acie
1487 4103 1573 4147 tua
1602 4093 1900 4159 abscondar,
1929 4103 1974 4147 et
2004 4109 2085 4146 ero
2107 4108 2196 4162 ge-

625 4201 760 4238 mens
799 4195 844 4237 ct
872 4195 1082 4236 (rancus
1111 4201 1259 4252 super
1285 4194 1500 4248 terram;
1527 4194 1574 4236 et
1603 4185 1691 4236 erit
1713 4226 1725 4249 ,
1757 4185 1916 4236 omnis
1944 4185 2025 4251 qui
2057 4184 2194 4236 inre-

625 4277 747 4327 ηςτίι
786 4292 861 4326 me
886 4317 898 4339 ,
928 4276 1109 4326 occidet
1145 4291 1239 4326 me.
1274 4273 1403 4328 Vide
1446 4291 1599 4343 quam
1642 4275 1960 4329 miserabilia
2004 4277 2190 4339 verba,

625 4377 730 4419 tmn
755 4366 872 4433 quia
917 4364 1301 4432 intempestiva,
1335 4372 1440 4416 tum
1469 4367 1585 4433 quia
1615 4374 1850 4434 tempore
1877 4365 2056 4433 etaps»
2079 4367 2194 4419 nul-

623 4459 728 4510 lum
779 4457 1000 4510 fructmn
1029 4455 1300 4510 afferrent.
1334 4456 1398 4510 Et
1427 4456 1558 4510 dixit
1586 4473 1598 4508 :
1633 4457 1692 4510 Si
1718 4459 1916 4528 cjeceris
1946 4474 2021 4509 mc
2046 4458 2194 4511 hodie

623 4566 652 4599 tt
679 4548 807 4618 faeie
829 4557 987 4609 teri-te,
1018 4558 1061 4598 et
1093 4564 1123 4598 a
1153 4548 1279 4615 fecit:
1305 4557 1388 4598 tua
1424 4547 1721 4613 abscontlur,
1756 4560 1798 4601 et
1827 4566 1906 4601 ero
1930 4567 2122 4617 genteri:
2148 4560 2191 4602 ct

621 4651 830 4693 tremens
863 4655 1012 4708 super
1043 4649 1222 4690 terram
1246 4658 1260 4703 ;
1294 4649 1337 4691 et
1368 4641 1489 4703 erit,
1516 4642 1671 4693 omnis
1699 4641 1781 4709 qui
1819 4659 1893 4696 me
1924 4643 2187 4707 iurcuerit,

621 4732 877 4796 intrr/iriet
903 4749 995 4784 »ιιι-ν.
1021 4731 1072 4784 Si
1104 4733 1152 4784 in
1178 4743 1335 4797 terra,
1369 4734 1554 4802 inquit,
1587 4735 1923 4789 maledictum
1956 4752 2040 4791 Inc
2063 4737 2192 4790 forci-

621 4826 684 4876 sti
714 4831 768 4875 ct
815 4823 924 4891 ipse
969 4838 1051 4876 me
1097 4823 1353 4876 aversaris
1382 4864 1393 4884 ,
1425 4833 1686 4892 tantaque
1732 4842 1898 4893 ptenae
1933 4827 2186 4882 tradidisti

625 4930 728 4976 me,
764 4916 832 4966 ita
856 4922 912 4967 ut
938 4929 1140 4981 gemam
1163 4924 1214 4967 et
1238 4925 1478 4977 trcmam,
1505 4915 1631 4967 nihil
1663 4916 1955 4983 prohibebit
1986 4929 2185 4985 postea,

620 5005 746 5072 quin
775 5005 1009 5072 quisquis
1041 5005 1090 5058 in
1137 5021 1219 5057 me
1251 5006 1336 5059 vel
1377 5006 1587 5059 fortuito
1619 5005 1855 5060 inciderit
1882 5048 1896 5069 ,
1929 5026 2010 5063 me
2041 5027 2103 5064 eo
2136 5013 2187 5064 in

618 5107 758 5149 statu
802 5097 1026 5164 positum
1067 5106 1115 5149 et
1150 5106 1230 5149 tua
1265 5111 1364 5164 ope
1409 5097 1657 5150 nudatum
1691 5099 1986 5152 interficiat.
2017 5101 2190 5155 Facile

623 5189 869 5241 invadere
911 5205 994 5242 me
1025 5190 1234 5258 poterit,
1265 5189 1446 5258 inquit,
1483 5190 1526 5242 si
1557 5189 1672 5258 quis
1703 5190 1997 5246 interficere
2026 5195 2184 5247 votet.

619 5281 794 5352 Neque
821 5283 958 5334 enim
982 5282 1090 5350 ipse
1111 5282 1362 5335 obluctari
1391 5290 1593 5350 potero,
1618 5290 1723 5335 tam
1743 5283 1992 5338 dissoluta
2024 5302 2197 5358 mcm-_

620 5376 706 5426 bra
739 5375 1112 5426 circumferens
1135 5414 1147 5437 ,
1177 5382 1227 5426 cl
1271 5373 1502 5442 undique
1530 5382 1822 5428 commotus
1848 5393 1858 5425 :
1885 5375 2096 5445 insuper
2135 5390 2187 5431 ct

623 5467 738 5527 hoc,
768 5465 904 5532 quod
936 5465 1102 5516 sciant
1145 5478 1327 5516 omnes
1353 5471 1438 5516 tua
1470 5479 1551 5518 me
1579 5477 1677 5532 ope
1708 5463 2032 5532 destitutum,
2063 5485 2182 5522 eum

618 5557 704 5623 qui
732 5556 867 5612 velit,
902 5564 950 5606 ut
981 5555 1041 5606 ad
1078 5553 1274 5607 eadem
1305 5569 1471 5607 meam
1494 5556 1745 5622 prosiliat,
1781 5554 2032 5608 iacit-abit.
2053 5556 2185 5625 Quid

617 5663 742 5714 ergo
778 5646 1074 5699 misericors
1117 5653 1170 5699 et
1219 5646 1389 5697 bonus
1416 5645 1708 5699 Dominus?
1737 5649 1818 5699 lii.
1851 5647 1913 5699 Et
1943 5647 2067 5700 dixit
2113 5648 2186 5700 illi

625 5736 866 5788 Ουιειηειιδ
896 5735 1025 5788 Ι)ιίιε
1057 5753 1070 5788 .·
1113 5736 1227 5787 Non
1268 5735 1357 5788 sic.
1392 5733 1467 5788 Ne
1508 5746 1657 5805 putes
1681 5777 1695 5800 ,
1728 5736 1930 5806 inquit,
1963 5737 2073 5791 lure
2118 5740 2184 5792 ita

619 5831 742 5884 ficri.
781 5829 956 5894 \r-l'tc
1004 5831 1139 5882 enim
1181 5830 1352 5882 licebit
1392 5831 1579 5898 cuique
1605 5829 1795 5884 volenti
1825 5841 1872 5884 te
1904 5833 2140 5886 Occidt'rc
2170 5876 2181 5892 .

1335 433 1390 493 5.
1429 430 1704 488 .lOAN‘NiS
1739 425 2210 486 ειιιιγδοετοιιι
2250 425 2563 483 ΑΜΣΗΙΕΡ.
2603 423 3132 482 CONSTANTINOP.

3724 446 3728 448 '
3777 431 3880 487 161

2305 539 2399 596 sed
2424 555 2493 595 ex
2524 539 2853 596 diuturniora
2899 539 3001 594 vita
3034 550 3122 594 tua
3151 547 3204 592 ct
3242 537 3409 608 major
3437 537 3559 596 inde
3599 541 3693 596 tibi
3723 543 3879 599 dolor

2305 631 2426 694 erit,
2457 639 2513 686 et
2559 630 2852 701 relinquam
2896 638 2948 686 te
2989 630 3213 700 posteris
3239 632 3665 700 generationibus
3707 637 3876 702 magi-

2302 730 2496 788 strum,
2527 730 2584 776 ut
2611 721 2686 776 tui
2711 719 3068 790 spectaculum
3096 719 3206 775 illis
3222 720 3292 775 sit
3314 720 3603 776 admonitio
3630 732 3683 777 et
3711 727 3875 778 casti-

2302 813 2476 879 gatio,
2521 809 2797 881 nullusque
2823 809 3124 879 exemplum
3151 818 3298 864 tuum
3338 821 3608 882 sequatur.
3638 812 3704 867 Et
3749 814 3878 868 dixit

2304 899 2550 956 Dominus
2595 901 2728 956 Deus
2755 917 2774 956 :
2803 899 2923 956 Non
2968 902 3058 956 sic.
3096 900 3274 957 Omnis
3311 905 3396 972 qui
3437 904 3673 960 occiderit
3710 905 3836 961 Cain
3859 949 3876 973 ,
3910 958 3912 961 .

2301 999 2493 1061 septem
2515 993 2728 1047 ultiones
2757 993 2926 1048 solvet.
2957 991 3219 1046 Fortassis
3254 989 3414 1047 multa
3440 1004 3565 1051 sunt
3590 1011 3709 1067 qua:
3732 997 3839 1052 disi
3859 1038 3876 1063 ,

2294 1094 2356 1138 et
2379 1083 2602 1139 multam
2627 1085 2838 1153 corpori
2866 1085 3159 1140 molestiam
3188 1085 3475 1140 attulimus.
3505 1086 3610 1142 Sed
3638 1089 3762 1157 quid
3795 1089 3877 1143 fa-

2302 1175 2479 1232 ciam?
2501 1177 2632 1246 Quia
2660 1177 2812 1232 video
2838 1187 3066 1234 vestram
3092 1177 3143 1232 in
3173 1178 3435 1234 audiendo
3469 1178 3793 1243 aviditatem,
3822 1191 3878 1235 et

2304 1270 2491 1340 ingens
2527 1269 2845 1326 desiderium
2866 1310 2881 1335 ,
2912 1270 3111 1340 reliqua
3150 1271 3308 1325 etiam
3345 1285 3654 1342 persequar,
3688 1282 3743 1327 et
3781 1289 3881 1342 pro

2301 1360 2501 1414 viribus
2527 1360 2657 1415 meis
2687 1360 3090 1430 interpretabor.
3116 1360 3252 1429 Quid
3277 1369 3359 1416 est
3383 1403 3397 1426 ,
3427 1361 3631 1431 Septem
3664 1364 3878 1418 ultiones

2299 1451 2499 1505 solvet?
2524 1450 2629 1506 Sed
2675 1450 2861 1505 iterum
2913 1465 3102 1506 vereor
3143 1466 3208 1505 ne
3235 1450 3496 1506 dictorum
3540 1453 3880 1509 multitudine

2302 1542 2610 1596 memoriam
2639 1557 2822 1596 eorum
2849 1558 2966 1612 qua:
2998 1542 3136 1596 dicta
3177 1551 3301 1596 sunt
3327 1543 3547 1599 obruam
3569 1585 3582 1603 .
3614 1555 3666 1599 et
3697 1545 3880 1600 videar

2303 1631 2452 1690 vobis
2477 1630 2740 1686 fastidium
2770 1631 2959 1687 afferre
2991 1650 3004 1684 :
3035 1633 3128 1688 sed
3158 1632 3202 1688 si
3231 1650 3335 1687 non
3367 1633 3673 1704 fatigamini,
3711 1637 3879 1691 susti-

2304 1733 2442 1784 nete,
2476 1732 2530 1775 et
2574 1723 2674 1776 hoc
2703 1723 2946 1778 absoluto
2969 1733 3238 1789 contextu,
3268 1739 3567 1780 sermonem
3612 1728 3876 1783 finiemus.

2303 1810 2366 1865 Et
2396 1813 2525 1868 dixit
2555 1813 2630 1865 ειη
2649 1811 2902 1867 Dominus
2934 1812 3067 1868 Deus
3091 1830 3109 1866 :
3138 1813 3256 1868 Non
3287 1817 3377 1870 sic.
3413 1813 3588 1870 Omnis
3617 1819 3699 1887 qui
3741 1819 3877 1872 oeti-

2301 1901 2426 1954 derit
2455 1901 2614 1966 Cain,
2649 1903 2828 1971 septies
2856 1904 3069 1957 ultiones
3107 1904 3280 1958 solvet.
3314 1903 3379 1958 Et
3424 1913 3588 1973 posuit
3629 1907 3878 1963 Dominus

2302 1991 2440 2048 Deus
2461 1995 2659 2064 signum
2685 1997 2735 2048 in
2757 1994 2899 2059 Cain,
2926 2013 2987 2048 ne
3012 1999 3172 2050 omnis
3201 2000 3286 2067 qui
3311 1998 3550 2053 inveniret
3576 2001 3720 2054 illum
3747 2005 3881 2054 orci-

2301 2085 2456 2140 dct‘et.
2478 2085 2588 2141 lloc
2607 2085 2844 2152 timuisti,
2866 2087 3052 2156 inquit,
3077 2103 3143 2142 ne
3161 2087 3465 2145 occiderem
3482 2091 3759 2156 ?Confide,
3778 2092 3882 2149 hoc

2301 2194 2404 2233 non
2432 2178 2554 2234 erit.
2581 2177 2710 2234 Nam
2732 2180 2968 2250 quisquis
2994 2179 3093 2234 hoc
3121 2181 3292 2236 facere
3319 2184 3877 2252 attentaverit,septu-

2302 2269 2423 2338 pliei
2454 2285 2624 2339 pana:
2666 2285 2724 2324 se
2773 2269 2930 2325 faciet
2969 2271 3252 2325 obnoxium
3286 2289 3299 2325 :
3331 2283 3387 2328 et
3430 2273 3625 2328 idcirco
3670 2275 3878 2344 signum

2302 2362 2394 2417 tibi
2423 2364 2656 2430 impono,
2687 2371 2740 2416 ut
2788 2363 2960 2417 nullus
3004 2365 3252 2433 ignorans
3291 2365 3566 2421 interfecto
3595 2377 3644 2421 te
3663 2408 3677 2433 ,
3706 2369 3880 2437 paruis

2303 2455 2404 2507 illis
2430 2469 2487 2510 se
2514 2455 2800 2509 obnoaium
2831 2455 3004 2509 faciat.

2468 2544 2669 2613 Septem
2700 2547 2911 2599 ultiones
2938 2550 2987 2599 in
3011 2537 3168 2600 Caino
3192 2564 3304 2618 qua:
3324 2549 3347 2601 .’
3368 2578 3436 2586 —
3462 2547 3564 2602 Sed
3599 2563 3688 2616 par
3715 2559 3798 2604 est
3821 2560 3880 2605 ut

2301 2636 2630 2690 manifestius
2671 2653 2763 2690 vos
2806 2639 3062 2702 doceam,
3093 2639 3360 2706 quomodo
3394 2640 3482 2708 qui
3516 2639 3644 2693 Ca3n
3684 2642 3878 2696 occidit

2297 2735 2504 2794 septem
2547 2741 2819 2795 manarum
2859 2742 2978 2781 reus
3031 2728 3117 2780 sit.
3173 2727 3277 2782 Vos
3325 2743 3548 2796 precor,
3596 2732 3872 2785 attendite.

2300 2815 2428 2868 Nam
2457 2815 2500 2869 si
2527 2831 2682 2880 nunc,
2712 2819 2848 2871 sicut
2867 2826 2918 2870 et
2949 2819 2998 2870 in
3029 2817 3387 2884 superioribus
3409 2819 3598 2873 diebus
3622 2835 3764 2890 SleL‘
3789 2840 3877 2875 ca.

2301 2909 2438 2961 vititi
2466 2917 2652 2962 vestra:
2674 2909 2922 2973 diximus,
2947 2926 3064 2961 cum
3090 2910 3272 2977 jejunii
3303 2917 3509 2978 tempus
3535 2921 3633 2973 esu
3657 2922 3709 2965 et
3733 2923 3873 2968 tanta

2302 3001 2678 3067 tranquillitate
2707 3000 2965 3066 fruimur,
2998 3009 3045 3053 et
3089 3000 3290 3054 liberati
3320 3016 3506 3054 sumus
3537 3019 3565 3056 a
3596 3004 3874 3072 cogitatio-

2300 3091 2454 3143 nibus
2492 3106 2607 3160 qua:
2647 3099 2875 3144 mentem
2923 3103 3154 3144 nostrain
3185 3092 3511 3160 perturbant,
3541 3110 3642 3147 non
3669 3111 3873 3149 summa

2299 3180 2564 3249 diligentia
2595 3181 2912 3236 addiscimus
2934 3197 3051 3250 qua:
3089 3184 3137 3234 in
3166 3181 3359 3236 divinis
3383 3183 3669 3252 Scripturis
3699 3187 3873 3239 conti-

2303 3281 2508 3335 nentur,
2533 3272 2741 3340 quando
2757 3287 2816 3325 ea
2844 3273 2960 3325 aliis
2981 3273 3301 3340 temporibus
3323 3271 3529 3328 discere
3549 3277 3834 3342 poterimus
3854 3278 3876 3330 .'

2305 3361 2424 3416 Ideo
2454 3378 2569 3425 oro,
2602 3372 2654 3416 et
2698 3377 2916 3432 precor,
2945 3372 2996 3417 ct
3023 3363 3260 3431 Supplice
3281 3405 3295 3427 ,
3327 3375 3378 3418 ct
3405 3366 3552 3434 quasi
3590 3380 3758 3434 genua
3787 3383 3875 3422 ve-

2300 3464 2407 3508 stra
2439 3455 2707 3522 contingo,
2733 3454 2930 3508 intenta
2961 3463 3135 3508 mente
3157 3453 3238 3508 bis
3262 3469 3379 3524 qum
3401 3453 3645 3508 dicuntur
3669 3458 3876 3510 auscul-

2301 3552 2470 3598 temus
2490 3584 2504 3609 ,
2536 3555 2589 3599 ut
2622 3543 2791 3598 fructu
2820 3544 2994 3612 aliquo
3030 3543 3194 3597 nobili
3238 3554 3290 3597 et
3325 3544 3588 3614 ιιι-πείριιο
3618 3559 3834 3616 accepto
3856 3588 3874 3614 ,

2303 3637 2517 3690 domum
2548 3646 2726 3704 postea
2757 3635 3056 3689 redeamus.
3087 3634 3219 3701 Quid
3251 3635 3404 3706 igitur
3432 3645 3532 3698 est,
3569 3636 3772 3706 Septem
3800 3640 3876 3691 nt-

2300 3727 2456 3780 tiones
2485 3727 2682 3780 soli-et?
2710 3725 2942 3780 Primum
2984 3726 3197 3794 quidem
3245 3727 3574 3795 septenarius
3622 3743 3876 3782 numerus

2299 3819 2364 3873 de
2404 3819 2735 3873 multitudine
2766 3819 2958 3873 dicitur
2996 3818 3048 3872 in
3086 3819 3262 3872 divina
3309 3818 3580 3886 Scriptura
3617 3837 3632 3870 :
3665 3820 3713 3873 id
3736 3821 3875 3889 quod

2300 3927 2439 3980 s:i-pe
2468 3913 2516 3965 in
2548 3912 2832 3980 Scripturis
2862 3912 3109 3977 OCCttrrif,
3136 3921 3209 3973 ut,
3231 3910 3434 3965 Stert'lis
3473 3915 3663 3982 peperit
3691 3923 3876 3982 septem

2301 4003 2378 4071 (l.
2413 4003 2535 4073 Reg.
2566 4003 2621 4057 2.
2650 4005 2737 4073 5):
2768 4013 2818 4057 et
2847 4003 3059 4057 similia.
3089 4001 3399 4072 Conjectarc
3423 4012 3601 4058 autem
3634 4004 3719 4059 hic
3754 4005 3876 4059 licet

2305 4094 2501 4157 peccati
2531 4093 2964 4163 magnitudinem,
2995 4103 3049 4147 et
3075 4094 3245 4162 ipsum
3277 4108 3379 4147 non
3405 4109 3564 4146 unum
3599 4104 3870 4163 peccatum

2301 4185 2649 4250 commisisse,
2680 4184 2771 4238 sed
2799 4195 3020 4253 septem,
3048 4200 3270 4252 quorum
3302 4183 3522 4253 quodvis
3553 4200 3646 4252 per
3673 4199 3732 4238 se
3762 4201 3874 4239 ma-

2299 4291 2396 4347 gna
2428 4292 2582 4344 paena
2628 4277 2893 4329 luendum.
2931 4275 3088 4345 Igitur
3117 4275 3382 4343 quomodo
3412 4277 3526 4330 hinc
3571 4279 3874 4332 nmnerabi.

2302 4369 2455 4421 tuus?
2499 4367 2730 4421 Primum
2773 4367 2967 4420 invidet
3015 4365 3187 4429 fratri,
3221 4366 3358 4436 quod
3401 4366 3508 4420 Deo
3550 4368 3617 4420 sit
3647 4377 3868 4436 gratus:

2299 4458 2434 4528 quod
2463 4459 2505 4513 si
2548 4458 2719 4513 solum
2749 4456 3021 4522 adfuisset,
3054 4456 3117 4510 ad
3139 4457 3513 4511 accersendum
3543 4457 3618 4511 illi
3652 4459 3868 4514 exilium

2298 4550 2621 4614 suffecisset;
2652 4549 2903 4612 secundo,
2935 4549 3093 4603 frater
3123 4549 3266 4604 fratri
3295 4565 3392 4602 suo
3424 4548 3661 4616 invidet;
3692 4554 3866 4616 tertio,

2300 4641 2504 4696 fraudes
2536 4643 2776 4704 censuit;
2819 4652 3027 4711 quarto,
3057 4643 3253 4696 etcdem
3284 4657 3445 4711 opere
3472 4643 3651 4711 impEct
3681 4647 3869 4714 ;quin-

2299 4743 2352 4787 to
2376 4775 2389 4797 ,
2419 4734 2629 4788 fratrem
2665 4734 2850 4787 occidit
2875 4752 2886 4798 ;
2915 4743 3064 4786 sexto
3084 4775 3097 4796 ,
3133 4733 3333 4802 primus
3372 4744 3592 4788 mortem
3622 4748 3867 4804 operatus

2297 4833 2410 4888 est;
2443 4824 2664 4892 septimo
2688 4865 2702 4886 ,
2736 4825 2841 4877 Deo
2871 4824 3119 4876 mentitas
3150 4833 3249 4876 est.
3283 4822 3412 4877 Num
3445 4828 3709 4894 asseqnuﬁ
3748 4829 3873 4884 estis

2298 4919 2434 4971 dicta
2459 4959 2473 4982 ,
2501 4933 2565 4968 an
2593 4932 2716 4971 vero
2747 4916 2903 4969 vultis
2935 4925 2988 4967 ut
3027 4930 3085 4968 ea
3115 4917 3299 4969 iterum
3330 4929 3698 4970 recenseamus
3723 4960 3735 4980 ,
3765 4935 3869 4986 qu.»

2299 5011 2472 5064 sciatis
2511 5007 2774 5078 quomodo
2805 5007 3210 5075 unumquodque
3240 5022 3332 5076 per
3357 5022 3414 5061 se
3459 5007 3784 5074 sufficiebat,
3814 5025 3869 5063 ιιι

2299 5101 2522 5154 maxima
2550 5099 2865 5168 plecteretur
2895 5099 3079 5165 pmna?
3101 5097 3230 5150 Nam
3259 5098 3376 5166 quis
3401 5098 3481 5150 vel
3511 5101 3658 5152 venia
3686 5100 3868 5169 digna-

2297 5202 2442 5245 retur
2468 5191 2616 5245 alteri
2649 5190 2968 5245 invidentem
2990 5232 3005 5255 ,
3036 5189 3175 5260 quod
3215 5190 3305 5244 Dei
3333 5191 3698 5246 benevolentia
3730 5193 3865 5246 fruc-

2298 5283 2472 5335 retur?
2496 5281 2633 5335 Ecce
2661 5296 2818 5333 unum
2848 5280 3132 5333 maximum
3154 5290 3207 5334 et
3235 5280 3548 5349 incspiabiie
3570 5294 3864 5352 peccatum.

2298 5373 2492 5427 Deinde
2524 5375 2621 5427 hoc
2651 5374 2818 5441 majus
2844 5372 3157 5437 ostenditur,
3179 5373 3300 5441 quia
3343 5372 3503 5426 frater
3536 5386 3648 5428 erat
3672 5378 3756 5428 cui
3792 5376 3867 5427 in-

2295 5465 2521 5526 videbat,
2555 5473 2606 5518 et
2627 5464 2765 5518 nulla
2797 5463 2941 5516 illum
2979 5477 3193 5532 prorsus
3220 5462 3405 5530 injuria
3439 5462 3703 5519 affecerat.
3735 5465 3867 5520 Ecce

2293 5567 2346 5610 et
2379 5559 2473 5610 hoc
2517 5573 2724 5625 quoque
2769 5572 2871 5610 non
2911 5557 3122 5626 vulgare
3155 5565 3426 5624 peccatum
3468 5567 3566 5610 est.
3596 5556 3710 5610 Jam
3759 5568 3864 5612 ter-

2297 5650 2421 5702 tium
2452 5689 2464 5711 ,
2495 5647 2632 5716 quod
2662 5643 2813 5700 dolos
2842 5647 3043 5710 nexuit,
3073 5647 3293 5714 decepto
3315 5657 3365 5702 et
3395 5647 3444 5700 in
3473 5662 3714 5716 campum
3743 5648 3868 5703 alle-

2294 5753 2378 5794 cto
2409 5743 2569 5794 fratre
2591 5778 2604 5798 .
2638 5753 2805 5807 neque
2834 5739 2996 5807 ipsam
3032 5748 3269 5792 naturam
3303 5739 3578 5793 reveritus.
3611 5738 3866 5804 Quartum

2299 5845 2568 5902 peccatum
2604 5831 2709 5900 ipsa
2742 5841 2851 5887 erat
2898 5832 3102 5890 egeries.
3140 5847 3290 5905 quam
3332 5831 3667 5902 perpetravit.
3699 5832 3864 5902 Quin-
