4152 6482
266 491 370 551 tas
408 461 412 464 ’

269 637 389 683 ιιιιιι
409 625 427 658 ⁸
445 658 463 688 ,
487 617 630 689 quod
658 618 873 676 fratrem
898 617 1090 673 occidit
1117 614 1305 672 eodem
1350 629 1418 669 ex
1459 622 1610 669 utero
1638 624 1866 682 progna-

267 724 406 770 tum.
423 710 666 775 Sextum,
689 709 828 782 quod
855 709 1057 780 primus
1083 705 1245 763 cmdis
1269 705 1539 776 specimen
1561 699 1872 757 introduxit.

269 799 591 876 Septimum,
613 800 756 870 quod
783 807 995 871 rogatus
1023 813 1052 851 a
1079 797 1210 861 Deo,
1237 794 1449 850 mentiri
1479 793 1551 847 illi
1580 805 1742 846 ausus
1766 799 1871 846 est.

274 891 414 950 Dicit
441 891 604 961 igitur
638 907 652 944 :
683 889 783 958 Qui
815 898 865 944 te
893 888 1139 944 occidere
1171 885 1485 952 tentavcrit,
1517 895 1726 953 septem
1757 895 1873 934 ma-

278 984 438 1046 ximis
465 983 635 1052 pmnis
663 984 897 1054 seipsum
930 998 1080 1037 reum
1111 979 1287 1036 faciet.
1321 978 1398 1034 Ne
1427 977 1584 1048 igitur
1623 976 1726 1031 hoc
1757 989 1872 1029 me-

275 1083 422 1130 tuas.
454 1073 590 1128 Ecce
623 1074 764 1128 enim
803 1083 855 1128 et
897 1073 1106 1143 signum
1132 1071 1185 1126 in
1218 1080 1268 1125 te
1299 1083 1439 1140 pono
1463 1109 1478 1135 ,
1512 1069 1582 1122 ita
1609 1076 1667 1122 ut
1695 1065 1874 1120 nullus

271 1165 366 1236 qui
399 1171 451 1219 te
481 1164 743 1220 invenerit
771 1163 998 1234 ignoret.
1027 1162 1158 1217 Nam
1198 1165 1298 1215 ista
1343 1161 1396 1214 in
1443 1167 1554 1214 toto
1599 1157 1722 1213 vita:
1769 1165 1872 1210 tuze

269 1255 501 1311 decursu
549 1270 833 1311 nervorum
883 1253 1142 1308 resolutio
1204 1251 1395 1307 futuris
1441 1248 1873 1321 generationibus

272 1346 422 1402 utilis
449 1346 551 1403 crit
579 1362 591 1399 :
623 1355 678 1401 et
705 1345 756 1399 id
784 1343 925 1416 quod
965 1343 1111 1399 solus
1155 1341 1298 1397 ttuilu
1331 1348 1594 1412 przcscnte
1622 1345 1873 1408 operatus

274 1435 334 1494 es
354 1481 369 1503 ,
413 1439 516 1494 hoc
560 1437 768 1493 discent
798 1422 986 1492 omnes
1012 1437 1102 1507 qui
1134 1445 1186 1491 te
1222 1444 1522 1506 gementem
1551 1442 1604 1488 et
1634 1441 1873 1487 tremen-

275 1539 381 1584 tem
412 1530 699 1596 videbunt,
737 1538 791 1585 ct
829 1528 979 1600 quasi
1025 1544 1118 1598 per
1144 1527 1385 1598 corporis
1430 1535 1715 1581 tremorem
1761 1525 1871 1578 cla-

271 1628 509 1675 mantem
536 1661 552 1686 ,
583 1629 636 1676 et
663 1620 912 1675 omnibus
951 1619 1214 1674 dicentem
1245 1634 1260 1673 :
1292 1617 1480 1673 Nullus
1512 1617 1634 1671 talia
1678 1615 1873 1671 audeat

269 1712 449 1782 qualia
478 1726 598 1782 ego,
629 1719 682 1765 ut
715 1725 780 1765 ne
811 1711 864 1764 in
891 1711 1134 1766 eamdem
1165 1725 1374 1780 ptrnam
1405 1708 1601 1763 incidat
1622 1708 1664 1760 ⁸.

345 1803 400 1859 6.
433 1802 646 1858 Muralis
673 1804 920 1874 epilogus.
951 1832 1022 1842 —
1067 1801 1191 1858 ilmc
1218 1802 1514 1864 audientes,
1539 1799 1871 1868 dilecti,qn:c

270 1894 414 1949 dicta
454 1902 578 1948 sunt
623 1909 726 1948 non
759 1894 1220 1949 inconsideranter
1252 1901 1744 1963 praetercurramus,
1773 1906 1870 1946 nc-

271 2001 380 2057 qne
424 1985 525 2039 hoc
570 1985 742 2040 solum
795 1994 1122 2055 spectemus,
1174 1997 1230 2040 ut
1260 1986 1364 2040 huc
1389 1984 1628 2055 quotidie
1667 1997 1870 2038 conve-

273 2077 476 2132 uirndo
505 2077 767 2147 spirituali
814 2093 999 2134 mensa
1025 2077 1264 2132 fruamur
1295 2095 1308 2132 :
1341 2078 1484 2132 nulla
1515 2077 1657 2132 enim
1701 2076 1870 2131 solius

270 2167 488 2222 auditus
531 2168 730 2223 utilitas
775 2167 981 2236 fuerit,
1034 2169 1136 2226 nisi
1185 2168 1324 2224 adsit
1371 2167 1718 2238 obsequentia
1779 2183 1873 2236 per

272 2272 462 2329 opera.
509 2257 616 2315 Sed
669 2259 965 2327 cogitantes
1005 2259 1145 2313 unde
1197 2259 1251 2314 in
1300 2258 1401 2314 hoc
1439 2257 1763 2329 inexpiabile
1819 2267 1870 2312 ct

272 2364 439 2421 grave
466 2359 743 2420 peccatum
773 2350 904 2406 Cain
935 2351 1172 2422 seipsum
1200 2351 1492 2421 impulerit,
1528 2360 1584 2406 ιιι
1614 2367 1709 2422 per
1734 2351 1870 2406 invi—

273 2443 419 2498 diam
447 2443 500 2499 in
531 2445 804 2515 proprium
831 2446 1070 2509 fratrem,
1103 2446 1192 2517 qui
1220 2446 1350 2500 nihil
1380 2447 1477 2516 ipsi
1518 2445 1640 2500 mali
1673 2445 1869 2500 intule-

277 2545 381 2601 rat,
415 2536 484 2591 ita
528 2537 761 2602 saeviret,
809 2538 916 2592 imo
962 2542 1135 2608 ipsum
1181 2538 1470 2605 occideret,
1504 2553 1570 2593 nc
1611 2536 1872 2608 fugiamus

274 2628 501 2683 adversa
552 2638 605 2684 et
654 2629 793 2683 mala
824 2629 952 2698 pati,
993 2630 1089 2686 sed
1114 2630 1288 2700 potius
1333 2643 1616 2684 caveamus
1642 2643 1708 2684 ne
1752 2627 1872 2684 aliis

277 2720 418 2776 mala
442 2736 536 2791 per
563 2737 661 2775 nos
690 2720 1000 2776 inferantur.
1027 2721 1118 2777 llle
1145 2721 1285 2776 enim
1306 2735 1432 2776 vere
1457 2720 1597 2776 malo
1617 2719 1869 2784 allicitur,

275 2813 368 2881 qul
396 2811 640 2882 proximo
666 2827 764 2866 suo
795 2827 987 2867 nocere
1013 2821 1199 2867 tcutat.
1237 2812 1303 2866 Et
1328 2822 1385 2866 ut
1412 2827 1595 2866 vcrmn
1623 2810 1724 2866 hoc
1751 2825 1872 2865 esse

275 2901 441 2968 scias,
469 2902 586 2957 vide
613 2901 720 2968 hic,
744 2902 991 2967 obsecro,
1015 2903 1133 2971 quis
1157 2911 1241 2957 est
1267 2903 1356 2972 qui
1377 2903 1515 2957 mala
1557 2902 1777 2972 patitur,
1802 2916 1868 2955 an

276 2991 370 3060 qui
413 2991 626 3056 occidit,
654 2991 735 3046 vel
781 2991 868 3060 qui
895 2991 1201 3047 occiditur?
1247 2992 1582 3048 Manifestum
1607 2989 1752 3062 quod
1781 2991 1872 3061 qui

275 3080 497 3136 occidit.
532 3081 744 3137 Etenim
775 3082 987 3137 occisus
1009 3082 1098 3138 ille
1127 3098 1296 3153 usque
1320 3082 1387 3137 ad
1421 3094 1601 3139 nostra
1631 3093 1869 3153 tempora

275 3187 376 3228 ore
421 3173 659 3228 omnium
706 3172 1038 3239 deeantatur,
1073 3175 1392 3244 praedicatur
1412 3184 1466 3230 ct
1496 3184 1788 3230 coronatur
1816 3184 1874 3229 ut

277 3263 520 3319 veritatis
542 3263 745 3334 primus
771 3265 921 3320 testis
963 3282 976 3319 :
1006 3265 1144 3320 sicut
1182 3267 1308 3320 dicit
1334 3275 1387 3320 ct
1414 3266 1599 3320 beatus
1627 3265 1820 3321 Paulus
1849 3283 1863 3321 :

281 3351 520 3408 Mortuus
556 3354 681 3407 Abel
727 3354 895 3409 adhuc
946 3356 1168 3422 loquitur
1193 3354 1378 3427 (Hebr.
1408 3357 1493 3411 ll.
1523 3358 1601 3425 4).
1634 3355 1736 3413 Sed
1781 3357 1870 3428 qui

279 3443 496 3511 occidit,
523 3445 686 3500 etiam
706 3455 830 3500 tunc
852 3446 1012 3500 vitam
1034 3447 1223 3516 agebat
1248 3447 1692 3503 miserabiliorem
1711 3462 1870 3516 quam

281 3537 424 3592 ullus
477 3537 658 3604 homo,
702 3547 756 3592 et
809 3548 992 3608 postea
1034 3540 1101 3594 ab
1141 3539 1387 3595 omnibus
1436 3539 1579 3595 male
1617 3539 1784 3606 audit,
1818 3550 1875 3595 ιιι

280 3629 658 3684 abominabilis
683 3631 810 3694 Deo,
843 3642 893 3687 et
923 3641 980 3686 ut
1005 3632 1318 3687 maledictus
1339 3648 1368 3688 a
1397 3633 1573 3688 divina
1596 3633 1870 3704 Scriptura

283 3719 619 3786 traducitur;
652 3731 706 3776 et
751 3721 853 3778 hoc
879 3723 1092 3793 quidem
1125 3723 1177 3778 in
1220 3725 1468 3793 praesenti
1491 3726 1618 3791 vita,
1647 3741 1764 3795 quce
1795 3726 1872 3780 si-

281 3812 395 3868 tnul
417 3812 698 3869 intercidet
731 3832 743 3868 :
773 3831 892 3885 qua:
935 3826 1113 3872 autem
1144 3818 1193 3871 iu
1223 3816 1402 3871 futuro
1424 3818 1624 3872 saeculo
1666 3819 1873 3889 utrique

280 3918 568 3959 occanere
595 3905 842 3972 debeant,
875 3921 996 3962 cum
1024 3908 1306 3978 unicuique
1325 3924 1420 3977 pro
1441 3923 1540 3963 suo
1565 3924 1728 3978 opere
1747 3908 1872 3964 red-

280 3995 371 4050 det
408 3995 585 4066 justus
609 3995 778 4052 Jndex
809 3997 986 4067 (Rom.
1016 3998 1090 4066 2;
1122 4001 1282 4071 Apoc.
1305 4000 1423 4068 9.0),
1455 4000 1573 4071 quis
1591 4017 1769 4056 scrqu
1789 4000 1872 4056 di-

281 4101 408 4144 cere
458 4098 660 4160 posset,
692 4091 777 4145 vel
805 4106 924 4162 quae
968 4092 1128 4158 bona,
1171 4093 1254 4148 vel
1280 4110 1397 4164 qua:
1449 4095 1586 4148 mala
1613 4094 1637 4148 ?
1665 4091 1870 4156 Nullus,

284 4176 464 4233 nullus
484 4178 658 4249 plane,
687 4194 861 4252 neque
883 4180 1138 4252 jucunda,
1158 4198 1331 4254 neque
1358 4184 1530 4240 tristia
1555 4184 1866 4239 narraverit.

283 4266 574 4325 Enimvero
603 4270 823 4327 Abclem
853 4272 1064 4343 quidem
1091 4271 1148 4328 in
1176 4289 1340 4344 regno
1366 4274 1640 4343 ext-lorum,
1668 4283 1724 4332 ct
1750 4289 1873 4346 per-

283 4359 457 4429 petuis
502 4360 836 4428 habitaculis,
880 4364 1300 4433 patriarcharum
1326 4406 1342 4430 ,
1385 4365 1762 4436 prophetarum
1789 4373 1874 4419 at-

285 4465 392 4518 quo
438 4452 801 4521 apostolorum
850 4453 997 4508 chori
1049 4463 1104 4510 et
1132 4457 1371 4511 omnium
1401 4466 1708 4512 sanctorum
1740 4469 1872 4510 con-

284 4541 524 4612 gregatio
551 4543 841 4614 suscipiant
868 4547 1026 4602 simul
1073 4546 1124 4602 in
1156 4557 1470 4619 perpetuum
1503 4557 1872 4619 regnaturum,

285 4646 408 4686 cum
439 4631 584 4702 Rege
622 4633 837 4691 Christo
860 4636 1010 4704 lcsu,
1043 4639 1316 4709 unigenito
1344 4640 1436 4695 Dei
1471 4639 1606 4696 Filio
1635 4649 1690 4695 et
1715 4639 1825 4694 Deo
1857 4653 1873 4692 :

287 4721 428 4777 hunc
449 4734 645 4788 autem,
675 4724 806 4780 Cain
831 4725 1069 4797 inquam,
1099 4730 1341 4800 gehenna
1370 4731 1506 4802 ignis
1531 4733 1741 4803 aliaque
1770 4733 1876 4789 im-

285 4813 531 4869 mortalia
561 4816 740 4870 omnia
775 4827 1035 4874 tormenta
1087 4821 1374 4891 excipient,
1420 4832 1476 4876 ut
1525 4825 1794 4882 crucietur
1821 4830 1873 4884 in

286 4902 494 4957 inlinita
526 4907 720 4961 smcula
749 4916 805 4963 ct
823 4924 943 4964 cum
969 4909 1060 4965 illo
1087 4927 1276 4967 omnes
1302 4917 1389 4982 qui
1413 4913 1605 4970 similia
1628 4929 1872 4986 egerunt,

285 5001 343 5047 et
371 4995 601 5050 maxime
631 4997 683 5050 in
715 5013 808 5053 eos
828 5001 916 5069 qui
946 5003 1181 5070 posthinc
1219 5005 1539 5075 turpissimis
1577 5010 1875 5068 alfecdoni-

287 5083 391 5139 bus
430 5087 570 5156 capti
617 5097 761 5156 sunt,
793 5101 992 5160 quanto
1040 5094 1208 5164 major
1240 5111 1394 5165 paena
1426 5113 1456 5153 a
1489 5099 1715 5157 Domino
1755 5119 1877 5159 om-

285 5176 434 5231 nium
487 5182 877 5248 pronuntiatur.
920 5186 1057 5240 Audi
1102 5189 1244 5242 enim
1300 5190 1511 5248 beatum
1544 5194 1762 5251 Paulum
1789 5196 1875 5252 di-

285 5277 539 5325 centem:
576 5270 889 5345 Quicumque
928 5278 1060 5332 enim
1099 5281 1208 5335 sine
1245 5282 1352 5354 lege
1393 5299 1739 5356 peccaverunt,
1768 5291 1877 5345 sine

290 5357 399 5430 lege
427 5359 654 5429 peribunt
699 5363 876 5432 (llam.
913 5367 969 5422 2.
1004 5371 1097 5445 12)
1125 5390 1137 5425 :
1164 5374 1266 5430 hoc
1293 5386 1395 5445 est,
1425 5379 1677 5436 leviorem
1706 5381 1878 5439 ferent

290 5563 334 5603 in
355 5514 852 5603 ἔλεξα
873 5532 988 5603 irrit
997 5527 1327 5603 ett-desquam
1344 5536 1651 5597 perpetravit,
1677 5545 1722 5589 et
1734 5540 1876 5603 [urar

283 5576 335 5614 ιη
356 5578 609 5650 gremium
623 5576 856 5650 [rati-em.
872 5576 1224 5647 ουεηιωιὶῖὲιέζ

356 5639 730 5719 ξ.
759 5646 808 5716 in
849 5639 1122 5719 Irieeverb'a
1142 5639 1389 5704 liontiliam
1411 5656 1590 5708 claudit
1616 5673 1628 5708 :
1663 5669 1720 5710 (fl
1745 5675 1803 5714 ne
1829 5663 1881 5716 in

287 5699 746 5781 gignimur):
785 5708 986 5781 incidat.
1079 5699 1884 5781 ne;'igiiié"§}&iii§'quniii.i'iié3

287 5767 715 5845 ﬁmi":fo
737 5769 1062 5845 νηιὶξοτξεονιιρ,
1089 5777 1312 5836 quoniam
1345 5767 1527 5842 ipsum-
1544 5767 1876 5845 de'c'ii'giioifiif,

285 5821 567 5884 iniurium,
591 5826 744 5881 honor
777 5841 822 5884 ct
843 5821 1080 5904 aclaudio,
1102 5821 1310 5890 ἧιὶιῑῑξῑ
1337 5821 1526 5909 ἐέἧῖῥλῖιθ
1544 5821 1677 5894 "Et?

283 5883 448 5934 munis
467 5885 664 5934 deum.
965 5915 970 5920 -

1384 497 1449 554 IN
1487 494 1642 554 CAP.
1687 491 1778 549 ιν.
1819 485 2064 547 CENES.
2108 488 2338 547 ιιοιιιι..
2381 486 2502 546 XX.

3461 481 3566 551 ιη

1979 620 2217 676 mtuam,
2249 621 2316 661 eo
2341 605 2482 677 quod
2512 621 2617 660 non
2649 605 2931 663 habuerint
2976 606 3146 679 legem
3177 621 3297 679 qua:
3341 606 3580 665 minam:-

1981 707 2066 750 tur
2092 707 2144 752 ct
2191 697 2485 767 corrigeret
2514 714 2528 752 :
2560 695 2625 751 Et
2651 697 2953 769 quicumque
2993 697 3045 753 in
3074 697 3183 769 lege
3221 712 3574 768 peccaverunt,

1980 804 2070 856 per
2107 788 2267 859 legem
2289 805 2488 859 quoque
2507 789 2897 860 judicabunlur.
2930 789 2994 845 lli
3025 800 3227 860 autem,
3266 791 3456 863 inquit,
3483 793 3574 865 qui

1978 879 2166 935 eadem
2195 880 2393 936 laciunt
2416 895 2536 950 qua:
2560 880 2654 943 illi,
2672 889 2726 935 et
2754 881 2885 951 legis
2906 882 3290 940 adminiculum
3315 885 3573 954 habuere,

1978 974 2250 1044 graviores
2275 981 2330 1028 et
2359 973 2808 1030 intalerabiliores
2832 974 3169 1031 susdnebunt
3193 977 3481 1033 cruciatus.
3506 979 3574 1036 Et

1981 1066 2174 1121 merito
2203 1082 2219 1121 :
2251 1067 2373 1137 quia
2407 1081 2580 1138 neque
2633 1067 2741 1134 lex,
2775 1083 2950 1139 neque
2979 1067 3120 1139 quod
3149 1068 3283 1124 alios
3314 1078 3390 1126 tot
3420 1072 3576 1128 malis

1977 1157 2219 1228 objectos
2250 1159 2500 1226 viderint,
2529 1159 2881 1215 modestiores
2903 1168 2959 1216 et
2996 1161 3244 1218 meliores
3266 1176 3361 1218 eos
3391 1162 3575 1220 reddi-

1978 1250 2138 1306 derit.
2172 1250 2430 1318 Quocirea
2458 1251 2704 1318 obsecro,
2747 1260 2805 1306 ut
2830 1252 2915 1307 vel
2940 1251 3130 1308 saltem
3162 1269 3302 1309 nunc
3342 1254 3572 1310 aliorum

1979 1343 2408 1412 correptionibus
2455 1344 2704 1412 nosipsos
2743 1344 3129 1412 cmendemus,
3174 1355 3229 1401 ct
3267 1346 3427 1402 vitam
3475 1363 3575 1404 no-

1976 1442 2142 1488 stram
2172 1450 2503 1504 corrigamus
2541 1435 2609 1491 ad
2640 1436 2847 1492 Domini
2879 1437 3270 1507 obedientiam,
3307 1439 3447 1496 illius
3477 1440 3575 1497 ob-

1980 1534 2342 1596 temperantes
2387 1527 2596 1598 legibus
2625 1545 2638 1580 :
2671 1536 2726 1582 ut
2761 1543 2935 1598 neque
2965 1529 3122 1597 livor,
3149 1545 3324 1600 neque
3351 1529 3572 1599 invidia,

1979 1632 2153 1686 neque
2194 1619 2488 1687 corporalis
2515 1633 2688 1685 amor,
2727 1634 2900 1688 neque
2940 1619 3099 1691 hujus
3145 1621 3265 1676 vita:
3304 1621 3474 1692 gloria
3521 1634 3576 1679 ct

1978 1709 2238 1778 potentia,
2271 1725 2443 1780 neque
2471 1710 2674 1765 ventris
2699 1712 2966 1780 voluptas,
2992 1728 3165 1782 neque
3192 1713 3296 1768 alia
3325 1713 3574 1784 qumdam

1976 1800 2208 1856 absurda
2239 1803 2673 1873 concupiscentia
2703 1803 3016 1858 dominetur
3059 1805 3255 1860 anima:
3297 1813 3353 1860 et
3382 1805 3574 1862 rationi

1977 1901 2178 1946 nostrae
2227 1909 2241 1945 :
2274 1891 2369 1947 sed
2398 1893 2675 1963 cxpurgati
2716 1893 2783 1948 ab
2810 1894 2954 1948 omni
2981 1909 3158 1960 emno,
3190 1895 3576 1968 voluptateque

1981 1982 2285 2053 temporali,
2309 1993 2360 2038 ct
2379 1983 2497 2038 vale
2519 1982 2664 2039 dicto
2681 1984 2931 2039 omnibus
2961 1983 3270 2040 foedissimis
3301 1985 3576 2054 absurdis-

1978 2074 2238 2146 simisque
2283 2075 2678 2145 alfectionibns,
2733 2077 2799 2133 ad
2847 2078 3056 2134 beatam
3102 2077 3245 2133 illam
3287 2078 3472 2143 vitam,
3521 2089 3576 2136 et

1979 2166 2266 2222 inell'abilia
2317 2167 2408 2223 illa
2455 2167 2616 2238 bona,
2653 2185 2771 2240 quae
2813 2169 2954 2225 Deus
2979 2183 3039 2224 se
3068 2169 3412 2240 diligentibus
3438 2185 3576 2240 pne-

1979 2259 2207 2329 paravit,
2255 2258 2569 2316 festinemus
2609 2277 2624 2316 :
2675 2277 2793 2332 qua:
2818 2261 3069 2316 omnibus
3093 2261 3252 2318 nobis
3284 2261 3577 2317 concedant.

1981 2359 2084 2417 tur,
2111 2351 2280 2422 gratia
2307 2361 2360 2406 et
2381 2351 2702 2424 benignitate
2735 2353 2942 2408 Domini
2981 2353 3150 2409 nostri
3174 2352 3302 2409 Jesu
3352 2351 3574 2420 Christi,

1977 2456 2099 2495 cum
2126 2457 2232 2512 quo
2278 2441 2441 2510 Patri,
2488 2443 2648 2499 simul
2689 2453 2741 2499 et
2788 2443 3007 2514 Spiritui
3047 2454 3234 2500 sancto
3285 2444 3355 2499 sit
3384 2446 3574 2515 gloria.

1979 2532 2284 2600 imperium,
2319 2535 2506 2600 honor,
2539 2550 2678 2588 nunc
2707 2545 2762 2589 et
2787 2549 3020 2605 semper,
3050 2544 3105 2591 ct
3135 2535 3185 2589 in
3223 2537 3415 2592 sterulu
3452 2550 3561 2593 sa:-

1977 2624 2242 2677 culorutn.
2273 2629 2463 2679 Anien.

2493 2738 2774 2794 IIOMILIA
2826 2739 2919 2794 XX
2955 2739 3051 2812 (ιι).

1982 2847 2230 2922 Egressus
2251 2861 2320 2905 cst
2346 2861 2516 2905 autem
2537 2850 2664 2906 Cain
2694 2870 2724 2905 ιι
2749 2854 2881 2924 [acie
2907 2852 3019 2916 Dei,
3048 2864 3094 2907 rt
3112 2854 3417 2910 Imbitaritiu
3442 2865 3576 2912 terra

2089 2941 2252 3009 Nairl,
2279 2957 2307 2995 e
2327 2942 2529 3013 regione
2559 2939 2718 2997 fidem
2753 2941 2905 3012 (Gen.
2937 2944 2990 2998 4.
3029 2945 3138 3015 l6),
3161 2955 3216 3000 et
3237 2946 3464 3018 reliqua.

2043 3076 2094 3129 1.
2147 3075 2261 3144 Age
2310 3076 2502 3130 iterum
2536 3074 2694 3131 hodie
2733 3076 2786 3130 iu
2826 3075 3016 3132 ma’nus
3058 3089 3333 3136 sumentes
3359 3097 3477 3152 qua:
3524 3084 3578 3138 in

1980 3166 2123 3222 serie
2152 3165 2288 3221 lecta
2315 3177 2461 3232 sunt,
2497 3167 2620 3223 inde
2642 3168 2794 3223 vobis
2819 3169 3118 3225 doctrinam
3141 3186 3494 3242 apponamus,
3521 3185 3576 3232 et

1977 3259 2194 3313 solitum
2233 3274 2302 3315 ex
2350 3259 2500 3316 libris
2529 3260 2670 3316 beati
2703 3260 2864 3316 Mosis
2893 3262 3216 3334 colloquium
3263 3263 3574 3334 habeamus,

1980 3351 2167 3408 intocx
2196 3351 2366 3406 sancti
2392 3350 2623 3422 Spiritus
2652 3351 2881 3423 eloquiis
2907 3369 3025 3424 qua:
3056 3368 3151 3422 per
3173 3355 3445 3426 prophctte
3475 3357 3577 3412 liu-

1977 3460 2134 3516 gnam
2165 3444 2343 3498 divina
2379 3444 2547 3515 gratia
2594 3459 2693 3500 nos
2724 3444 2927 3500 docuit.
2959 3443 3066 3500 Sed
3096 3463 3202 3516 quo
3247 3449 3580 3506 manifestior

1979 3550 2160 3590 sermo
2187 3545 2370 3590 noster
2393 3536 2483 3601 sit,
2516 3551 2693 3606 opene
2729 3537 2956 3606 pretium
2991 3536 3170 3603 fuerit,
3202 3549 3258 3592 ιιι
3291 3539 3342 3594 in
3373 3554 3578 3595 metuo-

1981 3628 2113 3680 riam
2143 3625 2294 3680 vobis
2338 3626 2652 3690 referamus,
2686 3626 2772 3680 ubi
2795 3626 3095 3682 doctrinam
3125 3645 3296 3699 nuper
3325 3630 3576 3687 absolve-

1980 3717 2168 3783 rimus,
2199 3728 2253 3771 ut
2274 3716 2462 3772 eadem
2492 3716 2652 3772 hodie
2680 3717 2928 3786 repetita,
2957 3718 3023 3773 de
3055 3735 3194 3774 llllltC
3221 3721 3371 3775 lectis
3396 3722 3577 3778 dicere

1982 3807 2318 3878 incipiamus.
2351 3807 2512 3864 Scitis
2552 3809 2695 3863 enim
2743 3822 2842 3862 nos
2869 3823 3240 3877 argumentum
3260 3811 3328 3867 de
3366 3812 3497 3868 Cain
3522 3825 3580 3870 ct

1979 3899 2444 3964 Abelnarravissc,
2461 3900 2806 3955 ostendentes
2841 3909 2946 3954 tam
2964 3916 3027 3955 ex
3060 3901 3254 3972 iisqua:
3272 3902 3406 3958 facta
3427 3917 3575 3967 sunt,

1979 4006 2135 4058 quam
2150 4005 2214 4044 ex
2234 3990 2298 4044 iis
2312 3990 2380 4044 de
2391 3989 2583 4060 quibus
2595 3990 2902 4045 obtulerunt
2920 3991 3142 4045 Domino
3155 3993 3437 4060 sacrilicia,
3451 4010 3592 4066 quo.

1981 4081 2142 4136 modo
2165 4081 2526 4136 faciendorum
2545 4091 2600 4136 ct
2625 4096 2730 4136 non
2757 4081 3118 4136 faciendormn
3147 4083 3348 4154 agnitio
3371 4095 3577 4142 natura:

1982 4183 2176 4229 nostra:
2196 4174 2350 4228 insita
2373 4174 2462 4239 sit,
2481 4183 2534 4229 et
2551 4174 2788 4228 omnium
2807 4173 3062 4244 Opilicctn
3079 4190 3178 4231 nos
3195 4177 3344 4233 liberi
3371 4179 3578 4237 arbitrii

1981 4266 2194 4332 fecisse,
2215 4276 2374 4336 atque
2396 4265 2592 4342 ubique
2610 4265 2695 4321 vel
2711 4279 2992 4333 coronare,
3008 4266 3089 4322 vel
3111 4267 3476 4326 condemnare
3493 4286 3581 4327 se.

1980 4357 2216 4412 cundum
2235 4357 2396 4410 animi
2417 4356 2582 4412 nostri
2601 4357 2928 4428 propositum
2951 4358 3047 4426 (ob
3070 4356 3171 4412 hoc
3197 4359 3340 4414 enim
3368 4361 3576 4416 sacrifi-

1979 4451 2120 4505 cium
2139 4448 2270 4505 Caiu
2293 4449 2626 4518 repmliatum
2643 4447 2759 4514 fuit,
2773 4447 2911 4504 dona
2930 4464 3055 4504 vero
3069 4449 3200 4505 Abel
3216 4451 3482 4525 accepta),
3501 4463 3572 4509 at.

1979 4557 2085 4614 que
2104 4541 2225 4596 inde
2239 4541 2490 4596 invidiam
2507 4551 2677 4595 ortam
2691 4539 2912 4594 Caluum
2931 4539 2982 4594 in
3000 4540 3199 4597 cmdcm
3215 4540 3394 4596 fratris
3409 4544 3579 4600 exsti-

1983 4637 2236 4701 tnulassc,
2288 4634 2377 4704 qui
2430 4644 2484 4690 et
2524 4643 2640 4704 post
2690 4633 2910 4703 impium
2948 4633 3173 4700 facinus,
3220 4635 3436 4692 volente
3463 4637 3577 4694 Dco

1984 4729 2156 4798 ipsum
2186 4739 2477 4796 provocare
2503 4726 2568 4779 ad
2595 4724 2990 4780 confessionem
3010 4736 3372 4795 peccatorum,
3401 4744 3578 4800 neque

1982 4819 2060 4874 sic
2090 4816 2394 4875 remedium
2424 4815 2668 4872 sanitatis
2697 4816 2922 4887 accepit,
2963 4816 3060 4872 sed
3090 4817 3320 4872 scelesto
3351 4819 3576 4876 homici-

1981 4913 2072 4967 dio
2117 4910 2456 4967 mendacium
2504 4911 2781 4981 conjunxit
2805 4953 2819 4976 ,
2851 4921 2904 4966 et
2941 4927 3157 4982 gravem
3186 4912 3330 4966 illam
3364 4929 3577 4984 pennam

1983 5003 2082 5057 sibi
2110 5001 2434 5066 conciliavit,
2464 5016 2797 5072 supernaquc
2817 5003 2986 5073 gratia
3009 5018 3067 5058 se
3097 5003 3315 5059 nudavit
3346 5009 3579 5076 posteris

1984 5097 2036 5149 in
2076 5094 2426 5149 correctionis
2457 5093 2760 5163 exemplum
2793 5095 3116 5164 propositus,
3143 5106 3304 5167 atque
3358 5097 3428 5153 ob
3453 5113 3579 5154 seno

1984 5186 2206 5240 tentiam
2232 5186 2284 5240 in
2314 5200 2373 5241 se
2399 5196 2698 5256 acceptam,
2726 5185 2872 5240 omni
2898 5185 3172 5241 hominum
3197 5189 3381 5258 generi
3413 5189 3586 5261 loqui-

1985 5288 2086 5345 tur,
2120 5278 2273 5351 quasi
2301 5278 2540 5334 clamans
2560 5286 2614 5333 et
2632 5279 2816 5335 dicens
2845 5297 2858 5333 :
2889 5277 2966 5334 Ne
2993 5280 3096 5335 tale
3125 5281 3251 5352 quid
3291 5283 3432 5339 ullus
3481 5298 3576 5338 ve-

1982 5383 2152 5428 strum
2185 5386 2436 5442 umquam
2481 5370 2696 5436 audeat,
2730 5386 2798 5426 ne
2828 5371 2880 5426 in
2907 5371 3108 5427 similes
3134 5371 3333 5427 incidat
3370 5388 3576 5442 plenas.

1987 5465 2206 5520 Vidistis
2236 5464 2447 5520 Domini
2479 5463 2883 5534 benignitatem,
2915 5464 3184 5535 quomodo
3213 5479 3308 5520 sua
3338 5467 3392 5521 in
3423 5466 3573 5524 illum

1984 5574 2142 5630 pana
2171 5573 2278 5614 non
2315 5557 2489 5630 ipsum
2516 5559 2689 5613 solum
2719 5558 3002 5628 castigare,
3045 5556 3138 5613 sed
3169 5573 3266 5628 per
3294 5557 3470 5629 ipsum
3499 5573 3577 5614 si-

2045 5717 2118 5778 (a)
2154 5724 2265 5766 Itzec
2280 5716 2482 5766 Homilia
2501 5723 2600 5766 tota
2622 5715 2777 5778 deest,
2809 5715 2857 5764 in
2872 5713 3083 5778 Co_|bert.
3107 5713 3280 5764 Codice
3303 5727 3439 5764 num.
3464 5715 3578 5768 563.

1985 5771 2113 5844 thid.’
2129 5778 2319 5844 aliquot
2340 5785 2449 5828 Mss.
2473 5785 2525 5828 et
2540 5777 2732 5844 Coislin.
2768 5777 2896 5826 hunc
2917 5771 3180 5844 scripturae
3203 5781 3397 5826 textum
3419 5781 3580 5828 Item!—

1985 5842 2062 5890 lize
2089 5837 2444 5904 );x_|ir:rtlgunt
2470 5837 2728 5904 _:Cognovit
2750 5849 2910 5904 autem
2930 5837 3270 5904 Cainugrorcm
3288 5849 3448 5901 sitam,
3465 5851 3578 5903 quae

1986 5894 2218 5967 concepit,
2244 5909 2286 5954 ct
2309 5894 2497 5971 peperit
2521 5894 2663 5965 (suos,
2679 5907 2722 5951 ct
2739 5894 2997 5962 tcdiﬁcarit
3021 5897 3276 5951 civitatem.
