  <div class='ocr_page' id='page_1' title='image "/cluster/home/n/w/nwhite01/storage/ocr_20150623/53/uva.x030486927/169.png"; bbox 0 0 4152 6478; ppageno 0'>
   <div class='ocr_carea' id='block_1_1' title="bbox 665 453 769 515">
    <p class='ocr_par' dir='ltr' id='par_1_1' title="bbox 665 453 769 515">
     <span class='ocr_line' id='line_1_1' title="bbox 665 453 769 515; baseline 0.038 -4"><span class='ocrx_word' id='word_1_1' title='bbox 665 453 769 515; x_wconf 71' lang='grc'><strong>16⁸1</strong></span> 
     </span>
    </p>
   </div>
   <div class='ocr_carea' id='block_1_2' title="bbox 661 557 2231 639">
    <p class='ocr_par' dir='ltr' id='par_1_2' title="bbox 661 557 2231 639">
     <span class='ocr_line' id='line_1_2' title="bbox 661 557 2231 639; baseline -0.008 -15"><span class='ocrx_word' id='word_1_2' title='bbox 661 569 770 624; x_wconf 89' lang='lat' dir='ltr'><strong>mul</strong></span> <span class='ocrx_word' id='word_1_3' title='bbox 798 576 1038 639; x_wconf 85' lang='lat' dir='ltr'><strong>posteros</strong></span> <span class='ocrx_word' id='word_1_4' title='bbox 1067 577 1253 620; x_wconf 86' lang='lat' dir='ltr'><strong>omnes</strong></span> <span class='ocrx_word' id='word_1_5' title='bbox 1293 562 1511 618; x_wconf 82' lang='lat' dir='ltr'><strong>omnino</strong></span> <span class='ocrx_word' id='word_1_6' title='bbox 1542 557 1842 630; x_wconf 80' lang='lat' dir='ltr'><strong>fugiendum</strong></span> <span class='ocrx_word' id='word_1_7' title='bbox 1871 572 1990 615; x_wconf 86' lang='lat' dir='ltr'><strong>esse</strong></span> <span class='ocrx_word' id='word_1_8' title='bbox 2016 565 2121 613; x_wconf 84' lang='lat' dir='ltr'><strong>tam</strong></span> <span class='ocrx_word' id='word_1_9' title='bbox 2153 564 2231 613; x_wconf 89' lang='lat' dir='ltr'><strong>te-</strong></span> 
     </span>
    </p>
   </div>
   <div class='ocr_carea' id='block_1_3' title="bbox 659 650 1628 716">
    <p class='ocr_par' dir='ltr' id='par_1_3' title="bbox 659 650 1628 716">
     <span class='ocr_line' id='line_1_3' title="bbox 659 650 1628 716; baseline -0.011 -1"><span class='ocrx_word' id='word_1_10' title='bbox 659 656 944 716; x_wconf 82' lang='lat' dir='ltr'><strong>merarium</strong></span> <span class='ocrx_word' id='word_1_11' title='bbox 976 655 1181 711; x_wconf 76' lang='lat' dir='ltr'><strong>facinus</strong></span> <span class='ocrx_word' id='word_1_12' title='bbox 1199 654 1395 710; x_wconf 86' lang='lat' dir='ltr'><strong>docere</strong></span> <span class='ocrx_word' id='word_1_13' title='bbox 1421 650 1628 707; x_wconf 72' lang='lat' dir='ltr'><strong>Voluit?</strong></span> 
     </span>
    </p>
   </div>
   <div class='ocr_carea' id='block_1_4' title="bbox 730 740 2234 816">
    <p class='ocr_par' dir='ltr' id='par_1_4' title="bbox 730 740 2234 816">
     <span class='ocr_line' id='line_1_4' title="bbox 730 740 2234 816; baseline -0.009 -10"><span class='ocrx_word' id='word_1_14' title='bbox 730 749 835 806; x_wconf 77' lang='lat' dir='ltr'><strong>Cur</strong></span> <span class='ocrx_word' id='word_1_15' title='bbox 859 747 1046 802; x_wconf 70' lang='lat' dir='ltr'><strong>habitet</strong></span> <span class='ocrx_word' id='word_1_16' title='bbox 1084 745 1211 802; x_wconf 82' lang='lat' dir='ltr'><strong>Cain</strong></span> <span class='ocrx_word' id='word_1_17' title='bbox 1253 761 1282 800; x_wconf 95' lang='lat' dir='ltr'><strong><em>e</em></strong></span> <span class='ocrx_word' id='word_1_18' title='bbox 1303 745 1502 816; x_wconf 83' lang='lat' dir='ltr'><strong>regione</strong></span> <span class='ocrx_word' id='word_1_19' title='bbox 1522 740 1703 796; x_wconf 78' lang='lat' dir='ltr'><strong>Edent.</strong></span> <span class='ocrx_word' id='word_1_20' title='bbox 1734 769 1805 782; x_wconf 90' lang='lat'><strong>—</strong></span> <span class='ocrx_word' id='word_1_21' title='bbox 1834 740 1948 812; x_wconf 81' lang='lat' dir='ltr'><strong>Age</strong></span> <span class='ocrx_word' id='word_1_22' title='bbox 1979 754 2120 796; x_wconf 88' lang='lat' dir='ltr'><strong>nunc</strong></span> <span class='ocrx_word' id='word_1_23' title='bbox 2144 754 2234 794; x_wconf 83' lang='lat' dir='ltr'><strong>se-</strong></span> 
     </span>
    </p>
   </div>
   <div class='ocr_carea' id='block_1_5' title="bbox 658 829 2233 908">
    <p class='ocr_par' dir='ltr' id='par_1_5' title="bbox 658 829 2233 908">
     <span class='ocr_line' id='line_1_5' title="bbox 658 829 2233 908; baseline -0.006 -14"><span class='ocrx_word' id='word_1_24' title='bbox 658 838 873 908; x_wconf 87' lang='lat' dir='ltr'><strong>quentia</strong></span> <span class='ocrx_word' id='word_1_25' title='bbox 915 837 1255 908; x_wconf 74' lang='lat' dir='ltr'><strong>attingamus,</strong></span> <span class='ocrx_word' id='word_1_26' title='bbox 1299 842 1354 890; x_wconf 91' lang='lat' dir='ltr'><strong>et</strong></span> <span class='ocrx_word' id='word_1_27' title='bbox 1399 831 1676 888; x_wconf 78' lang='lat' dir='ltr'><strong>videamus</strong></span> <span class='ocrx_word' id='word_1_28' title='bbox 1712 831 1840 902; x_wconf 88' lang='lat' dir='ltr'><strong>quid</strong></span> <span class='ocrx_word' id='word_1_29' title='bbox 1870 830 2028 887; x_wconf 89' lang='lat' dir='ltr'><strong>bodio</strong></span> <span class='ocrx_word' id='word_1_30' title='bbox 2079 829 2233 885; x_wconf 87' lang='lat' dir='ltr'><strong>nobis</strong></span> 
     </span>
    </p>
   </div>
   <div class='ocr_carea' id='block_1_6' title="bbox 658 920 2231 995">
    <p class='ocr_par' dir='ltr' id='par_1_6' title="bbox 658 920 2231 995">
     <span class='ocr_line' id='line_1_6' title="bbox 658 920 2231 995; baseline -0.004 -14"><span class='ocrx_word' id='word_1_31' title='bbox 658 939 840 984; x_wconf 79' lang='lat' dir='ltr'><strong>narret</strong></span> <span class='ocrx_word' id='word_1_32' title='bbox 880 929 1067 984; x_wconf 87' lang='lat' dir='ltr'><strong>beatus</strong></span> <span class='ocrx_word' id='word_1_33' title='bbox 1094 927 1184 982; x_wconf 87' lang='lat' dir='ltr'><strong>ille</strong></span> <span class='ocrx_word' id='word_1_34' title='bbox 1226 923 1504 995; x_wconf 87' lang='lat' dir='ltr'><strong>pr0pheta,</strong></span> <span class='ocrx_word' id='word_1_35' title='bbox 1549 922 1778 992; x_wconf 88' lang='lat' dir='ltr'><strong>Spiritus</strong></span> <span class='ocrx_word' id='word_1_36' title='bbox 1829 921 2003 976; x_wconf 91' lang='lat' dir='ltr'><strong>sancti</strong></span> <span class='ocrx_word' id='word_1_37' title='bbox 2051 920 2231 975; x_wconf 84' lang='lat' dir='ltr'><strong>smatu</strong></span> 
     </span>
    </p>
   </div>
   <div class='ocr_carea' id='block_1_7' title="bbox 659 1007 2229 1086">
    <p class='ocr_par' dir='ltr' id='par_1_7' title="bbox 659 1007 2229 1086">
     <span class='ocr_line' id='line_1_7' title="bbox 659 1007 2229 1086; baseline -0.008 -10"><span class='ocrx_word' id='word_1_38' title='bbox 659 1019 918 1076; x_wconf 87' lang='lat' dir='ltr'><strong>eruditus.</strong></span> <span class='ocrx_word' id='word_1_39' title='bbox 951 1018 1079 1073; x_wconf 73' lang='lat' dir='ltr'><strong>Nam</strong></span> <span class='ocrx_word' id='word_1_40' title='bbox 1109 1025 1385 1086; x_wconf 73' lang='lat' dir='ltr'><strong>postquam</strong></span> <span class='ocrx_word' id='word_1_41' title='bbox 1416 1029 1448 1069; x_wconf 84' lang='lat' dir='ltr'><strong>a</strong></span> <span class='ocrx_word' id='word_1_42' title='bbox 1484 1013 1710 1068; x_wconf 90' lang='lat' dir='ltr'><strong>Domino</strong></span> <span class='ocrx_word' id='word_1_43' title='bbox 1735 1013 2057 1068; x_wconf 87' lang='lat' dir='ltr'><strong>sententiam</strong></span> <span class='ocrx_word' id='word_1_44' title='bbox 2101 1007 2229 1066; x_wconf 86' lang='lat' dir='ltr'><strong>Cain</strong></span> 
     </span>
    </p>
   </div>
   <div class='ocr_carea' id='block_1_8' title="bbox 659 1100 2230 1180">
    <p class='ocr_par' dir='ltr' id='par_1_8' title="bbox 659 1100 2230 1180">
     <span class='ocr_line' id='line_1_8' title="bbox 659 1100 2230 1180; baseline -0.006 -16"><span class='ocrx_word' id='word_1_45' title='bbox 659 1109 886 1180; x_wconf 80' lang='lat' dir='ltr'><strong>accepit,</strong></span> <span class='ocrx_word' id='word_1_46' title='bbox 920 1108 1006 1164; x_wconf 76' lang='grc'><strong>16.</strong></span> <span class='ocrx_word' id='word_1_47' title='bbox 1037 1105 1283 1178; x_wconf 83' lang='lat' dir='ltr'><strong>Egressus</strong></span> <span class='ocrx_word' id='word_1_48' title='bbox 1327 1113 1421 1169; x_wconf 90' lang='lat' dir='ltr'><strong>est,</strong></span> <span class='ocrx_word' id='word_1_49' title='bbox 1456 1103 1644 1171; x_wconf 88' lang='lat' dir='ltr'><strong>inquit,</strong></span> <span class='ocrx_word' id='word_1_50' title='bbox 1689 1118 1721 1155; x_wconf 80' lang='grc' dir='ltr'><em>α</em></span> <span class='ocrx_word' id='word_1_51' title='bbox 1773 1101 1907 1170; x_wconf 77' lang='lat' dir='ltr'><strong>[acie</strong></span> <span class='ocrx_word' id='word_1_52' title='bbox 1948 1100 2065 1156; x_wconf 92' lang='lat' dir='ltr'><strong>Dei.</strong></span> <span class='ocrx_word' id='word_1_53' title='bbox 2094 1100 2230 1169; x_wconf 81' lang='lat' dir='ltr'><strong>Quid</strong></span> 
     </span>
    </p>
   </div>
   <div class='ocr_carea' id='block_1_9' title="bbox 657 1191 2231 1270">
    <p class='ocr_par' dir='ltr' id='par_1_9' title="bbox 657 1191 2231 1270">
     <span class='ocr_line' id='line_1_9' title="bbox 657 1191 2231 1270; baseline -0.006 -17"><span class='ocrx_word' id='word_1_54' title='bbox 657 1211 762 1266; x_wconf 89' lang='lat' dir='ltr'><strong>est,</strong></span> <span class='ocrx_word' id='word_1_55' title='bbox 794 1198 930 1252; x_wconf 68' lang='lat' dir='ltr'><strong>Baiit</strong></span> <span class='ocrx_word' id='word_1_56' title='bbox 953 1213 985 1251; x_wconf 87' lang='lat' dir='ltr'><strong>a</strong></span> <span class='ocrx_word' id='word_1_57' title='bbox 1020 1198 1152 1270; x_wconf 80' lang='lat' dir='ltr'><strong>[acie</strong></span> <span class='ocrx_word' id='word_1_58' title='bbox 1187 1193 1282 1250; x_wconf 81' lang='lat' dir='ltr'><strong>Dei</strong></span> <span class='ocrx_word' id='word_1_59' title='bbox 1309 1193 1467 1250; x_wconf 69' lang='lat' dir='ltr'><strong>Illuc</strong></span> <span class='ocrx_word' id='word_1_60' title='bbox 1493 1201 1595 1260; x_wconf 86' lang='lat' dir='ltr'><strong>est,</strong></span> <span class='ocrx_word' id='word_1_61' title='bbox 1628 1192 1856 1248; x_wconf 78' lang='lat' dir='ltr'><strong>nudatus</strong></span> <span class='ocrx_word' id='word_1_62' title='bbox 1878 1191 2231 1263; x_wconf 66' lang='lat' dir='ltr'><strong>estpraesidio</strong></span> 
     </span>
    </p>
   </div>
   <div class='ocr_carea' id='block_1_10' title="bbox 611 1279 2232 1358">
    <p class='ocr_par' dir='ltr' id='par_1_10' title="bbox 611 1279 2232 1358">
     <span class='ocr_line' id='line_1_10' title="bbox 611 1279 2232 1358; baseline -0.006 -13"><span class='ocrx_word' id='word_1_63' title='bbox 611 1289 622 1298; x_wconf 76' lang='grc'><strong>“</strong></span> <span class='ocrx_word' id='word_1_64' title='bbox 662 1289 777 1354; x_wconf 88' lang='lat' dir='ltr'><strong>Dei,</strong></span> <span class='ocrx_word' id='word_1_65' title='bbox 823 1298 1042 1358; x_wconf 82' lang='lat' dir='ltr'><strong>propter</strong></span> <span class='ocrx_word' id='word_1_66' title='bbox 1063 1285 1418 1342; x_wconf 89' lang='lat' dir='ltr'><strong>abominabile</strong></span> <span class='ocrx_word' id='word_1_67' title='bbox 1439 1296 1490 1340; x_wconf 90' lang='lat' dir='ltr'><strong>et</strong></span> <span class='ocrx_word' id='word_1_68' title='bbox 1526 1283 1882 1354; x_wconf 75' lang='lat' dir='ltr'><strong>perniciosum</strong></span> <span class='ocrx_word' id='word_1_69' title='bbox 1911 1283 2126 1337; x_wconf 79' lang='lat' dir='ltr'><strong>facinus.</strong></span> <span class='ocrx_word' id='word_1_70' title='bbox 2160 1279 2232 1336; x_wconf 84' lang='lat' dir='ltr'><strong>Et</strong></span> 
     </span>
    </p>
   </div>
   <div class='ocr_carea' id='block_1_11' title="bbox 658 1372 2226 1445">
    <p class='ocr_par' dir='ltr' id='par_1_11' title="bbox 658 1372 2226 1445">
     <span class='ocr_line' id='line_1_11' title="bbox 658 1372 2226 1445; baseline -0.003 -12"><span class='ocrx_word' id='word_1_71' title='bbox 658 1379 895 1434; x_wconf 76' lang='lat' dir='ltr'><strong>habitarit</strong></span> <span class='ocrx_word' id='word_1_72' title='bbox 925 1380 977 1432; x_wconf 87' lang='lat' dir='ltr'><strong>in</strong></span> <span class='ocrx_word' id='word_1_73' title='bbox 1003 1387 1137 1432; x_wconf 89' lang='lat' dir='ltr'><strong>terra</strong></span> <span class='ocrx_word' id='word_1_74' title='bbox 1163 1375 1326 1443; x_wconf 83' lang='lat' dir='ltr'><strong>Naid,</strong></span> <span class='ocrx_word' id='word_1_75' title='bbox 1357 1391 1385 1429; x_wconf 91' lang='lat' dir='ltr'><strong><em>e</em></strong></span> <span class='ocrx_word' id='word_1_76' title='bbox 1412 1375 1614 1445; x_wconf 83' lang='lat' dir='ltr'><strong>regione</strong></span> <span class='ocrx_word' id='word_1_77' title='bbox 1645 1373 1819 1428; x_wconf 79' lang='lat' dir='ltr'><strong>Etletn.</strong></span> <span class='ocrx_word' id='word_1_78' title='bbox 1852 1373 2042 1428; x_wconf 77' lang='lat' dir='ltr'><strong>Narrat</strong></span> <span class='ocrx_word' id='word_1_79' title='bbox 2072 1372 2226 1428; x_wconf 80' lang='lat' dir='ltr'><strong>nobis</strong></span> 
     </span>
    </p>
   </div>
   <div class='ocr_carea' id='block_1_12' title="bbox 655 1463 2229 1537">
    <p class='ocr_par' dir='ltr' id='par_1_12' title="bbox 655 1463 2229 1537">
     <span class='ocr_line' id='line_1_12' title="bbox 655 1463 2229 1537; baseline -0.004 -12"><span class='ocrx_word' id='word_1_80' title='bbox 655 1469 833 1525; x_wconf 90' lang='lat' dir='ltr'><strong>divina</strong></span> <span class='ocrx_word' id='word_1_81' title='bbox 860 1468 1130 1537; x_wconf 80' lang='lat' dir='ltr'><strong>Scriptura</strong></span> <span class='ocrx_word' id='word_1_82' title='bbox 1160 1466 1334 1522; x_wconf 86' lang='lat' dir='ltr'><strong>locum</strong></span> <span class='ocrx_word' id='word_1_83' title='bbox 1355 1465 1406 1519; x_wconf 92' lang='lat' dir='ltr'><strong>in</strong></span> <span class='ocrx_word' id='word_1_84' title='bbox 1427 1481 1532 1536; x_wconf 88' lang='lat' dir='ltr'><strong>quo</strong></span> <span class='ocrx_word' id='word_1_85' title='bbox 1555 1473 1735 1535; x_wconf 83' lang='lat' dir='ltr'><strong>postea</strong></span> <span class='ocrx_word' id='word_1_86' title='bbox 1761 1463 2034 1531; x_wconf 81' lang='lat' dir='ltr'><strong>habitavit,</strong></span> <span class='ocrx_word' id='word_1_87' title='bbox 2061 1474 2115 1518; x_wconf 88' lang='lat' dir='ltr'><strong>et</strong></span> <span class='ocrx_word' id='word_1_88' title='bbox 2134 1465 2229 1518; x_wconf 82' lang='lat' dir='ltr'><strong>do-</strong></span> 
     </span>
    </p>
   </div>
   <div class='ocr_carea' id='block_1_13' title="bbox 654 1554 2226 1632">
    <p class='ocr_par' dir='ltr' id='par_1_13' title="bbox 654 1554 2226 1632">
     <span class='ocr_line' id='line_1_13' title="bbox 654 1554 2226 1632; baseline -0.006 -15"><span class='ocrx_word' id='word_1_89' title='bbox 654 1570 742 1617; x_wconf 91' lang='lat' dir='ltr'><strong>cet</strong></span> <span class='ocrx_word' id='word_1_90' title='bbox 764 1559 1030 1632; x_wconf 87' lang='lat' dir='ltr'><strong>quomodo</strong></span> <span class='ocrx_word' id='word_1_91' title='bbox 1056 1567 1113 1613; x_wconf 90' lang='lat' dir='ltr'><strong>et</strong></span> <span class='ocrx_word' id='word_1_92' title='bbox 1141 1557 1227 1613; x_wconf 88' lang='lat' dir='ltr'><strong>hic</strong></span> <span class='ocrx_word' id='word_1_93' title='bbox 1269 1572 1375 1612; x_wconf 90' lang='lat' dir='ltr'><strong>non</strong></span> <span class='ocrx_word' id='word_1_94' title='bbox 1410 1558 1649 1628; x_wconf 86' lang='lat' dir='ltr'><strong>procula</strong></span> <span class='ocrx_word' id='word_1_95' title='bbox 1694 1554 1938 1627; x_wconf 83' lang='lat' dir='ltr'><strong>paradiso</strong></span> <span class='ocrx_word' id='word_1_96' title='bbox 1987 1564 2226 1610; x_wconf 83' lang='lat' dir='ltr'><strong>versatus</strong></span> 
     </span>
    </p>
   </div>
   <div class='ocr_carea' id='block_1_14' title="bbox 654 1647 2230 1721">
    <p class='ocr_par' dir='ltr' id='par_1_14' title="bbox 654 1647 2230 1721">
     <span class='ocr_line' id='line_1_14' title="bbox 654 1647 2230 1721; baseline -0.004 -15"><span class='ocrx_word' id='word_1_97' title='bbox 654 1652 743 1710; x_wconf 89' lang='lat' dir='ltr'><strong>sit.</strong></span> <span class='ocrx_word' id='word_1_98' title='bbox 766 1661 822 1704; x_wconf 89' lang='lat' dir='ltr'><strong>ut</strong></span> <span class='ocrx_word' id='word_1_99' title='bbox 841 1667 870 1706; x_wconf 92' lang='lat' dir='ltr'><strong>e</strong></span> <span class='ocrx_word' id='word_1_100' title='bbox 892 1651 1107 1721; x_wconf 90' lang='lat' dir='ltr'><strong>regione</strong></span> <span class='ocrx_word' id='word_1_101' title='bbox 1128 1649 1266 1704; x_wconf 88' lang='lat' dir='ltr'><strong>illius</strong></span> <span class='ocrx_word' id='word_1_102' title='bbox 1286 1649 1566 1713; x_wconf 79' lang='lat' dir='ltr'><strong>exsistens,</strong></span> <span class='ocrx_word' id='word_1_103' title='bbox 1587 1647 1839 1702; x_wconf 88' lang='lat' dir='ltr'><strong>continuo</strong></span> <span class='ocrx_word' id='word_1_104' title='bbox 1860 1661 2065 1701; x_wconf 77' lang='lat' dir='ltr'><strong>memor</strong></span> <span class='ocrx_word' id='word_1_105' title='bbox 2086 1654 2230 1700; x_wconf 80' lang='lat' dir='ltr'><strong>esset</strong></span> 
     </span>
    </p>
   </div>
   <div class='ocr_carea' id='block_1_15' title="bbox 653 1738 2224 1810">
    <p class='ocr_par' dir='ltr' id='par_1_15' title="bbox 653 1738 2224 1810">
     <span class='ocr_line' id='line_1_15' title="bbox 653 1738 2224 1810; baseline -0.005 -13"><span class='ocrx_word' id='word_1_106' title='bbox 653 1751 763 1797; x_wconf 76' lang='lat' dir='ltr'><strong>tum</strong></span> <span class='ocrx_word' id='word_1_107' title='bbox 809 1755 994 1796; x_wconf 88' lang='lat' dir='ltr'><strong>eorum</strong></span> <span class='ocrx_word' id='word_1_108' title='bbox 1037 1755 1155 1810; x_wconf 71' lang='lat' dir='ltr'><strong>quae</strong></span> <span class='ocrx_word' id='word_1_109' title='bbox 1181 1739 1315 1809; x_wconf 89' lang='lat' dir='ltr'><strong>patri</strong></span> <span class='ocrx_word' id='word_1_110' title='bbox 1345 1753 1442 1791; x_wconf 86' lang='lat' dir='ltr'><strong>suo</strong></span> <span class='ocrx_word' id='word_1_111' title='bbox 1481 1738 1550 1793; x_wconf 92' lang='lat' dir='ltr'><strong>ob</strong></span> <span class='ocrx_word' id='word_1_112' title='bbox 1580 1739 2068 1808; x_wconf 57' lang='lat' dir='ltr'><strong>prtevaricationem</strong></span> <span class='ocrx_word' id='word_1_113' title='bbox 2098 1752 2224 1792; x_wconf 85' lang='lat' dir='ltr'><strong>con-</strong></span> 
     </span>
    </p>
   </div>
   <div class='ocr_carea' id='block_1_16' title="bbox 654 1828 2224 1903">
    <p class='ocr_par' dir='ltr' id='par_1_16' title="bbox 654 1828 2224 1903">
     <span class='ocr_line' id='line_1_16' title="bbox 654 1828 2224 1903; baseline -0.006 -14"><span class='ocrx_word' id='word_1_114' title='bbox 654 1834 903 1903; x_wconf 76' lang='lat' dir='ltr'><strong>tigerant,</strong></span> <span class='ocrx_word' id='word_1_115' title='bbox 935 1839 1042 1884; x_wconf 89' lang='lat' dir='ltr'><strong>tum</strong></span> <span class='ocrx_word' id='word_1_116' title='bbox 1069 1828 1444 1900; x_wconf 77' lang='lat' dir='ltr'><strong>magnitudinis</strong></span> <span class='ocrx_word' id='word_1_117' title='bbox 1463 1843 1646 1884; x_wconf 89' lang='lat' dir='ltr'><strong>eorum</strong></span> <span class='ocrx_word' id='word_1_118' title='bbox 1670 1843 1786 1899; x_wconf 72' lang='lat' dir='ltr'><strong>qua:</strong></span> <span class='ocrx_word' id='word_1_119' title='bbox 1815 1829 1927 1896; x_wconf 82' lang='lat' dir='ltr'><strong>ipso</strong></span> <span class='ocrx_word' id='word_1_120' title='bbox 1953 1838 2224 1898; x_wconf 84' lang='lat' dir='ltr'><strong>perpetra-</strong></span> 
     </span>
    </p>
   </div>
   <div class='ocr_carea' id='block_1_17' title="bbox 651 1915 2228 1991">
    <p class='ocr_par' dir='ltr' id='par_1_17' title="bbox 651 1915 2228 1991">
     <span class='ocr_line' id='line_1_17' title="bbox 651 1915 2228 1991; baseline -0.001 -17"><span class='ocrx_word' id='word_1_121' title='bbox 651 1931 820 1989; x_wconf 85' lang='lat' dir='ltr'><strong>verat,</strong></span> <span class='ocrx_word' id='word_1_122' title='bbox 871 1929 1089 1991; x_wconf 84' lang='lat' dir='ltr'><strong>propter</strong></span> <span class='ocrx_word' id='word_1_123' title='bbox 1136 1935 1254 1989; x_wconf 83' lang='lat' dir='ltr'><strong>qua:</strong></span> <span class='ocrx_word' id='word_1_124' title='bbox 1285 1927 1428 1973; x_wconf 86' lang='lat' dir='ltr'><strong>tanta</strong></span> <span class='ocrx_word' id='word_1_125' title='bbox 1471 1915 1572 1973; x_wconf 83' lang='lat' dir='ltr'><strong>sibi</strong></span> <span class='ocrx_word' id='word_1_126' title='bbox 1625 1933 1797 1988; x_wconf 87' lang='lat' dir='ltr'><strong>neque</strong></span> <span class='ocrx_word' id='word_1_127' title='bbox 1837 1918 2003 1988; x_wconf 80' lang='lat' dir='ltr'><strong>patris</strong></span> <span class='ocrx_word' id='word_1_128' title='bbox 2049 1931 2228 1974; x_wconf 87' lang='lat' dir='ltr'><strong>corre-</strong></span> 
     </span>
    </p>
   </div>
   <div class='ocr_carea' id='block_1_18' title="bbox 643 2010 2228 2084">
    <p class='ocr_par' dir='ltr' id='par_1_18' title="bbox 643 2010 2228 2084">
     <span class='ocr_line' id='line_1_18' title="bbox 643 2010 2228 2084; baseline -0.003 -16"><span class='ocrx_word' id='word_1_129' title='bbox 643 2014 836 2084; x_wconf 71' lang='lat' dir='ltr'><strong>ptione</strong></span> <span class='ocrx_word' id='word_1_130' title='bbox 884 2010 1186 2077; x_wconf 87' lang='lat' dir='ltr'><strong>emendato,</strong></span> <span class='ocrx_word' id='word_1_131' title='bbox 1233 2025 1388 2081; x_wconf 66' lang='lat' dir='ltr'><strong>poena</strong></span> <span class='ocrx_word' id='word_1_132' title='bbox 1419 2011 1648 2080; x_wconf 80' lang='lat' dir='ltr'><strong>irrogata</strong></span> <span class='ocrx_word' id='word_1_133' title='bbox 1677 2017 1779 2064; x_wconf 88' lang='lat' dir='ltr'><strong>est.</strong></span> <span class='ocrx_word' id='word_1_134' title='bbox 1823 2010 1890 2064; x_wconf 76' lang='lat' dir='ltr'><strong>Et</strong></span> <span class='ocrx_word' id='word_1_135' title='bbox 1909 2024 2038 2065; x_wconf 80' lang='lat' dir='ltr'><strong>vero</strong></span> <span class='ocrx_word' id='word_1_136' title='bbox 2080 2010 2228 2066; x_wconf 85' lang='lat' dir='ltr'><strong>locus</strong></span> 
     </span>
    </p>
   </div>
   <div class='ocr_carea' id='block_1_19' title="bbox 652 2101 2225 2174">
    <p class='ocr_par' dir='ltr' id='par_1_19' title="bbox 652 2101 2225 2174">
     <span class='ocr_line' id='line_1_19' title="bbox 652 2101 2225 2174; baseline -0.001 -15"><span class='ocrx_word' id='word_1_137' title='bbox 652 2106 744 2159; x_wconf 89' lang='lat' dir='ltr'><strong>ille</strong></span> <span class='ocrx_word' id='word_1_138' title='bbox 769 2105 822 2158; x_wconf 91' lang='lat' dir='ltr'><strong>in</strong></span> <span class='ocrx_word' id='word_1_139' title='bbox 866 2119 973 2174; x_wconf 89' lang='lat' dir='ltr'><strong>quo</strong></span> <span class='ocrx_word' id='word_1_140' title='bbox 998 2102 1277 2168; x_wconf 84' lang='lat' dir='ltr'><strong>habitavit,</strong></span> <span class='ocrx_word' id='word_1_141' title='bbox 1311 2111 1562 2171; x_wconf 81' lang='lat' dir='ltr'><strong>perpetua</strong></span> <span class='ocrx_word' id='word_1_142' title='bbox 1588 2101 1842 2157; x_wconf 84' lang='lat' dir='ltr'><strong>memoria</strong></span> <span class='ocrx_word' id='word_1_143' title='bbox 1868 2101 1986 2167; x_wconf 89' lang='lat' dir='ltr'><strong>luit,</strong></span> <span class='ocrx_word' id='word_1_144' title='bbox 2015 2117 2118 2157; x_wconf 88' lang='lat' dir='ltr'><strong>non</strong></span> <span class='ocrx_word' id='word_1_145' title='bbox 2152 2102 2225 2157; x_wconf 88' lang='lat' dir='ltr'><strong>illi</strong></span> 
     </span>
    </p>
   </div>
   <div class='ocr_carea' id='block_1_20' title="bbox 649 2192 2230 2264">
    <p class='ocr_par' dir='ltr' id='par_1_20' title="bbox 649 2192 2230 2264">
     <span class='ocr_line' id='line_1_20' title="bbox 649 2192 2230 2264; baseline -0.001 -13"><span class='ocrx_word' id='word_1_146' title='bbox 649 2196 769 2262; x_wconf 82' lang='lat' dir='ltr'><strong>soli,</strong></span> <span class='ocrx_word' id='word_1_147' title='bbox 790 2195 885 2250; x_wconf 85' lang='lat' dir='ltr'><strong>sed</strong></span> <span class='ocrx_word' id='word_1_148' title='bbox 910 2205 965 2250; x_wconf 87' lang='lat' dir='ltr'><strong>et</strong></span> <span class='ocrx_word' id='word_1_149' title='bbox 990 2195 1198 2250; x_wconf 70' lang='lat' dir='ltr'><strong>sarculis</strong></span> <span class='ocrx_word' id='word_1_150' title='bbox 1224 2192 1623 2264; x_wconf 73' lang='lat' dir='ltr'><strong>posterioribus,</strong></span> <span class='ocrx_word' id='word_1_151' title='bbox 1646 2193 1714 2248; x_wconf 92' lang='lat' dir='ltr'><strong>ob</strong></span> <span class='ocrx_word' id='word_1_152' title='bbox 1740 2201 2020 2249; x_wconf 84' lang='lat' dir='ltr'><strong>tremorem</strong></span> <span class='ocrx_word' id='word_1_153' title='bbox 2048 2205 2100 2250; x_wconf 90' lang='lat' dir='ltr'><strong>et</strong></span> <span class='ocrx_word' id='word_1_154' title='bbox 2123 2209 2230 2249; x_wconf 74' lang='lat' dir='ltr'><strong>mo-</strong></span> 
     </span>
    </p>
   </div>
   <div class='ocr_carea' id='block_1_21' title="bbox 650 2281 2226 2354">
    <p class='ocr_par' dir='ltr' id='par_1_21' title="bbox 650 2281 2226 2354">
     <span class='ocr_line' id='line_1_21' title="bbox 650 2281 2226 2354; baseline 0.001 -16"><span class='ocrx_word' id='word_1_155' title='bbox 650 2285 870 2338; x_wconf 89' lang='lat' dir='ltr'><strong>tionem.</strong></span> <span class='ocrx_word' id='word_1_156' title='bbox 920 2282 1125 2339; x_wconf 79' lang='lat' dir='ltr'><strong>Nomen</strong></span> <span class='ocrx_word' id='word_1_157' title='bbox 1172 2285 1314 2338; x_wconf 83' lang='lat' dir='ltr'><strong>enim</strong></span> <span class='ocrx_word' id='word_1_158' title='bbox 1358 2281 1491 2354; x_wconf 71' lang='lat' dir='ltr'><strong>Naid</strong></span> <span class='ocrx_word' id='word_1_159' title='bbox 1531 2284 1784 2338; x_wconf 83' lang='lat' dir='ltr'><strong>llebraica</strong></span> <span class='ocrx_word' id='word_1_160' title='bbox 1816 2283 1979 2338; x_wconf 85' lang='lat' dir='ltr'><strong>dictio</strong></span> <span class='ocrx_word' id='word_1_161' title='bbox 2023 2294 2128 2351; x_wconf 88' lang='lat' dir='ltr'><strong>est,</strong></span> <span class='ocrx_word' id='word_1_162' title='bbox 2171 2293 2226 2339; x_wconf 78' lang='lat' dir='ltr'><strong>rt</strong></span> 
     </span>
    </p>
   </div>
   <div class='ocr_carea' id='block_1_22' title="bbox 647 2372 2225 2444">
    <p class='ocr_par' dir='ltr' id='par_1_22' title="bbox 647 2372 2225 2444">
     <span class='ocr_line' id='line_1_22' title="bbox 647 2372 2225 2444; baseline 0.001 -16"><span class='ocrx_word' id='word_1_163' title='bbox 647 2377 868 2430; x_wconf 84' lang='lat' dir='ltr'><strong>vertitur</strong></span> <span class='ocrx_word' id='word_1_164' title='bbox 894 2373 1200 2430; x_wconf 89' lang='lat' dir='ltr'><strong>commotio.</strong></span> <span class='ocrx_word' id='word_1_165' title='bbox 1233 2372 1414 2442; x_wconf 88' lang='lat' dir='ltr'><strong>Itaque</strong></span> <span class='ocrx_word' id='word_1_166' title='bbox 1455 2382 1512 2427; x_wconf 91' lang='lat' dir='ltr'><strong>ut</strong></span> <span class='ocrx_word' id='word_1_167' title='bbox 1555 2373 1757 2428; x_wconf 89' lang='lat' dir='ltr'><strong>crimen</strong></span> <span class='ocrx_word' id='word_1_168' title='bbox 1795 2374 1935 2428; x_wconf 84' lang='lat' dir='ltr'><strong>illius</strong></span> <span class='ocrx_word' id='word_1_169' title='bbox 1968 2383 2225 2444; x_wconf 87' lang='lat' dir='ltr'><strong>perpetuo</strong></span> 
     </span>
    </p>
   </div>
   <div class='ocr_carea' id='block_1_23' title="bbox 649 2465 2221 2536">
    <p class='ocr_par' dir='ltr' id='par_1_23' title="bbox 649 2465 2221 2536">
     <span class='ocr_line' id='line_1_23' title="bbox 649 2465 2221 2536; baseline -0.001 -14"><span class='ocrx_word' id='word_1_170' title='bbox 649 2480 831 2522; x_wconf 84' lang='lat' dir='ltr'><strong>notum</strong></span> <span class='ocrx_word' id='word_1_171' title='bbox 883 2475 1027 2522; x_wconf 88' lang='lat' dir='ltr'><strong>esset</strong></span> <span class='ocrx_word' id='word_1_172' title='bbox 1075 2466 1233 2521; x_wconf 88' lang='lat' dir='ltr'><strong>etiam</strong></span> <span class='ocrx_word' id='word_1_173' title='bbox 1275 2482 1306 2520; x_wconf 86' lang='lat' dir='ltr'><strong>a</strong></span> <span class='ocrx_word' id='word_1_174' title='bbox 1349 2467 1487 2532; x_wconf 89' lang='lat' dir='ltr'><strong>loco,</strong></span> <span class='ocrx_word' id='word_1_175' title='bbox 1525 2468 1674 2536; x_wconf 87' lang='lat' dir='ltr'><strong>quasi</strong></span> <span class='ocrx_word' id='word_1_176' title='bbox 1705 2465 1759 2519; x_wconf 92' lang='lat' dir='ltr'><strong>in</strong></span> <span class='ocrx_word' id='word_1_177' title='bbox 1792 2467 2038 2520; x_wconf 89' lang='lat' dir='ltr'><strong>colunma</strong></span> <span class='ocrx_word' id='word_1_178' title='bbox 2085 2482 2221 2522; x_wconf 69' lang='lat' dir='ltr'><strong>aerea</strong></span> 
     </span>
    </p>
   </div>
   <div class='ocr_carea' id='block_1_24' title="bbox 573 2555 2225 2628">
    <p class='ocr_par' dir='ltr' id='par_1_24' title="bbox 573 2555 2225 2628">
     <span class='ocr_line' id='line_1_24' title="bbox 573 2555 2225 2628; baseline -0.002 -14"><span class='ocrx_word' id='word_1_179' title='bbox 573 2624 576 2628; x_wconf 24' lang='grc' dir='ltr'><em>ι</em></span> <span class='ocrx_word' id='word_1_180' title='bbox 647 2558 927 2627; x_wconf 75' lang='lat' dir='ltr'><strong>scriptum,</strong></span> <span class='ocrx_word' id='word_1_181' title='bbox 959 2556 1067 2612; x_wconf 91' lang='lat' dir='ltr'><strong>illic</strong></span> <span class='ocrx_word' id='word_1_182' title='bbox 1087 2571 1206 2612; x_wconf 89' lang='lat' dir='ltr'><strong>cum</strong></span> <span class='ocrx_word' id='word_1_183' title='bbox 1228 2556 1526 2612; x_wconf 77' lang='lat' dir='ltr'><strong>collocavit.</strong></span> <span class='ocrx_word' id='word_1_184' title='bbox 1557 2555 1758 2611; x_wconf 84' lang='lat' dir='ltr'><strong>Deinde</strong></span> <span class='ocrx_word' id='word_1_185' title='bbox 1789 2557 1958 2627; x_wconf 84' lang='lat' dir='ltr'><strong>inquit</strong></span> <span class='ocrx_word' id='word_1_186' title='bbox 1991 2573 2004 2608; x_wconf 89' lang='lat'>:</span> <span class='ocrx_word' id='word_1_187' title='bbox 2040 2558 2126 2610; x_wconf 65' lang='lat' dir='ltr'><strong>ti.</strong></span> <span class='ocrx_word' id='word_1_188' title='bbox 2159 2556 2225 2610; x_wconf 75' lang='lat' dir='ltr'><strong>Et</strong></span> 
     </span>
    </p>
   </div>
   <div class='ocr_carea' id='block_1_25' title="bbox 655 2646 2222 2721">
    <p class='ocr_par' dir='ltr' id='par_1_25' title="bbox 655 2646 2222 2721">
     <span class='ocr_line' id='line_1_25' title="bbox 655 2646 2222 2721; baseline 0.001 -19"><span class='ocrx_word' id='word_1_189' title='bbox 655 2651 886 2719; x_wconf 83' lang='lat' dir='ltr'><strong>cognovit</strong></span> <span class='ocrx_word' id='word_1_190' title='bbox 911 2646 1036 2702; x_wconf 88' lang='lat' dir='ltr'><strong>Cain</strong></span> <span class='ocrx_word' id='word_1_191' title='bbox 1062 2663 1270 2702; x_wconf 70' lang='lat' dir='ltr'><strong>uxorem</strong></span> <span class='ocrx_word' id='word_1_192' title='bbox 1295 2664 1440 2702; x_wconf 79' lang='lat' dir='ltr'><strong>suam</strong></span> <span class='ocrx_word' id='word_1_193' title='bbox 1467 2664 1485 2701; x_wconf 90' lang='lat'><strong><em>:</em></strong></span> <span class='ocrx_word' id='word_1_194' title='bbox 1519 2657 1562 2702; x_wconf 92' lang='lat' dir='ltr'><strong>et</strong></span> <span class='ocrx_word' id='word_1_195' title='bbox 1583 2664 1696 2702; x_wconf 82' lang='lat' dir='ltr'><strong>cum</strong></span> <span class='ocrx_word' id='word_1_196' title='bbox 1721 2649 2047 2720; x_wconf 84' lang='lat' dir='ltr'><strong>concepisset,</strong></span> <span class='ocrx_word' id='word_1_197' title='bbox 2073 2667 2222 2721; x_wconf 78' lang='lat' dir='ltr'><strong>pepe-</strong></span> 
     </span>
    </p>
   </div>
   <div class='ocr_carea' id='block_1_26' title="bbox 646 2737 2222 2808">
    <p class='ocr_par' dir='ltr' id='par_1_26' title="bbox 646 2737 2222 2808">
     <span class='ocr_line' id='line_1_26' title="bbox 646 2737 2222 2808; baseline 0.001 -15"><span class='ocrx_word' id='word_1_198' title='bbox 646 2740 713 2794; x_wconf 90' lang='lat' dir='ltr'><strong>rit</strong></span> <span class='ocrx_word' id='word_1_199' title='bbox 745 2737 940 2794; x_wconf 80' lang='lat' dir='ltr'><strong>Enoclt.</strong></span> <span class='ocrx_word' id='word_1_200' title='bbox 963 2739 1212 2795; x_wconf 69' lang='lat' dir='ltr'><strong>Mortales</strong></span> <span class='ocrx_word' id='word_1_201' title='bbox 1236 2738 1486 2808; x_wconf 81' lang='lat' dir='ltr'><strong>deinceps</strong></span> <span class='ocrx_word' id='word_1_202' title='bbox 1510 2737 1634 2793; x_wconf 79' lang='lat' dir='ltr'><strong>facti</strong></span> <span class='ocrx_word' id='word_1_203' title='bbox 1661 2738 1920 2807; x_wconf 69' lang='lat' dir='ltr'><strong>homines,</strong></span> <span class='ocrx_word' id='word_1_204' title='bbox 1945 2742 2135 2794; x_wconf 90' lang='lat' dir='ltr'><strong>merito</strong></span> <span class='ocrx_word' id='word_1_205' title='bbox 2153 2741 2222 2796; x_wconf 91' lang='lat' dir='ltr'><strong>de</strong></span> 
     </span>
    </p>
   </div>
   <div class='ocr_carea' id='block_1_27' title="bbox 647 2830 2222 2888">
    <p class='ocr_par' dir='ltr' id='par_1_27' title="bbox 647 2830 2222 2888">
     <span class='ocr_line' id='line_1_27' title="bbox 647 2830 2222 2888; baseline 0 -2"><span class='ocrx_word' id='word_1_206' title='bbox 647 2833 874 2886; x_wconf 81' lang='lat' dir='ltr'><strong>Illiortltn</strong></span> <span class='ocrx_word' id='word_1_207' title='bbox 901 2830 1244 2888; x_wconf 81' lang='lat' dir='ltr'><strong>successione</strong></span> <span class='ocrx_word' id='word_1_208' title='bbox 1267 2844 1446 2885; x_wconf 88' lang='lat' dir='ltr'><strong>curam</strong></span> <span class='ocrx_word' id='word_1_209' title='bbox 1471 2830 1752 2885; x_wconf 76' lang='lat' dir='ltr'><strong>habebant.</strong></span> <span class='ocrx_word' id='word_1_210' title='bbox 1779 2831 1884 2886; x_wconf 66' lang='grc' dir='ltr'><strong>δαὶ</strong></span> <span class='ocrx_word' id='word_1_211' title='bbox 1916 2830 2051 2887; x_wconf 80' lang='lat' dir='ltr'><strong>forte</strong></span> <span class='ocrx_word' id='word_1_212' title='bbox 2072 2832 2222 2886; x_wconf 80' lang='lat' dir='ltr'><strong>dise-</strong></span> 
     </span>
    </p>
   </div>
   <div class='ocr_carea' id='block_1_28' title="bbox 645 2919 2221 2991">
    <p class='ocr_par' dir='ltr' id='par_1_28' title="bbox 645 2919 2221 2991">
     <span class='ocr_line' id='line_1_28' title="bbox 645 2919 2221 2991; baseline -0.001 -14"><span class='ocrx_word' id='word_1_213' title='bbox 645 2924 714 2977; x_wconf 87' lang='lat' dir='ltr'><strong>rit</strong></span> <span class='ocrx_word' id='word_1_214' title='bbox 736 2922 924 2991; x_wconf 80' lang='lat' dir='ltr'><strong>aliquis</strong></span> <span class='ocrx_word' id='word_1_215' title='bbox 955 2937 969 2975; x_wconf 87' lang='lat'><strong>:</strong></span> <span class='ocrx_word' id='word_1_216' title='bbox 1015 2919 1314 2986; x_wconf 87' lang='lat' dir='ltr'><strong>Quomodo,</strong></span> <span class='ocrx_word' id='word_1_217' title='bbox 1337 2935 1458 2974; x_wconf 84' lang='lat' dir='ltr'><strong>cunt</strong></span> <span class='ocrx_word' id='word_1_218' title='bbox 1487 2920 1756 2988; x_wconf 78' lang='lat' dir='ltr'><strong>Scriptura</strong></span> <span class='ocrx_word' id='word_1_219' title='bbox 1798 2937 2056 2988; x_wconf 76' lang='lat' dir='ltr'><strong>nusquam</strong></span> <span class='ocrx_word' id='word_1_220' title='bbox 2085 2922 2221 2976; x_wconf 75' lang='lat' dir='ltr'><strong>alte-</strong></span> 
     </span>
    </p>
   </div>
   <div class='ocr_carea' id='block_1_29' title="bbox 644 3009 2222 3080">
    <p class='ocr_par' dir='ltr' id='par_1_29' title="bbox 644 3009 2222 3080">
     <span class='ocr_line' id='line_1_29' title="bbox 644 3009 2222 3080; baseline 0.002 -16"><span class='ocrx_word' id='word_1_221' title='bbox 644 3012 757 3066; x_wconf 89' lang='lat' dir='ltr'><strong>rius</strong></span> <span class='ocrx_word' id='word_1_222' title='bbox 806 3011 1043 3066; x_wconf 81' lang='lat' dir='ltr'><strong>mulieris</strong></span> <span class='ocrx_word' id='word_1_223' title='bbox 1081 3011 1405 3074; x_wconf 86' lang='lat' dir='ltr'><strong>meminerit,</strong></span> <span class='ocrx_word' id='word_1_224' title='bbox 1449 3010 1578 3065; x_wconf 89' lang='lat' dir='ltr'><strong>dicit</strong></span> <span class='ocrx_word' id='word_1_225' title='bbox 1629 3009 1769 3080; x_wconf 89' lang='lat' dir='ltr'><strong>quod</strong></span> <span class='ocrx_word' id='word_1_226' title='bbox 1808 3010 1938 3065; x_wconf 89' lang='lat' dir='ltr'><strong>Cain</strong></span> <span class='ocrx_word' id='word_1_227' title='bbox 1980 3012 2222 3067; x_wconf 84' lang='lat' dir='ltr'><strong>habuerit</strong></span> 
     </span>
    </p>
   </div>
   <div class='ocr_carea' id='block_1_30' title="bbox 646 3100 2222 3172">
    <p class='ocr_par' dir='ltr' id='par_1_30' title="bbox 646 3100 2222 3172">
     <span class='ocr_line' id='line_1_30' title="bbox 646 3100 2222 3172; baseline 0.003 -17"><span class='ocrx_word' id='word_1_228' title='bbox 646 3101 917 3156; x_wconf 76' lang='lat' dir='ltr'><strong>uxorem?</strong></span> <span class='ocrx_word' id='word_1_229' title='bbox 958 3100 1036 3156; x_wconf 81' lang='lat' dir='ltr'><strong>Ne</strong></span> <span class='ocrx_word' id='word_1_230' title='bbox 1066 3100 1291 3166; x_wconf 86' lang='lat' dir='ltr'><strong>mireris,</strong></span> <span class='ocrx_word' id='word_1_231' title='bbox 1314 3101 1527 3156; x_wconf 89' lang='lat' dir='ltr'><strong>dilecte.</strong></span> <span class='ocrx_word' id='word_1_232' title='bbox 1556 3100 1822 3172; x_wconf 81' lang='lat' dir='ltr'><strong>Nusquam</strong></span> <span class='ocrx_word' id='word_1_233' title='bbox 1853 3102 1994 3158; x_wconf 88' lang='lat' dir='ltr'><strong>enim</strong></span> <span class='ocrx_word' id='word_1_234' title='bbox 2025 3105 2222 3159; x_wconf 84' lang='lat' dir='ltr'><strong>catalo-</strong></span> 
     </span>
    </p>
   </div>
   <div class='ocr_carea' id='block_1_31' title="bbox 643 3191 2219 3263">
    <p class='ocr_par' dir='ltr' id='par_1_31' title="bbox 643 3191 2219 3263">
     <span class='ocr_line' id='line_1_31' title="bbox 643 3191 2219 3263; baseline 0.006 -21"><span class='ocrx_word' id='word_1_235' title='bbox 643 3207 768 3262; x_wconf 85' lang='lat' dir='ltr'><strong>gum</strong></span> <span class='ocrx_word' id='word_1_236' title='bbox 799 3192 1079 3246; x_wconf 83' lang='lat' dir='ltr'><strong>mulierum</strong></span> <span class='ocrx_word' id='word_1_237' title='bbox 1115 3191 1394 3261; x_wconf 72' lang='lat' dir='ltr'><strong>diligenter</strong></span> <span class='ocrx_word' id='word_1_238' title='bbox 1425 3193 1583 3258; x_wconf 79' lang='lat' dir='ltr'><strong>facit;</strong></span> <span class='ocrx_word' id='word_1_239' title='bbox 1613 3192 1706 3248; x_wconf 88' lang='lat' dir='ltr'><strong>sed</strong></span> <span class='ocrx_word' id='word_1_240' title='bbox 1734 3193 2004 3263; x_wconf 84' lang='lat' dir='ltr'><strong>Scriptura</strong></span> <span class='ocrx_word' id='word_1_241' title='bbox 2042 3195 2219 3251; x_wconf 87' lang='lat' dir='ltr'><strong>divina</strong></span> 
     </span>
    </p>
   </div>
   <div class='ocr_carea' id='block_1_32' title="bbox 643 3281 2221 3355">
    <p class='ocr_par' dir='ltr' id='par_1_32' title="bbox 643 3281 2221 3355">
     <span class='ocr_line' id='line_1_32' title="bbox 643 3281 2221 3355; baseline 0.003 -17"><span class='ocrx_word' id='word_1_242' title='bbox 643 3296 840 3338; x_wconf 82' lang='lat' dir='ltr'><strong>cavens</strong></span> <span class='ocrx_word' id='word_1_243' title='bbox 882 3297 949 3336; x_wconf 90' lang='lat' dir='ltr'><strong>ne</strong></span> <span class='ocrx_word' id='word_1_244' title='bbox 989 3281 1116 3352; x_wconf 86' lang='lat' dir='ltr'><strong>quid</strong></span> <span class='ocrx_word' id='word_1_245' title='bbox 1159 3282 1487 3351; x_wconf 80' lang='lat' dir='ltr'><strong>superﬂuum</strong></span> <span class='ocrx_word' id='word_1_246' title='bbox 1530 3282 1781 3352; x_wconf 78' lang='lat' dir='ltr'><strong>proferat.</strong></span> <span class='ocrx_word' id='word_1_247' title='bbox 1813 3286 2048 3355; x_wconf 81' lang='lat' dir='ltr'><strong>singulos</strong></span> <span class='ocrx_word' id='word_1_248' title='bbox 2081 3288 2221 3342; x_wconf 88' lang='lat' dir='ltr'><strong>viros</strong></span> 
     </span>
    </p>
   </div>
   <div class='ocr_carea' id='block_1_33' title="bbox 645 3375 2221 3441">
    <p class='ocr_par' dir='ltr' id='par_1_33' title="bbox 645 3375 2221 3441">
     <span class='ocr_line' id='line_1_33' title="bbox 645 3375 2221 3441; baseline 0.009 -21"><span class='ocrx_word' id='word_1_249' title='bbox 645 3379 1047 3437; x_wconf 70' lang='lat' dir='ltr'><strong>commemorat,</strong></span> <span class='ocrx_word' id='word_1_250' title='bbox 1093 3386 1200 3426; x_wconf 87' lang='lat' dir='ltr'><strong>non</strong></span> <span class='ocrx_word' id='word_1_251' title='bbox 1249 3388 1435 3429; x_wconf 85' lang='lat' dir='ltr'><strong>omnes</strong></span> <span class='ocrx_word' id='word_1_252' title='bbox 1461 3382 1658 3441; x_wconf 72' lang='lat' dir='ltr'><strong>tamen,</strong></span> <span class='ocrx_word' id='word_1_253' title='bbox 1689 3375 1781 3428; x_wconf 82' lang='lat' dir='ltr'><strong>scd</strong></span> <span class='ocrx_word' id='word_1_254' title='bbox 1828 3375 2040 3431; x_wconf 75' lang='lat' dir='ltr'><strong>brevius</strong></span> <span class='ocrx_word' id='word_1_255' title='bbox 2067 3378 2221 3434; x_wconf 85' lang='lat' dir='ltr'><strong>nobis</strong></span> 
     </span>
    </p>
   </div>
   <div class='ocr_carea' id='block_1_34' title="bbox 646 3463 2222 3534">
    <p class='ocr_par' dir='ltr' id='par_1_34' title="bbox 646 3463 2222 3534">
     <span class='ocr_line' id='line_1_34' title="bbox 646 3463 2222 3534; baseline 0.004 -16"><span class='ocrx_word' id='word_1_256' title='bbox 646 3473 826 3518; x_wconf 82' lang='lat' dir='ltr'><strong>narrat</strong></span> <span class='ocrx_word' id='word_1_257' title='bbox 863 3463 1066 3525; x_wconf 85' lang='lat' dir='ltr'><strong>dicens.</strong></span> <span class='ocrx_word' id='word_1_258' title='bbox 1111 3463 1250 3534; x_wconf 90' lang='lat' dir='ltr'><strong>quod</strong></span> <span class='ocrx_word' id='word_1_259' title='bbox 1292 3465 1662 3534; x_wconf 75' lang='lat' dir='ltr'><strong>generaverint</strong></span> <span class='ocrx_word' id='word_1_260' title='bbox 1709 3464 1851 3520; x_wconf 79' lang='lat' dir='ltr'><strong>illius</strong></span> <span class='ocrx_word' id='word_1_261' title='bbox 1888 3478 1942 3522; x_wconf 90' lang='lat' dir='ltr'><strong>et</strong></span> <span class='ocrx_word' id='word_1_262' title='bbox 1969 3467 2120 3534; x_wconf 80' lang='lat' dir='ltr'><strong>ﬁlias,</strong></span> <span class='ocrx_word' id='word_1_263' title='bbox 2167 3480 2222 3526; x_wconf 88' lang='lat' dir='ltr'><strong>et</strong></span> 
     </span>
    </p>
   </div>
   <div class='ocr_carea' id='block_1_35' title="bbox 646 3555 2221 3634">
    <p class='ocr_par' dir='ltr' id='par_1_35' title="bbox 646 3555 2221 3634">
     <span class='ocr_line' id='line_1_35' title="bbox 646 3555 2221 3634; baseline 0.007 -24"><span class='ocrx_word' id='word_1_264' title='bbox 646 3556 836 3611; x_wconf 86' lang='lat' dir='ltr'><strong>mortui</strong></span> <span class='ocrx_word' id='word_1_265' title='bbox 853 3555 978 3611; x_wconf 73' lang='lat' dir='ltr'><strong>sint.</strong></span> <span class='ocrx_word' id='word_1_266' title='bbox 1005 3557 1299 3612; x_wconf 77' lang='lat' dir='ltr'><strong>Verisimile</strong></span> <span class='ocrx_word' id='word_1_267' title='bbox 1316 3558 1474 3630; x_wconf 79' lang='lat' dir='ltr'><strong>igiLur</strong></span> <span class='ocrx_word' id='word_1_268' title='bbox 1489 3569 1570 3615; x_wconf 55' lang='lat' dir='ltr'><strong>est</strong></span> <span class='ocrx_word' id='word_1_269' title='bbox 1594 3561 1754 3615; x_wconf 82' lang='lat' dir='ltr'><strong>Evam</strong></span> <span class='ocrx_word' id='word_1_270' title='bbox 1772 3563 1928 3616; x_wconf 83' lang='lat' dir='ltr'><strong>tiliam</strong></span> <span class='ocrx_word' id='word_1_271' title='bbox 1952 3566 2221 3634; x_wconf 80' lang='lat' dir='ltr'><strong>peperisse</strong></span> 
     </span>
    </p>
   </div>
   <div class='ocr_carea' id='block_1_36' title="bbox 647 3647 2216 3723">
    <p class='ocr_par' dir='ltr' id='par_1_36' title="bbox 647 3647 2216 3723">
     <span class='ocr_line' id='line_1_36' title="bbox 647 3647 2216 3723; baseline 0.009 -27"><span class='ocrx_word' id='word_1_272' title='bbox 647 3656 766 3715; x_wconf 88' lang='lat' dir='ltr'><strong>post</strong></span> <span class='ocrx_word' id='word_1_273' title='bbox 804 3647 932 3701; x_wconf 77' lang='lat' dir='ltr'><strong>Cain</strong></span> <span class='ocrx_word' id='word_1_274' title='bbox 958 3648 1188 3714; x_wconf 83' lang='lat' dir='ltr'><strong>etAbel,</strong></span> <span class='ocrx_word' id='word_1_275' title='bbox 1229 3664 1387 3717; x_wconf 88' lang='lat' dir='ltr'><strong>quam</strong></span> <span class='ocrx_word' id='word_1_276' title='bbox 1434 3650 1484 3703; x_wconf 89' lang='lat' dir='ltr'><strong>in</strong></span> <span class='ocrx_word' id='word_1_277' title='bbox 1523 3665 1742 3705; x_wconf 76' lang='lat' dir='ltr'><strong>uxorem</strong></span> <span class='ocrx_word' id='word_1_278' title='bbox 1772 3656 2038 3723; x_wconf 78' lang='lat' dir='ltr'><strong>acceperit</strong></span> <span class='ocrx_word' id='word_1_279' title='bbox 2065 3655 2216 3710; x_wconf 75' lang='lat' dir='ltr'><strong>Cain.</strong></span> 
     </span>
    </p>
   </div>
   <div class='ocr_carea' id='block_1_37' title="bbox 645 3736 2216 3813">
    <p class='ocr_par' dir='ltr' id='par_1_37' title="bbox 645 3736 2216 3813">
     <span class='ocr_line' id='line_1_37' title="bbox 645 3736 2216 3813; baseline 0.006 -23"><span class='ocrx_word' id='word_1_280' title='bbox 645 3736 774 3790; x_wconf 84' lang='lat' dir='ltr'><strong>Nam</strong></span> <span class='ocrx_word' id='word_1_281' title='bbox 813 3738 933 3807; x_wconf 82' lang='lat' dir='ltr'><strong>quia</strong></span> <span class='ocrx_word' id='word_1_282' title='bbox 963 3737 1109 3791; x_wconf 87' lang='lat' dir='ltr'><strong>initia</strong></span> <span class='ocrx_word' id='word_1_283' title='bbox 1145 3747 1317 3805; x_wconf 89' lang='lat' dir='ltr'><strong>erant,</strong></span> <span class='ocrx_word' id='word_1_284' title='bbox 1350 3739 1680 3812; x_wconf 85' lang='lat' dir='ltr'><strong>debebatque</strong></span> <span class='ocrx_word' id='word_1_285' title='bbox 1715 3743 1898 3813; x_wconf 89' lang='lat' dir='ltr'><strong>augeri</strong></span> <span class='ocrx_word' id='word_1_286' title='bbox 1931 3745 2216 3800; x_wconf 89' lang='lat' dir='ltr'><strong>humanum</strong></span> 
     </span>
    </p>
   </div>
   <div class='ocr_carea' id='block_1_38' title="bbox 642 3829 2218 3896">
    <p class='ocr_par' dir='ltr' id='par_1_38' title="bbox 642 3829 2218 3896">
     <span class='ocr_line' id='line_1_38' title="bbox 642 3829 2218 3896; baseline 0.008 -16"><span class='ocrx_word' id='word_1_287' title='bbox 642 3843 830 3896; x_wconf 88' lang='lat' dir='ltr'><strong>genus,</strong></span> <span class='ocrx_word' id='word_1_288' title='bbox 878 3841 1092 3882; x_wconf 88' lang='lat' dir='ltr'><strong>sorores</strong></span> <span class='ocrx_word' id='word_1_289' title='bbox 1133 3838 1190 3882; x_wconf 91' lang='lat' dir='ltr'><strong>ut</strong></span> <span class='ocrx_word' id='word_1_290' title='bbox 1240 3829 1513 3896; x_wconf 76' lang='lat' dir='ltr'><strong>ducerent,</strong></span> <span class='ocrx_word' id='word_1_291' title='bbox 1547 3831 1958 3890; x_wconf 88' lang='lat' dir='ltr'><strong>concedebatur.</strong></span> <span class='ocrx_word' id='word_1_292' title='bbox 1991 3834 2057 3889; x_wconf 86' lang='lat' dir='ltr'><strong>Et</strong></span> <span class='ocrx_word' id='word_1_293' title='bbox 2098 3835 2218 3892; x_wconf 87' lang='lat' dir='ltr'><strong>ideo</strong></span> 
     </span>
    </p>
   </div>
   <div class='ocr_carea' id='block_1_39' title="bbox 645 3918 2217 3992">
    <p class='ocr_par' dir='ltr' id='par_1_39' title="bbox 645 3918 2217 3992">
     <span class='ocr_line' id='line_1_39' title="bbox 645 3918 2217 3992; baseline 0.006 -20"><span class='ocrx_word' id='word_1_294' title='bbox 645 3919 759 3973; x_wconf 75' lang='lat' dir='ltr'><strong>lure</strong></span> <span class='ocrx_word' id='word_1_295' title='bbox 789 3918 940 3973; x_wconf 91' lang='lat' dir='ltr'><strong>nobis</strong></span> <span class='ocrx_word' id='word_1_296' title='bbox 965 3918 1309 3986; x_wconf 85' lang='lat' dir='ltr'><strong>conjectanda</strong></span> <span class='ocrx_word' id='word_1_297' title='bbox 1337 3921 1585 3992; x_wconf 84' lang='lat' dir='ltr'><strong>relinquit</strong></span> <span class='ocrx_word' id='word_1_298' title='bbox 1603 3922 1899 3992; x_wconf 81' lang='lat' dir='ltr'><strong>Scriptura,</strong></span> <span class='ocrx_word' id='word_1_299' title='bbox 1920 3934 1973 3979; x_wconf 89' lang='lat' dir='ltr'><strong>et</strong></span> <span class='ocrx_word' id='word_1_300' title='bbox 2003 3926 2102 3982; x_wconf 86' lang='lat' dir='ltr'><strong>hoc</strong></span> <span class='ocrx_word' id='word_1_301' title='bbox 2124 3941 2217 3982; x_wconf 84' lang='lat' dir='ltr'><strong>so-</strong></span> 
     </span>
    </p>
   </div>
   <div class='ocr_carea' id='block_1_40' title="bbox 642 4007 2217 4079">
    <p class='ocr_par' dir='ltr' id='par_1_40' title="bbox 642 4007 2217 4079">
     <span class='ocr_line' id='line_1_40' title="bbox 642 4007 2217 4079; baseline 0.005 -17"><span class='ocrx_word' id='word_1_302' title='bbox 642 4009 749 4063; x_wconf 86' lang='lat' dir='ltr'><strong>lum</strong></span> <span class='ocrx_word' id='word_1_303' title='bbox 781 4018 959 4062; x_wconf 82' lang='lat' dir='ltr'><strong>narrat</strong></span> <span class='ocrx_word' id='word_1_304' title='bbox 983 4007 1167 4062; x_wconf 85' lang='lat' dir='ltr'><strong>dicens</strong></span> <span class='ocrx_word' id='word_1_305' title='bbox 1199 4025 1212 4060; x_wconf 91' lang='lat'><strong>:</strong></span> <span class='ocrx_word' id='word_1_306' title='bbox 1248 4007 1312 4061; x_wconf 81' lang='lat' dir='ltr'><strong>Et</strong></span> <span class='ocrx_word' id='word_1_307' title='bbox 1337 4012 1562 4079; x_wconf 76' lang='lat' dir='ltr'><strong>cognovit</strong></span> <span class='ocrx_word' id='word_1_308' title='bbox 1586 4010 1710 4067; x_wconf 82' lang='lat' dir='ltr'><strong>Cain</strong></span> <span class='ocrx_word' id='word_1_309' title='bbox 1740 4029 1946 4068; x_wconf 73' lang='lat' dir='ltr'><strong>uxorem</strong></span> <span class='ocrx_word' id='word_1_310' title='bbox 1967 4031 2136 4079; x_wconf 87' lang='lat' dir='ltr'><strong>suam,</strong></span> <span class='ocrx_word' id='word_1_311' title='bbox 2169 4026 2217 4070; x_wconf 89' lang='lat' dir='ltr'><strong>et</strong></span> 
     </span>
    </p>
   </div>
   <div class='ocr_carea' id='block_1_41' title="bbox 642 4099 2216 4172">
    <p class='ocr_par' dir='ltr' id='par_1_41' title="bbox 642 4099 2216 4172">
     <span class='ocr_line' id='line_1_41' title="bbox 642 4099 2216 4172; baseline 0.004 -18"><span class='ocrx_word' id='word_1_312' title='bbox 642 4117 754 4154; x_wconf 83' lang='lat' dir='ltr'><strong>cum</strong></span> <span class='ocrx_word' id='word_1_313' title='bbox 783 4099 1105 4170; x_wconf 76' lang='lat' dir='ltr'><strong>concepisset,</strong></span> <span class='ocrx_word' id='word_1_314' title='bbox 1129 4100 1318 4169; x_wconf 79' lang='lat' dir='ltr'><strong>peperit</strong></span> <span class='ocrx_word' id='word_1_315' title='bbox 1354 4100 1550 4158; x_wconf 82' lang='lat' dir='ltr'><strong>Enoclt.</strong></span> <span class='ocrx_word' id='word_1_316' title='bbox 1577 4103 1640 4155; x_wconf 82' lang='lat' dir='ltr'><strong>Et</strong></span> <span class='ocrx_word' id='word_1_317' title='bbox 1669 4114 1773 4157; x_wconf 85' lang='lat' dir='ltr'><strong>erat</strong></span> <span class='ocrx_word' id='word_1_318' title='bbox 1804 4105 2064 4172; x_wconf 76' lang='lat' dir='ltr'><strong>wdi/icaus</strong></span> <span class='ocrx_word' id='word_1_319' title='bbox 2091 4107 2216 4160; x_wconf 85' lang='lat' dir='ltr'><strong>civi-</strong></span> 
     </span>
    </p>
   </div>
   <div class='ocr_carea' id='block_1_42' title="bbox 642 4190 2220 4266">
    <p class='ocr_par' dir='ltr' id='par_1_42' title="bbox 642 4190 2220 4266">
     <span class='ocr_line' id='line_1_42' title="bbox 642 4190 2220 4266; baseline 0.004 -22"><span class='ocrx_word' id='word_1_320' title='bbox 642 4201 794 4244; x_wconf 79' lang='lat' dir='ltr'><strong>tatem</strong></span> <span class='ocrx_word' id='word_1_321' title='bbox 819 4193 869 4244; x_wconf 89' lang='lat' dir='ltr'><strong>in</strong></span> <span class='ocrx_word' id='word_1_322' title='bbox 892 4191 1087 4245; x_wconf 88' lang='lat' dir='ltr'><strong>nomine</strong></span> <span class='ocrx_word' id='word_1_323' title='bbox 1115 4191 1207 4259; x_wconf 81' lang='lat' dir='ltr'><strong>[iiii</strong></span> <span class='ocrx_word' id='word_1_324' title='bbox 1234 4193 1314 4244; x_wconf 84' lang='lat' dir='ltr'><strong>sui</strong></span> <span class='ocrx_word' id='word_1_325' title='bbox 1342 4190 1536 4246; x_wconf 80' lang='lat' dir='ltr'><strong>Enoclt.</strong></span> <span class='ocrx_word' id='word_1_326' title='bbox 1571 4193 1698 4248; x_wconf 73' lang='lat' dir='ltr'><strong>Vide</strong></span> <span class='ocrx_word' id='word_1_327' title='bbox 1741 4196 2006 4264; x_wconf 90' lang='lat' dir='ltr'><strong>quomodo</strong></span> <span class='ocrx_word' id='word_1_328' title='bbox 2041 4198 2220 4266; x_wconf 89' lang='lat' dir='ltr'><strong>paula-</strong></span> 
     </span>
    </p>
   </div>
   <div class='ocr_carea' id='block_1_43' title="bbox 646 4283 2220 4354">
    <p class='ocr_par' dir='ltr' id='par_1_43' title="bbox 646 4283 2220 4354">
     <span class='ocr_line' id='line_1_43' title="bbox 646 4283 2220 4354; baseline 0.004 -17"><span class='ocrx_word' id='word_1_329' title='bbox 646 4287 739 4337; x_wconf 91' lang='lat' dir='ltr'><strong>tim</strong></span> <span class='ocrx_word' id='word_1_330' title='bbox 766 4285 1127 4336; x_wconf 64' lang='lat' dir='ltr'><strong>instituuntur.</strong></span> <span class='ocrx_word' id='word_1_331' title='bbox 1156 4283 1287 4349; x_wconf 82' lang='lat' dir='ltr'><strong>Quia</strong></span> <span class='ocrx_word' id='word_1_332' title='bbox 1317 4284 1456 4336; x_wconf 86' lang='lat' dir='ltr'><strong>enim</strong></span> <span class='ocrx_word' id='word_1_333' title='bbox 1504 4286 1756 4340; x_wconf 78' lang='lat' dir='ltr'><strong>mortales</strong></span> <span class='ocrx_word' id='word_1_334' title='bbox 1785 4297 2089 4354; x_wconf 84' lang='lat' dir='ltr'><strong>evaserant,</strong></span> <span class='ocrx_word' id='word_1_335' title='bbox 2120 4291 2220 4343; x_wconf 87' lang='lat' dir='ltr'><strong>iut-</strong></span> 
     </span>
    </p>
   </div>
   <div class='ocr_carea' id='block_1_44' title="bbox 644 4373 2214 4450">
    <p class='ocr_par' dir='ltr' id='par_1_44' title="bbox 644 4373 2214 4450">
     <span class='ocr_line' id='line_1_44' title="bbox 644 4373 2214 4450; baseline 0.004 -22"><span class='ocrx_word' id='word_1_336' title='bbox 644 4373 924 4428; x_wconf 89' lang='lat' dir='ltr'><strong>mortalem</strong></span> <span class='ocrx_word' id='word_1_337' title='bbox 955 4388 1103 4427; x_wconf 86' lang='lat' dir='ltr'><strong>suam</strong></span> <span class='ocrx_word' id='word_1_338' title='bbox 1133 4374 1442 4428; x_wconf 86' lang='lat' dir='ltr'><strong>memoriam</strong></span> <span class='ocrx_word' id='word_1_339' title='bbox 1474 4373 1648 4430; x_wconf 78' lang='lat' dir='ltr'><strong>facere</strong></span> <span class='ocrx_word' id='word_1_340' title='bbox 1673 4379 1952 4432; x_wconf 81' lang='lat' dir='ltr'><strong>voluerunt</strong></span> <span class='ocrx_word' id='word_1_341' title='bbox 1979 4421 1992 4442; x_wconf 91' lang='lat'><strong>,</strong></span> <span class='ocrx_word' id='word_1_342' title='bbox 2023 4380 2214 4450; x_wconf 81' lang='lat' dir='ltr'><strong>partim</strong></span> 
     </span>
    </p>
   </div>
   <div class='ocr_carea' id='block_1_45' title="bbox 641 4465 2220 4538">
    <p class='ocr_par' dir='ltr' id='par_1_45' title="bbox 641 4465 2220 4538">
     <span class='ocr_line' id='line_1_45' title="bbox 641 4465 2220 4538; baseline 0.002 -16"><span class='ocrx_word' id='word_1_343' title='bbox 641 4481 708 4522; x_wconf 78' lang='lat' dir='ltr'><strong>ex</strong></span> <span class='ocrx_word' id='word_1_344' title='bbox 739 4465 859 4518; x_wconf 87' lang='lat' dir='ltr'><strong>tiliis</strong></span> <span class='ocrx_word' id='word_1_345' title='bbox 885 4479 1018 4533; x_wconf 86' lang='lat' dir='ltr'><strong>quos</strong></span> <span class='ocrx_word' id='word_1_346' title='bbox 1060 4465 1414 4533; x_wconf 80' lang='lat' dir='ltr'><strong>generabant,</strong></span> <span class='ocrx_word' id='word_1_347' title='bbox 1448 4467 1635 4534; x_wconf 83' lang='lat' dir='ltr'><strong>partim</strong></span> <span class='ocrx_word' id='word_1_348' title='bbox 1669 4481 1733 4521; x_wconf 80' lang='lat' dir='ltr'><strong>ex</strong></span> <span class='ocrx_word' id='word_1_349' title='bbox 1767 4467 1893 4521; x_wconf 68' lang='lat' dir='ltr'><strong>locis</strong></span> <span class='ocrx_word' id='word_1_350' title='bbox 1923 4470 2115 4538; x_wconf 88' lang='lat' dir='ltr'><strong>quibus</strong></span> <span class='ocrx_word' id='word_1_351' title='bbox 2160 4471 2220 4524; x_wconf 84' lang='lat' dir='ltr'><strong>li-</strong></span> 
     </span>
    </p>
   </div>
   <div class='ocr_carea' id='block_1_46' title="bbox 644 4557 2215 4631">
    <p class='ocr_par' dir='ltr' id='par_1_46' title="bbox 644 4557 2215 4631">
     <span class='ocr_line' id='line_1_46' title="bbox 644 4557 2215 4631; baseline 0.003 -20"><span class='ocrx_word' id='word_1_352' title='bbox 644 4557 833 4612; x_wconf 88' lang='lat' dir='ltr'><strong>liormn</strong></span> <span class='ocrx_word' id='word_1_353' title='bbox 857 4557 1069 4610; x_wconf 86' lang='lat' dir='ltr'><strong>nomina</strong></span> <span class='ocrx_word' id='word_1_354' title='bbox 1098 4557 1456 4624; x_wconf 88' lang='lat' dir='ltr'><strong>imponcbant.</strong></span> <span class='ocrx_word' id='word_1_355' title='bbox 1488 4557 1612 4613; x_wconf 61' lang='lat' dir='ltr'><strong>&quot;me</strong></span> <span class='ocrx_word' id='word_1_356' title='bbox 1643 4561 1819 4614; x_wconf 87' lang='lat' dir='ltr'><strong>omnia</strong></span> <span class='ocrx_word' id='word_1_357' title='bbox 1843 4560 1962 4630; x_wconf 84' lang='lat' dir='ltr'><strong>jtnc</strong></span> <span class='ocrx_word' id='word_1_358' title='bbox 1988 4561 2107 4631; x_wconf 88' lang='lat' dir='ltr'><strong>quis</strong></span> <span class='ocrx_word' id='word_1_359' title='bbox 2136 4562 2215 4615; x_wconf 88' lang='lat' dir='ltr'><strong>di-</strong></span> 
     </span>
    </p>
   </div>
   <div class='ocr_carea' id='block_1_47' title="bbox 643 4649 2218 4721">
    <p class='ocr_par' dir='ltr' id='par_1_47' title="bbox 643 4649 2218 4721">
     <span class='ocr_line' id='line_1_47' title="bbox 643 4649 2218 4721; baseline 0.003 -19"><span class='ocrx_word' id='word_1_360' title='bbox 643 4655 790 4702; x_wconf 83' lang='lat' dir='ltr'><strong>ceret</strong></span> <span class='ocrx_word' id='word_1_361' title='bbox 822 4657 1156 4715; x_wconf 66' lang='lat' dir='ltr'><strong>peccatorum</strong></span> <span class='ocrx_word' id='word_1_362' title='bbox 1185 4649 1536 4713; x_wconf 87' lang='lat' dir='ltr'><strong>monimenta,</strong></span> <span class='ocrx_word' id='word_1_363' title='bbox 1574 4665 1781 4705; x_wconf 87' lang='lat' dir='ltr'><strong>necnon</strong></span> <span class='ocrx_word' id='word_1_364' title='bbox 1826 4652 2003 4720; x_wconf 87' lang='lat' dir='ltr'><strong>lapsus</strong></span> <span class='ocrx_word' id='word_1_365' title='bbox 2045 4668 2074 4705; x_wconf 88' lang='lat' dir='ltr'><strong>a</strong></span> <span class='ocrx_word' id='word_1_366' title='bbox 2109 4653 2218 4721; x_wconf 87' lang='lat' dir='ltr'><strong>pri-</strong></span> 
     </span>
    </p>
   </div>
   <div class='ocr_carea' id='block_1_48' title="bbox 643 4735 2220 4811">
    <p class='ocr_par' dir='ltr' id='par_1_48' title="bbox 643 4735 2220 4811">
     <span class='ocr_line' id='line_1_48' title="bbox 643 4735 2220 4811; baseline 0.002 -17"><span class='ocrx_word' id='word_1_367' title='bbox 643 4750 781 4794; x_wconf 77' lang='lat' dir='ltr'><strong>stina</strong></span> <span class='ocrx_word' id='word_1_368' title='bbox 796 4735 986 4808; x_wconf 78' lang='lat' dir='ltr'><strong>gloria,</strong></span> <span class='ocrx_word' id='word_1_369' title='bbox 1006 4737 1055 4791; x_wconf 92' lang='lat' dir='ltr'><strong>in</strong></span> <span class='ocrx_word' id='word_1_370' title='bbox 1075 4753 1178 4807; x_wconf 86' lang='lat' dir='ltr'><strong>qua</strong></span> <span class='ocrx_word' id='word_1_371' title='bbox 1192 4753 1310 4791; x_wconf 91' lang='lat' dir='ltr'><strong>eum</strong></span> <span class='ocrx_word' id='word_1_372' title='bbox 1329 4749 1526 4804; x_wconf 83' lang='lat' dir='ltr'><strong>essent,</strong></span> <span class='ocrx_word' id='word_1_373' title='bbox 1550 4741 1694 4793; x_wconf 92' lang='lat' dir='ltr'><strong>nullo</strong></span> <span class='ocrx_word' id='word_1_374' title='bbox 1708 4739 1896 4795; x_wconf 89' lang='lat' dir='ltr'><strong>horum</strong></span> <span class='ocrx_word' id='word_1_375' title='bbox 1917 4742 2220 4811; x_wconf 79' lang='lat' dir='ltr'><strong>indigebant</strong></span> 
     </span>
    </p>
   </div>
   <div class='ocr_carea' id='block_1_49' title="bbox 645 4827 2218 4898">
    <p class='ocr_par' dir='ltr' id='par_1_49' title="bbox 645 4827 2218 4898">
     <span class='ocr_line' id='line_1_49' title="bbox 645 4827 2218 4898; baseline 0.003 -16"><span class='ocrx_word' id='word_1_376' title='bbox 645 4830 813 4882; x_wconf 77' lang='lat' dir='ltr'><strong>Adam</strong></span> <span class='ocrx_word' id='word_1_377' title='bbox 843 4835 899 4882; x_wconf 88' lang='lat' dir='ltr'><strong>et</strong></span> <span class='ocrx_word' id='word_1_378' title='bbox 923 4827 1052 4892; x_wconf 84' lang='lat' dir='ltr'><strong>Eva,</strong></span> <span class='ocrx_word' id='word_1_379' title='bbox 1095 4839 1278 4897; x_wconf 87' lang='lat' dir='ltr'><strong>utpote</strong></span> <span class='ocrx_word' id='word_1_380' title='bbox 1324 4829 1574 4883; x_wconf 90' lang='lat' dir='ltr'><strong>omnibus</strong></span> <span class='ocrx_word' id='word_1_381' title='bbox 1624 4831 1945 4898; x_wconf 81' lang='lat' dir='ltr'><strong>superiores,</strong></span> <span class='ocrx_word' id='word_1_382' title='bbox 1993 4841 2047 4886; x_wconf 91' lang='lat' dir='ltr'><strong>ct</strong></span> <span class='ocrx_word' id='word_1_383' title='bbox 2089 4834 2218 4886; x_wconf 79' lang='lat' dir='ltr'><strong>nihil</strong></span> 
     </span>
    </p>
   </div>
   <div class='ocr_carea' id='block_1_50' title="bbox 643 4915 2216 4992">
    <p class='ocr_par' dir='ltr' id='par_1_50' title="bbox 643 4915 2216 4992">
     <span class='ocr_line' id='line_1_50' title="bbox 643 4915 2216 4992; baseline 0.004 -23"><span class='ocrx_word' id='word_1_384' title='bbox 643 4919 878 4970; x_wconf 78' lang='lat' dir='ltr'><strong>obnoxii.</strong></span> <span class='ocrx_word' id='word_1_385' title='bbox 908 4916 996 4971; x_wconf 74' lang='lat' dir='ltr'><strong>l8.</strong></span> <span class='ocrx_word' id='word_1_386' title='bbox 1031 4915 1193 4971; x_wconf 83' lang='lat' dir='ltr'><strong>Porro</strong></span> <span class='ocrx_word' id='word_1_387' title='bbox 1224 4917 1400 4971; x_wconf 83' lang='lat' dir='ltr'><strong>Enoclt</strong></span> <span class='ocrx_word' id='word_1_388' title='bbox 1439 4919 1537 4988; x_wconf 82' lang='lat' dir='ltr'><strong>ipsi</strong></span> <span class='ocrx_word' id='word_1_389' title='bbox 1577 4930 1726 4973; x_wconf 85' lang='lat' dir='ltr'><strong>natus</strong></span> <span class='ocrx_word' id='word_1_390' title='bbox 1749 4929 1840 4985; x_wconf 92' lang='lat' dir='ltr'><strong>est,</strong></span> <span class='ocrx_word' id='word_1_391' title='bbox 1879 4921 2067 4992; x_wconf 81' lang='lat' dir='ltr'><strong>inquit,</strong></span> <span class='ocrx_word' id='word_1_392' title='bbox 2091 4923 2216 4977; x_wconf 77' lang='lat' dir='ltr'><strong>Gat-</strong></span> 
     </span>
    </p>
   </div>
   <div class='ocr_carea' id='block_1_51' title="bbox 645 5005 2219 5083">
    <p class='ocr_par' dir='ltr' id='par_1_51' title="bbox 645 5005 2219 5083">
     <span class='ocr_line' id='line_1_51' title="bbox 645 5005 2219 5083; baseline 0.006 -24"><span class='ocrx_word' id='word_1_393' title='bbox 645 5007 770 5069; x_wconf 83' lang='lat' dir='ltr'><strong>dml,</strong></span> <span class='ocrx_word' id='word_1_394' title='bbox 798 5016 844 5060; x_wconf 86' lang='lat' dir='ltr'><strong>ct</strong></span> <span class='ocrx_word' id='word_1_395' title='bbox 870 5005 1070 5060; x_wconf 60' lang='grc' dir='ltr'><strong>(ληξάαά</strong></span> <span class='ocrx_word' id='word_1_396' title='bbox 1089 5008 1256 5076; x_wconf 82' lang='lat' dir='ltr'><strong>genuit</strong></span> <span class='ocrx_word' id='word_1_397' title='bbox 1288 5008 1540 5075; x_wconf 82' lang='lat' dir='ltr'><strong>Maleleel,</strong></span> <span class='ocrx_word' id='word_1_398' title='bbox 1571 5019 1618 5064; x_wconf 82' lang='lat' dir='ltr'><strong>et</strong></span> <span class='ocrx_word' id='word_1_399' title='bbox 1648 5009 1882 5065; x_wconf 73' lang='lat' dir='ltr'><strong>ualeleel</strong></span> <span class='ocrx_word' id='word_1_400' title='bbox 1908 5017 2075 5083; x_wconf 78' lang='lat' dir='ltr'><strong>genuit</strong></span> <span class='ocrx_word' id='word_1_401' title='bbox 2104 5015 2219 5067; x_wconf 80' lang='grc' dir='ltr'><strong>Μα-</strong></span> 
     </span>
    </p>
   </div>
   <div class='ocr_carea' id='block_1_52' title="bbox 646 5097 2217 5175">
    <p class='ocr_par' dir='ltr' id='par_1_52' title="bbox 646 5097 2217 5175">
     <span class='ocr_line' id='line_1_52' title="bbox 646 5097 2217 5175; baseline 0.008 -25"><span class='ocrx_word' id='word_1_402' title='bbox 646 5098 865 5164; x_wconf 81' lang='lat' dir='ltr'><strong>tltnsttla,</strong></span> <span class='ocrx_word' id='word_1_403' title='bbox 893 5109 938 5152; x_wconf 87' lang='lat' dir='ltr'><strong>et</strong></span> <span class='ocrx_word' id='word_1_404' title='bbox 965 5097 1252 5153; x_wconf 72' lang='lat' dir='ltr'><strong>Hathusala</strong></span> <span class='ocrx_word' id='word_1_405' title='bbox 1274 5105 1441 5171; x_wconf 79' lang='lat' dir='ltr'><strong>genuit</strong></span> <span class='ocrx_word' id='word_1_406' title='bbox 1469 5101 1706 5156; x_wconf 75' lang='lat' dir='ltr'><strong>Latncclt.</strong></span> <span class='ocrx_word' id='word_1_407' title='bbox 1735 5101 1895 5159; x_wconf 77' lang='lat' dir='ltr'><strong>Vides</strong></span> <span class='ocrx_word' id='word_1_408' title='bbox 1919 5120 2073 5175; x_wconf 86' lang='lat' dir='ltr'><strong>quam</strong></span> <span class='ocrx_word' id='word_1_409' title='bbox 2094 5122 2217 5161; x_wconf 86' lang='lat' dir='ltr'><strong>cur-</strong></span> 
     </span>
    </p>
   </div>
   <div class='ocr_carea' id='block_1_53' title="bbox 646 5189 2217 5261">
    <p class='ocr_par' dir='ltr' id='par_1_53' title="bbox 646 5189 2217 5261">
     <span class='ocr_line' id='line_1_53' title="bbox 646 5189 2217 5261; baseline 0.007 -20"><span class='ocrx_word' id='word_1_410' title='bbox 646 5189 745 5241; x_wconf 88' lang='lat' dir='ltr'><strong>sim</strong></span> <span class='ocrx_word' id='word_1_411' title='bbox 783 5190 967 5242; x_wconf 85' lang='lat' dir='ltr'><strong>transit</strong></span> <span class='ocrx_word' id='word_1_412' title='bbox 988 5190 1356 5261; x_wconf 76' lang='lat' dir='ltr'><strong>gcnealogias;</strong></span> <span class='ocrx_word' id='word_1_413' title='bbox 1390 5191 1621 5246; x_wconf 88' lang='lat' dir='ltr'><strong>virorum</strong></span> <span class='ocrx_word' id='word_1_414' title='bbox 1653 5203 1853 5249; x_wconf 92' lang='lat' dir='ltr'><strong>tantum</strong></span> <span class='ocrx_word' id='word_1_415' title='bbox 1893 5195 2217 5255; x_wconf 84' lang='lat' dir='ltr'><strong>mentionem</strong></span> 
     </span>
    </p>
   </div>
   <div class='ocr_carea' id='block_1_54' title="bbox 648 5277 2213 5348">
    <p class='ocr_par' dir='ltr' id='par_1_54' title="bbox 648 5277 2213 5348">
     <span class='ocr_line' id='line_1_54' title="bbox 648 5277 2213 5348; baseline 0.01 -20"><span class='ocrx_word' id='word_1_416' title='bbox 648 5277 774 5330; x_wconf 81' lang='lat' dir='ltr'><strong>I‘acit</strong></span> <span class='ocrx_word' id='word_1_417' title='bbox 803 5277 987 5332; x_wconf 85' lang='lat' dir='ltr'><strong>beatus</strong></span> <span class='ocrx_word' id='word_1_418' title='bbox 1023 5279 1132 5343; x_wconf 90' lang='lat' dir='ltr'><strong>ille,</strong></span> <span class='ocrx_word' id='word_1_419' title='bbox 1183 5295 1440 5348; x_wconf 83' lang='lat' dir='ltr'><strong>nusquam</strong></span> <span class='ocrx_word' id='word_1_420' title='bbox 1464 5296 1592 5336; x_wconf 86' lang='lat' dir='ltr'><strong>vero</strong></span> <span class='ocrx_word' id='word_1_421' title='bbox 1630 5282 1908 5339; x_wconf 87' lang='lat' dir='ltr'><strong>mulierum</strong></span> <span class='ocrx_word' id='word_1_422' title='bbox 1954 5289 2213 5342; x_wconf 87' lang='lat' dir='ltr'><strong>meminit.</strong></span> 
     </span>
    </p>
   </div>
   <div class='ocr_carea' id='block_1_55' title="bbox 648 5363 2218 5449">
    <p class='ocr_par' dir='ltr' id='par_1_55' title="bbox 648 5363 2218 5449">
     <span class='ocr_line' id='line_1_55' title="bbox 648 5363 2218 5449; baseline 0.009 -30"><span class='ocrx_word' id='word_1_423' title='bbox 648 5363 751 5420; x_wconf 84' lang='lat' dir='ltr'><strong>Sed</strong></span> <span class='ocrx_word' id='word_1_424' title='bbox 803 5368 1245 5436; x_wconf 84' lang='lat' dir='ltr'><strong>quemadmodum</strong></span> <span class='ocrx_word' id='word_1_425' title='bbox 1294 5371 1360 5425; x_wconf 92' lang='lat' dir='ltr'><strong>de</strong></span> <span class='ocrx_word' id='word_1_426' title='bbox 1403 5369 1532 5426; x_wconf 85' lang='lat' dir='ltr'><strong>Cain</strong></span> <span class='ocrx_word' id='word_1_427' title='bbox 1585 5372 1784 5428; x_wconf 88' lang='lat' dir='ltr'><strong>dictum</strong></span> <span class='ocrx_word' id='word_1_428' title='bbox 1832 5386 1933 5443; x_wconf 86' lang='lat' dir='ltr'><strong>cst,</strong></span> <span class='ocrx_word' id='word_1_429' title='bbox 1977 5377 2218 5449; x_wconf 70' lang='lat' dir='ltr'><strong>Cognovit</strong></span> 
     </span>
    </p>
   </div>
   <div class='ocr_carea' id='block_1_56' title="bbox 648 5464 2214 5538">
    <p class='ocr_par' dir='ltr' id='par_1_56' title="bbox 648 5464 2214 5538">
     <span class='ocr_line' id='line_1_56' title="bbox 648 5464 2214 5538; baseline 0.01 -30"><span class='ocrx_word' id='word_1_430' title='bbox 648 5471 853 5510; x_wconf 64' lang='lat' dir='ltr'><strong>urerent</strong></span> <span class='ocrx_word' id='word_1_431' title='bbox 880 5473 1046 5526; x_wconf 84' lang='lat' dir='ltr'><strong>suam,</strong></span> <span class='ocrx_word' id='word_1_432' title='bbox 1074 5473 1192 5513; x_wconf 91' lang='lat' dir='ltr'><strong>cum</strong></span> <span class='ocrx_word' id='word_1_433' title='bbox 1220 5476 1476 5531; x_wconf 88' lang='lat' dir='ltr'><strong>nusquam</strong></span> <span class='ocrx_word' id='word_1_434' title='bbox 1505 5478 1603 5517; x_wconf 88' lang='lat' dir='ltr'><strong>nos</strong></span> <span class='ocrx_word' id='word_1_435' title='bbox 1653 5464 1916 5528; x_wconf 88' lang='lat' dir='ltr'><strong>docuerit,</strong></span> <span class='ocrx_word' id='word_1_436' title='bbox 1947 5483 2116 5538; x_wconf 87' lang='lat' dir='ltr'><strong>neque</strong></span> <span class='ocrx_word' id='word_1_437' title='bbox 2135 5469 2214 5523; x_wconf 77' lang='lat' dir='ltr'><strong>tli-</strong></span> 
     </span>
    </p>
   </div>
   <div class='ocr_carea' id='block_1_57' title="bbox 645 5547 2211 5629">
    <p class='ocr_par' dir='ltr' id='par_1_57' title="bbox 645 5547 2211 5629">
     <span class='ocr_line' id='line_1_57' title="bbox 645 5547 2211 5629; baseline 0.008 -29"><span class='ocrx_word' id='word_1_438' title='bbox 645 5547 783 5600; x_wconf 76' lang='lat' dir='ltr'><strong>serit</strong></span> <span class='ocrx_word' id='word_1_439' title='bbox 811 5548 950 5603; x_wconf 87' lang='lat' dir='ltr'><strong>unde</strong></span> <span class='ocrx_word' id='word_1_440' title='bbox 975 5548 1214 5606; x_wconf 82' lang='lat' dir='ltr'><strong>habuerit</strong></span> <span class='ocrx_word' id='word_1_441' title='bbox 1234 5565 1453 5607; x_wconf 82' lang='lat' dir='ltr'><strong>uxorem</strong></span> <span class='ocrx_word' id='word_1_442' title='bbox 1481 5572 1494 5607; x_wconf 92' lang='lat'><strong>:</strong></span> <span class='ocrx_word' id='word_1_443' title='bbox 1518 5555 1593 5608; x_wconf 91' lang='lat' dir='ltr'><strong>sic</strong></span> <span class='ocrx_word' id='word_1_444' title='bbox 1623 5570 1750 5611; x_wconf 84' lang='lat' dir='ltr'><strong>sane</strong></span> <span class='ocrx_word' id='word_1_445' title='bbox 1775 5565 1829 5610; x_wconf 87' lang='lat' dir='ltr'><strong>et</strong></span> <span class='ocrx_word' id='word_1_446' title='bbox 1856 5556 1938 5612; x_wconf 84' lang='lat' dir='ltr'><strong>lth</strong></span> <span class='ocrx_word' id='word_1_447' title='bbox 1967 5559 2211 5629; x_wconf 87' lang='lat' dir='ltr'><strong>loquitur:</strong></span> 
     </span>
    </p>
   </div>
   <div class='ocr_carea' id='block_1_58' title="bbox 648 5641 2214 5712">
    <p class='ocr_par' dir='ltr' id='par_1_58' title="bbox 648 5641 2214 5712">
     <span class='ocr_line' id='line_1_58' title="bbox 648 5641 2214 5712; baseline 0.005 -16"><span class='ocrx_word' id='word_1_448' title='bbox 648 5645 734 5702; x_wconf 75' lang='grc'><strong>19.</strong></span> <span class='ocrx_word' id='word_1_449' title='bbox 771 5645 833 5702; x_wconf 75' lang='lat' dir='ltr'><strong>Et</strong></span> <span class='ocrx_word' id='word_1_450' title='bbox 875 5643 1063 5710; x_wconf 81' lang='lat' dir='ltr'><strong>occepit</strong></span> <span class='ocrx_word' id='word_1_451' title='bbox 1097 5642 1192 5696; x_wconf 83' lang='lat' dir='ltr'><strong>sibi</strong></span> <span class='ocrx_word' id='word_1_452' title='bbox 1232 5641 1451 5698; x_wconf 81' lang='lat' dir='ltr'><strong>Lamech</strong></span> <span class='ocrx_word' id='word_1_453' title='bbox 1498 5645 1623 5700; x_wconf 86' lang='lat' dir='ltr'><strong>duas</strong></span> <span class='ocrx_word' id='word_1_454' title='bbox 1664 5664 1863 5712; x_wconf 76' lang='lat' dir='ltr'><strong>uxores,</strong></span> <span class='ocrx_word' id='word_1_455' title='bbox 1907 5667 2086 5704; x_wconf 85' lang='lat' dir='ltr'><strong>nomen</strong></span> <span class='ocrx_word' id='word_1_456' title='bbox 2127 5669 2214 5706; x_wconf 85' lang='lat' dir='ltr'><strong>unt</strong></span> 
     </span>
    </p>
   </div>
   <div class='ocr_carea' id='block_1_59' title="bbox 660 5731 2212 5808">
    <p class='ocr_par' dir='ltr' id='par_1_59' title="bbox 660 5731 2212 5808">
     <span class='ocr_line' id='line_1_59' title="bbox 660 5731 2212 5808; baseline 0.006 -22"><span class='ocrx_word' id='word_1_457' title='bbox 660 5736 856 5796; x_wconf 54' lang='lat' dir='ltr'><strong>Adam!</strong></span> <span class='ocrx_word' id='word_1_458' title='bbox 873 5756 1055 5793; x_wconf 82' lang='lat' dir='ltr'><strong>nomen</strong></span> <span class='ocrx_word' id='word_1_459' title='bbox 1080 5733 1312 5788; x_wconf 71' lang='lat' dir='ltr'><strong>secundis</strong></span> <span class='ocrx_word' id='word_1_460' title='bbox 1337 5731 1500 5789; x_wconf 78' lang='lat' dir='ltr'><strong>Sella.</strong></span> <span class='ocrx_word' id='word_1_461' title='bbox 1529 5735 1618 5791; x_wconf 72' lang='lat'><strong>9.0.</strong></span> <span class='ocrx_word' id='word_1_462' title='bbox 1646 5736 1710 5789; x_wconf 82' lang='lat' dir='ltr'><strong>Et</strong></span> <span class='ocrx_word' id='word_1_463' title='bbox 1739 5740 1932 5807; x_wconf 74' lang='lat' dir='ltr'><strong>peperit</strong></span> <span class='ocrx_word' id='word_1_464' title='bbox 1963 5742 2094 5808; x_wconf 79' lang='lat' dir='ltr'><strong>Atla,</strong></span> <span class='ocrx_word' id='word_1_465' title='bbox 2129 5743 2212 5796; x_wconf 89' lang='lat' dir='ltr'><strong>in-</strong></span> 
     </span>
    </p>
   </div>
   <div class='ocr_carea' id='block_1_60' title="bbox 659 5823 2211 5900">
    <p class='ocr_par' dir='ltr' id='par_1_60' title="bbox 659 5823 2211 5900">
     <span class='ocr_line' id='line_1_60' title="bbox 659 5823 2211 5900; baseline 0.008 -24"><span class='ocrx_word' id='word_1_466' title='bbox 659 5824 793 5892; x_wconf 88' lang='lat' dir='ltr'><strong>quit,</strong></span> <span class='ocrx_word' id='word_1_467' title='bbox 814 5823 1107 5883; x_wconf 77' lang='lat' dir='ltr'><strong>Jobcl:ltic</strong></span> <span class='ocrx_word' id='word_1_468' title='bbox 1121 5831 1221 5900; x_wconf 84' lang='lat' dir='ltr'><strong>[nit</strong></span> <span class='ocrx_word' id='word_1_469' title='bbox 1249 5837 1388 5895; x_wconf 80' lang='lat' dir='ltr'><strong>pater</strong></span> <span class='ocrx_word' id='word_1_470' title='bbox 1411 5825 1738 5881; x_wconf 82' lang='lat' dir='ltr'><strong>habitantium</strong></span> <span class='ocrx_word' id='word_1_471' title='bbox 1785 5829 1835 5883; x_wconf 89' lang='lat' dir='ltr'><strong>in</strong></span> <span class='ocrx_word' id='word_1_472' title='bbox 1881 5831 2211 5888; x_wconf 79' lang='lat' dir='ltr'><strong>tabernaculis</strong></span> 
     </span>
    </p>
   </div>
   <div class='ocr_carea' id='block_1_61' title="bbox 1384 439 3178 507">
    <p class='ocr_par' dir='ltr' id='par_1_61' title="bbox 1384 439 3178 507">
     <span class='ocr_line' id='line_1_61' title="bbox 1384 439 3178 507; baseline -0.003 -1"><span class='ocrx_word' id='word_1_473' title='bbox 1384 449 1442 507; x_wconf 80' lang='lat'><strong>8.</strong></span> <span class='ocrx_word' id='word_1_474' title='bbox 1479 444 1753 504; x_wconf 74' lang='lat' dir='ltr'><strong>JOANNIS</strong></span> <span class='ocrx_word' id='word_1_475' title='bbox 1787 441 2259 502; x_wconf 66' lang='lat' dir='ltr'><strong>CBltYSOSTOII</strong></span> <span class='ocrx_word' id='word_1_476' title='bbox 2298 439 2612 498; x_wconf 73' lang='lat' dir='ltr'><strong>ARClllEP.</strong></span> <span class='ocrx_word' id='word_1_477' title='bbox 2651 440 3178 502; x_wconf 64' lang='lat' dir='ltr'><strong>COSSTANTINUP.</strong></span> 
     </span>
    </p>
   </div>
   <div class='ocr_carea' id='block_1_62' title="bbox 3822 451 3931 510">
    <p class='ocr_par' dir='ltr' id='par_1_62' title="bbox 3822 451 3931 510">
     <span class='ocr_line' id='line_1_62' title="bbox 3822 451 3931 510; baseline 0.037 -4"><span class='ocrx_word' id='word_1_478' title='bbox 3822 451 3931 510; x_wconf 70' lang='grc'><strong>168</strong></span> 
     </span>
    </p>
   </div>
   <div class='ocr_carea' id='block_1_63' title="bbox 2341 556 3932 634">
    <p class='ocr_par' dir='ltr' id='par_1_63' title="bbox 2341 556 3932 634">
     <span class='ocr_line' id='line_1_63' title="bbox 2341 556 3932 634; baseline 0.008 -25"><span class='ocrx_word' id='word_1_479' title='bbox 2341 564 2622 626; x_wconf 66' lang='lat' dir='ltr'><strong>parum.</strong></span> <span class='ocrx_word' id='word_1_480' title='bbox 2652 556 2745 613; x_wconf 63' lang='lat' dir='ltr'><strong>il.</strong></span> <span class='ocrx_word' id='word_1_481' title='bbox 2785 557 2852 613; x_wconf 81' lang='lat' dir='ltr'><strong>Et</strong></span> <span class='ocrx_word' id='word_1_482' title='bbox 2878 575 3055 614; x_wconf 69' lang='lat' dir='ltr'><strong>nomen</strong></span> <span class='ocrx_word' id='word_1_483' title='bbox 3080 561 3230 630; x_wconf 83' lang='lat' dir='ltr'><strong>fratri</strong></span> <span class='ocrx_word' id='word_1_484' title='bbox 3253 561 3390 615; x_wconf 85' lang='lat' dir='ltr'><strong>illius</strong></span> <span class='ocrx_word' id='word_1_485' title='bbox 3421 560 3580 618; x_wconf 76' lang='lat' dir='ltr'><strong>Juba!</strong></span> <span class='ocrx_word' id='word_1_486' title='bbox 3607 578 3622 615; x_wconf 85' lang='lat'><strong>:</strong></span> <span class='ocrx_word' id='word_1_487' title='bbox 3651 565 3734 620; x_wconf 82' lang='lat' dir='ltr'><strong>hic</strong></span> <span class='ocrx_word' id='word_1_488' title='bbox 3759 565 3860 634; x_wconf 79' lang='lat' dir='ltr'><strong>fuit</strong></span> <span class='ocrx_word' id='word_1_489' title='bbox 3885 569 3932 622; x_wconf 83' lang='lat' dir='ltr'><strong>is</strong></span> 
     </span>
    </p>
   </div>
   <div class='ocr_carea' id='block_1_64' title="bbox 2340 646 3483 719">
    <p class='ocr_par' dir='ltr' id='par_1_64' title="bbox 2340 646 3483 719">
     <span class='ocr_line' id='line_1_64' title="bbox 2340 646 3483 719; baseline 0.007 -21"><span class='ocrx_word' id='word_1_490' title='bbox 2340 646 2427 717; x_wconf 86' lang='lat' dir='ltr'><strong>qui</strong></span> <span class='ocrx_word' id='word_1_491' title='bbox 2453 647 2805 704; x_wconf 79' lang='lat' dir='ltr'><strong>demonstth</strong></span> <span class='ocrx_word' id='word_1_492' title='bbox 2832 648 3125 719; x_wconf 78' lang='lat' dir='ltr'><strong>psalterium</strong></span> <span class='ocrx_word' id='word_1_493' title='bbox 3145 661 3192 705; x_wconf 90' lang='lat' dir='ltr'><strong>et</strong></span> <span class='ocrx_word' id='word_1_494' title='bbox 3215 653 3483 706; x_wconf 76' lang='lat' dir='ltr'><strong>citharam.</strong></span> 
     </span>
    </p>
   </div>
   <div class='ocr_carea' id='block_1_65' title="bbox 2408 735 3930 811">
    <p class='ocr_par' dir='ltr' id='par_1_65' title="bbox 2408 735 3930 811">
     <span class='ocr_line' id='line_1_65' title="bbox 2408 735 3930 811; baseline 0.008 -22"><span class='ocrx_word' id='word_1_495' title='bbox 2408 735 2464 790; x_wconf 73' lang='grc'><strong>2.</strong></span> <span class='ocrx_word' id='word_1_496' title='bbox 2507 735 2642 793; x_wconf 77' lang='lat' dir='ltr'><strong>Vide</strong></span> <span class='ocrx_word' id='word_1_497' title='bbox 2678 737 2966 807; x_wconf 74' lang='lat' dir='ltr'><strong>Scriptura:</strong></span> <span class='ocrx_word' id='word_1_498' title='bbox 2985 739 3337 811; x_wconf 77' lang='lat' dir='ltr'><strong>diligentiam.</strong></span> <span class='ocrx_word' id='word_1_499' title='bbox 3371 742 3556 799; x_wconf 87' lang='lat' dir='ltr'><strong>Docuit</strong></span> <span class='ocrx_word' id='word_1_500' title='bbox 3586 760 3685 800; x_wconf 90' lang='lat' dir='ltr'><strong>nos</strong></span> <span class='ocrx_word' id='word_1_501' title='bbox 3729 754 3784 803; x_wconf 88' lang='lat' dir='ltr'><strong>et</strong></span> <span class='ocrx_word' id='word_1_502' title='bbox 3829 763 3930 802; x_wconf 90' lang='lat' dir='ltr'><strong>no-</strong></span> 
     </span>
    </p>
   </div>
   <div class='ocr_carea' id='block_1_66' title="bbox 2339 826 3932 908">
    <p class='ocr_par' dir='ltr' id='par_1_66' title="bbox 2339 826 3932 908">
     <span class='ocr_line' id='line_1_66' title="bbox 2339 826 3932 908; baseline 0.011 -30"><span class='ocrx_word' id='word_1_503' title='bbox 2339 826 2482 879; x_wconf 89' lang='lat' dir='ltr'><strong>mina</strong></span> <span class='ocrx_word' id='word_1_504' title='bbox 2514 843 2699 884; x_wconf 86' lang='lat' dir='ltr'><strong>eorum</strong></span> <span class='ocrx_word' id='word_1_505' title='bbox 2729 829 2816 900; x_wconf 88' lang='lat' dir='ltr'><strong>qui</strong></span> <span class='ocrx_word' id='word_1_506' title='bbox 2849 830 2954 884; x_wconf 87' lang='lat' dir='ltr'><strong>nati</strong></span> <span class='ocrx_word' id='word_1_507' title='bbox 2977 840 3102 886; x_wconf 85' lang='lat' dir='ltr'><strong>sunt</strong></span> <span class='ocrx_word' id='word_1_508' title='bbox 3137 847 3201 887; x_wconf 75' lang='lat' dir='ltr'><strong>es</strong></span> <span class='ocrx_word' id='word_1_509' title='bbox 3245 849 3411 888; x_wconf 81' lang='lat' dir='ltr'><strong>uxore</strong></span> <span class='ocrx_word' id='word_1_510' title='bbox 3438 833 3691 899; x_wconf 82' lang='lat' dir='ltr'><strong>Lamecli,</strong></span> <span class='ocrx_word' id='word_1_511' title='bbox 3721 847 3775 893; x_wconf 90' lang='lat' dir='ltr'><strong>et</strong></span> <span class='ocrx_word' id='word_1_512' title='bbox 3800 854 3932 908; x_wconf 66' lang='lat' dir='ltr'><strong>qua</strong></span> 
     </span>
    </p>
   </div>
   <div class='ocr_carea' id='block_1_67' title="bbox 2339 917 3934 999">
    <p class='ocr_par' dir='ltr' id='par_1_67' title="bbox 2339 917 3934 999">
     <span class='ocr_line' id='line_1_67' title="bbox 2339 917 3934 999; baseline 0.011 -30"><span class='ocrx_word' id='word_1_513' title='bbox 2339 917 2514 972; x_wconf 88' lang='lat' dir='ltr'><strong>studia</strong></span> <span class='ocrx_word' id='word_1_514' title='bbox 2544 918 2756 975; x_wconf 89' lang='lat' dir='ltr'><strong>illorum</strong></span> <span class='ocrx_word' id='word_1_515' title='bbox 2779 919 2977 977; x_wconf 77' lang='lat' dir='ltr'><strong>iuerint</strong></span> <span class='ocrx_word' id='word_1_516' title='bbox 3005 939 3018 976; x_wconf 90' lang='lat'><strong>:</strong></span> <span class='ocrx_word' id='word_1_517' title='bbox 3051 937 3242 993; x_wconf 84' lang='lat' dir='ltr'><strong>nempe</strong></span> <span class='ocrx_word' id='word_1_518' title='bbox 3265 925 3407 995; x_wconf 86' lang='lat' dir='ltr'><strong>quod</strong></span> <span class='ocrx_word' id='word_1_519' title='bbox 3436 941 3572 980; x_wconf 90' lang='lat' dir='ltr'><strong>unus</strong></span> <span class='ocrx_word' id='word_1_520' title='bbox 3597 927 3804 983; x_wconf 89' lang='lat' dir='ltr'><strong>alendis</strong></span> <span class='ocrx_word' id='word_1_521' title='bbox 3834 946 3934 999; x_wconf 84' lang='lat' dir='ltr'><strong>pe-</strong></span> 
     </span>
    </p>
   </div>
   <div class='ocr_carea' id='block_1_68' title="bbox 2337 1007 3933 1090">
    <p class='ocr_par' dir='ltr' id='par_1_68' title="bbox 2337 1007 3933 1090">
     <span class='ocr_line' id='line_1_68' title="bbox 2337 1007 3933 1090; baseline 0.011 -29"><span class='ocrx_word' id='word_1_522' title='bbox 2337 1007 2551 1064; x_wconf 86' lang='lat' dir='ltr'><strong>coribus</strong></span> <span class='ocrx_word' id='word_1_523' title='bbox 2587 1009 2745 1067; x_wconf 73' lang='lat' dir='ltr'><strong>fuerit</strong></span> <span class='ocrx_word' id='word_1_524' title='bbox 2783 1011 3012 1078; x_wconf 89' lang='lat' dir='ltr'><strong>deditus,</strong></span> <span class='ocrx_word' id='word_1_525' title='bbox 3041 1024 3097 1070; x_wconf 88' lang='lat' dir='ltr'><strong>et</strong></span> <span class='ocrx_word' id='word_1_526' title='bbox 3135 1015 3273 1070; x_wconf 82' lang='lat' dir='ltr'><strong>alter</strong></span> <span class='ocrx_word' id='word_1_527' title='bbox 3297 1019 3678 1088; x_wconf 78' lang='lat' dir='ltr'><strong>excogitaverit</strong></span> <span class='ocrx_word' id='word_1_528' title='bbox 3719 1023 3933 1090; x_wconf 80' lang='lat' dir='ltr'><strong>psalte-</strong></span> 
     </span>
    </p>
   </div>
   <div class='ocr_carea' id='block_1_69' title="bbox 2338 1097 3934 1185">
    <p class='ocr_par' dir='ltr' id='par_1_69' title="bbox 2338 1097 3934 1185">
     <span class='ocr_line' id='line_1_69' title="bbox 2338 1097 3934 1185; baseline 0.011 -33"><span class='ocrx_word' id='word_1_529' title='bbox 2338 1097 2474 1152; x_wconf 83' lang='lat' dir='ltr'><strong>rium</strong></span> <span class='ocrx_word' id='word_1_530' title='bbox 2518 1109 2573 1155; x_wconf 89' lang='lat' dir='ltr'><strong>et</strong></span> <span class='ocrx_word' id='word_1_531' title='bbox 2611 1101 2889 1158; x_wconf 76' lang='lat' dir='ltr'><strong>citharam.</strong></span> <span class='ocrx_word' id='word_1_532' title='bbox 2920 1104 3008 1159; x_wconf 70' lang='grc'><strong>22.</strong></span> <span class='ocrx_word' id='word_1_533' title='bbox 3057 1104 3198 1161; x_wconf 85' lang='lat' dir='ltr'><strong>Sella</strong></span> <span class='ocrx_word' id='word_1_534' title='bbox 3245 1119 3432 1175; x_wconf 76' lang='lat' dir='ltr'><strong>autem,</strong></span> <span class='ocrx_word' id='word_1_535' title='bbox 3476 1109 3665 1181; x_wconf 89' lang='lat' dir='ltr'><strong>inquit,</strong></span> <span class='ocrx_word' id='word_1_536' title='bbox 3711 1123 3760 1167; x_wconf 90' lang='lat' dir='ltr'><strong>et</strong></span> <span class='ocrx_word' id='word_1_537' title='bbox 3809 1113 3934 1185; x_wconf 69' lang='lat' dir='ltr'><strong>ipsa</strong></span> 
     </span>
    </p>
   </div>
   <div class='ocr_carea' id='block_1_70' title="bbox 2338 1191 3926 1273">
    <p class='ocr_par' dir='ltr' id='par_1_70' title="bbox 2338 1191 3926 1273">
     <span class='ocr_line' id='line_1_70' title="bbox 2338 1191 3926 1273; baseline 0.01 -30"><span class='ocrx_word' id='word_1_538' title='bbox 2338 1192 2530 1260; x_wconf 81' lang='lat' dir='ltr'><strong>peperit</strong></span> <span class='ocrx_word' id='word_1_539' title='bbox 2555 1191 2766 1258; x_wconf 75' lang='lat' dir='ltr'><strong>Thobel,</strong></span> <span class='ocrx_word' id='word_1_540' title='bbox 2786 1205 2834 1248; x_wconf 90' lang='lat' dir='ltr'><strong>et</strong></span> <span class='ocrx_word' id='word_1_541' title='bbox 2857 1206 2967 1249; x_wconf 87' lang='lat' dir='ltr'><strong>erat</strong></span> <span class='ocrx_word' id='word_1_542' title='bbox 2993 1197 3279 1263; x_wconf 83' lang='lat' dir='ltr'><strong>malleator,</strong></span> <span class='ocrx_word' id='word_1_543' title='bbox 3300 1209 3345 1252; x_wconf 91' lang='lat' dir='ltr'><strong>et</strong></span> <span class='ocrx_word' id='word_1_544' title='bbox 3376 1200 3515 1270; x_wconf 79' lang='lat' dir='ltr'><strong>faber</strong></span> <span class='ocrx_word' id='word_1_545' title='bbox 3547 1203 3663 1257; x_wconf 81' lang='lat' dir='ltr'><strong>teris</strong></span> <span class='ocrx_word' id='word_1_546' title='bbox 3691 1213 3739 1257; x_wconf 87' lang='lat' dir='ltr'><strong>et</strong></span> <span class='ocrx_word' id='word_1_547' title='bbox 3769 1207 3926 1273; x_wconf 78' lang='lat' dir='ltr'><strong>ferri.</strong></span> 
     </span>
    </p>
   </div>
   <div class='ocr_carea' id='block_1_71' title="bbox 2337 1277 3925 1362">
    <p class='ocr_par' dir='ltr' id='par_1_71' title="bbox 2337 1277 3925 1362">
     <span class='ocr_line' id='line_1_71' title="bbox 2337 1277 3925 1362; baseline 0.011 -29"><span class='ocrx_word' id='word_1_548' title='bbox 2337 1277 2532 1336; x_wconf 87' lang='lat' dir='ltr'><strong>lterum</strong></span> <span class='ocrx_word' id='word_1_549' title='bbox 2568 1293 2622 1338; x_wconf 88' lang='lat' dir='ltr'><strong>et</strong></span> <span class='ocrx_word' id='word_1_550' title='bbox 2637 1295 2822 1362; x_wconf 38' lang='lat' dir='ltr'><strong>&#39;artem</strong></span> <span class='ocrx_word' id='word_1_551' title='bbox 2849 1285 2994 1340; x_wconf 90' lang='lat' dir='ltr'><strong>illius</strong></span> <span class='ocrx_word' id='word_1_552' title='bbox 3019 1291 3110 1357; x_wconf 87' lang='lat' dir='ltr'><strong>qui</strong></span> <span class='ocrx_word' id='word_1_553' title='bbox 3135 1304 3202 1344; x_wconf 81' lang='lat' dir='ltr'><strong>ex</strong></span> <span class='ocrx_word' id='word_1_554' title='bbox 3221 1290 3360 1344; x_wconf 85' lang='lat' dir='ltr'><strong>Sella</strong></span> <span class='ocrx_word' id='word_1_555' title='bbox 3387 1302 3539 1346; x_wconf 81' lang='lat' dir='ltr'><strong>natus</strong></span> <span class='ocrx_word' id='word_1_556' title='bbox 3559 1303 3671 1348; x_wconf 88' lang='lat' dir='ltr'><strong>erat</strong></span> <span class='ocrx_word' id='word_1_557' title='bbox 3698 1294 3925 1360; x_wconf 84' lang='lat' dir='ltr'><strong>indicat,</strong></span> 
     </span>
    </p>
   </div>
   <div class='ocr_carea' id='block_1_72' title="bbox 2334 1373 3931 1446">
    <p class='ocr_par' dir='ltr' id='par_1_72' title="bbox 2334 1373 3931 1446">
     <span class='ocr_line' id='line_1_72' title="bbox 2334 1373 3931 1446; baseline 0.013 -25"><span class='ocrx_word' id='word_1_558' title='bbox 2334 1373 2476 1442; x_wconf 80' lang='lat' dir='ltr'><strong>quod</strong></span> <span class='ocrx_word' id='word_1_559' title='bbox 2523 1390 2714 1446; x_wconf 85' lang='lat' dir='ltr'><strong>nempe</strong></span> <span class='ocrx_word' id='word_1_560' title='bbox 2757 1376 3000 1433; x_wconf 78' lang='lat' dir='ltr'><strong>fabrilem</strong></span> <span class='ocrx_word' id='word_1_561' title='bbox 3037 1380 3160 1434; x_wconf 64' lang='lat' dir='ltr'><strong>acris</strong></span> <span class='ocrx_word' id='word_1_562' title='bbox 3212 1392 3384 1437; x_wconf 83' lang='lat' dir='ltr'><strong>artem</strong></span> <span class='ocrx_word' id='word_1_563' title='bbox 3438 1397 3734 1441; x_wconf 78' lang='lat' dir='ltr'><strong>exerceret.</strong></span> <span class='ocrx_word' id='word_1_564' title='bbox 3788 1386 3931 1442; x_wconf 69' lang='lat' dir='ltr'><strong>Vide</strong></span> 
     </span>
    </p>
   </div>
   <div class='ocr_carea' id='block_1_73' title="bbox 2334 1467 3927 1547">
    <p class='ocr_par' dir='ltr' id='par_1_73' title="bbox 2334 1467 3927 1547">
     <span class='ocr_line' id='line_1_73' title="bbox 2334 1467 3927 1547; baseline 0.009 -30"><span class='ocrx_word' id='word_1_565' title='bbox 2334 1467 2604 1534; x_wconf 89' lang='lat' dir='ltr'><strong>quomodo</strong></span> <span class='ocrx_word' id='word_1_566' title='bbox 2629 1483 2746 1537; x_wconf 73' lang='lat' dir='ltr'><strong>qum</strong></span> <span class='ocrx_word' id='word_1_567' title='bbox 2771 1469 2836 1523; x_wconf 89' lang='lat' dir='ltr'><strong>ad</strong></span> <span class='ocrx_word' id='word_1_568' title='bbox 2866 1485 3019 1525; x_wconf 87' lang='lat' dir='ltr'><strong>usum</strong></span> <span class='ocrx_word' id='word_1_569' title='bbox 3037 1480 3091 1526; x_wconf 86' lang='lat' dir='ltr'><strong>et</strong></span> <span class='ocrx_word' id='word_1_570' title='bbox 3108 1472 3448 1528; x_wconf 81' lang='lat' dir='ltr'><strong>commodum</strong></span> <span class='ocrx_word' id='word_1_571' title='bbox 3472 1477 3682 1530; x_wconf 86' lang='lat' dir='ltr'><strong>humani</strong></span> <span class='ocrx_word' id='word_1_572' title='bbox 3710 1495 3862 1547; x_wconf 72' lang='lat' dir='ltr'><strong>genua</strong></span> <span class='ocrx_word' id='word_1_573' title='bbox 3881 1482 3927 1533; x_wconf 69' lang='lat' dir='ltr'><strong>is</strong></span> 
     </span>
    </p>
   </div>
   <div class='ocr_carea' id='block_1_74' title="bbox 2335 1559 3927 1635">
    <p class='ocr_par' dir='ltr' id='par_1_74' title="bbox 2335 1559 3927 1635">
     <span class='ocr_line' id='line_1_74' title="bbox 2335 1559 3927 1635; baseline 0.008 -27"><span class='ocrx_word' id='word_1_574' title='bbox 2335 1566 2576 1624; x_wconf 81' lang='lat' dir='ltr'><strong>Spectant</strong></span> <span class='ocrx_word' id='word_1_575' title='bbox 2627 1559 2877 1630; x_wconf 86' lang='lat' dir='ltr'><strong>paulatim</strong></span> <span class='ocrx_word' id='word_1_576' title='bbox 2927 1562 3136 1630; x_wconf 84' lang='lat' dir='ltr'><strong>provisa</strong></span> <span class='ocrx_word' id='word_1_577' title='bbox 3187 1563 3310 1618; x_wconf 88' lang='lat' dir='ltr'><strong>sint.</strong></span> <span class='ocrx_word' id='word_1_578' title='bbox 3363 1565 3425 1619; x_wconf 70' lang='lat' dir='ltr'><strong>Et</strong></span> <span class='ocrx_word' id='word_1_579' title='bbox 3457 1567 3682 1635; x_wconf 86' lang='lat' dir='ltr'><strong>primum</strong></span> <span class='ocrx_word' id='word_1_580' title='bbox 3731 1568 3866 1622; x_wconf 68' lang='lat' dir='ltr'><strong>Cain</strong></span> <span class='ocrx_word' id='word_1_581' title='bbox 3895 1587 3927 1621; x_wconf 83' lang='lat' dir='ltr'><strong>a</strong></span> 
     </span>
    </p>
   </div>
   <div class='ocr_carea' id='block_1_75' title="bbox 2338 1643 3921 1716">
    <p class='ocr_par' dir='ltr' id='par_1_75' title="bbox 2338 1643 3921 1716">
     <span class='ocr_line' id='line_1_75' title="bbox 2338 1643 3921 1716; baseline 0.011 -18"><span class='ocrx_word' id='word_1_582' title='bbox 2338 1643 2448 1700; x_wconf 81' lang='lat' dir='ltr'><strong>lilio</strong></span> <span class='ocrx_word' id='word_1_583' title='bbox 2469 1662 2566 1702; x_wconf 88' lang='lat' dir='ltr'><strong>suo</strong></span> <span class='ocrx_word' id='word_1_584' title='bbox 2582 1649 2850 1706; x_wconf 88' lang='lat' dir='ltr'><strong>civitatem</strong></span> <span class='ocrx_word' id='word_1_585' title='bbox 2871 1653 2940 1705; x_wconf 87' lang='lat' dir='ltr'><strong>ab</strong></span> <span class='ocrx_word' id='word_1_586' title='bbox 2959 1668 3018 1708; x_wconf 89' lang='lat' dir='ltr'><strong>se</strong></span> <span class='ocrx_word' id='word_1_587' title='bbox 3037 1652 3349 1710; x_wconf 81' lang='lat' dir='ltr'><strong>:edillcatam</strong></span> <span class='ocrx_word' id='word_1_588' title='bbox 3376 1658 3684 1712; x_wconf 83' lang='lat' dir='ltr'><strong>nominavit.</strong></span> <span class='ocrx_word' id='word_1_589' title='bbox 3715 1660 3921 1716; x_wconf 78' lang='lat' dir='ltr'><strong>Deinde</strong></span> 
     </span>
    </p>
   </div>
   <div class='ocr_carea' id='block_1_76' title="bbox 2335 1739 3918 1820">
    <p class='ocr_par' dir='ltr' id='par_1_76' title="bbox 2335 1739 3918 1820">
     <span class='ocr_line' id='line_1_76' title="bbox 2335 1739 3918 1820; baseline 0.009 -30"><span class='ocrx_word' id='word_1_590' title='bbox 2335 1751 2519 1791; x_wconf 87' lang='lat' dir='ltr'><strong>eorum</strong></span> <span class='ocrx_word' id='word_1_591' title='bbox 2550 1739 2639 1809; x_wconf 86' lang='lat' dir='ltr'><strong>qui</strong></span> <span class='ocrx_word' id='word_1_592' title='bbox 2666 1755 2730 1795; x_wconf 80' lang='lat' dir='ltr'><strong>ex</strong></span> <span class='ocrx_word' id='word_1_593' title='bbox 2772 1743 3025 1798; x_wconf 81' lang='lat' dir='ltr'><strong>uxoribus</strong></span> <span class='ocrx_word' id='word_1_594' title='bbox 3063 1743 3293 1801; x_wconf 76' lang='lat' dir='ltr'><strong>Lanxeclt</strong></span> <span class='ocrx_word' id='word_1_595' title='bbox 3322 1747 3430 1802; x_wconf 85' lang='lat' dir='ltr'><strong>nati</strong></span> <span class='ocrx_word' id='word_1_596' title='bbox 3468 1759 3612 1814; x_wconf 90' lang='lat' dir='ltr'><strong>sunt,</strong></span> <span class='ocrx_word' id='word_1_597' title='bbox 3654 1766 3793 1804; x_wconf 86' lang='lat' dir='ltr'><strong>unus</strong></span> <span class='ocrx_word' id='word_1_598' title='bbox 3830 1769 3918 1820; x_wconf 81' lang='lat' dir='ltr'><strong>pa-</strong></span> 
     </span>
    </p>
   </div>
   <div class='ocr_carea' id='block_1_77' title="bbox 2329 1829 3918 1901">
    <p class='ocr_par' dir='ltr' id='par_1_77' title="bbox 2329 1829 3918 1901">
     <span class='ocr_line' id='line_1_77' title="bbox 2329 1829 3918 1901; baseline 0.01 -18"><span class='ocrx_word' id='word_1_599' title='bbox 2329 1829 2545 1884; x_wconf 84' lang='lat' dir='ltr'><strong>scendis</strong></span> <span class='ocrx_word' id='word_1_600' title='bbox 2584 1833 2862 1900; x_wconf 86' lang='lat' dir='ltr'><strong>pecoribus</strong></span> <span class='ocrx_word' id='word_1_601' title='bbox 2905 1847 2964 1888; x_wconf 84' lang='lat' dir='ltr'><strong>se</strong></span> <span class='ocrx_word' id='word_1_602' title='bbox 2991 1833 3214 1901; x_wconf 84' lang='lat' dir='ltr'><strong>dedidit,</strong></span> <span class='ocrx_word' id='word_1_603' title='bbox 3243 1837 3378 1892; x_wconf 78' lang='lat' dir='ltr'><strong>alius</strong></span> <span class='ocrx_word' id='word_1_604' title='bbox 3421 1841 3663 1894; x_wconf 66' lang='lat' dir='ltr'><strong>aerarium</strong></span> <span class='ocrx_word' id='word_1_605' title='bbox 3694 1856 3918 1898; x_wconf 72' lang='lat' dir='ltr'><strong>exerce-</strong></span> 
     </span>
    </p>
   </div>
   <div class='ocr_carea' id='block_1_78' title="bbox 2334 1919 3918 1997">
    <p class='ocr_par' dir='ltr' id='par_1_78' title="bbox 2334 1919 3918 1997">
     <span class='ocr_line' id='line_1_78' title="bbox 2334 1919 3918 1997; baseline 0.011 -23"><span class='ocrx_word' id='word_1_606' title='bbox 2334 1919 2416 1974; x_wconf 84' lang='lat' dir='ltr'><strong>bat</strong></span> <span class='ocrx_word' id='word_1_607' title='bbox 2444 1961 2460 1986; x_wconf 89' lang='lat'><strong>,</strong></span> <span class='ocrx_word' id='word_1_608' title='bbox 2508 1924 2644 1978; x_wconf 84' lang='lat' dir='ltr'><strong>alius</strong></span> <span class='ocrx_word' id='word_1_609' title='bbox 2696 1923 2855 1980; x_wconf 83' lang='lat' dir='ltr'><strong>etiam</strong></span> <span class='ocrx_word' id='word_1_610' title='bbox 2903 1929 3209 1997; x_wconf 86' lang='lat' dir='ltr'><strong>psalterium</strong></span> <span class='ocrx_word' id='word_1_611' title='bbox 3240 1940 3294 1985; x_wconf 93' lang='lat' dir='ltr'><strong>et</strong></span> <span class='ocrx_word' id='word_1_612' title='bbox 3321 1930 3579 1986; x_wconf 88' lang='lat' dir='ltr'><strong>citharam</strong></span> <span class='ocrx_word' id='word_1_613' title='bbox 3621 1933 3918 1992; x_wconf 79' lang='lat' dir='ltr'><strong>adiuvenit.</strong></span> 
     </span>
    </p>
   </div>
   <div class='ocr_carea' id='block_1_79' title="bbox 2335 2011 3921 2091">
    <p class='ocr_par' dir='ltr' id='par_1_79' title="bbox 2335 2011 3921 2091">
     <span class='ocr_line' id='line_1_79' title="bbox 2335 2011 3921 2091; baseline 0.009 -26"><span class='ocrx_word' id='word_1_614' title='bbox 2335 2011 2498 2066; x_wconf 79' lang='lat' dir='ltr'><strong>Soror</strong></span> <span class='ocrx_word' id='word_1_615' title='bbox 2524 2024 2708 2079; x_wconf 82' lang='lat' dir='ltr'><strong>autem,</strong></span> <span class='ocrx_word' id='word_1_616' title='bbox 2746 2015 2934 2087; x_wconf 88' lang='lat' dir='ltr'><strong>inquit,</strong></span> <span class='ocrx_word' id='word_1_617' title='bbox 2972 2017 3160 2074; x_wconf 83' lang='lat' dir='ltr'><strong>Tltobel</strong></span> <span class='ocrx_word' id='word_1_618' title='bbox 3193 2018 3449 2076; x_wconf 74' lang='lat' dir='ltr'><strong>Noenum.</strong></span> <span class='ocrx_word' id='word_1_619' title='bbox 3479 2022 3616 2091; x_wconf 89' lang='lat' dir='ltr'><strong>Quid</strong></span> <span class='ocrx_word' id='word_1_620' title='bbox 3669 2025 3771 2080; x_wconf 88' lang='lat' dir='ltr'><strong>huc</strong></span> <span class='ocrx_word' id='word_1_621' title='bbox 3820 2042 3921 2080; x_wconf 86' lang='lat' dir='ltr'><strong>to-</strong></span> 
     </span>
    </p>
   </div>
   <div class='ocr_carea' id='block_1_80' title="bbox 2333 2105 3924 2181">
    <p class='ocr_par' dir='ltr' id='par_1_80' title="bbox 2333 2105 3924 2181">
     <span class='ocr_line' id='line_1_80' title="bbox 2333 2105 3924 2181; baseline 0.01 -24"><span class='ocrx_word' id='word_1_622' title='bbox 2333 2118 2455 2157; x_wconf 87' lang='lat' dir='ltr'><strong>vum</strong></span> <span class='ocrx_word' id='word_1_623' title='bbox 2483 2113 2539 2160; x_wconf 92' lang='lat' dir='ltr'><strong>et</strong></span> <span class='ocrx_word' id='word_1_624' title='bbox 2563 2105 2878 2162; x_wconf 77' lang='lat' dir='ltr'><strong>insolitum?</strong></span> <span class='ocrx_word' id='word_1_625' title='bbox 2903 2107 3052 2164; x_wconf 82' lang='lat' dir='ltr'><strong>Nunc</strong></span> <span class='ocrx_word' id='word_1_626' title='bbox 3077 2111 3305 2181; x_wconf 88' lang='lat' dir='ltr'><strong>primum</strong></span> <span class='ocrx_word' id='word_1_627' title='bbox 3331 2114 3643 2168; x_wconf 86' lang='lat' dir='ltr'><strong>nominatim</strong></span> <span class='ocrx_word' id='word_1_628' title='bbox 3672 2118 3924 2173; x_wconf 76' lang='lat' dir='ltr'><strong>mulieris</strong></span> 
     </span>
    </p>
   </div>
   <div class='ocr_carea' id='block_1_81' title="bbox 2333 2200 3923 2278">
    <p class='ocr_par' dir='ltr' id='par_1_81' title="bbox 2333 2200 3923 2278">
     <span class='ocr_line' id='line_1_81' title="bbox 2333 2200 3923 2278; baseline 0.012 -27"><span class='ocrx_word' id='word_1_629' title='bbox 2333 2201 2595 2254; x_wconf 88' lang='lat' dir='ltr'><strong>meminit.</strong></span> <span class='ocrx_word' id='word_1_630' title='bbox 2641 2200 2761 2256; x_wconf 77' lang='lat' dir='ltr'><strong>Non</strong></span> <span class='ocrx_word' id='word_1_631' title='bbox 2790 2203 2906 2258; x_wconf 82' lang='lat' dir='ltr'><strong>sine</strong></span> <span class='ocrx_word' id='word_1_632' title='bbox 2935 2218 3115 2271; x_wconf 79' lang='lat' dir='ltr'><strong>causa,</strong></span> <span class='ocrx_word' id='word_1_633' title='bbox 3146 2222 3315 2278; x_wconf 87' lang='lat' dir='ltr'><strong>neque</strong></span> <span class='ocrx_word' id='word_1_634' title='bbox 3347 2217 3564 2275; x_wconf 67' lang='lat' dir='ltr'><strong>turture,</strong></span> <span class='ocrx_word' id='word_1_635' title='bbox 3597 2211 3691 2267; x_wconf 84' lang='lat' dir='ltr'><strong>sed</strong></span> <span class='ocrx_word' id='word_1_636' title='bbox 3722 2223 3781 2269; x_wconf 91' lang='lat' dir='ltr'><strong>ut</strong></span> <span class='ocrx_word' id='word_1_637' title='bbox 3823 2233 3889 2269; x_wconf 80' lang='lat' dir='ltr'><strong>oc</strong></span> <span class='ocrx_word' id='word_1_638' title='bbox 3911 2246 3923 2256; x_wconf 74' lang='grc' dir='ltr'><strong>ο</strong></span> 
     </span>
    </p>
   </div>
   <div class='ocr_carea' id='block_1_82' title="bbox 2331 2290 3922 2366">
    <p class='ocr_par' dir='ltr' id='par_1_82' title="bbox 2331 2290 3922 2366">
     <span class='ocr_line' id='line_1_82' title="bbox 2331 2290 3922 2366; baseline 0.012 -23"><span class='ocrx_word' id='word_1_639' title='bbox 2331 2290 2534 2344; x_wconf 87' lang='lat' dir='ltr'><strong>cultum</strong></span> <span class='ocrx_word' id='word_1_640' title='bbox 2580 2292 2706 2360; x_wconf 90' lang='lat' dir='ltr'><strong>quid</strong></span> <span class='ocrx_word' id='word_1_641' title='bbox 2753 2294 2906 2349; x_wconf 89' lang='lat' dir='ltr'><strong>nobis</strong></span> <span class='ocrx_word' id='word_1_642' title='bbox 2955 2296 3042 2351; x_wconf 92' lang='lat' dir='ltr'><strong>hic</strong></span> <span class='ocrx_word' id='word_1_643' title='bbox 3088 2296 3359 2366; x_wconf 87' lang='lat' dir='ltr'><strong>declaret,</strong></span> <span class='ocrx_word' id='word_1_644' title='bbox 3411 2301 3512 2356; x_wconf 88' lang='lat' dir='ltr'><strong>hoc</strong></span> <span class='ocrx_word' id='word_1_645' title='bbox 3558 2302 3683 2359; x_wconf 75' lang='lat' dir='ltr'><strong>fecit</strong></span> <span class='ocrx_word' id='word_1_646' title='bbox 3727 2306 3922 2362; x_wconf 81' lang='lat' dir='ltr'><strong>beatus</strong></span> 
     </span>
    </p>
   </div>
   <div class='ocr_carea' id='block_1_83' title="bbox 2331 2383 3919 2466">
    <p class='ocr_par' dir='ltr' id='par_1_83' title="bbox 2331 2383 3919 2466">
     <span class='ocr_line' id='line_1_83' title="bbox 2331 2383 3919 2466; baseline 0.01 -31"><span class='ocrx_word' id='word_1_647' title='bbox 2331 2383 2586 2453; x_wconf 82' lang='lat' dir='ltr'><strong>propheta</strong></span> <span class='ocrx_word' id='word_1_648' title='bbox 2611 2402 2624 2450; x_wconf 90' lang='lat'><strong>;</strong></span> <span class='ocrx_word' id='word_1_649' title='bbox 2670 2385 2722 2440; x_wconf 91' lang='lat' dir='ltr'><strong>id</strong></span> <span class='ocrx_word' id='word_1_650' title='bbox 2743 2387 2883 2457; x_wconf 89' lang='lat' dir='ltr'><strong>quod</strong></span> <span class='ocrx_word' id='word_1_651' title='bbox 2912 2387 2964 2442; x_wconf 90' lang='lat' dir='ltr'><strong>in</strong></span> <span class='ocrx_word' id='word_1_652' title='bbox 2996 2390 3134 2444; x_wconf 86' lang='lat' dir='ltr'><strong>aliud</strong></span> <span class='ocrx_word' id='word_1_653' title='bbox 3165 2399 3374 2463; x_wconf 88' lang='lat' dir='ltr'><strong>tempus</strong></span> <span class='ocrx_word' id='word_1_654' title='bbox 3398 2395 3545 2449; x_wconf 82' lang='lat' dir='ltr'><strong>vobis</strong></span> <span class='ocrx_word' id='word_1_655' title='bbox 3569 2411 3919 2466; x_wconf 67' lang='lat' dir='ltr'><strong>reponemus,</strong></span> 
     </span>
    </p>
   </div>
   <div class='ocr_carea' id='block_1_84' title="bbox 2332 2479 3917 2558">
    <p class='ocr_par' dir='ltr' id='par_1_84' title="bbox 2332 2479 3917 2558">
     <span class='ocr_line' id='line_1_84' title="bbox 2332 2479 3917 2558; baseline 0.01 -28"><span class='ocrx_word' id='word_1_656' title='bbox 2332 2492 2473 2532; x_wconf 90' lang='lat' dir='ltr'><strong>nunc</strong></span> <span class='ocrx_word' id='word_1_657' title='bbox 2505 2479 2776 2533; x_wconf 48' lang='lat' dir='ltr'><strong>historiam</strong></span> <span class='ocrx_word' id='word_1_658' title='bbox 2827 2497 3114 2551; x_wconf 74' lang='lat' dir='ltr'><strong>sequamur</strong></span> <span class='ocrx_word' id='word_1_659' title='bbox 3151 2502 3164 2536; x_wconf 88' lang='lat'>:</span> <span class='ocrx_word' id='word_1_660' title='bbox 3209 2500 3382 2555; x_wconf 88' lang='lat' dir='ltr'><strong>neque</strong></span> <span class='ocrx_word' id='word_1_661' title='bbox 3428 2489 3570 2542; x_wconf 86' lang='lat' dir='ltr'><strong>enim</strong></span> <span class='ocrx_word' id='word_1_662' title='bbox 3611 2493 3756 2558; x_wconf 88' lang='lat' dir='ltr'><strong>parvi</strong></span> <span class='ocrx_word' id='word_1_663' title='bbox 3800 2508 3917 2546; x_wconf 88' lang='lat' dir='ltr'><strong>mo-</strong></span> 
     </span>
    </p>
   </div>
   <div class='ocr_carea' id='block_1_85' title="bbox 2332 2570 3918 2648">
    <p class='ocr_par' dir='ltr' id='par_1_85' title="bbox 2332 2570 3918 2648">
     <span class='ocr_line' id='line_1_85' title="bbox 2332 2570 3918 2648; baseline 0.009 -24"><span class='ocrx_word' id='word_1_664' title='bbox 2332 2571 2496 2625; x_wconf 88' lang='lat' dir='ltr'><strong>menti</strong></span> <span class='ocrx_word' id='word_1_665' title='bbox 2526 2570 2775 2640; x_wconf 90' lang='lat' dir='ltr'><strong>quiddam</strong></span> <span class='ocrx_word' id='word_1_666' title='bbox 2804 2583 2886 2627; x_wconf 86' lang='lat' dir='ltr'><strong>est</strong></span> <span class='ocrx_word' id='word_1_667' title='bbox 2914 2575 3056 2643; x_wconf 85' lang='lat' dir='ltr'><strong>quod</strong></span> <span class='ocrx_word' id='word_1_668' title='bbox 3086 2576 3350 2643; x_wconf 88' lang='lat' dir='ltr'><strong>subditur,</strong></span> <span class='ocrx_word' id='word_1_669' title='bbox 3376 2588 3430 2633; x_wconf 89' lang='lat' dir='ltr'><strong>et</strong></span> <span class='ocrx_word' id='word_1_670' title='bbox 3469 2579 3697 2648; x_wconf 85' lang='lat' dir='ltr'><strong>plurimo</strong></span> <span class='ocrx_word' id='word_1_671' title='bbox 3730 2582 3918 2638; x_wconf 77' lang='lat' dir='ltr'><strong>lalmt‘c</strong></span> 
     </span>
    </p>
   </div>
   <div class='ocr_carea' id='block_1_86' title="bbox 2331 2657 3914 2739">
    <p class='ocr_par' dir='ltr' id='par_1_86' title="bbox 2331 2657 3914 2739">
     <span class='ocr_line' id='line_1_86' title="bbox 2331 2657 3914 2739; baseline 0.011 -29"><span class='ocrx_word' id='word_1_672' title='bbox 2331 2657 2490 2713; x_wconf 88' lang='lat' dir='ltr'><strong>habet</strong></span> <span class='ocrx_word' id='word_1_673' title='bbox 2512 2674 2666 2728; x_wconf 81' lang='lat' dir='ltr'><strong>Opus,</strong></span> <span class='ocrx_word' id='word_1_674' title='bbox 2697 2675 2759 2715; x_wconf 89' lang='lat' dir='ltr'><strong>ac</strong></span> <span class='ocrx_word' id='word_1_675' title='bbox 2782 2661 3119 2732; x_wconf 76' lang='lat' dir='ltr'><strong>diligentiore</strong></span> <span class='ocrx_word' id='word_1_676' title='bbox 3151 2667 3514 2735; x_wconf 88' lang='lat' dir='ltr'><strong>inquisitione,</strong></span> <span class='ocrx_word' id='word_1_677' title='bbox 3544 2678 3599 2723; x_wconf 90' lang='lat' dir='ltr'><strong>nt</strong></span> <span class='ocrx_word' id='word_1_678' title='bbox 3621 2673 3914 2739; x_wconf 76' lang='lat' dir='ltr'><strong>poSsiums,</strong></span> 
     </span>
    </p>
   </div>
   <div class='ocr_carea' id='block_1_87' title="bbox 2329 2749 3916 2822">
    <p class='ocr_par' dir='ltr' id='par_1_87' title="bbox 2329 2749 3916 2822">
     <span class='ocr_line' id='line_1_87' title="bbox 2329 2749 3916 2822; baseline 0.006 -20"><span class='ocrx_word' id='word_1_679' title='bbox 2329 2749 2572 2804; x_wconf 89' lang='lat' dir='ltr'><strong>omnibus</strong></span> <span class='ocrx_word' id='word_1_680' title='bbox 2593 2750 2791 2820; x_wconf 89' lang='lat' dir='ltr'><strong>liquido</strong></span> <span class='ocrx_word' id='word_1_681' title='bbox 2806 2753 3117 2822; x_wconf 72' lang='lat' dir='ltr'><strong>exploratis,</strong></span> <span class='ocrx_word' id='word_1_682' title='bbox 3135 2757 3356 2812; x_wconf 87' lang='lat' dir='ltr'><strong>multum</strong></span> <span class='ocrx_word' id='word_1_683' title='bbox 3388 2758 3511 2814; x_wconf 88' lang='lat' dir='ltr'><strong>hinc</strong></span> <span class='ocrx_word' id='word_1_684' title='bbox 3538 2763 3781 2816; x_wconf 82' lang='lat' dir='ltr'><strong>utilitatis</strong></span> <span class='ocrx_word' id='word_1_685' title='bbox 3816 2782 3916 2817; x_wconf 75' lang='lat' dir='ltr'><strong>nu-</strong></span> 
     </span>
    </p>
   </div>
   <div class='ocr_carea' id='block_1_88' title="bbox 2329 2838 3918 2915">
    <p class='ocr_par' dir='ltr' id='par_1_88' title="bbox 2329 2838 3918 2915">
     <span class='ocr_line' id='line_1_88' title="bbox 2329 2838 3918 2915; baseline 0.011 -24"><span class='ocrx_word' id='word_1_686' title='bbox 2329 2838 2437 2894; x_wconf 78' lang='lat' dir='ltr'><strong>bis‘</strong></span> <span class='ocrx_word' id='word_1_687' title='bbox 2461 2840 2672 2896; x_wconf 66' lang='lat' dir='ltr'><strong>alferre.</strong></span> <span class='ocrx_word' id='word_1_688' title='bbox 2691 2841 2780 2898; x_wconf 74' lang='grc'><strong>25.</strong></span> <span class='ocrx_word' id='word_1_689' title='bbox 2798 2842 2962 2910; x_wconf 72' lang='lat' dir='ltr'><strong>Dixit,</strong></span> <span class='ocrx_word' id='word_1_690' title='bbox 2979 2845 3164 2915; x_wconf 75' lang='lat' dir='ltr'><strong>inquit,</strong></span> <span class='ocrx_word' id='word_1_691' title='bbox 3182 2847 3400 2903; x_wconf 84' lang='lat' dir='ltr'><strong>Lameclt</strong></span> <span class='ocrx_word' id='word_1_692' title='bbox 3417 2853 3653 2906; x_wconf 74' lang='lat' dir='ltr'><strong>uxoribus</strong></span> <span class='ocrx_word' id='word_1_693' title='bbox 3671 2855 3774 2908; x_wconf 87' lang='lat' dir='ltr'><strong>snis</strong></span> <span class='ocrx_word' id='word_1_694' title='bbox 3787 2856 3918 2910; x_wconf 67' lang='lat' dir='ltr'><strong>Atla</strong></span> 
     </span>
    </p>
   </div>
   <div class='ocr_carea' id='block_1_89' title="bbox 2327 2932 3915 3006">
    <p class='ocr_par' dir='ltr' id='par_1_89' title="bbox 2327 2932 3915 3006">
     <span class='ocr_line' id='line_1_89' title="bbox 2327 2932 3915 3006; baseline 0.009 -20"><span class='ocrx_word' id='word_1_695' title='bbox 2327 2943 2374 2986; x_wconf 89' lang='lat' dir='ltr'><strong>et</strong></span> <span class='ocrx_word' id='word_1_696' title='bbox 2407 2932 2562 2986; x_wconf 77' lang='lat' dir='ltr'><strong>Sella:</strong></span> <span class='ocrx_word' id='word_1_697' title='bbox 2580 2950 2599 2988; x_wconf 92' lang='lat'><strong><em>:</em></strong></span> <span class='ocrx_word' id='word_1_698' title='bbox 2631 2935 2812 2990; x_wconf 78' lang='lat' dir='ltr'><strong>Audite</strong></span> <span class='ocrx_word' id='word_1_699' title='bbox 2833 2952 3000 2990; x_wconf 78' lang='lat' dir='ltr'><strong>vocem</strong></span> <span class='ocrx_word' id='word_1_700' title='bbox 3038 2955 3220 3005; x_wconf 86' lang='lat' dir='ltr'><strong>meam,</strong></span> <span class='ocrx_word' id='word_1_701' title='bbox 3240 2956 3420 2996; x_wconf 65' lang='lat' dir='ltr'><strong>uxores</strong></span> <span class='ocrx_word' id='word_1_702' title='bbox 3440 2941 3681 3006; x_wconf 81' lang='lat' dir='ltr'><strong>Lameclt,</strong></span> <span class='ocrx_word' id='word_1_703' title='bbox 3705 2947 3915 3001; x_wconf 76' lang='lat' dir='ltr'><strong>auribus</strong></span> 
     </span>
    </p>
   </div>
   <div class='ocr_carea' id='block_1_90' title="bbox 2328 3024 3915 3101">
    <p class='ocr_par' dir='ltr' id='par_1_90' title="bbox 2328 3024 3915 3101">
     <span class='ocr_line' id='line_1_90' title="bbox 2328 3024 3915 3101; baseline 0.012 -27"><span class='ocrx_word' id='word_1_704' title='bbox 2328 3024 2570 3094; x_wconf 82' lang='lat' dir='ltr'><strong>percipite</strong></span> <span class='ocrx_word' id='word_1_705' title='bbox 2597 3041 2850 3080; x_wconf 85' lang='lat' dir='ltr'><strong>sermones</strong></span> <span class='ocrx_word' id='word_1_706' title='bbox 2884 3043 3018 3083; x_wconf 85' lang='lat' dir='ltr'><strong>meos</strong></span> <span class='ocrx_word' id='word_1_707' title='bbox 3048 3046 3067 3083; x_wconf 90' lang='lat'><strong><em>:</em></strong></span> <span class='ocrx_word' id='word_1_708' title='bbox 3096 3032 3217 3101; x_wconf 76' lang='lat' dir='ltr'><strong>quia</strong></span> <span class='ocrx_word' id='word_1_709' title='bbox 3261 3033 3424 3086; x_wconf 76' lang='lat' dir='ltr'><strong>cirum</strong></span> <span class='ocrx_word' id='word_1_710' title='bbox 3451 3037 3613 3088; x_wconf 78' lang='lat' dir='ltr'><strong>occidi</strong></span> <span class='ocrx_word' id='word_1_711' title='bbox 3650 3054 3702 3092; x_wconf 87' lang='lat' dir='ltr'><strong>tn</strong></span> <span class='ocrx_word' id='word_1_712' title='bbox 3730 3041 3915 3093; x_wconf 79' lang='lat' dir='ltr'><strong>vulnus</strong></span> 
     </span>
    </p>
   </div>
   <div class='ocr_carea' id='block_1_91' title="bbox 2328 3115 3913 3198">
    <p class='ocr_par' dir='ltr' id='par_1_91' title="bbox 2328 3115 3913 3198">
     <span class='ocr_line' id='line_1_91' title="bbox 2328 3115 3913 3198; baseline 0.013 -33"><span class='ocrx_word' id='word_1_713' title='bbox 2328 3115 2471 3180; x_wconf 77' lang='lat' dir='ltr'><strong>mihi,</strong></span> <span class='ocrx_word' id='word_1_714' title='bbox 2512 3125 2558 3168; x_wconf 80' lang='lat' dir='ltr'><strong>ct</strong></span> <span class='ocrx_word' id='word_1_715' title='bbox 2583 3118 3012 3173; x_wconf 74' lang='lat' dir='ltr'><strong>adolescentulum</strong></span> <span class='ocrx_word' id='word_1_716' title='bbox 3039 3123 3089 3175; x_wconf 89' lang='lat' dir='ltr'><strong>in</strong></span> <span class='ocrx_word' id='word_1_717' title='bbox 3137 3124 3421 3178; x_wconf 84' lang='lat' dir='ltr'><strong>cicatricem</strong></span> <span class='ocrx_word' id='word_1_718' title='bbox 3471 3129 3613 3181; x_wconf 85' lang='lat' dir='ltr'><strong>tui/ti.</strong></span> <span class='ocrx_word' id='word_1_719' title='bbox 3647 3129 3736 3184; x_wconf 66' lang='grc'><strong>24.</strong></span> <span class='ocrx_word' id='word_1_720' title='bbox 3774 3131 3913 3198; x_wconf 81' lang='lat' dir='ltr'><strong>Quia</strong></span> 
     </span>
    </p>
   </div>
   <div class='ocr_carea' id='block_1_92' title="bbox 2325 3206 3913 3280">
    <p class='ocr_par' dir='ltr' id='par_1_92' title="bbox 2325 3206 3913 3280">
     <span class='ocr_line' id='line_1_92' title="bbox 2325 3206 3913 3280; baseline 0.011 -20"><span class='ocrx_word' id='word_1_721' title='bbox 2325 3206 2504 3274; x_wconf 84' lang='lat' dir='ltr'><strong>septies</strong></span> <span class='ocrx_word' id='word_1_722' title='bbox 2531 3208 2653 3262; x_wconf 88' lang='lat' dir='ltr'><strong>ultio</strong></span> <span class='ocrx_word' id='word_1_723' title='bbox 2698 3221 2900 3279; x_wconf 84' lang='lat' dir='ltr'><strong>sumpta</strong></span> <span class='ocrx_word' id='word_1_724' title='bbox 2949 3221 3018 3265; x_wconf 82' lang='lat' dir='ltr'><strong>est</strong></span> <span class='ocrx_word' id='word_1_725' title='bbox 3048 3211 3110 3266; x_wconf 84' lang='lat' dir='ltr'><strong>de</strong></span> <span class='ocrx_word' id='word_1_726' title='bbox 3136 3211 3284 3280; x_wconf 83' lang='lat' dir='ltr'><strong>Cain,</strong></span> <span class='ocrx_word' id='word_1_727' title='bbox 3314 3215 3377 3268; x_wconf 87' lang='lat' dir='ltr'><strong>de</strong></span> <span class='ocrx_word' id='word_1_728' title='bbox 3405 3214 3625 3273; x_wconf 82' lang='lat' dir='ltr'><strong>Lameclt</strong></span> <span class='ocrx_word' id='word_1_729' title='bbox 3673 3237 3788 3275; x_wconf 71' lang='lat' dir='ltr'><strong>vero</strong></span> <span class='ocrx_word' id='word_1_730' title='bbox 3831 3239 3913 3276; x_wconf 86' lang='lat' dir='ltr'><strong>se-</strong></span> 
     </span>
    </p>
   </div>
   <div class='ocr_carea' id='block_1_93' title="bbox 2327 3297 3912 3375">
    <p class='ocr_par' dir='ltr' id='par_1_93' title="bbox 2327 3297 3912 3375">
     <span class='ocr_line' id='line_1_93' title="bbox 2327 3297 3912 3375; baseline 0.015 -30"><span class='ocrx_word' id='word_1_731' title='bbox 2327 3297 2553 3367; x_wconf 67' lang='lat' dir='ltr'><strong>ptuagics</strong></span> <span class='ocrx_word' id='word_1_732' title='bbox 2598 3299 2796 3368; x_wconf 83' lang='lat' dir='ltr'><strong>septies.</strong></span> <span class='ocrx_word' id='word_1_733' title='bbox 2843 3301 3102 3368; x_wconf 84' lang='lat' dir='ltr'><strong>Obsecro,</strong></span> <span class='ocrx_word' id='word_1_734' title='bbox 3150 3316 3329 3360; x_wconf 76' lang='lat' dir='ltr'><strong>mente</strong></span> <span class='ocrx_word' id='word_1_735' title='bbox 3373 3305 3572 3361; x_wconf 88' lang='lat' dir='ltr'><strong>intenta</strong></span> <span class='ocrx_word' id='word_1_736' title='bbox 3620 3319 3812 3375; x_wconf 86' lang='lat' dir='ltr'><strong>estote,</strong></span> <span class='ocrx_word' id='word_1_737' title='bbox 3855 3321 3912 3368; x_wconf 89' lang='lat' dir='ltr'><strong>et</strong></span> 
     </span>
    </p>
   </div>
   <div class='ocr_carea' id='block_1_94' title="bbox 2327 3386 3909 3472">
    <p class='ocr_par' dir='ltr' id='par_1_94' title="bbox 2327 3386 3909 3472">
     <span class='ocr_line' id='line_1_94' title="bbox 2327 3386 3909 3472; baseline 0.013 -34"><span class='ocrx_word' id='word_1_738' title='bbox 2327 3386 2502 3440; x_wconf 88' lang='lat' dir='ltr'><strong>omnia</strong></span> <span class='ocrx_word' id='word_1_739' title='bbox 2547 3404 2665 3456; x_wconf 83' lang='lat' dir='ltr'><strong>quze</strong></span> <span class='ocrx_word' id='word_1_740' title='bbox 2715 3390 2780 3444; x_wconf 90' lang='lat' dir='ltr'><strong>ad</strong></span> <span class='ocrx_word' id='word_1_741' title='bbox 2811 3393 3092 3447; x_wconf 63' lang='lat' dir='ltr'><strong>smeulares</strong></span> <span class='ocrx_word' id='word_1_742' title='bbox 3122 3409 3277 3449; x_wconf 81' lang='lat' dir='ltr'><strong>curas</strong></span> <span class='ocrx_word' id='word_1_743' title='bbox 3321 3399 3606 3466; x_wconf 47' lang='lat' dir='ltr'><strong>potinem,</strong></span> <span class='ocrx_word' id='word_1_744' title='bbox 3637 3416 3909 3472; x_wconf 82' lang='lat' dir='ltr'><strong>seponen-</strong></span> 
     </span>
    </p>
   </div>
   <div class='ocr_carea' id='block_1_95' title="bbox 2328 3479 3911 3558">
    <p class='ocr_par' dir='ltr' id='par_1_95' title="bbox 2328 3479 3911 3558">
     <span class='ocr_line' id='line_1_95' title="bbox 2328 3479 3911 3558; baseline 0.013 -30"><span class='ocrx_word' id='word_1_745' title='bbox 2328 3483 2426 3536; x_wconf 88' lang='lat' dir='ltr'><strong>tes.</strong></span> <span class='ocrx_word' id='word_1_746' title='bbox 2454 3490 2574 3530; x_wconf 91' lang='lat' dir='ltr'><strong>cum</strong></span> <span class='ocrx_word' id='word_1_747' title='bbox 2603 3479 2874 3549; x_wconf 74' lang='lat' dir='ltr'><strong>diligentia</strong></span> <span class='ocrx_word' id='word_1_748' title='bbox 2923 3498 3042 3551; x_wconf 78' lang='lat' dir='ltr'><strong>qua:</strong></span> <span class='ocrx_word' id='word_1_749' title='bbox 3085 3481 3358 3551; x_wconf 87' lang='lat' dir='ltr'><strong>dicuntur,</strong></span> <span class='ocrx_word' id='word_1_750' title='bbox 3406 3500 3823 3558; x_wconf 79' lang='lat' dir='ltr'><strong>perscrulctttur,</strong></span> <span class='ocrx_word' id='word_1_751' title='bbox 3852 3503 3911 3549; x_wconf 86' lang='lat' dir='ltr'><strong>ut</strong></span> 
     </span>
    </p>
   </div>
   <div class='ocr_carea' id='block_1_96' title="bbox 2328 3565 3908 3652">
    <p class='ocr_par' dir='ltr' id='par_1_96' title="bbox 2328 3565 3908 3652">
     <span class='ocr_line' id='line_1_96' title="bbox 2328 3565 3908 3652; baseline 0.014 -34"><span class='ocrx_word' id='word_1_752' title='bbox 2328 3565 2456 3619; x_wconf 85' lang='lat' dir='ltr'><strong>nihil</strong></span> <span class='ocrx_word' id='word_1_753' title='bbox 2484 3581 2668 3621; x_wconf 87' lang='lat' dir='ltr'><strong>eorum</strong></span> <span class='ocrx_word' id='word_1_754' title='bbox 2722 3584 2819 3624; x_wconf 88' lang='lat' dir='ltr'><strong>nos</strong></span> <span class='ocrx_word' id='word_1_755' title='bbox 2870 3571 3053 3635; x_wconf 87' lang='lat' dir='ltr'><strong>lateat,</strong></span> <span class='ocrx_word' id='word_1_756' title='bbox 3085 3575 3180 3630; x_wconf 86' lang='lat' dir='ltr'><strong>sed</strong></span> <span class='ocrx_word' id='word_1_757' title='bbox 3227 3587 3481 3646; x_wconf 89' lang='lat' dir='ltr'><strong>quantum</strong></span> <span class='ocrx_word' id='word_1_758' title='bbox 3528 3595 3812 3652; x_wconf 90' lang='lat' dir='ltr'><strong>possumus</strong></span> <span class='ocrx_word' id='word_1_759' title='bbox 3840 3586 3908 3641; x_wconf 85' lang='lat' dir='ltr'><strong>ad</strong></span> 
     </span>
    </p>
   </div>
   <div class='ocr_carea' id='block_1_97' title="bbox 2327 3657 3909 3745">
    <p class='ocr_par' dir='ltr' id='par_1_97' title="bbox 2327 3657 3909 3745">
     <span class='ocr_line' id='line_1_97' title="bbox 2327 3657 3909 3745; baseline 0.015 -37"><span class='ocrx_word' id='word_1_760' title='bbox 2327 3657 2642 3726; x_wconf 74' lang='lat' dir='ltr'><strong>profundum</strong></span> <span class='ocrx_word' id='word_1_761' title='bbox 2676 3661 2922 3731; x_wconf 85' lang='lat' dir='ltr'><strong>ingressi,</strong></span> <span class='ocrx_word' id='word_1_762' title='bbox 2951 3666 3215 3720; x_wconf 87' lang='lat' dir='ltr'><strong>occultum</strong></span> <span class='ocrx_word' id='word_1_763' title='bbox 3246 3669 3550 3726; x_wconf 76' lang='lat' dir='ltr'><strong>thesaurum</strong></span> <span class='ocrx_word' id='word_1_764' title='bbox 3583 3676 3761 3728; x_wconf 88' lang='lat' dir='ltr'><strong>venari</strong></span> <span class='ocrx_word' id='word_1_765' title='bbox 3787 3691 3909 3745; x_wconf 80' lang='lat' dir='ltr'><strong>pos-</strong></span> 
     </span>
    </p>
   </div>
   <div class='ocr_carea' id='block_1_98' title="bbox 2325 3742 3909 3830">
    <p class='ocr_par' dir='ltr' id='par_1_98' title="bbox 2325 3742 3909 3830">
     <span class='ocr_line' id='line_1_98' title="bbox 2325 3742 3909 3830; baseline 0.013 -28"><span class='ocrx_word' id='word_1_766' title='bbox 2325 3749 2490 3803; x_wconf 89' lang='lat' dir='ltr'><strong>simus</strong></span> <span class='ocrx_word' id='word_1_767' title='bbox 2521 3742 2572 3804; x_wconf 88' lang='lat' dir='ltr'><strong>in</strong></span> <span class='ocrx_word' id='word_1_768' title='bbox 2601 3753 2781 3820; x_wconf 65' lang='lat' dir='ltr'><strong>mucis</strong></span> <span class='ocrx_word' id='word_1_769' title='bbox 2807 3754 2910 3808; x_wconf 83' lang='lat' dir='ltr'><strong>illis</strong></span> <span class='ocrx_word' id='word_1_770' title='bbox 2934 3755 3111 3810; x_wconf 85' lang='lat' dir='ltr'><strong>verbis</strong></span> <span class='ocrx_word' id='word_1_771' title='bbox 3142 3758 3414 3816; x_wconf 88' lang='lat' dir='ltr'><strong>latentem.</strong></span> <span class='ocrx_word' id='word_1_772' title='bbox 3449 3761 3590 3817; x_wconf 74' lang='lat' dir='ltr'><strong>Dixit</strong></span> <span class='ocrx_word' id='word_1_773' title='bbox 3614 3742 3800 3830; x_wconf 67' lang='lat' dir='ltr'><strong>autem,</strong></span> <span class='ocrx_word' id='word_1_774' title='bbox 3829 3768 3909 3823; x_wconf 85' lang='lat' dir='ltr'><strong>itt-</strong></span> 
     </span>
    </p>
   </div>
   <div class='ocr_carea' id='block_1_99' title="bbox 2324 3841 3907 3914">
    <p class='ocr_par' dir='ltr' id='par_1_99' title="bbox 2324 3841 3907 3914">
     <span class='ocr_line' id='line_1_99' title="bbox 2324 3841 3907 3914; baseline 0.016 -24"><span class='ocrx_word' id='word_1_775' title='bbox 2324 3841 2457 3909; x_wconf 90' lang='lat' dir='ltr'><strong>quit,</strong></span> <span class='ocrx_word' id='word_1_776' title='bbox 2489 3841 2709 3896; x_wconf 78' lang='lat' dir='ltr'><strong>Lameclt</strong></span> <span class='ocrx_word' id='word_1_777' title='bbox 2750 3845 2991 3900; x_wconf 69' lang='lat' dir='ltr'><strong>uxoribus</strong></span> <span class='ocrx_word' id='word_1_778' title='bbox 3017 3848 3122 3902; x_wconf 85' lang='lat' dir='ltr'><strong>suis</strong></span> <span class='ocrx_word' id='word_1_779' title='bbox 3150 3849 3276 3904; x_wconf 77' lang='lat' dir='ltr'><strong>Atla:</strong></span> <span class='ocrx_word' id='word_1_780' title='bbox 3301 3861 3348 3904; x_wconf 86' lang='lat' dir='ltr'><strong>et</strong></span> <span class='ocrx_word' id='word_1_781' title='bbox 3378 3851 3534 3908; x_wconf 77' lang='lat' dir='ltr'><strong>Sella:</strong></span> <span class='ocrx_word' id='word_1_782' title='bbox 3557 3869 3575 3908; x_wconf 90' lang='lat'><strong><em>:</em></strong></span> <span class='ocrx_word' id='word_1_783' title='bbox 3611 3856 3798 3912; x_wconf 78' lang='lat' dir='ltr'><strong>Audite</strong></span> <span class='ocrx_word' id='word_1_784' title='bbox 3820 3875 3907 3914; x_wconf 77' lang='lat' dir='ltr'><strong>so-</strong></span> 
     </span>
    </p>
   </div>
   <div class='ocr_carea' id='block_1_100' title="bbox 2324 3934 3906 4013">
    <p class='ocr_par' dir='ltr' id='par_1_100' title="bbox 2324 3934 3906 4013">
     <span class='ocr_line' id='line_1_100' title="bbox 2324 3934 3906 4013; baseline 0.015 -31"><span class='ocrx_word' id='word_1_785' title='bbox 2324 3947 2431 3984; x_wconf 82' lang='lat' dir='ltr'><strong>cem</strong></span> <span class='ocrx_word' id='word_1_786' title='bbox 2461 3949 2641 3995; x_wconf 85' lang='lat' dir='ltr'><strong>meam,</strong></span> <span class='ocrx_word' id='word_1_787' title='bbox 2666 3950 2847 3990; x_wconf 70' lang='lat' dir='ltr'><strong>uxores</strong></span> <span class='ocrx_word' id='word_1_788' title='bbox 2878 3934 3116 4006; x_wconf 84' lang='lat' dir='ltr'><strong>Lameclt,</strong></span> <span class='ocrx_word' id='word_1_789' title='bbox 3147 3941 3352 3996; x_wconf 77' lang='lat' dir='ltr'><strong>auribus</strong></span> <span class='ocrx_word' id='word_1_790' title='bbox 3381 3945 3622 4013; x_wconf 83' lang='lat' dir='ltr'><strong>percipite</strong></span> <span class='ocrx_word' id='word_1_791' title='bbox 3655 3963 3906 4006; x_wconf 82' lang='lat' dir='ltr'><strong>sermones</strong></span> 
     </span>
    </p>
   </div>
   <div class='ocr_carea' id='block_1_101' title="bbox 2327 4023 3901 4109">
    <p class='ocr_par' dir='ltr' id='par_1_101' title="bbox 2327 4023 3901 4109">
     <span class='ocr_line' id='line_1_101' title="bbox 2327 4023 3901 4109; baseline 0.015 -37"><span class='ocrx_word' id='word_1_792' title='bbox 2327 4036 2478 4074; x_wconf 79' lang='lat' dir='ltr'><strong>meos.</strong></span> <span class='ocrx_word' id='word_1_793' title='bbox 2509 4023 2820 4089; x_wconf 87' lang='lat' dir='ltr'><strong>Considera,</strong></span> <span class='ocrx_word' id='word_1_794' title='bbox 2858 4027 3103 4092; x_wconf 81' lang='lat' dir='ltr'><strong>obsecro,</strong></span> <span class='ocrx_word' id='word_1_795' title='bbox 3132 4031 3310 4086; x_wconf 86' lang='lat' dir='ltr'><strong>statim</strong></span> <span class='ocrx_word' id='word_1_796' title='bbox 3356 4034 3423 4088; x_wconf 90' lang='lat' dir='ltr'><strong>ab</strong></span> <span class='ocrx_word' id='word_1_797' title='bbox 3451 4035 3618 4102; x_wconf 88' lang='lat' dir='ltr'><strong>initio,</strong></span> <span class='ocrx_word' id='word_1_798' title='bbox 3649 4051 3901 4109; x_wconf 89' lang='lat' dir='ltr'><strong>quantum</strong></span> 
     </span>
    </p>
   </div>
   <div class='ocr_carea' id='block_1_102' title="bbox 2328 4110 3901 4193">
    <p class='ocr_par' dir='ltr' id='par_1_102' title="bbox 2328 4110 3901 4193">
     <span class='ocr_line' id='line_1_102' title="bbox 2328 4110 3901 4193; baseline 0.015 -30"><span class='ocrx_word' id='word_1_799' title='bbox 2328 4110 2401 4166; x_wconf 92' lang='lat' dir='ltr'><strong>illi</strong></span> <span class='ocrx_word' id='word_1_800' title='bbox 2451 4114 2704 4181; x_wconf 79' lang='lat' dir='ltr'><strong>profuerit</strong></span> <span class='ocrx_word' id='word_1_801' title='bbox 2752 4132 2904 4186; x_wconf 76' lang='lat' dir='ltr'><strong>poena</strong></span> <span class='ocrx_word' id='word_1_802' title='bbox 2938 4120 3067 4174; x_wconf 90' lang='lat' dir='ltr'><strong>Cain</strong></span> <span class='ocrx_word' id='word_1_803' title='bbox 3098 4121 3348 4193; x_wconf 72' lang='lat' dir='ltr'><strong>irrogata.</strong></span> <span class='ocrx_word' id='word_1_804' title='bbox 3381 4123 3496 4181; x_wconf 81' lang='lat' dir='ltr'><strong>Non</strong></span> <span class='ocrx_word' id='word_1_805' title='bbox 3542 4129 3716 4183; x_wconf 88' lang='lat' dir='ltr'><strong>solum</strong></span> <span class='ocrx_word' id='word_1_806' title='bbox 3761 4132 3901 4185; x_wconf 86' lang='lat' dir='ltr'><strong>enim</strong></span> 
     </span>
    </p>
   </div>
   <div class='ocr_carea' id='block_1_103' title="bbox 2329 4209 3904 4286">
    <p class='ocr_par' dir='ltr' id='par_1_103' title="bbox 2329 4209 3904 4286">
     <span class='ocr_line' id='line_1_103' title="bbox 2329 4209 3904 4286; baseline 0.015 -32"><span class='ocrx_word' id='word_1_807' title='bbox 2329 4216 2432 4254; x_wconf 85' lang='lat' dir='ltr'><strong>non</strong></span> <span class='ocrx_word' id='word_1_808' title='bbox 2465 4215 2741 4272; x_wconf 79' lang='lat' dir='ltr'><strong>exspectat</strong></span> <span class='ocrx_word' id='word_1_809' title='bbox 2783 4217 2839 4261; x_wconf 92' lang='lat' dir='ltr'><strong>ut</strong></span> <span class='ocrx_word' id='word_1_810' title='bbox 2864 4209 2931 4262; x_wconf 89' lang='lat' dir='ltr'><strong>ab</strong></span> <span class='ocrx_word' id='word_1_811' title='bbox 2959 4210 3064 4264; x_wconf 86' lang='lat' dir='ltr'><strong>alio</strong></span> <span class='ocrx_word' id='word_1_812' title='bbox 3090 4223 3362 4283; x_wconf 86' lang='lat' dir='ltr'><strong>arguatur,</strong></span> <span class='ocrx_word' id='word_1_813' title='bbox 3394 4218 3534 4286; x_wconf 86' lang='lat' dir='ltr'><strong>quod</strong></span> <span class='ocrx_word' id='word_1_814' title='bbox 3563 4218 3615 4272; x_wconf 91' lang='lat' dir='ltr'><strong>in</strong></span> <span class='ocrx_word' id='word_1_815' title='bbox 3664 4219 3804 4276; x_wconf 89' lang='lat' dir='ltr'><strong>idem</strong></span> <span class='ocrx_word' id='word_1_816' title='bbox 3850 4233 3904 4278; x_wconf 88' lang='lat' dir='ltr'><strong>et</strong></span> 
     </span>
    </p>
   </div>
   <div class='ocr_carea' id='block_1_104' title="bbox 2326 4293 3902 4368">
    <p class='ocr_par' dir='ltr' id='par_1_104' title="bbox 2326 4293 3902 4368">
     <span class='ocr_line' id='line_1_104' title="bbox 2326 4293 3902 4368; baseline 0.015 -25"><span class='ocrx_word' id='word_1_817' title='bbox 2326 4293 2540 4360; x_wconf 79' lang='lat' dir='ltr'><strong>gravius</strong></span> <span class='ocrx_word' id='word_1_818' title='bbox 2570 4307 2842 4363; x_wconf 79' lang='lat' dir='ltr'><strong>peccatum</strong></span> <span class='ocrx_word' id='word_1_819' title='bbox 2874 4299 3051 4368; x_wconf 85' lang='lat' dir='ltr'><strong>lapsus</strong></span> <span class='ocrx_word' id='word_1_820' title='bbox 3093 4304 3182 4368; x_wconf 83' lang='lat' dir='ltr'><strong>sit,</strong></span> <span class='ocrx_word' id='word_1_821' title='bbox 3212 4305 3303 4358; x_wconf 86' lang='lat' dir='ltr'><strong>sed</strong></span> <span class='ocrx_word' id='word_1_822' title='bbox 3335 4307 3480 4360; x_wconf 92' lang='lat' dir='ltr'><strong>nullo</strong></span> <span class='ocrx_word' id='word_1_823' title='bbox 3509 4309 3589 4362; x_wconf 87' lang='lat' dir='ltr'><strong>vel</strong></span> <span class='ocrx_word' id='word_1_824' title='bbox 3618 4322 3902 4366; x_wconf 83' lang='lat' dir='ltr'><strong>accusante</strong></span> 
     </span>
    </p>
   </div>
   <div class='ocr_carea' id='block_1_105' title="bbox 2328 4384 3903 4470">
    <p class='ocr_par' dir='ltr' id='par_1_105' title="bbox 2328 4384 3903 4470">
     <span class='ocr_line' id='line_1_105' title="bbox 2328 4384 3903 4470; baseline 0.017 -37"><span class='ocrx_word' id='word_1_825' title='bbox 2328 4384 2408 4437; x_wconf 86' lang='lat' dir='ltr'><strong>vel</strong></span> <span class='ocrx_word' id='word_1_826' title='bbox 2444 4384 2768 4454; x_wconf 86' lang='lat' dir='ltr'><strong>increpante,</strong></span> <span class='ocrx_word' id='word_1_827' title='bbox 2801 4390 2913 4458; x_wconf 87' lang='lat' dir='ltr'><strong>ipse</strong></span> <span class='ocrx_word' id='word_1_828' title='bbox 2947 4392 3288 4462; x_wconf 86' lang='lat' dir='ltr'><strong>semetipsum</strong></span> <span class='ocrx_word' id='word_1_829' title='bbox 3314 4397 3650 4454; x_wconf 79' lang='lat' dir='ltr'><strong>manifestum</strong></span> <span class='ocrx_word' id='word_1_830' title='bbox 3681 4401 3821 4470; x_wconf 81' lang='lat' dir='ltr'><strong>f;:cit,</strong></span> <span class='ocrx_word' id='word_1_831' title='bbox 3849 4415 3903 4459; x_wconf 88' lang='lat' dir='ltr'><strong>et</strong></span> 
     </span>
    </p>
   </div>
   <div class='ocr_carea' id='block_1_106' title="bbox 2325 4475 3900 4557">
    <p class='ocr_par' dir='ltr' id='par_1_106' title="bbox 2325 4475 3900 4557">
     <span class='ocr_line' id='line_1_106' title="bbox 2325 4475 3900 4557; baseline 0.014 -31"><span class='ocrx_word' id='word_1_832' title='bbox 2325 4475 2608 4528; x_wconf 76' lang='lat' dir='ltr'><strong>conﬁtetur</strong></span> <span class='ocrx_word' id='word_1_833' title='bbox 2649 4491 2768 4544; x_wconf 81' lang='lat' dir='ltr'><strong>qu.e</strong></span> <span class='ocrx_word' id='word_1_834' title='bbox 2810 4477 2948 4533; x_wconf 78' lang='lat' dir='ltr'><strong>facta</strong></span> <span class='ocrx_word' id='word_1_835' title='bbox 2996 4481 3122 4545; x_wconf 88' lang='lat' dir='ltr'><strong>sint,</strong></span> <span class='ocrx_word' id='word_1_836' title='bbox 3156 4483 3572 4557; x_wconf 76' lang='lat' dir='ltr'><strong>mulieribusrpre</strong></span> <span class='ocrx_word' id='word_1_837' title='bbox 3601 4502 3780 4546; x_wconf 74' lang='lat' dir='ltr'><strong>narrat</strong></span> <span class='ocrx_word' id='word_1_838' title='bbox 3805 4492 3900 4547; x_wconf 81' lang='lat' dir='ltr'><strong>dc-</strong></span> 
     </span>
    </p>
   </div>
   <div class='ocr_carea' id='block_1_107' title="bbox 2327 4565 3898 4651">
    <p class='ocr_par' dir='ltr' id='par_1_107' title="bbox 2327 4565 3898 4651">
     <span class='ocr_line' id='line_1_107' title="bbox 2327 4565 3898 4651; baseline 0.011 -32"><span class='ocrx_word' id='word_1_839' title='bbox 2327 4565 2433 4620; x_wconf 88' lang='lat' dir='ltr'><strong>licti</strong></span> <span class='ocrx_word' id='word_1_840' title='bbox 2467 4568 2902 4636; x_wconf 87' lang='lat' dir='ltr'><strong>magnitudinem,</strong></span> <span class='ocrx_word' id='word_1_841' title='bbox 2935 4574 3085 4640; x_wconf 87' lang='lat' dir='ltr'><strong>quasi</strong></span> <span class='ocrx_word' id='word_1_842' title='bbox 3118 4572 3246 4627; x_wconf 85' lang='lat' dir='ltr'><strong>illud</strong></span> <span class='ocrx_word' id='word_1_843' title='bbox 3271 4575 3410 4644; x_wconf 88' lang='lat' dir='ltr'><strong>quod</strong></span> <span class='ocrx_word' id='word_1_844' title='bbox 3457 4593 3485 4630; x_wconf 90' lang='lat' dir='ltr'><strong>a</strong></span> <span class='ocrx_word' id='word_1_845' title='bbox 3534 4581 3788 4651; x_wconf 83' lang='lat' dir='ltr'><strong>propheta</strong></span> <span class='ocrx_word' id='word_1_846' title='bbox 3815 4584 3898 4637; x_wconf 85' lang='lat' dir='ltr'><strong>di-</strong></span> 
     </span>
    </p>
   </div>
   <div class='ocr_carea' id='block_1_108' title="bbox 2325 4659 3899 4735">
    <p class='ocr_par' dir='ltr' id='par_1_108' title="bbox 2325 4659 3899 4735">
     <span class='ocr_line' id='line_1_108' title="bbox 2325 4659 3899 4735; baseline 0.011 -25"><span class='ocrx_word' id='word_1_847' title='bbox 2325 4665 2467 4710; x_wconf 88' lang='lat' dir='ltr'><strong>ctmu</strong></span> <span class='ocrx_word' id='word_1_848' title='bbox 2507 4667 2608 4723; x_wconf 87' lang='lat' dir='ltr'><strong>est,</strong></span> <span class='ocrx_word' id='word_1_849' title='bbox 2639 4659 2864 4727; x_wconf 88' lang='lat' dir='ltr'><strong>implcns</strong></span> <span class='ocrx_word' id='word_1_850' title='bbox 2893 4678 2908 4716; x_wconf 89' lang='lat'><strong>:</strong></span> <span class='ocrx_word' id='word_1_851' title='bbox 2934 4659 3115 4718; x_wconf 81' lang='lat' dir='ltr'><strong>Justus</strong></span> <span class='ocrx_word' id='word_1_852' title='bbox 3142 4666 3221 4717; x_wconf 81' lang='lat' dir='ltr'><strong>sui</strong></span> <span class='ocrx_word' id='word_1_853' title='bbox 3246 4667 3404 4735; x_wconf 86' lang='lat' dir='ltr'><strong>ipsius</strong></span> <span class='ocrx_word' id='word_1_854' title='bbox 3449 4682 3712 4726; x_wconf 70' lang='lat' dir='ltr'><strong>aciusator</strong></span> <span class='ocrx_word' id='word_1_855' title='bbox 3748 4685 3822 4727; x_wconf 84' lang='lat' dir='ltr'><strong>est</strong></span> <span class='ocrx_word' id='word_1_856' title='bbox 3849 4677 3899 4728; x_wconf 75' lang='lat' dir='ltr'><strong>in</strong></span> 
     </span>
    </p>
   </div>
   <div class='ocr_carea' id='block_1_109' title="bbox 2327 4749 3896 4826">
    <p class='ocr_par' dir='ltr' id='par_1_109' title="bbox 2327 4749 3896 4826">
     <span class='ocr_line' id='line_1_109' title="bbox 2327 4749 3896 4826; baseline 0.014 -28"><span class='ocrx_word' id='word_1_857' title='bbox 2327 4749 2572 4817; x_wconf 79' lang='lat' dir='ltr'><strong>principio</strong></span> <span class='ocrx_word' id='word_1_858' title='bbox 2603 4753 2844 4804; x_wconf 89' lang='lat' dir='ltr'><strong>sermonis</strong></span> <span class='ocrx_word' id='word_1_859' title='bbox 2876 4750 3054 4820; x_wconf 78' lang='lat' dir='ltr'><strong>(Prov.</strong></span> <span class='ocrx_word' id='word_1_860' title='bbox 3089 4755 3172 4810; x_wconf 77' lang='grc'><strong>18.</strong></span> <span class='ocrx_word' id='word_1_861' title='bbox 3211 4757 3321 4826; x_wconf 82' lang='lat' dir='ltr'><strong>l7).</strong></span> <span class='ocrx_word' id='word_1_862' title='bbox 3352 4759 3642 4815; x_wconf 85' lang='lat' dir='ltr'><strong>Plurimum</strong></span> <span class='ocrx_word' id='word_1_863' title='bbox 3666 4765 3806 4819; x_wconf 77' lang='lat' dir='ltr'><strong>enim</strong></span> <span class='ocrx_word' id='word_1_864' title='bbox 3835 4769 3896 4821; x_wconf 88' lang='lat' dir='ltr'><strong>ad</strong></span> 
     </span>
    </p>
   </div>
   <div class='ocr_carea' id='block_1_110' title="bbox 2325 4837 3898 4927">
    <p class='ocr_par' dir='ltr' id='par_1_110' title="bbox 2325 4837 3898 4927">
     <span class='ocr_line' id='line_1_110' title="bbox 2325 4837 3898 4927; baseline 0.014 -37"><span class='ocrx_word' id='word_1_865' title='bbox 2325 4837 2657 4892; x_wconf 88' lang='lat' dir='ltr'><strong>emendanda</strong></span> <span class='ocrx_word' id='word_1_866' title='bbox 2687 4851 2899 4909; x_wconf 83' lang='lat' dir='ltr'><strong>peccata</strong></span> <span class='ocrx_word' id='word_1_867' title='bbox 2925 4843 3063 4898; x_wconf 78' lang='lat' dir='ltr'><strong>valet</strong></span> <span class='ocrx_word' id='word_1_868' title='bbox 3087 4846 3376 4903; x_wconf 76' lang='lat' dir='ltr'><strong>eool‘cssio.</strong></span> <span class='ocrx_word' id='word_1_869' title='bbox 3396 4849 3586 4920; x_wconf 85' lang='lat' dir='ltr'><strong>Utique</strong></span> <span class='ocrx_word' id='word_1_870' title='bbox 3616 4855 3753 4910; x_wconf 88' lang='lat' dir='ltr'><strong>sicut</strong></span> <span class='ocrx_word' id='word_1_871' title='bbox 3778 4873 3867 4927; x_wconf 85' lang='lat' dir='ltr'><strong>gra</strong></span> <span class='ocrx_word' id='word_1_872' title='bbox 3886 4890 3898 4900; x_wconf 91' lang='lat'><strong><em>-</em></strong></span> 
     </span>
    </p>
   </div>
   <div class='ocr_carea' id='block_1_111' title="bbox 2328 4930 3897 5020">
    <p class='ocr_par' dir='ltr' id='par_1_111' title="bbox 2328 4930 3897 5020">
     <span class='ocr_line' id='line_1_111' title="bbox 2328 4930 3897 5020; baseline 0.017 -40"><span class='ocrx_word' id='word_1_873' title='bbox 2328 4930 2446 4984; x_wconf 88' lang='lat' dir='ltr'><strong>vius</strong></span> <span class='ocrx_word' id='word_1_874' title='bbox 2473 4939 2554 4986; x_wconf 90' lang='lat' dir='ltr'><strong>est</strong></span> <span class='ocrx_word' id='word_1_875' title='bbox 2583 4935 2810 5000; x_wconf 89' lang='lat' dir='ltr'><strong>peccatis</strong></span> <span class='ocrx_word' id='word_1_876' title='bbox 2856 4936 3002 5004; x_wconf 85' lang='lat' dir='ltr'><strong>ipsis,</strong></span> <span class='ocrx_word' id='word_1_877' title='bbox 3037 4949 3154 5008; x_wconf 90' lang='lat' dir='ltr'><strong>post</strong></span> <span class='ocrx_word' id='word_1_878' title='bbox 3198 4953 3410 5010; x_wconf 78' lang='lat' dir='ltr'><strong>peccata</strong></span> <span class='ocrx_word' id='word_1_879' title='bbox 3439 4948 3747 5016; x_wconf 83' lang='lat' dir='ltr'><strong>commissa,</strong></span> <span class='ocrx_word' id='word_1_880' title='bbox 3777 4967 3897 5020; x_wconf 73' lang='lat' dir='ltr'><strong>puc-</strong></span> 
     </span>
    </p>
   </div>
   <div class='ocr_carea' id='block_1_112' title="bbox 2324 5021 3897 5106">
    <p class='ocr_par' dir='ltr' id='par_1_112' title="bbox 2324 5021 3897 5106">
     <span class='ocr_line' id='line_1_112' title="bbox 2324 5021 3897 5106; baseline 0.015 -33"><span class='ocrx_word' id='word_1_881' title='bbox 2324 5029 2440 5074; x_wconf 85' lang='lat' dir='ltr'><strong>cata</strong></span> <span class='ocrx_word' id='word_1_882' title='bbox 2485 5021 2707 5078; x_wconf 89' lang='lat' dir='ltr'><strong>inliciari</strong></span> <span class='ocrx_word' id='word_1_883' title='bbox 2741 5042 2754 5078; x_wconf 91' lang='lat'><strong>:</strong></span> <span class='ocrx_word' id='word_1_884' title='bbox 2789 5025 2840 5080; x_wconf 87' lang='lat' dir='ltr'><strong>id</strong></span> <span class='ocrx_word' id='word_1_885' title='bbox 2869 5028 3010 5097; x_wconf 88' lang='lat' dir='ltr'><strong>quod</strong></span> <span class='ocrx_word' id='word_1_886' title='bbox 3058 5029 3322 5085; x_wconf 69' lang='lat' dir='ltr'><strong>fratricida</strong></span> <span class='ocrx_word' id='word_1_887' title='bbox 3356 5035 3444 5088; x_wconf 89' lang='lat' dir='ltr'><strong>ille</strong></span> <span class='ocrx_word' id='word_1_888' title='bbox 3477 5037 3686 5106; x_wconf 88' lang='lat' dir='ltr'><strong>agebat,</strong></span> <span class='ocrx_word' id='word_1_889' title='bbox 3715 5052 3769 5094; x_wconf 90' lang='lat' dir='ltr'><strong>et</strong></span> <span class='ocrx_word' id='word_1_890' title='bbox 3817 5059 3897 5096; x_wconf 87' lang='lat' dir='ltr'><strong>ro-</strong></span> 
     </span>
    </p>
   </div>
   <div class='ocr_carea' id='block_1_113' title="bbox 2323 5116 3896 5191">
    <p class='ocr_par' dir='ltr' id='par_1_113' title="bbox 2323 5116 3896 5191">
     <span class='ocr_line' id='line_1_113' title="bbox 2323 5116 3896 5191; baseline 0.018 -28"><span class='ocrx_word' id='word_1_891' title='bbox 2323 5121 2477 5181; x_wconf 88' lang='lat' dir='ltr'><strong>gatus</strong></span> <span class='ocrx_word' id='word_1_892' title='bbox 2507 5129 2537 5167; x_wconf 92' lang='lat' dir='ltr'><strong>a</strong></span> <span class='ocrx_word' id='word_1_893' title='bbox 2566 5116 2909 5173; x_wconf 88' lang='lat' dir='ltr'><strong>misericorde</strong></span> <span class='ocrx_word' id='word_1_894' title='bbox 2951 5119 3082 5188; x_wconf 85' lang='lat' dir='ltr'><strong>Deo,</strong></span> <span class='ocrx_word' id='word_1_895' title='bbox 3113 5138 3217 5177; x_wconf 86' lang='lat' dir='ltr'><strong>non</strong></span> <span class='ocrx_word' id='word_1_896' title='bbox 3247 5127 3454 5180; x_wconf 66' lang='lat' dir='ltr'><strong>solum”</strong></span> <span class='ocrx_word' id='word_1_897' title='bbox 3478 5145 3580 5184; x_wconf 91' lang='lat' dir='ltr'><strong>non</strong></span> <span class='ocrx_word' id='word_1_898' title='bbox 3627 5133 3896 5191; x_wconf 81' lang='lat' dir='ltr'><strong>confessus</strong></span> 
     </span>
    </p>
   </div>
   <div class='ocr_carea' id='block_1_114' title="bbox 2324 5203 3897 5287">
    <p class='ocr_par' dir='ltr' id='par_1_114' title="bbox 2324 5203 3897 5287">
     <span class='ocr_line' id='line_1_114' title="bbox 2324 5203 3897 5287; baseline 0.016 -32"><span class='ocrx_word' id='word_1_899' title='bbox 2324 5212 2408 5257; x_wconf 88' lang='lat' dir='ltr'><strong>est</strong></span> <span class='ocrx_word' id='word_1_900' title='bbox 2437 5203 2486 5258; x_wconf 93' lang='lat' dir='ltr'><strong>id</strong></span> <span class='ocrx_word' id='word_1_901' title='bbox 2517 5205 2656 5275; x_wconf 90' lang='lat' dir='ltr'><strong>quod</strong></span> <span class='ocrx_word' id='word_1_902' title='bbox 2680 5222 2844 5262; x_wconf 82' lang='lat' dir='ltr'><strong>ausus</strong></span> <span class='ocrx_word' id='word_1_903' title='bbox 2883 5211 3051 5266; x_wconf 75' lang='lat' dir='ltr'><strong>fuerat</strong></span> <span class='ocrx_word' id='word_1_904' title='bbox 3082 5222 3293 5281; x_wconf 86' lang='lat' dir='ltr'><strong>patrare</strong></span> <span class='ocrx_word' id='word_1_905' title='bbox 3331 5217 3554 5287; x_wconf 74' lang='lat' dir='ltr'><strong>facinus,</strong></span> <span class='ocrx_word' id='word_1_906' title='bbox 3591 5223 3683 5277; x_wconf 88' lang='lat' dir='ltr'><strong>sed</strong></span> <span class='ocrx_word' id='word_1_907' title='bbox 3716 5235 3769 5278; x_wconf 89' lang='lat' dir='ltr'><strong>ct</strong></span> <span class='ocrx_word' id='word_1_908' title='bbox 3797 5227 3897 5280; x_wconf 84' lang='lat' dir='ltr'><strong>Deo</strong></span> 
     </span>
    </p>
   </div>
   <div class='ocr_carea' id='block_1_115' title="bbox 2326 5296 3899 5379">
    <p class='ocr_par' dir='ltr' id='par_1_115' title="bbox 2326 5296 3899 5379">
     <span class='ocr_line' id='line_1_115' title="bbox 2326 5296 3899 5379; baseline 0.014 -31"><span class='ocrx_word' id='word_1_909' title='bbox 2326 5296 2536 5350; x_wconf 89' lang='lat' dir='ltr'><strong>mentiri</strong></span> <span class='ocrx_word' id='word_1_910' title='bbox 2563 5311 2725 5352; x_wconf 87' lang='lat' dir='ltr'><strong>ausus</strong></span> <span class='ocrx_word' id='word_1_911' title='bbox 2749 5309 2831 5354; x_wconf 88' lang='lat' dir='ltr'><strong>est</strong></span> <span class='ocrx_word' id='word_1_912' title='bbox 2865 5317 2880 5354; x_wconf 74' lang='grc' dir='ltr'><em>ε</em></span> <span class='ocrx_word' id='word_1_913' title='bbox 2909 5309 2965 5354; x_wconf 90' lang='lat' dir='ltr'><strong>ct</strong></span> <span class='ocrx_word' id='word_1_914' title='bbox 2991 5302 3108 5358; x_wconf 89' lang='lat' dir='ltr'><strong>ideo</strong></span> <span class='ocrx_word' id='word_1_915' title='bbox 3135 5316 3191 5360; x_wconf 93' lang='lat' dir='ltr'><strong>ut</strong></span> <span class='ocrx_word' id='word_1_916' title='bbox 3222 5307 3625 5379; x_wconf 80' lang='lat' dir='ltr'><strong>prolongaretur</strong></span> <span class='ocrx_word' id='word_1_917' title='bbox 3649 5313 3756 5367; x_wconf 77' lang='lat' dir='ltr'><strong>vita</strong></span> <span class='ocrx_word' id='word_1_918' title='bbox 3781 5331 3899 5378; x_wconf 81' lang='lat' dir='ltr'><strong>sua,</strong></span> 
     </span>
    </p>
   </div>
   <div class='ocr_carea' id='block_1_116' title="bbox 2325 5382 3898 5467">
    <p class='ocr_par' dir='ltr' id='par_1_116' title="bbox 2325 5382 3898 5467">
     <span class='ocr_line' id='line_1_116' title="bbox 2325 5382 3898 5467; baseline 0.014 -30"><span class='ocrx_word' id='word_1_919' title='bbox 2325 5382 2469 5438; x_wconf 81' lang='lat' dir='ltr'><strong>fecit.</strong></span> <span class='ocrx_word' id='word_1_920' title='bbox 2500 5385 2660 5456; x_wconf 87' lang='lat' dir='ltr'><strong>igitur</strong></span> <span class='ocrx_word' id='word_1_921' title='bbox 2688 5388 2917 5445; x_wconf 88' lang='lat' dir='ltr'><strong>Lameeh</strong></span> <span class='ocrx_word' id='word_1_922' title='bbox 2962 5392 3015 5446; x_wconf 92' lang='lat' dir='ltr'><strong>in</strong></span> <span class='ocrx_word' id='word_1_923' title='bbox 3061 5394 3147 5448; x_wconf 84' lang='lat' dir='ltr'><strong>illa</strong></span> <span class='ocrx_word' id='word_1_924' title='bbox 3193 5398 3305 5466; x_wconf 89' lang='lat' dir='ltr'><strong>ipsa</strong></span> <span class='ocrx_word' id='word_1_925' title='bbox 3355 5409 3566 5467; x_wconf 86' lang='lat' dir='ltr'><strong>peccata</strong></span> <span class='ocrx_word' id='word_1_926' title='bbox 3610 5403 3898 5461; x_wconf 87' lang='lat' dir='ltr'><strong>inciderat:</strong></span> 
     </span>
    </p>
   </div>
   <div class='ocr_carea' id='block_1_117' title="bbox 2331 5470 3893 5556">
    <p class='ocr_par' dir='ltr' id='par_1_117' title="bbox 2331 5470 3893 5556">
     <span class='ocr_line' id='line_1_117' title="bbox 2331 5470 3893 5556; baseline 0.012 -32"><span class='ocrx_word' id='word_1_927' title='bbox 2331 5471 2427 5524; x_wconf 90' lang='lat' dir='ltr'><strong>sed</strong></span> <span class='ocrx_word' id='word_1_928' title='bbox 2458 5470 2640 5526; x_wconf 88' lang='lat' dir='ltr'><strong>animo</strong></span> <span class='ocrx_word' id='word_1_929' title='bbox 2661 5480 2944 5542; x_wconf 85' lang='lat' dir='ltr'><strong>reputans,</strong></span> <span class='ocrx_word' id='word_1_930' title='bbox 2969 5477 3315 5546; x_wconf 83' lang='lat' dir='ltr'><strong>negationem</strong></span> <span class='ocrx_word' id='word_1_931' title='bbox 3337 5483 3557 5551; x_wconf 82' lang='lat' dir='ltr'><strong>gravius</strong></span> <span class='ocrx_word' id='word_1_932' title='bbox 3575 5484 3651 5539; x_wconf 89' lang='lat' dir='ltr'><strong>illi</strong></span> <span class='ocrx_word' id='word_1_933' title='bbox 3678 5502 3893 5556; x_wconf 72' lang='lat' dir='ltr'><strong>parasse</strong></span> 
     </span>
    </p>
   </div>
   <div class='ocr_carea' id='block_1_118' title="bbox 2332 5558 3896 5645">
    <p class='ocr_par' dir='ltr' id='par_1_118' title="bbox 2332 5558 3896 5645">
     <span class='ocr_line' id='line_1_118' title="bbox 2332 5558 3896 5645; baseline 0.012 -32"><span class='ocrx_word' id='word_1_934' title='bbox 2332 5558 2681 5630; x_wconf 87' lang='lat' dir='ltr'><strong>supplicium,</strong></span> <span class='ocrx_word' id='word_1_935' title='bbox 2708 5563 2918 5618; x_wconf 89' lang='lat' dir='ltr'><strong>vocatis</strong></span> <span class='ocrx_word' id='word_1_936' title='bbox 2942 5565 3264 5622; x_wconf 88' lang='lat' dir='ltr'><strong>mulieribus</strong></span> <span class='ocrx_word' id='word_1_937' title='bbox 3281 5570 3417 5637; x_wconf 88' lang='lat' dir='ltr'><strong>suis,</strong></span> <span class='ocrx_word' id='word_1_938' title='bbox 3439 5571 3588 5627; x_wconf 89' lang='lat' dir='ltr'><strong>nullo</strong></span> <span class='ocrx_word' id='word_1_939' title='bbox 3607 5575 3896 5645; x_wconf 76' lang='lat' dir='ltr'><strong>reprehen-</strong></span> 
     </span>
    </p>
   </div>
   <div class='ocr_carea' id='block_1_119' title="bbox 2395 5718 3120 5777">
    <p class='ocr_par' dir='ltr' id='par_1_119' title="bbox 2395 5718 3120 5777">
     <span class='ocr_line' id='line_1_119' title="bbox 2395 5718 3120 5777; baseline 0.012 -14"><span class='ocrx_word' id='word_1_940' title='bbox 2395 5722 2408 5751; x_wconf 83' lang='grc' dir='ltr'>ι</span> <span class='ocrx_word' id='word_1_941' title='bbox 2439 5721 2535 5765; x_wconf 58' lang='lat' dir='ltr'><strong>Rev</strong></span> <span class='ocrx_word' id='word_1_942' title='bbox 2567 5718 2677 5767; x_wconf 77' lang='lat' dir='ltr'><strong>Mss.</strong></span> <span class='ocrx_word' id='word_1_943' title='bbox 2706 5728 2752 5769; x_wconf 86' lang='lat' dir='ltr'><strong>et</strong></span> <span class='ocrx_word' id='word_1_944' title='bbox 2778 5720 2948 5777; x_wconf 79' lang='lat' dir='ltr'><strong>Savil.,</strong></span> <span class='ocrx_word' id='word_1_945' title='bbox 2973 5721 3120 5774; x_wconf 70' lang='lat' dir='ltr'><strong>vobis.</strong></span> 
     </span>
    </p>
   </div>
   <div class='ocr_carea' id='block_1_120' title="bbox 2392 5781 3895 5851">
    <p class='ocr_par' dir='ltr' id='par_1_120' title="bbox 2392 5781 3895 5851">
     <span class='ocr_line' id='line_1_120' title="bbox 2392 5781 3895 5851; baseline 0.006 -15"><span class='ocrx_word' id='word_1_946' title='bbox 2392 5783 2412 5812; x_wconf 83' lang='grc'>³</span> <span class='ocrx_word' id='word_1_947' title='bbox 2437 5781 2564 5851; x_wconf 25' lang='grc' dir='ltr'><strong>Δίιος.</strong></span> <span class='ocrx_word' id='word_1_948' title='bbox 2591 5796 2713 5829; x_wconf 62' lang='lat' dir='ltr'><strong>unus</strong></span> <span class='ocrx_word' id='word_1_949' title='bbox 2734 5790 2792 5851; x_wconf 52' lang='lat' dir='ltr'><strong>et</strong></span> <span class='ocrx_word' id='word_1_950' title='bbox 2819 5785 2971 5851; x_wconf 34' lang='grc' dir='ltr'><strong>δέη-ἕξ.</strong></span> <span class='ocrx_word' id='word_1_951' title='bbox 3001 5784 3074 5833; x_wconf 73' lang='lat' dir='ltr'><strong>sic</strong></span> <span class='ocrx_word' id='word_1_952' title='bbox 3109 5787 3312 5844; x_wconf 76' lang='lat' dir='ltr'><strong>habent.</strong></span> <span class='ocrx_word' id='word_1_953' title='bbox 3336 5795 3382 5839; x_wconf 78' lang='lat' dir='ltr'><strong>et</strong></span> <span class='ocrx_word' id='word_1_954' title='bbox 3415 5797 3608 5851; x_wconf 76' lang='lat' dir='ltr'><strong>rogatus</strong></span> <span class='ocrx_word' id='word_1_955' title='bbox 3637 5807 3667 5840; x_wconf 76' lang='grc' dir='ltr'><em>ιι</em></span> <span class='ocrx_word' id='word_1_956' title='bbox 3704 5791 3895 5845; x_wconf 70' lang='lat' dir='ltr'><strong>miscri-</strong></span> 
     </span>
    </p>
   </div>
   <div class='ocr_carea' id='block_1_121' title="bbox 2329 5843 3585 5909">
    <p class='ocr_par' dir='ltr' id='par_1_121' title="bbox 2329 5843 3585 5909">
     <span class='ocr_line' id='line_1_121' title="bbox 2329 5843 3585 5909; baseline 0.009 -19"><span class='ocrx_word' id='word_1_957' title='bbox 2329 5845 2474 5892; x_wconf 82' lang='lat' dir='ltr'><strong>corde</strong></span> <span class='ocrx_word' id='word_1_958' title='bbox 2506 5847 2618 5903; x_wconf 86' lang='lat' dir='ltr'><strong>Uco,</strong></span> <span class='ocrx_word' id='word_1_959' title='bbox 2649 5858 2667 5890; x_wconf 84' lang='lat' dir='ltr'><strong>t</strong></span> <span class='ocrx_word' id='word_1_960' title='bbox 2693 5843 2772 5895; x_wconf 83' lang='lat' dir='ltr'><strong>ubi</strong></span> <span class='ocrx_word' id='word_1_961' title='bbox 2795 5846 3078 5908; x_wconf 73' lang='lat' dir='ltr'><strong>Al&#39;elfruter</strong></span> <span class='ocrx_word' id='word_1_962' title='bbox 3098 5855 3222 5909; x_wconf 63' lang='lat' dir='ltr'><strong>tum,</strong></span> <span class='ocrx_word' id='word_1_963' title='bbox 3254 5867 3270 5898; x_wconf 75' lang='grc' dir='ltr'><strong><em>ι</em></strong></span> <span class='ocrx_word' id='word_1_964' title='bbox 3297 5843 3390 5901; x_wconf 85' lang='lat' dir='ltr'><strong>non</strong></span> <span class='ocrx_word' id='word_1_965' title='bbox 3415 5843 3585 5903; x_wconf 78' lang='lat' dir='ltr'><strong>solum.</strong></span> 
     </span>
    </p>
   </div>
  </div>
