  <div class='ocr_page' id='page_1' title='image "/cluster/home/n/w/nwhite01/storage/ocr_20150623/53/uva.x030486927/171.png"; bbox 0 0 4146 6496; ppageno 0'>
   <div class='ocr_carea' id='block_1_1' title="bbox 531 351 630 409">
    <p class='ocr_par' dir='ltr' id='par_1_1' title="bbox 531 351 630 409">
     <span class='ocr_line' id='line_1_1' title="bbox 531 351 630 409; baseline -0.01 -1"><span class='ocrx_word' id='word_1_1' title='bbox 531 351 630 409; x_wconf 74' lang='grc'>168</span> 
     </span>
    </p>
   </div>
   <div class='ocr_carea' id='block_1_2' title="bbox 525 453 2167 532">
    <p class='ocr_par' dir='ltr' id='par_1_2' title="bbox 525 453 2167 532">
     <span class='ocr_line' id='line_1_2' title="bbox 525 453 2167 532; baseline -0.002 -18"><span class='ocrx_word' id='word_1_2' title='bbox 525 482 542 514; x_wconf 66' lang='grc' dir='ltr'>τ</span> <span class='ocrx_word' id='word_1_3' title='bbox 563 465 620 518; x_wconf 77' lang='grc' dir='ltr'>αὶ</span> <span class='ocrx_word' id='word_1_4' title='bbox 640 464 718 526; x_wconf 81' lang='grc' dir='ltr'>εἰς</span> <span class='ocrx_word' id='word_1_5' title='bbox 754 461 967 532; x_wconf 86' lang='grc' dir='ltr'>ἐκείνην</span> <span class='ocrx_word' id='word_1_6' title='bbox 992 458 1158 514; x_wconf 78' lang='grc' dir='ltr'>ἐλθών</span> <span class='ocrx_word' id='word_1_7' title='bbox 1179 459 1273 530; x_wconf 70' lang='grc' dir='ltr'>τὴν</span> <span class='ocrx_word' id='word_1_8' title='bbox 1292 458 1516 521; x_wconf 69' lang='grc' dir='ltr'>ἔννοιαν,</span> <span class='ocrx_word' id='word_1_9' title='bbox 1537 459 1618 511; x_wconf 84' lang='grc' dir='ltr'>δτι</span> <span class='ocrx_word' id='word_1_10' title='bbox 1646 459 1850 511; x_wconf 84' lang='grc' dir='ltr'>ἐκεῖνον</span> <span class='ocrx_word' id='word_1_11' title='bbox 1882 461 1916 526; x_wconf 84' lang='grc' dir='ltr'>ή</span> <span class='ocrx_word' id='word_1_12' title='bbox 1944 453 2167 524; x_wconf 74' lang='grc' dir='ltr'>ἄρνησις</span> 
     </span>
    </p>
   </div>
   <div class='ocr_carea' id='block_1_3' title="bbox 526 540 2171 619">
    <p class='ocr_par' dir='ltr' id='par_1_3' title="bbox 526 540 2171 619">
     <span class='ocr_line' id='line_1_3' title="bbox 526 540 2171 619; baseline -0.01 -16"><span class='ocrx_word' id='word_1_13' title='bbox 526 548 909 619; x_wconf 74' lang='grc' dir='ltr'>χαλεπωτέραν</span> <span class='ocrx_word' id='word_1_14' title='bbox 931 545 1181 610; x_wconf 76' lang='grc' dir='ltr'>δέξασθαι</span> <span class='ocrx_word' id='word_1_15' title='bbox 1228 543 1598 614; x_wconf 76' lang='grc' dir='ltr'>παρεσκεύασε</span> <span class='ocrx_word' id='word_1_16' title='bbox 1625 544 1723 613; x_wconf 78' lang='grc' dir='ltr'>τὴν</span> <span class='ocrx_word' id='word_1_17' title='bbox 1751 540 2038 613; x_wconf 80' lang='grc' dir='ltr'>τιμωρίαν,</span> <span class='ocrx_word' id='word_1_18' title='bbox 2074 553 2171 588; x_wconf 87' lang='grc' dir='ltr'>κα-</span> 
     </span>
    </p>
   </div>
   <div class='ocr_carea' id='block_1_4' title="bbox 525 623 2173 700">
    <p class='ocr_par' dir='ltr' id='par_1_4' title="bbox 525 623 2173 700">
     <span class='ocr_line' id='line_1_4' title="bbox 525 623 2173 700; baseline -0.002 -14"><span class='ocrx_word' id='word_1_19' title='bbox 525 633 687 696; x_wconf 82' lang='grc' dir='ltr'>λέσας</span> <span class='ocrx_word' id='word_1_20' title='bbox 717 633 814 697; x_wconf 91' lang='grc' dir='ltr'>τάς</span> <span class='ocrx_word' id='word_1_21' title='bbox 873 632 1064 686; x_wconf 88' lang='grc' dir='ltr'>ἐαυτοῦ</span> <span class='ocrx_word' id='word_1_22' title='bbox 1085 634 1370 700; x_wconf 77' lang='grc' dir='ltr'>γυναῖκας,</span> <span class='ocrx_word' id='word_1_23' title='bbox 1408 628 1624 693; x_wconf 80' lang='grc' dir='ltr'>οὐδενὸς</span> <span class='ocrx_word' id='word_1_24' title='bbox 1670 623 2173 694; x_wconf 64' lang='grc' dir='ltr'>καταναγκάζοδιτος</span> 
     </span>
    </p>
   </div>
   <div class='ocr_carea' id='block_1_5' title="bbox 526 709 2174 790">
    <p class='ocr_par' dir='ltr' id='par_1_5' title="bbox 526 709 2174 790">
     <span class='ocr_line' id='line_1_5' title="bbox 526 709 2174 790; baseline -0.008 -15"><span class='ocrx_word' id='word_1_25' title='bbox 526 721 646 774; x_wconf 58' lang='grc' dir='ltr'>οὐδὲ</span> <span class='ocrx_word' id='word_1_26' title='bbox 712 721 1088 790; x_wconf 81' lang='grc' dir='ltr'>διελέγχοντος,</span> <span class='ocrx_word' id='word_1_27' title='bbox 1147 718 1304 782; x_wconf 69' lang='grc' dir='ltr'>αὐτὸς</span> <span class='ocrx_word' id='word_1_28' title='bbox 1341 717 1426 770; x_wconf 87' lang='grc' dir='ltr'>διά</span> <span class='ocrx_word' id='word_1_29' title='bbox 1452 717 1550 787; x_wconf 88' lang='grc' dir='ltr'>τῆς</span> <span class='ocrx_word' id='word_1_30' title='bbox 1575 716 1778 779; x_wconf 75' lang='grc' dir='ltr'>οἰκείας</span> <span class='ocrx_word' id='word_1_31' title='bbox 1813 713 2057 782; x_wconf 83' lang='grc' dir='ltr'>γλώττης</span> <span class='ocrx_word' id='word_1_32' title='bbox 2081 709 2174 762; x_wconf 70' lang='grc' dir='ltr'>καί⁵</span> 
     </span>
    </p>
   </div>
   <div class='ocr_carea' id='block_1_6' title="bbox 525 795 2172 878">
    <p class='ocr_par' dir='ltr' id='par_1_6' title="bbox 525 795 2172 878">
     <span class='ocr_line' id='line_1_6' title="bbox 525 795 2172 878; baseline -0.008 -18"><span class='ocrx_word' id='word_1_33' title='bbox 525 807 625 878; x_wconf 78' lang='grc' dir='ltr'>τὴν</span> <span class='ocrx_word' id='word_1_34' title='bbox 653 807 938 875; x_wconf 88' lang='grc' dir='ltr'>ὁμολογίαν</span> <span class='ocrx_word' id='word_1_35' title='bbox 974 805 1079 858; x_wconf 87' lang='grc' dir='ltr'>τῶν</span> <span class='ocrx_word' id='word_1_36' title='bbox 1118 804 1516 874; x_wconf 77' lang='grc' dir='ltr'>ἡμαρτημένων</span> <span class='ocrx_word' id='word_1_37' title='bbox 1552 806 1800 862; x_wconf 78' lang='grc' dir='ltr'>ποιεῖται,</span> <span class='ocrx_word' id='word_1_38' title='bbox 1835 800 1926 854; x_wconf 70' lang='grc' dir='ltr'>καὶ</span> <span class='ocrx_word' id='word_1_39' title='bbox 1950 795 2172 869; x_wconf 83' lang='grc' dir='ltr'>συγκρί-</span> 
     </span>
    </p>
   </div>
   <div class='ocr_carea' id='block_1_7' title="bbox 527 885 2175 961">
    <p class='ocr_par' dir='ltr' id='par_1_7' title="bbox 527 885 2175 961">
     <span class='ocr_line' id='line_1_7' title="bbox 527 885 2175 961; baseline -0.007 -14"><span class='ocrx_word' id='word_1_40' title='bbox 527 910 634 947; x_wconf 79' lang='grc' dir='ltr'>νων</span> <span class='ocrx_word' id='word_1_41' title='bbox 674 894 741 946; x_wconf 89' lang='grc' dir='ltr'>τά</span> <span class='ocrx_word' id='word_1_42' title='bbox 767 892 856 946; x_wconf 81' lang='grc' dir='ltr'>ὐπ’</span> <span class='ocrx_word' id='word_1_43' title='bbox 885 891 1048 944; x_wconf 88' lang='grc' dir='ltr'>αὐτοῦ</span> <span class='ocrx_word' id='word_1_44' title='bbox 1097 891 1428 961; x_wconf 72' lang='grc' dir='ltr'>εἰργασμένα</span> <span class='ocrx_word' id='word_1_45' title='bbox 1463 890 1571 952; x_wconf 85' lang='grc' dir='ltr'>τοῖς</span> <span class='ocrx_word' id='word_1_46' title='bbox 1617 888 1767 960; x_wconf 83' lang='grc' dir='ltr'>παρά</span> <span class='ocrx_word' id='word_1_47' title='bbox 1795 885 1886 938; x_wconf 82' lang='grc' dir='ltr'>τοῦ</span> <span class='ocrx_word' id='word_1_48' title='bbox 1920 886 2175 938; x_wconf 69' lang='grc' dir='ltr'>Κάϊνπε-</span> 
     </span>
    </p>
   </div>
   <div class='ocr_carea' id='block_1_8' title="bbox 528 975 1716 1051">
    <p class='ocr_par' dir='ltr' id='par_1_8' title="bbox 528 975 1716 1051">
     <span class='ocr_line' id='line_1_8' title="bbox 528 975 1716 1051; baseline -0.003 -18"><span class='ocrx_word' id='word_1_49' title='bbox 528 980 878 1051; x_wconf 83' lang='grc' dir='ltr'>πραγμένοις,</span> <span class='ocrx_word' id='word_1_50' title='bbox 919 977 1092 1049; x_wconf 82' lang='grc' dir='ltr'>ἐαυτῷ</span> <span class='ocrx_word' id='word_1_51' title='bbox 1117 979 1213 1049; x_wconf 78' lang='grc' dir='ltr'>τὴν</span> <span class='ocrx_word' id='word_1_52' title='bbox 1237 978 1503 1050; x_wconf 82' lang='grc' dir='ltr'>τιμωρίαν</span> <span class='ocrx_word' id='word_1_53' title='bbox 1530 975 1716 1049; x_wconf 76' lang='grc' dir='ltr'>ὁρίζει,</span> 
     </span>
    </p>
   </div>
   <div class='ocr_carea' id='block_1_9' title="bbox 597 1146 2172 1230">
    <p class='ocr_par' dir='ltr' id='par_1_9' title="bbox 597 1146 2172 1230">
     <span class='ocr_line' id='line_1_9' title="bbox 597 1146 2172 1230; baseline -0.006 -22"><span class='ocrx_word' id='word_1_54' title='bbox 597 1151 746 1218; x_wconf 74' lang='grc' dir='ltr'>Εἶδες</span> <span class='ocrx_word' id='word_1_55' title='bbox 795 1154 1118 1230; x_wconf 77' lang='grc' dir='ltr'>κηδεμονίαν</span> <span class='ocrx_word' id='word_1_56' title='bbox 1168 1151 1458 1217; x_wconf 88' lang='grc' dir='ltr'>Δεσπότου,</span> <span class='ocrx_word' id='word_1_57' title='bbox 1494 1151 1611 1214; x_wconf 80' lang='grc' dir='ltr'>πῶς</span> <span class='ocrx_word' id='word_1_58' title='bbox 1661 1148 1751 1202; x_wconf 78' lang='grc' dir='ltr'>καὶ</span> <span class='ocrx_word' id='word_1_59' title='bbox 1803 1147 1858 1201; x_wconf 89' lang='grc' dir='ltr'>αἰ</span> <span class='ocrx_word' id='word_1_60' title='bbox 1915 1146 2172 1218; x_wconf 81' lang='grc' dir='ltr'>τιμωρίαι</span> 
     </span>
    </p>
   </div>
   <div class='ocr_carea' id='block_1_10' title="bbox 526 1233 2172 1311">
    <p class='ocr_par' dir='ltr' id='par_1_10' title="bbox 526 1233 2172 1311">
     <span class='ocr_line' id='line_1_10' title="bbox 526 1233 2172 1311; baseline -0.007 -15"><span class='ocrx_word' id='word_1_61' title='bbox 526 1242 692 1296; x_wconf 87' lang='grc' dir='ltr'>αὐτοῦ</span> <span class='ocrx_word' id='word_1_62' title='bbox 725 1240 1126 1311; x_wconf 78' lang='grc' dir='ltr'>φιλανθρωπίας</span> <span class='ocrx_word' id='word_1_63' title='bbox 1150 1239 1430 1301; x_wconf 80' lang='grc' dir='ltr'>ὑποθέσεις</span> <span class='ocrx_word' id='word_1_64' title='bbox 1451 1239 1573 1300; x_wconf 81' lang='grc' dir='ltr'>εἰσί,</span> <span class='ocrx_word' id='word_1_65' title='bbox 1610 1237 1701 1290; x_wconf 78' lang='grc' dir='ltr'>καὶ</span> <span class='ocrx_word' id='word_1_66' title='bbox 1727 1236 1807 1288; x_wconf 82' lang='grc' dir='ltr'>ὅτι</span> <span class='ocrx_word' id='word_1_67' title='bbox 1827 1235 1888 1288; x_wconf 92' lang='grc' dir='ltr'>οὐ</span> <span class='ocrx_word' id='word_1_68' title='bbox 1907 1234 2064 1304; x_wconf 92' lang='grc' dir='ltr'>μέχρι</span> <span class='ocrx_word' id='word_1_69' title='bbox 2079 1233 2172 1286; x_wconf 88' lang='grc' dir='ltr'>τοῦ</span> 
     </span>
    </p>
   </div>
   <div class='ocr_carea' id='block_1_11' title="bbox 525 1321 2170 1398">
    <p class='ocr_par' dir='ltr' id='par_1_11' title="bbox 525 1321 2170 1398">
     <span class='ocr_line' id='line_1_11' title="bbox 525 1321 2170 1398; baseline -0.005 -18"><span class='ocrx_word' id='word_1_70' title='bbox 525 1330 624 1398; x_wconf 81' lang='grc' dir='ltr'>τὴν</span> <span class='ocrx_word' id='word_1_71' title='bbox 648 1326 913 1398; x_wconf 86' lang='grc' dir='ltr'>τιμωρίαν</span> <span class='ocrx_word' id='word_1_72' title='bbox 949 1326 1237 1396; x_wconf 89' lang='grc' dir='ltr'>δεχομένου</span> <span class='ocrx_word' id='word_1_73' title='bbox 1269 1325 1334 1378; x_wconf 89' lang='grc' dir='ltr'>τά</span> <span class='ocrx_word' id='word_1_74' title='bbox 1371 1323 1470 1392; x_wconf 87' lang='grc' dir='ltr'>τῆς</span> <span class='ocrx_word' id='word_1_75' title='bbox 1505 1321 1908 1392; x_wconf 79' lang='grc' dir='ltr'>φιλανθρωπίας</span> <span class='ocrx_word' id='word_1_76' title='bbox 1941 1321 2170 1384; x_wconf 84' lang='grc' dir='ltr'>ἵσταται,</span> 
     </span>
    </p>
   </div>
   <div class='ocr_carea' id='block_1_12' title="bbox 523 1405 2165 1482">
    <p class='ocr_par' dir='ltr' id='par_1_12' title="bbox 523 1405 2165 1482">
     <span class='ocr_line' id='line_1_12' title="bbox 523 1405 2165 1482; baseline -0.004 -18"><span class='ocrx_word' id='word_1_77' title='bbox 523 1412 656 1465; x_wconf 81' lang='grc' dir='ltr'>ἀλλά</span> <span class='ocrx_word' id='word_1_78' title='bbox 685 1413 776 1465; x_wconf 69' lang='grc' dir='ltr'>καὶ</span> <span class='ocrx_word' id='word_1_79' title='bbox 801 1415 912 1476; x_wconf 84' lang='grc' dir='ltr'>τοῖς</span> <span class='ocrx_word' id='word_1_80' title='bbox 936 1412 1137 1474; x_wconf 81' lang='grc' dir='ltr'>λοιποῖς</span> <span class='ocrx_word' id='word_1_81' title='bbox 1167 1412 1428 1482; x_wconf 80' lang='grc' dir='ltr'>χρήσιμον</span> <span class='ocrx_word' id='word_1_82' title='bbox 1454 1405 1843 1470; x_wconf 72' lang='grc' dir='ltr'>κατασκευάζει</span> <span class='ocrx_word' id='word_1_83' title='bbox 1874 1407 1933 1460; x_wconf 84' lang='grc' dir='ltr'>τὸ</span> <span class='ocrx_word' id='word_1_84' title='bbox 1960 1407 2165 1481; x_wconf 84' lang='grc' dir='ltr'>φάρμα-</span> 
     </span>
    </p>
   </div>
   <div class='ocr_carea' id='block_1_13' title="bbox 523 1490 2170 1567">
    <p class='ocr_par' dir='ltr' id='par_1_13' title="bbox 523 1490 2170 1567">
     <span class='ocr_line' id='line_1_13' title="bbox 523 1490 2170 1567; baseline -0.006 -16"><span class='ocrx_word' id='word_1_85' title='bbox 523 1515 640 1562; x_wconf 89' lang='grc' dir='ltr'>κον,</span> <span class='ocrx_word' id='word_1_86' title='bbox 667 1499 716 1552; x_wconf 85' lang='grc' dir='ltr'>εἰ</span> <span class='ocrx_word' id='word_1_87' title='bbox 751 1497 1056 1567; x_wconf 76' lang='grc' dir='ltr'>βουληθεῖεν</span> <span class='ocrx_word' id='word_1_88' title='bbox 1077 1497 1174 1566; x_wconf 81' lang='grc' dir='ltr'>τὴν</span> <span class='ocrx_word' id='word_1_89' title='bbox 1197 1493 1431 1558; x_wconf 79' lang='grc' dir='ltr'>ἐξαύτοῦ</span> <span class='ocrx_word' id='word_1_90' title='bbox 1455 1492 1718 1562; x_wconf 81' lang='grc' dir='ltr'>ὠφέλειαν</span> <span class='ocrx_word' id='word_1_91' title='bbox 1746 1490 2170 1562; x_wconf 78' lang='grc' dir='ltr'>καρπώσασθαις</span> 
     </span>
    </p>
   </div>
   <div class='ocr_carea' id='block_1_14' title="bbox 527 1576 2175 1656">
    <p class='ocr_par' dir='ltr' id='par_1_14' title="bbox 527 1576 2175 1656">
     <span class='ocr_line' id='line_1_14' title="bbox 527 1576 2175 1656; baseline -0.006 -18"><span class='ocrx_word' id='word_1_92' title='bbox 527 1584 697 1638; x_wconf 85' lang='grc' dir='ltr'>Πόθεν</span> <span class='ocrx_word' id='word_1_93' title='bbox 717 1584 845 1656; x_wconf 82' lang='grc' dir='ltr'>γάρ,</span> <span class='ocrx_word' id='word_1_94' title='bbox 871 1583 992 1636; x_wconf 78' lang='grc' dir='ltr'>εἰπέ</span> <span class='ocrx_word' id='word_1_95' title='bbox 1024 1601 1133 1652; x_wconf 89' lang='grc' dir='ltr'>μοι,</span> <span class='ocrx_word' id='word_1_96' title='bbox 1172 1583 1200 1634; x_wconf 90' lang='grc' dir='ltr'>ὁ</span> <span class='ocrx_word' id='word_1_97' title='bbox 1231 1581 1420 1650; x_wconf 84' lang='grc' dir='ltr'>Λάμεχ</span> <span class='ocrx_word' id='word_1_98' title='bbox 1445 1579 1704 1650; x_wconf 77' lang='grc' dir='ltr'>ἑτέρωθεν</span> <span class='ocrx_word' id='word_1_99' title='bbox 1738 1579 1828 1630; x_wconf 81' lang='grc' dir='ltr'>ἐπί</span> <span class='ocrx_word' id='word_1_100' title='bbox 1860 1577 1954 1648; x_wconf 79' lang='grc' dir='ltr'>τὴν</span> <span class='ocrx_word' id='word_1_101' title='bbox 1979 1576 2175 1629; x_wconf 65' lang='grc' dir='ltr'>τοσαύκ</span> 
     </span>
    </p>
   </div>
   <div class='ocr_carea' id='block_1_15' title="bbox 521 1663 2174 1739">
    <p class='ocr_par' dir='ltr' id='par_1_15' title="bbox 521 1663 2174 1739">
     <span class='ocr_line' id='line_1_15' title="bbox 521 1663 2174 1739; baseline -0.005 -15"><span class='ocrx_word' id='word_1_102' title='bbox 521 1687 624 1739; x_wconf 87' lang='grc' dir='ltr'>την</span> <span class='ocrx_word' id='word_1_103' title='bbox 647 1668 1027 1739; x_wconf 79' lang='grc' dir='ltr'>ἐξομολόγησιν</span> <span class='ocrx_word' id='word_1_104' title='bbox 1049 1667 1294 1738; x_wconf 81' lang='grc' dir='ltr'>ἐπείχθη,</span> <span class='ocrx_word' id='word_1_105' title='bbox 1319 1669 1365 1720; x_wconf 91' lang='grc' dir='ltr'>εἰ</span> <span class='ocrx_word' id='word_1_106' title='bbox 1387 1667 1458 1736; x_wconf 79' lang='grc' dir='ltr'>μὴ</span> <span class='ocrx_word' id='word_1_107' title='bbox 1485 1666 1582 1736; x_wconf 80' lang='grc' dir='ltr'>τήν</span> <span class='ocrx_word' id='word_1_108' title='bbox 1608 1666 1670 1717; x_wconf 90' lang='grc' dir='ltr'>ἐκ</span> <span class='ocrx_word' id='word_1_109' title='bbox 1699 1663 1808 1718; x_wconf 88' lang='grc' dir='ltr'>τῶν</span> <span class='ocrx_word' id='word_1_110' title='bbox 1826 1663 2018 1733; x_wconf 84' lang='grc' dir='ltr'>ἐκείνῳ</span> <span class='ocrx_word' id='word_1_111' title='bbox 2039 1681 2174 1734; x_wconf 90' lang='grc' dir='ltr'>συμ-</span> 
     </span>
    </p>
   </div>
   <div class='ocr_carea' id='block_1_16' title="bbox 523 1750 2172 1826">
    <p class='ocr_par' dir='ltr' id='par_1_16' title="bbox 523 1750 2172 1826">
     <span class='ocr_line' id='line_1_16' title="bbox 523 1750 2172 1826; baseline -0.006 -14"><span class='ocrx_word' id='word_1_112' title='bbox 523 1757 729 1812; x_wconf 63' lang='lat' dir='ltr'>Wa»</span> <span class='ocrx_word' id='word_1_113' title='bbox 780 1755 1080 1826; x_wconf 79' lang='grc' dir='ltr'>ὑπόμνησιν</span> <span class='ocrx_word' id='word_1_114' title='bbox 1120 1751 1232 1824; x_wconf 78' lang='grc' dir='ltr'>εἶχε</span> <span class='ocrx_word' id='word_1_115' title='bbox 1287 1753 1545 1823; x_wconf 78' lang='grc' dir='ltr'>διηνεκῶς</span> <span class='ocrx_word' id='word_1_116' title='bbox 1594 1751 1753 1806; x_wconf 90' lang='grc' dir='ltr'>αὐτοῦ</span> <span class='ocrx_word' id='word_1_117' title='bbox 1805 1751 1900 1813; x_wconf 77' lang='grc' dir='ltr'>τὴν</span> <span class='ocrx_word' id='word_1_118' title='bbox 1939 1750 2172 1804; x_wconf 87' lang='grc' dir='ltr'>διάνοιαν</span> 
     </span>
    </p>
   </div>
   <div class='ocr_carea' id='block_1_17' title="bbox 521 1835 2169 1910">
    <p class='ocr_par' dir='ltr' id='par_1_17' title="bbox 521 1835 2169 1910">
     <span class='ocr_line' id='line_1_17' title="bbox 521 1835 2169 1910; baseline -0.004 -15"><span class='ocrx_word' id='word_1_119' title='bbox 521 1838 1114 1905; x_wconf 66' lang='grc' dir='ltr'>κατασείουσανιεῖπε,</span> <span class='ocrx_word' id='word_1_120' title='bbox 1131 1840 1310 1910; x_wconf 83' lang='grc' dir='ltr'>φησίν·</span> <span class='ocrx_word' id='word_1_121' title='bbox 1339 1839 1661 1893; x_wconf 79' lang='grc' dir='ltr'>Ἀκούσατέ</span> <span class='ocrx_word' id='word_1_122' title='bbox 1677 1855 1796 1906; x_wconf 79' lang='grc' dir='ltr'>μου</span> <span class='ocrx_word' id='word_1_123' title='bbox 1817 1836 1925 1906; x_wconf 82' lang='grc' dir='ltr'>τῆς</span> <span class='ocrx_word' id='word_1_124' title='bbox 1943 1835 2169 1905; x_wconf 72' lang='grc' dir='ltr'>φωνῆς,</span> 
     </span>
    </p>
   </div>
   <div class='ocr_carea' id='block_1_18' title="bbox 521 1922 2175 1996">
    <p class='ocr_par' dir='ltr' id='par_1_18' title="bbox 521 1922 2175 1996">
     <span class='ocr_line' id='line_1_18' title="bbox 521 1922 2175 1996; baseline -0.004 -14"><span class='ocrx_word' id='word_1_125' title='bbox 521 1929 617 1983; x_wconf 75' lang='grc' dir='ltr'>καὶ</span> <span class='ocrx_word' id='word_1_126' title='bbox 641 1927 1005 1981; x_wconf 77' lang='grc' dir='ltr'>ἐνωτίσασθέ</span> <span class='ocrx_word' id='word_1_127' title='bbox 1022 1945 1137 1996; x_wconf 83' lang='grc' dir='ltr'>μου</span> <span class='ocrx_word' id='word_1_128' title='bbox 1175 1927 1314 1992; x_wconf 84' lang='grc' dir='ltr'>τοὺς</span> <span class='ocrx_word' id='word_1_129' title='bbox 1335 1927 1574 1994; x_wconf 79' lang='grc' dir='ltr'>λόγους.</span> <span class='ocrx_word' id='word_1_130' title='bbox 1614 1927 1752 1992; x_wconf 87' lang='grc' dir='ltr'>Ὅρα</span> <span class='ocrx_word' id='word_1_131' title='bbox 1787 1924 1901 1988; x_wconf 88' lang='grc' dir='ltr'>πῶς</span> <span class='ocrx_word' id='word_1_132' title='bbox 1921 1922 2175 1978; x_wconf 80' lang='grc' dir='ltr'>καθ’ἐαυ-</span> 
     </span>
    </p>
   </div>
   <div class='ocr_carea' id='block_1_19' title="bbox 520 2012 2172 2084">
    <p class='ocr_par' dir='ltr' id='par_1_19' title="bbox 520 2012 2172 2084">
     <span class='ocr_line' id='line_1_19' title="bbox 520 2012 2172 2084; baseline -0.003 -15"><span class='ocrx_word' id='word_1_133' title='bbox 520 2014 611 2069; x_wconf 78' lang='grc' dir='ltr'>τδν</span> <span class='ocrx_word' id='word_1_134' title='bbox 633 2015 971 2084; x_wconf 86' lang='grc' dir='ltr'>δικαστήριον</span> <span class='ocrx_word' id='word_1_135' title='bbox 1006 2013 1252 2076; x_wconf 85' lang='grc' dir='ltr'>καθίσας,</span> <span class='ocrx_word' id='word_1_136' title='bbox 1297 2012 1434 2065; x_wconf 79' lang='grc' dir='ltr'>οὕτω</span> <span class='ocrx_word' id='word_1_137' title='bbox 1463 2013 1561 2082; x_wconf 82' lang='grc' dir='ltr'>τὴν</span> <span class='ocrx_word' id='word_1_138' title='bbox 1608 2012 1947 2082; x_wconf 78' lang='grc' dir='ltr'>παράκλησιν</span> <span class='ocrx_word' id='word_1_139' title='bbox 1987 2013 2172 2075; x_wconf 81' lang='grc' dir='ltr'>αὐταῖς</span> 
     </span>
    </p>
   </div>
   <div class='ocr_carea' id='block_1_20' title="bbox 522 2097 2168 2169">
    <p class='ocr_par' dir='ltr' id='par_1_20' title="bbox 522 2097 2168 2169">
     <span class='ocr_line' id='line_1_20' title="bbox 522 2097 2168 2169; baseline -0.003 -15"><span class='ocrx_word' id='word_1_140' title='bbox 522 2101 803 2168; x_wconf 79' lang='grc' dir='ltr'>προσάγει,</span> <span class='ocrx_word' id='word_1_141' title='bbox 837 2099 973 2152; x_wconf 79' lang='grc' dir='ltr'>ὥστε</span> <span class='ocrx_word' id='word_1_142' title='bbox 1026 2099 1099 2169; x_wconf 78' lang='grc' dir='ltr'>μὴ</span> <span class='ocrx_word' id='word_1_143' title='bbox 1147 2098 1436 2167; x_wconf 79' lang='grc' dir='ltr'>παρέργως</span> <span class='ocrx_word' id='word_1_144' title='bbox 1481 2097 1733 2162; x_wconf 79' lang='grc' dir='ltr'>δέξασθαι</span> <span class='ocrx_word' id='word_1_145' title='bbox 1776 2099 1844 2152; x_wconf 78' lang='grc' dir='ltr'>τά</span> <span class='ocrx_word' id='word_1_146' title='bbox 1884 2098 2168 2168; x_wconf 86' lang='grc' dir='ltr'>λεγόμενα.</span> 
     </span>
    </p>
   </div>
   <div class='ocr_carea' id='block_1_21' title="bbox 521 2185 2169 2258">
    <p class='ocr_par' dir='ltr' id='par_1_21' title="bbox 521 2185 2169 2258">
     <span class='ocr_line' id='line_1_21' title="bbox 521 2185 2169 2258; baseline -0.003 -16"><span class='ocrx_word' id='word_1_147' title='bbox 521 2189 594 2242; x_wconf 83' lang='grc' dir='ltr'>Τὸ</span> <span class='ocrx_word' id='word_1_148' title='bbox 623 2191 728 2258; x_wconf 90' lang='grc' dir='ltr'>γάρ</span> <span class='ocrx_word' id='word_1_149' title='bbox 758 2191 948 2254; x_wconf 87' lang='grc' dir='ltr'>εἰπεῖν,</span> <span class='ocrx_word' id='word_1_150' title='bbox 1001 2185 1314 2241; x_wconf 78' lang='grc' dir='ltr'>Ἀκούσατέ</span> <span class='ocrx_word' id='word_1_151' title='bbox 1335 2203 1454 2254; x_wconf 86' lang='grc' dir='ltr'>μου</span> <span class='ocrx_word' id='word_1_152' title='bbox 1476 2185 1586 2254; x_wconf 83' lang='grc' dir='ltr'>τῆς</span> <span class='ocrx_word' id='word_1_153' title='bbox 1604 2185 1828 2256; x_wconf 74' lang='grc' dir='ltr'>φωνῆς,</span> <span class='ocrx_word' id='word_1_154' title='bbox 1855 2185 1952 2239; x_wconf 78' lang='grc' dir='ltr'>καὶ</span> <span class='ocrx_word' id='word_1_155' title='bbox 1970 2185 2169 2238; x_wconf 82' lang='grc' dir='ltr'>ἐνωτί-</span> 
     </span>
    </p>
   </div>
   <div class='ocr_carea' id='block_1_22' title="bbox 519 2274 2168 2345">
    <p class='ocr_par' dir='ltr' id='par_1_22' title="bbox 519 2274 2168 2345">
     <span class='ocr_line' id='line_1_22' title="bbox 519 2274 2168 2345; baseline -0.002 -16"><span class='ocrx_word' id='word_1_156' title='bbox 519 2275 713 2330; x_wconf 76' lang='grc' dir='ltr'>σασθέ</span> <span class='ocrx_word' id='word_1_157' title='bbox 751 2294 867 2345; x_wconf 80' lang='grc' dir='ltr'>μου</span> <span class='ocrx_word' id='word_1_158' title='bbox 907 2274 1048 2340; x_wconf 81' lang='grc' dir='ltr'>τοὺς</span> <span class='ocrx_word' id='word_1_159' title='bbox 1081 2275 1319 2343; x_wconf 78' lang='grc' dir='ltr'>λόγους,</span> <span class='ocrx_word' id='word_1_160' title='bbox 1358 2274 1512 2328; x_wconf 86' lang='grc' dir='ltr'>τοῦτο</span> <span class='ocrx_word' id='word_1_161' title='bbox 1542 2274 1825 2344; x_wconf 88' lang='grc' dir='ltr'>δηλοῦντὸς</span> <span class='ocrx_word' id='word_1_162' title='bbox 1857 2275 1999 2326; x_wconf 82' lang='grc' dir='ltr'>ἐστι·</span> <span class='ocrx_word' id='word_1_163' title='bbox 2035 2274 2168 2326; x_wconf 88' lang='grc' dir='ltr'>Συν-</span> 
     </span>
    </p>
   </div>
   <div class='ocr_carea' id='block_1_23' title="bbox 518 2359 2171 2431">
    <p class='ocr_par' dir='ltr' id='par_1_23' title="bbox 518 2359 2171 2431">
     <span class='ocr_line' id='line_1_23' title="bbox 518 2359 2171 2431; baseline -0.002 -18"><span class='ocrx_word' id='word_1_164' title='bbox 518 2361 727 2414; x_wconf 88' lang='grc' dir='ltr'>τείνατε</span> <span class='ocrx_word' id='word_1_165' title='bbox 785 2361 954 2430; x_wconf 87' lang='grc' dir='ltr'>ὑμῶν,</span> <span class='ocrx_word' id='word_1_166' title='bbox 991 2361 1140 2429; x_wconf 79' lang='grc' dir='ltr'>φησί,</span> <span class='ocrx_word' id='word_1_167' title='bbox 1167 2360 1262 2431; x_wconf 76' lang='grc' dir='ltr'>τὴν</span> <span class='ocrx_word' id='word_1_168' title='bbox 1294 2361 1544 2422; x_wconf 83' lang='grc' dir='ltr'>διάνοιαν,</span> <span class='ocrx_word' id='word_1_169' title='bbox 1580 2361 1674 2413; x_wconf 75' lang='grc' dir='ltr'>καὶ</span> <span class='ocrx_word' id='word_1_170' title='bbox 1713 2359 1848 2429; x_wconf 74' lang='grc' dir='ltr'>μετὰ</span> <span class='ocrx_word' id='word_1_171' title='bbox 1892 2359 2171 2428; x_wconf 78' lang='grc' dir='ltr'>ἀκριϐείας</span> 
     </span>
    </p>
   </div>
   <div class='ocr_carea' id='block_1_24' title="bbox 521 2441 2173 2519">
    <p class='ocr_par' dir='ltr' id='par_1_24' title="bbox 521 2441 2173 2519">
     <span class='ocr_line' id='line_1_24' title="bbox 521 2441 2173 2519; baseline -0.002 -18"><span class='ocrx_word' id='word_1_172' title='bbox 521 2448 813 2519; x_wconf 77' lang='grc' dir='ltr'>προσέχετε</span> <span class='ocrx_word' id='word_1_173' title='bbox 829 2441 908 2509; x_wconf 70' lang='grc' dir='ltr'>οἷς</span> <span class='ocrx_word' id='word_1_174' title='bbox 927 2445 1070 2518; x_wconf 71' lang='grc'><strong>[174]</strong></span> <span class='ocrx_word' id='word_1_175' title='bbox 1091 2447 1231 2516; x_wconf 89' lang='grc' dir='ltr'>ἐρεῖν</span> <span class='ocrx_word' id='word_1_176' title='bbox 1251 2445 1442 2516; x_wconf 83' lang='grc' dir='ltr'>μέλλω.</span> <span class='ocrx_word' id='word_1_177' title='bbox 1463 2446 1596 2498; x_wconf 88' lang='grc' dir='ltr'>Οὐδέ</span> <span class='ocrx_word' id='word_1_178' title='bbox 1611 2447 1716 2516; x_wconf 79' lang='grc' dir='ltr'>γάρ</span> <span class='ocrx_word' id='word_1_179' title='bbox 1741 2462 1806 2497; x_wconf 91' lang='grc' dir='ltr'>πε</span> <span class='ocrx_word' id='word_1_180' title='bbox 1815 2446 1866 2515; x_wconf 81' lang='grc' dir='ltr'>ρί</span> <span class='ocrx_word' id='word_1_181' title='bbox 1880 2445 1984 2497; x_wconf 91' lang='grc' dir='ltr'>τῶν</span> <span class='ocrx_word' id='word_1_182' title='bbox 1995 2446 2173 2514; x_wconf 86' lang='grc' dir='ltr'>τυχόν·</span> 
     </span>
    </p>
   </div>
   <div class='ocr_carea' id='block_1_25' title="bbox 519 2530 2171 2602">
    <p class='ocr_par' dir='ltr' id='par_1_25' title="bbox 519 2530 2171 2602">
     <span class='ocr_line' id='line_1_25' title="bbox 519 2530 2171 2602; baseline -0.001 -16"><span class='ocrx_word' id='word_1_183' title='bbox 519 2550 625 2586; x_wconf 84' lang='grc' dir='ltr'>των</span> <span class='ocrx_word' id='word_1_184' title='bbox 663 2533 786 2602; x_wconf 83' lang='grc' dir='ltr'>ὑμῖν</span> <span class='ocrx_word' id='word_1_185' title='bbox 815 2531 1140 2601; x_wconf 80' lang='grc' dir='ltr'>διαλέξομαι,</span> <span class='ocrx_word' id='word_1_186' title='bbox 1178 2530 1310 2584; x_wconf 88' lang='grc' dir='ltr'>ἀλλά</span> <span class='ocrx_word' id='word_1_187' title='bbox 1341 2532 1635 2602; x_wconf 90' lang='grc' dir='ltr'>πράγματα</span> <span class='ocrx_word' id='word_1_188' title='bbox 1669 2533 1796 2600; x_wconf 83' lang='grc' dir='ltr'>ὑμῖν</span> <span class='ocrx_word' id='word_1_189' title='bbox 1833 2531 2171 2602; x_wconf 75' lang='grc' dir='ltr'>ἐξαγορεύσω</span> 
     </span>
    </p>
   </div>
   <div class='ocr_carea' id='block_1_26' title="bbox 519 2613 2168 2688">
    <p class='ocr_par' dir='ltr' id='par_1_26' title="bbox 519 2613 2168 2688">
     <span class='ocr_line' id='line_1_26' title="bbox 519 2613 2168 2688; baseline -0.002 -15"><span class='ocrx_word' id='word_1_190' title='bbox 519 2618 862 2682; x_wconf 75' lang='grc' dir='ltr'>λανθάνοντα,</span> <span class='ocrx_word' id='word_1_191' title='bbox 890 2619 980 2671; x_wconf 76' lang='grc' dir='ltr'>καὶ</span> <span class='ocrx_word' id='word_1_192' title='bbox 1006 2617 1041 2671; x_wconf 78' lang='grc' dir='ltr'>ἃ</span> <span class='ocrx_word' id='word_1_193' title='bbox 1068 2618 1252 2687; x_wconf 72' lang='grc' dir='ltr'>μηδεὶς</span> <span class='ocrx_word' id='word_1_194' title='bbox 1277 2619 1456 2687; x_wconf 74' lang='grc' dir='ltr'>ἔτερος</span> <span class='ocrx_word' id='word_1_195' title='bbox 1481 2613 1634 2681; x_wconf 77' lang='grc' dir='ltr'>οἶδεν,</span> <span class='ocrx_word' id='word_1_196' title='bbox 1658 2618 1770 2670; x_wconf 81' lang='grc' dir='ltr'>ἀλλ’</span> <span class='ocrx_word' id='word_1_197' title='bbox 1799 2618 1832 2687; x_wconf 73' lang='grc' dir='ltr'>ἢ</span> <span class='ocrx_word' id='word_1_198' title='bbox 1865 2618 2019 2688; x_wconf 85' lang='grc' dir='ltr'>μόνος</span> <span class='ocrx_word' id='word_1_199' title='bbox 2037 2616 2168 2684; x_wconf 86' lang='grc' dir='ltr'>ἐγὼ,</span> 
     </span>
    </p>
   </div>
   <div class='ocr_carea' id='block_1_27' title="bbox 519 2703 2171 2776">
    <p class='ocr_par' dir='ltr' id='par_1_27' title="bbox 519 2703 2171 2776">
     <span class='ocr_line' id='line_1_27' title="bbox 519 2703 2171 2776; baseline -0.002 -17"><span class='ocrx_word' id='word_1_200' title='bbox 519 2707 612 2760; x_wconf 78' lang='grc' dir='ltr'>καὶ</span> <span class='ocrx_word' id='word_1_201' title='bbox 642 2709 669 2759; x_wconf 92' lang='grc' dir='ltr'>ὁ</span> <span class='ocrx_word' id='word_1_202' title='bbox 700 2707 993 2776; x_wconf 83' lang='grc' dir='ltr'>ἀκοίμητος</span> <span class='ocrx_word' id='word_1_203' title='bbox 1037 2707 1241 2769; x_wconf 81' lang='grc' dir='ltr'>ἐκεῖνος</span> <span class='ocrx_word' id='word_1_204' title='bbox 1277 2703 1568 2774; x_wconf 84' lang='grc' dir='ltr'>ὀφθαλμὸς,</span> <span class='ocrx_word' id='word_1_205' title='bbox 1595 2704 1652 2756; x_wconf 88' lang='grc' dir='ltr'>ὃν</span> <span class='ocrx_word' id='word_1_206' title='bbox 1684 2704 1934 2767; x_wconf 81' lang='grc' dir='ltr'>δεδοικὼς</span> <span class='ocrx_word' id='word_1_207' title='bbox 1961 2703 2171 2757; x_wconf 81' lang='grc' dir='ltr'>σπεύδω</span> 
     </span>
    </p>
   </div>
   <div class='ocr_carea' id='block_1_28' title="bbox 519 2790 2169 2862">
    <p class='ocr_par' dir='ltr' id='par_1_28' title="bbox 519 2790 2169 2862">
     <span class='ocr_line' id='line_1_28' title="bbox 519 2790 2169 2862; baseline -0.002 -16"><span class='ocrx_word' id='word_1_208' title='bbox 519 2791 611 2846; x_wconf 86' lang='grc' dir='ltr'>καὶ</span> <span class='ocrx_word' id='word_1_209' title='bbox 655 2791 941 2862; x_wconf 84' lang='grc' dir='ltr'>ἐπείγομαι</span> <span class='ocrx_word' id='word_1_210' title='bbox 1004 2791 1208 2861; x_wconf 83' lang='grc' dir='ltr'>φανερά</span> <span class='ocrx_word' id='word_1_211' title='bbox 1266 2791 1392 2862; x_wconf 81' lang='grc' dir='ltr'>ὑμῖν</span> <span class='ocrx_word' id='word_1_212' title='bbox 1429 2793 1763 2862; x_wconf 90' lang='grc' dir='ltr'>καταστῆσαι</span> <span class='ocrx_word' id='word_1_213' title='bbox 1800 2791 1868 2845; x_wconf 75' lang='grc' dir='ltr'>τὰ</span> <span class='ocrx_word' id='word_1_214' title='bbox 1917 2793 2007 2844; x_wconf 79' lang='grc' dir='ltr'>ὑπ’</span> <span class='ocrx_word' id='word_1_215' title='bbox 2038 2790 2169 2860; x_wconf 96' lang='grc' dir='ltr'>ἐμοῦ</span> 
     </span>
    </p>
   </div>
   <div class='ocr_carea' id='block_1_29' title="bbox 518 2877 2170 2947">
    <p class='ocr_par' dir='ltr' id='par_1_29' title="bbox 518 2877 2170 2947">
     <span class='ocr_line' id='line_1_29' title="bbox 518 2877 2170 2947; baseline -0.001 -17"><span class='ocrx_word' id='word_1_216' title='bbox 518 2879 895 2947; x_wconf 82' lang='grc' dir='ltr'>πεπραγμένα,</span> <span class='ocrx_word' id='word_1_217' title='bbox 941 2878 1038 2932; x_wconf 77' lang='grc' dir='ltr'>καὶ</span> <span class='ocrx_word' id='word_1_218' title='bbox 1086 2879 1234 2940; x_wconf 85' lang='grc' dir='ltr'>ὅσαις</span> <span class='ocrx_word' id='word_1_219' title='bbox 1297 2879 1583 2946; x_wconf 80' lang='grc' dir='ltr'>τιμωρίαις</span> <span class='ocrx_word' id='word_1_220' title='bbox 1636 2879 1824 2931; x_wconf 76' lang='grc' dir='ltr'>ἐαυτὸν</span> <span class='ocrx_word' id='word_1_221' title='bbox 1873 2877 2170 2931; x_wconf 84' lang='grc' dir='ltr'>ὑπεύθυνον</span> 
     </span>
    </p>
   </div>
   <div class='ocr_carea' id='block_1_30' title="bbox 519 2963 2168 3034">
    <p class='ocr_par' dir='ltr' id='par_1_30' title="bbox 519 2963 2168 3034">
     <span class='ocr_line' id='line_1_30' title="bbox 519 2963 2168 3034; baseline 0 -16"><span class='ocrx_word' id='word_1_222' title='bbox 519 2964 823 3033; x_wconf 75' lang='grc' dir='ltr'>κατέστησα</span> <span class='ocrx_word' id='word_1_223' title='bbox 855 2963 939 3017; x_wconf 86' lang='grc' dir='ltr'>διά</span> <span class='ocrx_word' id='word_1_224' title='bbox 965 2963 1070 3015; x_wconf 87' lang='grc' dir='ltr'>τῶν</span> <span class='ocrx_word' id='word_1_225' title='bbox 1101 2963 1324 3016; x_wconf 79' lang='grc' dir='ltr'>ἀνοσίων</span> <span class='ocrx_word' id='word_1_226' title='bbox 1358 2964 1623 3034; x_wconf 79' lang='grc' dir='ltr'>πράξεων.</span> <span class='ocrx_word' id='word_1_227' title='bbox 1648 2965 1774 3018; x_wconf 87' lang='grc' dir='ltr'>Ὅτι</span> <span class='ocrx_word' id='word_1_228' title='bbox 1801 2964 1989 3032; x_wconf 77' lang='grc' dir='ltr'>ἄνδρα</span> <span class='ocrx_word' id='word_1_229' title='bbox 2024 2964 2168 3018; x_wconf 79' lang='grc' dir='ltr'>ἀπέ-</span> 
     </span>
    </p>
   </div>
   <div class='ocr_carea' id='block_1_31' title="bbox 518 3049 2164 3119">
    <p class='ocr_par' dir='ltr' id='par_1_31' title="bbox 518 3049 2164 3119">
     <span class='ocr_line' id='line_1_31' title="bbox 518 3049 2164 3119; baseline -0.001 -15"><span class='ocrx_word' id='word_1_230' title='bbox 518 3066 741 3114; x_wconf 81' lang='grc' dir='ltr'>κτεινα,</span> <span class='ocrx_word' id='word_1_231' title='bbox 795 3050 978 3119; x_wconf 72' lang='grc' dir='ltr'>φησιν,</span> <span class='ocrx_word' id='word_1_232' title='bbox 1036 3051 1119 3112; x_wconf 79' lang='grc' dir='ltr'>εἰς</span> <span class='ocrx_word' id='word_1_233' title='bbox 1158 3049 1384 3117; x_wconf 80' lang='grc' dir='ltr'>τραῦμα</span> <span class='ocrx_word' id='word_1_234' title='bbox 1420 3049 1569 3117; x_wconf 74' lang='grc' dir='ltr'>ἐμοὶ,</span> <span class='ocrx_word' id='word_1_235' title='bbox 1609 3050 1707 3102; x_wconf 79' lang='grc' dir='ltr'>καί</span> <span class='ocrx_word' id='word_1_236' title='bbox 1743 3052 2065 3104; x_wconf 80' lang='grc' dir='ltr'>νεανίσκον</span> <span class='ocrx_word' id='word_1_237' title='bbox 2087 3053 2164 3116; x_wconf 79' lang='grc' dir='ltr'>εἰς</span> 
     </span>
    </p>
   </div>
   <div class='ocr_carea' id='block_1_32' title="bbox 517 3135 2172 3207">
    <p class='ocr_par' dir='ltr' id='par_1_32' title="bbox 517 3135 2172 3207">
     <span class='ocr_line' id='line_1_32' title="bbox 517 3135 2172 3207; baseline -0.001 -18"><span class='ocrx_word' id='word_1_238' title='bbox 517 3138 778 3207; x_wconf 75' lang='grc' dir='ltr'>μώλωπα</span> <span class='ocrx_word' id='word_1_239' title='bbox 798 3137 943 3206; x_wconf 80' lang='grc' dir='ltr'>ἐμοι.</span> <span class='ocrx_word' id='word_1_240' title='bbox 975 3137 1101 3189; x_wconf 87' lang='grc' dir='ltr'>Ὀτι</span> <span class='ocrx_word' id='word_1_241' title='bbox 1129 3135 1370 3200; x_wconf 79' lang='grc' dir='ltr'>ἑπτάκις</span> <span class='ocrx_word' id='word_1_242' title='bbox 1396 3135 1767 3202; x_wconf 74' lang='grc' dir='ltr'>ὲκόεόίκηται</span> <span class='ocrx_word' id='word_1_243' title='bbox 1807 3137 1873 3189; x_wconf 79' lang='grc' dir='ltr'>ἐκ</span> <span class='ocrx_word' id='word_1_244' title='bbox 1904 3136 2071 3199; x_wconf 77' lang='grc' dir='ltr'>Κάῑν,</span> <span class='ocrx_word' id='word_1_245' title='bbox 2105 3139 2172 3189; x_wconf 64' lang='grc' dir='ltr'>ἐκ</span> 
     </span>
    </p>
   </div>
   <div class='ocr_carea' id='block_1_33' title="bbox 516 3223 2169 3295">
    <p class='ocr_par' dir='ltr' id='par_1_33' title="bbox 516 3223 2169 3295">
     <span class='ocr_line' id='line_1_33' title="bbox 516 3223 2169 3295; baseline -0.001 -17"><span class='ocrx_word' id='word_1_246' title='bbox 516 3225 588 3279; x_wconf 75' lang='grc' dir='ltr'>δὲ</span> <span class='ocrx_word' id='word_1_247' title='bbox 608 3225 806 3295; x_wconf 80' lang='grc' dir='ltr'>Λάμεχ</span> <span class='ocrx_word' id='word_1_248' title='bbox 852 3223 1351 3292; x_wconf 77' lang='grc' dir='ltr'>ἑϐδομηκοντάκις</span> <span class='ocrx_word' id='word_1_249' title='bbox 1380 3223 1546 3276; x_wconf 72' lang='grc' dir='ltr'>ἑπτά.</span> <span class='ocrx_word' id='word_1_250' title='bbox 1583 3224 1740 3292; x_wconf 83' lang='grc' dir='ltr'>Μέγα</span> <span class='ocrx_word' id='word_1_251' title='bbox 1771 3224 1830 3277; x_wconf 86' lang='grc' dir='ltr'>τδ</span> <span class='ocrx_word' id='word_1_252' title='bbox 1863 3226 2169 3295; x_wconf 87' lang='grc' dir='ltr'>εἰρημένον,</span> 
     </span>
    </p>
   </div>
   <div class='ocr_carea' id='block_1_34' title="bbox 519 3308 2166 3382">
    <p class='ocr_par' dir='ltr' id='par_1_34' title="bbox 519 3308 2166 3382">
     <span class='ocr_line' id='line_1_34' title="bbox 519 3308 2166 3382; baseline 0.001 -18"><span class='ocrx_word' id='word_1_253' title='bbox 519 3311 614 3364; x_wconf 77' lang='grc' dir='ltr'>καὶ</span> <span class='ocrx_word' id='word_1_254' title='bbox 636 3311 837 3381; x_wconf 82' lang='grc' dir='ltr'>σφόδρα</span> <span class='ocrx_word' id='word_1_255' title='bbox 871 3310 1029 3380; x_wconf 84' lang='grc' dir='ltr'>μέγα,</span> <span class='ocrx_word' id='word_1_256' title='bbox 1065 3311 1155 3362; x_wconf 77' lang='grc' dir='ltr'>καὶ</span> <span class='ocrx_word' id='word_1_257' title='bbox 1183 3309 1348 3380; x_wconf 79' lang='grc' dir='ltr'>πολλὴ</span> <span class='ocrx_word' id='word_1_258' title='bbox 1374 3308 1466 3362; x_wconf 89' lang='grc' dir='ltr'>τοῦ</span> <span class='ocrx_word' id='word_1_259' title='bbox 1484 3310 1675 3380; x_wconf 74' lang='grc' dir='ltr'>ἀνδρὸς</span> <span class='ocrx_word' id='word_1_260' title='bbox 1705 3312 1737 3382; x_wconf 87' lang='grc' dir='ltr'>ή</span> <span class='ocrx_word' id='word_1_261' title='bbox 1759 3311 2166 3380; x_wconf 66' lang='grc' dir='ltr'>εὐγνωμοσύνη.</span> 
     </span>
    </p>
   </div>
   <div class='ocr_carea' id='block_1_35' title="bbox 515 3396 2170 3468">
    <p class='ocr_par' dir='ltr' id='par_1_35' title="bbox 515 3396 2170 3468">
     <span class='ocr_line' id='line_1_35' title="bbox 515 3396 2170 3468; baseline -0.001 -16"><span class='ocrx_word' id='word_1_262' title='bbox 515 3397 594 3452; x_wconf 85' lang='grc' dir='ltr'>οὐ</span> <span class='ocrx_word' id='word_1_263' title='bbox 633 3397 788 3468; x_wconf 84' lang='grc' dir='ltr'>μόνον</span> <span class='ocrx_word' id='word_1_264' title='bbox 815 3396 921 3468; x_wconf 80' lang='grc' dir='ltr'>γάρ</span> <span class='ocrx_word' id='word_1_265' title='bbox 949 3396 1197 3467; x_wconf 87' lang='grc' dir='ltr'>ὁμολογεῖ</span> <span class='ocrx_word' id='word_1_266' title='bbox 1227 3396 1286 3448; x_wconf 81' lang='grc' dir='ltr'>τὸ</span> <span class='ocrx_word' id='word_1_267' title='bbox 1313 3396 1551 3464; x_wconf 78' lang='grc' dir='ltr'>γεγονὸς.</span> <span class='ocrx_word' id='word_1_268' title='bbox 1581 3397 1674 3450; x_wconf 65' lang='grc' dir='ltr'>καί⁸</span> <span class='ocrx_word' id='word_1_269' title='bbox 1721 3399 1843 3461; x_wconf 77' lang='grc' dir='ltr'>τοὺς</span> <span class='ocrx_word' id='word_1_270' title='bbox 1878 3398 2070 3467; x_wconf 81' lang='grc' dir='ltr'>φόνους</span> <span class='ocrx_word' id='word_1_271' title='bbox 2091 3403 2170 3463; x_wconf 88' lang='grc' dir='ltr'>εἰς</span> 
     </span>
    </p>
   </div>
   <div class='ocr_carea' id='block_1_36' title="bbox 521 3482 2170 3555">
    <p class='ocr_par' dir='ltr' id='par_1_36' title="bbox 521 3482 2170 3555">
     <span class='ocr_line' id='line_1_36' title="bbox 521 3482 2170 3555; baseline 0 -18"><span class='ocrx_word' id='word_1_272' title='bbox 521 3483 682 3554; x_wconf 80' lang='grc' dir='ltr'>μέσον</span> <span class='ocrx_word' id='word_1_273' title='bbox 710 3484 848 3552; x_wconf 78' lang='grc' dir='ltr'>ἄγει,</span> <span class='ocrx_word' id='word_1_274' title='bbox 875 3483 966 3546; x_wconf 79' lang='grc' dir='ltr'>οὐς</span> <span class='ocrx_word' id='word_1_275' title='bbox 999 3483 1306 3553; x_wconf 75' lang='grc' dir='ltr'>εἰργάσατο,</span> <span class='ocrx_word' id='word_1_276' title='bbox 1339 3482 1473 3536; x_wconf 75' lang='grc' dir='ltr'>ἀλλά</span> <span class='ocrx_word' id='word_1_277' title='bbox 1499 3485 1590 3535; x_wconf 67' lang='grc' dir='ltr'>καὶ</span> <span class='ocrx_word' id='word_1_278' title='bbox 1603 3483 1689 3536; x_wconf 84' lang='grc' dir='ltr'>διά</span> <span class='ocrx_word' id='word_1_279' title='bbox 1713 3485 1807 3554; x_wconf 88' lang='grc' dir='ltr'>τῆς</span> <span class='ocrx_word' id='word_1_280' title='bbox 1835 3486 2170 3555; x_wconf 84' lang='grc' dir='ltr'>συγκρίσεως</span> 
     </span>
    </p>
   </div>
   <div class='ocr_carea' id='block_1_37' title="bbox 518 3567 2170 3641">
    <p class='ocr_par' dir='ltr' id='par_1_37' title="bbox 518 3567 2170 3641">
     <span class='ocr_line' id='line_1_37' title="bbox 518 3567 2170 3641; baseline 0.002 -19"><span class='ocrx_word' id='word_1_281' title='bbox 518 3569 625 3622; x_wconf 86' lang='grc' dir='ltr'>τῶν</span> <span class='ocrx_word' id='word_1_282' title='bbox 654 3571 743 3622; x_wconf 81' lang='grc' dir='ltr'>ὑπ’</span> <span class='ocrx_word' id='word_1_283' title='bbox 773 3569 977 3622; x_wconf 85' lang='grc' dir='ltr'>ἐκείνου</span> <span class='ocrx_word' id='word_1_284' title='bbox 1032 3569 1123 3622; x_wconf 74' lang='grc' dir='ltr'>καὶ</span> <span class='ocrx_word' id='word_1_285' title='bbox 1153 3568 1241 3621; x_wconf 84' lang='grc' dir='ltr'>ὑπ’</span> <span class='ocrx_word' id='word_1_286' title='bbox 1268 3567 1430 3621; x_wconf 89' lang='grc' dir='ltr'>αὐτοῦ</span> <span class='ocrx_word' id='word_1_287' title='bbox 1464 3570 1758 3636; x_wconf 84' lang='grc' dir='ltr'>γεγονότων</span> <span class='ocrx_word' id='word_1_288' title='bbox 1800 3571 1857 3623; x_wconf 76' lang='grc' dir='ltr'>τὸ</span> <span class='ocrx_word' id='word_1_289' title='bbox 1900 3572 2170 3641; x_wconf 87' lang='grc' dir='ltr'>ἐπιτίμιον</span> 
     </span>
    </p>
   </div>
   <div class='ocr_carea' id='block_1_38' title="bbox 519 3652 2169 3729">
    <p class='ocr_par' dir='ltr' id='par_1_38' title="bbox 519 3652 2169 3729">
     <span class='ocr_line' id='line_1_38' title="bbox 519 3652 2169 3729; baseline 0.002 -22"><span class='ocrx_word' id='word_1_290' title='bbox 519 3655 694 3726; x_wconf 84' lang='grc' dir='ltr'>ἐαυτῷ</span> <span class='ocrx_word' id='word_1_291' title='bbox 747 3652 1034 3724; x_wconf 87' lang='grc' dir='ltr'>ἐπιτίθησι.</span> <span class='ocrx_word' id='word_1_292' title='bbox 1089 3655 1251 3718; x_wconf 84' lang='grc' dir='ltr'>Ποίας</span> <span class='ocrx_word' id='word_1_293' title='bbox 1281 3656 1388 3726; x_wconf 77' lang='grc' dir='ltr'>γὰρ</span> <span class='ocrx_word' id='word_1_294' title='bbox 1433 3656 1496 3709; x_wconf 75' lang='grc' dir='ltr'>ἂν</span> <span class='ocrx_word' id='word_1_295' title='bbox 1519 3656 1624 3727; x_wconf 86' lang='grc' dir='ltr'>εἰη,</span> <span class='ocrx_word' id='word_1_296' title='bbox 1660 3657 1812 3726; x_wconf 76' lang='grc' dir='ltr'>φησὶ,</span> <span class='ocrx_word' id='word_1_297' title='bbox 1843 3657 2169 3729; x_wconf 80' lang='grc' dir='ltr'>συγγνώμης</span> 
     </span>
    </p>
   </div>
   <div class='ocr_carea' id='block_1_39' title="bbox 519 3741 2172 3814">
    <p class='ocr_par' dir='ltr' id='par_1_39' title="bbox 519 3741 2172 3814">
     <span class='ocr_line' id='line_1_39' title="bbox 519 3741 2172 3814; baseline 0.001 -16"><span class='ocrx_word' id='word_1_298' title='bbox 519 3741 666 3806; x_wconf 75' lang='grc' dir='ltr'>ἄξιος</span> <span class='ocrx_word' id='word_1_299' title='bbox 693 3745 721 3796; x_wconf 92' lang='grc' dir='ltr'>ὁ</span> <span class='ocrx_word' id='word_1_300' title='bbox 752 3742 882 3812; x_wconf 84' lang='grc' dir='ltr'>μηδέ</span> <span class='ocrx_word' id='word_1_301' title='bbox 914 3744 978 3811; x_wconf 78' lang='grc' dir='ltr'>τῇ</span> <span class='ocrx_word' id='word_1_302' title='bbox 1017 3742 1201 3812; x_wconf 80' lang='grc' dir='ltr'>ἐτέρου</span> <span class='ocrx_word' id='word_1_303' title='bbox 1230 3745 1464 3813; x_wconf 67' lang='grc' dir='ltr'>τιμωρίᾳ</span> <span class='ocrx_word' id='word_1_304' title='bbox 1490 3745 1894 3814; x_wconf 74' lang='grc' dir='ltr'>σωφρονισθείς,</span> <span class='ocrx_word' id='word_1_305' title='bbox 1919 3744 2054 3798; x_wconf 86' lang='grc' dir='ltr'>ἀλλά</span> <span class='ocrx_word' id='word_1_306' title='bbox 2080 3747 2172 3799; x_wconf 66' lang='grc' dir='ltr'>καί⁸</span> 
     </span>
    </p>
   </div>
   <div class='ocr_carea' id='block_1_40' title="bbox 519 3827 2172 3899">
    <p class='ocr_par' dir='ltr' id='par_1_40' title="bbox 519 3827 2172 3899">
     <span class='ocr_line' id='line_1_40' title="bbox 519 3827 2172 3899; baseline 0 -15"><span class='ocrx_word' id='word_1_307' title='bbox 519 3827 740 3884; x_wconf 68' lang='grc' dir='ltr'>ἐναυλον</span> <span class='ocrx_word' id='word_1_308' title='bbox 767 3828 904 3898; x_wconf 74' lang='grc' dir='ltr'>έχων</span> <span class='ocrx_word' id='word_1_309' title='bbox 925 3829 1022 3899; x_wconf 79' lang='grc' dir='ltr'>τήν</span> <span class='ocrx_word' id='word_1_310' title='bbox 1045 3830 1280 3898; x_wconf 77' lang='grc' dir='ltr'>μνήμην,</span> <span class='ocrx_word' id='word_1_311' title='bbox 1313 3829 1404 3880; x_wconf 87' lang='grc' dir='ltr'>καί</span> <span class='ocrx_word' id='word_1_312' title='bbox 1439 3829 1572 3898; x_wconf 82' lang='grc' dir='ltr'>πρὸς</span> <span class='ocrx_word' id='word_1_313' title='bbox 1604 3831 1694 3882; x_wconf 76' lang='grc' dir='ltr'>ἐπὶ</span> <span class='ocrx_word' id='word_1_314' title='bbox 1730 3829 1933 3892; x_wconf 76' lang='grc' dir='ltr'>τούτοις</span> <span class='ocrx_word' id='word_1_315' title='bbox 1954 3831 2172 3884; x_wconf 83' lang='grc' dir='ltr'>διπλοῦν</span> 
     </span>
    </p>
   </div>
   <div class='ocr_carea' id='block_1_41' title="bbox 519 3914 2174 3986">
    <p class='ocr_par' dir='ltr' id='par_1_41' title="bbox 519 3914 2174 3986">
     <span class='ocr_line' id='line_1_41' title="bbox 519 3914 2174 3986; baseline 0.002 -18"><span class='ocrx_word' id='word_1_316' title='bbox 519 3915 890 3986; x_wconf 86' lang='grc' dir='ltr'>ἐργασάμενος</span> <span class='ocrx_word' id='word_1_317' title='bbox 920 3915 1074 3983; x_wconf 84' lang='grc' dir='ltr'>φόνον</span> <span class='ocrx_word' id='word_1_318' title='bbox 1095 3931 1109 3978; x_wconf 88' lang='lat'><strong>;</strong></span> <span class='ocrx_word' id='word_1_319' title='bbox 1132 3915 1257 3968; x_wconf 88' lang='grc' dir='ltr'>Ὅτι</span> <span class='ocrx_word' id='word_1_320' title='bbox 1284 3914 1491 3982; x_wconf 77' lang='grc' dir='ltr'>ἄνδρα,</span> <span class='ocrx_word' id='word_1_321' title='bbox 1535 3917 1715 3984; x_wconf 57' lang='grc' dir='ltr'>φηὼν,</span> <span class='ocrx_word' id='word_1_322' title='bbox 1747 3916 2066 3970; x_wconf 78' lang='grc' dir='ltr'>ἀπέκτεινα</span> <span class='ocrx_word' id='word_1_323' title='bbox 2087 3920 2174 3983; x_wconf 82' lang='grc' dir='ltr'>εἰς</span> 
     </span>
    </p>
   </div>
   <div class='ocr_carea' id='block_1_42' title="bbox 518 3999 2170 4071">
    <p class='ocr_par' dir='ltr' id='par_1_42' title="bbox 518 3999 2170 4071">
     <span class='ocr_line' id='line_1_42' title="bbox 518 3999 2170 4071; baseline 0.002 -18"><span class='ocrx_word' id='word_1_324' title='bbox 518 3999 749 4069; x_wconf 82' lang='grc' dir='ltr'>τραῦμα</span> <span class='ocrx_word' id='word_1_325' title='bbox 775 4001 924 4069; x_wconf 75' lang='grc' dir='ltr'>ἐμοὶ,</span> <span class='ocrx_word' id='word_1_326' title='bbox 977 4001 1072 4054; x_wconf 79' lang='grc' dir='ltr'>καί</span> <span class='ocrx_word' id='word_1_327' title='bbox 1126 4002 1451 4055; x_wconf 77' lang='grc' dir='ltr'>νεανίσκον</span> <span class='ocrx_word' id='word_1_328' title='bbox 1500 4005 1583 4066; x_wconf 85' lang='grc' dir='ltr'>εἰς</span> <span class='ocrx_word' id='word_1_329' title='bbox 1609 4001 1872 4070; x_wconf 82' lang='grc' dir='ltr'>μώλωπα</span> <span class='ocrx_word' id='word_1_330' title='bbox 1917 4003 2065 4071; x_wconf 84' lang='grc' dir='ltr'>ἐμοί.</span> <span class='ocrx_word' id='word_1_331' title='bbox 2098 4005 2170 4056; x_wconf 83' lang='grc' dir='ltr'>Οὐ</span> 
     </span>
    </p>
   </div>
   <div class='ocr_carea' id='block_1_43' title="bbox 517 4086 2173 4156">
    <p class='ocr_par' dir='ltr' id='par_1_43' title="bbox 517 4086 2173 4156">
     <span class='ocr_line' id='line_1_43' title="bbox 517 4086 2173 4156; baseline 0.001 -14"><span class='ocrx_word' id='word_1_332' title='bbox 517 4087 767 4142; x_wconf 85' lang='grc' dir='ltr'>τοσοῦτον</span> <span class='ocrx_word' id='word_1_333' title='bbox 801 4086 1053 4156; x_wconf 80' lang='grc' dir='ltr'>ὴδίκησα,</span> <span class='ocrx_word' id='word_1_334' title='bbox 1102 4088 1285 4156; x_wconf 71' lang='grc' dir='ltr'>φησὶν,</span> <span class='ocrx_word' id='word_1_335' title='bbox 1346 4087 1602 4149; x_wconf 86' lang='grc' dir='ltr'>ἐκείνους,</span> <span class='ocrx_word' id='word_1_336' title='bbox 1646 4087 1738 4150; x_wconf 86' lang='grc' dir='ltr'>οὒς</span> <span class='ocrx_word' id='word_1_337' title='bbox 1787 4088 2015 4150; x_wconf 84' lang='grc' dir='ltr'>ἀνεῖλον,</span> <span class='ocrx_word' id='word_1_338' title='bbox 2051 4091 2173 4144; x_wconf 84' lang='grc' dir='ltr'>ὅσον</span> 
     </span>
    </p>
   </div>
   <div class='ocr_carea' id='block_1_44' title="bbox 517 4171 2170 4242">
    <p class='ocr_par' dir='ltr' id='par_1_44' title="bbox 517 4171 2170 4242">
     <span class='ocr_line' id='line_1_44' title="bbox 517 4171 2170 4242; baseline 0.002 -16"><span class='ocrx_word' id='word_1_339' title='bbox 517 4171 772 4242; x_wconf 81' lang='grc' dir='ltr'>ἐμαυτόν.</span> <span class='ocrx_word' id='word_1_340' title='bbox 807 4172 899 4235; x_wconf 80' lang='grc' dir='ltr'>Εἰς</span> <span class='ocrx_word' id='word_1_341' title='bbox 950 4173 1186 4240; x_wconf 78' lang='grc' dir='ltr'>ἄφυκτον</span> <span class='ocrx_word' id='word_1_342' title='bbox 1226 4171 1332 4242; x_wconf 82' lang='grc' dir='ltr'>γὰρ</span> <span class='ocrx_word' id='word_1_343' title='bbox 1358 4171 1622 4242; x_wconf 87' lang='grc' dir='ltr'>τιμωρίαν</span> <span class='ocrx_word' id='word_1_344' title='bbox 1671 4173 1861 4224; x_wconf 82' lang='grc' dir='ltr'>ἐαυτὸν</span> <span class='ocrx_word' id='word_1_345' title='bbox 1900 4175 2170 4239; x_wconf 83' lang='grc' dir='ltr'>ἐνέϐαλον,</span> 
     </span>
    </p>
   </div>
   <div class='ocr_carea' id='block_1_45' title="bbox 519 4257 2170 4334">
    <p class='ocr_par' dir='ltr' id='par_1_45' title="bbox 519 4257 2170 4334">
     <span class='ocr_line' id='line_1_45' title="bbox 519 4257 2170 4334; baseline 0 -20"><span class='ocrx_word' id='word_1_346' title='bbox 519 4259 888 4330; x_wconf 80' lang='grc' dir='ltr'>ἁμαρτήματα</span> <span class='ocrx_word' id='word_1_347' title='bbox 923 4258 1284 4326; x_wconf 84' lang='grc' dir='ltr'>ἐργασάμενος</span> <span class='ocrx_word' id='word_1_348' title='bbox 1314 4257 1637 4328; x_wconf 81' lang='grc' dir='ltr'>συγγνώμης</span> <span class='ocrx_word' id='word_1_349' title='bbox 1672 4258 1944 4314; x_wconf 71' lang='grc' dir='ltr'>ἐπέκεινα.</span> <span class='ocrx_word' id='word_1_350' title='bbox 1973 4262 2035 4313; x_wconf 82' lang='grc' dir='ltr'>Εἰ</span> <span class='ocrx_word' id='word_1_351' title='bbox 2063 4262 2170 4334; x_wconf 79' lang='grc' dir='ltr'>γὰρ</span> 
     </span>
    </p>
   </div>
   <div class='ocr_carea' id='block_1_46' title="bbox 519 4342 2170 4415">
    <p class='ocr_par' dir='ltr' id='par_1_46' title="bbox 519 4342 2170 4415">
     <span class='ocr_line' id='line_1_46' title="bbox 519 4342 2170 4415; baseline 0.002 -17"><span class='ocrx_word' id='word_1_352' title='bbox 519 4345 725 4408; x_wconf 72' lang='grc' dir='ltr'>ικεῖνος</span> <span class='ocrx_word' id='word_1_353' title='bbox 746 4344 886 4414; x_wconf 85' lang='grc' dir='ltr'>ὐπέρ</span> <span class='ocrx_word' id='word_1_354' title='bbox 913 4342 1006 4396; x_wconf 91' lang='grc' dir='ltr'>τοῦ</span> <span class='ocrx_word' id='word_1_355' title='bbox 1059 4343 1175 4405; x_wconf 83' lang='grc' dir='ltr'>ἐνὸς</span> <span class='ocrx_word' id='word_1_356' title='bbox 1208 4342 1366 4410; x_wconf 82' lang='grc' dir='ltr'>φόνου</span> <span class='ocrx_word' id='word_1_357' title='bbox 1393 4343 1527 4396; x_wconf 86' lang='grc' dir='ltr'>ἐπτά</span> <span class='ocrx_word' id='word_1_358' title='bbox 1559 4343 1850 4415; x_wconf 88' lang='grc' dir='ltr'>τιμωρίαις</span> <span class='ocrx_word' id='word_1_359' title='bbox 1871 4346 2170 4413; x_wconf 78' lang='grc' dir='ltr'>ὑπεύθυνος</span> 
     </span>
    </p>
   </div>
   <div class='ocr_carea' id='block_1_47' title="bbox 517 4427 2166 4506">
    <p class='ocr_par' dir='ltr' id='par_1_47' title="bbox 517 4427 2166 4506">
     <span class='ocr_line' id='line_1_47' title="bbox 517 4427 2166 4506; baseline -0.001 -19"><span class='ocrx_word' id='word_1_360' title='bbox 517 4429 757 4499; x_wconf 80' lang='grc' dir='ltr'>γέγονεν,</span> <span class='ocrx_word' id='word_1_361' title='bbox 785 4428 892 4498; x_wconf 87' lang='grc' dir='ltr'>ἐγὼ</span> <span class='ocrx_word' id='word_1_362' title='bbox 913 4429 1118 4491; x_wconf 88' lang='grc' dir='ltr'>δίκαιος</span> <span class='ocrx_word' id='word_1_363' title='bbox 1145 4427 1209 4481; x_wconf 84' lang='grc' dir='ltr'>ἀν</span> <span class='ocrx_word' id='word_1_364' title='bbox 1231 4429 1346 4497; x_wconf 85' lang='grc' dir='ltr'>είην</span> <span class='ocrx_word' id='word_1_365' title='bbox 1365 4428 1813 4500; x_wconf 71' lang='grc' dir='ltr'>ἑϐδομηκοντάκις</span> <span class='ocrx_word' id='word_1_366' title='bbox 1837 4433 1976 4486; x_wconf 85' lang='grc' dir='ltr'>ἐπτά</span> <span class='ocrx_word' id='word_1_367' title='bbox 2003 4452 2166 4506; x_wconf 86' lang='grc' dir='ltr'>τιμω-</span> 
     </span>
    </p>
   </div>
   <div class='ocr_carea' id='block_1_48' title="bbox 522 4515 2171 4590">
    <p class='ocr_par' dir='ltr' id='par_1_48' title="bbox 522 4515 2171 4590">
     <span class='ocr_line' id='line_1_48' title="bbox 522 4515 2171 4590; baseline 0.003 -20"><span class='ocrx_word' id='word_1_368' title='bbox 522 4522 642 4589; x_wconf 84' lang='grc' dir='ltr'>ρίας</span> <span class='ocrx_word' id='word_1_369' title='bbox 673 4517 944 4588; x_wconf 73' lang='grc' dir='ltr'>ὑποσχεῖν.</span> <span class='ocrx_word' id='word_1_370' title='bbox 968 4516 1122 4578; x_wconf 82' lang='grc' dir='ltr'>Τίνος</span> <span class='ocrx_word' id='word_1_371' title='bbox 1151 4515 1334 4568; x_wconf 75' lang='grc' dir='ltr'>ἕνεκεν</span> <span class='ocrx_word' id='word_1_372' title='bbox 1362 4517 1456 4569; x_wconf 83' lang='grc' dir='ltr'>καὶ</span> <span class='ocrx_word' id='word_1_373' title='bbox 1483 4516 1572 4569; x_wconf 83' lang='grc' dir='ltr'>διὰ</span> <span class='ocrx_word' id='word_1_374' title='bbox 1594 4518 1681 4583; x_wconf 75' lang='grc' dir='ltr'>τίς</span> <span class='ocrx_word' id='word_1_375' title='bbox 1717 4517 1779 4571; x_wconf 83' lang='grc' dir='ltr'>Εἰ</span> <span class='ocrx_word' id='word_1_376' title='bbox 1817 4518 1925 4590; x_wconf 84' lang='grc' dir='ltr'>γὰρ</span> <span class='ocrx_word' id='word_1_377' title='bbox 1951 4523 2045 4574; x_wconf 77' lang='grc' dir='ltr'>καὶ</span> <span class='ocrx_word' id='word_1_378' title='bbox 2083 4523 2171 4589; x_wconf 87' lang='grc' dir='ltr'>φό-</span> 
     </span>
    </p>
   </div>
   <div class='ocr_carea' id='block_1_49' title="bbox 518 4602 2168 4673">
    <p class='ocr_par' dir='ltr' id='par_1_49' title="bbox 518 4602 2168 4673">
     <span class='ocr_line' id='line_1_49' title="bbox 518 4602 2168 4673; baseline 0.002 -14"><span class='ocrx_word' id='word_1_379' title='bbox 518 4620 610 4659; x_wconf 92' lang='grc' dir='ltr'>νον</span> <span class='ocrx_word' id='word_1_380' title='bbox 654 4603 856 4666; x_wconf 86' lang='grc' dir='ltr'>ἐκεῖνος</span> <span class='ocrx_word' id='word_1_381' title='bbox 904 4603 1216 4672; x_wconf 84' lang='grc' dir='ltr'>εἰργάσατο,</span> <span class='ocrx_word' id='word_1_382' title='bbox 1253 4602 1348 4654; x_wconf 80' lang='grc' dir='ltr'>καὶ</span> <span class='ocrx_word' id='word_1_383' title='bbox 1370 4602 1597 4670; x_wconf 78' lang='grc' dir='ltr'>ἀδελφοῦ</span> <span class='ocrx_word' id='word_1_384' title='bbox 1622 4604 1798 4673; x_wconf 80' lang='grc' dir='ltr'>φόνον,</span> <span class='ocrx_word' id='word_1_385' title='bbox 1837 4606 1950 4659; x_wconf 79' lang='grc' dir='ltr'>ἀλλ’</span> <span class='ocrx_word' id='word_1_386' title='bbox 1985 4609 2168 4662; x_wconf 73' lang='grc' dir='ltr'>οὐδένα</span> 
     </span>
    </p>
   </div>
   <div class='ocr_carea' id='block_1_50' title="bbox 517 4689 2168 4764">
    <p class='ocr_par' dir='ltr' id='par_1_50' title="bbox 517 4689 2168 4764">
     <span class='ocr_line' id='line_1_50' title="bbox 517 4689 2168 4764; baseline 0.002 -18"><span class='ocrx_word' id='word_1_387' title='bbox 517 4690 768 4748; x_wconf 77' lang='grc' dir='ltr'>οὐδέποτε</span> <span class='ocrx_word' id='word_1_388' title='bbox 813 4689 1071 4762; x_wconf 88' lang='grc' dir='ltr'>πρότερον</span> <span class='ocrx_word' id='word_1_389' title='bbox 1115 4690 1444 4760; x_wconf 87' lang='grc' dir='ltr'>θεασάμενος</span> <span class='ocrx_word' id='word_1_390' title='bbox 1470 4690 1626 4744; x_wconf 87' lang='grc' dir='ltr'>τοῦτο</span> <span class='ocrx_word' id='word_1_391' title='bbox 1671 4695 2025 4764; x_wconf 82' lang='grc' dir='ltr'>πεποιηκότα,</span> <span class='ocrx_word' id='word_1_392' title='bbox 2050 4696 2168 4748; x_wconf 71' lang='grc' dir='ltr'>οὐδὲ</span> 
     </span>
    </p>
   </div>
   <div class='ocr_carea' id='block_1_51' title="bbox 517 4775 2170 4848">
    <p class='ocr_par' dir='ltr' id='par_1_51' title="bbox 517 4775 2170 4848">
     <span class='ocr_line' id='line_1_51' title="bbox 517 4775 2170 4848; baseline 0.001 -16"><span class='ocrx_word' id='word_1_393' title='bbox 517 4776 747 4832; x_wconf 81' lang='grc' dir='ltr'>κατιδὼν</span> <span class='ocrx_word' id='word_1_394' title='bbox 771 4776 952 4848; x_wconf 83' lang='grc' dir='ltr'>ἐτερον</span> <span class='ocrx_word' id='word_1_395' title='bbox 973 4775 1060 4829; x_wconf 81' lang='grc' dir='ltr'>διὰ</span> <span class='ocrx_word' id='word_1_396' title='bbox 1099 4775 1195 4846; x_wconf 81' lang='grc' dir='ltr'>τήν</span> <span class='ocrx_word' id='word_1_397' title='bbox 1219 4777 1414 4846; x_wconf 77' lang='grc' dir='ltr'>πρᾶξιν</span> <span class='ocrx_word' id='word_1_398' title='bbox 1438 4776 1836 4847; x_wconf 86' lang='grc' dir='ltr'>τιμωρηθέντα,</span> <span class='ocrx_word' id='word_1_399' title='bbox 1861 4781 1953 4832; x_wconf 79' lang='grc' dir='ltr'>καὶ</span> <span class='ocrx_word' id='word_1_400' title='bbox 1983 4781 2170 4834; x_wconf 82' lang='grc' dir='ltr'>τοσαύ-</span> 
     </span>
    </p>
   </div>
   <div class='ocr_carea' id='block_1_52' title="bbox 516 4860 2167 4937">
    <p class='ocr_par' dir='ltr' id='par_1_52' title="bbox 516 4860 2167 4937">
     <span class='ocr_line' id='line_1_52' title="bbox 516 4860 2167 4937; baseline 0.002 -21"><span class='ocrx_word' id='word_1_401' title='bbox 516 4879 618 4932; x_wconf 88' lang='grc' dir='ltr'>της</span> <span class='ocrx_word' id='word_1_402' title='bbox 640 4860 965 4932; x_wconf 81' lang='grc' dir='ltr'>πειραθέντα</span> <span class='ocrx_word' id='word_1_403' title='bbox 994 4862 1088 4930; x_wconf 86' lang='grc' dir='ltr'>τῆς</span> <span class='ocrx_word' id='word_1_404' title='bbox 1116 4863 1549 4930; x_wconf 89' lang='grc' dir='ltr'>ἀγανακτήσεως,</span> <span class='ocrx_word' id='word_1_405' title='bbox 1575 4863 1715 4933; x_wconf 74' lang='grc' dir='ltr'>ἅπερ</span> <span class='ocrx_word' id='word_1_406' title='bbox 1731 4865 2013 4937; x_wconf 83' lang='grc' dir='ltr'>ἀμφότερα</span> <span class='ocrx_word' id='word_1_407' title='bbox 2045 4866 2167 4936; x_wconf 68' lang='grc' dir='ltr'>ἐμοὶ</span> 
     </span>
    </p>
   </div>
   <div class='ocr_carea' id='block_1_53' title="bbox 517 4949 2169 5023">
    <p class='ocr_par' dir='ltr' id='par_1_53' title="bbox 517 4949 2169 5023">
     <span class='ocr_line' id='line_1_53' title="bbox 517 4949 2169 5023; baseline -0.001 -18"><span class='ocrx_word' id='word_1_408' title='bbox 517 4950 668 5014; x_wconf 76' lang='grc' dir='ltr'>αὔξει</span> <span class='ocrx_word' id='word_1_409' title='bbox 694 4949 791 5012; x_wconf 78' lang='grc' dir='ltr'>τάς</span> <span class='ocrx_word' id='word_1_410' title='bbox 823 4949 1088 5019; x_wconf 89' lang='grc' dir='ltr'>τιμωρίας</span> <span class='ocrx_word' id='word_1_411' title='bbox 1110 4966 1122 4980; x_wconf 73' lang='grc' dir='ltr'>ο</span> <span class='ocrx_word' id='word_1_412' title='bbox 1149 4950 1228 5002; x_wconf 86' lang='grc' dir='ltr'>ὅτι</span> <span class='ocrx_word' id='word_1_413' title='bbox 1250 4950 1342 5002; x_wconf 74' lang='grc' dir='ltr'>καὶ</span> <span class='ocrx_word' id='word_1_414' title='bbox 1369 4949 1474 5020; x_wconf 81' lang='grc' dir='ltr'>πρὸ</span> <span class='ocrx_word' id='word_1_415' title='bbox 1500 4950 1607 5002; x_wconf 88' lang='grc' dir='ltr'>τῶν</span> <span class='ocrx_word' id='word_1_416' title='bbox 1623 4951 1913 5022; x_wconf 82' lang='grc' dir='ltr'>ὀφθαλμῶν</span> <span class='ocrx_word' id='word_1_417' title='bbox 1948 4952 2084 5023; x_wconf 78' lang='grc' dir='ltr'>έχων</span> <span class='ocrx_word' id='word_1_418' title='bbox 2111 4952 2169 5004; x_wconf 87' lang='grc' dir='ltr'>τὸ</span> 
     </span>
    </p>
   </div>
   <div class='ocr_carea' id='block_1_54' title="bbox 515 5035 2168 5110">
    <p class='ocr_par' dir='ltr' id='par_1_54' title="bbox 515 5035 2168 5110">
     <span class='ocr_line' id='line_1_54' title="bbox 515 5035 2168 5110; baseline 0.002 -21"><span class='ocrx_word' id='word_1_419' title='bbox 515 5036 608 5091; x_wconf 77' lang='grc' dir='ltr'>ὐπ’</span> <span class='ocrx_word' id='word_1_420' title='bbox 643 5035 848 5092; x_wconf 77' lang='grc' dir='ltr'>ἐκείνου</span> <span class='ocrx_word' id='word_1_421' title='bbox 899 5035 1184 5105; x_wconf 74' lang='grc' dir='ltr'>τολμηθὲν,</span> <span class='ocrx_word' id='word_1_422' title='bbox 1227 5037 1320 5089; x_wconf 75' lang='grc' dir='ltr'>καὶ</span> <span class='ocrx_word' id='word_1_423' title='bbox 1359 5036 1457 5106; x_wconf 77' lang='grc' dir='ltr'>τὴν</span> <span class='ocrx_word' id='word_1_424' title='bbox 1505 5037 1774 5109; x_wconf 89' lang='grc' dir='ltr'>τιμωρίαν</span> <span class='ocrx_word' id='word_1_425' title='bbox 1814 5040 1954 5110; x_wconf 89' lang='grc' dir='ltr'>ὁρῶν</span> <span class='ocrx_word' id='word_1_426' title='bbox 1997 5038 2168 5103; x_wconf 76' lang='grc' dir='ltr'>οὕτως</span> 
     </span>
    </p>
   </div>
   <div class='ocr_carea' id='block_1_55' title="bbox 514 5113 2168 5198">
    <p class='ocr_par' dir='ltr' id='par_1_55' title="bbox 514 5113 2168 5198">
     <span class='ocr_line' id='line_1_55' title="bbox 514 5113 2168 5198; baseline 0.002 -20"><span class='ocrx_word' id='word_1_427' title='bbox 514 5124 807 5195; x_wconf 82' lang='grc' dir='ltr'>ἀνήκεστον</span> <span class='ocrx_word' id='word_1_428' title='bbox 854 5121 1038 5187; x_wconf 76' lang='grc' dir='ltr'>οὖσαν,</span> <span class='ocrx_word' id='word_1_429' title='bbox 1062 5113 1179 5179; x_wconf 83' lang='grc' dir='ltr'>οὐδέ</span> <span class='ocrx_word' id='word_1_430' title='bbox 1208 5122 1377 5186; x_wconf 69' lang='grc' dir='ltr'>οὓτως</span> <span class='ocrx_word' id='word_1_431' title='bbox 1404 5125 1828 5198; x_wconf 76' lang='grc' dir='ltr'>ἐσωφρονίσθην.</span> <span class='ocrx_word' id='word_1_432' title='bbox 1863 5128 1961 5182; x_wconf 86' lang='grc' dir='ltr'>Διά</span> <span class='ocrx_word' id='word_1_433' title='bbox 2011 5128 2168 5182; x_wconf 89' lang='grc' dir='ltr'>τοῦτο</span> 
     </span>
    </p>
   </div>
   <div class='ocr_carea' id='block_1_56' title="bbox 515 5209 2164 5288">
    <p class='ocr_par' dir='ltr' id='par_1_56' title="bbox 515 5209 2164 5288">
     <span class='ocr_line' id='line_1_56' title="bbox 515 5209 2164 5288; baseline 0.004 -24"><span class='ocrx_word' id='word_1_434' title='bbox 515 5209 616 5264; x_wconf 75' lang='grc' dir='ltr'>κᾶν</span> <span class='ocrx_word' id='word_1_435' title='bbox 661 5209 1112 5281; x_wconf 89' lang='grc' dir='ltr'>ἐϐδομηκοντάκις</span> <span class='ocrx_word' id='word_1_436' title='bbox 1140 5209 1274 5262; x_wconf 79' lang='grc' dir='ltr'>ἐπτά</span> <span class='ocrx_word' id='word_1_437' title='bbox 1298 5211 1566 5280; x_wconf 89' lang='grc' dir='ltr'>τιμωρίας</span> <span class='ocrx_word' id='word_1_438' title='bbox 1602 5213 1807 5266; x_wconf 85' lang='grc' dir='ltr'>ἐκείνου</span> <span class='ocrx_word' id='word_1_439' title='bbox 1847 5215 2164 5288; x_wconf 82' lang='grc' dir='ltr'>ὑποσταίην,</span> 
     </span>
    </p>
   </div>
   <div class='ocr_carea' id='block_1_57' title="bbox 514 5301 1498 5373">
    <p class='ocr_par' dir='ltr' id='par_1_57' title="bbox 514 5301 1498 5373">
     <span class='ocr_line' id='line_1_57' title="bbox 514 5301 1498 5373; baseline 0 -15"><span class='ocrx_word' id='word_1_440' title='bbox 514 5305 636 5358; x_wconf 85' lang='grc' dir='ltr'>οὐδέ</span> <span class='ocrx_word' id='word_1_441' title='bbox 655 5303 798 5358; x_wconf 70' lang='grc' dir='ltr'>οὕτω</span> <span class='ocrx_word' id='word_1_442' title='bbox 825 5303 923 5373; x_wconf 79' lang='grc' dir='ltr'>τὴν</span> <span class='ocrx_word' id='word_1_443' title='bbox 941 5301 1106 5368; x_wconf 64' lang='grc' dir='ltr'>’ἀξίαν</span> <span class='ocrx_word' id='word_1_444' title='bbox 1139 5301 1292 5358; x_wconf 89' lang='grc' dir='ltr'>δώσω</span> <span class='ocrx_word' id='word_1_445' title='bbox 1321 5304 1498 5373; x_wconf 90' lang='grc' dir='ltr'>δίκην.</span> 
     </span>
    </p>
   </div>
   <div class='ocr_carea' id='block_1_58' title="bbox 581 5476 2164 5556">
    <p class='ocr_par' dir='ltr' id='par_1_58' title="bbox 581 5476 2164 5556">
     <span class='ocr_line' id='line_1_58' title="bbox 581 5476 2164 5556; baseline 0.004 -26"><span class='ocrx_word' id='word_1_446' title='bbox 581 5485 651 5546; x_wconf 83' lang='grc' dir='ltr'>γ’.</span> <span class='ocrx_word' id='word_1_447' title='bbox 671 5477 854 5548; x_wconf 76' lang='grc' dir='ltr'>Ὁρᾷς.</span> <span class='ocrx_word' id='word_1_448' title='bbox 870 5477 1135 5547; x_wconf 88' lang='grc' dir='ltr'>ἀγαπητέ,</span> <span class='ocrx_word' id='word_1_449' title='bbox 1155 5476 1270 5540; x_wconf 84' lang='grc' dir='ltr'>πῶς</span> <span class='ocrx_word' id='word_1_450' title='bbox 1302 5476 1640 5541; x_wconf 78' lang='grc' dir='ltr'>αὐτεξούσιον</span> <span class='ocrx_word' id='word_1_451' title='bbox 1661 5479 1817 5550; x_wconf 85' lang='grc' dir='ltr'>ήμῶν</span> <span class='ocrx_word' id='word_1_452' title='bbox 1834 5482 1926 5553; x_wconf 79' lang='grc' dir='ltr'>τὴν</span> <span class='ocrx_word' id='word_1_453' title='bbox 1947 5481 2164 5556; x_wconf 80' lang='grc' dir='ltr'>γνώμην</span> 
     </span>
    </p>
   </div>
   <div class='ocr_carea' id='block_1_59' title="bbox 508 5561 2163 5636">
    <p class='ocr_par' dir='ltr' id='par_1_59' title="bbox 508 5561 2163 5636">
     <span class='ocr_line' id='line_1_59' title="bbox 508 5561 2163 5636; baseline 0.001 -14"><span class='ocrx_word' id='word_1_454' title='bbox 508 5565 540 5622; x_wconf 76' lang='grc'>6</span> <span class='ocrx_word' id='word_1_455' title='bbox 574 5562 706 5626; x_wconf 72' lang='grc' dir='ltr'>Θεὸς</span> <span class='ocrx_word' id='word_1_456' title='bbox 738 5561 1152 5633; x_wconf 77' lang='grc' dir='ltr'>ἐδημιούργησε,</span> <span class='ocrx_word' id='word_1_457' title='bbox 1188 5562 1281 5616; x_wconf 77' lang='grc' dir='ltr'>καὶ</span> <span class='ocrx_word' id='word_1_458' title='bbox 1318 5561 1504 5634; x_wconf 80' lang='grc' dir='ltr'>ῶσπερ</span> <span class='ocrx_word' id='word_1_459' title='bbox 1535 5564 1899 5636; x_wconf 68' lang='grc' dir='ltr'>ῥᾳθυμοῦντες</span> <span class='ocrx_word' id='word_1_460' title='bbox 1931 5570 2163 5624; x_wconf 79' lang='grc' dir='ltr'>ὑποσκε-</span> 
     </span>
    </p>
   </div>
   <div class='ocr_carea' id='block_1_60' title="bbox 509 5649 2163 5727">
    <p class='ocr_par' dir='ltr' id='par_1_60' title="bbox 509 5649 2163 5727">
     <span class='ocr_line' id='line_1_60' title="bbox 509 5649 2163 5727; baseline 0.005 -23"><span class='ocrx_word' id='word_1_461' title='bbox 509 5649 785 5721; x_wconf 82' lang='grc' dir='ltr'>λιζόμεθα,</span> <span class='ocrx_word' id='word_1_462' title='bbox 818 5649 959 5703; x_wconf 78' lang='grc' dir='ltr'>οὕτω</span> <span class='ocrx_word' id='word_1_463' title='bbox 1010 5652 1101 5703; x_wconf 71' lang='grc' dir='ltr'>καὶ</span> <span class='ocrx_word' id='word_1_464' title='bbox 1147 5649 1308 5720; x_wconf 77' lang='grc' dir='ltr'>νῆψαι</span> <span class='ocrx_word' id='word_1_465' title='bbox 1353 5650 1700 5723; x_wconf 82' lang='grc' dir='ltr'>βουληθέντες</span> <span class='ocrx_word' id='word_1_466' title='bbox 1747 5656 2054 5727; x_wconf 83' lang='grc' dir='ltr'>συνορῶμεν</span> <span class='ocrx_word' id='word_1_467' title='bbox 2101 5661 2163 5712; x_wconf 80' lang='grc' dir='ltr'>τὸ</span> 
     </span>
    </p>
   </div>
   <div class='ocr_carea' id='block_1_61' title="bbox 509 5735 2166 5818">
    <p class='ocr_par' dir='ltr' id='par_1_61' title="bbox 509 5735 2166 5818">
     <span class='ocr_line' id='line_1_61' title="bbox 509 5735 2166 5818; baseline 0.005 -25"><span class='ocrx_word' id='word_1_468' title='bbox 509 5735 657 5802; x_wconf 74' lang='grc' dir='ltr'>δέονς</span> <span class='ocrx_word' id='word_1_469' title='bbox 713 5737 809 5799; x_wconf 90' lang='grc' dir='ltr'>Τίς</span> <span class='ocrx_word' id='word_1_470' title='bbox 865 5736 996 5806; x_wconf 83' lang='grc' dir='ltr'>γάρ,</span> <span class='ocrx_word' id='word_1_471' title='bbox 1054 5738 1171 5790; x_wconf 86' lang='grc' dir='ltr'>εἰπέ</span> <span class='ocrx_word' id='word_1_472' title='bbox 1212 5755 1322 5808; x_wconf 91' lang='grc' dir='ltr'>μοι,</span> <span class='ocrx_word' id='word_1_473' title='bbox 1373 5737 1558 5792; x_wconf 75' lang='grc' dir='ltr'>τοῦτον</span> <span class='ocrx_word' id='word_1_474' title='bbox 1612 5741 1703 5794; x_wconf 79' lang='grc' dir='ltr'>ἐπὶ</span> <span class='ocrx_word' id='word_1_475' title='bbox 1751 5741 1850 5812; x_wconf 82' lang='grc' dir='ltr'>τὴν</span> <span class='ocrx_word' id='word_1_476' title='bbox 1893 5746 2166 5818; x_wconf 78' lang='grc' dir='ltr'>τοσαύτην</span> 
     </span>
    </p>
   </div>
   <div class='ocr_carea' id='block_1_62' title="bbox 507 5822 2158 5902">
    <p class='ocr_par' dir='ltr' id='par_1_62' title="bbox 507 5822 2158 5902">
     <span class='ocr_line' id='line_1_62' title="bbox 507 5822 2158 5902; baseline 0.009 -27"><span class='ocrx_word' id='word_1_477' title='bbox 507 5822 888 5896; x_wconf 64' lang='grc' dir='ltr'>ἐξομολόγησιν</span> <span class='ocrx_word' id='word_1_478' title='bbox 921 5826 1281 5896; x_wconf 87' lang='grc' dir='ltr'>κατήπειγεν;</span> <span class='ocrx_word' id='word_1_479' title='bbox 1313 5825 1496 5890; x_wconf 66' lang='grc' dir='ltr'>Οὐδεὶς</span> <span class='ocrx_word' id='word_1_480' title='bbox 1523 5827 1722 5899; x_wconf 72' lang='grc' dir='ltr'>⁹ιὶτερος,</span> <span class='ocrx_word' id='word_1_481' title='bbox 1751 5830 1863 5884; x_wconf 74' lang='grc' dir='ltr'>ἀλλ’</span> <span class='ocrx_word' id='word_1_482' title='bbox 1889 5833 1919 5902; x_wconf 76' lang='grc' dir='ltr'><strong>ἥ</strong></span> <span class='ocrx_word' id='word_1_483' title='bbox 1951 5835 2008 5886; x_wconf 80' lang='grc' dir='ltr'>τὸ</span> <span class='ocrx_word' id='word_1_484' title='bbox 2039 5853 2158 5890; x_wconf 86' lang='grc' dir='ltr'>συν-</span> 
     </span>
    </p>
   </div>
   <div class='ocr_carea' id='block_1_63' title="bbox 1325 326 3153 403">
    <p class='ocr_par' dir='ltr' id='par_1_63' title="bbox 1325 326 3153 403">
     <span class='ocr_line' id='line_1_63' title="bbox 1325 326 3153 403; baseline -0.01 0"><span class='ocrx_word' id='word_1_485' title='bbox 1325 345 1382 403; x_wconf 86' lang='lat' dir='ltr'>S.</span> <span class='ocrx_word' id='word_1_486' title='bbox 1423 341 1704 400; x_wconf 72' lang='lat' dir='ltr'>JOANNIS</span> <span class='ocrx_word' id='word_1_487' title='bbox 1740 332 2224 398; x_wconf 73' lang='lat' dir='ltr'>CBRYSOSTOMI</span> <span class='ocrx_word' id='word_1_488' title='bbox 2262 331 2580 390; x_wconf 76' lang='lat' dir='ltr'>ARCHIEP.</span> <span class='ocrx_word' id='word_1_489' title='bbox 2619 326 3153 389; x_wconf 74' lang='lat' dir='ltr'>CONSTANTlNOP.</span> 
     </span>
    </p>
   </div>
   <div class='ocr_carea' id='block_1_64' title="bbox 3839 321 3946 374">
    <p class='ocr_par' dir='ltr' id='par_1_64' title="bbox 3839 321 3946 374">
     <span class='ocr_line' id='line_1_64' title="bbox 3839 321 3946 374; baseline 0 0"><span class='ocrx_word' id='word_1_490' title='bbox 3839 321 3946 374; x_wconf 73' lang='lat' dir='ltr'>I70</span> 
     </span>
    </p>
   </div>
   <div class='ocr_carea' id='block_1_65' title="bbox 2282 432 3943 515">
    <p class='ocr_par' dir='ltr' id='par_1_65' title="bbox 2282 432 3943 515">
     <span class='ocr_line' id='line_1_65' title="bbox 2282 432 3943 515; baseline -0.01 -15"><span class='ocrx_word' id='word_1_491' title='bbox 2282 448 2419 512; x_wconf 85' lang='grc' dir='ltr'>ειδὸς</span> <span class='ocrx_word' id='word_1_492' title='bbox 2456 449 2548 502; x_wconf 72' lang='grc' dir='ltr'>καὶ</span> <span class='ocrx_word' id='word_1_493' title='bbox 2581 449 2610 500; x_wconf 90' lang='grc' dir='ltr'>ὁ</span> <span class='ocrx_word' id='word_1_494' title='bbox 2648 446 2905 515; x_wconf 69' lang='grc' dir='ltr'>δικαστὴς</span> <span class='ocrx_word' id='word_1_495' title='bbox 2949 444 3151 504; x_wconf 84' lang='grc' dir='ltr'>ἐκεῖνος</span> <span class='ocrx_word' id='word_1_496' title='bbox 3178 442 3204 493; x_wconf 82' lang='grc' dir='ltr'>ὁ</span> <span class='ocrx_word' id='word_1_497' title='bbox 3232 438 3540 502; x_wconf 79' lang='grc' dir='ltr'>ἀδέκαστος.</span> <span class='ocrx_word' id='word_1_498' title='bbox 3579 433 3800 502; x_wconf 77' lang='grc' dir='ltr'>Ἐπειδὴ</span> <span class='ocrx_word' id='word_1_499' title='bbox 3831 432 3943 501; x_wconf 73' lang='grc' dir='ltr'>γὰρ</span> 
     </span>
    </p>
   </div>
   <div class='ocr_carea' id='block_1_66' title="bbox 2277 522 3943 608">
    <p class='ocr_par' dir='ltr' id='par_1_66' title="bbox 2277 522 3943 608">
     <span class='ocr_line' id='line_1_66' title="bbox 2277 522 3943 608; baseline -0.011 -18"><span class='ocrx_word' id='word_1_500' title='bbox 2277 539 2355 600; x_wconf 90' lang='grc' dir='ltr'>εἰς</span> <span class='ocrx_word' id='word_1_501' title='bbox 2415 535 2679 608; x_wconf 79' lang='grc' dir='ltr'>ρᾳθυμίαν</span> <span class='ocrx_word' id='word_1_502' title='bbox 2724 533 3018 594; x_wconf 81' lang='grc' dir='ltr'>ἀποκλίνας</span> <span class='ocrx_word' id='word_1_503' title='bbox 3065 532 3140 592; x_wconf 88' lang='grc' dir='ltr'>εἰς</span> <span class='ocrx_word' id='word_1_504' title='bbox 3187 528 3341 598; x_wconf 76' lang='grc' dir='ltr'>ἔργον</span> <span class='ocrx_word' id='word_1_505' title='bbox 3390 526 3562 596; x_wconf 82' lang='grc' dir='ltr'>ῆγα-γε</span> <span class='ocrx_word' id='word_1_506' title='bbox 3616 523 3716 592; x_wconf 81' lang='grc' dir='ltr'>τὴν</span> <span class='ocrx_word' id='word_1_507' title='bbox 3759 522 3943 608; x_wconf 71' lang='grc' dir='ltr'>κακὴν</span> 
     </span>
    </p>
   </div>
   <div class='ocr_carea' id='block_1_67' title="bbox 2275 607 3941 694">
    <p class='ocr_par' dir='ltr' id='par_1_67' title="bbox 2275 607 3941 694">
     <span class='ocr_line' id='line_1_67' title="bbox 2275 607 3941 694; baseline -0.011 -19"><span class='ocrx_word' id='word_1_508' title='bbox 2275 623 2633 694; x_wconf 71' lang='grc' dir='ltr'>ἐπιχείρησιν,</span> <span class='ocrx_word' id='word_1_509' title='bbox 2663 619 2860 682; x_wconf 88' lang='grc' dir='ltr'>εὐθέως</span> <span class='ocrx_word' id='word_1_510' title='bbox 2890 618 3250 683; x_wconf 80' lang='grc' dir='ltr'>κατεξανέστη</span> <span class='ocrx_word' id='word_1_511' title='bbox 3273 613 3333 666; x_wconf 85' lang='grc' dir='ltr'>τδ</span> <span class='ocrx_word' id='word_1_512' title='bbox 3361 611 3594 673; x_wconf 76' lang='grc' dir='ltr'>συνειδὸς</span> <span class='ocrx_word' id='word_1_513' title='bbox 3623 607 3941 694; x_wconf 80' lang='grc' dir='ltr'>καταϐοῶν.</span> 
     </span>
    </p>
   </div>
   <div class='ocr_carea' id='block_1_68' title="bbox 2275 693 3941 779">
    <p class='ocr_par' dir='ltr' id='par_1_68' title="bbox 2275 693 3941 779">
     <span class='ocr_line' id='line_1_68' title="bbox 2275 693 3941 779; baseline -0.011 -17"><span class='ocrx_word' id='word_1_514' title='bbox 2275 693 2947 779; x_wconf 14' lang='grc' dir='ltr'>καὶγτῶνάμαρτηθέντων</span> <span class='ocrx_word' id='word_1_515' title='bbox 2975 705 3036 757; x_wconf 76' lang='grc' dir='ltr'>τὸ</span> <span class='ocrx_word' id='word_1_516' title='bbox 3067 701 3312 774; x_wconf 82' lang='grc' dir='ltr'>μέγεθος,</span> <span class='ocrx_word' id='word_1_517' title='bbox 3343 701 3437 752; x_wconf 79' lang='grc' dir='ltr'>καὶ</span> <span class='ocrx_word' id='word_1_518' title='bbox 3467 699 3615 760; x_wconf 82' lang='grc' dir='ltr'>ὅσαις</span> <span class='ocrx_word' id='word_1_519' title='bbox 3643 693 3941 765; x_wconf 78' lang='grc' dir='ltr'>τιμωρίαις</span> 
     </span>
    </p>
   </div>
   <div class='ocr_carea' id='block_1_69' title="bbox 2275 783 3940 867">
    <p class='ocr_par' dir='ltr' id='par_1_69' title="bbox 2275 783 3940 867">
     <span class='ocr_line' id='line_1_69' title="bbox 2275 783 3940 867; baseline -0.011 -14"><span class='ocrx_word' id='word_1_520' title='bbox 2275 798 2462 852; x_wconf 81' lang='grc' dir='ltr'>ἐαυτὸν</span> <span class='ocrx_word' id='word_1_521' title='bbox 2496 799 2788 852; x_wconf 81' lang='grc' dir='ltr'>ὑπεύθυνον</span> <span class='ocrx_word' id='word_1_522' title='bbox 2820 795 3129 867; x_wconf 88' lang='grc' dir='ltr'>εἰργάσατο.</span> <span class='ocrx_word' id='word_1_523' title='bbox 3163 790 3413 844; x_wconf 86' lang='grc' dir='ltr'>Τοιοῦτον</span> <span class='ocrx_word' id='word_1_524' title='bbox 3436 788 3546 858; x_wconf 84' lang='grc' dir='ltr'>γὰρ</span> <span class='ocrx_word' id='word_1_525' title='bbox 3577 786 3610 853; x_wconf 88' lang='grc' dir='ltr'>ή</span> <span class='ocrx_word' id='word_1_526' title='bbox 3651 783 3940 856; x_wconf 87' lang='grc' dir='ltr'>ἀμαρτία·</span> 
     </span>
    </p>
   </div>
   <div class='ocr_carea' id='block_1_70' title="bbox 2274 873 3941 956">
    <p class='ocr_par' dir='ltr' id='par_1_70' title="bbox 2274 873 3941 956">
     <span class='ocr_line' id='line_1_70' title="bbox 2274 873 3941 956; baseline -0.008 -18"><span class='ocrx_word' id='word_1_527' title='bbox 2274 887 2401 956; x_wconf 74' lang='grc' dir='ltr'>πρὶν</span> <span class='ocrx_word' id='word_1_528' title='bbox 2435 885 2465 956; x_wconf 78' lang='grc' dir='ltr'>ἢ</span> <span class='ocrx_word' id='word_1_529' title='bbox 2500 886 2596 956; x_wconf 76' lang='grc' dir='ltr'>μὲν</span> <span class='ocrx_word' id='word_1_530' title='bbox 2620 885 2727 954; x_wconf 75' lang='grc' dir='ltr'>γὰρ</span> <span class='ocrx_word' id='word_1_531' title='bbox 2756 881 3116 953; x_wconf 81' lang='grc' dir='ltr'>παραχθῆναι,</span> <span class='ocrx_word' id='word_1_532' title='bbox 3153 879 3246 932; x_wconf 81' lang='grc' dir='ltr'>καὶ</span> <span class='ocrx_word' id='word_1_533' title='bbox 3283 879 3360 940; x_wconf 88' lang='grc' dir='ltr'>εἰς</span> <span class='ocrx_word' id='word_1_534' title='bbox 3399 875 3557 946; x_wconf 72' lang='grc' dir='ltr'>ἔργον</span> <span class='ocrx_word' id='word_1_535' title='bbox 3579 873 3774 932; x_wconf 83' lang='grc' dir='ltr'>ἐλθεῖν.</span> <span class='ocrx_word' id='word_1_536' title='bbox 3805 888 3941 925; x_wconf 78' lang='grc' dir='ltr'>σκο-</span> 
     </span>
    </p>
   </div>
   <div class='ocr_carea' id='block_1_71' title="bbox 2272 958 3943 1042">
    <p class='ocr_par' dir='ltr' id='par_1_71' title="bbox 2272 958 3943 1042">
     <span class='ocr_line' id='line_1_71' title="bbox 2272 958 3943 1042; baseline -0.008 -19"><span class='ocrx_word' id='word_1_537' title='bbox 2272 977 2356 1025; x_wconf 90' lang='grc' dir='ltr'>τοῖ</span> <span class='ocrx_word' id='word_1_538' title='bbox 2377 972 2466 1026; x_wconf 79' lang='grc' dir='ltr'>τὸν</span> <span class='ocrx_word' id='word_1_539' title='bbox 2485 973 2761 1042; x_wconf 65' lang='grc' dir='ltr'>λογισμὸν,</span> <span class='ocrx_word' id='word_1_540' title='bbox 2798 971 2894 1024; x_wconf 74' lang='grc' dir='ltr'>καὶ</span> <span class='ocrx_word' id='word_1_541' title='bbox 2935 969 3118 1038; x_wconf 76' lang='grc' dir='ltr'>ἀπατᾷ</span> <span class='ocrx_word' id='word_1_542' title='bbox 3154 965 3251 1036; x_wconf 76' lang='grc' dir='ltr'>τὴν</span> <span class='ocrx_word' id='word_1_543' title='bbox 3275 965 3512 1018; x_wconf 90' lang='grc' dir='ltr'>διάνοιαν</span> <span class='ocrx_word' id='word_1_544' title='bbox 3532 978 3545 991; x_wconf 85' lang='grc'>⁶</span> <span class='ocrx_word' id='word_1_545' title='bbox 3586 958 3818 1042; x_wconf 78' lang='grc' dir='ltr'>ἐπάνδέ</span> <span class='ocrx_word' id='word_1_546' title='bbox 3843 974 3943 1010; x_wconf 84' lang='grc' dir='ltr'>τε⁹</span> 
     </span>
    </p>
   </div>
   <div class='ocr_carea' id='block_1_72' title="bbox 2273 1039 3942 1126">
    <p class='ocr_par' dir='ltr' id='par_1_72' title="bbox 2273 1039 3942 1126">
     <span class='ocr_line' id='line_1_72' title="bbox 2273 1039 3942 1126; baseline -0.01 -20"><span class='ocrx_word' id='word_1_547' title='bbox 2273 1055 2490 1126; x_wconf 75' lang='grc' dir='ltr'>λειωθῇ,</span> <span class='ocrx_word' id='word_1_548' title='bbox 2521 1039 2654 1108; x_wconf 70' lang='grc' dir='ltr'>τότε</span> <span class='ocrx_word' id='word_1_549' title='bbox 2671 1053 2836 1125; x_wconf 75' lang='grc' dir='ltr'>δήλην</span> <span class='ocrx_word' id='word_1_550' title='bbox 2861 1055 2992 1122; x_wconf 86' lang='grc' dir='ltr'>ήμῖν</span> <span class='ocrx_word' id='word_1_551' title='bbox 3027 1050 3124 1121; x_wconf 79' lang='grc' dir='ltr'>τήν</span> <span class='ocrx_word' id='word_1_552' title='bbox 3164 1047 3331 1118; x_wconf 85' lang='grc' dir='ltr'>αὐτῆς</span> <span class='ocrx_word' id='word_1_553' title='bbox 3361 1044 3588 1099; x_wconf 82' lang='grc' dir='ltr'>ἀτοπίαν</span> <span class='ocrx_word' id='word_1_554' title='bbox 3619 1039 3942 1126; x_wconf 67' lang='grc' dir='ltr'>καθίστησι.</span> 
     </span>
    </p>
   </div>
   <div class='ocr_carea' id='block_1_73' title="bbox 2273 1124 3945 1211">
    <p class='ocr_par' dir='ltr' id='par_1_73' title="bbox 2273 1124 3945 1211">
     <span class='ocr_line' id='line_1_73' title="bbox 2273 1124 3945 1211; baseline -0.011 -17"><span class='ocrx_word' id='word_1_555' title='bbox 2273 1142 2366 1194; x_wconf 77' lang='grc' dir='ltr'>καὶ</span> <span class='ocrx_word' id='word_1_556' title='bbox 2401 1124 2464 1211; x_wconf 37' lang='grc' dir='ltr'>ήη</span> <span class='ocrx_word' id='word_1_557' title='bbox 2486 1140 2707 1211; x_wconf 85' lang='grc' dir='ltr'>βραχεῖα</span> <span class='ocrx_word' id='word_1_558' title='bbox 2751 1124 2931 1208; x_wconf 83' lang='grc' dir='ltr'>ἐκείνη</span> <span class='ocrx_word' id='word_1_559' title='bbox 2989 1138 3081 1191; x_wconf 66' lang='grc' dir='ltr'>καί⁵</span> <span class='ocrx_word' id='word_1_560' title='bbox 3124 1136 3319 1198; x_wconf 75' lang='grc' dir='ltr'>ἄτοπος</span> <span class='ocrx_word' id='word_1_561' title='bbox 3363 1131 3521 1204; x_wconf 78' lang='grc' dir='ltr'>ἡδονὴ</span> <span class='ocrx_word' id='word_1_562' title='bbox 3561 1126 3784 1200; x_wconf 87' lang='grc' dir='ltr'>διηνεκῆ</span> <span class='ocrx_word' id='word_1_563' title='bbox 3837 1124 3945 1192; x_wconf 73' lang='grc' dir='ltr'>τὴν</span> 
     </span>
    </p>
   </div>
   <div class='ocr_carea' id='block_1_74' title="bbox 2273 1214 3942 1298">
    <p class='ocr_par' dir='ltr' id='par_1_74' title="bbox 2273 1214 3942 1298">
     <span class='ocr_line' id='line_1_74' title="bbox 2273 1214 3942 1298; baseline -0.012 -16"><span class='ocrx_word' id='word_1_564' title='bbox 2273 1227 2464 1298; x_wconf 79' lang='grc' dir='ltr'>ὀδύνην</span> <span class='ocrx_word' id='word_1_565' title='bbox 2503 1229 2632 1298; x_wconf 87' lang='grc' dir='ltr'>ήμῖν</span> <span class='ocrx_word' id='word_1_566' title='bbox 2677 1227 2944 1297; x_wconf 89' lang='grc' dir='ltr'>ἀντίθησι,</span> <span class='ocrx_word' id='word_1_567' title='bbox 2995 1224 3089 1277; x_wconf 72' lang='grc' dir='ltr'>καὶ</span> <span class='ocrx_word' id='word_1_568' title='bbox 3135 1222 3228 1275; x_wconf 91' lang='grc' dir='ltr'>τοῦ</span> <span class='ocrx_word' id='word_1_569' title='bbox 3279 1219 3574 1279; x_wconf 88' lang='grc' dir='ltr'>συνειδότος</span> <span class='ocrx_word' id='word_1_570' title='bbox 3619 1214 3942 1284; x_wconf 81' lang='grc' dir='ltr'>ἀφαιρεῖται</span> 
     </span>
    </p>
   </div>
   <div class='ocr_carea' id='block_1_75' title="bbox 2271 1299 3941 1386">
    <p class='ocr_par' dir='ltr' id='par_1_75' title="bbox 2271 1299 3941 1386">
     <span class='ocr_line' id='line_1_75' title="bbox 2271 1299 3941 1386; baseline -0.009 -19"><span class='ocrx_word' id='word_1_571' title='bbox 2271 1314 2369 1385; x_wconf 74' lang='grc' dir='ltr'>τὴν</span> <span class='ocrx_word' id='word_1_572' title='bbox 2412 1313 2738 1386; x_wconf 80' lang='grc' dir='ltr'>παρρησίαν,</span> <span class='ocrx_word' id='word_1_573' title='bbox 2769 1314 2858 1366; x_wconf 80' lang='grc' dir='ltr'>καὶ</span> <span class='ocrx_word' id='word_1_574' title='bbox 2895 1310 3119 1380; x_wconf 81' lang='grc' dir='ltr'>αἰσχύνῃ</span> <span class='ocrx_word' id='word_1_575' title='bbox 3145 1303 3457 1378; x_wconf 85' lang='grc' dir='ltr'>περιϐάλλει</span> <span class='ocrx_word' id='word_1_576' title='bbox 3495 1304 3588 1356; x_wconf 82' lang='grc' dir='ltr'>τὸν</span> <span class='ocrx_word' id='word_1_577' title='bbox 3618 1301 3835 1356; x_wconf 90' lang='grc' dir='ltr'>ἀλόντα.</span> <span class='ocrx_word' id='word_1_578' title='bbox 3875 1299 3941 1350; x_wconf 84' lang='grc' dir='ltr'>ὐ</span> 
     </span>
    </p>
   </div>
   <div class='ocr_carea' id='block_1_76' title="bbox 2273 1389 3940 1473">
    <p class='ocr_par' dir='ltr' id='par_1_76' title="bbox 2273 1389 3940 1473">
     <span class='ocr_line' id='line_1_76' title="bbox 2273 1389 3940 1473; baseline -0.013 -15"><span class='ocrx_word' id='word_1_579' title='bbox 2273 1401 2380 1473; x_wconf 73' lang='grc' dir='ltr'>γάρ</span> <span class='ocrx_word' id='word_1_580' title='bbox 2408 1401 2778 1472; x_wconf 82' lang='grc' dir='ltr'>φιλάνθρωπος</span> <span class='ocrx_word' id='word_1_581' title='bbox 2819 1399 3092 1467; x_wconf 89' lang='grc' dir='ltr'>Δεσπότης</span> <span class='ocrx_word' id='word_1_582' title='bbox 3122 1394 3361 1447; x_wconf 87' lang='grc' dir='ltr'>τοιοῦτον</span> <span class='ocrx_word' id='word_1_583' title='bbox 3389 1393 3519 1462; x_wconf 80' lang='grc' dir='ltr'>ἡμῖν</span> <span class='ocrx_word' id='word_1_584' title='bbox 3563 1389 3652 1443; x_wconf 83' lang='grc' dir='ltr'>τὸν</span> <span class='ocrx_word' id='word_1_585' title='bbox 3698 1391 3940 1457; x_wconf 80' lang='grc' dir='ltr'>κατήγο-</span> 
     </span>
    </p>
   </div>
   <div class='ocr_carea' id='block_1_77' title="bbox 2275 1473 3942 1560">
    <p class='ocr_par' dir='ltr' id='par_1_77' title="bbox 2275 1473 3942 1560">
     <span class='ocr_line' id='line_1_77' title="bbox 2275 1473 3942 1560; baseline -0.01 -17"><span class='ocrx_word' id='word_1_586' title='bbox 2275 1505 2367 1560; x_wconf 87' lang='grc' dir='ltr'>ρον</span> <span class='ocrx_word' id='word_1_587' title='bbox 2396 1487 2582 1542; x_wconf 84' lang='grc' dir='ltr'>τοῦτον</span> <span class='ocrx_word' id='word_1_588' title='bbox 2627 1487 2941 1556; x_wconf 89' lang='grc' dir='ltr'>ἐπέστησεν,</span> <span class='ocrx_word' id='word_1_589' title='bbox 2964 1483 3039 1547; x_wconf 90' lang='grc' dir='ltr'>ώς</span> <span class='ocrx_word' id='word_1_590' title='bbox 3073 1483 3334 1552; x_wconf 83' lang='grc' dir='ltr'>μηδέποτε</span> <span class='ocrx_word' id='word_1_591' title='bbox 3365 1479 3609 1550; x_wconf 82' lang='grc' dir='ltr'>ὴρεμείν,</span> <span class='ocrx_word' id='word_1_592' title='bbox 3639 1474 3752 1529; x_wconf 83' lang='grc' dir='ltr'>ἀλλ’</span> <span class='ocrx_word' id='word_1_593' title='bbox 3783 1473 3942 1528; x_wconf 66' lang='lat' dir='ltr'>am-</span> 
     </span>
    </p>
   </div>
   <div class='ocr_carea' id='block_1_78' title="bbox 2272 1559 3939 1641">
    <p class='ocr_par' dir='ltr' id='par_1_78' title="bbox 2272 1559 3939 1641">
     <span class='ocr_line' id='line_1_78' title="bbox 2272 1559 3939 1641; baseline -0.011 -12"><span class='ocrx_word' id='word_1_594' title='bbox 2272 1559 2504 1637; x_wconf 83' lang='grc' dir='ltr'>λείπτως</span> <span class='ocrx_word' id='word_1_595' title='bbox 2566 1573 2786 1626; x_wconf 87' lang='grc' dir='ltr'>συνόντα</span> <span class='ocrx_word' id='word_1_596' title='bbox 2839 1570 3141 1641; x_wconf 75' lang='grc' dir='ltr'>καταϐοᾷν,</span> <span class='ocrx_word' id='word_1_597' title='bbox 3182 1568 3274 1620; x_wconf 77' lang='grc' dir='ltr'>καὶ</span> <span class='ocrx_word' id='word_1_598' title='bbox 3303 1565 3484 1635; x_wconf 85' lang='grc' dir='ltr'>δίκην</span> <span class='ocrx_word' id='word_1_599' title='bbox 3530 1564 3779 1616; x_wconf 78' lang='grc' dir='ltr'>ἀπαιτεῖν</span> <span class='ocrx_word' id='word_1_600' title='bbox 3824 1559 3939 1612; x_wconf 83' lang='grc' dir='ltr'>τῶν</span> 
     </span>
    </p>
   </div>
   <div class='ocr_carea' id='block_1_79' title="bbox 2273 1650 3940 1734">
    <p class='ocr_par' dir='ltr' id='par_1_79' title="bbox 2273 1650 3940 1734">
     <span class='ocr_line' id='line_1_79' title="bbox 2273 1650 3940 1734; baseline -0.008 -16"><span class='ocrx_word' id='word_1_601' title='bbox 2273 1663 2836 1734; x_wconf 86' lang='grc' dir='ltr'>πεπλημμελημένων.</span> <span class='ocrx_word' id='word_1_602' title='bbox 2890 1661 2998 1716; x_wconf 77' lang='grc' dir='ltr'>Καὶ</span> <span class='ocrx_word' id='word_1_603' title='bbox 3032 1659 3185 1714; x_wconf 85' lang='grc' dir='ltr'>τοῦτο</span> <span class='ocrx_word' id='word_1_604' title='bbox 3241 1658 3304 1711; x_wconf 79' lang='grc' dir='ltr'>ἄν</span> <span class='ocrx_word' id='word_1_605' title='bbox 3345 1673 3426 1720; x_wconf 86' lang='grc' dir='ltr'>τις</span> <span class='ocrx_word' id='word_1_606' title='bbox 3483 1655 3580 1707; x_wconf 83' lang='grc' dir='ltr'>ῖδοι</span> <span class='ocrx_word' id='word_1_607' title='bbox 3638 1651 3827 1722; x_wconf 64' lang='grc' dir='ltr'>σαηρῶς</span> <span class='ocrx_word' id='word_1_608' title='bbox 3873 1650 3940 1714; x_wconf 82' lang='grc' dir='ltr'>ἐξ</span> 
     </span>
    </p>
   </div>
   <div class='ocr_carea' id='block_1_80' title="bbox 2271 1737 3934 1820">
    <p class='ocr_par' dir='ltr' id='par_1_80' title="bbox 2271 1737 3934 1820">
     <span class='ocr_line' id='line_1_80' title="bbox 2271 1737 3934 1820; baseline -0.001 -17"><span class='ocrx_word' id='word_1_609' title='bbox 2271 1751 2448 1803; x_wconf 89' lang='grc' dir='ltr'>αὐτῶν</span> <span class='ocrx_word' id='word_1_610' title='bbox 2480 1751 2587 1804; x_wconf 88' lang='grc' dir='ltr'>τῶν</span> <span class='ocrx_word' id='word_1_611' title='bbox 2611 1749 2967 1820; x_wconf 80' lang='grc' dir='ltr'>πραγμάτων.</span> <span class='ocrx_word' id='word_1_612' title='bbox 3015 1747 3072 1800; x_wconf 82' lang='grc' dir='ltr'>ὐ</span> <span class='ocrx_word' id='word_1_613' title='bbox 3100 1745 3208 1816; x_wconf 75' lang='grc' dir='ltr'>γὰρ</span> <span class='ocrx_word' id='word_1_614' title='bbox 3247 1745 3461 1815; x_wconf 82' lang='grc' dir='ltr'>πόρνος,</span> <span class='ocrx_word' id='word_1_615' title='bbox 3510 1741 3542 1812; x_wconf 84' lang='grc' dir='ltr'>ἢ</span> <span class='ocrx_word' id='word_1_616' title='bbox 3585 1741 3613 1792; x_wconf 81' lang='grc' dir='ltr'>ὁ</span> <span class='ocrx_word' id='word_1_617' title='bbox 3660 1739 3870 1809; x_wconf 68' lang='grc' dir='ltr'>μοιχὸς.</span> <span class='ocrx_word' id='word_1_618' title='bbox 3898 1737 3934 1807; x_wconf 67' lang='grc' dir='ltr'>ἢ</span> 
     </span>
    </p>
   </div>
   <div class='ocr_carea' id='block_1_81' title="bbox 2269 1823 3937 1909">
    <p class='ocr_par' dir='ltr' id='par_1_81' title="bbox 2269 1823 3937 1909">
     <span class='ocr_line' id='line_1_81' title="bbox 2269 1823 3937 1909; baseline -0.01 -18"><span class='ocrx_word' id='word_1_619' title='bbox 2269 1839 2297 1890; x_wconf 90' lang='grc' dir='ltr'>ὁ</span> <span class='ocrx_word' id='word_1_620' title='bbox 2337 1837 2518 1909; x_wconf 73' lang='grc' dir='ltr'>ἕτερόν</span> <span class='ocrx_word' id='word_1_621' title='bbox 2558 1854 2608 1890; x_wconf 90' lang='grc' dir='ltr'>τι</span> <span class='ocrx_word' id='word_1_622' title='bbox 2647 1836 2881 1888; x_wconf 87' lang='grc' dir='ltr'>τοιοῦτον</span> <span class='ocrx_word' id='word_1_623' title='bbox 2928 1831 3301 1905; x_wconf 86' lang='grc' dir='ltr'>εἰργασμένος,</span> <span class='ocrx_word' id='word_1_624' title='bbox 3356 1829 3456 1882; x_wconf 79' lang='grc' dir='ltr'>κᾶν</span> <span class='ocrx_word' id='word_1_625' title='bbox 3501 1827 3708 1888; x_wconf 86' lang='grc' dir='ltr'>πάντας</span> <span class='ocrx_word' id='word_1_626' title='bbox 3747 1823 3937 1876; x_wconf 88' lang='grc' dir='ltr'>λαθεῖν</span> 
     </span>
    </p>
   </div>
   <div class='ocr_carea' id='block_1_82' title="bbox 2269 1909 3936 1995">
    <p class='ocr_par' dir='ltr' id='par_1_82' title="bbox 2269 1909 3936 1995">
     <span class='ocr_line' id='line_1_82' title="bbox 2269 1909 3936 1995; baseline -0.011 -17"><span class='ocrx_word' id='word_1_627' title='bbox 2269 1923 2490 1995; x_wconf 81' lang='grc' dir='ltr'>δυνηθῇ,</span> <span class='ocrx_word' id='word_1_628' title='bbox 2519 1924 2636 1977; x_wconf 89' lang='grc' dir='ltr'>οὐδέ</span> <span class='ocrx_word' id='word_1_629' title='bbox 2668 1921 2837 1985; x_wconf 72' lang='grc' dir='ltr'>οὔτως</span> <span class='ocrx_word' id='word_1_630' title='bbox 2874 1923 2930 1974; x_wconf 83' lang='grc' dir='ltr'>ἐν</span> <span class='ocrx_word' id='word_1_631' title='bbox 2960 1919 3164 1990; x_wconf 72' lang='grc' dir='ltr'>ἠρεμίᾳ</span> <span class='ocrx_word' id='word_1_632' title='bbox 3205 1917 3396 1984; x_wconf 84' lang='grc' dir='ltr'>διάγει,</span> <span class='ocrx_word' id='word_1_633' title='bbox 3440 1915 3549 1968; x_wconf 81' lang='grc' dir='ltr'>ἀλλ’</span> <span class='ocrx_word' id='word_1_634' title='bbox 3581 1913 3716 1984; x_wconf 78' lang='grc' dir='ltr'>ἔχων</span> <span class='ocrx_word' id='word_1_635' title='bbox 3741 1909 3936 1964; x_wconf 83' lang='grc' dir='ltr'>τοῦτον</span> 
     </span>
    </p>
   </div>
   <div class='ocr_carea' id='block_1_83' title="bbox 2270 1995 3935 2080">
    <p class='ocr_par' dir='ltr' id='par_1_83' title="bbox 2270 1995 3935 2080">
     <span class='ocr_line' id='line_1_83' title="bbox 2270 1995 3935 2080; baseline -0.008 -19"><span class='ocrx_word' id='word_1_636' title='bbox 2270 2009 2360 2062; x_wconf 82' lang='grc' dir='ltr'>τὸν</span> <span class='ocrx_word' id='word_1_637' title='bbox 2385 2008 2628 2080; x_wconf 78' lang='grc' dir='ltr'>σφοδρὸν,</span> <span class='ocrx_word' id='word_1_638' title='bbox 2672 2008 2973 2077; x_wconf 84' lang='grc' dir='ltr'>κατήγορον</span> <span class='ocrx_word' id='word_1_639' title='bbox 2999 2006 3096 2067; x_wconf 87' lang='grc' dir='ltr'>τάς</span> <span class='ocrx_word' id='word_1_640' title='bbox 3124 2003 3354 2070; x_wconf 64' lang='grc' dir='ltr'>ὑποψίας</span> <span class='ocrx_word' id='word_1_641' title='bbox 3397 2000 3616 2060; x_wconf 74' lang='grc' dir='ltr'>δέδοικε,</span> <span class='ocrx_word' id='word_1_642' title='bbox 3643 1997 3740 2060; x_wconf 89' lang='grc' dir='ltr'>τάς</span> <span class='ocrx_word' id='word_1_643' title='bbox 3769 1995 3935 2056; x_wconf 72' lang='grc' dir='ltr'>σκιὰς</span> 
     </span>
    </p>
   </div>
   <div class='ocr_carea' id='block_1_84' title="bbox 2269 2081 3936 2166">
    <p class='ocr_par' dir='ltr' id='par_1_84' title="bbox 2269 2081 3936 2166">
     <span class='ocr_line' id='line_1_84' title="bbox 2269 2081 3936 2166; baseline -0.008 -19"><span class='ocrx_word' id='word_1_644' title='bbox 2269 2095 2480 2166; x_wconf 77' lang='grc' dir='ltr'>τρέμει,</span> <span class='ocrx_word' id='word_1_645' title='bbox 2505 2097 2627 2156; x_wconf 77' lang='grc' dir='ltr'>τοὺς</span> <span class='ocrx_word' id='word_1_646' title='bbox 2659 2094 2880 2157; x_wconf 83' lang='grc' dir='ltr'>εἰδότας,</span> <span class='ocrx_word' id='word_1_647' title='bbox 2909 2093 3033 2156; x_wconf 81' lang='grc' dir='ltr'>τούς</span> <span class='ocrx_word' id='word_1_648' title='bbox 3059 2092 3157 2144; x_wconf 87' lang='grc' dir='ltr'>οὐκ</span> <span class='ocrx_word' id='word_1_649' title='bbox 3195 2091 3420 2152; x_wconf 83' lang='grc' dir='ltr'>εἰδότας,</span> <span class='ocrx_word' id='word_1_650' title='bbox 3443 2086 3658 2156; x_wconf 82' lang='grc' dir='ltr'>διηνεκῆ</span> <span class='ocrx_word' id='word_1_651' title='bbox 3682 2081 3936 2153; x_wconf 81' lang='grc' dir='ltr'>χειμῶνα</span> 
     </span>
    </p>
   </div>
   <div class='ocr_carea' id='block_1_85' title="bbox 2270 2169 3936 2254">
    <p class='ocr_par' dir='ltr' id='par_1_85' title="bbox 2270 2169 3936 2254">
     <span class='ocr_line' id='line_1_85' title="bbox 2270 2169 3936 2254; baseline -0.009 -18"><span class='ocrx_word' id='word_1_652' title='bbox 2270 2183 2407 2253; x_wconf 76' lang='grc' dir='ltr'>ἔχων</span> <span class='ocrx_word' id='word_1_653' title='bbox 2440 2185 2498 2236; x_wconf 84' lang='grc' dir='ltr'>ὲν</span> <span class='ocrx_word' id='word_1_654' title='bbox 2532 2183 2675 2254; x_wconf 78' lang='grc' dir='ltr'>ψυχῇ</span> <span class='ocrx_word' id='word_1_655' title='bbox 2715 2181 2807 2235; x_wconf 75' lang='grc' dir='ltr'>καὶ</span> <span class='ocrx_word' id='word_1_656' title='bbox 2848 2180 3064 2251; x_wconf 85' lang='grc' dir='ltr'>κύματα</span> <span class='ocrx_word' id='word_1_657' title='bbox 3104 2177 3398 2244; x_wconf 76' lang='grc' dir='ltr'>ἐπάλληλα.</span> <span class='ocrx_word' id='word_1_658' title='bbox 3448 2173 3557 2227; x_wconf 68' lang='grc' dir='ltr'>Καὶ</span> <span class='ocrx_word' id='word_1_659' title='bbox 3601 2172 3722 2224; x_wconf 77' lang='grc' dir='ltr'>οὐτε</span> <span class='ocrx_word' id='word_1_660' title='bbox 3759 2169 3936 2231; x_wconf 84' lang='grc' dir='ltr'>ῦπνος</span> 
     </span>
    </p>
   </div>
   <div class='ocr_carea' id='block_1_86' title="bbox 2269 2259 3935 2342">
    <p class='ocr_par' dir='ltr' id='par_1_86' title="bbox 2269 2259 3935 2342">
     <span class='ocr_line' id='line_1_86' title="bbox 2269 2259 3935 2342; baseline -0.009 -18"><span class='ocrx_word' id='word_1_661' title='bbox 2269 2271 2345 2342; x_wconf 80' lang='grc' dir='ltr'>τῷ</span> <span class='ocrx_word' id='word_1_662' title='bbox 2379 2268 2603 2339; x_wconf 76' lang='grc' dir='ltr'>τοιούτῳ</span> <span class='ocrx_word' id='word_1_663' title='bbox 2648 2269 2796 2339; x_wconf 79' lang='grc' dir='ltr'>ήδύς,</span> <span class='ocrx_word' id='word_1_664' title='bbox 2842 2267 2974 2321; x_wconf 89' lang='grc' dir='ltr'>ἀλλά</span> <span class='ocrx_word' id='word_1_665' title='bbox 3009 2267 3168 2336; x_wconf 73' lang='grc' dir='ltr'>φόϐου</span> <span class='ocrx_word' id='word_1_666' title='bbox 3205 2267 3298 2319; x_wconf 75' lang='grc' dir='ltr'>καὶ</span> <span class='ocrx_word' id='word_1_667' title='bbox 3337 2262 3602 2333; x_wconf 80' lang='grc' dir='ltr'>δειμάτων</span> <span class='ocrx_word' id='word_1_668' title='bbox 3636 2259 3935 2329; x_wconf 78' lang='grc' dir='ltr'>πεπληρωο</span> 
     </span>
    </p>
   </div>
   <div class='ocr_carea' id='block_1_87' title="bbox 2273 2345 3934 2426">
    <p class='ocr_par' dir='ltr' id='par_1_87' title="bbox 2273 2345 3934 2426">
     <span class='ocr_line' id='line_1_87' title="bbox 2273 2345 3934 2426; baseline -0.008 -17"><span class='ocrx_word' id='word_1_669' title='bbox 2273 2357 2456 2426; x_wconf 81' lang='grc' dir='ltr'>μένος·</span> <span class='ocrx_word' id='word_1_670' title='bbox 2492 2354 2614 2409; x_wconf 74' lang='grc' dir='ltr'>οὐτε</span> <span class='ocrx_word' id='word_1_671' title='bbox 2642 2355 2813 2426; x_wconf 66' lang='grc' dir='ltr'>τροφή</span> <span class='ocrx_word' id='word_1_672' title='bbox 2839 2355 3027 2426; x_wconf 78' lang='grc' dir='ltr'>ἡδονὴν</span> <span class='ocrx_word' id='word_1_673' title='bbox 3069 2354 3286 2424; x_wconf 78' lang='grc' dir='ltr'>ἔχουσα,</span> <span class='ocrx_word' id='word_1_674' title='bbox 3321 2350 3444 2405; x_wconf 78' lang='grc' dir='ltr'>οὐτε</span> <span class='ocrx_word' id='word_1_675' title='bbox 3482 2347 3712 2411; x_wconf 83' lang='grc' dir='ltr'>διάλεξις</span> <span class='ocrx_word' id='word_1_676' title='bbox 3759 2345 3934 2414; x_wconf 80' lang='grc' dir='ltr'>φίλων</span> 
     </span>
    </p>
   </div>
   <div class='ocr_carea' id='block_1_88' title="bbox 2269 2430 3934 2513">
    <p class='ocr_par' dir='ltr' id='par_1_88' title="bbox 2269 2430 3934 2513">
     <span class='ocr_line' id='line_1_88' title="bbox 2269 2430 3934 2513; baseline -0.007 -18"><span class='ocrx_word' id='word_1_677' title='bbox 2269 2443 2358 2496; x_wconf 84' lang='grc' dir='ltr'>τὸν</span> <span class='ocrx_word' id='word_1_678' title='bbox 2396 2441 2634 2496; x_wconf 90' lang='grc' dir='ltr'>τοιοῦτον</span> <span class='ocrx_word' id='word_1_679' title='bbox 2677 2445 3002 2513; x_wconf 86' lang='grc' dir='ltr'>μεταγαγεῖν</span> <span class='ocrx_word' id='word_1_680' title='bbox 3057 2442 3364 2509; x_wconf 86' lang='grc' dir='ltr'>δυνήσεται,</span> <span class='ocrx_word' id='word_1_681' title='bbox 3391 2438 3436 2507; x_wconf 79' lang='grc' dir='ltr'><strong>,ἢ</strong></span> <span class='ocrx_word' id='word_1_682' title='bbox 3485 2433 3792 2498; x_wconf 78' lang='grc' dir='ltr'>ἀπαλλάξαι</span> <span class='ocrx_word' id='word_1_683' title='bbox 3835 2430 3934 2484; x_wconf 82' lang='grc' dir='ltr'>τοῦ</span> 
     </span>
    </p>
   </div>
   <div class='ocr_carea' id='block_1_89' title="bbox 2269 2522 3932 2598">
    <p class='ocr_par' dir='ltr' id='par_1_89' title="bbox 2269 2522 3932 2598">
     <span class='ocr_line' id='line_1_89' title="bbox 2269 2522 3932 2598; baseline -0.009 -14"><span class='ocrx_word' id='word_1_684' title='bbox 2269 2530 2473 2595; x_wconf 84' lang='grc' dir='ltr'>ἀγῶνος</span> <span class='ocrx_word' id='word_1_685' title='bbox 2500 2529 2594 2582; x_wconf 86' lang='grc' dir='ltr'>τοῦ</span> <span class='ocrx_word' id='word_1_686' title='bbox 2643 2529 3016 2598; x_wconf 83' lang='grc' dir='ltr'>ἐπικειμένου·</span> <span class='ocrx_word' id='word_1_687' title='bbox 3065 2528 3196 2580; x_wconf 87' lang='grc' dir='ltr'>ἀλλά</span> <span class='ocrx_word' id='word_1_688' title='bbox 3244 2525 3489 2593; x_wconf 87' lang='grc' dir='ltr'>καθάπερ</span> <span class='ocrx_word' id='word_1_689' title='bbox 3535 2522 3726 2592; x_wconf 78' lang='grc' dir='ltr'>δήμιον</span> <span class='ocrx_word' id='word_1_690' title='bbox 3769 2535 3932 2588; x_wconf 83' lang='grc' dir='ltr'>περι-</span> 
     </span>
    </p>
   </div>
   <div class='ocr_carea' id='block_1_90' title="bbox 2270 2606 3931 2688">
    <p class='ocr_par' dir='ltr' id='par_1_90' title="bbox 2270 2606 3931 2688">
     <span class='ocr_line' id='line_1_90' title="bbox 2270 2606 3931 2688; baseline -0.007 -18"><span class='ocrx_word' id='word_1_691' title='bbox 2270 2617 2445 2688; x_wconf 85' lang='grc' dir='ltr'>φέρων</span> <span class='ocrx_word' id='word_1_692' title='bbox 2491 2617 2877 2681; x_wconf 76' lang='grc' dir='ltr'>καταξαίνοντα</span> <span class='ocrx_word' id='word_1_693' title='bbox 2927 2615 3085 2670; x_wconf 72' lang='grc' dir='ltr'>αὐτὸν</span> <span class='ocrx_word' id='word_1_694' title='bbox 3132 2614 3226 2667; x_wconf 72' lang='grc' dir='ltr'>καὶ</span> <span class='ocrx_word' id='word_1_695' title='bbox 3275 2612 3598 2682; x_wconf 78' lang='grc' dir='ltr'>μαστίζοντα</span> <span class='ocrx_word' id='word_1_696' title='bbox 3643 2606 3931 2679; x_wconf 84' lang='grc' dir='ltr'>διηνεκῶς,</span> 
     </span>
    </p>
   </div>
   <div class='ocr_carea' id='block_1_91' title="bbox 2268 2695 3931 2773">
    <p class='ocr_par' dir='ltr' id='par_1_91' title="bbox 2268 2695 3931 2773">
     <span class='ocr_line' id='line_1_91' title="bbox 2268 2695 3931 2773; baseline -0.007 -18"><span class='ocrx_word' id='word_1_697' title='bbox 2268 2701 2409 2755; x_wconf 77' lang='grc' dir='ltr'>οὕτω</span> <span class='ocrx_word' id='word_1_698' title='bbox 2453 2703 2590 2773; x_wconf 85' lang='grc' dir='ltr'>μετά</span> <span class='ocrx_word' id='word_1_699' title='bbox 2644 2703 2740 2771; x_wconf 81' lang='grc' dir='ltr'>τὴν</span> <span class='ocrx_word' id='word_1_700' title='bbox 2787 2703 2984 2755; x_wconf 85' lang='grc' dir='ltr'>ἀτοπον</span> <span class='ocrx_word' id='word_1_701' title='bbox 3042 2701 3237 2770; x_wconf 80' lang='grc' dir='ltr'>πρᾶξιν</span> <span class='ocrx_word' id='word_1_702' title='bbox 3293 2699 3505 2766; x_wconf 82' lang='grc' dir='ltr'>ἐκείνην</span> <span class='ocrx_word' id='word_1_703' title='bbox 3558 2695 3931 2766; x_wconf 83' lang='grc' dir='ltr'>περιέρχεται,</span> 
     </span>
    </p>
   </div>
   <div class='ocr_carea' id='block_1_92' title="bbox 2269 2781 3934 2862">
    <p class='ocr_par' dir='ltr' id='par_1_92' title="bbox 2269 2781 3934 2862">
     <span class='ocr_line' id='line_1_92' title="bbox 2269 2781 3934 2862; baseline -0.007 -16"><span class='ocrx_word' id='word_1_704' title='bbox 2269 2794 2476 2857; x_wconf 87' lang='grc' dir='ltr'>οὐδενὸς</span> <span class='ocrx_word' id='word_1_705' title='bbox 2512 2792 2730 2857; x_wconf 86' lang='grc' dir='ltr'>εἰδότος,</span> <span class='ocrx_word' id='word_1_706' title='bbox 2764 2791 2861 2853; x_wconf 78' lang='grc' dir='ltr'>τὰς</span> <span class='ocrx_word' id='word_1_707' title='bbox 2909 2792 3210 2862; x_wconf 68' lang='grc' dir='ltr'>ἀφορήτους</span> <span class='ocrx_word' id='word_1_708' title='bbox 3255 2786 3463 2848; x_wconf 86' lang='grc' dir='ltr'>ἐκείνας</span> <span class='ocrx_word' id='word_1_709' title='bbox 3512 2781 3778 2853; x_wconf 86' lang='grc' dir='ltr'>τιμωρίας</span> <span class='ocrx_word' id='word_1_710' title='bbox 3830 2781 3934 2834; x_wconf 81' lang='grc' dir='ltr'>ὓπ-</span> 
     </span>
    </p>
   </div>
   <div class='ocr_carea' id='block_1_93' title="bbox 2271 2873 3829 2950">
    <p class='ocr_par' dir='ltr' id='par_1_93' title="bbox 2271 2873 3829 2950">
     <span class='ocr_line' id='line_1_93' title="bbox 2271 2873 3829 2950; baseline -0.005 -18"><span class='ocrx_word' id='word_1_711' title='bbox 2271 2880 2425 2950; x_wconf 86' lang='grc' dir='ltr'>έχων,</span> <span class='ocrx_word' id='word_1_712' title='bbox 2462 2881 2552 2932; x_wconf 76' lang='grc' dir='ltr'>καὶ</span> <span class='ocrx_word' id='word_1_713' title='bbox 2580 2881 2836 2948; x_wconf 81' lang='grc' dir='ltr'>δικαστὴς</span> <span class='ocrx_word' id='word_1_714' title='bbox 2866 2878 3056 2931; x_wconf 86' lang='grc' dir='ltr'>ἐαυτοῦ</span> <span class='ocrx_word' id='word_1_715' title='bbox 3085 2877 3364 2946; x_wconf 88' lang='grc' dir='ltr'>γινόμενος</span> <span class='ocrx_word' id='word_1_716' title='bbox 3390 2873 3482 2927; x_wconf 79' lang='grc' dir='ltr'>καὶ</span> <span class='ocrx_word' id='word_1_717' title='bbox 3507 2874 3829 2943; x_wconf 85' lang='grc' dir='ltr'>κατήγορος.</span> 
     </span>
    </p>
   </div>
   <div class='ocr_carea' id='block_1_94' title="bbox 2350 2957 3931 3035">
    <p class='ocr_par' dir='ltr' id='par_1_94' title="bbox 2350 2957 3931 3035">
     <span class='ocr_line' id='line_1_94' title="bbox 2350 2957 3931 3035; baseline -0.006 -16"><span class='ocrx_word' id='word_1_718' title='bbox 2350 2967 2487 3019; x_wconf 78' lang='grc' dir='ltr'>Ἀλλ’</span> <span class='ocrx_word' id='word_1_719' title='bbox 2539 2970 2568 3019; x_wconf 91' lang='grc' dir='ltr'>ὁ</span> <span class='ocrx_word' id='word_1_720' title='bbox 2621 2965 2788 3019; x_wconf 88' lang='grc' dir='ltr'>ταῦτα</span> <span class='ocrx_word' id='word_1_721' title='bbox 2843 2964 3198 3035; x_wconf 81' lang='grc' dir='ltr'>εἰργασμένος</span> <span class='ocrx_word' id='word_1_722' title='bbox 3245 2962 3338 3015; x_wconf 85' lang='grc' dir='ltr'>ἐὰν</span> <span class='ocrx_word' id='word_1_723' title='bbox 3393 2959 3624 3030; x_wconf 74' lang='grc' dir='ltr'>βουληθῇ</span> <span class='ocrx_word' id='word_1_724' title='bbox 3679 2962 3757 3022; x_wconf 81' lang='grc' dir='ltr'>εἰς</span> <span class='ocrx_word' id='word_1_725' title='bbox 3811 2957 3931 3011; x_wconf 88' lang='grc' dir='ltr'>δέον</span> 
     </span>
    </p>
   </div>
   <div class='ocr_carea' id='block_1_95' title="bbox 2268 3042 3931 3124">
    <p class='ocr_par' dir='ltr' id='par_1_95' title="bbox 2268 3042 3931 3124">
     <span class='ocr_line' id='line_1_95' title="bbox 2268 3042 3931 3124; baseline -0.006 -19"><span class='ocrx_word' id='word_1_726' title='bbox 2268 3053 2569 3122; x_wconf 78' lang='grc' dir='ltr'>χρήσασθαι</span> <span class='ocrx_word' id='word_1_727' title='bbox 2596 3056 2660 3124; x_wconf 83' lang='grc' dir='ltr'>τῇ</span> <span class='ocrx_word' id='word_1_728' title='bbox 2699 3053 2805 3106; x_wconf 83' lang='grc' dir='ltr'>ἀπὸ</span> <span class='ocrx_word' id='word_1_729' title='bbox 2836 3051 2925 3104; x_wconf 90' lang='grc' dir='ltr'>τοῦ</span> <span class='ocrx_word' id='word_1_730' title='bbox 2961 3050 3254 3111; x_wconf 80' lang='grc' dir='ltr'>συνειδότος</span> <span class='ocrx_word' id='word_1_731' title='bbox 3290 3046 3528 3117; x_wconf 75' lang='grc' dir='ltr'>βοηθείᾳ,</span> <span class='ocrx_word' id='word_1_732' title='bbox 3574 3045 3666 3100; x_wconf 78' lang='grc' dir='ltr'>καὶ</span> <span class='ocrx_word' id='word_1_733' title='bbox 3701 3044 3795 3098; x_wconf 71' lang='grc' dir='ltr'>ἐπὶ</span> <span class='ocrx_word' id='word_1_734' title='bbox 3831 3042 3931 3114; x_wconf 72' lang='grc' dir='ltr'>τὴν</span> 
     </span>
    </p>
   </div>
   <div class='ocr_carea' id='block_1_96' title="bbox 2269 3129 3931 3209">
    <p class='ocr_par' dir='ltr' id='par_1_96' title="bbox 2269 3129 3931 3209">
     <span class='ocr_line' id='line_1_96' title="bbox 2269 3129 3931 3209; baseline -0.007 -17"><span class='ocrx_word' id='word_1_735' title='bbox 2269 3138 2648 3209; x_wconf 80' lang='grc' dir='ltr'>ἐξομολόγησιν</span> <span class='ocrx_word' id='word_1_736' title='bbox 2696 3139 2802 3191; x_wconf 89' lang='grc' dir='ltr'>τῶν</span> <span class='ocrx_word' id='word_1_737' title='bbox 2853 3137 3248 3209; x_wconf 84' lang='grc' dir='ltr'>πεπραγμένων</span> <span class='ocrx_word' id='word_1_738' title='bbox 3305 3133 3620 3203; x_wconf 77' lang='grc' dir='ltr'>ἐπειχθῆναι</span> <span class='ocrx_word' id='word_1_739' title='bbox 3645 3171 3657 3193; x_wconf 87' lang='grc'><strong>.</strong></span> <span class='ocrx_word' id='word_1_740' title='bbox 3705 3131 3799 3184; x_wconf 83' lang='grc' dir='ltr'>καὶ</span> <span class='ocrx_word' id='word_1_741' title='bbox 3849 3129 3931 3200; x_wconf 78' lang='grc' dir='ltr'>τῷ</span> 
     </span>
    </p>
   </div>
   <div class='ocr_carea' id='block_1_97' title="bbox 2271 3216 3930 3297">
    <p class='ocr_par' dir='ltr' id='par_1_97' title="bbox 2271 3216 3930 3297">
     <span class='ocr_line' id='line_1_97' title="bbox 2271 3216 3930 3297; baseline -0.005 -19"><span class='ocrx_word' id='word_1_742' title='bbox 2271 3225 2437 3297; x_wconf 81' lang='grc' dir='ltr'>ἰατρῷ</span> <span class='ocrx_word' id='word_1_743' title='bbox 2470 3225 2635 3292; x_wconf 79' lang='grc' dir='ltr'>δεῖξαι</span> <span class='ocrx_word' id='word_1_744' title='bbox 2670 3225 2728 3279; x_wconf 85' lang='grc' dir='ltr'>τὸ</span> <span class='ocrx_word' id='word_1_745' title='bbox 2752 3226 2928 3288; x_wconf 83' lang='grc' dir='ltr'>ἐλκος,</span> <span class='ocrx_word' id='word_1_746' title='bbox 2961 3223 3038 3294; x_wconf 83' lang='grc' dir='ltr'>τῷ</span> <span class='ocrx_word' id='word_1_747' title='bbox 3067 3221 3418 3294; x_wconf 85' lang='grc' dir='ltr'>θεραπεύοντι</span> <span class='ocrx_word' id='word_1_748' title='bbox 3463 3221 3557 3273; x_wconf 77' lang='grc' dir='ltr'>καὶ</span> <span class='ocrx_word' id='word_1_749' title='bbox 3608 3219 3684 3290; x_wconf 78' lang='grc' dir='ltr'>μὴ</span> <span class='ocrx_word' id='word_1_750' title='bbox 3733 3216 3930 3271; x_wconf 81' lang='grc' dir='ltr'>ὀνειδί-</span> 
     </span>
    </p>
   </div>
   <div class='ocr_carea' id='block_1_98' title="bbox 2270 3304 3929 3382">
    <p class='ocr_par' dir='ltr' id='par_1_98' title="bbox 2270 3304 3929 3382">
     <span class='ocr_line' id='line_1_98' title="bbox 2270 3304 3929 3382; baseline -0.004 -19"><span class='ocrx_word' id='word_1_751' title='bbox 2270 3313 2433 3376; x_wconf 76' lang='grc' dir='ltr'>ζοντι,</span> <span class='ocrx_word' id='word_1_752' title='bbox 2466 3313 2558 3365; x_wconf 74' lang='grc' dir='ltr'>καὶ</span> <span class='ocrx_word' id='word_1_753' title='bbox 2589 3312 2656 3365; x_wconf 78' lang='grc' dir='ltr'>τά</span> <span class='ocrx_word' id='word_1_754' title='bbox 2689 3313 2817 3382; x_wconf 89' lang='grc' dir='ltr'>παρ’</span> <span class='ocrx_word' id='word_1_755' title='bbox 2843 3311 3050 3365; x_wconf 85' lang='grc' dir='ltr'>ἐκείνου</span> <span class='ocrx_word' id='word_1_756' title='bbox 3084 3310 3348 3380; x_wconf 85' lang='grc' dir='ltr'>φάρμακα</span> <span class='ocrx_word' id='word_1_757' title='bbox 3391 3305 3660 3371; x_wconf 79' lang='grc' dir='ltr'>δέξασθαι,</span> <span class='ocrx_word' id='word_1_758' title='bbox 3697 3305 3792 3358; x_wconf 76' lang='grc' dir='ltr'>καὶ</span> <span class='ocrx_word' id='word_1_759' title='bbox 3829 3304 3929 3374; x_wconf 83' lang='grc' dir='ltr'>μό-</span> 
     </span>
    </p>
   </div>
   <div class='ocr_carea' id='block_1_99' title="bbox 2269 3391 3929 3470">
    <p class='ocr_par' dir='ltr' id='par_1_99' title="bbox 2269 3391 3929 3470">
     <span class='ocr_line' id='line_1_99' title="bbox 2269 3391 3929 3470; baseline -0.007 -17"><span class='ocrx_word' id='word_1_760' title='bbox 2269 3415 2356 3462; x_wconf 84' lang='grc' dir='ltr'>νος</span> <span class='ocrx_word' id='word_1_761' title='bbox 2379 3398 2526 3470; x_wconf 88' lang='grc' dir='ltr'>αὐτῷ</span> <span class='ocrx_word' id='word_1_762' title='bbox 2557 3399 2918 3470; x_wconf 90' lang='grc' dir='ltr'>διαλεχθῆναι,</span> <span class='ocrx_word' id='word_1_763' title='bbox 2947 3396 3170 3468; x_wconf 78' lang='grc' dir='ltr'>μηδενὸς</span> <span class='ocrx_word' id='word_1_764' title='bbox 3191 3396 3407 3460; x_wconf 86' lang='grc' dir='ltr'>εἰδότος,</span> <span class='ocrx_word' id='word_1_765' title='bbox 3441 3394 3532 3447; x_wconf 81' lang='grc' dir='ltr'>καὶ</span> <span class='ocrx_word' id='word_1_766' title='bbox 3558 3392 3734 3446; x_wconf 86' lang='grc' dir='ltr'>πάντα</span> <span class='ocrx_word' id='word_1_767' title='bbox 3757 3391 3929 3443; x_wconf 85' lang='grc' dir='ltr'>εἰπεῖν</span> 
     </span>
    </p>
   </div>
   <div class='ocr_carea' id='block_1_100' title="bbox 2271 3477 3928 3557">
    <p class='ocr_par' dir='ltr' id='par_1_100' title="bbox 2271 3477 3928 3557">
     <span class='ocr_line' id='line_1_100' title="bbox 2271 3477 3928 3557; baseline -0.005 -19"><span class='ocrx_word' id='word_1_768' title='bbox 2271 3485 2410 3555; x_wconf 89' lang='grc' dir='ltr'>μετά</span> <span class='ocrx_word' id='word_1_769' title='bbox 2453 3485 2756 3557; x_wconf 81' lang='grc' dir='ltr'>ἀκριϐείας.</span> <span class='ocrx_word' id='word_1_770' title='bbox 2791 3487 3008 3554; x_wconf 86' lang='grc' dir='ltr'>ταχεῖαν</span> <span class='ocrx_word' id='word_1_771' title='bbox 3056 3485 3336 3553; x_wconf 80' lang='grc' dir='ltr'>ποιήσεται</span> <span class='ocrx_word' id='word_1_772' title='bbox 3379 3481 3477 3552; x_wconf 79' lang='grc' dir='ltr'>τὴν</span> <span class='ocrx_word' id='word_1_773' title='bbox 3511 3477 3794 3550; x_wconf 84' lang='grc' dir='ltr'>διόρθωσιν</span> <span class='ocrx_word' id='word_1_774' title='bbox 3819 3477 3928 3530; x_wconf 80' lang='grc' dir='ltr'>τῶν</span> 
     </span>
    </p>
   </div>
   <div class='ocr_carea' id='block_1_101' title="bbox 2267 3564 3930 3642">
    <p class='ocr_par' dir='ltr' id='par_1_101' title="bbox 2267 3564 3930 3642">
     <span class='ocr_line' id='line_1_101' title="bbox 2267 3564 3930 3642; baseline -0.005 -17"><span class='ocrx_word' id='word_1_775' title='bbox 2267 3573 2666 3642; x_wconf 85' lang='grc' dir='ltr'>ἐπταισμένων.</span> <span class='ocrx_word' id='word_1_776' title='bbox 2708 3573 2771 3624; x_wconf 84' lang='grc' dir='ltr'><strong><em>Ἥ</em></strong></span> <span class='ocrx_word' id='word_1_777' title='bbox 2810 3571 2917 3640; x_wconf 82' lang='grc' dir='ltr'>γὰρ</span> <span class='ocrx_word' id='word_1_778' title='bbox 2937 3569 3191 3640; x_wconf 83' lang='grc' dir='ltr'>ὁμολογία</span> <span class='ocrx_word' id='word_1_779' title='bbox 3232 3569 3336 3622; x_wconf 90' lang='grc' dir='ltr'>τῶν</span> <span class='ocrx_word' id='word_1_780' title='bbox 3383 3565 3785 3639; x_wconf 78' lang='grc' dir='ltr'>ἡμαρτημένων</span> <span class='ocrx_word' id='word_1_781' title='bbox 3819 3564 3930 3632; x_wconf 70' lang='grc' dir='ltr'>ἀφ-</span> 
     </span>
    </p>
   </div>
   <div class='ocr_carea' id='block_1_102' title="bbox 2267 3649 3930 3728">
    <p class='ocr_par' dir='ltr' id='par_1_102' title="bbox 2267 3649 3930 3728">
     <span class='ocr_line' id='line_1_102' title="bbox 2267 3649 3930 3728; baseline -0.005 -17"><span class='ocrx_word' id='word_1_782' title='bbox 2267 3658 2491 3728; x_wconf 77' lang='grc' dir='ltr'>ανισμὸς</span> <span class='ocrx_word' id='word_1_783' title='bbox 2517 3658 2723 3726; x_wconf 90' lang='grc' dir='ltr'>γίνεται</span> <span class='ocrx_word' id='word_1_784' title='bbox 2745 3657 2852 3709; x_wconf 85' lang='grc' dir='ltr'>τῶν</span> <span class='ocrx_word' id='word_1_785' title='bbox 2883 3652 3555 3727; x_wconf 73' lang='grc' dir='ltr'>πλημμελημάτων.[175]</span> <span class='ocrx_word' id='word_1_786' title='bbox 3585 3654 3646 3705; x_wconf 87' lang='grc' dir='ltr'>Εἰ</span> <span class='ocrx_word' id='word_1_787' title='bbox 3676 3651 3786 3722; x_wconf 89' lang='grc' dir='ltr'>γάρ</span> <span class='ocrx_word' id='word_1_788' title='bbox 3805 3649 3872 3721; x_wconf 82' lang='grc' dir='ltr'>δὴ</span> <span class='ocrx_word' id='word_1_789' title='bbox 3898 3651 3930 3703; x_wconf 88' lang='grc' dir='ltr'>ὁ</span> 
     </span>
    </p>
   </div>
   <div class='ocr_carea' id='block_1_103' title="bbox 2269 3737 3929 3815">
    <p class='ocr_par' dir='ltr' id='par_1_103' title="bbox 2269 3737 3929 3815">
     <span class='ocr_line' id='line_1_103' title="bbox 2269 3737 3929 3815; baseline -0.005 -18"><span class='ocrx_word' id='word_1_790' title='bbox 2269 3745 2458 3815; x_wconf 87' lang='grc' dir='ltr'>Λάμεχ</span> <span class='ocrx_word' id='word_1_791' title='bbox 2485 3738 2639 3806; x_wconf 75' lang='grc' dir='ltr'>οὗτος</span> <span class='ocrx_word' id='word_1_792' title='bbox 2663 3746 2782 3806; x_wconf 87' lang='grc' dir='ltr'>ταῖς</span> <span class='ocrx_word' id='word_1_793' title='bbox 2805 3741 2996 3796; x_wconf 84' lang='grc' dir='ltr'>ἐαυτοῦ</span> <span class='ocrx_word' id='word_1_794' title='bbox 3023 3740 3234 3810; x_wconf 69' lang='grc' dir='ltr'>γυναιξὶ</span> <span class='ocrx_word' id='word_1_795' title='bbox 3267 3742 3390 3804; x_wconf 77' lang='grc' dir='ltr'>τοὺς</span> <span class='ocrx_word' id='word_1_796' title='bbox 3423 3740 3551 3811; x_wconf 80' lang='grc' dir='ltr'>παρ’</span> <span class='ocrx_word' id='word_1_797' title='bbox 3577 3737 3740 3794; x_wconf 88' lang='grc' dir='ltr'>αὐτοῦ</span> <span class='ocrx_word' id='word_1_798' title='bbox 3770 3753 3929 3807; x_wconf 77' lang='grc' dir='ltr'>γενο·</span> 
     </span>
    </p>
   </div>
   <div class='ocr_carea' id='block_1_104' title="bbox 2272 3822 3928 3900">
    <p class='ocr_par' dir='ltr' id='par_1_104' title="bbox 2272 3822 3928 3900">
     <span class='ocr_line' id='line_1_104' title="bbox 2272 3822 3928 3900; baseline -0.004 -16"><span class='ocrx_word' id='word_1_799' title='bbox 2272 3832 2464 3900; x_wconf 88' lang='grc' dir='ltr'>μένους</span> <span class='ocrx_word' id='word_1_800' title='bbox 2502 3832 2694 3899; x_wconf 83' lang='grc' dir='ltr'>φόνους</span> <span class='ocrx_word' id='word_1_801' title='bbox 2737 3828 3090 3899; x_wconf 80' lang='grc' dir='ltr'>ἐξαγορεῦσαι</span> <span class='ocrx_word' id='word_1_802' title='bbox 3133 3829 3194 3881; x_wconf 91' lang='grc' dir='ltr'>οὐ</span> <span class='ocrx_word' id='word_1_803' title='bbox 3247 3827 3614 3898; x_wconf 77' lang='grc' dir='ltr'>παρῃτήσατο,</span> <span class='ocrx_word' id='word_1_804' title='bbox 3667 3825 3826 3888; x_wconf 87' lang='grc' dir='ltr'>ποίας</span> <span class='ocrx_word' id='word_1_805' title='bbox 3861 3822 3928 3878; x_wconf 70' lang='grc' dir='ltr'>ἂν</span> 
     </span>
    </p>
   </div>
   <div class='ocr_carea' id='block_1_105' title="bbox 2270 3910 3930 3986">
    <p class='ocr_par' dir='ltr' id='par_1_105' title="bbox 2270 3910 3930 3986">
     <span class='ocr_line' id='line_1_105' title="bbox 2270 3910 3930 3986; baseline -0.004 -17"><span class='ocrx_word' id='word_1_806' title='bbox 2270 3919 2458 3986; x_wconf 74' lang='grc' dir='ltr'>εἠμεν</span> <span class='ocrx_word' id='word_1_807' title='bbox 2493 3917 2819 3986; x_wconf 86' lang='grc' dir='ltr'>συγγνώμης</span> <span class='ocrx_word' id='word_1_808' title='bbox 2861 3917 3023 3980; x_wconf 80' lang='grc' dir='ltr'>ἀξιοι,</span> <span class='ocrx_word' id='word_1_809' title='bbox 3059 3913 3136 3984; x_wconf 87' lang='grc' dir='ltr'>τῷ</span> <span class='ocrx_word' id='word_1_810' title='bbox 3164 3915 3339 3968; x_wconf 88' lang='grc' dir='ltr'>πάντα</span> <span class='ocrx_word' id='word_1_811' title='bbox 3374 3913 3510 3983; x_wconf 85' lang='grc' dir='ltr'>μετά</span> <span class='ocrx_word' id='word_1_812' title='bbox 3539 3910 3822 3982; x_wconf 79' lang='grc' dir='ltr'>ἀκριϐείας</span> <span class='ocrx_word' id='word_1_813' title='bbox 3854 3911 3930 3962; x_wconf 78' lang='grc' dir='ltr'>εἰ·</span> 
     </span>
    </p>
   </div>
   <div class='ocr_carea' id='block_1_106' title="bbox 2268 3995 3930 4074">
    <p class='ocr_par' dir='ltr' id='par_1_106' title="bbox 2268 3995 3930 4074">
     <span class='ocr_line' id='line_1_106' title="bbox 2268 3995 3930 4074; baseline -0.005 -18"><span class='ocrx_word' id='word_1_814' title='bbox 2268 4002 2378 4056; x_wconf 89' lang='grc' dir='ltr'>δότι</span> <span class='ocrx_word' id='word_1_815' title='bbox 2421 4003 2487 4055; x_wconf 73' lang='grc' dir='ltr'>τὰ</span> <span class='ocrx_word' id='word_1_816' title='bbox 2525 4005 2763 4074; x_wconf 83' lang='grc' dir='ltr'>ήμέτερα</span> <span class='ocrx_word' id='word_1_817' title='bbox 2810 4001 3250 4072; x_wconf 76' lang='grc' dir='ltr'>πλημμελήματα</span> <span class='ocrx_word' id='word_1_818' title='bbox 3292 3999 3364 4068; x_wconf 73' lang='grc' dir='ltr'>μὴ</span> <span class='ocrx_word' id='word_1_819' title='bbox 3400 3997 3706 4067; x_wconf 84' lang='grc' dir='ltr'>βουλόμενοι</span> <span class='ocrx_word' id='word_1_820' title='bbox 3739 3995 3930 4062; x_wconf 79' lang='grc' dir='ltr'>ἐξαγο-</span> 
     </span>
    </p>
   </div>
   <div class='ocr_carea' id='block_1_107' title="bbox 2272 4082 3930 4160">
    <p class='ocr_par' dir='ltr' id='par_1_107' title="bbox 2272 4082 3930 4160">
     <span class='ocr_line' id='line_1_107' title="bbox 2272 4082 3930 4160; baseline -0.004 -20"><span class='ocrx_word' id='word_1_821' title='bbox 2272 4087 2448 4160; x_wconf 85' lang='grc' dir='ltr'>ρεύειν</span> <span class='ocrx_word' id='word_1_822' title='bbox 2489 4088 2558 4142; x_wconf 84' lang='grc' dir='ltr'>τά</span> <span class='ocrx_word' id='word_1_823' title='bbox 2587 4087 2980 4159; x_wconf 76' lang='grc' dir='ltr'>ἡμαρτημένας</span> <span class='ocrx_word' id='word_1_824' title='bbox 3019 4089 3109 4155; x_wconf 83' lang='grc' dir='ltr'>Μὴ</span> <span class='ocrx_word' id='word_1_825' title='bbox 3145 4086 3251 4156; x_wconf 85' lang='grc' dir='ltr'>γὰρ</span> <span class='ocrx_word' id='word_1_826' title='bbox 3281 4083 3468 4154; x_wconf 83' lang='grc' dir='ltr'>ἐπειδὴ</span> <span class='ocrx_word' id='word_1_827' title='bbox 3509 4084 3709 4152; x_wconf 85' lang='grc' dir='ltr'>ἀγνοεῖ,</span> <span class='ocrx_word' id='word_1_828' title='bbox 3739 4082 3930 4153; x_wconf 80' lang='grc' dir='ltr'>μαθεῖν</span> 
     </span>
    </p>
   </div>
   <div class='ocr_carea' id='block_1_108' title="bbox 2271 4168 3929 4245">
    <p class='ocr_par' dir='ltr' id='par_1_108' title="bbox 2271 4168 3929 4245">
     <span class='ocr_line' id='line_1_108' title="bbox 2271 4168 3929 4245; baseline -0.004 -16"><span class='ocrx_word' id='word_1_829' title='bbox 2271 4175 2512 4245; x_wconf 89' lang='grc' dir='ltr'>βούλεται</span> <span class='ocrx_word' id='word_1_830' title='bbox 2540 4191 2555 4241; x_wconf 91' lang='lat'><strong>;</strong></span> <span class='ocrx_word' id='word_1_831' title='bbox 2587 4177 2699 4228; x_wconf 88' lang='grc' dir='ltr'>Οὐκ</span> <span class='ocrx_word' id='word_1_832' title='bbox 2727 4173 2910 4244; x_wconf 77' lang='grc' dir='ltr'>ἐπειδὴ</span> <span class='ocrx_word' id='word_1_833' title='bbox 2937 4175 3135 4240; x_wconf 86' lang='grc' dir='ltr'>ἀγνοεῖ,</span> <span class='ocrx_word' id='word_1_834' title='bbox 3169 4173 3261 4241; x_wconf 75' lang='grc' dir='ltr'>τὴν</span> <span class='ocrx_word' id='word_1_835' title='bbox 3303 4173 3430 4242; x_wconf 76' lang='grc' dir='ltr'>παρ’</span> <span class='ocrx_word' id='word_1_836' title='bbox 3458 4169 3612 4241; x_wconf 86' lang='grc' dir='ltr'>ήμῶν</span> <span class='ocrx_word' id='word_1_837' title='bbox 3639 4168 3929 4241; x_wconf 81' lang='grc' dir='ltr'>ὁμολογίαν</span> 
     </span>
    </p>
   </div>
   <div class='ocr_carea' id='block_1_109' title="bbox 2269 4254 3930 4332">
    <p class='ocr_par' dir='ltr' id='par_1_109' title="bbox 2269 4254 3930 4332">
     <span class='ocr_line' id='line_1_109' title="bbox 2269 4254 3930 4332; baseline -0.005 -19"><span class='ocrx_word' id='word_1_838' title='bbox 2269 4262 2513 4332; x_wconf 80' lang='grc' dir='ltr'>ἐπιζητεῖ</span> <span class='ocrx_word' id='word_1_839' title='bbox 2531 4264 2559 4316; x_wconf 92' lang='grc' dir='ltr'>ὁ</span> <span class='ocrx_word' id='word_1_840' title='bbox 2588 4261 2761 4314; x_wconf 86' lang='grc' dir='ltr'>πάντα</span> <span class='ocrx_word' id='word_1_841' title='bbox 2788 4260 2942 4321; x_wconf 87' lang='grc' dir='ltr'>εἰδὼς</span> <span class='ocrx_word' id='word_1_842' title='bbox 2967 4259 3094 4329; x_wconf 68' lang='grc' dir='ltr'>πρὶν</span> <span class='ocrx_word' id='word_1_843' title='bbox 3122 4258 3385 4324; x_wconf 77' lang='grc' dir='ltr'>γενέσεως</span> <span class='ocrx_word' id='word_1_844' title='bbox 3416 4255 3614 4318; x_wconf 87' lang='grc' dir='ltr'>αὐτῶν,</span> <span class='ocrx_word' id='word_1_845' title='bbox 3646 4254 3780 4307; x_wconf 88' lang='grc' dir='ltr'>ἀλλά</span> <span class='ocrx_word' id='word_1_846' title='bbox 3809 4255 3930 4322; x_wconf 63' lang='grc' dir='ltr'>βου.</span> 
     </span>
    </p>
   </div>
   <div class='ocr_carea' id='block_1_110' title="bbox 2267 4340 3927 4418">
    <p class='ocr_par' dir='ltr' id='par_1_110' title="bbox 2267 4340 3927 4418">
     <span class='ocr_line' id='line_1_110' title="bbox 2267 4340 3927 4418; baseline -0.004 -19"><span class='ocrx_word' id='word_1_847' title='bbox 2267 4347 2487 4417; x_wconf 86' lang='grc' dir='ltr'>λόμενος</span> <span class='ocrx_word' id='word_1_848' title='bbox 2515 4349 2661 4418; x_wconf 77' lang='grc' dir='ltr'>ήμᾶς</span> <span class='ocrx_word' id='word_1_849' title='bbox 2689 4345 2822 4416; x_wconf 89' lang='grc' dir='ltr'>ὁμοῦ</span> <span class='ocrx_word' id='word_1_850' title='bbox 2864 4347 2955 4399; x_wconf 75' lang='grc' dir='ltr'>καὶ</span> <span class='ocrx_word' id='word_1_851' title='bbox 2995 4344 3242 4414; x_wconf 71' lang='grc' dir='ltr'>αἴσθησιν</span> <span class='ocrx_word' id='word_1_852' title='bbox 3277 4343 3459 4396; x_wconf 85' lang='grc' dir='ltr'>λαϐεῖν</span> <span class='ocrx_word' id='word_1_853' title='bbox 3489 4341 3596 4394; x_wconf 89' lang='grc' dir='ltr'>τῶν</span> <span class='ocrx_word' id='word_1_854' title='bbox 3626 4340 3927 4410; x_wconf 82' lang='grc' dir='ltr'>ἐπταισμέ-</span> 
     </span>
    </p>
   </div>
   <div class='ocr_carea' id='block_1_111' title="bbox 2267 4427 3928 4505">
    <p class='ocr_par' dir='ltr' id='par_1_111' title="bbox 2267 4427 3928 4505">
     <span class='ocr_line' id='line_1_111' title="bbox 2267 4427 3928 4505; baseline -0.006 -18"><span class='ocrx_word' id='word_1_855' title='bbox 2267 4451 2372 4487; x_wconf 90' lang='grc' dir='ltr'>νων</span> <span class='ocrx_word' id='word_1_856' title='bbox 2398 4432 2486 4487; x_wconf 89' lang='grc' dir='ltr'>διά</span> <span class='ocrx_word' id='word_1_857' title='bbox 2519 4435 2618 4505; x_wconf 90' lang='grc' dir='ltr'>τῆς</span> <span class='ocrx_word' id='word_1_858' title='bbox 2639 4433 2944 4503; x_wconf 89' lang='grc' dir='ltr'>ὁμολογίας,</span> <span class='ocrx_word' id='word_1_859' title='bbox 2975 4431 3067 4485; x_wconf 69' lang='grc' dir='ltr'>καὶ</span> <span class='ocrx_word' id='word_1_860' title='bbox 3097 4433 3193 4502; x_wconf 77' lang='grc' dir='ltr'>τὴν</span> <span class='ocrx_word' id='word_1_861' title='bbox 3230 4427 3646 4499; x_wconf 86' lang='grc' dir='ltr'>εὐγνωμοσύνην</span> <span class='ocrx_word' id='word_1_862' title='bbox 3669 4427 3768 4498; x_wconf 71' lang='grc' dir='ltr'>τὴν</span> <span class='ocrx_word' id='word_1_863' title='bbox 3800 4428 3928 4496; x_wconf 83' lang='grc' dir='ltr'>παρ’</span> 
     </span>
    </p>
   </div>
   <div class='ocr_carea' id='block_1_112' title="bbox 2268 4514 3924 4588">
    <p class='ocr_par' dir='ltr' id='par_1_112' title="bbox 2268 4514 3924 4588">
     <span class='ocr_line' id='line_1_112' title="bbox 2268 4514 3924 4588; baseline -0.004 -13"><span class='ocrx_word' id='word_1_864' title='bbox 2268 4521 2472 4575; x_wconf 86' lang='grc' dir='ltr'>ἐαυτῶν</span> <span class='ocrx_word' id='word_1_865' title='bbox 2500 4518 2882 4584; x_wconf 82' lang='grc' dir='ltr'>ἐπιδείξασθαι.</span> <span class='ocrx_word' id='word_1_866' title='bbox 2915 4517 3008 4588; x_wconf 82' lang='grc' dir='ltr'>Μὴ</span> <span class='ocrx_word' id='word_1_867' title='bbox 3041 4517 3148 4588; x_wconf 85' lang='grc' dir='ltr'>γὰρ</span> <span class='ocrx_word' id='word_1_868' title='bbox 3178 4519 3429 4588; x_wconf 85' lang='grc' dir='ltr'>χρήματα</span> <span class='ocrx_word' id='word_1_869' title='bbox 3452 4515 3668 4568; x_wconf 77' lang='grc' dir='ltr'>ἔπεστιν</span> <span class='ocrx_word' id='word_1_870' title='bbox 3693 4514 3924 4569; x_wconf 75' lang='grc' dir='ltr'>ἐνταῦθα</span> 
     </span>
    </p>
   </div>
   <div class='ocr_carea' id='block_1_113' title="bbox 2267 4600 3926 4677">
    <p class='ocr_par' dir='ltr' id='par_1_113' title="bbox 2267 4600 3926 4677">
     <span class='ocr_line' id='line_1_113' title="bbox 2267 4600 3926 4677; baseline -0.004 -17"><span class='ocrx_word' id='word_1_871' title='bbox 2267 4608 2608 4675; x_wconf 88' lang='grc' dir='ltr'>δαπανῆσαι;</span> <span class='ocrx_word' id='word_1_872' title='bbox 2653 4607 2726 4677; x_wconf 81' lang='grc' dir='ltr'>μὴ</span> <span class='ocrx_word' id='word_1_873' title='bbox 2758 4606 2865 4677; x_wconf 85' lang='grc' dir='ltr'>γὰρ</span> <span class='ocrx_word' id='word_1_874' title='bbox 2890 4605 3006 4658; x_wconf 89' lang='grc' dir='ltr'>ὁδὸν</span> <span class='ocrx_word' id='word_1_875' title='bbox 3037 4605 3252 4674; x_wconf 81' lang='grc' dir='ltr'>μακράν</span> <span class='ocrx_word' id='word_1_876' title='bbox 3301 4602 3646 4666; x_wconf 72' lang='grc' dir='ltr'>στείλασθαις</span> <span class='ocrx_word' id='word_1_877' title='bbox 3701 4601 3777 4673; x_wconf 73' lang='grc' dir='ltr'>μὴ</span> <span class='ocrx_word' id='word_1_878' title='bbox 3817 4600 3926 4672; x_wconf 74' lang='grc' dir='ltr'>γάρ</span> 
     </span>
    </p>
   </div>
   <div class='ocr_carea' id='block_1_114' title="bbox 2267 4685 3928 4763">
    <p class='ocr_par' dir='ltr' id='par_1_114' title="bbox 2267 4685 3928 4763">
     <span class='ocr_line' id='line_1_114' title="bbox 2267 4685 3928 4763; baseline -0.004 -16"><span class='ocrx_word' id='word_1_879' title='bbox 2267 4693 2456 4763; x_wconf 84' lang='grc' dir='ltr'>ὀδύνην</span> <span class='ocrx_word' id='word_1_880' title='bbox 2501 4685 2594 4746; x_wconf 74' lang='grc' dir='ltr'>καὶ</span> <span class='ocrx_word' id='word_1_881' title='bbox 2641 4693 2929 4762; x_wconf 89' lang='grc' dir='ltr'>ἀλγήματα</span> <span class='ocrx_word' id='word_1_882' title='bbox 2981 4690 3208 4761; x_wconf 87' lang='grc' dir='ltr'>παρέχει</span> <span class='ocrx_word' id='word_1_883' title='bbox 3247 4691 3279 4759; x_wconf 85' lang='grc' dir='ltr'>ή</span> <span class='ocrx_word' id='word_1_884' title='bbox 3335 4690 3544 4760; x_wconf 89' lang='grc' dir='ltr'>ἰατρεία</span> <span class='ocrx_word' id='word_1_885' title='bbox 3589 4687 3766 4758; x_wconf 79' lang='grc' dir='ltr'>αὕτης</span> <span class='ocrx_word' id='word_1_886' title='bbox 3819 4688 3928 4742; x_wconf 70' lang='grc' dir='ltr'>Καὶ</span> 
     </span>
    </p>
   </div>
   <div class='ocr_carea' id='block_1_115' title="bbox 2267 4774 3926 4846">
    <p class='ocr_par' dir='ltr' id='par_1_115' title="bbox 2267 4774 3926 4846">
     <span class='ocr_line' id='line_1_115' title="bbox 2267 4774 3926 4846; baseline -0.004 -12"><span class='ocrx_word' id='word_1_887' title='bbox 2267 4780 2534 4844; x_wconf 85' lang='grc' dir='ltr'>ἀδάπανός</span> <span class='ocrx_word' id='word_1_888' title='bbox 2564 4781 2701 4841; x_wconf 85' lang='grc' dir='ltr'>ἐστι,</span> <span class='ocrx_word' id='word_1_889' title='bbox 2738 4779 2832 4833; x_wconf 58' lang='grc' dir='ltr'>καὶ⁸</span> <span class='ocrx_word' id='word_1_890' title='bbox 2876 4777 3162 4840; x_wconf 70' lang='grc' dir='ltr'>ἀνώδυνος,</span> <span class='ocrx_word' id='word_1_891' title='bbox 3212 4777 3304 4830; x_wconf 66' lang='grc' dir='ltr'>καὶ</span> <span class='ocrx_word' id='word_1_892' title='bbox 3348 4777 3564 4846; x_wconf 78' lang='grc' dir='ltr'>ταχεῖαν</span> <span class='ocrx_word' id='word_1_893' title='bbox 3613 4774 3926 4844; x_wconf 81' lang='grc' dir='ltr'>παρέχουσα</span> 
     </span>
    </p>
   </div>
   <div class='ocr_carea' id='block_1_116' title="bbox 2266 4862 3923 4938">
    <p class='ocr_par' dir='ltr' id='par_1_116' title="bbox 2266 4862 3923 4938">
     <span class='ocr_line' id='line_1_116' title="bbox 2266 4862 3923 4938; baseline -0.004 -17"><span class='ocrx_word' id='word_1_894' title='bbox 2266 4869 2362 4938; x_wconf 76' lang='grc' dir='ltr'>τὴν</span> <span class='ocrx_word' id='word_1_895' title='bbox 2400 4867 2710 4938; x_wconf 84' lang='grc' dir='ltr'>θεραπείαν.</span> <span class='ocrx_word' id='word_1_896' title='bbox 2744 4865 2884 4938; x_wconf 67' lang='grc' dir='ltr'>Πρὸς</span> <span class='ocrx_word' id='word_1_897' title='bbox 2915 4866 3023 4937; x_wconf 78' lang='grc' dir='ltr'>γὰρ</span> <span class='ocrx_word' id='word_1_898' title='bbox 3055 4866 3144 4918; x_wconf 82' lang='grc' dir='ltr'>τὸν</span> <span class='ocrx_word' id='word_1_899' title='bbox 3185 4866 3336 4918; x_wconf 85' lang='grc' dir='ltr'>τόνον</span> <span class='ocrx_word' id='word_1_900' title='bbox 3380 4865 3478 4934; x_wconf 88' lang='grc' dir='ltr'>τῆς</span> <span class='ocrx_word' id='word_1_901' title='bbox 3509 4863 3801 4926; x_wconf 81' lang='grc' dir='ltr'>διαθέσεως</span> <span class='ocrx_word' id='word_1_902' title='bbox 3832 4862 3923 4916; x_wconf 84' lang='grc' dir='ltr'>τοῦ</span> 
     </span>
    </p>
   </div>
   <div class='ocr_carea' id='block_1_117' title="bbox 2268 4951 3924 5027">
    <p class='ocr_par' dir='ltr' id='par_1_117' title="bbox 2268 4951 3924 5027">
     <span class='ocr_line' id='line_1_117' title="bbox 2268 4951 3924 5027; baseline -0.004 -18"><span class='ocrx_word' id='word_1_903' title='bbox 2268 4956 2596 5027; x_wconf 87' lang='grc' dir='ltr'>προσιόντος,</span> <span class='ocrx_word' id='word_1_904' title='bbox 2631 4954 2772 5007; x_wconf 70' lang='grc' dir='ltr'>οὕτω</span> <span class='ocrx_word' id='word_1_905' title='bbox 2813 4954 2904 5006; x_wconf 77' lang='grc' dir='ltr'>καὶ</span> <span class='ocrx_word' id='word_1_906' title='bbox 2933 4954 3002 5008; x_wconf 86' lang='grc' dir='ltr'>τά</span> <span class='ocrx_word' id='word_1_907' title='bbox 3025 4953 3286 5025; x_wconf 78' lang='grc' dir='ltr'>φάρμακα</span> <span class='ocrx_word' id='word_1_908' title='bbox 3323 4951 3431 5004; x_wconf 87' lang='grc' dir='ltr'>τῶν</span> <span class='ocrx_word' id='word_1_909' title='bbox 3469 4951 3795 5022; x_wconf 76' lang='grc' dir='ltr'>τραυμάτων</span> <span class='ocrx_word' id='word_1_910' title='bbox 3824 4968 3924 5021; x_wconf 87' lang='grc' dir='ltr'>χα-</span> 
     </span>
    </p>
   </div>
   <div class='ocr_carea' id='block_1_118' title="bbox 2267 5037 3924 5113">
    <p class='ocr_par' dir='ltr' id='par_1_118' title="bbox 2267 5037 3924 5113">
     <span class='ocr_line' id='line_1_118' title="bbox 2267 5037 3924 5113; baseline -0.001 -19"><span class='ocrx_word' id='word_1_911' title='bbox 2267 5043 2473 5113; x_wconf 75' lang='grc' dir='ltr'>ρίζεται</span> <span class='ocrx_word' id='word_1_912' title='bbox 2497 5044 2524 5096; x_wconf 92' lang='grc' dir='ltr'>ὁ</span> <span class='ocrx_word' id='word_1_913' title='bbox 2547 5041 2840 5109; x_wconf 87' lang='grc' dir='ltr'>Δεσπότης.</span> <span class='ocrx_word' id='word_1_914' title='bbox 2889 5040 2948 5092; x_wconf 81' lang='lat'>&#39;0</span> <span class='ocrx_word' id='word_1_915' title='bbox 2989 5040 3163 5093; x_wconf 87' lang='grc' dir='ltr'>τοίνυν</span> <span class='ocrx_word' id='word_1_916' title='bbox 3198 5039 3517 5109; x_wconf 82' lang='grc' dir='ltr'>βουλόμενος</span> <span class='ocrx_word' id='word_1_917' title='bbox 3549 5037 3743 5092; x_wconf 78' lang='grc' dir='ltr'>θᾶττον</span> <span class='ocrx_word' id='word_1_918' title='bbox 3789 5039 3924 5109; x_wconf 71' lang='grc' dir='ltr'>πρὸς</span> 
     </span>
    </p>
   </div>
   <div class='ocr_carea' id='block_1_119' title="bbox 2266 5127 3986 5202">
    <p class='ocr_par' dir='ltr' id='par_1_119' title="bbox 2266 5127 3986 5202">
     <span class='ocr_line' id='line_1_119' title="bbox 2266 5127 3986 5202; baseline -0.003 -14"><span class='ocrx_word' id='word_1_919' title='bbox 2266 5134 2471 5202; x_wconf 82' lang='grc' dir='ltr'>ὑγίειαν</span> <span class='ocrx_word' id='word_1_920' title='bbox 2502 5131 2833 5193; x_wconf 78' lang='grc' dir='ltr'>ἐπανελθεῖν,</span> <span class='ocrx_word' id='word_1_921' title='bbox 2867 5131 2959 5184; x_wconf 71' lang='grc' dir='ltr'>καὶ</span> <span class='ocrx_word' id='word_1_922' title='bbox 2983 5130 3049 5183; x_wconf 90' lang='grc' dir='ltr'>τά</span> <span class='ocrx_word' id='word_1_923' title='bbox 3078 5129 3177 5199; x_wconf 89' lang='grc' dir='ltr'>τῆς</span> <span class='ocrx_word' id='word_1_924' title='bbox 3198 5128 3374 5198; x_wconf 79' lang='grc' dir='ltr'>ψυχῆς</span> <span class='ocrx_word' id='word_1_925' title='bbox 3403 5129 3532 5198; x_wconf 80' lang='grc' dir='ltr'>ἒλκη</span> <span class='ocrx_word' id='word_1_926' title='bbox 3567 5127 3922 5199; x_wconf 86' lang='grc' dir='ltr'>θεραπεῦσαι,</span> <span class='ocrx_word' id='word_1_927' title='bbox 3983 5178 3986 5182; x_wconf 91' lang='grc'>.</span> 
     </span>
    </p>
   </div>
   <div class='ocr_carea' id='block_1_120' title="bbox 2268 5217 3922 5294">
    <p class='ocr_par' dir='ltr' id='par_1_120' title="bbox 2268 5217 3922 5294">
     <span class='ocr_line' id='line_1_120' title="bbox 2268 5217 3922 5294; baseline -0.002 -21"><span class='ocrx_word' id='word_1_928' title='bbox 2268 5223 2402 5293; x_wconf 85' lang='grc' dir='ltr'>μετά</span> <span class='ocrx_word' id='word_1_929' title='bbox 2431 5222 2642 5294; x_wconf 76' lang='grc' dir='ltr'>νήψεως</span> <span class='ocrx_word' id='word_1_930' title='bbox 2675 5218 2960 5292; x_wconf 89' lang='grc' dir='ltr'>προσιέτω,</span> <span class='ocrx_word' id='word_1_931' title='bbox 2991 5219 3205 5272; x_wconf 87' lang='grc' dir='ltr'>πάντων</span> <span class='ocrx_word' id='word_1_932' title='bbox 3246 5217 3435 5271; x_wconf 79' lang='grc' dir='ltr'>ἐαυτὸν</span> <span class='ocrx_word' id='word_1_933' title='bbox 3467 5218 3782 5287; x_wconf 81' lang='grc' dir='ltr'>ἀποστήσας</span> <span class='ocrx_word' id='word_1_934' title='bbox 3818 5218 3922 5271; x_wconf 84' lang='grc' dir='ltr'>τῶν</span> 
     </span>
    </p>
   </div>
   <div class='ocr_carea' id='block_1_121' title="bbox 2266 5304 3921 5378">
    <p class='ocr_par' dir='ltr' id='par_1_121' title="bbox 2266 5304 3921 5378">
     <span class='ocr_line' id='line_1_121' title="bbox 2266 5304 3921 5378; baseline -0.003 -16"><span class='ocrx_word' id='word_1_935' title='bbox 2266 5309 2548 5378; x_wconf 88' lang='grc' dir='ltr'>βιωτικῶν,</span> <span class='ocrx_word' id='word_1_936' title='bbox 2587 5307 2762 5378; x_wconf 85' lang='grc' dir='ltr'>θερμά</span> <span class='ocrx_word' id='word_1_937' title='bbox 2809 5307 3014 5378; x_wconf 88' lang='grc' dir='ltr'>δάκρυα</span> <span class='ocrx_word' id='word_1_938' title='bbox 3049 5305 3344 5377; x_wconf 89' lang='grc' dir='ltr'>προχεέτω,</span> <span class='ocrx_word' id='word_1_939' title='bbox 3376 5304 3697 5375; x_wconf 85' lang='grc' dir='ltr'>προσεδρίαν</span> <span class='ocrx_word' id='word_1_940' title='bbox 3727 5305 3921 5376; x_wconf 79' lang='grc' dir='ltr'>πολλὴν</span> 
     </span>
    </p>
   </div>
   <div class='ocr_carea' id='block_1_122' title="bbox 2264 5393 3921 5466">
    <p class='ocr_par' dir='ltr' id='par_1_122' title="bbox 2264 5393 3921 5466">
     <span class='ocr_line' id='line_1_122' title="bbox 2264 5393 3921 5466; baseline -0.002 -16"><span class='ocrx_word' id='word_1_941' title='bbox 2264 5395 2670 5459; x_wconf 87' lang='grc' dir='ltr'>ἐπιδεικνύσθω,</span> <span class='ocrx_word' id='word_1_942' title='bbox 2700 5395 2878 5447; x_wconf 90' lang='grc' dir='ltr'>πίστιν</span> <span class='ocrx_word' id='word_1_943' title='bbox 2927 5395 3125 5465; x_wconf 88' lang='grc' dir='ltr'>ἀκριϐῆ</span> <span class='ocrx_word' id='word_1_944' title='bbox 3173 5393 3491 5464; x_wconf 78' lang='grc' dir='ltr'>εἰσφερέτω,</span> <span class='ocrx_word' id='word_1_945' title='bbox 3522 5393 3616 5447; x_wconf 76' lang='grc' dir='ltr'>καὶ</span> <span class='ocrx_word' id='word_1_946' title='bbox 3655 5393 3921 5466; x_wconf 74' lang='grc' dir='ltr'>θαρρείτω</span> 
     </span>
    </p>
   </div>
   <div class='ocr_carea' id='block_1_123' title="bbox 2263 5477 3919 5554">
    <p class='ocr_par' dir='ltr' id='par_1_123' title="bbox 2263 5477 3919 5554">
     <span class='ocr_line' id='line_1_123' title="bbox 2263 5477 3919 5554; baseline -0.002 -17"><span class='ocrx_word' id='word_1_947' title='bbox 2263 5482 2356 5537; x_wconf 91' lang='grc' dir='ltr'>τοῦ</span> <span class='ocrx_word' id='word_1_948' title='bbox 2388 5482 2569 5554; x_wconf 88' lang='grc' dir='ltr'>ἰατροῦ</span> <span class='ocrx_word' id='word_1_949' title='bbox 2600 5484 2665 5552; x_wconf 75' lang='grc' dir='ltr'>τῇ</span> <span class='ocrx_word' id='word_1_950' title='bbox 2695 5481 2876 5551; x_wconf 80' lang='grc' dir='ltr'>τέχνῃ,</span> <span class='ocrx_word' id='word_1_951' title='bbox 2906 5482 2996 5532; x_wconf 74' lang='grc' dir='ltr'>καὶ</span> <span class='ocrx_word' id='word_1_952' title='bbox 3042 5480 3378 5552; x_wconf 85' lang='grc' dir='ltr'>παραχρῆμα</span> <span class='ocrx_word' id='word_1_953' title='bbox 3409 5480 3510 5551; x_wconf 87' lang='grc' dir='ltr'>τῆς</span> <span class='ocrx_word' id='word_1_954' title='bbox 3544 5477 3752 5548; x_wconf 89' lang='grc' dir='ltr'>ὐγιείας</span> <span class='ocrx_word' id='word_1_955' title='bbox 3784 5481 3919 5534; x_wconf 86' lang='grc' dir='ltr'>ἀπο-</span> 
     </span>
    </p>
   </div>
   <div class='ocr_carea' id='block_1_124' title="bbox 2263 5563 3919 5638">
    <p class='ocr_par' dir='ltr' id='par_1_124' title="bbox 2263 5563 3919 5638">
     <span class='ocr_line' id='line_1_124' title="bbox 2263 5563 3919 5638; baseline -0.004 -13"><span class='ocrx_word' id='word_1_956' title='bbox 2263 5570 2534 5625; x_wconf 85' lang='grc' dir='ltr'>λαύσεται.</span> <span class='ocrx_word' id='word_1_957' title='bbox 2562 5563 2710 5632; x_wconf 85' lang='grc' dir='ltr'>Εἶδες</span> <span class='ocrx_word' id='word_1_958' title='bbox 2748 5567 2929 5638; x_wconf 88' lang='grc' dir='ltr'>ἰατροῦ</span> <span class='ocrx_word' id='word_1_959' title='bbox 2967 5566 3269 5638; x_wconf 84' lang='grc' dir='ltr'>φιλοτιμίαν</span> <span class='ocrx_word' id='word_1_960' title='bbox 3299 5566 3500 5630; x_wconf 80' lang='grc' dir='ltr'>παντὸς</span> <span class='ocrx_word' id='word_1_961' title='bbox 3533 5567 3738 5635; x_wconf 78' lang='grc' dir='ltr'>πατρὸς</span> <span class='ocrx_word' id='word_1_962' title='bbox 3773 5568 3919 5636; x_wconf 77' lang='grc' dir='ltr'>φιλο-</span> 
     </span>
    </p>
   </div>
   <div class='ocr_carea' id='block_1_125' title="bbox 2266 5651 3919 5729">
    <p class='ocr_par' dir='ltr' id='par_1_125' title="bbox 2266 5651 3919 5729">
     <span class='ocr_line' id='line_1_125' title="bbox 2266 5651 3919 5729; baseline -0.004 -17"><span class='ocrx_word' id='word_1_963' title='bbox 2266 5657 2519 5729; x_wconf 86' lang='grc' dir='ltr'>στοργίαν</span> <span class='ocrx_word' id='word_1_964' title='bbox 2552 5653 2985 5725; x_wconf 88' lang='grc' dir='ltr'>ἀποκρύπτοντος</span> <span class='ocrx_word' id='word_1_965' title='bbox 3011 5670 3025 5718; x_wconf 88' lang='grc'>;</span> <span class='ocrx_word' id='word_1_966' title='bbox 3056 5653 3146 5724; x_wconf 81' lang='grc' dir='ltr'>Μή</span> <span class='ocrx_word' id='word_1_967' title='bbox 3173 5653 3282 5724; x_wconf 74' lang='grc' dir='ltr'>γάρ</span> <span class='ocrx_word' id='word_1_968' title='bbox 3314 5651 3450 5724; x_wconf 86' lang='grc' dir='ltr'>βαρύ</span> <span class='ocrx_word' id='word_1_969' title='bbox 3489 5670 3540 5707; x_wconf 87' lang='grc' dir='ltr'>τι</span> <span class='ocrx_word' id='word_1_970' title='bbox 3569 5654 3661 5706; x_wconf 71' lang='grc' dir='ltr'>καὶ</span> <span class='ocrx_word' id='word_1_971' title='bbox 3690 5653 3919 5723; x_wconf 64' lang='grc' dir='ltr'>ἐπαχθὲς</span> 
     </span>
    </p>
   </div>
   <div class='ocr_carea' id='block_1_126' title="bbox 2267 5739 3918 5816">
    <p class='ocr_par' dir='ltr' id='par_1_126' title="bbox 2267 5739 3918 5816">
     <span class='ocr_line' id='line_1_126' title="bbox 2267 5739 3918 5816; baseline -0.008 -20"><span class='ocrx_word' id='word_1_972' title='bbox 2267 5747 2395 5816; x_wconf 76' lang='grc' dir='ltr'>παρ’</span> <span class='ocrx_word' id='word_1_973' title='bbox 2415 5743 2570 5815; x_wconf 75' lang='grc' dir='ltr'>ἡμῶν</span> <span class='ocrx_word' id='word_1_974' title='bbox 2590 5742 2866 5811; x_wconf 73' lang='grc' dir='ltr'>ἐπιζητεῖς</span> <span class='ocrx_word' id='word_1_975' title='bbox 2899 5739 3190 5810; x_wconf 80' lang='grc' dir='ltr'>Συντριϐὴν</span> <span class='ocrx_word' id='word_1_976' title='bbox 3211 5739 3454 5809; x_wconf 87' lang='grc' dir='ltr'>καρδίας,</span> <span class='ocrx_word' id='word_1_977' title='bbox 3475 5739 3732 5811; x_wconf 84' lang='grc' dir='ltr'>λογισμοῦ</span> <span class='ocrx_word' id='word_1_978' title='bbox 3766 5742 3918 5794; x_wconf 67' lang='grc' dir='ltr'>κατά.</span> 
     </span>
    </p>
   </div>
   <div class='ocr_carea' id='block_1_127' title="bbox 2264 5826 3912 5904">
    <p class='ocr_par' dir='ltr' id='par_1_127' title="bbox 2264 5826 3912 5904">
     <span class='ocr_line' id='line_1_127' title="bbox 2264 5826 3912 5904; baseline -0.009 -18"><span class='ocrx_word' id='word_1_979' title='bbox 2264 5833 2430 5900; x_wconf 80' lang='grc' dir='ltr'>νυξιν,</span> <span class='ocrx_word' id='word_1_980' title='bbox 2461 5830 2744 5904; x_wconf 83' lang='grc' dir='ltr'>ὁμολογίαν</span> <span class='ocrx_word' id='word_1_981' title='bbox 2764 5828 3115 5900; x_wconf 81' lang='grc' dir='ltr'>πταίσματος,</span> <span class='ocrx_word' id='word_1_982' title='bbox 3146 5826 3470 5902; x_wconf 78' lang='grc' dir='ltr'>προσεδρίαν</span> <span class='ocrx_word' id='word_1_983' title='bbox 3500 5828 3912 5903; x_wconf 63' lang='grc' dir='ltr'>συντεταμένηνο</span> 
     </span>
    </p>
   </div>
  </div>
