4152 6490
245 385 366 444 189

243 501 427 556 dente
454 497 533 553 vel
563 504 837 568 arguente,
870 495 981 564 ipse
1011 507 1106 547 sua
1134 490 1311 562 lingua
1356 504 1404 546 et
1455 489 1845 545 confessionem

249 603 604 662 peceatorum
635 588 764 652 edit,
795 595 850 642 et
873 583 1155 640 conferens
1197 598 1316 652 quae
1346 597 1374 634 a
1420 594 1479 636 se
1509 579 1646 634 facta
1676 593 1847 647 erant,

246 697 386 738 cum
417 683 482 736 iis
501 695 620 751 qua:
649 696 677 732 a
707 675 860 741 Cain,
890 691 1098 746 poenam
1132 674 1336 743 sibiipsi
1364 673 1568 726 definit.

341 771 504 826 Pana
553 769 747 823 occasio
800 765 1179 821 misericordia.
1228 792 1299 804 ——
1327 761 1512 816 Vidisti
1561 759 1850 830 providen-

247 863 392 918 tiam
443 861 685 928 Domini,
735 856 1014 930 quomodo
1058 871 1231 927 paena:
1276 854 1418 908 illius
1463 853 1676 908 occasio
1726 860 1852 906 sunt

248 949 683 1016 misericordite,
712 961 764 1004 et
809 945 1173 1002 misericordia
1223 960 1327 998 non
1361 943 1534 998 solum
1585 941 1653 996 ad
1703 942 1849 995 illum

251 1044 515 1114 pertingit
537 1043 622 1112 qui
661 1055 812 1110 pmna
849 1039 1115 1108 plectitur,
1147 1036 1239 1092 sed
1267 1046 1321 1092 et
1360 1036 1541 1090 multis
1571 1035 1689 1089 aliis
1724 1035 1852 1089 utile

250 1133 429 1189 efficit
473 1132 603 1188 illud
661 1131 976 1194 remedium,
1020 1129 1179 1184 modo
1234 1128 1400 1183 velint
1447 1127 1570 1182 inde
1621 1126 1850 1182 fructum

254 1223 499 1295 capere?
546 1221 700 1279 Unde
747 1223 912 1288 enim,
944 1222 1052 1286 die,
1097 1234 1298 1289 qurcso,
1331 1217 1558 1274 Lameeh
1602 1219 1669 1273 ad
1717 1219 1855 1274 hanc

253 1315 658 1373 confessionem
709 1313 970 1368 adductus
1024 1320 1184 1375 esset,
1234 1311 1334 1363 nisi
1383 1325 1564 1365 eorum
1614 1324 1732 1380 qucc
1777 1309 1852 1364 illi

255 1407 622 1476 contigerunt,
653 1403 966 1458 memoriam
1011 1401 1307 1466 habuisset,
1340 1415 1461 1469 qua:
1482 1399 1648 1480 _il|ius
1675 1400 1850 1469 conti-

259 1512 373 1551 nuo
402 1505 634 1550 mentem
676 1493 1050 1549 concutiebat?
1089 1492 1255 1556 Dixit,
1293 1491 1464 1562 inquit
1497 1509 1509 1544 :
1557 1491 1742 1546 Audite
1768 1508 1855 1545 vo-

259 1604 373 1642 cem
415 1604 596 1649 meam,
625 1594 669 1640 et
709 1585 916 1640 auribus
960 1585 1200 1656 percipite
1238 1599 1490 1637 sermones
1531 1600 1688 1638 meos.
1722 1582 1854 1638 Vide

263 1677 535 1748 quomodo
559 1689 745 1732 contra
773 1676 1008 1745 seipsum
1036 1675 1293 1743 judicium
1326 1673 1608 1730 considere
1637 1673 1777 1737 facit,
1799 1684 1854 1730 et

262 1785 358 1825 eas
405 1770 505 1824 hoc
536 1769 698 1824 modo
723 1770 986 1833 hortatur,
1019 1783 1083 1821 ne
1113 1768 1253 1822 dicta
1295 1769 1623 1837 negligenter
1645 1769 1855 1836 accipe-

264 1871 409 1914 rent.
461 1859 691 1914 Dicendo
740 1858 906 1924 enim,
940 1858 1125 1911 Audite
1149 1875 1316 1912 vocem
1364 1875 1549 1924 meam,
1575 1865 1622 1912 et
1648 1858 1853 1914 auribus

266 1949 508 2018 percipite
529 1965 782 2003 sermones
810 1964 964 2015 meos,
994 1948 1224 2003 Mentem
1257 1955 1512 2012 vestram,
1543 1948 1734 2018 inquit,
1768 1949 1852 2002 iu-

268 2051 468 2096 tentam
499 2041 750 2109 praebete,
772 2050 825 2095 et
855 2040 1136 2110 diligenter
1163 2041 1456 2095 auscultate
1476 2056 1594 2110 qua:
1614 2039 1853 2096 dicturus

264 2148 409 2186 sum.
453 2132 566 2186 Non
611 2133 752 2188 enim
791 2131 859 2187 de
899 2133 1058 2187 rebus
1103 2132 1405 2202 vulgaribus
1449 2132 1601 2187 vobis
1645 2133 1850 2204 loquar,

263 2225 360 2279 sed
381 2226 612 2280 occultas
633 2224 886 2294 quasdam
914 2240 999 2279 res
1023 2225 1173 2278 vobis
1199 2226 1457 2294 aperiam,
1481 2235 1535 2280 et
1559 2225 1856 2282 confitebor

264 2331 328 2369 ca
352 2332 472 2385 qua:
497 2315 671 2370 nullus
697 2316 834 2369 alius
862 2317 982 2383 scit,
1013 2316 1106 2370 sed
1137 2317 1285 2371 solus
1309 2332 1430 2387 ego,
1460 2327 1513 2372 et
1540 2318 1729 2373 oculus
1765 2320 1855 2374 illc

264 2407 357 2477 qui
389 2407 551 2476 sopiri
579 2406 771 2468 nescit,
800 2422 956 2476 quem
1004 2408 1196 2461 timens
1232 2406 1434 2463 festino
1465 2418 1519 2462 et
1557 2409 1772 2475 anhelo,
1798 2419 1855 2465 ut

261 2498 416 2552 vobis
448 2497 621 2567 palam
647 2497 832 2552 faciam
857 2514 916 2551 ea
941 2515 1058 2568 qua:
1087 2515 1117 2552 a
1147 2514 1232 2553 me
1253 2508 1376 2553 sunt
1399 2509 1537 2567 acta,
1562 2511 1615 2554 et
1642 2502 1854 2570 quantis

264 2573 440 2657 pinnis
468 2603 566 2657 ego
614 2589 874 2656 meipsum
923 2589 1137 2642 nefariis
1162 2590 1412 2659 operibus
1442 2591 1730 2645 obnoxium
1774 2592 1851 2646 fec

259 2678 449 2732 cerint.
497 2677 628 2744 Quia
663 2678 824 2730 virum
869 2679 1030 2732 occidi
1079 2680 1130 2732 in
1179 2681 1360 2734 uulnus
1403 2681 1558 2744 mihi,
1602 2691 1647 2735 et
1678 2682 1854 2735 adole-

261 2779 479 2823 scentem
531 2769 583 2822 in
636 2771 921 2823 cicatricem
975 2772 1120 2824 milii.
1189 2773 1442 2839 Quoniam
1493 2775 1674 2843 septies
1726 2775 1852 2830 ultio

260 2871 465 2932 suntpta
493 2863 654 2916 estde
679 2861 824 2926 Cain,
854 2863 916 2917 de
964 2863 1183 2920 Lameclt
1231 2877 1398 2920 autem
1441 2872 1727 2940 septuagics
1769 2888 1850 2925 se-

262 2951 412 3018 pties.
442 2951 682 3023 Magnum
710 2954 833 3024 quid
857 2955 1054 3009 dictum
1082 2965 1185 3022 est,
1215 2969 1268 3011 et
1299 2959 1452 3014 valde
1482 2975 1731 3028 magnum
1760 2981 1771 3012 :
1801 2963 1852 3015 in

262 3043 548 3112 multisque
592 3045 760 3100 bonus
809 3045 905 3099 viri
950 3047 1160 3100 animus
1200 3057 1488 3116 spectatur.
1534 3050 1651 3104 Non
1680 3052 1850 3106 solum

260 3133 404 3186 enim
448 3132 642 3188 factum
691 3135 994 3202 confitetur,
1020 3146 1074 3190 et
1118 3137 1293 3192 credes
1336 3139 1403 3192 ab
1448 3155 1506 3194 se
1538 3150 1773 3208 patratas
1799 3141 1850 3195 in

260 3227 496 3280 medium
527 3227 697 3290 affert,
729 3228 821 3282 sed
850 3238 903 3284 et
931 3244 1141 3298 poenam
1182 3229 1281 3283 sibi
1323 3231 1501 3299 infert,
1533 3248 1852 3303 comparans

265 3327 542 3384 peceatum
587 3332 742 3372 suum
778 3327 996 3386 peccato
1022 3320 1193 3372 Caini.
1234 3320 1348 3385 Qua
1379 3321 1520 3374 enim
1564 3325 1734 3388 venia,
1767 3325 1849 3378 in-

257 3408 394 3477 quit,
421 3406 580 3462 fuerit
601 3409 812 3479 dignus,
839 3410 926 3478 qui
954 3410 1171 3464 alterius
1198 3425 1353 3479 poena
1379 3413 1715 3468 emendatior
1743 3430 1846 3470 non

257 3499 338 3563 fit,
371 3500 466 3554 sed
507 3511 776 3554 recentem
822 3511 876 3555 et
907 3501 1110 3554 firmam
1145 3503 1346 3558 habens
1377 3505 1492 3573 ejus
1537 3509 1848 3562 memoriam

258 3591 480 3660 insuper
519 3591 717 3660 duplex
769 3593 1112 3647 homicidium
1171 3596 1436 3664 patravit?
1482 3597 1614 3664 Quia
1665 3601 1846 3664 uirum,

259 3683 458 3751 inquit,
487 3683 646 3736 occidi
671 3683 722 3736 in
749 3685 927 3738 uulnus
957 3685 1098 3748 milii,
1131 3695 1176 3738 et
1205 3685 1572 3742 adolescentem
1617 3690 1668 3743 in
1714 3691 1846 3743 cica-

257 3784 433 3826 tricem
465 3773 608 3826 mihi.
640 3773 754 3828 Non
796 3782 1020 3842 tantum,
1051 3777 1240 3846 inquit,
1268 3780 1422 3833 nocui
1453 3780 1556 3834 illis
1591 3796 1724 3850 quos
1753 3798 1847 3836 oc-

255 3862 384 3926 cldi,
414 3873 667 3932 quantum
711 3863 962 3934 mihiipsi.
1012 3866 1067 3919 ln
1107 3883 1316 3935 pmnam
1347 3871 1489 3924 enim
1527 3887 1684 3941 quam
1717 3873 1847 3928 ριγυ.

255 3967 384 4024 gere
412 3968 513 4007 n0u
545 3970 780 4024 possum,
813 3957 1071 4028 meipsum
1102 3961 1326 4028 conjeci,
1357 3972 1572 4030 peccata
1596 3975 1848 4036 operatus

256 4057 426 4108 tanta,
450 4061 570 4117 qua:
590 4048 799 4102 veniam
826 4064 928 4102 non
959 4061 1252 4105 merentur.
1276 4052 1408 4108 Nam
1435 4056 1478 4108 si
1509 4055 1594 4110 ille
1624 4071 1718 4126 pro
1741 4074 1845 4113 una

254 4140 403 4194 caede
433 4149 636 4209 septem
672 4144 843 4209 poenis
882 4142 1146 4198 obnoxius
1197 4143 1366 4201 factus
1394 4159 1495 4214 est,
1525 4164 1624 4219 ego
1655 4151 1844 4221 dignus

255 4229 446 4284 fuerim
480 4230 566 4298 qui
591 4244 668 4300 se,
691 4231 892 4301 tuagies
923 4232 1119 4302 septies
1146 4249 1354 4303 poenam
1385 4237 1547 4292 luam.
1575 4239 1738 4309 Cujus
1767 4243 1844 4296 rei

253 4323 445 4393 gratia,
484 4329 538 4376 et
575 4323 779 4392 quare?
823 4323 953 4379 Nam
1001 4325 1124 4381 licet
1167 4327 1372 4383 cmdem
1419 4330 1506 4384 ille
1535 4335 1840 4401 patraverit,

253 4428 482 4485 eamque
530 4413 726 4482 fratris,
768 4425 1000 4472 attamen
1047 4419 1194 4473 nullo
1239 4437 1488 4492 umquam
1532 4433 1687 4480 antea
1717 4441 1844 4482 cou-

250 4513 438 4570 specto
464 4504 553 4574 qui
586 4504 687 4560 hoc
727 4507 958 4575 fecisset,
996 4525 1168 4581 neque
1211 4513 1317 4566 alio
1359 4514 1472 4568 viso
1499 4517 1586 4585 qui
1632 4533 1842 4586 poenam

251 4589 496 4648 dedisset
534 4594 796 4664 ejusmodi
847 4598 1116 4664 facinoris,
1151 4611 1205 4655 et
1251 4613 1447 4658 tantam
1479 4606 1610 4661 iram
1657 4607 1844 4664 fuisset

248 4695 525 4752 expertus.
555 4702 673 4755 qua:
700 4698 924 4759 utraque
953 4691 1080 4746 mihi
1105 4708 1292 4762 poenas
1311 4706 1505 4768 augent
1531 4717 1542 4752 :
1571 4700 1691 4770 quia
1719 4711 1842 4756 ante

248 4775 434 4830 oculos
480 4775 682 4833 habens
723 4780 864 4851 quod
911 4781 980 4836 ab
1022 4783 1114 4838 illo
1162 4795 1522 4856 perpetratum
1570 4790 1760 4854 fuerat,
1790 4803 1844 4847 et

249 4883 465 4940 pmnam
499 4874 682 4929 videns
716 4878 795 4930 sic
839 4878 1282 4935 immedicabilem
1313 4897 1464 4949 esse,
1507 4887 1712 4940 cautior
1759 4886 1836 4940 fa-

247 4972 367 5018 ctus
389 4979 494 5018 non
517 4981 656 5019 sum.
683 4965 967 5035 PrOptcrea
991 4967 1115 5024 licet
1135 4975 1434 5043 septuagies
1456 4976 1652 5044 septies
1673 4977 1841 5045 magis

249 5069 408 5122 quam
442 5055 528 5109 ille
560 5057 797 5126 punirer,
820 5067 1053 5114 attamen
1085 5076 1257 5132 neque
1287 5063 1364 5118 sic
1389 5063 1603 5135 dignam
1633 5065 1836 5122 luerem

346 5161 486 5200 nam.

346 5161 486 5200 nam.

250 5159 375 5290 pair.
405 5235 640 5291 Liberum
652 5239 914 5293 arbitrium
929 5240 1168 5297 hominis.
1192 5274 1264 5284 —
1284 5244 1461 5312 Vides,
1477 5245 1691 5313 dilecte,
1707 5264 1838 5318 quo-

246 5327 409 5383 modo
439 5337 674 5382 nostram
703 5330 844 5386 Deus
884 5341 1117 5388 mentem
1147 5335 1297 5390 liberi
1325 5338 1526 5394 arbitrii
1549 5339 1756 5408 fecerit,
1785 5351 1840 5396 et

249 5419 390 5474 sicut
446 5419 490 5475 si
570 5419 784 5476 desides
852 5424 1021 5480 simus
1105 5426 1556 5497 supplautamur,
1632 5431 1704 5486 ita
1785 5442 1841 5488 et

246 5511 292 5565 si
319 5512 504 5581 vigiles
528 5527 647 5568 esse
682 5512 1030 5582 voluerimus,
1057 5526 1375 5574 contuemur
1415 5519 1467 5575 id
1516 5521 1657 5592 quod
1682 5537 1843 5594 opor-

250 5601 364 5656 tet?
389 5600 518 5670 Quis
537 5603 678 5657 enim
707 5603 887 5671 istum,
928 5604 1033 5673 dic,
1074 5610 1318 5677 obsecro,
1347 5609 1415 5665 ad
1436 5611 1594 5675 talem
1633 5614 1840 5670 confes-

248 5692 454 5748 sionem
480 5692 691 5764 adegit?
716 5694 902 5750 Nullus
921 5696 1057 5752 alios
1083 5713 1242 5769 quam
1263 5701 1614 5770 conscientia,
1663 5704 1836 5760 incor-

247 5793 433 5856 ruptus
473 5783 558 5842 ille
583 5784 769 5858 judcx.
800 5788 934 5856 Quia
962 5789 1104 5845 enim
1134 5804 1199 5846 ex
1221 5791 1422 5848 desidia
1463 5791 1515 5849 in
1559 5805 1837 5866 peccatum

1367 375 1431 432 ΙΝ
1469 374 1621 432 CAP.
1657 373 1743 429 IV.
1784 371 2023 430 Gl‘ZNES.
2055 371 2285 427 llOMIL.
2328 370 2446 427 XX.

3453 379 3558 434 ΠΟ

1960 485 2336 549 declinaverat.
2381 494 2435 540 et
2472 483 2647 540 scelus
2680 498 2842 555 opere
2886 484 3182 555 perfecerat
3213 503 3228 542 :
3261 490 3439 545 statim
3474 491 3556 547 in-

1958 579 2190 634 surre‘xit
2215 578 2562 642 conscientia,
2597 577 2911 641 inclamans,
2942 588 3101 650 atque
3118 579 3405 637 ostendens
3431 597 3557 654 pee-

1959 681 2197 725 catorum
2223 668 2661 739 magnitudinem,
2693 679 2748 725 et
2773 671 2983 740 quantis
3003 671 3235 743 seipsum
3265 672 3437 742 pmnis
3459 677 3558 732 ob-

1961 761 2176 814 noxium
2220 759 2566 815 reddidisset.
2592 760 2664 815 lta
2695 759 2836 814 enim
2866 775 2925 815 se
2962 759 3124 816 habet
3160 772 3456 831 peccatum,
3496 775 3556 824 ut

1959 850 2262 921 priusquam
2305 850 2414 915 fiat,
2446 858 2499 903 et
2548 849 2614 903 ad
2641 865 2775 919 opus
2822 851 3116 921 perveniat,
3163 853 3479 909 obtencbret
3501 866 3556 911 et

1957 941 2187 1010 decipiat
2231 949 2464 994 mentem
2512 957 2524 992 :
2575 950 2853 1010 postquam
2903 951 3079 996 autem
3125 955 3555 1003 consummatum

1960 1029 2136 1094 fuerit,
2169 1030 2450 1086 manifeste
2501 1045 2651 1084 suam
2700 1031 2855 1086 nobis
2880 1030 3264 1088 absurditatem
3320 1035 3558 1105 proferat

1958 1131 2011 1178 et
2038 1122 2285 1177 ostendat
2315 1139 2326 1173 :
2351 1122 2429 1176 sic
2457 1121 2631 1176 brevis
2659 1122 2744 1176 illa
2772 1131 2826 1177 et
2854 1123 3086 1177 absurda
3113 1123 3357 1194 voluptas
3378 1128 3555 1181 conti-

1959 1230 2119 1268 nuum
2152 1214 2314 1268 menti
2338 1213 2576 1268 dolorem
2609 1214 2813 1278 inserit,
2841 1214 3287 1288 conscientiaeque
3307 1216 3554 1273 fiduciam

1956 1304 2148 1368 aufert,
2182 1312 2339 1373 atque
2366 1303 2512 1359 illum
2545 1303 2634 1374 qui
2680 1304 3017 1359 succubuerit
3064 1305 3378 1362 confusione
3431 1323 3554 1379 per-

1958 1395 2148 1450 fundit.
2165 1396 2429 1466 Benignus
2446 1396 2586 1450 enim
2604 1395 2742 1450 Deus
2761 1396 3088 1466 ejuscemodi
3109 1399 3260 1453 uobis
3280 1410 3557 1454 accusato-

1959 1501 2072 1540 rem
2123 1487 2372 1553 assistere
2399 1486 2584 1552 voluit,
2619 1487 2706 1555 qui
2739 1501 3026 1556 numquam
3054 1487 3315 1557 quiescat,
3347 1491 3441 1545 sed
3468 1491 3556 1547 in-

1957 1577 2267 1632 desinenter
2306 1577 2396 1632 ille
2423 1579 2780 1648 congrediens
2807 1579 3019 1644 clamet,
3045 1590 3096 1634 et
3124 1595 3336 1650 pmnam
3381 1585 3558 1655 exigat

1957 1669 2294 1726 delictorum.
2330 1673 2396 1727 Et
2445 1673 2548 1728 hoc
2593 1674 2711 1743 quis
2739 1673 2932 1728 viderit
2975 1674 3258 1732 manifeste
3296 1694 3363 1734 ex
3401 1677 3557 1736 factis

1959 1761 2105 1832 ipsis.
2153 1761 2430 1818 Scortator
2453 1765 2617 1830 enim,
2651 1764 2732 1819 vel
2763 1765 2996 1831 adulter,
3025 1767 3105 1820 vel
3136 1768 3227 1837 qui
3273 1768 3416 1824 aliud
3451 1770 3558 1827 tale

1958 1853 2209 1922 quiddam
2243 1853 2476 1921 admisit,
2508 1855 2667 1910 etiam
2695 1856 2738 1909 si
2771 1871 2959 1912 omnes
2986 1856 3155 1912 latere
3181 1869 3361 1929 queat,
3394 1877 3557 1916 num-

1958 1959 2113 2011 quam
2161 1953 2338 1998 tamen
2371 1945 2447 2000 sic
2491 1945 2541 1999 in
2588 1946 2969 2016 tranquillitate
3010 1949 3179 2016 vivit;
3227 1951 3320 2004 sed
3355 1951 3560 2008 habens

1959 2051 2137 2089 acrem
2168 2036 2316 2092 illum
2337 2047 2701 2092 accusatorem
2730 2080 2742 2104 ,
2780 2039 3114 2109 suspiciones
3137 2041 3308 2107 timet,
3337 2043 3561 2099 umbras

1960 2127 2238 2187 tremiscit.
2289 2137 2344 2182 et
2383 2138 2477 2183 eos
2506 2129 2592 2198 qui
2624 2128 2822 2184 conscii
2852 2139 2993 2193 sunt,
3027 2141 3081 2185 et
3124 2132 3213 2202 qui
3255 2148 3362 2188 non
3391 2145 3558 2200 sunt;

1957 2227 2320 2288 perpetuaque
2346 2220 2398 2272 in
2426 2219 2609 2272 animo
2641 2221 2758 2288 ejus
2799 2228 3086 2288 tempestas
3114 2229 3217 2289 est,
3241 2231 3296 2277 et
3325 2223 3557 2295 recipro-

1958 2317 2139 2363 cantes
2165 2325 2229 2364 ac
2267 2311 2520 2364 contrarii
2549 2309 2760 2365 fluetus.
2787 2311 3008 2380 Insuper
3032 2328 3205 2383 neque
3245 2328 3467 2370 somnus
3507 2315 3556 2371 ei

1959 2399 2157 2464 suavis,
2218 2399 2312 2454 sed
2372 2411 2575 2455 terrore
2631 2411 2683 2456 et
2739 2401 3022 2457 formidine
3074 2404 3264 2472 plenus
3318 2423 3332 2460 :
3384 2423 3557 2478 neque

1957 2490 2106 2544 cibus
2132 2489 2455 2560 voluptatem
2504 2491 2724 2561 przebct,
2756 2507 2928 2562 neque
2974 2493 3267 2548 amicorum
3295 2497 3558 2568 colloquia

1962 2581 2120 2634 talem
2207 2582 2530 2644 refocillare,
2581 2583 2666 2637 vel
2717 2583 2944 2638 liberare
2989 2585 3057 2640 ab
3101 2598 3322 2656 urgente
3367 2591 3558 2644 anxie-

1959 2677 2065 2725 tate
2121 2681 2383 2740 possunt:
2434 2673 2527 2726 sed
2579 2674 2728 2744 quasi
2771 2674 3074 2731 carnificem
3124 2678 3555 2748 circumgestaiet

1959 2777 2018 2817 se
2045 2763 2401 2819 lancinantcm
2441 2773 2494 2818 et
2518 2763 2871 2834 flagellautem
2904 2769 3157 2824 continuo
3177 2810 3192 2836 ,
3221 2770 3290 2824 ita
3321 2772 3555 2840 postab-

1959 2853 2176 2907 surdum
2202 2854 2327 2909 illud
2361 2857 2559 2910 facinus
2582 2857 2911 2921 obambulat,
2947 2858 3094 2913 nullo
3137 2863 3376 2927 conscio,
3428 2877 3553 2918 sus-

1957 2953 2130 3000 tinens
2169 2946 2529 3002 intolerabiles
2554 2962 2740 3018 pmnas
2773 2949 2913 3017 illas,
2961 2959 3015 3005 et
3055 2949 3220 3020 judex
3263 2955 3347 3008 sui
3379 2955 3551 3024 ipsius

1958 3033 2128 3090 factus
2145 3045 2197 3090 et
2211 3045 2509 3091 accusator.

2029 3127 2290 3200 Confessio
2321 3139 2659 3197 peccatormn.
2687 3159 2761 3170 —
2785 3131 3034 3187 Attamen
3059 3131 3147 3200 qui
3178 3133 3296 3191 lucc
3333 3134 3478 3203 fecit,
3508 3139 3555 3194 si

1954 3221 2202 3288 voluerit,
2234 3231 2289 3276 ut
2318 3223 2491 3289 decet,
2527 3223 2599 3278 uti
2629 3224 2971 3278 conscientia:
2998 3225 3328 3294 adjumcnto,
3385 3239 3438 3284 et
3482 3231 3554 3286 ad

1954 3313 2344 3369 confessionem
2373 3313 2670 3369 facinorum
2699 3313 2972 3380 festinare,
3004 3328 3056 3371 et
3083 3317 3234 3376 ulcus
3268 3321 3553 3379 ostendere

1955 3404 2182 3471 medico,
2217 3406 2305 3476 qui
2337 3415 2487 3461 curet
2529 3416 2583 3462 et
2636 3423 2742 3463 non
2788 3408 3092 3478 exprobret,
3137 3421 3297 3482 atque
3342 3415 3410 3471 ab
3458 3415 3553 3472 illo

1955 3498 2190 3552 remedia
2233 3503 2498 3569 accipere,
2538 3515 2600 3555 ac
2627 3501 2724 3556 soli
2743 3501 2790 3555 ei
2814 3501 2976 3573 loqui,
3009 3504 3154 3559 nullo
3180 3506 3288 3561 alio
3311 3509 3550 3573 conscio.

1954 3598 2008 3644 et
2038 3590 2219 3644 omnia
2251 3590 2432 3646 dicere
2458 3607 2580 3646 eum
2620 3592 2916 3664 diligentia,
2964 3593 3120 3651 facile
3179 3610 3398 3667 peccata
3452 3617 3548 3657 sua

1955 3679 2281 3733 emcndabit.
2309 3678 2591 3736 Confessio
2611 3684 2752 3736 enim
2778 3695 3116 3752 peccatorum
3148 3687 3370 3743 abolitio
3391 3691 3552 3746 etiam

1954 3782 2035 3826 est
2059 3772 2394 3826 delictorum.
2428 3772 2579 3841 Quod
2611 3775 2652 3828 si
2688 3773 2920 3830 Lamech
2958 3777 3044 3831 ille
3082 3779 3195 3832 suis
3241 3781 3554 3840 mulieribus

1953 3861 2128 3916 caedes
2157 3880 2185 3916 a
2212 3877 2270 3916 se
2293 3865 2608 3918 commissas
2636 3865 2882 3935 detegere
2909 3875 2961 3921 et
2985 3867 3228 3923 confiteri
3259 3886 3363 3924 non
3401 3872 3547 3927 refu-

1951 3955 2046 4021 git,
2070 3953 2212 4023 quali
2241 3955 2440 4010 erimus
2473 3957 2629 4010 venia
2654 3956 2817 4028 digni,
2851 3958 2894 4012 si
2924 3959 2972 4013 ei
3004 3960 3094 4029 qui
3133 3963 3313 4016 omnia
3367 3970 3548 4017 nostra

1952 4056 2198 4100 accurate
2239 4047 2388 4100 novit
2432 4048 2646 4110 delicta.
2700 4050 2942 4104 confiteri
2995 4063 3212 4122 peccata
3267 4054 3550 4111 nolumus?

1953 4134 2090 4190 Num
2133 4137 2255 4208 quia
2310 4139 2534 4208 ignorat,
2590 4139 2800 4195 discere
2830 4139 2984 4195 vult?
3025 4141 3370 4215 Nequaquam
3424 4147 3548 4217 quia

1953 4227 2178 4297 ignorat,
2204 4229 2598 4288 confessionem
2627 4247 2655 4286 a
2680 4231 2835 4288 nobis
2862 4234 3103 4304 requirit,
3133 4238 3222 4306 qui
3249 4237 3426 4293 omnia
3450 4241 3550 4296 scit

1951 4331 2234 4392 antequam
2263 4321 2426 4376 fiant:
2457 4323 2553 4378 sed
2609 4322 2794 4379 volens
2847 4339 2942 4394 per
2995 4325 3414 4383 confessionem-
3449 4344 3550 4386 nos

1953 4428 2164 4484 quoque
2193 4423 2537 4484 peccatorum
2567 4414 2765 4471 habere
2782 4430 3021 4482 sensum,
3062 4425 3118 4474 et
3162 4428 3371 4490 gratum
3418 4435 3545 4493 erga

1950 4522 2010 4563 se
2037 4508 2320 4564 ostendere
2349 4509 2608 4564 animum.
2637 4508 2774 4564 Num
2806 4525 2936 4580 opes
2964 4511 3156 4582 aliqua:
3187 4512 3272 4568 hic
3293 4523 3413 4568 sunt
3451 4530 3545 4571 ea-

1949 4597 2277 4668 pendendte?
2295 4615 2418 4654 num
2437 4599 2652 4670 longum
2671 4602 2774 4656 iter
2791 4601 3224 4672 suscipiendum?
3248 4619 3372 4659 num
3390 4604 3548 4660 dolo-

1950 4705 2064 4745 rem
2091 4699 2144 4745 et
2172 4692 2438 4746 cruciatus
2473 4689 2763 4748 δῆθε-ιιιωο
2807 4692 3112 4749 medicina?
3154 4695 3372 4768 Absque
3400 4712 3547 4753 sum-

1949 4787 2043 4850 ptu
2071 4779 2377 4835 eteruciatu
2405 4790 2487 4835 est
2516 4795 2753 4849 praesens
2778 4781 3145 4852 pbarmacum,
3178 4795 3230 4840 et
3256 4800 3415 4856 quam
3454 4801 3545 4846 ce-

1951 4869 2169 4925 lerrime
2196 4880 2365 4926 curat.
2398 4870 2612 4927 Etenim
2633 4871 2926 4927 secundqu
2947 4873 3196 4928 affectum
3223 4885 3276 4930 et
3305 4877 3542 4933 animum

1949 4963 2274 5027 accedentia,
2305 4964 2385 5018 sic
2411 4973 2468 5019 et
2505 4963 2743 5020 remedia
2773 4965 3051 5020 vulnerum
3095 4965 3317 5040 largitur
3365 4969 3546 5027 Domi.

1948 5067 2068 5107 nus.
2094 5053 2257 5123 Igitur
2277 5053 2367 5123 qui
2399 5054 2508 5108 vult
2553 5054 2732 5109 statim
2773 5054 2839 5109 ad
2875 5055 3157 5111 sanitatem
3195 5057 3394 5126 redire,
3431 5060 3547 5115 ani-

1949 5161 2158 5217 mmque
2183 5161 2370 5201 curare
2401 5147 2601 5214 ulcera,
2635 5148 2811 5204 sobria
2839 5159 3019 5204 mente
3048 5147 3315 5205 medicum
3366 5149 3546 5218 adeat,

1947 5241 2016 5294 ab
2057 5241 2307 5295 omnibus
2355 5241 2701 5296 sazcularibus
2721 5243 2866 5297 curis
2904 5257 2964 5298 se
3009 5241 3287 5309 abdicans,
3343 5243 3549 5300 calidas

1949 5331 2214 5404 laerymas
2242 5331 2552 5402 profundat,
2576 5333 2946 5388 assiduitatem
2995 5335 3277 5404 plurimam
3327 5350 3442 5407 pra:
3491 5351 3549 5394 se

1950 5421 2104 5487 ferat,
2139 5423 2297 5478 fidem
2326 5423 2534 5478 firmam
2559 5423 2768 5490 afferat,
2789 5438 2855 5480 ac
2879 5424 3071 5481 medici
3091 5425 3323 5481 confidat
3346 5428 3469 5492 arti,
3493 5440 3548 5484 et

1948 5516 2194 5587 protinus
2223 5518 2505 5572 sanitatem
2536 5524 2922 5588 consequetur.
2949 5517 3136 5572 Vidisti
3163 5517 3358 5575 medici
3388 5519 3545 5576 boni-

1948 5617 2133 5672 tatem,
2165 5606 2231 5662 ad
2270 5622 2428 5678 quam
2450 5609 2495 5663 si
2519 5608 2756 5663 omnium
2779 5619 2988 5680 patrum
3013 5624 3168 5664 amor
3211 5609 3540 5676 conferatur,

1945 5699 2336 5756 obscurabitur.
2370 5699 2506 5755 Num
2527 5715 2691 5771 grave
2712 5699 2913 5771 aliquid
2938 5707 2992 5756 et
3018 5700 3306 5757 molestum
3335 5716 3367 5757 a
3389 5701 3544 5760 nobis

1951 5790 2215 5865 requirit?
2239 5791 2629 5852 Contritionem
2655 5791 2854 5864 cordis,
2891 5794 3358 5866 compunctionetn
3385 5807 3543 5850 mcu-
