4152 6480
685 369 780 429 ΠΙ

679 482 764 544 tis,
790 477 1180 536 confessionem
1206 475 1402 547 lapsus,
1440 472 1804 529 assiduitatem
1829 472 2130 529 continuam
2155 489 2169 526 :
2192 480 2247 527 et

679 587 784 626 non
827 569 998 626 sulmn
1054 567 1270 638 largitur
1305 564 1580 620 vulnerum
1621 579 1826 626 curam.
1871 574 1979 620 eta
2027 563 2255 634 peccatis

676 661 904 717 ntundos
926 659 1117 725 reddit,
1143 658 1234 713 sed
1261 665 1314 712 et
1339 671 1486 722 eum,
1513 655 1602 726 qui
1630 665 1784 711 antea
1810 654 2100 730 innumeris
2130 667 2256 725 pec-

673 763 915 808 catorum
958 748 1182 804 sarcinis
1206 747 1540 816 gravabatur,
1563 745 1764 816 justum
1791 745 1970 802 efficit.
2024 744 2070 800 0
2098 749 2258 798 mise-

677 842 921 900 ricordia
966 838 1380 912 magnitudinem
1413 839 1428 894 l
1458 852 1493 892 o
1541 837 1793 893 bonitatis
1842 835 2204 893 excellentiam
2237 837 2251 890 l

675 935 774 1004 Qui
801 931 1055 1003 peccavit,
1072 929 1283 1001 quando
1305 929 1588 985 confitetur
1612 937 1849 1000 peccata,
1874 929 2078 984 veniam
2099 927 2250 999 petit,

669 1027 970 1096 etposthac
998 1025 1333 1080 securitatem
1385 1038 1494 1092 pra:
1544 1037 1602 1078 se
1650 1021 1774 1090 fert,
1822 1030 2040 1093 repente
2083 1023 2257 1092 justus

675 1119 914 1175 redditur
944 1119 960 1175 l
989 1119 1052 1175 Et
1088 1134 1194 1189 quo
1243 1118 1386 1173 clare
1413 1116 1515 1172 hoc
1553 1117 1749 1183 discas,
1770 1116 1891 1170 audi
1942 1114 2253 1186 prophetam

680 1210 942 1270 dicentem
972 1228 989 1266 :
1020 1209 1116 1266 Die
1138 1222 1190 1264 tu
1211 1211 1350 1282 prior
1395 1210 1833 1274 iniquitatcstaaa,
1878 1219 1932 1263 ut
1960 1210 2256 1280 jastiﬁccris

677 1305 697 1374 (
726 1303 958 1360 13.5.43.
980 1303 1052 1359 26
1077 1304 1118 1375 ).
1149 1302 1263 1358 Non
1303 1301 1616 1373 simpliciter
1641 1301 1828 1372 inquit,
1864 1300 1962 1355 Dic
1981 1310 2034 1354 tu
2070 1301 2254 1373 iniqui-

674 1405 799 1451 tota
829 1405 961 1462 tuas,
992 1396 1085 1451 sed
1105 1394 1316 1465 adjecit,
1346 1393 1501 1448 Prior
1526 1409 1547 1447 :
1573 1391 1676 1449 hoc
1699 1402 1800 1458 est,
1856 1407 1924 1448 ne
1975 1403 2254 1463 exspectes

677 1498 730 1545 te
775 1496 1107 1558 arguentem,
1161 1501 1229 1542 ne
1303 1483 1624 1556 prastoleris
1684 1492 2094 1539 accusatorem:
2141 1483 2254 1554 ipse

673 1577 930 1645 pra-veni,
959 1587 1016 1632 et
1039 1590 1168 1646 rape
1189 1575 1452 1632 sermonis
1477 1574 1814 1647 principium,
1845 1583 1904 1630 ut
1927 1576 2252 1630 accusatoris

670 1670 898 1739 linguam
928 1667 1192 1724 occludas.

734 1763 790 1817 4.
817 1761 1007 1818 Vidisti
1026 1761 1229 1818 Iudicis
1251 1760 1664 1833 benignitatem?
1683 1761 1742 1819 in
1768 1760 2017 1816 humanis
2036 1760 2249 1832 quidem

663 1854 881 1927 judiciis
928 1855 973 1908 si
1003 1855 1124 1925 quis
1149 1855 1251 1909 hoc
1291 1853 1520 1920 faceret,
1566 1863 1621 1909 et
1647 1862 1772 1909 ante
1799 1855 2013 1908 allatam
2060 1853 2252 1923 proba-

668 1943 867 1999 tionem
896 1944 1129 2000 faeinora
1148 1945 1514 2011 conﬁteretur,
1536 1945 1779 2016 quamvis
1797 1944 1935 2015 apud
1962 1944 2251 1999 humanum

672 2037 902 2090 fortasse
920 2034 1155 2106 judicem
1184 2044 1447 2091 tormenta
1473 2045 1529 2090 et
1557 2034 1658 2090 sibi
1689 2033 2040 2090 succedentes
2067 2049 2252 2104 pmnas

672 2124 968 2195 effugeret,
1012 2133 1188 2181 tamen
1239 2125 1556 2181 sententiam
1606 2125 1886 2196 capitalem
1936 2126 2156 2179 omnino
2195 2125 2250 2180 In

667 2229 822 2268 suum
862 2224 1020 2284 caput
1057 2225 1396 2271 accerseret:
1433 2227 1487 2270 at
1517 2215 1876 2272 misericordis
1923 2214 2020 2270 Dei
2049 2224 2102 2270 et
2137 2216 2252 2270 ani-

669 2318 878 2358 marum
909 2315 1211 2360 nostrarum
1240 2305 1426 2362 Medici
1454 2315 1598 2361 tanta
1619 2314 1703 2362 est
1728 2315 1941 2376 tamque
1968 2304 2252 2362 ineffabilia

667 2395 878 2451 bonitas
896 2404 950 2451 et
969 2396 1276 2467 clementia,
1301 2406 1360 2453 ut
1383 2413 1600 2455 omnem
1625 2399 1785 2454 etiam
1815 2413 2121 2456 sermonem
2153 2416 2250 2455 cx-

665 2485 843 2542 ccdat.
872 2485 1006 2542 Nam
1047 2487 1092 2542 si
1114 2487 1476 2544 adversarium
1509 2497 1752 2545 nostrum
1793 2491 2240 2560 pracverterimus,

665 2577 936 2633 diabolum
966 2576 1109 2643 dico,
1140 2579 1229 2648 qui
1257 2579 1309 2634 in
1337 2577 1427 2635 die
1447 2579 1538 2635 illo
1566 2577 1636 2636 ob
1663 2580 1848 2635 faciem
1871 2590 2106 2636 nostram
2134 2591 2246 2637 sta-

667 2667 762 2732 bit,
790 2676 844 2724 et
868 2667 977 2738 jam
1009 2669 1062 2724 in
1084 2669 1334 2739 praesenti
1362 2670 1490 2736 vita,
1512 2681 1795 2742 antequam
1821 2672 1886 2728 ad
1909 2671 2135 2728 tribunal
2164 2675 2246 2728 in-

662 2759 999 2828 grediamur,
1045 2759 1278 2816 facinora
1326 2760 1556 2816 confessi
1604 2760 1889 2829 fuerimus,
1933 2763 2248 2835 dicendique

661 2849 982 2920 principium
1009 2852 1366 2921 rapuerimus,
1399 2861 1641 2907 nostrum
1666 2852 1902 2923 ipsorum
1935 2854 2055 2908 facti
2084 2868 2244 2908 accu.

663 2948 903 3006 satores,
931 2939 984 2994 in
1009 2950 1207 2996 tantam
1238 2942 1660 2998 misericordiam
1693 2943 2095 3011 provocahimus
2135 2942 2241 2999 Do-

663 3032 889 3099 minum,
935 3041 993 3088 ut
1032 3047 1138 3087 non
1182 3033 1356 3088 solum
1400 3033 1557 3088 nobis
1590 3047 1942 3088 concessurus
1984 3035 2073 3101 sit,
2119 3042 2176 3089 ut
2214 3051 2243 3089 a

661 3123 891 3193 peccatis
917 3124 1238 3192 liberemur,
1268 3125 1364 3181 sed
1403 3134 1461 3180 ut
1505 3126 1556 3180 in
1578 3127 1844 3196 justorum
1873 3125 2116 3196 catalogo
2146 3126 2245 3181 ad-

661 3213 976 3269 scribamur.
1036 3214 1321 3270 Enimvero
1367 3215 1412 3270 si
1467 3214 1698 3270 Lantcch
1753 3215 1878 3280 ille,
1935 3217 2024 3286 qui
2073 3231 2246 3286 neque

662 3304 833 3374 legem
865 3304 1050 3360 habuit
1087 3305 1228 3362 unde
1269 3305 1372 3362 hoc
1407 3305 1618 3362 discere
1661 3316 1870 3377 posset,
1904 3322 2077 3377 nequc
2113 3323 2242 3378 pro-

662 3393 852 3464 phetas
880 3396 1103 3463 audivit,
1135 3413 1308 3468 neque
1327 3398 1486 3453 aliam
1506 3397 1672 3454 ullam
1701 3397 2140 3468 admonitionem,
2174 3417 2240 3456 ex

654 3484 860 3552 judicio
905 3486 958 3541 in
985 3495 1172 3542 natura
1217 3489 1377 3544 insito
1417 3490 1662 3544 conscius
1705 3504 1890 3545 eorum
1925 3507 2044 3562 qua:
2082 3506 2242 3547 ausus

659 3573 852 3642 fuerat,
880 3576 933 3631 in
957 3577 1192 3633 medium
1219 3579 1395 3634 attulit
1424 3595 1486 3635 ea
1512 3595 1631 3650 qua:
1655 3582 1902 3650 patravit,
1931 3591 1984 3637 et
2003 3583 2238 3653 seipsum

658 3665 1036 3723 condemnavit
1074 3687 1089 3723 :
1139 3669 1407 3741 quomodo
1460 3671 1688 3739 aliquam
1733 3671 2095 3727 defensionem
2143 3687 2242 3730 nos

659 3755 862 3814 habere
901 3759 1216 3829 p0terintus,
1248 3763 1468 3816 vulnera
1497 3777 1602 3815 non
1646 3764 1789 3816 omni
1815 3763 2090 3834 diligentia
2139 3765 2242 3820 Do-

659 3847 807 3904 mino
831 3842 1176 3906 ostendentes
1195 3891 1210 3917 ,
1243 3867 1430 3906 eorum
1453 3851 1561 3921 jam
1593 3853 1910 3908 medicinam
1934 3855 2000 3909 ab
2027 3870 2091 3910 eo
2118 3871 2239 3910 sus-

655 3939 901 4008 cepturi?
941 3938 995 3996 Id
1033 3941 1174 4011 quod
1210 3942 1312 3996 nisi
1356 3958 1500 3998 nunc
1543 3943 1850 4011 fecerimus,
1892 3962 2012 4000 eum
2052 3946 2241 4016 jcjunii

659 4037 869 4098 tempus
885 4040 985 4097 est,
1009 4047 1128 4085 eum
1154 4041 1295 4086 tanta
1313 4033 1692 4101 cogitationum
1719 4035 2089 4104 tranquillitas,
2119 4051 2240 4090 eum

659 4119 905 4192 voluptas
940 4122 1116 4176 omnis
1159 4123 1366 4178 sublata
1395 4139 1427 4178 e
1472 4125 1652 4179 medio
1682 4142 1696 4182 :
1727 4125 2065 4195 quandonatn
2111 4124 2239 4182 faci-

659 4224 788 4264 nora
811 4220 991 4265 nostra
1010 4212 1315 4282 expendere
1335 4213 1663 4284 poterimus?
1685 4214 1887 4270 Idcirco
1909 4230 2120 4286 semper
2144 4230 2238 4270 vos

656 4300 906 4364 obsecro,
931 4311 986 4355 ut
1010 4303 1175 4358 sobrii
1201 4303 1316 4358 sitis
1342 4313 1397 4359 et
1420 4304 1624 4376 vigiles,
1651 4314 1703 4360 et
1732 4315 2048 4374 przcscntcm
2077 4308 2236 4361 vitam

659 4403 873 4445 onmem
923 4391 977 4445 in
1013 4391 1114 4446 hoc
1163 4394 1464 4462 insumatis,
1505 4404 1561 4448 ut
1603 4395 1912 4451 assiduitate
1964 4397 2050 4450 illa
2101 4397 2242 4452 into-

661 4478 880 4535 lerabile
931 4481 1061 4536 illud
1116 4484 1431 4553 supplicium
1480 4485 1818 4556 ell'ngiamus,
1874 4496 1926 4542 et
1976 4486 2236 4557 gehenna:

662 4573 837 4645 ignem
864 4574 1030 4630 vitare
1059 4577 1343 4646 possimus.
1368 4576 1592 4632 Maxime
1617 4588 1792 4632 autem
1815 4593 1985 4645 nunc,
2017 4579 2235 4650 majori-

661 4679 767 4734 quc
793 4665 967 4720 studio
988 4664 1040 4720 id
1077 4666 1390 4735 curandum,
1417 4668 1631 4737 quando
1654 4678 1869 4738 prOpter
1887 4669 2070 4740 jejunii
2098 4680 2232 4724 tent-

660 4768 760 4822 pus
785 4755 1048 4810 cuntinuis
1091 4757 1486 4828 majoribusque
1512 4756 1746 4813 fruimini
1763 4757 2234 4814 admonitionibus.

657 4843 746 4897 εδ.
772 4842 1011 4915 Cognovit
1029 4855 1216 4914 autem,
1245 4847 1431 4917 inquit,
1457 4847 1620 4902 Adam
1645 4847 1806 4901 Evam
1830 4865 2034 4903 uxorem
2054 4865 2197 4902 suam
2215 4864 2236 4904 .'

656 4944 706 4988 et
732 4953 846 4990 eum
873 4939 1202 5007 concepisset,
1235 4940 1426 5010 peperit
1469 4941 1650 5009 ﬁlium,
1677 4950 1723 4994 et
1749 4942 2022 5011 appellavit
2053 4957 2235 4996 nomen

659 5029 803 5082 illius
834 5029 958 5084 Setlt
979 5071 995 5095 ,
1026 5030 1195 5085 dicens
1217 5048 1236 5085 :
1268 5031 1518 5086 Excitavit
1567 5034 1698 5087 enim
1739 5035 1862 5086 milii
1887 5032 2023 5088 Deus
2066 5051 2234 5089 semen

661 5120 800 5173 aliud
827 5138 917 5188 pro
941 5121 1083 5189 Abel,
1105 5139 1247 5192 quem
1271 5124 1448 5178 occidit
1475 5121 1623 5179 Cain.
1649 5125 1931 5194 Postquam
1961 5125 2232 5196 Scriptura

659 5212 836 5267 divina
864 5215 1222 5285 genealogiam
1253 5231 1417 5286 usque
1442 5216 1507 5271 ad
1535 5215 1764 5272 Lamech
1785 5217 2018 5281 deduxit,
2040 5218 2231 5273 iterum

659 5306 726 5359 ad
748 5305 914 5360 Adam
936 5314 990 5360 et
1006 5322 1221 5362 uxorem
1245 5308 1383 5364 illius
1407 5310 1727 5380 regreditur,
1753 5319 1808 5365 et
1828 5309 1950 5364 dicit
1967 5309 2232 5382 :Cognovit

657 5404 823 5447 autem
849 5393 1015 5452 Adam
1058 5388 1210 5450 Evam
1237 5414 1440 5451 uxorem
1467 5415 1648 5463 suam;
1674 5410 1719 5453 et
1742 5415 1855 5453 cum
1882 5403 2186 5471 conccpisset
2210 5442 2226 5469 ,

656 5485 849 5554 peperit
872 5486 1052 5553 ﬁlium,
1083 5490 1450 5564 appellauitque
1476 5505 1652 5544 nomen
1681 5490 1818 5543 illius
1839 5489 1985 5554 Setlt,
2010 5491 2178 5545 dicens
2210 5506 2230 5546 :

656 5570 911 5629 Excitavit
937 5577 1064 5630 enim
1093 5579 1215 5632 milli
1243 5577 1380 5634 Deus
1408 5595 1571 5634 semen
1599 5582 1742 5635 aliud
1773 5596 1866 5650 pro
1896 5580 2052 5645 Abel,
2083 5597 2228 5651 quem

656 5667 836 5721 occidit
865 5667 1010 5722 Cain.
1042 5667 1244 5741 Peperit
1264 5712 1278 5739 ,
1311 5671 1511 5742 inquit,
1546 5673 1706 5742 lilium
1749 5673 2116 5746 appellauitque
2139 5691 2230 5730 no-

657 5771 771 5813 men
818 5757 958 5814 illius
996 5758 1158 5827 Sella,-
1207 5777 1305 5819 nec
1351 5771 1595 5819 contenta
1649 5773 1819 5820 mater
1868 5765 2009 5836 quod
2060 5766 2227 5838 impo-

1387 363 1442 420 S.
1481 358 1757 418 JOANNIS
1793 352 2265 417 CHRYSOSTOMI
2305 351 2619 409 AllClllEl‘.
2661 355 3193 417 CONSTANTINOP.

2359 471 2556 525 suisset
2579 469 2652 524 illi
2683 474 2898 536 nomen,
2925 472 3054 529 dicit
3079 492 3094 528 :
3117 472 3368 530 Excitavit
3387 477 3520 531 enim
3549 480 3675 534 milii
3703 480 3846 540 Deus
3865 508 3953 548 ιο-

2361 577 2472 615 men
2499 562 2642 618 aliud
2670 580 2766 635 pro
2789 565 2934 632 Abel,
2965 581 3112 637 quem
3141 568 3322 623 occidit
3348 568 3496 625 σείει.
3532 569 3663 629 Vide
3689 571 3781 630 hic
3806 555 3953 645 qua.

2361 651 2522 708 modo
2544 665 2597 709 et
2622 664 2791 712 mater
2812 671 2908 726 per
2927 657 3336 728 appellationem
3359 662 3471 718 nati
3500 662 3594 719 filii
3623 667 3952 724 memoriam

2358 745 2567 800 scelesti
2609 745 2766 816 hujus
2810 748 2991 818 operis
3030 751 3335 807 continuam
3381 757 3651 813 mentibus
3693 773 3954 825 renovat,

2357 841 2520 902 atque
2563 846 2620 889 ut
2669 836 2830 892 etiam
2875 839 3073 910 posteri
3121 842 3341 909 scirent,
3388 845 3515 915 quid
3561 846 3694 904 Cain
3731 862 3955 921 patrare

2359 939 2521 980 ausus
2547 925 2751 996 fuisset,
2780 929 2942 999 dicit,
2976 929 3085 988 Pro
3104 933 3248 1001 Abel,
3277 951 3422 1006 quem
3442 939 3626 994 occidit
3649 940 3802 999 Cain.
3831 945 3952 1000 Do-

2359 1015 2520 1071 lentis
2543 1017 2735 1074 anima:
2765 1021 2924 1076 verba
2951 1032 3156 1080 suntet
3193 1026 3420 1084 turbata:
3453 1029 3524 1085 ob
3549 1029 3805 1089 facinoris
3831 1050 3956 1092 Ine-

2357 1108 2604 1177 moriam,
2624 1111 2930 1182 gratiasque
2952 1114 3162 1183 agentis
3185 1131 3282 1186 pro
3305 1126 3432 1173 nato
3459 1135 3646 1191 puero,
3675 1122 3952 1197 hujusque

2359 1199 2574 1256 nomine
2617 1200 2757 1256 illius
2780 1203 3003 1260 alterius
3044 1206 3221 1262 scelus
3260 1210 3414 1280 quasi
3454 1211 3508 1266 iu
3550 1215 3708 1286 cippo
3753 1217 3953 1274 inseri-

2358 1287 2554 1346 beatis.
2577 1291 2707 1346 Nam
2736 1308 2861 1349 vere
2891 1295 3089 1351 luctum
3128 1312 3236 1353 non
3265 1299 3590 1358 mediocrem
3631 1308 3952 1376 [arentibus

2357 1380 2638 1447 attulerat,
2665 1383 2755 1452 qui
2780 1383 3024 1441 dextram
3049 1401 3204 1443 suam
3230 1389 3486 1448 adversus
3517 1391 3737 1452 fratrem
3765 1413 3954 1454 arma-

2361 1479 2534 1537 verat,
2559 1483 2613 1528 et
2634 1482 2741 1528 tam
2761 1488 2945 1531 carum
2967 1476 3113 1532 illum
3139 1487 3194 1535 et
3211 1481 3495 1538 amabilem
3511 1483 3618 1540 illis
3631 1488 3952 1546 «tendet-at

2357 1561 2503 1618 humi
2537 1563 2828 1635 jacentem,
2859 1579 3144 1636 mortuum,
3187 1579 3242 1626 et
3263 1586 3424 1629 sensu
3467 1587 3766 1636 carentem.
3806 1581 3948 1638 Nam

2357 1652 2486 1708 licet
2507 1657 2828 1712 sententiam
2858 1660 3156 1730 accepisset
3181 1661 3376 1733 Adam,
3402 1663 3563 1722 Terra
3587 1684 3660 1736 ea,
3685 1682 3734 1726 et
3756 1673 3810 1726 in
3840 1683 3948 1728 ter-

2355 1761 2464 1800 ram
2505 1746 2664 1802 abibis
2693 1763 2715 1803 :
2755 1757 2812 1804 et
2833 1789 2850 1814 ,
2901 1749 3230 1822 Quocumque
3275 1755 3359 1811 die
3381 1761 3734 1829 comedaitis,
3783 1777 3952 1824 morte

2356 1837 2638 1893 νων-εει»ιίηὲ
2658 1839 2886 1909 (ϐαι.5.
2916 1841 3005 1898 l9.
3049 1853 3096 1898 et
3122 1844 3178 1899 ει.
3226 1845 3317 1920 17)
3347 1864 3361 1901 :
3397 1853 3715 1909 sententiam
3761 1865 3946 1914 tamen

2357 1928 2409 1983 in
2437 1930 2612 1988 verbis
2633 1931 2891 1990 hactenus
2913 1937 3325 2006 cognoscebant,
3350 1949 3405 1996 et
3424 1944 3657 2000 nondum
3679 1961 3947 2007 noverant

2355 2021 2528 2090 qualis
2565 2031 2710 2078 esset
2739 2024 2926 2080 mortis
2950 2027 3087 2083 ratio
3113 2044 3129 2081 :
3161 2029 3257 2084 sed
3298 2029 3386 2088 hic
3428 2033 3631 2102 pﬁmus
3657 2037 3728 2093 ob
3757 2039 3942 2095 odium

2356 2111 2407 2164 in
2435 2109 2680 2180 fratrem,
2709 2123 2764 2170 et
2792 2114 3013 2173 livorem
3041 2118 3132 2189 qui
3169 2120 3490 2179 intrinsecus
3515 2125 3666 2183 illum
3692 2130 3941 2199 radebat,

2355 2201 2407 2256 in
2456 2200 2803 2260 fratricidium
2848 2208 2976 2275 ruit,
3014 2224 3179 2280 grave
3222 2214 3530 2281 parentibus
3571 2221 3943 2288 spectaculum

2353 2292 2636 2352 exhibens.
2659 2295 2890 2354 Proinde
2917 2309 3109 2366 mater,
3131 2318 3250 2372 qua:
3268 2307 3541 2376 paululum
3568 2320 3729 2381 caput
3743 2316 3936 2382 erexit,

2353 2392 2408 2440 et
2435 2384 2519 2440 vix
2559 2387 2774 2442 tandem
2815 2389 3100 2460 aliquando
3132 2395 3262 2450 tanti
3301 2395 3474 2452 luctus
3516 2401 3941 2462 consolationem

2352 2474 2574 2539 invenit,
2619 2479 2819 2548 gratias
2844 2481 2955 2551 agit
2997 2482 3224 2538 Domino
3257 2485 3330 2542 ob
3371 2497 3554 2544 natum
3595 2506 3855 2562 puerum,
3886 2506 3942 2552 et

2350 2563 2640 2655 fratricida:
2679 2569 2856 2626 scelus
2888 2571 3143 2641 infamat,
3175 2574 3276 2630 hac
3316 2579 3546 2634 maxima
3581 2581 3728 2639 illum
3780 2599 3940 2655 pasta

2351 2653 2592 2712 afficiens
2614 2698 2630 2725 ,
2653 2667 2712 2712 ut
2738 2660 2934 2716 factum
2975 2661 3119 2718 illius
3161 2677 3433 2737 perpetua
3469 2653 3941 2732 commendaretur

2351 2759 2646 2802 ιιιοωοιιπ.

2424 2837 2696 2894 Peccatum
2741 2843 3066 2913 opprobrium
3115 2846 3292 2904 inurit.
3318 2879 3394 2892 —
3423 2851 3641 2910 Vidistis
3677 2867 3936 2926 quantum

2348 2927 2546 3021 malum
2583 2930 2652 2986 sit
2680 2935 2996 3001 peccatum?
3025 2945 3080 2992 et
3107 2940 3377 3008 quomodo
3411 2946 3755 3013 peccantibus
3779 2949 3934 3021 igua.

2348 3020 2566 3112 miniam
2587 3032 2640 3078 et
2659 3026 3003 3094 opprobrium
3041 3029 3256 3085 inurat?
3278 3033 3484 3090 vidistis
3517 3039 3787 3107 quomodo
3809 3020 3935 3112 pro-

2347 3119 2468 3178 pter
2506 3109 2607 3167 hoc
2635 3113 2812 3170 divina
2855 3119 3024 3187 gratia
3053 3121 3330 3192 spoliatus,
3356 3136 3411 3180 et
3435 3129 3756 3187 omnibusin
3790 3109 3932 3190 ludi-

2348 3199 2520 3255 brium
2574 3203 2744 3260 factus
2799 3207 2902 3262 sit?
2950 3210 3160 3268 vidistis
3209 3215 3479 3285 quomodo
3526 3228 3582 3275 ct
3624 3226 3931 3292 parentibus

2348 3301 2534 3383 natura
2555 3293 2622 3349 ad
2641 3297 2898 3353 amandos
2921 3299 3059 3356 filios
3079 3306 3378 3374 propensis,
3407 3320 3621 3380 propter
3640 3315 3928 3383 pessimum

2347 3379 2450 3435 hoc
2478 3379 2682 3439 facinus
2707 3387 3077 3446 abominabilis
3107 3393 3302 3450 fuerit?
3332 3395 3493 3467 Igitur
3511 3379 3810 3473 fugiamus,
3837 3407 3925 3463 ob-

2349 3487 2545 3543 secro,
2583 3489 2857 3546 peceatum
2919 3485 3060 3552 quod
3107 3489 3268 3542 tantis
3321 3504 3420 3546 nos
3469 3491 3622 3548 malis
3667 3494 3924 3565 involvit,

2345 3575 2399 3620 et
2438 3568 2690 3624 virtutem
2734 3571 3087 3643 arripiamus,
3123 3586 3180 3632 ut
3215 3587 3268 3633 et
3305 3595 3591 3650 supernam
3636 3586 3792 3642 nobis
3838 3589 3930 3646 bc-

2344 3657 2696 3714 ncvolentiam
2739 3663 3108 3731 conciliemus,
3145 3678 3200 3724 et
3237 3671 3556 3740 supplicium
3594 3673 3924 3747 cffugiamns.

2343 3745 2434 3800 26.
2466 3745 2534 3801 Et
2569 3749 2718 3819 Setlt,
2746 3751 2938 3824 inquit,
2969 3767 3119 3812 natus
3142 3769 3215 3813 est
3241 3760 3416 3828 ﬁlius;
3445 3745 3722 3835 appellavit
3755 3781 3922 3824 autem

2345 3853 2522 3893 nomen
2553 3840 2691 3897 illius
2721 3842 2860 3898 Enos
2884 3861 2903 3899 :
2927 3846 3008 3901 ltie
3028 3851 3243 3918 sperauit
3264 3851 3498 3909 inuocare
3520 3872 3698 3910 nonren
3719 3856 3926 3916 Domini

2346 3927 2462 3983 Dei.
2489 3930 2620 3988 Vide
2651 3933 2734 3990 hic
2766 3941 3036 4006 quomodo
3062 3953 3245 4012 postea
3284 3946 3538 4014 paulatim
3582 3949 3924 4009 instituantur

2347 4020 2612 4090 homines,
2645 4036 2703 4081 ut
2744 4029 2798 4083 in
2834 4033 3280 4101 appellationibus
3316 4038 3546 4096 filiorum
3581 4045 3718 4112 grati
3759 4047 3920 4102 animi

2346 4111 2599 4203 indicium
2631 4130 2914 4187 reponant.
2948 4122 3042 4177 Hic
3069 4139 3300 4195 quoque,
3333 4127 3524 4198 inquit,
3557 4111 3748 4203 nempe
3773 4135 3919 4203 Seth,

2341 4201 2492 4295 ahse
2517 4206 2755 4275 genitum
2785 4209 2948 4265 filium
2979 4215 3184 4268 vocavit
3214 4216 3374 4271 Enos.
3417 4219 3617 4275 Deinde
3651 4201 3919 4295 Scriptura

2341 4292 2526 4348 volens
2556 4295 2712 4350 nobis
2738 4301 2970 4356 nominis
2991 4304 3400 4372 appellationem
3433 4292 3808 4380 interpretari,
3841 4317 3918 4370 in-

2339 4383 2490 4454 quit:
2520 4384 2617 4439 llic
2639 4390 2858 4458 speravit
2885 4391 3118 4446 inuocare
3143 4411 3320 4448 nomen
3343 4396 3547 4452 Domini
3570 4399 3684 4456 Dei.
3711 4403 3790 4457 Ex
3820 4403 3919 4462 hoc

2341 4478 2482 4532 enim
2505 4479 2725 4548 posthac
2741 4481 2926 4537 beatus
2951 4485 3204 4555 propheta
3226 4491 3589 4561 genealogiam
3616 4493 3917 4564 inccpturus

2340 4576 2444 4634 est,
2476 4569 2672 4640 rejceta
2709 4577 2967 4630 memoria
3009 4576 3161 4646 Cain,
3201 4590 3257 4636 et
3297 4596 3482 4637 eorum
3527 4586 3616 4654 qui
3658 4602 3829 4658 usque
3854 4591 3915 4646 ad

2341 4658 2571 4716 Lamech
2597 4661 2664 4717 ab
2690 4677 2755 4718 eo
2781 4663 3192 4724 descenderunt.
3214 4670 3344 4726 Nam
3370 4674 3489 4743 quia
3515 4677 3797 4745 primatum
3824 4695 3915 4735 na-

2343 4760 2457 4806 tura
2486 4753 2587 4809 sibi
2615 4754 2795 4810 datum
2815 4799 2831 4824 ,
2863 4760 3294 4831 primogenitum
3317 4763 3648 4835 dignitatem,
3680 4770 3913 4839 inquam,

2341 4860 2450 4900 suae
2473 4848 2759 4904 voluntatis
2784 4851 2982 4907 malitia
3009 4853 3407 4923 deltonestarat,
3430 4867 3483 4914 ct
3504 4859 3636 4929 ipse,
3665 4872 3717 4915 et
3737 4864 3826 4932 qui
3848 4879 3911 4919 es

2340 4950 2406 4990 eo
2453 4938 2585 5004 nati,
2631 4941 2872 5011 catalogo
2916 4943 3201 5011 ejiciuntnr
3239 4962 3252 4998 :
3285 4945 3416 5000 Seth
3462 4963 3588 5003 vero
3637 4950 3778 5020 quod
3818 4954 3912 5008 sibi

2341 5035 2526 5082 natura
2557 5040 2805 5100 negatum
2836 5042 2972 5098 erat,
3001 5033 3051 5088 id
3077 5049 3139 5089 ex
3170 5036 3337 5105 probo
3366 5039 3489 5094 vita:
3520 5041 3759 5097 instituto
3784 5059 3912 5100 con-

2339 5121 2597 5189 sequitur,
2622 5137 2813 5192 nempe
2841 5123 2892 5177 in
2915 5139 2973 5204 se
2998 5126 3305 5181 translatum
3334 5130 3768 5201 primogenitum
3787 5135 3908 5204 jus:

2339 5221 2391 5266 et
2419 5215 2662 5284 quamvis
2689 5231 2796 5271 non
2833 5197 3042 5282 natura,
3071 5229 3304 5276 attamen
3331 5197 3404 5278 ob
3433 5197 3720 5281 voluntatis
3741 5197 3909 5285 invtena

2340 5303 2560 5370 tionem,
2594 5307 2753 5361 etiam
2785 5309 2873 5378 qui
2901 5325 2965 5364 ex
2997 5325 3060 5364 eo
3087 5311 3194 5366 nati
3217 5322 3372 5381 sunt,
3403 5315 3456 5369 in
3481 5318 3806 5390 genealogiis
3828 5337 3910 5378 ro-

2337 5406 2642 5452 eensentur.
2674 5398 2738 5452 Et
2763 5400 2902 5453 sicut
2930 5399 3014 5455 hic
3039 5402 3181 5458 Enos
3209 5414 3426 5460 vocatus
3447 5417 3548 5473 est,
3571 5423 3638 5463 eo
3661 5411 3801 5478 quod
3831 5412 3910 5466 in-

2337 5489 2544 5542 vocavit
2574 5500 2768 5543 nomen
2794 5489 3002 5546 Domini
3031 5492 3122 5547 Dei
3154 5511 3166 5547 :
3198 5493 3275 5548 sic
3301 5503 3357 5549 ct
3375 5496 3464 5566 qui
3492 5512 3555 5551 ex
3578 5511 3643 5551 eo
3666 5498 3908 5570 deinceps

2337 5578 2538 5635 ducunt
2567 5580 2855 5650 originem,
2886 5584 3126 5639 eamdem
3161 5589 3458 5641 sortiuntur
3482 5587 3904 5657 appellationem.

2337 5669 2625 5741 Propterea
2663 5669 2843 5726 beatus
2899 5673 2982 5729 hic
3032 5675 3286 5746 pr0plteta
3333 5678 3596 5731 narrando
3649 5678 3749 5737 hoc
3796 5681 3901 5739 loco

2337 5766 2653 5841 subsistens,
2686 5762 2827 5820 aliud
2860 5765 3048 5824 iterum
3072 5767 3392 5840 principium
3419 5765 3645 5825 orditur.
