4152 6502
314 432 415 488 ΙΤΞ

380 545 434 599 5.
470 542 686 600 Muralis
708 542 991 598 exhortatio
1017 549 1194 597 contra
1223 539 1507 594 avaritiam.
1541 567 1609 580 —-—
1637 537 1902 594 (laterum

312 653 379 691 ne
427 635 638 706 incepta
688 635 916 690 iectione
959 633 1229 704 aliquanto
1269 630 1615 702 prolixiorem
1663 636 1906 684 texamus

311 742 650 792 sermonem,
682 727 768 781 hic
797 732 956 781 etiam
1007 741 1105 781 nos
1143 738 1265 778 cum
1309 723 1467 778 beato
1520 719 1780 791 propheta
1828 719 1908 772 di-

309 820 470 876 cendi
517 820 674 874 linem
716 817 971 875 faciamus
992 861 1006 886 ,
1039 825 1353 888 sequentem
1388 813 1907 884 interpretationem,

308 913 354 967 i-i
389 913 531 967 Deus
575 911 901 982 permiserit,
945 911 998 965 in
1032 911 1196 966 alium
1223 922 1527 964 sermonem
1566 913 1905 977 reponentes.

311 1004 431 1059 iam
454 1013 632 1059 autem
654 1003 979 1058 admonitam
1003 1004 1280 1058 caritatem
1307 1009 1540 1057 vestram
1567 999 1782 1064 vellem,
1804 1011 1912 1068 quo

314 1094 635 1163 ampliorem
677 1095 960 1164 quemdam
991 1109 1055 1149 ex
1088 1094 1245 1148 dictis
1273 1092 1472 1162 nostris
1518 1088 1752 1146 fructum
1792 1102 1914 1159 per-

316 1186 551 1256 cipiatis,
584 1196 642 1241 ιιι
664 1185 903 1256 quotidie
930 1200 1022 1241 vos
1046 1184 1388 1247 examinetis,
1419 1182 1546 1252 quid
1574 1196 1639 1236 ex
1672 1179 1774 1235 hoc
1798 1193 1914 1235 ser-

319 1294 503 1340 mone,
532 1288 588 1333 et
631 1277 756 1348 quid
801 1293 865 1332 ex
915 1277 1020 1330 alio
1069 1275 1459 1337 lueril'eceritis,
1492 1282 1549 1329 et
1589 1286 1694 1327 non
1739 1270 1914 1326 solum

318 1367 543 1424 auribus
573 1367 880 1438 percipiatis
920 1376 1098 1421 nostra
1126 1365 1296 1430 dicia,
1325 1363 1421 1419 sed
1450 1373 1500 1420 et
1534 1362 1696 1417 menti
1728 1367 1918 1416 vestrae

322 1457 460 1512 bene
478 1456 888 1522 commendetis,
915 1465 968 1510 et
995 1454 1304 1525 qumidiana
1336 1453 1684 1509 meditatione
1709 1451 1916 1506 ﬁrmam

326 1547 404 1602 rei
436 1549 748 1602 memoriam
781 1547 1022 1602 teneatis.
1073 1547 1273 1601 Vellem
1305 1545 1449 1601 enim
1489 1558 1583 1599 vos
1625 1559 1730 1599 non
1763 1541 1916 1597 vobis

325 1646 532 1692 tantum
554 1637 831 1708 prolicere,
850 1637 942 1691 sed
973 1647 1025 1692 et
1047 1637 1270 1691 aliorum
1299 1635 1414 1691 fieri
1443 1635 1750 1706 magistros,
1779 1634 1850 1689 ita
1866 1643 1922 1688 ut

327 1732 547 1802 possitis
563 1731 722 1786 etiam
751 1731 888 1784 alios
912 1730 1222 1796 admonere,
1251 1743 1425 1800 neque
1444 1728 1545 1784 hoc
1575 1727 1754 1783 verbis
1771 1726 1924 1782 dum-

326 1831 474 1878 taxat
519 1837 709 1893 agere,
760 1821 856 1878 sed
890 1831 948 1878 et
989 1822 1243 1892 operibus
1283 1821 1498 1876 erudire
1546 1820 1818 1890 proximos
1855 1818 1922 1874 ad

328 1912 648 1984 praclarum
676 1913 886 1968 virtutis
905 1912 966 1966 of
967 1913 1162 1967 licium.
1182 1912 1446 1983 Cogitate,
1470 1926 1590 1976 oro,
1611 1911 1655 1965 si
1687 1923 1800 1974 vos,
1831 1911 1922 1980 qui

331 2005 419 2058 hic
445 2003 701 2069 affuistis,
730 2004 966 2074 quotidie
1011 2004 1398 2074 portiunculam
1442 2012 1646 2058 tantum
1690 2001 1926 2072 accepis-

328 2095 462 2150 setis
490 2096 555 2148 ad
583 2095 947 2150 emendandas
975 2096 1313 2153 alfectionum
1339 2096 1790 2167 perturbationes,
1815 2095 1925 2165 jam

330 2185 400 2240 ad
450 2201 716 2241 summum
762 2188 976 2257 aliquod
1021 2188 1290 2260 fastigium
1337 2199 1690 2260 perventuros
1742 2189 1924 2244 fuisse.

337 2278 472 2334 Nam
505 2295 609 2333 non
641 2293 917 2335 cessamus
942 2281 1264 2350 quotidianis
1289 2281 1628 2336 sermonibus
1648 2280 1929 2360 inculcare

331 2369 553 2426 auribus
582 2372 797 2438 vestris,
828 2387 947 2442 qua:
973 2372 1040 2428 ad
1069 2373 1443 2428 instituendam
1474 2374 1732 2443 Optimam
1767 2373 1927 2428 vitam

334 2464 588 2528 attinent,
619 2475 673 2519 ut
705 2464 1044 2521 eradicentur
1069 2464 1195 2521 mali
1222 2465 1309 2521 isti
1337 2465 1581 2530 allectus,
1609 2465 1743 2520 iram
1769 2463 1927 2530 dico;

335 2555 589 2612 invidiam
627 2559 933 2614 et~livorein
969 2577 982 2613 :
1011 2558 1206 2629 quibus
1229 2558 1490 2624 sublatis,
1525 2558 1731 2614 facilius
1757 2567 1814 2613 et
1851 2557 1933 2612 in-

335 2645 488 2701 sauia
533 2645 619 2702 illa
653 2648 706 2702 in
745 2649 1060 2719 colligendis
1103 2649 1340 2720 pecuniis
1369 2649 1799 2705 emendationem
1833 2647 1932 2704 ad-

337 2735 571 2792 mitteret
619 2738 742 2810 :(u)
773 2748 827 2793 ct
867 2750 1113 2794 cessante
1163 2739 1367 2795 insania
1413 2739 1689 2806 avaritire,
1743 2739 1931 2809 majori

340 2834 627 2889 securitate
679 2835 876 2890 illicitze
919 2833 1182 2906 fmda'que
1220 2837 1574 2908 cogitationes
1610 2837 1934 2907 comprime-

341 2932 571 2978 rcnlur:
625 2925 794 2980 Radix
838 2928 971 2980 enim
1021 2927 1252 2982 omnium
1308 2928 1560 2983 malorum
1598 2937 1671 2983 est
1719 2927 1934 2982 avaritia

339 3016 420 3082 (Ι.
448 3016 576 3069 Tim.
608 3017 662 3072 6.
701 3017 808 3088 10).
845 3017 996 3086 Quod
1039 3019 1082 3074 si
1128 3019 1366 3074 radicem
1415 3020 1840 3086 resecuerimns,
1882 3026 1936 3074 et

343 3108 576 3162 funditus
604 3110 1106 3178 exstirpavcritnus,
1141 3110 1349 3168 facilius
1381 3125 1562 3166 ramos
1598 3111 1778 3167 licebit
1817 3126 1932 3165 mn-

342 3209 548 3268 pntare.
581 3203 688 3254 Arx
732 3201 874 3255 enim
923 3201 1217 3265 malorum,
1247 3211 1300 3256 et
1326 3201 1592 3272 colaphon
1614 3243 1630 3268 ,
1664 3212 1722 3256 ut
1757 3201 1828 3256 ita
1855 3195 1936 3255 di-

343 3307 482 3354 cam,
513 3301 852 3360 peccatorum
871 3333 890 3362 ,
933 3302 1012 3349 cst
1041 3293 1218 3350 rabies
1243 3295 1332 3349 illa
1360 3295 1782 3366 colligendarutn
1804 3294 1938 3350 divi-

346 3383 562 3449 tim'um,
591 3399 750 3452 quam
776 3385 819 3439 si
842 3385 1061 3439 domare
1085 3367 1437 3452 voluerimus,
1463 3386 1592 3440 nihil
1621 3395 1784 3451 vetat,
1807 3388 1936 3458 quin

344 3476 501 3530 simul
527 3486 581 3532 et
607 3477 705 3532 hac
734 3478 935 3533 insania
965 3479 1269 3545 liberemur,
1299 3487 1492 3534 etcum
1516 3478 1616 3535 hac
1645 3479 1940 3536 evellanms

345 3569 762 3626 cteradicemus
807 3586 995 3627 onmes
1041 3571 1370 3641 perniciosos
1410 3571 1654 3628 affectus.
1705 3571 1822 3628 Jam
1873 3587 1939 3629 ne

345 3662 662 3717 existimetis
695 3680 940 3734 magnum
971 3664 1169 3734 aliquid
1200 3675 1252 3720 et
1283 3679 1444 3736 grave
1474 3680 1596 3720 esse
1614 3679 1774 3734 opum
1806 3679 1938 3719 con-

349 3762 632 3822 templum.
675 3754 809 3822 Quia
841 3772 961 3809 eum
993 3772 1201 3810 meeum
1247 3765 1458 3826 reputo,
1489 3766 1595 3809 tam
1644 3756 1842 3810 multos
1869 3755 1941 3810 ob

349 3844 559 3898 inanem
592 3855 647 3898 et
675 3845 913 3900 inutilem
952 3847 1175 3917 gloriam
1221 3846 1383 3901 multa
1424 3847 1535 3901 auri
1584 3846 1781 3900 talenta
1809 3845 1945 3900 effu-

349 3935 495 3990 disse
521 3937 572 3990 in
601 3937 802 3991 nullam
835 3938 1141 4002 utilitatem,
1166 3937 1258 3994 Sed
1288 3947 1343 3990 ιιι
1370 3952 1398 3990 a
1420 3936 1858 3993 circumforaneis
1886 3947 1940 3992 et

351 4026 648 4080 triviahbns
687 4027 1022 4083 lminnnculis
1059 4041 1392 4097 aucupemur
1439 4028 1669 4081 nominis
1711 4028 1907 4083 celebri

351 4125 538 4182 tali-nt,
569 4133 687 4188 qua:
713 4119 776 4172 ad
810 4134 1088 4185 vestierunt
1112 4118 1335 4184 desinit,
1380 4129 1434 4173 et
1463 4135 1607 4189 διειῃο
1637 4136 1743 4174 non
1773 4136 1941 4189 usque
1987 4158 1990 4162 ~

350 4207 416 4261 ad
454 4225 730 4278 vesperam
755 4209 932 4275 durat,
962 4211 1054 4266 sed
1087 4220 1140 4264 et
1173 4209 1480 4280 priusquam
1527 4211 1642 4264 dies
1670 4211 1941 4280 complea-

352 4309 459 4362 tur,
486 4299 777 4354 imnuucris
795 4300 947 4354 malis
961 4301 1326 4356 circumdatur
1346 4319 1359 4366 ;
1381 4300 1453 4373 (ὁ)
1479 4301 1587 4374 [alii
1611 4312 1787 4355 autem
1814 4318 1965 4372 gen-_

352 4391 519 4445 tilium
547 4408 732 4449 errore
776 4395 1164 4464 pratoccupati,
1196 4395 1355 4449 etiam
1399 4396 1496 4464 ipsi
1539 4395 1602 4448 ad
1655 4394 1941 4451 hum-mam

356 4482 705 4552 respicientes
733 4485 958 4554 gloriam
981 4527 996 4551 ,
1024 4501 1182 4554 quam
1213 4486 1428 4540 maximi
1459 4486 1652 4539 iaciunt
1673 4529 1687 4550 ,
1720 4487 1942 4555 objectis

350 4573 510 4627 simul
541 4576 811 4641 omnibus,
852 4587 908 4631 et
939 4577 1102 4646 pallio
1146 4587 1348 4632 ttmtum
1399 4588 1556 4646 atque
1597 4579 1785 4632 baculo
1823 4593 1940 4633 ser-

353 4667 507 4732 vatis,
540 4681 757 4721 omnem
785 4669 947 4723 vitam
973 4670 1050 4724 sic
1075 4670 1330 4739 exigunt,
1361 4682 1575 4722 omnem
1605 4669 1844 4722 laborem
1875 4670 1941 4722 il-

355 4756 460 4808 lum
492 4766 544 4810 et
573 4758 844 4813 miseriam
872 4761 942 4813 ob
971 4761 1092 4814 vani
1119 4759 1352 4814 nominis
1391 4760 1757 4814 celebritatem
1787 4775 1942 4812 assu-

351 4844 580 4917 mentes]
607 4865 619 4899 :
648 4863 768 4902 cum
793 4849 951 4917 igitur
973 4851 1084 4904 huic
1110 4865 1317 4905 mecum
1337 4861 1550 4921 reputo,
1581 4852 1940 4921 nescioquam

353 4937 454 4991 hab
480 4939 580 4991 turi
631 4940 799 4992 simus
844 4940 925 4994 vel
969 4943 1396 5007 excusationem,
1443 4942 1524 4996 vel
1572 4943 1802 5002 veniam,
1853 4943 1940 5014 qui

354 5043 525 5096 neque
551 5031 620 5083 ob
663 5031 970 5086 mandatum
1003 5049 1033 5087 a
1065 5034 1290 5088 Domino
1328 5033 1578 5088 traditum
1601 5075 1615 5099 ,
1667 5049 1840 5104 nequc
1874 5036 1946 5088 0h

351 5120 573 5186 gloriam
615 5122 754 5174 il!am
804 5125 1159 5180 immortalem
1189 5137 1240 5180 et
1272 5127 1700 5192 interminatam,
1730 5127 1812 5181 vel
1847 5128 1942 5188 mi-

353 5211 548 5263 nimam
582 5227 758 5265 rerum
793 5225 1092 5267 nostrarum
1129 5219 1426 5284 portionem
1458 5218 1759 5286 relinquere
1787 5219 1944 5272 sust?-

354 5319 560 5367 netnus,
591 5304 658 5373 (r)
688 5306 812 5373 quin
846 5306 1243 5386 et.deleri0res
1280 5309 1382 5362 illis
1427 5309 1722 5375 reddimur,
1771 5326 1946 5379 neque

353 5405 610 5461 quantum
656 5397 724 5449 sit
759 5397 1042 5452 discrimen
1089 5402 1400 5469 cogitamus.
1448 5402 1576 5456 Nam
1617 5403 1688 5456 illi
1734 5404 1803 5459 ob
1852 5405 1946 5455 bo-

415 5486 616 5549 (u)t3nze
636 5497 926 5545 sequuntur,
951 5491 1011 5537 ab
1033 5491 1106 5538 his
1130 5492 1309 5548 verbis,
1329 5498 1375 5540 ct
1400 5496 1612 5542 cessante
1627 5491 1813 5542 insania
1838 5505 1948 5540 ara-
1969 5545 1976 5548 _

358 5551 487 5592 t‘tlto'
510 5551 610 5615 tui
629 5554 709 5601 τῆς
731 5551 834 5608 περὶ
858 5553 915 5594 τὰ
938 5553 1156 5610 χρήματα
1179 5554 1560 5615 p.1viaz;),ttsqne
1581 5557 1638 5602 ad
1663 5556 1743 5603 illa
1767 5559 1932 5614 verba,

360 5617 464 5681 post
491 5610 662 5681 den-tn
695 5618 896 5681 CJl’Cllt’f
924 5624 1110 5681 versus,
1131 5610 1356 5681 ntagnttot
1378 5610 1565 5681 aliquid
1587 5622 1632 5664 et
1665 5629 1812 5681 grnt'e
1833 5610 1936 5681 ςδβέ

356 5680 497 5771 uino”
523 5675 840 5774 ([‘onle‘mplum
872 5675 1111 5732 (φορτικὸν
1135 5675 1249 5722 εἰναι
1274 5677 1326 5721 τὸ
1356 5675 1611 5736 χρημάτων
1638 5675 1931 5742 ὑᾶτεριδεῖν),

362 5744 520 5772 (νδιιι)
576 5743 619 5774 llt
676 5746 851 5774 manu.

362 5738 542 5774 tto'slttil
576 5743 619 5774 llt
649 5738 851 5779 (υπςςιιι.

423 5788 494 5859 ςὺ)
520 5800 629 5842 ture
655 5796 838 5840 uarius
863 5796 1165 5859 f'i‘ttt'illlliul‘,
1189 5801 1367 5849 desunt
1391 5803 1434 5849 in
1457 5803 1743 5853 tfoisli'dauo
1761 5804 1948 5855 Codice.

379 5915 386 5920 _
423 5850 492 5925 (ρ’.)
526 5863 636 5922 anne
660 5864 930 5925 seipnmtnr
957 5875 1013 5909 ns
1034 5876 1108 5922 me
1130 5850 1205 5915 aii,
1234 5850 1953 5925 rﬂ'umlmmisiei'goﬂlesunl-iri

356 5914 532 5961 Γιπκεειι
565 5914 1231 5984 ,l12ﬁll—[11htillﬂltl'tthlidiil
1260 5914 1429 5986 {agna
1451 5914 1655 5977 dJieizit.

1391 425 1457 483 IN
1493 423 1647 484 CAP.
1691 425 1777 482 IV.
1818 423 2063 483 GENES.
2105 424 2335 483 llOSﬂL.
2380 425 2500 484 XX.

3513 422 3616 482 ιη

2015 537 2242 602 minum,
2267 537 2629 610 qul'ejusdem
2658 544 2864 594 natura!
2889 543 3013 593 sunt
3031 578 3048 602 ,
3076 535 3316 592 inutilem
3345 535 3572 608 gloriam
3591 575 3610 601 ,

2013 614 2251 702 eousque
2273 639 2638 702 pervenerunt
2685 638 2742 686 ut
2788 639 2896 686 tam
2941 637 3106 686 multa
3151 628 3436 700 projiciam
3465 647 3479 683 :
3511 644 3611 684 nos

2014 731 2194 777 autem
2222 731 2445 792 propter
2475 721 2757 777 Dominum
2789 730 3033 776 nostrum
3052 763 3067 786 ,
3097 720 3189 789 qui
3217 719 3522 791 suppeditat
3549 735 3611 776 ea

2015 827 2133 880 qua:
2160 811 2520 884 possidemus,
2540 822 2593 868 et
2612 811 2901 868 incﬂ'abilia
2926 812 3014 866 illa
3033 810 3172 867 dona
3201 812 3502 881 pollicetur,
3521 826 3612 866 sae.

2019 917 2083 970 pe
2103 918 2274 973 neque
2297 917 2518 974 parvum
2541 902 2792 973 quiddam
2825 902 3072 973 inopibus
3092 916 3318 974 erogare
3343 901 3611 955 volumus.

2021 994 2087 1048 Et
2128 995 2378 1064 qualibus
2421 995 2590 1049 oculis
2636 994 2935 1050 videbimus
2977 993 3243 1057 Jutlieem,
3287 992 3617 1063 negligentes

2021 1087 2333 1141 Inaudatum
2362 1086 2503 1142 illius
2528 1098 2634 1141 tam
2663 1085 2855 1142 facile?
2885 1084 3020 1140 Num
3048 1085 3325 1150 adhortor,
3358 1092 3415 1139 ut
3435 1082 3615 1136 omnia

2021 1185 2200 1232 vestra
2227 1177 2525 1248 abjiciatis?
2557 1178 2762 1234 Fruere
2805 1177 2952 1232 omni
2986 1177 3372 1248 pr05peritate,
3409 1183 3463 1230 et
3493 1189 3619 1230 cum

2023 1271 2152 1325 satis
2179 1269 2370 1327 feceris
2399 1282 2492 1326 tuo
2522 1272 2678 1336 usui,
2709 1287 2828 1342 qum
2857 1285 3185 1342 supervacua
3233 1269 3324 1323 tibi
3355 1277 3410 1324 et
3445 1270 3620 1322 otiosa

2017 1362 2220 1433 jacent,
2265 1364 2317 1418 in
2345 1365 2705 1420 necessarium
2735 1379 2888 1418 usum
2929 1370 3183 1417 converte
3204 1402 3220 1428 ,
3263 1360 3490 1430 aliisque
3513 1358 3627 1414 dis-

2028 1454 2201 1510 tribue
2240 1456 2380 1511 fame
2429 1456 2833 1522 laborantibus,
2867 1465 2921 1510 et
2959 1455 3081 1526 gelu
3121 1452 3531 1524 rigescentibus,
3571 1461 3627 1507 et

2029 1561 2124 1614 per
2149 1545 2364 1600 illorum
2406 1561 2597 1602 manus
2643 1549 2694 1601 in
2739 1556 2881 1600 luam
2923 1547 3149 1616 patriam
3196 1545 3536 1610 transmitte,
3572 1544 3624 1598 in

2027 1651 2188 1705 quam
2219 1636 2530 1705 propediem
2561 1637 2651 1692 tibi
2681 1637 3045 1706 pergendum,
3081 1643 3138 1689 ut
3168 1635 3236 1689 ibi
3261 1635 3513 1704 accipias.
3551 1633 3627 1688 Illi

2029 1730 2172 1783 enim
2214 1730 2502 1799 plurimum
2536 1729 2629 1786 tibi
2679 1729 2937 1799 prodesse
2977 1736 3227 1798 poterunt
3274 1727 3341 1782 ad
3387 1735 3631 1781 transve-

2032 1822 2236 1878 hendas
2265 1823 2391 1878 illuc
2417 1837 2545 1893 epes
2577 1840 2590 1877 :
2621 1833 2678 1877 ut
2703 1821 2919 1893 quando
2940 1822 3066 1881 illuc
3088 1821 3305 1885 abieris,
3336 1819 3514 1873 omnia
3542 1818 3628 1872 in-

2030 1913 2218 1967 venias
2244 1914 2385 1988 bene
2431 1913 2714 1984 disposita,
2747 1913 3044 1984 majorique
3089 1912 3195 1966 illic
3239 1909 3436 1964 fruaris
3462 1907 3632 1964 abun-

2030 2003 2232 2071 dantia,
2257 2005 2444 2061 videns
2463 2021 2526 2062 ea
2549 2020 2579 2058 a
2606 2005 3096 2069 transvehentibus,
3122 2003 3231 2058 imo
3248 2017 3277 2056 a
3302 2001 3632 2071 benignitate

2034 2097 2150 2164 Dei,
2178 2099 2255 2152 ita
2277 2098 2652 2168 multiplicata.
2685 2097 2822 2152 Num
2856 2097 3094 2154 laborem
3126 2093 3289 2150 habet
3316 2093 3367 2149 id
3398 2093 3632 2164 negotii?

2035 2205 2161 2244 num
2204 2203 2424 2256 curam,
2475 2205 2602 2246 num
2651 2187 3110 2244 sollicitudinem?
3153 2185 3234 2242 Ad
3289 2185 3405 2240 haec
3457 2194 3637 2240 trans-

2035 2283 2277 2338 vehenda
2327 2283 2478 2339 nullo
2525 2282 2618 2338 tibi
2661 2298 2795 2353 opus
2821 2292 2904 2338 est
2925 2282 3190 2351 jumento,
3238 2293 3344 2336 non
3387 2277 3632 2340 custode,

2035 2389 2209 2446 neque
2236 2374 2346 2430 ullo
2368 2373 2496 2429 alio.
2525 2373 2710 2428 Nullus
2735 2374 2879 2428 enim
2909 2373 3045 2428 latro
3074 2373 3153 2427 vel
3187 2371 3271 2426 fur
3301 2370 3400 2426 hac
3431 2370 3513 2424 via
3548 2370 3633 2422 in-

2034 2467 2195 2535 cedit,
2220 2478 2278 2523 ut
2309 2481 2503 2523 nocere
2523 2475 2686 2538 queat
2704 2467 2768 2522 iis
2792 2482 2913 2538 qua:
2931 2482 2960 2520 a
2987 2478 3036 2521 te
3061 2465 3186 2520 illuc
3203 2465 3518 2519 mittuntur:
3539 2464 3633 2517 sed

2036 2573 2098 2614 ea
2129 2573 2249 2630 qua:
2288 2559 2597 2630 reposueris
2641 2558 2694 2612 in
2734 2572 3028 2628 egenorum
3071 2571 3294 2620 manus,
3333 2554 3419 2610 illa
3450 2555 3503 2609 in
3550 2567 3638 2608 se-

2036 2667 2225 2707 curum
2256 2652 2684 2725 promptuarium
2704 2691 2720 2717 ,
2753 2665 2946 2720 nempe
2974 2663 3190 2704 manum
3231 2647 3324 2704 Dei
3351 2645 3592 2702 elfundes
3621 2663 3635 2700 :

2038 2760 2156 2814 quze
2188 2744 2440 2799 inviolata
2471 2753 2526 2799 et
2553 2742 2820 2798 custodita
2853 2741 3144 2812 pratbebit,
3172 2750 3229 2796 et
3258 2755 3380 2795 cum
3413 2737 3640 2795 redieris

2040 2838 2092 2890 in
2118 2836 2366 2906 patriam,
2391 2835 2496 2890 illis
2522 2834 2747 2890 redditis
2769 2835 2929 2888 etiam
2955 2831 3265 2903 prmdieabit
3291 2830 3476 2887 laudes
3498 2841 3633 2895 tuas,

2038 2937 2094 2982 et
2124 2912 2427 2993 coronabit,
2456 2936 2592 2982 acte
2623 2926 2678 2981 in
2705 2923 2982 2980 latitudine
3007 2924 3362 2988 constituens,
3386 2936 3635 2978 seeiirum

2039 3029 2096 3076 et
2120 3019 2329 3076 felicem
2357 3017 2565 3074 reddet.
2605 3015 2956 3073 Et'fundamus
2979 3031 3130 3086 ergo,
3151 3029 3369 3086 precor,
3391 3013 3636 3084 deposita

2041 3113 2092 3167 in
2136 3127 2430 3184 pauperum
2485 3120 2738 3178 ventres,
2779 3118 2831 3167 et
2859 3109 3197 3168 seminemus
3247 3108 3376 3164 dum
3430 3116 3641 3178 tempus

2039 3213 2143 3271 est,
2177 3215 2232 3260 ut
2260 3215 2564 3277 opportuno
2597 3215 2840 3274 tempore
2863 3211 3151 3271 metamus,
3179 3201 3255 3274 (α)
3281 3211 3336 3258 et
3365 3217 3433 3256 ne
3464 3211 3640 3257 trans-

2041 3298 2204 3351 missa
2249 3297 2512 3368 temporis
2557 3297 2992 3368 opportunitate,
3038 3296 3265 3366 posthac
3305 3296 3501 3350 frustra
3543 3309 3644 3350 nos

2044 3389 2322 3460 paeniteat.
2356 3390 2587 3446 llaccine
2617 3388 2685 3446 de
2709 3403 2871 3445 causa
2899 3388 3165 3460 benignus
3195 3388 3334 3444 Deus
3368 3387 3516 3457 plura
3549 3387 3641 3442 tibi

2043 3483 2266 3552 largitus
2290 3491 2395 3547 est,
2425 3492 2482 3537 ut
2529 3483 2582 3537 in
2625 3492 2773 3536 tuum
2805 3481 2976 3536 solius
3018 3495 3173 3538 usum
3215 3478 3494 3549 impendas
3525 3493 3643 3542 quze

2042 3573 2210 3637 drdit,
2236 3583 2285 3628 et
2313 3573 2516 3643 reliqua
2548 3573 2600 3626 in
2625 3573 2822 3628 arculis
2849 3581 2900 3628 et
2931 3570 3317 3643 promptuariis
3345 3569 3644 3624 recondas?

2045 3665 2172 3728 Non
2187 3679 2250 3721 ea
2288 3665 2357 3721 de
2385 3679 2568 3731 causa,
2600 3664 2695 3720 sed
2725 3673 2816 3731 ut,
2849 3663 3143 3720 secundum
3171 3663 3520 3734 apostolicam
3549 3662 3644 3716 ad-

2046 3756 2772 3826 munitionem,abundantia
2818 3765 2909 3810 tua
2953 3755 3182 3810 aliorum
3232 3753 3469 3823 inepiam
3519 3767 3646 3823 sup-

2047 3851 2186 3918 pieat
2211 3848 2287 3919 (δὲ.
2319 3847 2436 3904 Cor.
2467 3847 2518 3902 8.
2547 3849 2660 3917 li).
2684 3846 2750 3902 Et
2769 3856 2821 3900 tu
2845 3846 3060 3916 quidem
3092 3843 3313 3900 forsitan
3336 3841 3498 3898 etiam
3525 3843 3646 3941 plus

2044 3955 2202 4010 quam
2227 3957 2363 4013 opus
2375 3950 2465 3996 est
2483 3939 2568 3994 his
2589 3939 2786 3995 frueris
2817 3939 2868 3993 in
2890 3937 3118 4003 deliciis,
3142 3945 3260 3992 Vest
3281 3937 3403 4004 bus,
3429 3936 3648 4006 alio'que

2047 4033 2171 4086 luxu
2194 4074 2208 4099 ,
2237 4033 2406 4086 servis
2442 4045 2658 4102 quoque
2685 4039 2740 4085 et
2786 4029 2958 4084 brutis
2995 4039 3276 4100 argentum
3304 4030 3530 4082 multum
3558 4027 3647 4083 di-

2047 4126 2269 4181 videns:
2312 4139 2514 4195 panper
2556 4133 2735 4179 autem
2782 4123 2912 4178 nihil
2959 4121 3153 4176 borum
3193 4137 3222 4175 a
3268 4131 3319 4179 te
3361 4122 3510 4192 petit,
3550 4120 3645 4176 sed

2048 4226 2254 4271 tantum
2279 4226 2336 4271 ut
2357 4215 2554 4272 famem
2577 4215 2820 4286 mitiges,
2850 4223 2910 4270 ut
2935 4212 3305 4285 quotidianum
3337 4213 3412 4269 illi
3439 4212 3642 4280 cibum,

2044 4325 2108 4364 ac
2127 4309 2486 4366 necessarium
2513 4323 2668 4363 usum
2694 4307 2912 4372 tribuas,
2945 4316 3004 4361 ut
3031 4306 3196 4372 vivat,
3218 4314 3272 4361 et
3294 4320 3398 4360 non
3425 4316 3646 4374 pereat:

2049 4414 2103 4458 et
2130 4419 2304 4473 neque
2335 4404 2436 4457 hoc
2477 4401 2654 4458 facere
2683 4401 2920 4471 dignaris
2942 4442 2958 4465 ,
2989 4415 3165 4469 neque
3193 4398 3419 4468 cogitas,
3452 4407 3503 4452 te
3533 4398 3646 4467 ple-

2050 4513 2272 4566 rtunquc
2293 4496 2472 4550 subito
2493 4495 2796 4563 abreptum,
2826 4492 3002 4546 omnia
3029 4507 3147 4561 qua:
3171 4491 3391 4545 collecta
3415 4500 3538 4542 sunt
3558 4489 3646 4543 hic

2048 4589 2388 4657 relinquere,
2419 4595 2475 4642 et
2506 4587 2772 4642 interdum
2802 4585 2854 4639 in
2890 4585 3073 4639 hestes
3098 4594 3152 4638 et
3197 4584 3440 4639 inimicas
3469 4592 3645 4637 trans-

2049 4681 2211 4743 rt'rl'i;
2247 4691 2297 4733 te
2327 4688 2504 4733 autem
2539 4677 2772 4746 peccatis
2798 4674 3048 4731 omnibus
3067 4716 3080 4736 .
3112 4690 3207 4747 per
3235 4689 3354 4743 qua:
3386 4673 3499 4728 lucc
3528 4674 3612 4727 eol
3631 4703 3646 4712 -

2053 4771 2246 4840 legisti.
2291 4781 2467 4824 tecum
2515 4769 2746 4837 receptis
2793 4767 2917 4822 hinc
2955 4766 3206 4835 migrare.
3245 4762 3313 4818 Et
3353 4763 3479 4834 quid
3521 4773 3650 4817 tunc

2050 4865 2198 4916 dices
2227 4864 2276 4916 in
2309 4862 2396 4916 die
2427 4861 2516 4916 illo
2549 4858 2810 4914 terribili?
2837 4858 3106 4930 quomodo
3137 4866 3186 4910 te
3211 4855 3492 4911 excusabis
3512 4894 3528 4917 ,
3558 4856 3648 4924 qui

2052 4957 2122 5009 ita
2152 4956 2484 5024 negligenter
2507 4953 2694 5008 Salutis
2722 4951 2994 5022 negotium
3018 4947 3330 5004 instituisti?
3357 4947 3645 5018 PrOpterea
3670 4953 3674 4957 ’

2051 5048 2180 5102 mihi
2208 5048 2550 5115 ohletttpera,
2584 5054 2638 5099 et
2665 5061 2785 5098 cum
2815 5043 2992 5097 adhuc
3036 5051 3247 5110 tempus
3282 5040 3447 5095 habes
3468 5081 3481 5104 ,
3514 5051 3646 5107 epes

2051 5152 2411 5207 supervacuas
2441 5138 2723 5198 distribuc,
2758 5146 2815 5188 ut
2844 5135 2990 5204 prius
3019 5134 3127 5188 illic
3153 5133 3208 5187 in
3240 5142 3382 5187 tuam
3412 5132 3644 5200 reposita

2053 5233 2248 5285 habeas
2289 5231 2540 5297 salutem,
2591 5239 2644 5282 et
2689 5244 2785 5298 pro
2828 5229 2934 5282 iilis
2975 5239 3233 5298 perpetua
3277 5227 3414 5282 bona
3455 5239 3648 5279 conse-

2050 5327 2232 5393 quaris
2265 5344 2276 5378 :
2312 5340 2431 5395 qua:
2464 5340 2559 5378 nos
2590 5339 2776 5377 omnes
2799 5324 3048 5379 obtinere
3078 5321 3370 5390 contingat,
3399 5318 3568 5391 gratia
3595 5327 3649 5370 et

2054 5419 2382 5484 benignitate
2407 5418 2615 5472 Domini
2646 5418 2812 5471 nostri
2836 5415 2961 5471 Jesu
2987 5414 3210 5481 Cluisti,
3235 5429 3355 5480 cum
3378 5427 3484 5481 quo
3509 5411 3651 5466 l’alri

2053 5511 2214 5564 simul
2246 5521 2300 5564 et
2329 5510 2549 5579 Spiritui
2578 5519 2767 5563 sancto
2794 5509 2863 5562 sit
2893 5507 3088 5576 gloria,
3119 5505 3424 5575 imperium,
3458 5502 3652 5568 ltonor,

2054 5620 2195 5658 nunc
2225 5614 2280 5659 et
2301 5619 2537 5673 semper,
2568 5612 2620 5657 et
2644 5603 2694 5655 in
2722 5601 2917 5656 secula
2940 5599 3277 5655 saeculorum.
3314 5597 3510 5652 Amen.

2104 5798 2177 5855 (ιι)
2195 5803 2306 5848 ()urr
2332 5805 2602 5854 sequuntur
2630 5806 2788 5855 usque
2811 5765 3202 5855 ail,neg/lig/mtt€t‘_
3219 5788 3386 5855 sciatis
3405 5787 3643 5855 "(militari

2044 5851 2306 5912 instituisti,
2332 5851 2441 5918 qua!
2465 5858 2656 5904 circiter
2683 5851 2888 5902 mediam
2917 5851 3140 5915 paginam
3164 5851 3436 5910 absolvunt,
3466 5853 3642 5900 desunt

2046 5926 2093 5973 in
2110 5920 2396 5971 Cuisliniano
2418 5918 2604 5967 (ῑυιιιυυ.
