4152 6480
580 406 680 465 178

1129 507 1400 564 llOSIZLlA
1463 503 1600 559 XXI.

585 648 684 702 (ste
713 657 786 701 est
826 645 947 700 liber
976 643 1306 715 generationis
1333 639 1607 699 hominum,
1636 637 1717 689 die
1740 651 1838 704 quo
1875 633 1990 702 fecit
2020 629 2155 683 Deus

647 737 833 801 Adam,
857 735 1126 790 secundum
1149 732 1413 800 imaginem
1431 729 1523 782 Dei
1547 728 1665 799 fecit
1693 726 1856 787 illum,
1880 723 2155 778 masculum

649 839 696 882 et
726 829 962 898 feminam
991 827 1107 895 fecit
1131 825 1263 887 illos,
1293 834 1340 876 et
1362 824 1548 875 vocavit
1571 835 1750 874 nomen
1771 833 1941 874 eorum
1967 814 2150 879 Adam,

645 936 746 990 qua
770 919 853 973 die
868 918 979 988 fecit
995 933 1075 972 eos
1096 914 1246 988 (Gen.
1269 914 1324 969 5.
1353 914 1397 967 l.
1421 912 1455 965 2
1479 913 1518 980 ).

649 1054 700 1108 1.
735 1053 947 1121 Magnus
975 1057 1030 1106 et
1054 1047 1331 1104 ineffabilis
1360 1047 1658 1110 thesaurus,
1705 1041 1918 1108 dilecti,
1949 1041 2000 1094 in
2028 1053 2151 1092 ver-

578 1143 656 1200 bis
679 1145 840 1199 modo
880 1143 1030 1198 lectis
1057 1139 1361 1196 reconditus
1387 1147 1484 1191 est.
1518 1137 1581 1190 Et
1623 1135 1734 1190 scio
1760 1131 1993 1204 quidem,
2023 1127 2155 1182 mul-

575 1253 658 1296 tos
685 1241 957 1295 nominum
987 1238 1281 1307 eatalogum
1323 1234 1667 1304 respicientes
1707 1241 1760 1287 et
1797 1229 2039 1286 lectionis
2068 1244 2154 1281 su-

576 1329 809 1399 perﬂeiei
861 1330 1142 1395 lia-rentes,
1191 1337 1374 1397 putare
1426 1326 1555 1379 nihil
1607 1323 1832 1392 amplius
1884 1322 1934 1374 in
1973 1320 2151 1385 dictis,

572 1435 730 1490 quam
756 1433 898 1474 mera
939 1420 1153 1472 nomina
1173 1433 1292 1473 esse
1321 1435 1334 1471 :
1383 1431 1482 1486 ego
1513 1424 1689 1468 autem
1725 1428 1818 1466 vos
1848 1426 2035 1466 omnes
2062 1411 2153 1464 ob-

573 1524 745 1574 secro,
769 1524 837 1566 ne
866 1508 1178 1578 simpliciter
1205 1522 1266 1562 ea
1295 1523 1413 1574 qua:
1444 1506 1493 1559 in
1523 1502 1809 1572 Scripturis
1830 1501 1996 1554 sacris
2021 1516 2153 1553 con-

576 1609 716 1652 tenta
771 1609 890 1652 sunt
923 1599 1220 1652 transcatis.
1265 1597 1400 1650 Nihil
1433 1595 1572 1648 cnim
1615 1593 1702 1647 hie
1755 1593 2009 1659 scriptum
2049 1600 2149 1657 εει,

571 1691 712 1760 quod
737 1706 841 1746 an
863 1691 1053 1745 multas
1074 1704 1325 1744 sensuum
1350 1685 1764 1741 habeatdivitias
1785 1701 1798 1737 :
1821 1682 2154 1754 quandoqui-

574 1781 693 1835 dem
724 1780 906 1834 divino
930 1778 1124 1848 Spiritu
1150 1778 1312 1832 afﬂati
1345 1777 1615 1848 propheta:
1636 1775 1836 1844 loquuti
1863 1783 2004 1836 sunt,
2035 1773 2155 1828 ideo

577 1881 758 1940 uthte
787 1887 816 1924 a
860 1871 1058 1941 Spiritu
1111 1871 1320 1938 scripta:
1366 1871 1630 1939 ingentem
1680 1868 1731 1922 in
1778 1883 1836 1922 se
1883 1868 2155 1922 continent

573 1964 897 2020 thesaurum.
932 1964 997 2018 Et
1025 1980 1093 2018 ne
1118 1964 1328 2018 mireris
1355 1961 1494 2032 quod
1518 1962 1569 2014 in
1601 1961 1700 2017 hac
1721 1960 1993 2015 nominum
2019 1973 2153 2012 enu-

575 2057 868 2111 moratione
915 2055 1108 2110 multas
1138 2056 1468 2123 latentesque
1521 2053 1734 2108 divitias
1769 2052 2152 2108 sententiarum

577 2146 728 2200 vobis
757 2162 842 2201 me
871 2157 1209 2202 ostensurum
1238 2147 1505 2214 pollicear.
1538 2143 1718 2211 Neque
1759 2143 1902 2197 enim
1932 2142 2011 2196 vel
2042 2142 2152 2212 syl-

575 2237 722 2302 laba,
755 2239 834 2292 vel
861 2239 1097 2307 apiculus
1126 2247 1208 2293 est
1240 2239 1288 2291 iu
1322 2243 1486 2292 sacris
1513 2234 1730 2302 Litoris,
1765 2234 1818 2289 in
1847 2234 2001 2305 cujus
2023 2250 2149 2304 pro-

574 2325 737 2382 fando
766 2342 870 2382 non
901 2328 972 2382 sit
1020 2327 1231 2397 grandis
1257 2325 1515 2399 qniSpiam
1573 2325 1852 2380 thesaurus
1889 2341 1902 2378 :
1932 2323 2154 2393 proinde

574 2433 670 2486 par
693 2427 776 2472 est
811 2433 908 2474 nos
947 2417 1122 2473 divina
1167 2418 1334 2486 gratia
1361 2417 1569 2481 ductos,
1619 2425 1675 2471 et
1718 2414 1916 2483 Spiritu
1971 2426 2155 2469 saneto

577 2509 866 2565 illustratos
888 2509 1094 2580 eloquia
1122 2509 1296 2563 divina
1321 2508 1486 2562 adire.
1512 2507 1693 2577 Neque
1723 2522 1856 2576 Opus
1882 2505 2040 2560 habet
2069 2506 2152 2559 di-

575 2603 698 2657 vina
729 2603 999 2671 Scriptura
1050 2602 1321 2658 hominum
1369 2601 1650 2670 sapientia,
1697 2609 1756 2653 ut
1812 2598 2150 2668 intelligatur,

580 2694 675 2748 sed
703 2695 1027 2749 revelatione
1073 2693 1320 2764 Spiritus,
1351 2703 1408 2748 ut
1451 2692 1638 2746 hausto
1667 2692 1791 2747 inde
1814 2707 1941 2746 vero
1971 2707 2151 2752 sensu,

571 2799 823 2854 magnum
854 2785 1008 2840 nobis
1046 2783 1172 2839 hinc
1201 2784 1406 2838 lucrum
1454 2793 1743 2838 accrescat.
1765 2782 1842 2853 (a)
1879 2781 2009 2836 Nam
2031 2782 2073 2835 si
2105 2782 2154 2834 in

579 2874 922 2929 sa-cularibus
951 2875 1176 2945 negotiis
1199 2875 1393 2943 scripta
1428 2914 1442 2938 ,
1475 2888 1592 2943 qua:
1612 2873 1680 2928 ab
1707 2872 2007 2927 hominibus
2028 2887 2157 2927 eun-

575 2966 843 3032 lleiuntur,
896 2981 1038 3036 stupe
1085 2977 1325 3038 tempore
1375 2977 1643 3037 corrupta,
1672 2981 1700 3019 a
1731 2974 1967 3035 tempore
2007 2965 2155 3019 initio

580 3058 916 3113 instrumenti
945 3067 1145 3124 notato,
1176 3067 1229 3112 et
1271 3057 1338 3113 ab
1365 3073 1465 3111 una
1512 3057 1732 3129 syllaba,
1783 3057 2005 3110 multum
2037 3070 2154 3108 mo-

580 3148 746 3203 menti
775 3149 967 3204 habent
991 3167 1006 3204 :
1035 3147 1200 3204 multo
1217 3149 1386 3218 magis
1405 3145 1508 3202 hoc
1553 3149 1604 3202 in
1631 3145 1919 3216 Scripturis
1966 3144 2158 3199 divinis

577 3257 608 3296 a
661 3241 860 3314 Spiritu
911 3249 1098 3297 sancto
1145 3239 1454 3311 compositis
1502 3237 1804 3306 invenitur,
1861 3236 2020 3292 modo
2073 3251 2158 3293 so-

577 3332 677 3387 brii
723 3332 912 3396 simus,
960 3339 1015 3386 et
1068 3345 1173 3385 non
1227 3340 1425 3386 temere
1471 3329 1966 3400 pranergrediamur
2016 3327 2157 3383 :sed

581 3423 781 3478 intenta
845 3430 1021 3478 mente
1065 3421 1343 3492 diligenter
1383 3421 1561 3476 omnia
1601 3419 2002 3476 consideremus
2031 3455 2051 3484 ,
2105 3426 2160 3472 et

584 3529 688 3569 non
749 3513 1160 3583 ncgligcntiores
1221 3513 1386 3568 simas
1441 3512 1558 3565 aliis
1611 3510 1701 3580 qui
1770 3518 1917 3562 tanto
1984 3507 2160 3562 studio

579 3607 638 3660 in
688 3606 975 3662 sensilibus
1032 3613 1269 3659 utuntur.
1329 3603 1618 3658 Enimvero
1679 3600 1766 3672 qui
1821 3598 2034 3654 metalla
2077 3597 2161 3652 ef-

588 3698 833 3763 fodiunt,
869 3714 972 3754 non
1014 3697 1066 3752 in
1115 3697 1332 3767 superfit
1349 3695 1397 3751 ie
1456 3703 1688 3758 manent,
1730 3693 1822 3749 sed
1870 3709 1994 3749 eum
2037 3707 2160 3762 pra-

584 3793 743 3846 fundc
773 3792 1058 3846 admodum
1083 3788 1476 3854 descenderint,
1500 3799 1550 3843 et
1575 3789 1694 3845 auri
1742 3797 1980 3841 ramenta
2025 3799 2161 3840 nan-

584 3883 710 3936 cisci
760 3880 1048 3950 potuerint,
1113 3895 1305 3948 magno
1353 3879 1533 3934 labore
1579 3889 1631 3932 et
1686 3877 1967 3933 sedulitate
2008 3890 2077 3930 ea
2131 3889 2162 3928 a

591 3985 726 4028 terra
779 3981 1076 4040 separant,
1137 3981 1358 4041 postque
1418 3973 1639 4024 nmltum
1681 3958 1827 4023 illum
1885 3968 2116 4022 laborem
2147 4007 2162 4030 ,

590 4065 805 4117 brevem
831 4063 1060 4132 aliquam
1105 4062 1341 4117 laborum
1387 4061 1663 4115 inveniunt
1703 4059 2164 4123 consolatiOucm;

590 4165 950 4210 verumtamen
980 4155 1101 4208 licet
1120 4154 1172 4207 hi
1199 4155 1384 4215 sciant,
1415 4167 1472 4206 se
1502 4153 1780 4206 utilitatem
1815 4162 2166 4219 percepturos

589 4247 856 4301 laboribus
879 4261 981 4300 non
1015 4243 1444 4312 reSjtondcutcnt.
1474 4257 1720 4310 sa‘pcqttc
1752 4243 1909 4294 etiam
1941 4248 2062 4308 post
2092 4247 2168 4292 tul

589 4339 790 4409 vigilias
817 4329 870 4392 et
897 4335 1123 4395 labores,
1156 4337 1548 4403 exspectatione
1575 4347 1669 4386 sua
1703 4332 1981 4385 frustratos
2027 4345 2166 4396 cs~c,

592 4446 763 4500 neque
783 4434 859 4483 sic
889 4428 1170 4491 desistunt,
1196 4427 1288 4480 sed
1315 4441 1410 4495 spe
1437 4425 1668 4488 aluntur,
1707 4433 1762 4479 et
1790 4438 1950 4478 sensu
1973 4422 2172 4476 laboris

591 4519 793 4577 carent.
823 4521 902 4588 Qu
940 4519 974 4574 d
1005 4521 1046 4573 si
1077 4519 1158 4572 illi
1197 4527 1397 4572 tantum
1427 4534 1533 4586 prre
1563 4532 1620 4570 se
1661 4515 1836 4571 ferunt
1863 4515 2093 4570 studium
2119 4517 2169 4570 in

593 4611 1046 4681 corruptibilibus,
1077 4610 1313 4671 incertis,
1343 4617 1395 4662 et
1417 4608 1653 4673 caducis,
1681 4609 1846 4662 multo
1893 4608 2058 4678 magis
2081 4607 2174 4661 de-

593 4711 680 4760 cet
708 4717 827 4769 nos,
871 4700 958 4755 ubi
991 4700 1184 4755 divitia:
1225 4699 1420 4754 auferri
1471 4709 1760 4770 nequeunt,
1809 4710 1860 4754 et
1890 4699 2174 4754 thesaurus

594 4797 798 4851 absumi
847 4809 951 4848 non
987 4802 1197 4862 potest,
1234 4801 1287 4847 et
1331 4807 1425 4862 spe
1456 4807 1560 4845 nmt
1606 4790 1902 4856 aberratur,
1951 4806 2044 4859 par
2093 4790 2173 4843 vel

598 4889 770 4957 majus
812 4885 1044 4942 studium
1073 4885 1344 4946 adhibere,
1377 4894 1430 4938 et
1474 4882 1597 4937 hinc
1618 4882 1796 4952 aliquo
1826 4882 1994 4937 fructu
2046 4896 2168 4952 per-

591 4988 776 5047 cepto,
807 4976 1104 5032 desiderata
1131 4975 1339 5045 assequi
1363 4977 1644 5044 pOssimtts,
1674 4975 1957 5044 agnitaque
1986 4973 2172 5026 inclia-

593 5072 684 5128 bili
719 5070 1041 5141 benignitate
1072 5069 1161 5124 Dei
1191 5110 1206 5133 ,
1237 5067 1432 5138 gratias
1472 5075 1687 5137 agentes
1718 5067 1939 5120 Domino
1969 5077 2173 5128 nostro,

598 5162 712 5229 ejus
740 5162 892 5215 nobis
911 5161 1144 5215 favorem
1168 5160 1532 5221 conciliemus,
1556 5167 1610 5214 et
1629 5157 1819 5213 diaboli
1849 5156 2048 5212 retibus
2070 5172 2175 5210 non

597 5254 966 5323 itlaqueemur.
1008 5254 1118 5324 Age
1160 5266 1286 5322 ergo
1314 5251 1532 5321 prolatis
1582 5252 1634 5306 in
1679 5249 1907 5305 medium
1955 5251 2017 5304 iis
2060 5266 2176 5318 qune

601 5359 742 5398 nunc
763 5344 894 5397 lecta
936 5355 1081 5406 sunt,
1111 5343 1389 5412 diligenter
1418 5341 1619 5410 singula
1651 5350 2045 5409 perscrutemnr
2075 5355 2089 5392 :
2122 5349 2176 5391 ut

601 5437 756 5488 solita
793 5435 1067 5489 rcfocillati
1096 5433 1356 5493 doctrina.
1389 5435 1464 5488 sic
1493 5434 1706 5486 domum
1733 5434 1924 5487 iterum
1958 5433 2170 5487 receda-

604 5528 688 5580 tis.
721 5527 770 5580 l.
810 5526 954 5596 (Cap.
984 5527 1060 5595 5).
1086 5525 1190 5580 Iste
1212 5537 1282 5580 est
1302 5525 1423 5578 liber
1443 5523 1774 5594 generationis
1792 5524 2071 5587 hominum,
2097 5523 2171 5575 iu-

602 5621 733 5690 quil,
763 5621 842 5672 die
861 5637 955 5687 quo
986 5621 1096 5688 fecit
1125 5618 1260 5671 Dens
1287 5617 1470 5682 Atium,
1494 5616 1764 5670 secundum
1792 5616 2059 5686 imaginem
2091 5614 2182 5668 ι)σέ

665 5732 949 5793 (η)ν1ιιγῐιλιι
966 5745 1026 5780 ex
1050 5731 1394 5793 sequentibus,
1409 5728 1674 5792 plusquam
1698 5726 1938 5777 dimidiam
1964 5727 2183 5789 paginam

598 5792 921 5852 audientis,
946 5792 1193 5842 desunt’in
1219 5792 1407 5840 ωηιξη.

1301 401 1354 453 5.
1395 390 1666 450 JOANNIS
1698 382 2165 444 CllllYSOSTOill
2212 380 2523 436 .\llt‘.llil'lP.
2563 378 3093 440 CONSTANTINOP.

3744 386 3842 442 176

2261 515 2377 581 fecit
2419 511 2664 572 illum;2.
2716 516 2995 566 masculum
3036 524 3084 566 et
3134 513 3371 583 feminam
3423 516 3540 584 fecit
3587 518 3704 572 illos
3729 558 3744 580 .
3799 534 3847 572 α

2259 603 2536 656 nominavit
2555 618 2734 657 nomen
2755 619 2926 656 eorum
2955 604 3118 656 Adam
3146 604 3223 674 (a)
3244 646 3258 670 ,
3287 604 3369 659 die
3408 622 3508 675 quo
3547 608 3663 676 fecit
3702 609 3816 664 illos
3835 651 3848 662 .

2259 691 2506 757 Attende,
2564 691 2805 758 obsecro,
2859 693 3130 763 propheta:
3167 693 3322 764 hujus
3364 695 3690 753 admirabilis
3740 715 3799 753 sa

2261 781 2554 852 pientiam;
2602 783 2708 838 imo
2755 785 2924 838 sancti
2968 783 3197 854 Spiritus
3249 786 3566 842 doctrinam.
3622 788 3704 844 Ab
3752 791 3846 844 illo

2259 873 2421 938 enim,
2451 885 2508 928 ut
2533 889 2673 945 sa'pe
2707 875 2906 930 dictum
2933 884 3035 939 est,
3058 875 3291 942 afﬂatus,
3322 878 3478 933 nobis
3504 879 3622 936 hme
3665 883 3849 936 omnia

2259 963 2494 1033 loquitur
2524 986 2536 1020 :
2561 977 2621 1020 et
2667 965 2897 1035 linguam
2923 964 3136 1036 quidem
3176 968 3433 1037 prepheta
3464 971 3847 1037 commodavit,

2257 1054 2424 1122 gratia
2450 1062 2625 1109 autem
2657 1053 2882 1123 Spiritus
2911 1055 3079 1110 sancti
3125 1071 3220 1126 per
3265 1056 3406 1112 illam
3433 1059 3610 1112 omnia
3656 1058 3848 1113 huma-

2263 1158 2390 1197 num
2435 1158 2604 1213 genus
2647 1145 2928 1200 manifeste
2956 1145 3136 1200 docet.
3170 1145 3302 1202 Vide
3327 1162 3456 1218 ergo
3479 1148 3751 1218 quomodo
3779 1151 3847 1206 ad

2256 1233 2515 1303 originem
2546 1249 2848 1289 sermonem
2877 1235 3103 1296 reducit,
3143 1245 3198 1290 et
3239 1238 3515 1306 superiora
3543 1239 3734 1295 iterum
3762 1254 3848 1295 re-

2257 1323 2438 1378 sumit.
2489 1323 2682 1392 Quare,
2735 1334 2784 1378 et
2821 1339 2923 1394 qua
2969 1324 3038 1380 de
3066 1323 3264 1379 causa?
3291 1325 3425 1391 Quia
3475 1327 3603 1380 vidit
3631 1343 3729 1382 eos
3754 1330 3848 1399 qui

2260 1423 2385 1468 tunc
2413 1423 2587 1479 erant,
2635 1428 2820 1484 magna
2849 1431 2957 1484 prie
2981 1429 3041 1470 se
3065 1414 3202 1470 ferre
3223 1413 3415 1486 ingrati
3460 1417 3623 1471 animi
3670 1417 3848 1488 signa,

2260 1519 2357 1559 nec
2385 1506 2632 1559 meliores
2663 1507 2777 1558 ﬁeri
2803 1521 2866 1560 ex
2911 1497 2976 1561 iis
3001 1522 3120 1574 qua:
3168 1507 3343 1578 primo
3381 1509 3585 1578 parenti
3631 1509 3847 1564 accide-

2260 1605 2396 1661 rant,
2444 1595 2540 1650 sed
2585 1595 2635 1648 iu
2689 1595 2827 1648 idem
2883 1597 3094 1649 malitia:
3134 1595 3451 1667 profundum
3505 1597 3847 1667 prmcipitari.

2258 1685 2387 1741 Nam
2415 1700 2533 1739 eum
2566 1686 2609 1740 is
2645 1686 2731 1755 qui
2761 1700 2825 1740 ex
2859 1686 2947 1740 illo
2975 1693 3130 1741 natus
3154 1696 3268 1742 erat
3309 1687 3488 1742 statim
3533 1691 3844 1746 ceneitantc

2260 1775 2450 1830 invidia
2478 1775 2542 1828 ad
2572 1775 2918 1830 fratricidium
2970 1777 3183 1844 ruisset,
3215 1786 3270 1832 et
3314 1777 3433 1833 ideo
3478 1780 3848 1849 gravissimam

2259 1881 2470 1936 pinnam
2497 1865 2724 1932 tulisset,
2758 1869 2895 1921 sicut
2921 1869 3167 1937 superius
3186 1867 3468 1924 caritatem
3493 1880 3722 1938 vestram
3747 1872 3848 1926 do-

2256 1958 2464 2012 coimus
2506 1975 2518 2010 :
2555 1970 2616 2009 ac
2650 1960 2844 2026 posteri
2896 1959 3010 2027 ejus
3039 1958 3168 2012 nihil
3200 1973 3263 2014 ea
3289 1960 3635 2030 castigatione
3667 1961 3849 2030 profe-

2258 2049 2477 2113 cissent,
2508 2046 2601 2100 sed
2629 2047 2679 2100 in
2700 2047 2987 2116 majoribus
3010 2065 3070 2104 se
3100 2049 3254 2103 malis
3298 2050 3675 2117 involvissent,
3708 2054 3848 2108 sicut

2257 2137 2530 2192 audivistis
2556 2137 2690 2203 beri,
2725 2138 2950 2192 Lamecb
2978 2153 3168 2208 nempe
3196 2150 3470 2210 peccatum
3520 2156 3673 2196 suum
3703 2160 3840 2198 uxo-

2257 2229 2404 2284 ribus
2423 2239 2784 2296 euarrantem,
2814 2235 3130 2301 pix-namque
3158 2231 3414 2288 adversus
3453 2247 3513 2289 se
3541 2234 3844 2290 decernen-

2257 2327 2364 2375 tem
2397 2321 2556 2390 :quia
2587 2321 2838 2389 paulatim
2870 2321 2998 2376 vidit
3024 2321 3326 2378 increscere
3348 2324 3603 2380 malitiam
3629 2326 3846 2380 illorum

2257 2411 2408 2480 quasi
2455 2411 2652 2466 malum
2681 2412 3080 2484 humorem'per
3110 2421 3278 2470 totum
3317 2430 3513 2486 corpus
3539 2431 3599 2472 se
3645 2417 3846 2472 dill'un-

2258 2503 2495 2568 dentem,
2526 2502 2665 2557 sistit
2699 2491 2914 2558 malitile
2933 2505 3210 2574 impetum,
3225 2515 3278 2562 et
3299 2509 3673 2578 generationes
3697 2511 3841 2576 illas,

2257 2608 2376 2663 qua:
2406 2609 2470 2648 ex
2515 2594 2647 2648 Cain
2689 2611 2854 2664 usque
2878 2596 2944 2650 ad
2996 2597 3252 2664 Lamech,
3308 2615 3376 2655 ne
3417 2603 3670 2655 memoria
3724 2604 3847 2673 qui-

2258 2686 2381 2742 dem
2411 2687 2699 2757 dignatur:
2728 2688 2824 2743 sed
2862 2689 3012 2759 quasi
3059 2690 3379 2760 principium
3431 2691 3700 2761 quoddam
3747 2694 3849 2748 du-

2258 2791 2388 2832 cens
2440 2784 2496 2830 et
2542 2777 2740 2833 luctum
2793 2778 2920 2832 Adae
2969 2788 3023 2834 et
3077 2777 3204 2835 Eva:
3249 2779 3552 2838 demulcere
3619 2782 3847 2849 Valens,

2260 2867 2318 2920 in
2368 2872 2527 2935 quem
2576 2866 2696 2921 illos
2751 2866 3005 2936 injeccrat
3056 2867 3361 2936 fratricida,
3409 2881 3613 2925 armata
3661 2882 3849 2928 contra

2258 2955 2394 3012 Abel
2434 2955 2696 3011 dextera:
2738 2959 2815 3010 sic
2857 2958 3212 3013 narrationem
3261 2961 3484 3026 orditur,
3533 2971 3586 3016 et
3631 2961 3846 3031 inquit:

2260 3044 2370 3100 Iste
2392 3055 2463 3100 est
2489 3044 2612 3099 liber
2636 3047 2974 3116 generationis
2996 3047 3256 3101 [taurinum
3280 3089 3295 3113 ,
3323 3049 3404 3102 die
3431 3064 3530 3119 quo
3557 3052 3680 3120 fecit
3709 3049 3850 3105 Deus

2262 3135 2447 3204 Adam,
2474 3138 2747 3191 secundum
2769 3137 3041 3208 imaginem
3065 3133 3160 3191 Dei
3185 3137 3305 3208 fecit
3334 3139 3478 3193 illum
3501 3155 3520 3202 ;
3560 3139 3846 3196 inasculun

2261 3234 2310 3280 el
2333 3227 2572 3297 feminam
2597 3226 2713 3294 fecit
2741 3226 2886 3280 illos:
2901 3233 2946 3279 et
2974 3225 3247 3281 nominarit
3267 3243 3447 3281 nomen
3468 3245 3635 3282 eorum
3662 3230 3848 3299 Adam,

2263 3315 2348 3368 die
2373 3331 2475 3384 quo
2502 3317 2617 3387 fecit
2644 3315 2781 3368 illos.

2331 3407 2385 3461 ἱ.
2429 3407 2717 3463 Considera
2748 3407 3015 3478 quomodo
3053 3407 3241 3464 iisdem
3288 3409 3465 3464 Verbis
3495 3426 3622 3465 απυδ
3670 3411 3846 3477 fuerit,

2264 3499 2464 3568 quibus
2512 3511 2567 3554 et
2599 3500 2768 3565 initio,
2799 3508 2856 3554 ut
2898 3498 3117 3556 doceret
3141 3514 3241 3555 nos
3263 3542 3277 3566 ,
3309 3516 3366 3556 se
3395 3502 3768 3572 generationes
3797 3503 3852 3556 il.

2264 3589 2342 3644 las
2389 3599 2444 3644 ut
2491 3601 2669 3658 postea
2720 3587 3050 3660 reprobatas,
3092 3605 3264 3660 neque
3290 3592 3544 3646 memoria
3590 3601 3710 3661 post
3751 3591 3854 3646 hoc

2263 3681 2449 3750 dignas
2483 3681 2680 3736 habere
2732 3697 2747 3733 :
2800 3681 2894 3736 sed
2944 3697 3010 3737 ex
3056 3681 3212 3744 Seth,
3244 3682 3332 3752 qui
3365 3697 3504 3737 nunc
3545 3684 3645 3737 illis
3696 3693 3855 3739 natus

2263 3781 2365 3834 est,
2397 3772 2757 3841 genealogiam
2786 3772 2972 3835 ordiri,
3008 3781 3063 3825 ut
3082 3780 3135 3826 et
3162 3774 3346 3828 exboc
3374 3773 3569 3835 discas,
3599 3783 3850 3844 quantam

2271 3863 2412 3916 Deus
2439 3862 2656 3916 humani
2702 3864 2916 3932 generis
2944 3864 3202 3918 rationem
3238 3863 3434 3919 habeat
3454 3906 3470 3928 ,
3499 3873 3552 3918 et
3577 3866 3852 3936 quomodo

2273 3953 2391 4006 illos
2415 3963 2725 4017 aversetur,
2756 3953 2946 4022 quibus
2984 3954 3321 4022 sanguinaria
3372 3969 3523 4010 mens
3564 3962 3664 4008 est.
3722 3954 3852 4009 Nam

2273 4044 2482 4098 illorum
2511 4046 2842 4111 memoriam,
2885 4046 3036 4114 quasi
3063 4061 3347 4116 numquam
3375 4047 3646 4112 vixissent,
3678 4047 3749 4100 ita
3783 4049 3855 4102 si-

2275 4137 2440 4192 lentio
2467 4137 2700 4206 prwterit
2744 4154 2758 4190 :
2797 4137 3144 4192 monstrando
3185 4137 3338 4192 nobis
3364 4153 3521 4208 quam
3551 4153 3712 4208 grave
3742 4155 3854 4192 tua-

2276 4227 2382 4280 lum
2405 4228 2473 4280 sit
2497 4234 2792 4294 peccatum,
2822 4225 2962 4296 quod
2989 4227 3078 4295 qui
3099 4227 3512 4296 amplectuntur,
3539 4243 3596 4281 se
3626 4230 3853 4296 primum

2277 4332 2325 4370 ct
2364 4319 2592 4372 maxime
2638 4318 2998 4386 pessumdant.
3051 4317 3185 4372 Ecce
3224 4319 3371 4374 enim
3415 4319 3488 4371 illi
3538 4333 3570 4373 e
3613 4319 3858 4388 catalogo

2276 4420 2611 4479 evpunguntu
2625 4433 2666 4471 τ,
2693 4419 2748 4463 et
2772 4418 2992 4463 eatenus
3034 4417 3236 4463 tantum
3287 4421 3774 4464 contulerimrantur
3800 4424 3857 4466 ut

2281 4500 2561 4555 infametur
2603 4500 2835 4568 ipsorum
2881 4499 3099 4565 malitia,
3131 4507 3183 4553 et
3215 4500 3598 4568 pesterioribus
3648 4503 3855 4554 saeculis

2278 4590 2663 4644 emcndalionts
2700 4590 3062 4645 sintoccasio.
3099 4590 3279 4658 Atqui
3327 4589 3520 4658 injuste
3547 4591 3773 4653 occisus,
3806 4601 3862 4646 ct

2279 4680 2510 4739 fraterna
2538 4695 2694 4734 manu
2720 4680 3064 4750 interemptus
3094 4688 3196 4745 est,
3225 4695 3289 4734 ex
3331 4695 3404 4734 eo
3424 4689 3662 4750 tempere
3690 4697 3859 4750 usque

2283 4773 2335 4826 in
2381 4773 2480 4826 hoc
2506 4781 2774 4837 nostrum,
2815 4773 3052 4826 omnium
3099 4772 3413 4827 decantatur
3442 4788 3533 4826 ore
3557 4813 3571 4837 ,
3604 4781 3659 4828 et
3689 4786 3862 4842 neque

2283 4848 2492 4933 tempus
2518 4862 2673 4933 hujus
2696 4863 3004 4918 memoriam
3019 4862 3292 4929 exstinxit,
3317 4878 3485 4931 neque
3502 4863 3644 4916 illius
3659 4853 3863 4920 crimen

2283 4954 2544 5009 imminuit
2574 4972 2586 5006 :
2617 4954 2709 5008 sed
2740 4962 2795 5007 et
2824 4953 2908 5007 hic
2932 4953 3172 5023 quotidie
3198 4953 3437 5009 omnium
3479 4968 3572 5009 one
3585 4954 3858 5026 praedica-

2285 5059 2385 5108 tur.
2420 5057 2473 5102 et
2497 5047 2589 5117 ille
2610 5046 2865 5100 continue
2896 5046 3204 5099 infamatur.

2353 5129 2529 5192 Virtus
2555 5153 2618 5191 ea:
2656 5135 2895 5190 arumnis
2925 5137 2983 5204 ﬁt
3029 5135 3293 5191 illustrior.
3333 5128 3474 5202 Quid
3501 5136 3565 5190 sit
3589 5135 3865 5194 secundum

2280 5232 2545 5301 imaginem
2595 5229 2694 5284 Dei
2740 5229 2920 5282 creari.
2971 5257 3044 5270 —
3090 5226 3307 5284 Vidistis
3348 5238 3602 5300 quantum
3649 5230 3865 5285 malitia:

2281 5326 2554 5390 damnum,
2597 5335 2650 5376 et
2695 5330 2950 5392 quantum
2998 5320 3208 5375 virtutis
3237 5302 3442 5375 robur?
3488 5330 3543 5374 et
3595 5321 3865 5388 quomodo

2284 5417 2501 5483 tnalitia,
2532 5418 2690 5472 etiam
2741 5417 2783 5468 si
2827 5413 3040 5469 infestet
3064 5422 3117 5469 ct
3159 5411 3483 5478 dominetur,
3511 5414 3865 5481 exstinguitur

2289 5516 2464 5560 tamen
2507 5517 2557 5561 et
2590 5504 2874 5558 aboletur:
2904 5503 3072 5556 virtus
3102 5511 3280 5555 autem
3307 5501 3429 5555 licet
3481 5501 3780 5564 infestetur,
3815 5511 3863 5553 et

2289 5581 2563 5652 innumera
2595 5595 2772 5667 gravia
2803 5594 3082 5659 sustineat,
3113 5607 3174 5647 ea
3205 5593 3486 5647 occasione
3512 5591 3773 5646 illusmior
3806 5593 3863 5647 tit

2359 5784 2430 5846 (a)
2466 5780 2578 5831 Vide
2603 5777 2736 5829 t‘rmf.
2765 5778 2892 5828 Tomi
2916 5777 3076 5841 hujus,
3099 5775 3125 5841 ς
3149 5780 3219 5824 ιν.
