4152 6498
305 443 405 498 177

302 562 357 608 ct
376 553 610 609 clarior?
639 553 902 608 Etlicercl
932 552 1142 622 quidem
1171 550 1272 607 hoc
1304 552 1462 607 etiam
1481 566 1546 606 ex
1573 551 1690 605 aliis
1715 549 1878 620 gestis

303 660 421 712 quin
460 644 705 698 similiter
733 651 1022 698 evenerunt
1061 641 1269 696 caritati
1309 650 1502 696 vestra:
1546 640 1828 697 ostendere
1865 659 1876 696 ;

303 735 482 788 sedne
506 735 572 788 ab
601 733 1425 804 institutonostrodigrediamur,
1447 748 1542 804 age
1564 731 1742 787 denuo
1761 748 1876 800 qua!
1913 772 1937 788 ,η

299 827 441 880 dicta
469 833 592 880 sunt
617 834 934 894 repetamus.
986 823 1091 880 Iste
1118 835 1189 880 est
1215 825 1338 880 liber
1361 825 1692 896 generationis
1717 822 1876 875 Inomi-

300 932 442 980 num,
482 917 564 968 die
596 933 695 986 quo
720 918 835 987 fecit
876 916 1013 970 Deus
1053 916 1214 970 Adam
1242 957 1260 983 ,
1289 915 1563 992 secundum
1610 917 1878 985 imaginem

305 1008 396 1062 Dei
438 1011 554 1080 fecit
579 1010 765 1075 illum;
808 1009 1086 1064 masculum
1125 1018 1173 1064 et
1215 1010 1455 1080 feminam
1503 1009 1620 1077 fecit
1646 1007 1762 1060 illos
1787 1021 1806 1069 ;
1830 1018 1878 1060 et

299 1101 569 1171 appellavit
591 1118 768 1156 nomen
793 1117 963 1156 eorum
991 1102 1171 1167 Adam,
1197 1102 1280 1155 die
1303 1117 1401 1172 quo
1431 1102 1547 1172 fecit
1576 1101 1710 1154 illos.
1745 1099 1877 1155 Vide

295 1191 564 1261 quomodo
588 1193 780 1247 iterum
809 1193 1115 1248 narratione
1143 1192 1215 1247 ab
1244 1191 1394 1246 initio
1420 1191 1666 1260 repetita,
1703 1190 1876 1243 divina

295 1281 566 1352 Scriptura
613 1283 767 1337 nobis
811 1291 1197 1338 commemorat
1242 1295 1496 1352 quantum
1539 1285 1792 1336 honorent
1847 1296 1888 1334 a'

293 1372 587 1427 (Iniiditore
617 1372 836 1428 sortitus
863 1375 933 1428 sit
982 1373 1165 1429 homo.
1209 1373 1304 1427 Die
1351 1389 1468 1443 quo,
1523 1373 1730 1442 inquit,
1763 1372 1878 1442 fecit

297 1463 492 1531 Adam,
516 1464 788 1518 secundum
834 1465 1102 1535 imaginem
1134 1463 1230 1519 Dei
1278 1466 1391 1536 fecit
1437 1465 1579 1520 illum
1610 1482 1629 1518 :
1653 1464 1754 1518 hoc
1795 1472 1878 1517 est

293 1555 590 1626 principem
640 1557 783 1610 illum
831 1556 1103 1610 constituit
1131 1557 1369 1611 omnium
1414 1556 1722 1611 visibilium.
1767 1554 1877 1608 lloc

291 1644 438 1698 enim
483 1654 565 1699 est
598 1645 890 1700 Secundum
945 1648 1233 1717 imaginem,
1279 1647 1570 1702 secundum
1617 1647 1874 1699 rationem

293 1733 516 1789 dominii
541 1743 596 1790 et
613 1737 961 1807 principatus.
988 1736 1120 1792 Nam
1150 1738 1288 1793 sicut
1316 1738 1552 1791 onmimu
1575 1736 1714 1791 Deus
1733 1735 1875 1805 prin-

291 1825 524 1895 cipatum
555 1826 712 1881 habet
740 1842 900 1898 super
924 1829 1101 1884 omnia
1125 1840 1230 1884 tam
1258 1828 1480 1884 visibilia
1504 1843 1661 1900 quam
1687 1827 1870 1882 invisi-

291 1915 444 1983 bilia,
477 1916 565 1986 qui
592 1918 830 1972 omnium
875 1917 1118 1974 conditor
1144 1929 1198 1974 et
1224 1919 1397 1989 upifex
1431 1929 1513 1974 est
1539 1935 1554 1971 :
1584 1919 1661 1974 sic
1681 1926 1733 1974 et
1752 1933 1874 1973 enin

294 2005 547 2061 formavit
567 2007 824 2063 rationale
853 2008 955 2064 hoc
982 2009 1201 2075 animal,
1235 2009 1400 2064 voluit
1424 2010 1664 2066 omnium
1696 2010 1874 2064 visibi-

296 2097 426 2151 lium
449 2097 765 2169 praifectura
789 2100 993 2170 insigne
1015 2114 1154 2155 esse.
1180 2100 1406 2156 Proinde
1435 2109 1490 2156 et
1524 2101 1717 2154 animae
1746 2100 1874 2154 sub-

291 2191 540 2244 stantiam
568 2191 644 2246 illi
689 2191 908 2261 largitus
936 2200 1040 2259 est,
1082 2192 1264 2248 volens
1306 2194 1476 2263 ipsum
1521 2195 1872 2248 immortalem

305 2294 426 2336 esse
463 2289 520 2336 et
551 2291 863 2352 perpetuum
889 2299 906 2338 :
933 2298 1118 2338 verum
1148 2283 1234 2338 ubi
1265 2299 1360 2355 per
1381 2285 1636 2340 desidiam
1658 2286 1871 2355 excidit,

288 2379 345 2424 et
373 2382 730 2442 :ransgressus
756 2381 840 2428 est
864 2372 1166 2430 mandatum
1183 2375 1284 2430 sibi
1303 2374 1575 2441 traditum,
1601 2377 1862 2446 nequesic

287 2460 512 2516 omnino
538 2463 706 2532 ipsum
734 2472 1008 2520 aversatus
1029 2473 1113 2519 est
1141 2482 1155 2518 :
1187 2464 1280 2520 sed
1309 2480 1406 2536 pro
1432 2479 1528 2522 sua
1560 2467 1866 2523 misericor-

289 2548 380 2604 dia
407 2549 862 2608 immortalitatem
890 2554 1102 2625 quidem
1129 2554 1205 2610 illi
1249 2556 1470 2622 ademit,
1494 2567 1667 2613 morte
1693 2568 1872 2613 autem

287 2639 594 2698 damnatum
619 2643 672 2699 iu
690 2645 882 2701 eodem
909 2645 1078 2702 ferme
1101 2647 1398 2718 principatu
1421 2649 1650 2720 reliquit.
1672 2649 1874 2706 Deinde

294 2745 418 2786 cum
457 2732 502 2787 is
525 2734 617 2804 qui
642 2749 706 2791 ex
743 2735 834 2791 illo
859 2745 1015 2792 natus
1042 2746 1161 2792 erat
1194 2738 1248 2793 in
1279 2745 1476 2793 tantam
1504 2738 1745 2810 prorupit
1793 2740 1872 2795 in-

287 2820 517 2888 saniam,
547 2832 606 2879 ut
630 2825 832 2894 primus
858 2827 1046 2882 mortis
1074 2829 1308 2897 speciem
1332 2829 1630 2897 inveheret,
1662 2831 1870 2888 violen-

296 2921 406 2968 tam
432 2913 579 2970 illaut
611 2915 812 2972 caulem
838 2917 1136 2986 exhiberet,
1176 2933 1242 2974 ac
1266 2920 1396 2976 cmdi
1423 2920 1756 2977 mendacium
1781 2936 1873 2977 co-

293 3006 501 3076 pulans,
521 3022 764 3079 magnam
785 3008 1178 3081 improbitatem
1201 3026 1310 3081 pm
1334 3026 1393 3066 se
1414 3011 1597 3078 ferret,
1621 3013 1870 3069 diuturna

288 3097 631 3167 castigatione
657 3098 942 3154 emendare
967 3099 1116 3154 illum
1145 3101 1330 3164 voluit,
1358 3110 1417 3154 ut
1443 3116 1548 3156 non
1575 3101 1750 3157 solum
1777 3101 1868 3157 ille

289 3187 490 3242 lucrum
518 3187 711 3245 faeciet
735 3190 881 3245 exiis
905 3205 1022 3261 quae
1048 3191 1145 3260 ipsi
1160 3191 1553 3262 contingebant,
1579 3192 1671 3246 sed
1690 3200 1745 3246 et
1771 3207 1868 3263 po-

287 3286 461 3332 steros
482 3277 631 3333 docet
644 3288 698 3335 et
719 3279 1121 3335 commissorqu
1145 3280 1581 3350 magnitudinem,
1604 3291 1657 3336 et
1685 3281 1871 3352 ingeno

289 3376 396 3423 tem
441 3369 658 3425 sceleris
701 3369 1010 3427 nuditatem.
1050 3371 1314 3427 Cancrum
1363 3374 1484 3444 quia
1529 3388 1640 3444 prie
1680 3389 1868 3446 magna

291 3458 496 3529 ignavia
517 3460 712 3530 posteri
731 3475 940 3531 quoque
961 3461 1102 3516 illius
1122 3463 1370 3534 paulatim
1394 3464 1444 3517 in
1465 3465 1708 3533 gravium
1732 3467 1865 3518 mala

289 3549 531 3616 ruebant,
549 3551 750 3616 volens,
775 3560 830 3606 ut
852 3553 920 3607 ita
937 3552 1131 3621 dicam,
1155 3555 1314 3610 solari
1339 3556 1623 3622 Adamum,
1646 3557 1736 3629 qui
1762 3573 1864 3612 non

287 3640 458 3697 solum
484 3642 554 3698 ob
572 3658 718 3698 suam
743 3646 1216 3716 transgressionem
1236 3647 1368 3704 adeo
1393 3648 1670 3713 merebat,
1695 3649 1788 3706 sed
1813 3658 1869 3704 et

285 3733 355 3786 ob
376 3733 628 3803 ﬂagitium
645 3735 794 3790 Caiui
813 3737 866 3791 in
885 3737 1026 3792 luctu
1044 3738 1359 3794 intolerabili
1379 3740 1706 3807 versabatur,
1726 3743 1863 3811 mind

285 3824 396 3879 suis
427 3825 539 3895 ipse
583 3826 751 3882 oculis
783 3843 980 3883 cesam
1026 3830 1156 3886 Abel
1185 3830 1405 3887 vidisset
1448 3848 1463 3888 :
1495 3848 1668 3903 neque
1718 3834 1860 3888 enim

284 3918 476 3973 mortis
504 3920 733 3990 speciem
763 3921 1021 3987 sciebant,
1047 3924 1252 3977 tametsi
1279 3923 1380 3978 lata
1402 3933 1545 3981 esset
1565 3927 1860 3980 sententia:

287 4010 428 4064 unde
450 4020 506 4064 et
523 4009 712 4079 duplex
747 4011 819 4066 illi
844 4026 906 4066 ac
939 4013 1127 4082 triplex
1157 4015 1328 4070 luctus
1366 4014 1570 4073 aderat.
1602 4020 1720 4086 quia
1757 4017 1863 4085 pri-

287 4117 434 4154 mum
457 4101 700 4156 viderunt
727 4112 950 4158 mortem
979 4105 1030 4158 in
1057 4105 1214 4159 vitam
1261 4106 1638 4172 introductam,
1671 4117 1726 4162 et
1753 4108 1862 4161 vio-

290 4193 484 4247 lentam
511 4201 754 4260 mortcm,
786 4202 840 4250 et
864 4209 893 4248 a
921 4193 1029 4249 lilio
1051 4205 1430 4266 perpetratum,
1481 4207 1534 4252 et
1564 4198 1614 4251 in
1643 4197 1858 4252 fratrem

285 4283 473 4338 eodem
521 4292 669 4354 patre
714 4283 1006 4358 eademque
1053 4298 1220 4342 matre
1263 4297 1462 4351 natum,
1497 4290 1582 4359 qui
1633 4291 1758 4344 nihil
1788 4290 1862 4343 illi

288 4374 492 4442 iujuri:e
524 4374 787 4430 intulisset
817 4397 830 4430 :
859 4377 1046 4432 volens
1065 4391 1192 4447 ergo
1223 4379 1479 4450 benignus
1509 4381 1648 4435 Deus
1681 4396 1862 4450 parem

287 4464 559 4518 doloribus
583 4463 769 4521 afferre
793 4468 1232 4531 consolationem.
1259 4472 1419 4525 alium
1453 4472 1526 4526 illi
1557 4474 1643 4527 dat
1673 4473 1858 4540 lilium,

286 4555 413 4612 Scth
442 4557 716 4620 videlicet;
747 4570 907 4628 atque
937 4561 1059 4616 hinc
1085 4564 1182 4633 ipsi
1205 4563 1323 4617 data
1349 4564 1634 4620 sufficienti
1662 4583 1860 4622 conso-

289 4645 502 4715 latione,
525 4651 699 4708 abillo
719 4665 896 4723 postea
915 4667 962 4723 ρ·
977 4654 1182 4723 ogenici
1204 4656 1405 4709 in‘tium
1428 4655 1590 4710 ducit.
1615 4657 1862 4727 Propter-

287 4755 352 4795 ea
387 4741 570 4798 beatus
596 4745 848 4815 propheta
887 4747 966 4801 sic
991 4761 1213 4802 exonsus
1249 4756 1350 4808 est,
1395 4747 1576 4802 dicens
1605 4768 1616 4802 :
1657 4749 1765 4803 Iste
1786 4761 1860 4804 est

289 4829 412 4884 liber
439 4836 774 4902 generationis
821 4838 1098 4889 hominum.
1157 4837 1373 4900 Deinde,
1405 4849 1460 4890 ut
1511 4841 1749 4909 promisit
1802 4857 1860 4896 se

287 4932 621 4980 narraturum
651 4927 922 4981 hominum
951 4929 1370 4998 generationem,
1423 4932 1543 4987 vide
1589 4949 1689 5002 qua
1719 4935 1859 4990 serie

286 5014 470 5069 utitur.
495 5017 546 5071 5.
592 5016 723 5072 Vixit
751 5020 910 5072 Adam
939 5022 1084 5074 annis
1113 5021 1337 5076 ducentis
1358 5026 1581 5093 triginta,
1611 5034 1656 5078 et
1683 5028 1856 5097 genuit

284 5107 559 5161 secundum
582 5110 984 5177 speciemJuam,
1015 5122 1062 5167 et
1087 5113 1359 5167 secundum
1385 5116 1652 5186 imaginem
1681 5134 1860 5182 suam;

278 5205 326 5276 et
359 5198 624 5265 appellavit
647 5216 823 5254 nomen
839 5203 975 5255 illius
1001 5202 1142 5256 Sella.
1174 5204 1224 5256 4.
1261 5203 1486 5258 Fuerunt
1517 5217 1678 5260 autem
1699 5209 1858 5278 ipsius

281 5288 406 5341 anni
431 5289 744 5361 septingenti,
769 5300 814 5345 et
839 5295 1006 5364 genuit
1032 5295 1165 5362 ﬁlius
1187 5305 1234 5349 et
1253 5297 1406 5364 ﬁlias.
1432 5297 1484 5352 5.
1513 5298 1576 5353 Et
1603 5299 1726 5367 {acti
1743 5311 1859 5354 sunt

282 5391 454 5431 omnes
477 5379 580 5432 dies
607 5379 789 5446 Adam,
812 5382 934 5435 anni
960 5386 1193 5454 nongenti
1208 5388 1433 5457 triginta,
1453 5402 1499 5442 et
1517 5404 1737 5445 mortuus
1759 5403 1852 5447 est.

353 5467 405 5520 3.
440 5465 585 5522 Nihil
605 5471 794 5540 [rustra
815 5473 1027 5540 positum
1049 5475 1101 5528 in
1123 5477 1388 5546 Scriptura
1411 5495 1576 5533 sacra.
1591 5481 1858 5538 -—-Nonne

283 5553 419 5612 bene
433 5557 671 5616 dicebam
690 5561 739 5614 in
755 5561 974 5616 exordio
994 5566 1273 5632 sermonis,
1301 5568 1425 5621 nihil
1445 5583 1567 5625 esse
1585 5580 1783 5626 temere
1804 5583 1856 5627 et

283 5647 482 5716 absque
503 5647 724 5704 utilitate
745 5651 795 5704 in
817 5667 963 5706 sacra
987 5654 1256 5724 Scriptura
1275 5657 1500 5725 positum
1515 5659 1540 5712 γ
1558 5659 1691 5714 Ecce
1711 5659 1852 5714 enim

273 5743 327 5790 ct
349 5748 699 5806 nuncquanla
718 5741 986 5812 diligentia
1013 5760 1138 5822 usus
1159 5757 1232 5800 est
1259 5747 1441 5802 beatus
1465 5749 1550 5805 ille
1574 5750 1849 5820 propheta.

274 5823 486 5900 Certim,
511 5827 698 5900 inquit,
723 5829 882 5886 Adam
899 5835 1169 5890 secundum
1189 5839 1402 5907 speciem
1422 5856 1578 5906 suam,
1607 5851 1654 5895 et
1677 5858 1824 5898 secun

1363 441 1426 496 IN
1464 440 1616 497 CAP.
1663 441 1722 495 Υ.
1766 440 2012 498 CENES.
2058 443 2283 501 ilOMlL.
2319 444 2456 501 XXI.

3466 432 3566 488 178

1990 551 2111 601 ilum
2125 551 2392 622 imaginem
2404 570 2568 620 mam.
2582 555 2915 627 etappellavit
2931 569 3106 610 nomen
3124 552 3263 608 illius
3280 551 3423 608 Sciit.
3439 552 3569 607 Cum

1985 641 2051 696 de
2077 640 2252 711 priore
2279 641 2584 711 loqueretur
2607 642 2716 695 lilio
2737 683 2750 707 ,
2777 638 2907 696 Cain
2933 641 3054 696 dico
3073 683 3090 710 ,
3115 640 3245 696 nihil
3275 642 3381 697 tale
3408 644 3572 713 signi-

1983 736 2159 789 lieavit
2204 735 2451 789 nimirum
2488 736 2598 804 jam
2637 743 2793 792 antea
2839 734 3078 790 indicans
3107 734 3250 790 illius
3279 736 3331 788 in
3372 735 3568 790 malum

1984 829 2367 896 ιπυριίγὶιςιιοιη
2391 845 2404 892 ;
2433 838 2488 884 et
2512 829 2702 884 merito
2727 845 2740 882 :
2772 842 2877 883 non
2900 829 3042 882 enim
3071 825 3304 883 servavit
3324 836 3571 897 paternos

1983 935 2177 986 mores,
2206 922 2298 975 sed
2329 921 2566 991 protinus
2595 920 2661 975 ad
2693 921 2946 975 malitiam
2976 919 3232 990 confugit.
3268 919 3365 974 llic
3391 927 3570 976 autem

1983 1009 2190 1078 inquit,
2240 1010 2534 1064 Secundum
2592 1011 2808 1078 speciem
2856 1020 2904 1065 et
2958 1009 3235 1064 secundum
3301 1011 3573 1080 imaginem

1981 1115 2161 1164 suam,
2195 1099 2296 1153 hoc
2333 1109 2411 1154 est
2436 1140 2453 1166 ,
2493 1100 2803 1155 earumdem
2849 1115 3093 1164 morum,
3123 1099 3315 1167 quibus
3355 1100 3442 1154 ille
3481 1100 3571 1169 qui

1981 1199 2254 1259 genuerat,
2283 1200 2337 1244 et
2361 1191 2448 1261 qui
2475 1199 2716 1246 servaret
2734 1191 2950 1247 eosdem
2975 1190 3184 1246 virtutis
3209 1190 3567 1256 characteres.

1981 1282 2066 1348 qui
2101 1289 2374 1350 paternam
2409 1280 2691 1352 imaginem
2721 1281 2973 1350 operibus
2999 1283 3361 1349 exprimeret,
3393 1291 3444 1336 et
3475 1283 3564 1352 qui

1980 1384 2072 1423 sua
2108 1370 2302 1424 virtute
2332 1372 2525 1440 prioris
2564 1383 2838 1440 peccatum
2879 1386 3128 1440 reparare
3170 1371 3358 1440 possit.
3386 1369 3571 1440 Neque

1979 1460 2121 1513 enim
2171 1460 2239 1514 de
2284 1461 2652 1528 Corporalibus
2699 1461 3035 1515 lineamentis
3076 1472 3128 1516 et
3174 1460 3570 1516 i-liaraeteribus

1981 1549 2252 1620 Scriptura
2282 1553 2434 1606 nobis
2474 1553 2747 1608 disserens
2770 1593 2785 1616 ,
2829 1552 2955 1606 dicit
2981 1569 2994 1606 :
3029 1552 3322 1606 Secundum
3351 1553 3568 1622 speciem

1977 1657 2156 1706 suam,
2201 1651 2246 1696 et
2291 1643 2566 1696 secundum
2619 1643 2886 1713 imaginem
2935 1658 3078 1697 suam
3105 1659 3124 1696 :
3171 1642 3264 1698 sed
3310 1642 3378 1697 de
3426 1650 3565 1697 statu

1978 1734 2192 1800 animm,
2225 1743 2282 1788 ut
2323 1735 2591 1788 discamus
2635 1736 2774 1789 hunc
2817 1751 2920 1788 non
2957 1734 3116 1790 talem
3146 1751 3266 1790 esse
3303 1733 3564 1789 futurum.

1979 1822 2102 1879 Ideo
2129 1833 2184 1879 et
2213 1836 2384 1880 mater
2414 1842 2606 1880 nomen
2639 1826 2746 1878 lilio
2778 1826 3057 1894 impunens
3082 1865 3098 1890 ,
3131 1839 3251 1878 cum
3277 1823 3563 1894 gratiarum

1977 1916 2185 1970 actione
2215 1917 2316 1971 boc
2345 1933 2538 1972 nomen
2566 1917 2756 1972 indidit
2785 1935 2798 1971 :
2843 1926 2899 1972 et
2926 1932 3097 1986 neque
3127 1927 3365 1985 natura,
3396 1930 3567 1987 neque

1978 2008 2152 2077 partui
2181 2009 2434 2064 adscribit
2465 2018 2642 2062 natum
2677 2025 2934 2078 puerum,
2979 2008 3072 2063 sed
3107 2008 3198 2066 Dei
3241 2010 3442 2063 virtuti.
3476 2010 3565 2064 Illa

1977 2100 2120 2156 enim
2150 2109 2391 2156 naturam
2436 2101 2737 2156 fecundavit
2779 2101 2845 2153 ad
2875 2110 3102 2168 partum,
3133 2109 3185 2153 et
3215 2101 3289 2154 ait
3318 2118 3332 2155 :
3363 2098 3564 2172 Cogno-

1977 2191 2182 2245 minavil
2209 2208 2389 2246 nomen
2420 2192 2558 2245 illius
2585 2191 2710 2246 Setli
2730 2233 2745 2256 ,
2777 2191 2946 2245 dicens
2969 2206 2989 2244 :
3013 2190 3264 2244 Excitavit
3289 2191 3421 2244 enim
3443 2191 3565 2244 mihi

1977 2279 2116 2335 Deus
2155 2298 2321 2336 semen
2365 2282 2505 2336 aliud
2546 2299 2638 2352 pro
2668 2281 2817 2346 Abel,
2859 2297 3004 2349 quem
3041 2281 3224 2334 occidit
3258 2279 3382 2334 Cain
3409 2278 3562 2354 (Gen.

1976 2376 2032 2429 ι.
2057 2374 2171 2444 35).
2202 2373 2335 2429 Vide
2362 2374 2508 2428 verbi
2533 2373 2882 2443 diligentiam.
2910 2371 3025 2426 Non
3052 2371 3186 2427 dixit
3210 2390 3223 2426 :
3256 2371 3406 2427 Dedit
3433 2371 3562 2426 mihi

1978 2464 2150 2519 Dens:
2185 2463 2300 2530 sed,
2337 2464 2585 2518 Excitavit
2612 2463 2754 2516 milii.
2787 2462 3016 2516 Attende
3045 2461 3311 2531 quomodo
3338 2461 3564 2516 obscure

1978 2554 2129 2608 nobis
2163 2554 2261 2609 hoc
2297 2555 2460 2608 verbo
2502 2553 2906 2609 resurrectionis
2933 2550 3149 2606 exordia
3196 2551 3283 2606 hic
3311 2552 3561 2606 ostendit.

1977 2644 2051 2698 Ita
2076 2642 2219 2699 enim
2261 2644 2574 2714 loquebatur
2602 2659 2664 2698 ac
2709 2643 2752 2698 si
2783 2645 2902 2712 quis
2945 2641 3185 2696 diceret:
3231 2641 3336 2696 Pro
3377 2657 3444 2697 eo
3472 2643 3561 2712 qni

1975 2736 2186 2802 cecidit,
2215 2737 2464 2792 excitavit
2490 2737 2616 2791 mihi
2644 2737 2803 2792 hunc.
2833 2735 3163 2806 Quamquam
3193 2735 3283 2790 ille
3302 2777 3317 2803 ,
3351 2737 3560 2806 inquit,

1976 2827 2026 2881 in
2059 2835 2254 2892 terram
2296 2827 2482 2881 dextra
2515 2827 2690 2880 fratris
2715 2839 2997 2896 percussus
3033 2825 3222 2880 cecidit
3246 2867 3259 2888 ,
3293 2835 3346 2880 et
3377 2826 3564 2880 mortis

1977 2919 2265 2988 periculum
2291 2918 2434 2980 fecit,
2469 2927 2641 2972 tamen
2675 2918 2765 2972 Dei
2791 2918 2960 2972 virtus
2983 2932 3078 2987 pro
3099 2931 3240 2972 cmso
3268 2917 3406 2972 hunc
3432 2917 3560 2972 mibi

1974 3021 2080 3063 SlISt
2101 3009 2266 3061 itatit.
2295 3007 2397 3062 Sed
2424 3009 2545 3078 quia
2577 3008 2809 3062 nondum
2843 3015 3051 3077 tempus
3072 3017 3189 3062 erat
3213 3010 3559 3065 resurrectio-

1975 3099 2078 3164 nis,
2131 3117 2236 3152 non
2282 3110 2548 3154 mortuum
2595 3100 2888 3163 suscitavit,
2937 3101 3031 3154 sed
3074 3101 3233 3153 alium
3281 3115 3378 3169 pro
3427 3100 3555 3155 illo:

1974 3190 2319 3259 quamobrem
2348 3203 2400 3245 et
2427 3191 2536 3261 ipsn
2568 3191 2739 3247 dixit:
2773 3191 3048 3247 Suscitavit
3077 3192 3199 3246 mihi
3229 3190 3366 3247 Deus
3393 3209 3560 3249 semen

1973 3279 2113 3334 aliud
2139 3297 2231 3350 pro
2260 3280 2413 3346 Abel,
2439 3298 2583 3352 quem
2612 3282 2792 3336 occidit
2817 3281 2966 3337 Cain.
2999 3282 3188 3338 Vidisti
3214 3291 3423 3354 gratum
3445 3299 3561 3340 mu-

1975 3372 2120 3427 lieris
2164 3373 2440 3428 animum?
2483 3373 2659 3428 vidisti
2708 3373 3084 3444 benignitatem
3137 3373 3382 3428 Domini?
3429 3387 3562 3445 quo-

1974 3461 2134 3518 modo
2188 3465 2536 3520 acccleratam
2585 3464 2690 3519 illis
2738 3463 3157 3519 consolationem
3209 3464 3555 3535 excogitavit.

1972 3554 2120 3610 Hanc
2150 3555 2419 3610 imitemur
2445 3571 2633 3611 omnes
2657 3597 2670 3619 ,
2699 3565 2756 3611 et
2786 3564 2951 3611 totout
2982 3572 3226 3626 superna:
3251 3558 3435 3627 gratim
3462 3561 3554 3610 trin

1973 3646 2212 3701 buamus.
2254 3645 2386 3700 Nam
2421 3647 2547 3702 licet
2584 3655 2770 3701 natura
2814 3655 3085 3715 operetur,
3117 3661 3222 3700 non
3255 3653 3430 3699 tamen
3462 3661 3553 3703 sua

1974 3737 2190 3796 virtute,
2221 3735 2314 3790 sed
2343 3741 2608 3804 prmcepto
2633 3735 2794 3799 illius,
2824 3735 2910 3805 qui
2941 3735 3106 3804 ipsam
3131 3734 3274 3800 fecit,
3303 3735 3556 3789 obcdieus

1971 3833 2242 3896 operatur.
2287 3825 2352 3879 Et
2377 3839 2661 3895 numquam
2692 3825 2903 3879 doleant
2934 3825 3184 3879 mulieres
3211 3823 3422 3894 quando
3450 3840 3556 3879 ttou

1972 3919 2199 3987 pariunt,
2231 3917 2322 3972 sed
2351 3928 2560 3988 gratum
2589 3918 2823 3972 animum
2859 3931 2966 3986 prie
2993 3931 3052 3971 se
3080 3916 3328 3984 ferentes,
3361 3916 3426 3972 ad
3457 3933 3556 3971 na-

1972 4019 2102 4062 tum:
2131 4008 2388 4078 Opilicem
2420 4007 2760 4078 confugiant;
2786 4017 2839 4062 et
2867 4007 2933 4062 ab
2961 4009 3049 4062 illo
3080 4017 3296 4076 petant,
3337 4007 3427 4079 qui
3459 4023 3554 4063 ua-

1967 4109 2101 4156 turae
2130 4101 2387 4156 Dominus
2412 4110 2530 4166 est;
2575 4109 2627 4155 et
2671 4115 2842 4170 neque
2879 4101 3162 4169 cwnjngum
3204 4100 3512 4170 congressui
3538 4141 3552 4164 .

1971 4209 2143 4264 neque
2168 4193 2318 4248 alteri
2346 4193 2574 4262 cuipiam
2607 4191 2679 4246 rei
2712 4191 2936 4245 liliorum
2967 4193 3224 4260 imputeut
3253 4190 3556 4261 generatio-

1970 4302 2090 4340 nem
2113 4328 2128 4351 ,
2159 4285 2250 4341 sed
2292 4283 2563 4340 Conditori
2595 4283 2830 4338 omnium
2855 4323 2870 4348 ,
2897 4283 2985 4354 qui
3016 4299 3080 4338 ex
3113 4284 3278 4337 nihilo
3311 4293 3551 4339 naturam

1971 4385 2203 4432 nostram
2233 4374 2478 4445 produxit
2506 4387 2559 4428 ut
2585 4383 2766 4439 esset,
2794 4383 2846 4428 et
2869 4373 3256 4428 claudicantem
3284 4376 3551 4445 corrigere

1969 4477 2142 4539 potest
2169 4485 2180 4520 :
2210 4465 2632 4537 quandoquidem
2655 4474 2707 4520 ct
2729 4464 2824 4519 ista
2849 4479 2911 4518 ex
2937 4465 3214 4519 occasione
3242 4464 3417 4518 luctus
3445 4466 3552 4520 Deo

1966 4561 2185 4631 gloriam
2231 4557 2497 4613 referendi
2532 4558 2758 4624 sumpsit
2799 4565 3188 4626 argumentum,
3229 4563 3284 4610 et
3327 4554 3554 4610 Domino

1969 4661 2133 4706 totum
2167 4650 2363 4714 tribuit,
2391 4649 2608 4704 dicens:
2642 4647 2887 4702 Excitavit
2917 4648 3039 4702 mihi
3072 4646 3205 4701 Deus
3222 4665 3391 4702 ssnien
3409 4649 3552 4703 aliud

1969 4759 2062 4813 pro
2093 4739 2214 4794 .«lbel
2232 4782 2247 4807 ,
2279 4756 2427 4810 quem
2454 4738 2636 4792 occidit
2661 4737 2806 4792 Cain.
2840 4737 3002 4792 Vides
3027 4738 3295 4808 quomodo
3322 4755 3424 4792 non
3455 4753 3548 4793 so-

1968 4832 2073 4886 lum
2104 4846 2207 4885 non
2247 4829 2504 4900 gravatim
2533 4829 2685 4894 tulit,
2720 4843 2888 4895 neque
2923 4827 3071 4882 triste
3098 4828 3296 4897 aliquid
3337 4829 3549 4896 quuuta

1967 4931 2051 4978 est
2079 4922 2204 4993 (non
2232 4923 2372 4976 enim
2401 4921 2827 4992 prietcrmisissct
2854 4917 3030 4973 divina
3057 4919 3325 4988 Scriptura
3343 4961 3358 4984 ,
3386 4919 3552 4988 siqui-

1968 5017 2089 5071 dem
2119 5015 2221 5070 tale
2249 5015 2498 5085 quiddam
2531 5013 2596 5068 ab
2637 5014 2720 5066 illa
2753 5012 2950 5066 dictum
2983 5011 3218 5081 fuisset),
3251 5009 3428 5065 verum
3451 5028 3541 5083 ge.

1967 5121 2158 5163 nerose
2203 5107 2378 5161 ferens
2421 5105 2560 5174 quod
2615 5104 2910 5164 acciderat.
2959 5102 3328 5156 consolatione
3371 5103 3549 5158 statim

1964 5201 2246 5271 dignatur,
2275 5208 2330 5254 et
2373 5198 2572 5267 majora
2619 5197 2753 5266 grati
2795 5196 2956 5248 animi
3005 5197 3095 5249 dat
3123 5196 3268 5264 signa
3290 5234 3307 5262 ,
3342 5195 3548 5249 Domini

1966 5295 2278 5350 beneﬁcium
2308 5293 2600 5364 praedicans
2619 5292 2645 5346 τ
2676 5290 2804 5345 Vide
2834 5294 2973 5344 enim
2999 5305 3156 5360 quam
3190 5289 3413 5359 benigne
3445 5288 3548 5342 Du-

1966 5387 2140 5442 minus
2179 5402 2295 5456 qure
2337 5401 2550 5440 suarum
2597 5394 2718 5438 sunt
2774 5383 2996 5450 partium
3042 5388 3379 5450 exsequatur.
3431 5378 3544 5434 Non

1965 5475 2124 5531 modo
2149 5477 2290 5531 enim
2313 5477 2472 5530 alium
2497 5474 2587 5529 dat
2616 5474 2687 5528 illi
2717 5473 2903 5538 lilium,
2934 5471 3026 5526 sed
3056 5479 3110 5526 et
3140 5472 3328 5523 virtute
3357 5470 3544 5538 pracdi-

1965 5577 2072 5620 tum
2099 5565 2214 5622 fore
2239 5575 2393 5620 antea
2417 5565 2693 5636 signiticet.
2723 5562 2907 5618 Genuit
2933 5563 3072 5617 enim
3097 5603 3109 5625 ,
3139 5560 3340 5629 inquit,
3366 5577 3550 5614 secun-

1965 5660 2084 5711 dum
2105 5659 2319 5728 speciem
2345 5673 2508 5719 suam,
2537 5667 2582 5709 et
2608 5655 2882 5710 secundum
2911 5653 3178 5720 imaginem
3204 5665 3370 5702 suam.
3401 5648 3468 5704 Et
3492 5657 3550 5704 ut

1964 5749 2140 5802 statim
2161 5747 2426 5802 discamus
2454 5745 2559 5799 nati
2580 5745 2850 5807 virtutem,
2879 5742 2995 5795 vide
3020 5741 3141 5810 quia
3162 5747 3216 5792 et
3241 5739 3353 5807 ipse
3369 5739 3546 5793 statim

1969 5859 2062 5915 per
2083 5838 2488 5912 appellationem
2522 5837 2610 5890 lilii
2637 5837 2715 5889 sui
2745 5849 2852 5888 sua:
2883 5833 3074 5886 mentis
3101 5831 3347 5901 pietatem
3368 5836 3540 5882 osten-
