4152 6524
633 440 735 497 173

630 550 739 604 dat.
771 546 837 602 Et
874 544 1060 610 Sctho,
1112 541 1313 613 inquit,
1358 548 1502 591 natus
1540 543 1610 588 est
1640 533 1777 601 ﬁlius
1799 573 1812 596 ,
1846 538 1891 582 et
1935 524 2202 597 appellarit

632 655 810 694 nomen
839 637 975 690 illius
1002 634 1158 688 Enos.
1185 631 1288 693 llic
1306 627 1519 699 speravit
1545 626 1776 678 invocare
1797 635 1978 674 nomen
2003 615 2204 671 Domini

637 727 726 782 Dei
770 724 923 795 (Gen.
969 725 1023 779 4.
1065 722 1181 792 26).
1227 719 1410 773 Vidisti
1457 713 1860 784 appellationem
1911 707 2207 762 diademate

635 819 933 881 clariorem,
973 828 1198 885 purpura
1242 803 1696 880 splendidiorem?
1735 801 1870 870 Quid
1917 800 2073 854 fuerit
2118 796 2208 850 illo

637 908 842 964 beatius
869 907 956 978 qui
1005 903 1331 959 invocatione
1371 897 1465 953 Dei
1514 903 1729 950 ornatur
1752 933 1766 955 ,
1799 891 1956 960 idque
1986 904 2079 959 pro
2111 901 2206 939 no-

637 1001 780 1056 mine
807 997 1079 1069 possidet?

711 1089 766 1144 N
770 1091 988 1143 ominum
1014 1086 1268 1155 impositio
1297 1099 1463 1138 recens
1497 1079 1643 1134 natis.
1675 1076 1898 1132 Nomina
1924 1083 2209 1128 sanctorum

639 1182 756 1250 [iiiis
783 1179 1104 1250 imponenda.
1136 1208 1202 1217 —
1226 1177 1380 1230 Vides
1412 1174 1462 1227 id
1491 1171 1629 1242 quod
1657 1171 1723 1223 ab
1751 1170 1899 1224 initio
1923 1167 2160 1221 dicebam
2191 1205 2207 1229 ,

637 1282 692 1326 et
719 1273 767 1326 in
798 1271 974 1342 parvis
1015 1266 1452 1338 appellationibus
1477 1278 1695 1334 magnas
1725 1261 2098 1316 sententiarum
2128 1257 2210 1310 di-

638 1362 792 1416 vitias
817 1361 1114 1417 reconditas
1141 1356 1295 1412 esse?
1319 1355 1431 1410 Non
1458 1355 1628 1409 solum
1657 1355 1796 1407 enim
1828 1351 1910 1404 hic
1938 1357 2209 1417 parentum

640 1460 962 1508 monstratur
990 1453 1175 1518 pietas,
1200 1447 1292 1503 sed
1323 1456 1375 1502 et
1405 1459 1592 1515 magna
1619 1458 1740 1512 erga
1770 1441 1964 1493 liberos
1988 1439 2211 1506 diligen-

642 1544 745 1608 tia;
799 1551 854 1597 et
897 1540 1166 1611 quomodo
1213 1537 1388 1592 statim
1433 1542 1487 1588 et
1526 1549 1554 1587 a
1600 1530 1858 1601 principio
1901 1527 2213 1582 erudiebant

639 1632 891 1703 puerulos
914 1632 1003 1702 qui
1046 1632 1174 1698 ipsis
1199 1628 1548 1683 nascebantur
1569 1665 1582 1684 ,
1607 1622 1957 1676 admonentes
1986 1634 2080 1687 pcr
2117 1633 2212 1684 ap-

644 1721 971 1789 pellationes,
1007 1734 1138 1788 quas
1166 1717 1266 1770 illis
1295 1717 1674 1781 imposuerant,
1707 1719 1762 1762 ut
1790 1709 2034 1761 virtutem
2065 1721 2215 1759 exor-

642 1820 825 1865 cereut
853 1827 866 1863 :
895 1825 995 1862 non
1023 1808 1155 1861 sicut
1183 1820 1322 1858 nunc
1354 1803 1568 1856 fortuito
1598 1809 1649 1853 ct
1670 1810 1724 1852 ut
1751 1799 1974 1869 primum
2006 1811 2218 1849 succnr~

645 1901 713 1953 rit
741 1900 951 1953 nomina
996 1898 1142 1950 fiunt.
1183 1895 1424 1957 Nomine,
1467 1891 1742 1960 inquiunt,
1783 1890 1864 1942 avi
1913 1888 1994 1942 vel
2041 1887 2218 1955 proavi

643 1997 859 2043 vocetur
884 2001 1014 2056 puer
1039 2003 1054 2040 :
1093 1995 1143 2037 at
1172 1983 1328 2052 prisci
1358 1997 1462 2036 nou
1491 1981 1560 2034 ita
1584 2021 1597 2042 ,
1627 1980 1718 2034 sed
1749 1992 1959 2032 omnem
2005 1990 2217 2046 operam

643 2077 960 2132 adhibebant
989 2117 1004 2138 ,
1034 2085 1091 2128 ut
1117 2074 1241 2126 talia
1287 2073 1424 2125 natis
1459 2072 1792 2139 imponerent
1821 2068 2032 2120 nomina
2059 2107 2072 2129 ,
2103 2080 2221 2136 qua:

647 2182 754 2222 non
783 2165 953 2222 solum
1004 2163 1121 2218 illos
1155 2163 1241 2230 qui
1271 2161 1480 2216 nomina
1512 2156 1944 2212 sortiebantur-in
1977 2155 2220 2208 virtutem

646 2256 987 2317 adducerent,
1011 2251 1102 2306 sed
1128 2259 1181 2304 et
1203 2249 1330 2304 alios
1356 2261 1562 2312 omnes,
1583 2245 1739 2301 etiam
1765 2245 1852 2315 qui
1881 2245 2222 2312 sequentibus

647 2347 853 2400 steculis
882 2342 1038 2398 futuri
1069 2348 1239 2403 erant,
1266 2337 1582 2394 omnimodre
1605 2335 1950 2406 philosophia:
1979 2334 2220 2388 doctrina

648 2445 845 2492 essent.
878 2435 932 2490 id
960 2433 1098 2503 quod
1128 2432 1357 2493 sciemus
1376 2472 1390 2493 ,
1417 2429 1461 2484 si
1491 2443 1669 2484 sermo
1697 2427 1965 2495 aliquanto
1997 2425 2222 2494 amplius

651 2525 986 2595 processerit.
1033 2521 1191 2591 igitur
1219 2535 1316 2575 nos
1354 2533 1526 2588 neque
1569 2517 1768 2587 quaevis
1807 2515 2017 2568 nomina
2050 2515 2225 2582 pueris

651 2616 892 2670 indamus
916 2655 929 2678 ,
961 2627 1132 2682 neque
1163 2625 1376 2666 avorum
1402 2617 1455 2662 et
1490 2621 1802 2677 proavorum
1843 2615 1897 2659 et
1927 2619 2106 2658 corum
2135 2604 2221 2672 qui

648 2720 843 2776 genere
892 2704 1016 2758 clari
1067 2688 1294 2764 fuerunt,
1350 2699 1560 2751 nomina
1613 2696 1921 2754 tribuamus,
1973 2693 2063 2746 sed
2103 2707 2223 2744 san-

649 2805 852 2850 ctorum
879 2794 1133 2851 virorum,
1163 2790 1250 2859 qui
1282 2787 1562 2841 virtutibus
1589 2786 1868 2848 fulserunt,
1897 2783 2222 2851 plurimaque

649 2884 786 2954 apud
834 2883 995 2937 Deum
1042 2881 1226 2934 fiducia
1255 2878 1535 2931 valuerunt
1561 2875 1658 2944 (α).
1689 2874 1797 2927 Ιιιιο
1835 2888 2006 2941 neque
2037 2873 2222 2925 horum

650 2973 949 3027 nominibus
981 2969 1142 3023 fidant
1168 2969 1249 3021 vel
1281 2975 1553 3036 parentes,
1597 2964 1676 3017 vel
1713 2963 1856 3032 pueri
1885 2963 2071 3029 quibus
2101 2961 2220 3014 talia

653 3063 862 3114 nomina
889 3059 1221 3126 contingunt.
1245 3055 1385 3108 Nihil
1406 3054 1543 3108 enim
1575 3051 1786 3120 prodest
1814 3052 1966 3105 alicui
1995 3053 2222 3106 vocabu-

655 3153 762 3205 lum
786 3152 977 3204 virtute
1004 3162 1244 3211 vacuum,
1288 3145 1382 3200 sed
1429 3141 1668 3197 habenda
1709 3151 1788 3196 est
1818 3142 2000 3194 salutis
2035 3157 2224 3209 exspe-

653 3240 813 3294 ctatio
838 3239 891 3292 in
916 3237 1123 3291 virtutis
1147 3234 1455 3305 operatione
1481 3251 1493 3286 :
1523 3242 1574 3286 ct
1603 3246 1775 3302 neque
1796 3230 1849 3284 tn
1877 3231 2228 3300 appellatione

656 3328 880 3382 sublime
906 3341 1114 3395 sapere,
1146 3339 1316 3393 neque
1339 3324 1389 3375 in
1421 3324 1732 3392 cognatiOuc
1757 3329 2061 3374 sanctorum
2084 3322 2226 3375 viro-

653 3435 794 3487 rum,
821 3432 992 3488 neque
1021 3418 1071 3470 in
1100 3417 1273 3485 aliquo
1301 3415 1406 3469 alio
1429 3455 1444 3478 ,
1473 3412 1568 3469 sed
1585 3410 1644 3467 in
1674 3412 1862 3467 fiducia
1893 3415 2224 3484 propriorum

651 3525 873 3585 oper-mn
904 3527 918 3564 :
949 3508 1056 3564 imo
1081 3523 1252 3577 neque
1279 3509 1329 3560 in
1353 3507 1454 3560 illis
1482 3506 1702 3560 multum
1730 3503 1797 3560 de
1816 3520 1874 3560 se
1894 3508 2108 3569 sentire,
2134 3506 2225 3560 sed

651 3605 774 3655 tunc
791 3599 956 3669 magis
973 3597 1218 3651 humilem
1234 3606 1284 3650 et
1297 3596 1587 3650 modestum
1605 3609 1722 3649 esse
1734 3603 1960 3665 oportet,
1980 3610 2098 3650 cum
2118 3611 2200 3649 ma
2218 3627 2227 3635 -

652 3706 784 3754 tnas
808 3691 1055 3744 virtutum
1084 3688 1292 3742 divitias
1319 3701 1603 3756 congerere
1629 3701 1903 3755 possumus
1927 3704 1940 3738 τ
1987 3687 2062 3741 sic
2087 3689 2225 3741 enim

656 3788 712 3834 ct
748 3779 846 3848 ipsi
871 3778 1120 3833 collectas
1149 3777 1356 3830 divitias
1394 3786 1507 3830 tuto
1536 3777 1923 3844 custodiemus,
1968 3785 2019 3831 et
2063 3776 2225 3831 bene-

660 3869 942 3923 volentiam
969 3867 1060 3921 Dei
1088 3867 1240 3921 nobis
1259 3866 1674 3920 conciliabimus.
1706 3865 1990 3920 Enimvero
2018 3876 2230 3934 propter

658 3959 758 4014 hoc
783 3967 837 4013 ct
874 3957 1113 4013 Christus
1160 3956 1434 4026 discipulis
1473 3957 1583 4010 suis
1620 3954 1862 4010 dicebat;
1897 3955 2019 4008 Cum
2064 3957 2231 4008 omnia

659 4051 904 4118 feceritis,
951 4049 1127 4112 dicite,
1171 4046 1385 4102 Inutiles
1425 4048 1554 4102 servi
1599 4063 1769 4100 sumus
1795 4045 1944 4116 (Luc.
1977 4048 2058 4101 i7.
2095 4048 2182 4119 10)
2214 4065 2228 4100 :

661 4141 711 4193 in
738 4139 983 4193 omnibus
1001 4153 1184 4193 eorum
1211 4138 1576 4193 confidentiam
1606 4137 1918 4204 reprimens,
1946 4146 1997 4190 et
2017 4137 2081 4190 ad
2115 4152 2230 4190 mo-

659 4231 885 4284 destiam
929 4243 1024 4284 eos
1053 4243 1305 4283 revocans
1326 4269 1340 4293 ,
1368 4239 1426 4281 ut
1464 4227 1616 4280 bonis
1641 4227 1889 4295 Operihus
1931 4241 2034 4280 non
2063 4228 2232 4282 extol-

664 4321 859 4382 lantur,
890 4319 982 4374 sed
1013 4319 1182 4374 sciant
1219 4318 1498 4372 maximam
1529 4317 1777 4370 virtutum
1821 4330 1939 4370 esse
1979 4317 2028 4369 in
2081 4316 2232 4371 bonis

661 4410 910 4480 operibus
939 4409 1174 4464 modeste
1199 4417 1252 4464 et
1282 4406 1548 4462 humiliter
1575 4420 1634 4462 se
1663 4405 1876 4461 habere.

734 4501 791 4554 4.
819 4499 990 4554 Porro
1012 4499 1074 4551 ad
1101 4506 1406 4552 contextum
1451 4495 1712 4550 sermonis
1740 4495 2038 4559 redeamus,
2066 4505 2121 4549 et
2155 4497 2233 4549 vi-

664 4590 886 4645 demus
915 4603 1010 4642 eos
1033 4588 1121 4656 qui
1154 4596 1340 4656 postea
1355 4588 1459 4639 nati
1486 4593 1626 4640 sunt.
1655 4585 1933 4640 Probabile
1960 4593 2042 4640 est
2067 4585 2232 4648 enim,

663 4697 765 4738 nos
805 4679 1055 4750 paulatim
1105 4668 1440 4747 procedendo
1484 4678 1713 4746 majores
1765 4677 2070 4744 inventuros
2116 4691 2237 4732 esse

670 4772 952 4827 thesauros
972 4778 1022 4824 ct
1052 4770 1334 4824 immensas
1360 4767 1590 4822 divitias.
1620 4767 1672 4820 9.
1713 4766 1776 4820 Et
1811 4769 1930 4821 uixit
1959 4767 2113 4833 Enos,
2155 4768 2236 4821 hic

668 4861 811 4916 Set/ti
827 4860 987 4930 ﬁlius,
1020 4875 1175 4912 annos
1202 4868 1397 4912 centum
1423 4859 1716 4928 nonaginta,
1740 4868 1784 4910 et
1810 4859 1974 4928 genuit
2002 4859 2234 4924 Cainam,

729 4952 810 5024 tu).
835 4950 963 5012 Quod
985 4951 1061 5024 δίς
1080 4949 1523 5024 uacerrosum?
1543 4987 1556 5024 ι
1579 4948 2084 5024 capessam"!
2104 4961 2236 5024 ,ςεξθ

669 5008 1084 5074 filiis'inipouenda
1101 5008 1320 5074 [ﬁlatim
1342 5009 1739 5074 deprehenditur
1756 5021 1897 5074 supra
1930 5017 2073 5058 Tomo
2104 5010 2148 5059 II
2189 5012 2235 5059 in

670 5069 890 5122 I-tneotnio
904 5081 948 5120 S.
966 5070 1155 5120 Mclntii.
1177 5077 1343 5131 Locum
1363 5069 1472 5118 huic
1495 5069 1773 5131 illustramlo
1797 5069 1900 5118 Inoo
1921 5079 2236 5131 opportunum

668 5134 747 5182 hic
769 5133 1030 5199 efferimus.
1055 5135 1126 5180 sic
1150 5144 1269 5191 ergo
1292 5129 1471 5193 legitur
1496 5129 1638 5199 paulo
1663 5138 1769 5199 Wst
1807 5129 1993 5199 initium
2029 5132 2237 5199 humilia:

671 5195 1021 5243 nimiastlctc
1044 5201 1198 5253 tamn
1221 5205 1328 5240 cum
1350 5191 1458 5253 eum
1487 5191 1518 5240 ἁ
1549 5191 1785 5253 principio
1814 5191 1863 5239 in
1894 5192 2128 5242 civitatem
2166 5191 2237 5253 in-

667 5266 884 5316 gressum
905 5250 1570 5316 excepissetis,_tmusquisqu_e
1593 5250 1747 5316 ﬁlium
1770 5265 1905 5300 suum
1926 5254 2030 5316 eius
2051 5252 2238 5316 nomine

670 5311 957 5376 appellabat,
981 5311 1065 5374 pér
1088 5311 1452 5376 appellationem
1471 5311 1750 5376 e'xist'inums
1776 5315 2090 5376 unusqrisque
2113 5327 2164 5363 se
2187 5313 2237 5362 in

672 5373 864 5423 domum
881 5373 1017 5435 suam
1037 5373 1250 5435 metum
1267 5373 1585 5435 introducere,
1605 5373 1852 5435 missisque
1869 5373 2098 5435 patribus,
2117 5377 2235 5432 aris,

675 5442 719 5483 et
741 5434 948 5498 proavis,
971 5440 1146 5484 matres
1172 5433 1296 5482 beati
1319 5434 1490 5498 Μειριῇ
1517 5446 1692 5498 nonien
1708 5433 2004 5498 imponebant
2042 5437 2204 5498 litteris
2221 5471 2235 5494 ,

673 5494 789 5558 alios
819 5501 1118 5558 pepererant.
1145 5501 1372 5558 Naturam
1394 5495 1517 5543 enim
1541 5494 1752 5558 rinceoat
1776 5507 1918 5558 amor
1946 5495 2130 5556 pietatis
2147 5531 2174 5558 ,γ
2192 5504 2237 5546 et

676 5553 898 5617 deinceps
919 5555 1001 5617 qui
1020 5553 1350 5617 nascelmntur.
1375 5567 1465 5603 non
1488 5556 1696 5617 naturali
1715 5555 1869 5605 solum
1893 5553 2226 5614 benevolentia,

672 5616 758 5664 sed
782 5614 1118 5679 etimn'afrectu
1138 5628 1256 5679 erga
1275 5615 1408 5666 illam
1447 5614 1808 5677 appellationem
1826 5651 1840 5673 ,
1866 5623 2003 5664 erant
2026 5618 2130 5679 rari
2151 5630 2236 5679 pn-

666 5677 892 5732 rentibus.
935 5676 1091 5737 Ipsm
1111 5676 1238 5739 enim
1259 5689 1431 5739 nomen
1445 5683 1494 5725 et
1516 5685 1844 5739 ornamentum
1867 5676 2174 5739 cognatique.
2192 5684 2238 5727 et

669 5743 852 5793 «enim
876 5735 1070 5798 tutelam
1089 5774 1102 5793 ,
1125 5742 1169 5786 ct
1193 5738 1259 5787 ita
1281 5737 1455 5788 vocatis
1475 5735 1676 5787 salutem
1696 5775 1709 5798 ,
1734 5745 1779 5788 et
1814 5735 1992 5788 amoris
2020 5737 2236 5788 solatium

664 5809 773 5852 esse
797 5796 1147 5854 ea'istimnlmt.

1382 425 1441 485 S.
1479 418 1754 481 JOANNIS
1789 409 2258 472 CIIRYSOSTOMI
2300 409 2609 492 AltClilEP.
2650 405 3178 467 CONSTAN‘HNOP.

2314 524 2396 577 1‘3.
2443 532 2488 577 et
2521 523 2729 578 Cainam
2753 524 2923 594 genuit
2973 521 3233 587 Halaleel,
3264 520 3351 576 15.
3378 530 3424 573 et
3449 519 3687 575 ιιαιηιεει
3715 523 3900 592 genuit

2307 614 2486 679 Jared,
2521 612 2605 668 18.
2637 624 2683 667 et
2731 613 2892 666 Jared
2911 614 3076 682 genuit
3109 603 3416 667 Enoclt.'2l.
3449 611 3518 666 Et
3544 615 3665 667 vixit
3708 611 3900 668 Enocb

2309 720 2455 757 annts
2482 714 2675 758 centum
2703 705 2962 774 sexaginta
2988 705 3205 771 quinque
3224 747 3238 770 ,
3285 715 3332 758 et
3355 705 3523 774 genuit
3571 704 3897 761 Mat/tudel.

2309 793 2397 847 εἰ.
2423 793 2624 848 Placuit
2641 804 2802 847 autem
2821 793 2995 848 Enoclt
3024 793 3151 848 Deo.
3175 793 3242 848 Et
3259 797 3382 850 viai!
3399 795 3595 861 Enocll,
3621 807 3899 865 postquam

2291 885 2481 954 'genuit
2510 884 2818 950 Mat/iusala,
2847 887 2994 939 annis
3020 886 3265 950 ducentis,
3300 896 3346 939 et
3373 888 3542 956 genuit
3568 889 3703 954 ﬁlios
3731 896 3780 942 et
3833 887 3904 956 ﬁ-

2312 978 2425 1030 lias.
2452 977 2542 1033 23.
2575 977 2639 1032 Et
2655 983 2854 1046 fuerunt
2881 979 2988 1034 dies
3013 977 3190 1033 Enoclt
3210 981 3414 1033 trecenti
3453 983 3714 1052 sexaginta
3743 984 3903 1046 quin-

2311 1085 2422 1139 que.
2451 1069 2540 1122 ει.
2585 1068 2650 1124 Et
2695 1069 2885 1139 placuit
2917 1067 3091 1122 Enoclt
3135 1067 3265 1133 Deo,
3305 1080 3350 1123 et
3383 1086 3483 1124 non
3528 1074 3756 1126 inventus
3785 1082 3900 1136 est,

2311 1159 2428 1225 quia
2458 1159 2710 1212 transtulit
2752 1159 2893 1212 illum
2943 1157 3099 1212 Deus.
3127 1158 3261 1213 Num
3309 1159 3446 1215 bene
3477 1161 3742 1222 dicebam,
3794 1176 3906 1214 nos

2313 1249 2649 1318 procedendo
2699 1263 2948 1318 magnum
2993 1249 3297 1303 thesaurum
3333 1252 3385 1306 in
3445 1251 3547 1306 illis
3585 1251 3906 1306 nominibus

2315 1340 2622 1395 inventuros
2649 1339 2800 1394 esse?
2823 1340 3200 1395 Animadverte
3219 1341 3380 1404 enim,
3409 1340 3655 1404 obsecro,
3681 1343 3792 1403 hic.
3817 1341 3906 1394 die

2317 1428 2474 1490 lecte,
2519 1438 2572 1482 et
2610 1429 2735 1498 justi
2789 1430 3032 1483 vir:utem
3067 1439 3122 1485 ct
3156 1429 3280 1485 boni
3329 1430 3422 1486 Dei
3446 1431 3712 1500 ingentem
3741 1430 3906 1484 beni~

2316 1521 2570 1589 gnitatem
2599 1560 2613 1582 ,
2645 1531 2697 1574 et
2741 1519 3028 1590 Scriptura:
3061 1521 3408 1591 diligentiam.
3457 1521 3524 1576 Et
3550 1525 3670 1577 nia-it
3719 1523 3906 1577 Enoch

2320 1610 2464 1662 annis
2493 1620 2687 1662 centum
2707 1612 2968 1680 sexaginta
3006 1613 3252 1680 quinque,
3280 1623 3326 1666 et
3364 1615 3534 1684 genuit
3577 1613 3903 1668 Jlatlmsala.

2327 1699 2387 1750 Et
2421 1701 2604 1767 placuit
2648 1699 2820 1752 Enoch
2869 1699 3016 1763 Deo,
3067 1711 3326 1769 postquam
3357 1703 3526 1772 genuit
3576 1703 3904 1758 Nat/culoso.

2396 1788 2600 1857 Nuptiw
2615 1807 2713 1843 non
2735 1791 2784 1842 in
2808 1807 2958 1844 causa
2982 1803 3094 1843 sunt
3119 1793 3384 1862 quominus
3403 1793 3625 1848 homines
3650 1793 3760 1848 Deo
3785 1797 3908 1862 pla-

2323 1882 2801 1936 ceanl.—Audiant
2830 1879 2925 1936 viri
2951 1893 3004 1936 et
3030 1883 3300 1948 mulieres,
3330 1894 3383 1939 ct
3415 1886 3768 1956 discantjusti
3797 1889 3906 1941 vir-

2326 1981 2487 2024 tutem
2511 2014 2524 2034 ,
2561 1986 2657 2025 nec
2686 1982 2870 2039 putent
2913 1972 3122 2041 nuptias
3167 1974 3216 2026 in
3254 1988 3411 2027 causa
3457 1989 3577 2030 esse
3611 1977 3908 2045 quominus

2324 2063 2443 2131 quis
2491 2062 2602 2116 Deo
2631 2063 2855 2132 placeat.
2901 2063 3029 2116 Nam
3063 2065 3257 2118 idcirco
3284 2065 3460 2120 divina
3511 2067 3785 2136 Scriptura
3814 2085 3907 2124 se-

2325 2154 2429 2206 mel
2473 2163 2525 2207 et
2547 2153 2736 2206 iterum
2766 2153 2815 2207 id
2864 2154 3178 2222 significavit
3203 2154 3387 2211 dicens
3416 2173 3429 2209 :
3465 2157 3660 2214 (ienuit
3688 2161 3907 2214 Matheo

2325 2245 2454 2307 Sala,
2484 2253 2536 2298 et
2579 2253 2703 2298 tunc
2726 2245 2940 2312 placuit.
2989 2244 3050 2298 Et
3081 2244 3217 2299 idem
3252 2249 3540 2316 ingeminat
3577 2266 3638 2306 ac
3677 2254 3908 2321 repetit,

2325 2336 2508 2392 dicens
2544 2355 2558 2388 :
2590 2336 2655 2390 Et
2707 2339 2894 2404 placuit
2923 2348 3182 2407 postquam
3225 2342 3397 2410 genuit
3432 2357 3451 2396 :
3478 2354 3532 2395 ut
3565 2359 3632 2398 ne
3660 2345 3781 2413 quis
3810 2358 3908 2398 ar-

2328 2427 2551 2479 bitretur
2594 2426 2925 2480 obstaculum
2958 2427 3137 2481 virtuti
3177 2443 3296 2484 esse
3325 2431 3650 2501 coniugium.
3689 2433 3803 2500 Qua
3862 2435 3909 2487 si

2328 2517 2489 2570 sobrii
2520 2532 2723 2580 sumus,
2764 2532 2933 2586 neque
2973 2517 3238 2583 educatio,
3270 2535 3442 2590 neque
3458 2522 3785 2593 coniugium,
3811 2539 3910 2578 ne-

2329 2621 2431 2674 que
2472 2605 2613 2658 aliud
2659 2605 2782 2674 quid
2834 2607 2986 2660 nobis
3024 2607 3215 2672 oberit,
3264 2612 3546 2678 quominus
3598 2613 3908 2681 placeamus

2330 2695 2460 2750 Deo.
2491 2695 2626 2750 Ecce
2672 2697 2815 2750 enim
2858 2707 2910 2751 et
2935 2696 3017 2751 hic
3043 2683 3277 2766 ejusdem
3305 2711 3509 2756 natura:
3559 2712 3706 2767 erat,
3752 2705 3909 2772 cujus

2328 2795 2380 2838 et
2413 2800 2508 2839 nos
2535 2800 2716 2840 sumus
2751 2804 2763 2839 :
2793 2796 2844 2840 et
2873 2803 3046 2857 neque
3067 2788 3150 2842 lex
3177 2789 3364 2843 tradita
3396 2801 3528 2854 erat,
3565 2808 3738 2863 neque
3763 2793 3911 2849 Scri-

2333 2885 2497 2940 pturte
2525 2875 2806 2940 docebant,
2847 2891 3020 2946 neque
3062 2878 3202 2932 aliud
3230 2879 3516 2948 quidquam
3544 2883 3606 2935 ad
3631 2887 3908 2953 sapientia:

2332 2967 2783 3036 νΙιὶιοεορῐιίωῳιο
2813 2969 3040 3022 studium
3068 2969 3381 3024 deducebat.
3415 2971 3490 3025 Ex
3519 2987 3596 3037 se,
3621 2983 3675 3028 et
3714 2991 3779 3030 ex
3807 2992 3906 3028 vo-

2331 3059 2528 3111 luntate
2561 3060 2726 3128 ipsius
2771 3059 3066 3128 profectum
3106 3070 3189 3114 est
3221 3061 3359 3131 quod
3395 3064 3502 3117 Deo
3529 3065 3759 3134 placeret
3784 3110 3797 3130 ,
3835 3069 3904 3121 iza

2331 3159 2384 3201 ut
2415 3163 2579 3216 usque
2621 3149 2777 3203 hodie
2799 3153 2939 3203 vivat
2965 3150 3196 3204 nondum
3219 3160 3444 3207 mortem
3481 3166 3750 3224 expertus.
3771 3156 3903 3211 Nam

2332 3239 2374 3290 si
2403 3240 2617 3307 nuptiae,
2643 3238 2849 3301 dilecti,
2900 3242 2983 3295 vel
3014 3255 3298 3309 puerorum
3341 3242 3582 3298 educatio
3607 3286 3620 3308 ,
3675 3237 3903 3316 impedi-

2333 3338 2568 3382 mentum
2616 3327 2790 3383 forent
2835 3329 2886 3382 iu
2929 3330 3178 3384 virtutum
3212 3332 3433 3396 itinere,
3475 3349 3806 3404 nequaquam
3853 3339 3903 3390 in

2334 3417 2468 3473 hanc
2497 3429 2732 3473 nostram
2761 3421 2919 3474 vitam
2951 3421 3157 3489 nuptias
3202 3422 3586 3480 introduxisset
3625 3426 3897 3482 universo-

2333 3524 2448 3562 rum
2497 3510 2752 3576 Creator,
2781 3519 2836 3563 ut
2865 3525 2931 3564 ne
2971 3511 3022 3563 in
3064 3511 3221 3565 rebus
3264 3513 3541 3580 prmcipuis
3585 3525 3636 3568 et
3676 3517 3902 3571 maxime

2333 3603 2648 3655 necessariis
2675 3615 2772 3654 nos
2825 3602 3058 3654 laederet.
3099 3599 3203 3656 Sed
3243 3603 3363 3671 quia
3408 3619 3512 3658 non
3561 3605 3732 3659 solum
3775 3607 3899 3662 nihil

2333 3693 2485 3746 nobis
2511 3693 2722 3745 obstant
2751 3691 2814 3745 ad
2863 3691 3345 3761 pliilosOphandum
3387 3696 3678 3748 secundum
3715 3696 3898 3765 Deum,

2333 3783 2374 3834 si
2404 3782 2729 3836 voluerimus
2758 3797 2878 3836 esse
2906 3784 3091 3848 sobrii,
3140 3783 3235 3838 sed
3287 3792 3342 3838 et
3395 3800 3638 3854 magnam
3677 3786 3901 3843 afferunt

2333 3875 2773 3940 consolationem,
2795 3875 2918 3928 dum
2941 3877 3298 3945 comprimunt
3319 3880 3560 3932 insanum
3589 3890 3789 3934 natura:
3808 3883 3901 3935 im-

2335 3975 2534 4034 petum,
2578 3980 2677 4020 nec
2705 3967 2899 4021 turbari
2944 3968 3092 4037 quasi
3126 3982 3270 4022 mare
3294 3970 3497 4036 sinunt,
3536 3971 3630 4024 sed
3665 3971 3900 4028 efficiunt

2338 4067 2394 4108 ut
2421 4057 2613 4126 scapha
2641 4057 2868 4113 feliciter
2893 4061 2945 4113 in
2986 4068 3193 4127 portum
3235 4059 3488 4128 appellat,
3515 4060 3633 4116 ideo
3661 4064 3898 4117 consola~

2338 4148 2531 4201 tionem
2566 4148 2698 4204 hanc
2733 4147 2965 4203 humano
2988 4149 3169 4218 generi
3221 4150 3419 4204 tribuit.
3445 4151 3594 4217 Quod
3625 4167 3781 4222 quam
3809 4169 3897 4210 ve-

2338 4253 2453 4291 rum
2486 4239 2574 4304 sit,
2613 4239 2847 4293 ostendit
2881 4240 3056 4308 justus
3084 4240 3190 4294 ille.
3232 4240 3363 4308 Quia
3389 4251 3685 4312 postquam,
3717 4245 3899 4314 inquit.

2334 4335 2518 4402 genuit
2561 4333 2851 4388 Mathusala
2873 4375 2888 4400 ,
2919 4335 3112 4404 placuit
3139 4334 3246 4389 Deo
3275 4335 3486 4399 Euocb,
3534 4351 3706 4407 neque
3744 4353 3899 4407 parvo

2335 4439 2593 4478 annorqu
2625 4440 2847 4480 numero
2872 4426 2923 4480 in
2954 4426 3204 4481 virtutum
3244 4427 3496 4481 exercitio
3525 4431 3893 4497 perseveravit,

2336 4515 2426 4570 sed
2446 4516 2594 4581 vixit,
2617 4517 2802 4585 inquit,
2823 4518 2973 4570 annis
2993 4515 3320 4573 ducentis.Et
3339 4517 3459 4588 quia
3479 4529 3596 4588 post
3616 4529 3899 4591 transgres-

2337 4609 2539 4662 sionem
2569 4608 2697 4662 Adte
2729 4607 2973 4663 inventus
3005 4617 3089 4664 est
3132 4611 3288 4664 homo
3319 4610 3407 4678 qui
3433 4609 3498 4663 ad
3525 4611 3774 4665 virtutum
3794 4613 3899 4666 cul-

2339 4713 2456 4754 men
2474 4699 2801 4762 ascenderet,
2821 4707 2874 4752 et
2895 4700 3048 4768 primi
3065 4701 3297 4768 parentis
3321 4709 3592 4769 peccatum
3609 4710 3896 4768 revocaret,

2339 4788 2407 4842 ob
2448 4804 2564 4843 eam
2592 4803 2748 4857 quam
2775 4788 2912 4858 apud
2945 4789 3109 4843 Deum
3140 4788 3365 4844 habebat
3388 4791 3632 4859 gratiam,
3665 4790 3783 4846 vide
3804 4792 3896 4847 bo-

2341 4880 2390 4934 ni
2441 4881 2533 4935 Dei
2571 4880 2917 4935 excellentem
2960 4879 3316 4934 clementiam.
3349 4879 3478 4934 Nam
3531 4881 3650 4950 quia
3711 4881 3898 4938 invenit

2338 4972 2564 5042 aliquem
2607 4970 2695 5040 qui
2724 4971 2896 5040 potuit
2942 4980 3211 5040 peccatum
3258 4971 3387 5025 Adze
3415 4985 3665 5026 revocare
3701 4987 3714 5023 :
3751 4987 3895 5026 mou-

2341 5061 2554 5114 strando
2589 5073 2646 5114 re
2677 5060 2784 5128 ipsa
2812 5063 2932 5129 quia
2959 5075 3063 5112 non
3088 5060 3271 5113 volens
3299 5070 3522 5113 mortem
3564 5061 3793 5115 humano
3816 5075 3900 5130 ge-

2341 5153 2451 5206 neri
2485 5152 2677 5206 inferre
2703 5161 2920 5220 propter
2965 5149 3195 5203 mandati
3240 5150 3712 5219 transgressionem
3733 5192 3748 5216 ,
3785 5166 3895 5206 eum

2339 5244 2425 5313 qui
2450 5243 2751 5298 mandatum
2777 5249 3054 5311 acceperat
3077 5240 3527 5304 condemuaverit,
3558 5241 3696 5297 hunc
3723 5243 3897 5299 viven-

2343 5345 2446 5389 tctn
2492 5335 2761 5390 transfert.
2798 5334 2865 5388 Et
2901 5333 3124 5404 placuit,
3154 5333 3340 5403 inquit,
3374 5333 3547 5387 Enoclt
3570 5333 3677 5389 Deo
3698 5374 3713 5398 ,
3745 5346 3898 5389 etnon

2339 5427 2564 5480 inventus
2601 5437 2694 5493 est,
2725 5443 2783 5481 eo
2821 5426 2958 5495 quod
2983 5426 3233 5478 transtulit
3268 5424 3413 5478 illum
3440 5424 3594 5478 Deus.
3639 5426 3793 5480 Vides
3817 5441 3897 5480 sa-

2341 5518 2588 5586 pientiam
2608 5518 2812 5572 Domini
2831 5518 2854 5570 ἳ
2871 5517 3141 5572 Viventem
3165 5517 3448 5590 transtulit,
3477 5532 3579 5572 non
3599 5518 3896 5572 immortali-

2341 5619 2500 5662 tatem
2542 5610 2758 5678 largitus
2787 5619 2902 5674 est,
2955 5623 3020 5662 ne
3067 5608 3313 5678 peccandi
3364 5618 3560 5662 metum
3611 5620 3891 5670 encrvaret.

2339 5699 2430 5753 sed
2459 5701 2697 5755 timorem
2716 5701 2765 5754 in
2787 5701 3016 5755 humano
3031 5717 3222 5769 genere
3241 5702 3502 5771 vigentem
3533 5700 3765 5769 reliquit.
3786 5701 3893 5754 Ινινοα

2341 5801 2455 5862 pter
2485 5790 2583 5844 hoc
2632 5790 2819 5846 iterum
2865 5792 3107 5855 obscure,
3142 5801 3195 5844 ut
3237 5791 3304 5846 ita
3345 5787 3545 5850 dicam.
3593 5799 3644 5844 ct
3690 5789 3898 5843 latenter
