4152 6496
201 491 302 551 flii

198 610 463 654 revocare
489 594 599 647 vult
629 590 941 648 sententiam
971 605 1126 660 quam
1155 598 1340 644 contra
1363 590 1530 644 Adam
1555 589 1792 659 protulit;

197 691 298 747 sed
326 687 664 743 manifestum
696 685 793 738 hoc
837 701 940 737 non
971 683 1111 749 facit,
1153 693 1207 736 ιιι
1241 683 1398 736 timor
1429 683 1569 737 illius
1617 697 1799 737 emcn-

195 782 405 836 dationi
432 779 648 848 serviat.
681 777 742 829 Et
771 775 968 828 idcirco
1000 774 1203 839 Eii-icit,
1254 788 1374 829 cum
1423 774 1521 843 ipsi
1568 778 1794 827 multum

197 876 461 942 placeret,
507 867 790 921 transtulit.
817 866 929 920 Jam
958 867 1000 918 si
1027 866 1143 930 quis
1169 864 1434 919 curiosius
1469 878 1656 932 rogare
1705 878 1799 917 ve-

197 965 286 1032 lit,
337 973 395 1018 et
446 963 624 1016 dicere
667 978 679 1014 :
737 960 804 1013 Et
858 973 963 1027 quo
1015 961 1183 1027 ipsum
1228 957 1530 1012 transtulit?
1575 968 1626 1011 ct
1671 972 1795 1011 num

196 1072 374 1126 usque
401 1056 464 1108 ad
498 1067 733 1123 prtesens
760 1050 990 1105 vixerit?
1019 1051 1185 1104 discat
1232 1065 1336 1104 non
1366 1049 1654 1105 convenire
1700 1050 1794 1102 lm-

195 1149 376 1204 manis
401 1144 809 1214 cogitationibus
832 1143 1077 1211 obsequi,
1109 1152 1163 1196 et
1191 1143 1455 1196 curiosius
1504 1157 1563 1195 ea
1615 1157 1732 1210 qua)
1761 1156 1790 1193 a

197 1239 314 1293 Deo
345 1237 478 1292 liunt
517 1235 814 1305 explorare,
845 1232 937 1286 sed
983 1232 1204 1286 credere
1249 1233 1312 1285 iis
1353 1248 1471 1301 qua:
1521 1232 1787 1285 dicuntur.

193 1331 336 1386 Nam
364 1330 575 1400 quamlo
608 1328 747 1381 Deus
792 1325 987 1394 aliquid
1045 1325 1387 1392 pronuntiat,
1433 1323 1590 1377 dii-tis
1629 1323 1796 1393 ipsius

189 1421 673 1477 contradiccndttm
721 1432 825 1470 non
864 1426 965 1480 est,
999 1416 1090 1470 sed
1127 1415 1230 1470 [ide
1259 1415 1502 1481 digniora
1551 1415 1792 1469 habenda

190 1523 328 1571 sunt
365 1530 486 1586 qua:
521 1529 549 1566 a
605 1513 711 1566 Deo
749 1511 1175 1579 pronuntiantur,
1208 1509 1415 1564 etiamsi
1450 1524 1551 1562 non
1572 1523 1788 1575 compa.

193 1615 378 1673 reant,
401 1619 559 1677 quam
575 1619 638 1659 ea
651 1618 768 1672 quae
789 1601 959 1655 oculis
975 1601 1172 1655 nostris
1185 1599 1416 1669 subjecta
1442 1608 1584 1654 sunt.
1606 1599 1790 1652 Enim-

191 1715 329 1754 vero
356 1698 629 1768 Scriptura
655 1695 810 1759 dixit,
840 1693 982 1762 quod
1013 1692 1342 1746 transtulerit
1365 1691 1532 1755 illum,
1581 1700 1634 1745 et
1650 1689 1790 1758 quod

190 1792 466 1848 viventem
499 1788 848 1853 transtulerit,
902 1803 1000 1842 nec
1034 1795 1260 1841 mortem
1289 1795 1541 1854 expertus
1565 1785 1668 1849 sit,
1697 1784 1789 1837 sed

187 1883 268 1938 ob
295 1897 473 1948 suum,
510 1897 666 1951 quem
696 1880 835 1950 apud
859 1880 1025 1935 Deum
1059 1879 1285 1934 habebat
1310 1877 1543 1932 favorem
1565 1919 1579 1941 ,
1630 1891 1789 1941 supe-

191 1974 310 2028 rior
339 1974 507 2028 factus
535 1973 603 2027 sit
629 1972 803 2026 divina
831 1971 1094 2026 sententia
1118 1979 1304 2024 contra
1359 1969 1646 2022 lunnauum
1692 1982 1786 2037 ge-

191 2079 300 2120 nus
325 2064 548 2134 prolata.
578 2063 695 2130 Quo
718 2071 895 2118 autem
922 2063 1070 2116 illum
1099 2060 1451 2128 transtulerit,
1481 2069 1536 2115 et
1563 2071 1791 2129 quatuo-

188 2157 267 2212 do
292 2171 437 2212 nunc
468 2165 610 2226 agat,
643 2154 743 2210 hoc
768 2171 875 2210 non
895 2154 1108 2225 adjecit.

272 2248 331 2303 5.
369 2245 561 2301 Vidisti
592 2245 881 2302 bonitatem
921 2244 1165 2308 Domini,
1197 2243 1467 2315 quomodo
1494 2243 1786 2299 inventum

190 2339 375 2393 virum
423 2339 511 2408 qui
540 2338 786 2392 virtutem
836 2343 1086 2407 operatus
1113 2345 1218 2401 est,
1261 2351 1364 2391 non
1407 2334 1671 2391 fraudavit
1704 2336 1792 2417 di-

187 2429 398 2500 gnitate
422 2443 578 2498 quam
608 2427 912 2497 primigenia:
941 2426 1138 2482 homini
1170 2435 1295 2481 ante
1323 2426 1558 2481 mandati
1607 2437 1788 2481 trans-

189 2518 528 2587 gressionem
571 2518 790 2588 largitus
828 2527 944 2573 erat
973 2533 987 2570 :
1020 2515 1221 2573 docens
1255 2532 1354 2573 nos
1377 2558 1392 2586 ,
1424 2531 1483 2573 se
1530 2528 1587 2574 et
1614 2518 1783 2582 illum,
1811 2597 1814 2600 .

191 2612 301 2666 nisi
327 2611 587 2666 dzemonis
612 2611 980 2682 deceptionem
1007 2609 1176 2680 pluris
1205 2609 1416 2665 fecisset
1445 2625 1603 2680 quam
1634 2609 1790 2665 tradi-

190 2713 310 2756 tum
341 2693 670 2765 mandatum,
701 2699 889 2756 eodem
912 2701 994 2755 vel
1018 2700 1206 2770 majori
1226 2700 1432 2756 honore
1448 2701 1785 2772 dignaturutn

193 2791 407 2847 fuisse?
431 2792 520 2847 25.
552 2791 617 2845 Et
645 2791 796 2858 vixit,
828 2791 1018 2861 inquit,
1049 2789 1344 2845 Mathmla
1381 2808 1544 2845 annos
1589 2803 1787 2846 centum

189 2893 238 2938 et
263 2885 517 2952 octoginta
541 2893 751 2952 septem,
780 2891 825 2935 et
849 2884 1021 2953 genuit
1052 2881 1271 2936 Lameclt
1303 2897 1324 2938 :
1347 2882 1439 2938 28.
1480 2894 1527 2938 et
1549 2883 1671 2938 risit
1690 2883 1788 2938 La.

189 2973 334 3028 merit
354 2989 513 3028 armos
539 2984 732 3028 centum
754 2975 1038 3044 octoginta,
1063 2972 1156 3029 29.
1194 2983 1244 3029 et
1283 2974 1453 3045 genuit
1500 2975 1686 3045 ﬁlium,
1738 2984 1786 3030 et

188 3065 469 3136 appellarit
491 3082 669 3120 nomen
690 3066 830 3120 illius
858 3065 992 3131 Noe,
1017 3067 1188 3121 dicens
1205 3082 1224 3120 :
1251 3066 1350 3119 llic
1370 3067 1679 3137 requiescere
1701 3073 1785 3140 fa-

187 3164 288 3218 ciet
317 3178 410 3217 nos
427 3163 490 3215 ab
511 3161 744 3229 aperibus
785 3162 989 3228 nostris,
1009 3171 1054 3216 et
1079 3178 1110 3214 a
1135 3161 1378 3215 molestiis
1409 3178 1648 3215 manuum
1692 3179 1784 3216 no-

189 3262 438 3318 strarum,
467 3264 512 3307 et
558 3269 590 3305 a
635 3233 770 3306 terra
810 3269 964 3323 quam
1011 3250 1275 3305 maledixit
1323 3250 1574 3306 Dominus
1625 3251 1782 3308 Deus.

195 3345 328 3402 Vide
350 3345 541 3401 iterum
572 3361 666 3415 per
690 3345 1098 3415 appellationem
1129 3360 1272 3400 nunc
1300 3348 1405 3399 nati
1452 3361 1516 3400 ex
1552 3345 1782 3402 Lamech

191 3438 572 3510 mysteriorum
606 3437 1021 3508 magnitudinem
1042 3478 1058 3501 ,
1091 3437 1322 3492 vaticinii
1369 3438 1740 3494 excellentiam
1765 3480 1780 3502 .

188 3539 248 3586 et
277 3529 372 3586 Dei
398 3529 528 3585 boni
552 3528 878 3585 inetfabilem
907 3529 1308 3599 benignitatem.
1340 3529 1602 3598 Quoniam
1639 3532 1781 3586 enim

193 3621 526 3691 prtescientia
556 3634 651 3676 sua
674 3620 1008 3691 'przevidebat
1048 3634 1108 3674 ea
1140 3635 1257 3690 quze
1295 3618 1466 3674 futura
1511 3630 1696 3686 erant;
1726 3629 1786 3676 ut

193 3712 325 3766 vidit
349 3711 609 3766 malitiam
641 3710 919 3767 hominum
946 3711 998 3764 in
1044 3711 1158 3765 dies
1195 3715 1362 3782 magis
1409 3724 1566 3781 atque
1614 3714 1784 3784 magis

193 3805 516 3868 increscere,
538 3801 778 3873 praedicit
794 3818 890 3872 per
911 3803 1319 3873 appellationem
1341 3804 1484 3872 pueri
1510 3803 1646 3857 mala
1666 3820 1783 3874 qua:

194 3903 363 3950 totum
387 3894 674 3948 humanum
701 3907 868 3965 genus
894 3894 1136 3948 invasnra
1169 3903 1369 3959 essent,
1395 3903 1451 3948 ut
1483 3894 1564 3948 vel
1591 3895 1782 3950 timore

189 3986 431 4056 castigati
462 3984 853 4040 abducerentur
881 3999 909 4037 a
942 3984 1102 4048 vitiis,
1136 3992 1190 4038 et
1217 3986 1650 4053 amplexarentur
1677 3987 1784 4041 vir-

193 4085 380 4131 tutem.
416 4075 484 4130 Et
512 4075 630 4131 vide
674 4074 981 4146 patientiam
1011 4075 1216 4129 Domini
1245 4077 1505 4140 curantis,
1559 4086 1616 4132 ut
1658 4088 1785 4134 ante

195 4176 401 4223 tantum
450 4173 660 4236 tempus
683 4165 991 4220 vaticinium
1031 4165 1387 4236 prtecederet,
1435 4177 1490 4222 ut
1531 4177 1584 4223 et
1631 4185 1780 4224 suam

194 4257 499 4314 ostenderet
519 4256 957 4320 misericordiam.
980 4266 1034 4313 et
1053 4257 1196 4314 omni
1217 4259 1446 4327 privaret
1473 4259 1782 4318 defensioue

196 4367 290 4409 eos
319 4352 408 4423 qui
442 4367 613 4422 preme
644 4350 804 4405 futuri
833 4361 984 4406 erant
1009 4352 1243 4406 obnoxii.

268 4442 370 4498 Per
389 4444 622 4512 indignos
648 4443 898 4497 interdum
929 4442 1101 4511 futura
1124 4442 1334 4511 prazdici
1356 4444 1459 4497 vult
1497 4443 1632 4499 Deus
1684 4445 1781 4501 Ge-

198 4539 328 4590 neris
367 4535 577 4589 humani
618 4537 848 4589 interitus
877 4536 1017 4604 quies
1045 4545 1344 4590 vocatur.—
1359 4537 1468 4592 Sed
1497 4536 1634 4592 forte
1663 4540 1781 4608 quis

203 4625 396 4680 dixerit
427 4643 439 4679 :
472 4623 624 4680 Unde
646 4621 876 4680 L'ameclt
909 4624 1010 4679 boc
1038 4625 1238 4689 habuit,
1293 4635 1350 4680 ut
1398 4635 1598 4681 tantum
1644 4629 1776 4682 vati-

194 4717 392 4772 cinium
421 4715 769 4785 praediceret?
795 4731 899 4768 non
931 4716 1072 4770 enim
1099 4717 1340 4770 meminit
1364 4717 1642 4788 Scriptura
1658 4735 1778 4774 eum

199 4805 360 4859 multa
371 4805 568 4860 virtute
582 4805 857 4872 claruisse,
873 4806 1348 4876 admirabilemque
1370 4808 1549 4864 fuisse.
1584 4808 1660 4864 Ne
1681 4811 1781 4865 mi-

197 4895 352 4958 reris,
382 4894 575 4950 dilecte
601 4911 614 4946 :
645 4896 898 4950 Dominus
924 4897 1066 4950 enim
1096 4905 1278 4952 noster
1297 4900 1510 4967 sapiens
1525 4909 1578 4953 et
1607 4902 1784 4956 omni-

201 4994 406 5056 potens,
439 4999 536 5055 per
573 4984 819 5056 indignos
862 5001 1004 5056 SthC
1048 4989 1292 5042 concedit
1321 4991 1531 5058 przrdici
1562 5007 1782 5061 magnas

201 5075 572 5145 tuirabilesque
610 5092 740 5130 res:
793 5075 951 5147 idque
993 5094 1098 5133 non
1130 5078 1182 5132 in
1231 5079 1406 5136 Veteri
1437 5081 1783 5139 Testamento

201 5165 390 5229 solum,
417 5165 511 5220 sed
541 5176 595 5219 et
622 5167 672 5220 in
715 5166 885 5222 Novo.
917 5169 1054 5222 Audi
1097 5170 1238 5224 enim
1279 5173 1660 5242 evangelistam
1714 5175 1785 5231 de

200 5255 392 5326 Caipba
423 5255 727 5311 Judteorum
760 5258 1008 5327 pontiﬁce
1027 5260 1290 5316 dicentem
1325 5279 1345 5317 :
1393 5262 1506 5317 Hoc
1545 5276 1713 5320 autem
1751 5284 1784 5322 a

201 5347 458 5416 sentetipso
500 5363 601 5402 non
623 5349 769 5414 dixit,
796 5349 884 5404 sed
910 5366 1024 5404 cum
1061 5363 1187 5405 esset
1214 5356 1444 5425 pontin
1463 5357 1586 5410 anni
1606 5357 1778 5427 illius,

201 5438 433 5508 prodixit
461 5440 758 5492 moriturum
786 5457 891 5495 esse
909 5440 1104 5508 Iesum,
1132 5461 1234 5497 non
1269 5446 1434 5500 solum
1454 5464 1547 5518 pro
1569 5453 1782 5520 populo,

204 5530 285 5586 sed
326 5540 381 5584 ut
403 5540 574 5603 gentes
607 5532 863 5601 dispersas
885 5545 1209 5606 cmgregaret
1236 5537 1288 5590 in
1313 5554 1474 5593 unum
1506 5541 1780 5611 (Joan.tl.

209 5621 314 5692 bl).
336 5620 579 5678 Invenies
608 5623 733 5678 item
762 5633 814 5678 et
838 5639 867 5678 a
897 5625 1108 5681 Balaam
1138 5628 1241 5684 tale
1271 5631 1398 5700 quid
1429 5631 1646 5688 factum.
1681 5636 1784 5689 Vo-

203 5721 344 5768 catus
370 5711 514 5768 enim
564 5722 616 5768 ut
650 5714 990 5772 malediceret
1018 5721 1272 5788 populum
1293 5762 1307 5786 ,
1335 5737 1442 5778 non
1468 5724 1639 5779 solum
1674 5741 1778 5781 non

206 5802 489 5869 maledixit,
519 5803 612 5859 scd
634 5814 689 5861 et
714 5806 957 5875 pmdixit
985 5809 1179 5865 multas
1209 5811 1476 5883 mirasque
1502 5829 1622 5880 res,
1673 5832 1778 5873 una

205 5890 265 5951 de
290 5895 485 5967 popqu
513 5905 738 5968 tantum,
760 5899 853 5956 sed
882 5901 1042 5959 etiam
1088 5901 1156 5959 de
1205 5904 1434 5962 adventu
1477 5905 1772 5968 Salvatoris

1178 427 1183 432 δ
1275 472 1340 530 IN
1377 472 1528 530 CAP.
1573 472 1632 528 ν.
1675 472 1786 530 GEI

1895 506 1916 528 ι.
1960 474 2186 534 IIOMIL.
2229 477 2370 537 XXI.
3411 489 3509 544 {8‘3

1917 595 2082 647 nostri
2110 593 2297 663 (Num.
2329 595 2443 668 24).
2471 596 2583 651 Non
2618 598 2775 670 igitur
2805 601 3034 668 mireris,
3079 600 3123 657 si
3174 604 3332 659 etiam
3364 622 3504 660 nunc

1910 681 2142 738 Lamech
2169 686 2235 739 ita
2270 703 2490 755 puerum
2521 691 2817 760 appellarit.
2841 693 2934 747 sed
2968 695 3072 746 Deo
3105 703 3273 749 totum
3307 698 3502 764 tribue,

1907 774 1995 841 qui
2022 775 2203 829 solerti
2229 793 2321 830 sua
2351 780 2610 848 sapientia
2641 794 2829 838 concta
2858 786 3154 854 dispensat.
3206 787 3272 842 Et
3314 794 3502 844 vocarit

1906 879 2088 918 nomen
2111 867 2247 921 illitis
2277 867 2406 923 Noe.
2436 871 2544 927 lloc
2591 891 2806 937 nomen.
2859 877 2901 931 si
2949 879 3068 946 quis
3101 881 3498 949 interpretetur,

1904 955 2136 1025 quietem
2165 959 2311 1012 dicit.
2345 961 2587 1026 Quietem
2612 978 2808 1027 autem
2843 977 2996 1021 vocat
3020 971 3325 1036 generalem
3354 970 3499 1024 illum

1907 1045 2178 1103 interitu‘m
2210 1063 2328 1120 post
2358 1058 2554 1111 multos
2606 1074 2775 1113 annos
2832 1059 3100 1127 futurum;
3136 1063 3272 1118 sicut
3301 1073 3356 1119 et
3400 1063 3504 1118 Job

1902 1137 2027 1193 dicit
2055 1162 2066 1195 :
2105 1141 2248 1198 Mors
2287 1147 2391 1199 t'iro
2416 1154 2555 1214 quies
2583 1149 2699 1218 (Job
2731 1153 2783 1206 3.
2811 1152 2906 1223 25)
2937 1172 2950 1207 :
3005 1157 3258 1224 qu0niam
3301 1158 3499 1212 multus

1902 1241 2053 1286 estet
2083 1237 2234 1290 valde
2262 1253 2482 1308 magnus
2513 1241 2662 1295 labor
2710 1245 2945 1310 malitim,
2987 1247 3102 1314 ejus
3143 1252 3495 1304 cessationem

1901 1333 1955 1377 et
1982 1327 2331 1394 perditionem
2366 1347 2458 1400 per
2488 1334 2742 1388 diluvium
2769 1336 3020 1402 futuram,
3050 1341 3281 1408 quietem
3317 1352 3491 1397 vocat.

1903 1413 1968 1467 Et
1995 1420 2184 1473 vocavit
2211 1437 2390 1476 nomen
2413 1424 2552 1479 illius
2579 1425 2709 1480 Noe.
2742 1427 2940 1483 Deinde
2965 1432 3373 1498 appellationem
3404 1452 3497 1489 no-

1902 1508 2060 1563 minis
2091 1510 2490 1580 interpretatut',
2518 1525 2572 1568 et
2605 1517 2733 1571 dicit
2759 1535 2772 1570 :
2807 1517 2908 1572 Hic
2931 1525 3101 1590 utique
3121 1525 3333 1592 quietem
3355 1527 3496 1580 nobis

1901 1602 2157 1667 prttstubit
2195 1603 2256 1656 ab
2288 1607 2519 1674 aperibus
2541 1613 2727 1665 nostris
2748 1628 2766 1664 :
2804 1628 2830 1665 a
2863 1615 3307 1684 malitia,‘iuqnit,
3337 1634 3494 1673 aver-

1903 1698 1995 1756 tct,
2028 1690 2097 1743 Et
2123 1709 2154 1744 a
2192 1695 2433 1750 molestiis
2461 1714 2698 1752 manuum
2727 1712 3014 1756 nostrarum
3040 1721 3059 1758 .'
3090 1717 3141 1758 et
3172 1706 3361 1761 iterum
3395 1709 3495 1763 huc

1901 1778 2092 1847 ipsum,
2126 1791 2193 1835 ab
2219 1786 2488 1851 operibus,
2535 1789 2738 1859 inquit,
2786 1793 2962 1848 malis.
3008 1794 3122 1848 Non
3155 1797 3296 1851 enim
3343 1799 3491 1862 dicit.

1899 1885 2088 1926 manus
2117 1873 2301 1930 dolore
2327 1876 2544 1933 allec-tas
2578 1898 2590 1933 :
2632 1882 2723 1936 sed
2757 1900 2851 1952 per
2877 1886 3086 1942 illarum
3117 1905 3280 1958 opera
3304 1901 3354 1946 et
3382 1908 3495 1946 tua-

1899 1959 1977 2014 las
2002 1963 2259 2029 actiones,
2293 1969 2564 2026 molestias
2590 1984 2774 2028 auctas
2800 1974 2982 2033 fuisse.
3021 1978 3082 2031 Et
3105 1997 3135 2032 α
3163 1991 3314 2045 terra,
3339 1999 3493 2052 quam

1899 2055 2159 2108 maledixit
2189 2056 2436 2113 Dominus
2465 2061 2622 2116 Deus.
2648 2064 2914 2122 Liberabit
2937 2084 3050 2132 nos,
3079 2071 3266 2140 inquit,
3292 2074 3358 2128 ab
3379 2091 3496 2128 oni-

1897 2145 2052 2199 nibus
2109 2149 2263 2204 malis
2307 2155 2706 2223 prementibus,
2753 2167 2808 2214 et
2852 2159 3127 2216 laboribus
3155 2173 3211 2218 et
3263 2165 3496 2220 miseriis

1897 2252 2028 2306 quas
2059 2240 2300 2296 subinms
2328 2246 2375 2298 in
2420 2257 2557 2300 terra
2594 2251 2841 2318 colenda,
2869 2269 2988 2323 quae
3016 2255 3374 2312 maledictioni
3408 2258 3490 2313 fa-

1896 2341 1978 2385 cta
2008 2344 2088 2386 est
2115 2331 2343 2391 obnoxia
2367 2349 2579 2408 propter
2602 2344 2910 2415 primigenre
2933 2346 3165 2404 hominis
3196 2362 3492 2422 transgres-

1895 2425 2123 2481 sionem.
2153 2429 2246 2482 llic
2286 2431 2676 2499 animadverte,
2710 2437 2924 2504 dilecte,
2965 2445 3236 2511 quomodo
3281 2445 3495 2515 puellus

1898 2516 1998 2570 iste
2043 2519 2292 2586 paulatim
2339 2537 2624 2592 crescens,
2678 2529 2927 2585 omnibus
2971 2531 3144 2602 ipsum
3188 2535 3494 2594 videntibus

1895 2606 2133 2664 discendi
2184 2614 2393 2668 occasio
2446 2616 2623 2671 fuerit.
2676 2619 2807 2674 Nam
2859 2639 2980 2678 mox
3035 2633 3090 2681 ut
3125 2627 3244 2697 quis
3294 2644 3490 2684 nomen

1897 2702 2046 2770 pueri
2074 2703 2376 2762 sciscitatus
2420 2716 2521 2774 est,
2550 2724 2616 2765 ex
2645 2701 3085 2786 interpretatione
3129 2720 3376 2775 vocabuli
3406 2722 3490 2777 di-

1895 2789 2026 2846 dicit
2067 2805 2382 2851 eventurum
2427 2801 2731 2867 generalem
2768 2801 3060 2862 interitum.
3102 2808 3235 2864 Nam
3281 2813 3325 2865 si
3371 2816 3489 2881 quis

1893 2881 2076 2939 divino
2118 2883 2320 2956 Spiritu
2367 2889 2581 2947 afﬂatus
2631 2893 2944 2964 simpliciter
2975 2901 3075 2956 hoc
3115 2904 3346 2958 futurum
3401 2908 3487 2960 di-

1898 2975 2086 3041 xisset,
2134 2975 2188 3032 id
2209 2979 2387 3034 statim
2437 2982 2623 3038 fuisset
2648 2984 2902 3042 oblivioni
2934 2989 3205 3058 traditum,
3229 3003 3283 3050 et
3309 2998 3487 3066 gravi-

1897 3077 1976 3122 tas
2022 3084 2194 3139 pozna:
2231 3088 2336 3127 non
2368 3071 2554 3130 fuisset
2581 3079 2829 3135 omnibus
2859 3083 3069 3155 cognita
3103 3102 3119 3138 :
3148 3101 3292 3142 nunc
3310 3097 3488 3144 autem

1894 3160 2015 3226 quia
2067 3160 2154 3215 hic
2189 3173 2312 3240 ante
2341 3166 2579 3220 omnium
2607 3180 2849 3225 versatur
2872 3175 3077 3240 oculos,
3101 3180 3416 3247 tempestive
3435 3191 3491 3236 et

1895 3251 2268 3320 intempestive
2293 3254 2529 3312 divinam
2559 3265 3016 3321 commemorabat
3040 3266 3486 3339 indignationem.

1895 3341 2061 3398 Porro
2109 3354 2170 3400 ut
2214 3356 2361 3402 certo
2393 3349 2625 3404 sciamus
2650 3364 2852 3422 quanto
2883 3365 3122 3428 tempore
3178 3377 3490 3432 persevcra-

1892 3433 2029 3488 verit
2052 3432 2193 3489 ﬁlius
2220 3451 2315 3506 per
2338 3439 2418 3493 sui
2449 3442 2683 3499 nominis
2731 3449 3141 3516 appellationem
3172 3470 3361 3512 omnes
3396 3459 3492 3515 ad-

1892 3539 2113 3580 monere
2142 3536 2201 3581 ut
2224 3527 2548 3591 desisterent
2575 3548 2606 3588 a
2648 3546 2884 3605 peccato,
2918 3549 2972 3594 et
2997 3541 3245 3598 virtutem
3283 3549 3488 3617 ample-

1890 3627 2160 3682 xarentur,
2189 3634 2292 3688 quo
2319 3620 2450 3674 iram
2481 3622 2617 3678 hanc
2637 3625 2872 3694 eﬂ'ttgere
2915 3631 3174 3698 valerent,
3194 3635 3323 3690 dicit
3350 3655 3364 3690 :
3392 3638 3485 3694 52.

1890 3705 1958 3760 Et
1993 3719 2098 3762 erat
2127 3709 2237 3764 Noe
2273 3728 2526 3767 annorum
2559 3717 2968 3788 quingentorum,
2994 3731 3041 3777 et
3081 3728 3255 3795 genuit
3291 3739 3390 3784 tres
3416 3731 3488 3796 ﬁ-

1889 3801 2005 3855 lios.
2040 3801 2172 3856 Vide
2198 3802 2386 3860 iterum
2416 3807 2576 3862 alium
2603 3809 2804 3878 justum
2844 3829 2965 3870 cum
3020 3832 3186 3875 uxore
3222 3830 3276 3876 et
3327 3823 3484 3892 ﬁliis,

1890 3893 1981 3962 qui
2027 3894 2165 3950 bene
2197 3898 2466 3966 operando
2493 3901 2778 3958 admodum
2828 3907 3025 3976 placuit
3062 3911 3190 3981 Deo,
3223 3924 3277 3969 et
3303 3929 3488 3974 contra

1889 4000 2046 4054 quam
2075 4001 2262 4042 omnes
2287 3991 2535 4058 agebant,
2567 3995 2778 4050 virtutis
2809 3999 2945 4054 viam
2983 4002 3148 4072 elegit
3178 4022 3191 4058 :
3221 4015 3274 4060 et
3313 4024 3488 4078 neque

1892 4076 2086 4144 nuptiis
2115 4118 2128 4141 ,
2182 4095 2352 4149 neque
2400 4081 2629 4138 filiorum
2675 4087 2993 4146 educatione
3044 4094 3340 4160 prohibitus
3383 4076 3487 4157 est.

1892 4165 2059 4222 Porro
2082 4168 2506 4240 obstupescenda
2535 4185 2617 4230 est
2656 4177 2937 4236 ineffabilis
2987 4186 3239 4254 patientia
3276 4190 3388 4254 Dei,
3432 4204 3484 4248 et

1889 4259 2190 4331 prodigiosa
2219 4261 2495 4320 hominum
2519 4309 2533 4332 ,
2576 4268 2666 4338 qtti
2698 4280 2820 4326 tunc
2848 4286 3035 4342 erant,
3065 4280 3320 4350 nequitia.
3342 4283 3484 4340 Ecce

1888 4353 2030 4406 enim
2052 4355 2354 4424 quingentis
2398 4358 2549 4413 annis
2578 4360 2782 4416 vixerat
2807 4363 2984 4434 justus
3013 4369 3119 4437 ille,
3150 4372 3388 4428 clamans
3431 4388 3489 4431 et

1892 4444 2179 4500 testiﬁcans
2209 4463 2308 4503 suo
2335 4450 2552 4506 nomine
2581 4451 2815 4509 futurum
2846 4473 2939 4528 per
2966 4463 3271 4520 universum
3299 4468 3485 4525 orbem

1887 4539 2164 4606 diluvium,
2197 4541 2265 4596 ob
2290 4543 2505 4596 nimiam
2555 4545 2830 4603 hominum
2861 4553 3116 4610 malitiam
3143 4598 3156 4620 ,
3208 4567 3260 4612 et
3313 4575 3487 4631 neque

1889 4631 1967 4685 sic
1992 4647 2020 4684 a
2053 4634 2286 4702 nequitia
2319 4635 2591 4692 abstinere
2620 4641 2923 4698 voluerunt.
2959 4646 3027 4700 At
3057 4648 3294 4707 clemens
3341 4652 3486 4711 Deus

1891 4735 2061 4790 nequc
2092 4733 2207 4791 post
2238 4731 2439 4778 tantum
2469 4727 2798 4798 vaticinium,
2832 4749 3004 4804 neque
3035 4747 3152 4806 post
3196 4749 3276 4794 tot
3313 4757 3484 4798 anno-

1890 4827 2008 4867 rum
2033 4831 2312 4869 numerum
2343 4832 2553 4887 ptenam
2586 4821 2782 4878 inducit
2813 4840 2828 4877 :
2857 4828 2952 4881 sed
2979 4828 3154 4884 denuo
3201 4846 3354 4888 suam
3385 4850 3485 4890 auo

1889 4913 2072 4960 cturus
2101 4907 2431 4974 patientiam,
2481 4911 2615 4967 alios
2660 4930 2763 4969 non
2791 4932 2986 4986 pauens
3013 4936 3183 4976 annos
3210 4939 3320 4978 suae
3349 4928 3487 4982 tole-

1890 4998 2075 5053 rantia:
2105 4999 2362 5070 adjuugit.
2393 5001 2576 5072 Neque
2599 5007 2738 5060 enim
2774 5009 2891 5064 ideo
2923 5013 3169 5080 produxit
3195 5014 3491 5074 humanum

1889 5104 2060 5159 genus
2085 5103 2140 5145 ut
2163 5095 2394 5161 puniret,
2421 5095 2514 5150 sed
2547 5098 2706 5167 plane
2735 5116 2766 5153 e
2787 5101 3019 5167 diverso,
3056 5115 3108 5158 ut
3136 5107 3358 5163 denarel
3386 5127 3484 5163 no-

1891 5179 1974 5235 bis
2020 5181 2296 5238 innumera
2325 5185 2461 5240 bona
2493 5189 2686 5256 quibus
2716 5191 3034 5250 lrueremur.
3096 5198 3161 5251 Et
3206 5213 3491 5270 propterea

1891 5271 2062 5341 ipsum
2086 5272 2282 5344 ubique
2313 5276 2461 5332 vides
2485 5291 2842 5349 cunctantem,
2891 5297 2945 5340 et
2981 5303 3159 5345 moras
3182 5302 3484 5348 neotentem

1891 5362 1944 5414 in
1971 5364 2142 5432 pmnis
2175 5366 2493 5436 inlligendis.
2525 5369 2718 5427 Verum
2754 5390 2821 5430 ne
2859 5376 3121 5433 dictorum
3152 5380 3495 5439 multitudine

1892 5455 2206 5511 memoriam
2252 5470 2485 5515 vestram
2541 5464 2867 5533 obruamus,
2921 5468 3005 5522 hic
3057 5486 3363 5528 sermonem
3415 5475 3489 5529 si-

1888 5553 2114 5611 stentos,
2145 5559 2338 5604 cratera
2385 5567 2552 5623 usque
2581 5554 2633 5609 in
2679 5560 2967 5616 crastinum
2999 5578 3344 5632 reponemus.

1963 5637 2016 5694 6.
2060 5638 2276 5697 Muralis
2298 5644 2785 5716 epilogum—ﬂre
2823 5665 3022 5721 autem,
3061 5672 3127 5710 ne
3170 5654 3487 5729 simpliciter

1893 5739 1948 5782 et
1978 5729 2440 5790 inconsideranter
2467 5737 2766 5808 audiamus,
2795 5743 2971 5798 dilecti
3012 5762 3025 5798 :
3053 5745 3147 5800 sed
3173 5750 3480 5807 erudiamus

1893 5817 1960 5876 ad
1994 5819 2250 5878 virtutum
2293 5839 2476 5880 curam
2516 5830 2800 5898 agendam,
2850 5835 3246 5908 admodumque
3274 5844 3479 5897 studea-

1894 5927 2014 5968 mus
2043 5911 2153 5970 Deo
2179 5915 2318 5972 bene
2349 5918 2590 5987 placere;
2641 5933 2692 5978 ct
2719 5939 2891 5994 neque
2923 5942 3112 5984 donius
3141 5931 3486 6002 gubernatio.-
