  <div class='ocr_page' id='page_1' title='image "/cluster/home/n/w/nwhite01/storage/ocr_20150623/53/uva.x030486927/185.png"; bbox 0 0 4152 6518; ppageno 0'>
   <div class='ocr_carea' id='block_1_1' title="bbox 703 467 802 523">
    <p class='ocr_par' dir='ltr' id='par_1_1' title="bbox 703 467 802 523">
     <span class='ocr_line' id='line_1_1' title="bbox 703 467 802 523; baseline -0.02 0"><span class='ocrx_word' id='word_1_1' title='bbox 703 467 802 523; x_wconf 76' lang='lat' dir='ltr'><strong>I85</strong></span> 
     </span>
    </p>
   </div>
   <div class='ocr_carea' id='block_1_2' title="bbox 701 571 2262 643">
    <p class='ocr_par' dir='ltr' id='par_1_2' title="bbox 701 571 2262 643">
     <span class='ocr_line' id='line_1_2' title="bbox 701 571 2262 643; baseline -0.007 -14"><span class='ocrx_word' id='word_1_2' title='bbox 701 591 840 638; x_wconf 87' lang='lat' dir='ltr'><strong>nem,</strong></span> <span class='ocrx_word' id='word_1_3' title='bbox 874 589 1043 643; x_wconf 69' lang='lat' dir='ltr'><strong>neque</strong></span> <span class='ocrx_word' id='word_1_4' title='bbox 1074 575 1254 628; x_wconf 79' lang='lat' dir='ltr'><strong>uxoris</strong></span> <span class='ocrx_word' id='word_1_5' title='bbox 1294 587 1493 637; x_wconf 84' lang='lat' dir='ltr'><strong>curam,</strong></span> <span class='ocrx_word' id='word_1_6' title='bbox 1533 589 1701 642; x_wconf 81' lang='lat' dir='ltr'><strong>neque</strong></span> <span class='ocrx_word' id='word_1_7' title='bbox 1731 573 1956 628; x_wconf 85' lang='lat' dir='ltr'><strong>liliorum</strong></span> <span class='ocrx_word' id='word_1_8' title='bbox 2006 571 2262 626; x_wconf 67' lang='lat' dir='ltr'><strong>sollieita—</strong></span> 
     </span>
    </p>
   </div>
   <div class='ocr_carea' id='block_1_3' title="bbox 703 663 2242 734">
    <p class='ocr_par' dir='ltr' id='par_1_3' title="bbox 703 663 2242 734">
     <span class='ocr_line' id='line_1_3' title="bbox 703 663 2242 734; baseline -0.001 -16"><span class='ocrx_word' id='word_1_9' title='bbox 703 667 898 727; x_wconf 42' lang='lat' dir='ltr'><strong>tlinem,</strong></span> <span class='ocrx_word' id='word_1_10' title='bbox 933 680 1102 734; x_wconf 87' lang='lat' dir='ltr'><strong>neque</strong></span> <span class='ocrx_word' id='word_1_11' title='bbox 1138 666 1276 718; x_wconf 92' lang='lat' dir='ltr'><strong>aliud</strong></span> <span class='ocrx_word' id='word_1_12' title='bbox 1304 664 1549 734; x_wconf 76' lang='lat' dir='ltr'><strong>quiddam</strong></span> <span class='ocrx_word' id='word_1_13' title='bbox 1595 675 1965 733; x_wconf 70' lang='lat' dir='ltr'><strong>prtetevatnus,</strong></span> <span class='ocrx_word' id='word_1_14' title='bbox 1993 663 2126 734; x_wconf 63' lang='lat' dir='ltr'><strong>quovl</strong></span> <span class='ocrx_word' id='word_1_15' title='bbox 2179 680 2242 731; x_wconf 88' lang='lat' dir='ltr'><strong>pu</strong></span> 
     </span>
    </p>
   </div>
   <div class='ocr_carea' id='block_1_4' title="bbox 704 758 2264 826">
    <p class='ocr_par' dir='ltr' id='par_1_4' title="bbox 704 758 2264 826">
     <span class='ocr_line' id='line_1_4' title="bbox 704 758 2264 826; baseline -0.003 -16"><span class='ocrx_word' id='word_1_16' title='bbox 704 770 874 815; x_wconf 76' lang='lat' dir='ltr'><strong>tentus</strong></span> <span class='ocrx_word' id='word_1_17' title='bbox 903 761 1029 814; x_wconf 53' lang='lat' dir='ltr'><strong>Safis</strong></span> <span class='ocrx_word' id='word_1_18' title='bbox 1058 776 1178 814; x_wconf 88' lang='lat' dir='ltr'><strong>esse</strong></span> <span class='ocrx_word' id='word_1_19' title='bbox 1219 760 1282 812; x_wconf 92' lang='lat' dir='ltr'><strong>ad</strong></span> <span class='ocrx_word' id='word_1_20' title='bbox 1328 760 1686 812; x_wconf 72' lang='lat' dir='ltr'><strong>excusandam</strong></span> <span class='ocrx_word' id='word_1_21' title='bbox 1732 772 1960 812; x_wconf 87' lang='lat' dir='ltr'><strong>nostram</strong></span> <span class='ocrx_word' id='word_1_22' title='bbox 2003 758 2264 826; x_wconf 62' lang='lat' dir='ltr'><strong>negllgcuo</strong></span> 
     </span>
    </p>
   </div>
   <div class='ocr_carea' id='block_1_5' title="bbox 707 846 2271 917">
    <p class='ocr_par' dir='ltr' id='par_1_5' title="bbox 707 846 2271 917">
     <span class='ocr_line' id='line_1_5' title="bbox 707 846 2271 917; baseline -0.003 -15"><span class='ocrx_word' id='word_1_23' title='bbox 707 860 835 912; x_wconf 86' lang='lat' dir='ltr'><strong>lem,</strong></span> <span class='ocrx_word' id='word_1_24' title='bbox 881 849 1220 917; x_wconf 74' lang='lat' dir='ltr'><strong>desidemque</strong></span> <span class='ocrx_word' id='word_1_25' title='bbox 1267 851 1425 901; x_wconf 73' lang='lat' dir='ltr'><strong>vitam</strong></span> <span class='ocrx_word' id='word_1_26' title='bbox 1477 867 1488 902; x_wconf 92' lang='lat'>:</span> <span class='ocrx_word' id='word_1_27' title='bbox 1537 866 1706 915; x_wconf 75' lang='lat' dir='ltr'><strong>neque</strong></span> <span class='ocrx_word' id='word_1_28' title='bbox 1757 848 1935 916; x_wconf 81' lang='lat' dir='ltr'><strong>frigida</strong></span> <span class='ocrx_word' id='word_1_29' title='bbox 1984 847 2070 899; x_wconf 89' lang='lat' dir='ltr'><strong>illa</strong></span> <span class='ocrx_word' id='word_1_30' title='bbox 2114 846 2271 899; x_wconf 80' lang='lat' dir='ltr'><strong>verba</strong></span> 
     </span>
    </p>
   </div>
   <div class='ocr_carea' id='block_1_6' title="bbox 708 938 2271 1008">
    <p class='ocr_par' dir='ltr' id='par_1_6' title="bbox 708 938 2271 1008">
     <span class='ocr_line' id='line_1_6' title="bbox 708 938 2271 1008; baseline -0.003 -18"><span class='ocrx_word' id='word_1_31' title='bbox 708 939 1059 1008; x_wconf 84' lang='lat' dir='ltr'><strong>proferamus,</strong></span> <span class='ocrx_word' id='word_1_32' title='bbox 1113 949 1163 992; x_wconf 91' lang='lat' dir='ltr'><strong>ct</strong></span> <span class='ocrx_word' id='word_1_33' title='bbox 1207 938 1440 992; x_wconf 76' lang='lat' dir='ltr'><strong>dicamus</strong></span> <span class='ocrx_word' id='word_1_34' title='bbox 1482 956 1494 990; x_wconf 89' lang='lat'><strong>:</strong></span> <span class='ocrx_word' id='word_1_35' title='bbox 1542 939 1831 992; x_wconf 77' lang='lat' dir='ltr'><strong>Mundauus</strong></span> <span class='ocrx_word' id='word_1_36' title='bbox 1876 953 2010 999; x_wconf 90' lang='lat' dir='ltr'><strong>sttm,</strong></span> <span class='ocrx_word' id='word_1_37' title='bbox 2056 947 2271 988; x_wconf 78' lang='lat' dir='ltr'><strong>uxorem</strong></span> 
     </span>
    </p>
   </div>
   <div class='ocr_carea' id='block_1_7' title="bbox 709 1024 2274 1095">
    <p class='ocr_par' dir='ltr' id='par_1_7' title="bbox 709 1024 2274 1095">
     <span class='ocr_line' id='line_1_7' title="bbox 709 1024 2274 1095; baseline -0.002 -15"><span class='ocrx_word' id='word_1_38' title='bbox 709 1026 898 1092; x_wconf 83' lang='lat' dir='ltr'><strong>habco,</strong></span> <span class='ocrx_word' id='word_1_39' title='bbox 925 1035 976 1080; x_wconf 89' lang='lat' dir='ltr'><strong>et</strong></span> <span class='ocrx_word' id='word_1_40' title='bbox 1003 1028 1288 1080; x_wconf 88' lang='lat' dir='ltr'><strong>liberorum</strong></span> <span class='ocrx_word' id='word_1_41' title='bbox 1317 1043 1497 1080; x_wconf 89' lang='lat' dir='ltr'><strong>curant</strong></span> <span class='ocrx_word' id='word_1_42' title='bbox 1534 1043 1661 1095; x_wconf 77' lang='lat' dir='ltr'><strong>gero</strong></span> <span class='ocrx_word' id='word_1_43' title='bbox 1693 1045 1706 1081; x_wconf 89' lang='lat'><strong>:</strong></span> <span class='ocrx_word' id='word_1_44' title='bbox 1740 1026 1789 1079; x_wconf 91' lang='lat' dir='ltr'><strong>id</strong></span> <span class='ocrx_word' id='word_1_45' title='bbox 1831 1024 1970 1095; x_wconf 89' lang='lat' dir='ltr'><strong>quod</strong></span> <span class='ocrx_word' id='word_1_46' title='bbox 2007 1024 2155 1078; x_wconf 82' lang='lat' dir='ltr'><strong>multi</strong></span> <span class='ocrx_word' id='word_1_47' title='bbox 2184 1038 2274 1077; x_wconf 83' lang='lat' dir='ltr'><strong>so-</strong></span> 
     </span>
    </p>
   </div>
   <div class='ocr_carea' id='block_1_8' title="bbox 710 1114 2271 1183">
    <p class='ocr_par' dir='ltr' id='par_1_8' title="bbox 710 1114 2271 1183">
     <span class='ocr_line' id='line_1_8' title="bbox 710 1114 2271 1183; baseline -0.003 -15"><span class='ocrx_word' id='word_1_48' title='bbox 710 1114 820 1168; x_wconf 88' lang='lat' dir='ltr'><strong>lcut</strong></span> <span class='ocrx_word' id='word_1_49' title='bbox 843 1116 1038 1179; x_wconf 85' lang='lat' dir='ltr'><strong>dicere,</strong></span> <span class='ocrx_word' id='word_1_50' title='bbox 1084 1116 1124 1165; x_wconf 93' lang='lat' dir='ltr'><strong>si</strong></span> <span class='ocrx_word' id='word_1_51' title='bbox 1157 1116 1367 1183; x_wconf 88' lang='lat' dir='ltr'><strong>quando</strong></span> <span class='ocrx_word' id='word_1_52' title='bbox 1416 1132 1508 1168; x_wconf 86' lang='lat' dir='ltr'><strong>eos</strong></span> <span class='ocrx_word' id='word_1_53' title='bbox 1553 1130 1793 1183; x_wconf 76' lang='lat' dir='ltr'><strong>rogamus</strong></span> <span class='ocrx_word' id='word_1_54' title='bbox 1834 1125 1890 1167; x_wconf 91' lang='lat' dir='ltr'><strong>ut</strong></span> <span class='ocrx_word' id='word_1_55' title='bbox 1928 1114 1992 1167; x_wconf 90' lang='lat' dir='ltr'><strong>ad</strong></span> <span class='ocrx_word' id='word_1_56' title='bbox 2025 1115 2271 1166; x_wconf 90' lang='lat' dir='ltr'><strong>virtutum</strong></span> 
     </span>
    </p>
   </div>
   <div class='ocr_carea' id='block_1_9' title="bbox 711 1205 2278 1273">
    <p class='ocr_par' dir='ltr' id='par_1_9' title="bbox 711 1205 2278 1273">
     <span class='ocr_line' id='line_1_9' title="bbox 711 1205 2278 1273; baseline -0.002 -14"><span class='ocrx_word' id='word_1_57' title='bbox 711 1205 920 1259; x_wconf 86' lang='lat' dir='ltr'><strong>labores</strong></span> <span class='ocrx_word' id='word_1_58' title='bbox 951 1206 1330 1273; x_wconf 89' lang='lat' dir='ltr'><strong>ingrediantur,</strong></span> <span class='ocrx_word' id='word_1_59' title='bbox 1365 1209 1440 1260; x_wconf 91' lang='lat' dir='ltr'><strong>vel</strong></span> <span class='ocrx_word' id='word_1_60' title='bbox 1476 1207 1694 1258; x_wconf 86' lang='lat' dir='ltr'><strong>multum</strong></span> <span class='ocrx_word' id='word_1_61' title='bbox 1737 1206 1963 1259; x_wconf 74' lang='lat' dir='ltr'><strong>studium</strong></span> <span class='ocrx_word' id='word_1_62' title='bbox 1996 1205 2278 1257; x_wconf 74' lang='lat' dir='ltr'><strong>adhibeant</strong></span> 
     </span>
    </p>
   </div>
   <div class='ocr_carea' id='block_1_10' title="bbox 713 1295 2274 1365">
    <p class='ocr_par' dir='ltr' id='par_1_10' title="bbox 713 1295 2274 1365">
     <span class='ocr_line' id='line_1_10' title="bbox 713 1295 2274 1365; baseline -0.001 -17"><span class='ocrx_word' id='word_1_63' title='bbox 713 1297 766 1350; x_wconf 90' lang='lat' dir='ltr'><strong>in</strong></span> <span class='ocrx_word' id='word_1_64' title='bbox 795 1296 959 1350; x_wconf 84' lang='lat' dir='ltr'><strong>sacris</strong></span> <span class='ocrx_word' id='word_1_65' title='bbox 990 1295 1178 1350; x_wconf 80' lang='lat' dir='ltr'><strong>Literis</strong></span> <span class='ocrx_word' id='word_1_66' title='bbox 1206 1297 1459 1365; x_wconf 83' lang='lat' dir='ltr'><strong>legendis.</strong></span> <span class='ocrx_word' id='word_1_67' title='bbox 1494 1297 1603 1350; x_wconf 71' lang='lat' dir='ltr'><strong>Non</strong></span> <span class='ocrx_word' id='word_1_68' title='bbox 1627 1309 1705 1351; x_wconf 88' lang='lat' dir='ltr'><strong>est</strong></span> <span class='ocrx_word' id='word_1_69' title='bbox 1729 1298 1826 1352; x_wconf 87' lang='lat' dir='ltr'><strong>hoc</strong></span> <span class='ocrx_word' id='word_1_70' title='bbox 1849 1314 2043 1357; x_wconf 88' lang='lat' dir='ltr'><strong>meum,</strong></span> <span class='ocrx_word' id='word_1_71' title='bbox 2076 1296 2274 1364; x_wconf 89' lang='lat' dir='ltr'><strong>inquit:</strong></span> 
     </span>
    </p>
   </div>
   <div class='ocr_carea' id='block_1_11' title="bbox 713 1386 2280 1454">
    <p class='ocr_par' dir='ltr' id='par_1_11' title="bbox 713 1386 2280 1454">
     <span class='ocr_line' id='line_1_11' title="bbox 713 1386 2280 1454; baseline -0.001 -15"><span class='ocrx_word' id='word_1_72' title='bbox 713 1386 964 1453; x_wconf 89' lang='lat' dir='ltr'><strong>numquid</strong></span> <span class='ocrx_word' id='word_1_73' title='bbox 1029 1387 1318 1439; x_wconf 86' lang='lat' dir='ltr'><strong>renuntiavi</strong></span> <span class='ocrx_word' id='word_1_74' title='bbox 1381 1388 1616 1440; x_wconf 61' lang='lat' dir='ltr'><strong>sa‘culo?</strong></span> <span class='ocrx_word' id='word_1_75' title='bbox 1688 1387 1937 1454; x_wconf 90' lang='lat' dir='ltr'><strong>numquid</strong></span> <span class='ocrx_word' id='word_1_76' title='bbox 1994 1386 2280 1440; x_wconf 77' lang='lat' dir='ltr'><strong>monachus</strong></span> 
     </span>
    </p>
   </div>
   <div class='ocr_carea' id='block_1_12' title="bbox 716 1473 2282 1538">
    <p class='ocr_par' dir='ltr' id='par_1_12' title="bbox 716 1473 2282 1538">
     <span class='ocr_line' id='line_1_12' title="bbox 716 1473 2282 1538; baseline 0.001 -12"><span class='ocrx_word' id='word_1_77' title='bbox 716 1475 867 1527; x_wconf 72' lang='lat' dir='ltr'><strong>sum!</strong></span> <span class='ocrx_word' id='word_1_78' title='bbox 895 1473 1027 1538; x_wconf 86' lang='lat' dir='ltr'><strong>Quid</strong></span> <span class='ocrx_word' id='word_1_79' title='bbox 1055 1473 1204 1536; x_wconf 81' lang='lat' dir='ltr'><strong>dicis,</strong></span> <span class='ocrx_word' id='word_1_80' title='bbox 1237 1474 1431 1527; x_wconf 88' lang='lat' dir='ltr'><strong>homo?</strong></span> <span class='ocrx_word' id='word_1_81' title='bbox 1463 1477 1542 1528; x_wconf 79' lang='lat' dir='ltr'><strong>An</strong></span> <span class='ocrx_word' id='word_1_82' title='bbox 1573 1476 1616 1527; x_wconf 72' lang='lat' dir='ltr'><strong>lt.</strong></span> <span class='ocrx_word' id='word_1_83' title='bbox 1643 1490 1672 1529; x_wconf 92' lang='lat' dir='ltr'><strong>c</strong></span> <span class='ocrx_word' id='word_1_84' title='bbox 1709 1477 1772 1529; x_wconf 88' lang='lat' dir='ltr'><strong>ad</strong></span> <span class='ocrx_word' id='word_1_85' title='bbox 1805 1477 1948 1531; x_wconf 84' lang='lat' dir='ltr'><strong>solos</strong></span> <span class='ocrx_word' id='word_1_86' title='bbox 1999 1474 2282 1529; x_wconf 88' lang='lat' dir='ltr'><strong>monachos</strong></span> 
     </span>
    </p>
   </div>
   <div class='ocr_carea' id='block_1_13' title="bbox 718 1565 2284 1634">
    <p class='ocr_par' dir='ltr' id='par_1_13' title="bbox 718 1565 2284 1634">
     <span class='ocr_line' id='line_1_13' title="bbox 718 1565 2284 1634; baseline 0.001 -16"><span class='ocrx_word' id='word_1_87' title='bbox 718 1565 964 1632; x_wconf 89' lang='lat' dir='ltr'><strong>pertinet,</strong></span> <span class='ocrx_word' id='word_1_88' title='bbox 996 1573 1051 1616; x_wconf 93' lang='lat' dir='ltr'><strong>ut</strong></span> <span class='ocrx_word' id='word_1_89' title='bbox 1079 1565 1212 1620; x_wconf 88' lang='lat' dir='ltr'><strong>bene</strong></span> <span class='ocrx_word' id='word_1_90' title='bbox 1240 1566 1345 1618; x_wconf 83' lang='lat' dir='ltr'><strong>Deo</strong></span> <span class='ocrx_word' id='word_1_91' title='bbox 1376 1567 1654 1634; x_wconf 85' lang='lat' dir='ltr'><strong>placeant?</strong></span> <span class='ocrx_word' id='word_1_92' title='bbox 1683 1569 1880 1620; x_wconf 84' lang='lat' dir='ltr'><strong>Omnes</strong></span> <span class='ocrx_word' id='word_1_93' title='bbox 1907 1567 2146 1620; x_wconf 84' lang='lat' dir='ltr'><strong>homines</strong></span> <span class='ocrx_word' id='word_1_94' title='bbox 2177 1567 2284 1620; x_wconf 90' lang='lat' dir='ltr'><strong>vult</strong></span> 
     </span>
    </p>
   </div>
   <div class='ocr_carea' id='block_1_14' title="bbox 717 1652 2280 1725">
    <p class='ocr_par' dir='ltr' id='par_1_14' title="bbox 717 1652 2280 1725">
     <span class='ocr_line' id='line_1_14' title="bbox 717 1652 2280 1725; baseline 0.002 -22"><span class='ocrx_word' id='word_1_95' title='bbox 717 1654 892 1704; x_wconf 74' lang='lat' dir='ltr'><strong>salvos</strong></span> <span class='ocrx_word' id='word_1_96' title='bbox 920 1652 1051 1714; x_wconf 76' lang='lat' dir='ltr'><strong>fieri,</strong></span> <span class='ocrx_word' id='word_1_97' title='bbox 1080 1666 1129 1707; x_wconf 92' lang='lat' dir='ltr'><strong>ct</strong></span> <span class='ocrx_word' id='word_1_98' title='bbox 1158 1657 1220 1706; x_wconf 90' lang='lat' dir='ltr'><strong>ad</strong></span> <span class='ocrx_word' id='word_1_99' title='bbox 1248 1657 1564 1722; x_wconf 80' lang='lat' dir='ltr'><strong>agnitionem</strong></span> <span class='ocrx_word' id='word_1_100' title='bbox 1597 1657 1832 1708; x_wconf 86' lang='lat' dir='ltr'><strong>veritatis</strong></span> <span class='ocrx_word' id='word_1_101' title='bbox 1860 1656 2037 1708; x_wconf 86' lang='lat' dir='ltr'><strong>venire</strong></span> <span class='ocrx_word' id='word_1_102' title='bbox 2065 1653 2280 1725; x_wconf 81' lang='lat' dir='ltr'><strong>(LTim.</strong></span> 
     </span>
    </p>
   </div>
   <div class='ocr_carea' id='block_1_15' title="bbox 719 1739 2282 1810">
    <p class='ocr_par' dir='ltr' id='par_1_15' title="bbox 719 1739 2282 1810">
     <span class='ocr_line' id='line_1_15' title="bbox 719 1739 2282 1810; baseline 0.001 -18"><span class='ocrx_word' id='word_1_103' title='bbox 719 1739 772 1792; x_wconf 66' lang='lat'><strong>2.</strong></span> <span class='ocrx_word' id='word_1_104' title='bbox 809 1741 885 1800; x_wconf 65' lang='lat'><strong>4),</strong></span> <span class='ocrx_word' id='word_1_105' title='bbox 920 1741 1219 1808; x_wconf 87' lang='lat' dir='ltr'><strong>nullamque</strong></span> <span class='ocrx_word' id='word_1_106' title='bbox 1244 1743 1490 1794; x_wconf 72' lang='lat' dir='ltr'><strong>virtutem</strong></span> <span class='ocrx_word' id='word_1_107' title='bbox 1521 1744 1797 1810; x_wconf 79' lang='lat' dir='ltr'><strong>negligere.</strong></span> <span class='ocrx_word' id='word_1_108' title='bbox 1831 1743 1964 1795; x_wconf 76' lang='lat' dir='ltr'><strong>Audi</strong></span> <span class='ocrx_word' id='word_1_109' title='bbox 1997 1744 2135 1796; x_wconf 90' lang='lat' dir='ltr'><strong>enim</strong></span> <span class='ocrx_word' id='word_1_110' title='bbox 2163 1757 2282 1795; x_wconf 89' lang='lat' dir='ltr'><strong>cmn</strong></span> 
     </span>
    </p>
   </div>
   <div class='ocr_carea' id='block_1_16' title="bbox 724 1829 2284 1899">
    <p class='ocr_par' dir='ltr' id='par_1_16' title="bbox 724 1829 2284 1899">
     <span class='ocr_line' id='line_1_16' title="bbox 724 1829 2284 1899; baseline 0.005 -22"><span class='ocrx_word' id='word_1_111' title='bbox 724 1845 814 1896; x_wconf 87' lang='lat' dir='ltr'><strong>per</strong></span> <span class='ocrx_word' id='word_1_112' title='bbox 845 1833 1146 1896; x_wconf 65' lang='lat' dir='ltr'><strong>prophetam</strong></span> <span class='ocrx_word' id='word_1_113' title='bbox 1191 1829 1450 1884; x_wconf 87' lang='lat' dir='ltr'><strong>dicentem</strong></span> <span class='ocrx_word' id='word_1_114' title='bbox 1499 1848 1510 1882; x_wconf 88' lang='lat'><strong>:</strong></span> <span class='ocrx_word' id='word_1_115' title='bbox 1562 1829 1699 1884; x_wconf 77' lang='lat' dir='ltr'><strong>Nolo</strong></span> <span class='ocrx_word' id='word_1_116' title='bbox 1742 1844 1944 1884; x_wconf 80' lang='lat' dir='ltr'><strong>ttwrlem</strong></span> <span class='ocrx_word' id='word_1_117' title='bbox 1991 1835 2284 1899; x_wconf 70' lang='lat' dir='ltr'><strong>pertuleris,</strong></span> 
     </span>
    </p>
   </div>
   <div class='ocr_carea' id='block_1_17' title="bbox 725 1922 2284 1995">
    <p class='ocr_par' dir='ltr' id='par_1_17' title="bbox 725 1922 2284 1995">
     <span class='ocr_line' id='line_1_17' title="bbox 725 1922 2284 1995; baseline 0.004 -25"><span class='ocrx_word' id='word_1_118' title='bbox 725 1922 811 1970; x_wconf 69' lang='lat' dir='ltr'><strong>sed</strong></span> <span class='ocrx_word' id='word_1_119' title='bbox 837 1931 890 1971; x_wconf 84' lang='lat' dir='ltr'><strong>ut</strong></span> <span class='ocrx_word' id='word_1_120' title='bbox 919 1931 1230 1973; x_wconf 75' lang='lat' dir='ltr'><strong>convertatur</strong></span> <span class='ocrx_word' id='word_1_121' title='bbox 1257 1932 1303 1974; x_wconf 81' lang='lat' dir='ltr'><strong>et</strong></span> <span class='ocrx_word' id='word_1_122' title='bbox 1329 1924 1456 1976; x_wconf 85' lang='lat' dir='ltr'><strong>vivat</strong></span> <span class='ocrx_word' id='word_1_123' title='bbox 1496 1923 1704 1990; x_wconf 66' lang='lat' dir='ltr'><strong>(ls&#39;zeclt.</strong></span> <span class='ocrx_word' id='word_1_124' title='bbox 1740 1925 1823 1978; x_wconf 75' lang='lat' dir='ltr'><strong>l8.</strong></span> <span class='ocrx_word' id='word_1_125' title='bbox 1853 1926 1970 1995; x_wconf 70' lang='grc'><strong>23).</strong></span> <span class='ocrx_word' id='word_1_126' title='bbox 2003 1925 2284 1993; x_wconf 79' lang='lat' dir='ltr'><strong>Numquid,</strong></span> 
     </span>
    </p>
   </div>
   <div class='ocr_carea' id='block_1_18' title="bbox 723 2011 2288 2079">
    <p class='ocr_par' dir='ltr' id='par_1_18' title="bbox 723 2011 2288 2079">
     <span class='ocr_line' id='line_1_18' title="bbox 723 2011 2288 2079; baseline 0.005 -20"><span class='ocrx_word' id='word_1_127' title='bbox 723 2011 805 2062; x_wconf 88' lang='lat' dir='ltr'><strong>die</strong></span> <span class='ocrx_word' id='word_1_128' title='bbox 836 2025 950 2073; x_wconf 89' lang='lat' dir='ltr'><strong>oro,</strong></span> <span class='ocrx_word' id='word_1_129' title='bbox 973 2013 1116 2079; x_wconf 86' lang='lat' dir='ltr'><strong>justo</strong></span> <span class='ocrx_word' id='word_1_130' title='bbox 1145 2012 1264 2066; x_wconf 86' lang='lat' dir='ltr'><strong>huic</strong></span> <span class='ocrx_word' id='word_1_131' title='bbox 1293 2014 1471 2066; x_wconf 78' lang='lat' dir='ltr'><strong>uxoris</strong></span> <span class='ocrx_word' id='word_1_132' title='bbox 1496 2015 1842 2078; x_wconf 83' lang='lat' dir='ltr'><strong>consuetudo,</strong></span> <span class='ocrx_word' id='word_1_133' title='bbox 1891 2015 1968 2068; x_wconf 79' lang='lat' dir='ltr'><strong>vei</strong></span> <span class='ocrx_word' id='word_1_134' title='bbox 2007 2015 2288 2068; x_wconf 90' lang='lat' dir='ltr'><strong>liberorum</strong></span> 
     </span>
    </p>
   </div>
   <div class='ocr_carea' id='block_1_19' title="bbox 724 2099 2291 2172">
    <p class='ocr_par' dir='ltr' id='par_1_19' title="bbox 724 2099 2291 2172">
     <span class='ocr_line' id='line_1_19' title="bbox 724 2099 2291 2172; baseline 0.004 -20"><span class='ocrx_word' id='word_1_135' title='bbox 724 2112 846 2152; x_wconf 75' lang='lat' dir='ltr'><strong>citra</strong></span> <span class='ocrx_word' id='word_1_136' title='bbox 884 2099 979 2151; x_wconf 90' lang='lat' dir='ltr'><strong>fuit</strong></span> <span class='ocrx_word' id='word_1_137' title='bbox 1010 2100 1320 2154; x_wconf 78' lang='lat' dir='ltr'><strong>obstaculo?</strong></span> <span class='ocrx_word' id='word_1_138' title='bbox 1359 2102 1591 2156; x_wconf 86' lang='lat' dir='ltr'><strong>Obsecro</strong></span> <span class='ocrx_word' id='word_1_139' title='bbox 1638 2104 1793 2171; x_wconf 78' lang='lat' dir='ltr'><strong>igitur</strong></span> <span class='ocrx_word' id='word_1_140' title='bbox 1833 2119 1897 2157; x_wconf 90' lang='lat' dir='ltr'><strong>uc</strong></span> <span class='ocrx_word' id='word_1_141' title='bbox 1941 2105 2291 2172; x_wconf 83' lang='lat' dir='ltr'><strong>nosmetipsos</strong></span> 
     </span>
    </p>
   </div>
   <div class='ocr_carea' id='block_1_20' title="bbox 730 2189 2290 2263">
    <p class='ocr_par' dir='ltr' id='par_1_20' title="bbox 730 2189 2290 2263">
     <span class='ocr_line' id='line_1_20' title="bbox 730 2189 2290 2263; baseline 0.003 -22"><span class='ocrx_word' id='word_1_142' title='bbox 730 2189 989 2255; x_wconf 87' lang='lat' dir='ltr'><strong>fallamus,</strong></span> <span class='ocrx_word' id='word_1_143' title='bbox 1016 2190 1106 2244; x_wconf 89' lang='lat' dir='ltr'><strong>sed</strong></span> <span class='ocrx_word' id='word_1_144' title='bbox 1139 2202 1334 2260; x_wconf 89' lang='lat' dir='ltr'><strong>quanto</strong></span> <span class='ocrx_word' id='word_1_145' title='bbox 1358 2192 1522 2262; x_wconf 81' lang='lat' dir='ltr'><strong>magis</strong></span> <span class='ocrx_word' id='word_1_146' title='bbox 1551 2193 1910 2260; x_wconf 81' lang='lat' dir='ltr'><strong>hujuscemodi</strong></span> <span class='ocrx_word' id='word_1_147' title='bbox 1945 2195 2086 2246; x_wconf 88' lang='lat' dir='ltr'><strong>curis</strong></span> <span class='ocrx_word' id='word_1_148' title='bbox 2116 2193 2290 2263; x_wconf 83' lang='lat' dir='ltr'><strong>impli-</strong></span> 
     </span>
    </p>
   </div>
   <div class='ocr_carea' id='block_1_21' title="bbox 726 2284 2290 2353">
    <p class='ocr_par' dir='ltr' id='par_1_21' title="bbox 726 2284 2290 2353">
     <span class='ocr_line' id='line_1_21' title="bbox 726 2284 2290 2353; baseline 0.005 -23"><span class='ocrx_word' id='word_1_149' title='bbox 726 2295 924 2343; x_wconf 88' lang='lat' dir='ltr'><strong>cantur,</strong></span> <span class='ocrx_word' id='word_1_150' title='bbox 958 2292 1102 2334; x_wconf 89' lang='lat' dir='ltr'><strong>tanto</strong></span> <span class='ocrx_word' id='word_1_151' title='bbox 1140 2284 1307 2353; x_wconf 81' lang='lat' dir='ltr'><strong>magis</strong></span> <span class='ocrx_word' id='word_1_152' title='bbox 1349 2284 1576 2338; x_wconf 86' lang='lat' dir='ltr'><strong>remedia</strong></span> <span class='ocrx_word' id='word_1_153' title='bbox 1625 2301 1688 2338; x_wconf 84' lang='lat' dir='ltr'><strong>cx</strong></span> <span class='ocrx_word' id='word_1_154' title='bbox 1730 2285 1951 2338; x_wconf 86' lang='lat' dir='ltr'><strong>lectione</strong></span> <span class='ocrx_word' id='word_1_155' title='bbox 1997 2285 2290 2338; x_wconf 84' lang='lat' dir='ltr'><strong>divinarum</strong></span> 
     </span>
    </p>
   </div>
   <div class='ocr_carea' id='block_1_22' title="bbox 729 2371 2288 2445">
    <p class='ocr_par' dir='ltr' id='par_1_22' title="bbox 729 2371 2288 2445">
     <span class='ocr_line' id='line_1_22' title="bbox 729 2371 2288 2445; baseline 0.001 -19"><span class='ocrx_word' id='word_1_156' title='bbox 729 2371 1116 2441; x_wconf 75' lang='lat' dir='ltr'><strong>Scripturarunt</strong></span> <span class='ocrx_word' id='word_1_157' title='bbox 1155 2377 1520 2445; x_wconf 83' lang='lat' dir='ltr'><strong>suscipiamus.</strong></span> <span class='ocrx_word' id='word_1_158' title='bbox 1561 2376 1747 2430; x_wconf 84' lang='lat' dir='ltr'><strong>Nonne</strong></span> <span class='ocrx_word' id='word_1_159' title='bbox 1793 2387 1846 2430; x_wconf 87' lang='lat' dir='ltr'><strong>et</strong></span> <span class='ocrx_word' id='word_1_160' title='bbox 1900 2375 1973 2428; x_wconf 87' lang='lat' dir='ltr'><strong>illi</strong></span> <span class='ocrx_word' id='word_1_161' title='bbox 2016 2377 2288 2442; x_wconf 79' lang='lat' dir='ltr'><strong>ejusdem,</strong></span> 
     </span>
    </p>
   </div>
   <div class='ocr_carea' id='block_1_23' title="bbox 729 2465 2294 2536">
    <p class='ocr_par' dir='ltr' id='par_1_23' title="bbox 729 2465 2294 2536">
     <span class='ocr_line' id='line_1_23' title="bbox 729 2465 2294 2536; baseline 0.003 -22"><span class='ocrx_word' id='word_1_162' title='bbox 729 2465 879 2529; x_wconf 86' lang='lat' dir='ltr'><strong>cujus</strong></span> <span class='ocrx_word' id='word_1_163' title='bbox 908 2479 1002 2517; x_wconf 90' lang='lat' dir='ltr'><strong>nos</strong></span> <span class='ocrx_word' id='word_1_164' title='bbox 1029 2480 1228 2530; x_wconf 87' lang='lat' dir='ltr'><strong>sumus,</strong></span> <span class='ocrx_word' id='word_1_165' title='bbox 1263 2465 1472 2519; x_wconf 88' lang='lat' dir='ltr'><strong>fuerunt</strong></span> <span class='ocrx_word' id='word_1_166' title='bbox 1500 2477 1717 2530; x_wconf 70' lang='lat' dir='ltr'><strong>naturm,</strong></span> <span class='ocrx_word' id='word_1_167' title='bbox 1753 2482 1922 2536; x_wconf 86' lang='lat' dir='ltr'><strong>neque</strong></span> <span class='ocrx_word' id='word_1_168' title='bbox 1969 2476 2072 2518; x_wconf 89' lang='lat' dir='ltr'><strong>tant</strong></span> <span class='ocrx_word' id='word_1_169' title='bbox 2106 2467 2294 2520; x_wconf 84' lang='lat' dir='ltr'><strong>multas</strong></span> 
     </span>
    </p>
   </div>
   <div class='ocr_carea' id='block_1_24' title="bbox 732 2553 2295 2611">
    <p class='ocr_par' dir='ltr' id='par_1_24' title="bbox 732 2553 2295 2611">
     <span class='ocr_line' id='line_1_24' title="bbox 732 2553 2295 2611; baseline 0.003 -7"><span class='ocrx_word' id='word_1_170' title='bbox 732 2553 1024 2608; x_wconf 83' lang='lat' dir='ltr'><strong>habuerunt</strong></span> <span class='ocrx_word' id='word_1_171' title='bbox 1053 2557 1358 2610; x_wconf 89' lang='lat' dir='ltr'><strong>occasiones</strong></span> <span class='ocrx_word' id='word_1_172' title='bbox 1377 2556 1441 2609; x_wconf 90' lang='lat' dir='ltr'><strong>ad</strong></span> <span class='ocrx_word' id='word_1_173' title='bbox 1470 2558 1674 2610; x_wconf 82' lang='lat' dir='ltr'><strong>virtutis</strong></span> <span class='ocrx_word' id='word_1_174' title='bbox 1701 2555 1930 2611; x_wconf 90' lang='lat' dir='ltr'><strong>studium</strong></span> <span class='ocrx_word' id='word_1_175' title='bbox 1956 2556 2295 2610; x_wconf 82' lang='lat' dir='ltr'><strong>inducentes?</strong></span> 
     </span>
    </p>
   </div>
   <div class='ocr_carea' id='block_1_25' title="bbox 733 2645 2295 2716">
    <p class='ocr_par' dir='ltr' id='par_1_25' title="bbox 733 2645 2295 2716">
     <span class='ocr_line' id='line_1_25' title="bbox 733 2645 2295 2716; baseline 0.003 -22"><span class='ocrx_word' id='word_1_176' title='bbox 733 2645 844 2709; x_wconf 87' lang='lat' dir='ltr'><strong>Qua</strong></span> <span class='ocrx_word' id='word_1_177' title='bbox 888 2659 1014 2714; x_wconf 83' lang='lat' dir='ltr'><strong>ergo</strong></span> <span class='ocrx_word' id='word_1_178' title='bbox 1056 2646 1252 2698; x_wconf 77' lang='lat' dir='ltr'><strong>erimus</strong></span> <span class='ocrx_word' id='word_1_179' title='bbox 1296 2646 1446 2700; x_wconf 89' lang='lat' dir='ltr'><strong>venia</strong></span> <span class='ocrx_word' id='word_1_180' title='bbox 1486 2647 1649 2716; x_wconf 84' lang='lat' dir='ltr'><strong>digni,</strong></span> <span class='ocrx_word' id='word_1_181' title='bbox 1687 2648 1773 2716; x_wconf 88' lang='lat' dir='ltr'><strong>qui</strong></span> <span class='ocrx_word' id='word_1_182' title='bbox 1825 2646 1910 2698; x_wconf 92' lang='lat' dir='ltr'><strong>tali</strong></span> <span class='ocrx_word' id='word_1_183' title='bbox 1954 2645 2170 2699; x_wconf 90' lang='lat' dir='ltr'><strong>fruiutur</strong></span> <span class='ocrx_word' id='word_1_184' title='bbox 2199 2646 2295 2698; x_wconf 85' lang='lat' dir='ltr'><strong>do-</strong></span> 
     </span>
    </p>
   </div>
   <div class='ocr_carea' id='block_1_26' title="bbox 733 2735 2297 2804">
    <p class='ocr_par' dir='ltr' id='par_1_26' title="bbox 733 2735 2297 2804">
     <span class='ocr_line' id='line_1_26' title="bbox 733 2735 2297 2804; baseline 0.004 -20"><span class='ocrx_word' id='word_1_185' title='bbox 733 2735 923 2798; x_wconf 86' lang='lat' dir='ltr'><strong>ctrina,</strong></span> <span class='ocrx_word' id='word_1_186' title='bbox 946 2743 1207 2788; x_wconf 90' lang='lat' dir='ltr'><strong>ctlan&#39;am</strong></span> <span class='ocrx_word' id='word_1_187' title='bbox 1235 2736 1453 2804; x_wconf 80' lang='lat' dir='ltr'><strong>gratiam</strong></span> <span class='ocrx_word' id='word_1_188' title='bbox 1479 2737 1742 2804; x_wconf 77' lang='lat' dir='ltr'><strong>aSscquttti</strong></span> <span class='ocrx_word' id='word_1_189' title='bbox 1761 2751 1960 2800; x_wconf 90' lang='lat' dir='ltr'><strong>sumus,</strong></span> <span class='ocrx_word' id='word_1_190' title='bbox 1987 2751 2046 2789; x_wconf 82' lang='lat' dir='ltr'><strong>ac</strong></span> <span class='ocrx_word' id='word_1_191' title='bbox 2072 2752 2297 2804; x_wconf 89' lang='lat' dir='ltr'><strong>superne</strong></span> 
     </span>
    </p>
   </div>
   <div class='ocr_carea' id='block_1_27' title="bbox 735 2822 2292 2888">
    <p class='ocr_par' dir='ltr' id='par_1_27' title="bbox 735 2822 2292 2888">
     <span class='ocr_line' id='line_1_27' title="bbox 735 2822 2292 2888; baseline 0.004 -15"><span class='ocrx_word' id='word_1_192' title='bbox 735 2822 1021 2875; x_wconf 82' lang='lat' dir='ltr'><strong>subsidium</strong></span> <span class='ocrx_word' id='word_1_193' title='bbox 1049 2825 1318 2888; x_wconf 86' lang='lat' dir='ltr'><strong>habemus,</strong></span> <span class='ocrx_word' id='word_1_194' title='bbox 1349 2834 1401 2878; x_wconf 92' lang='lat' dir='ltr'><strong>et</strong></span> <span class='ocrx_word' id='word_1_195' title='bbox 1429 2827 1764 2879; x_wconf 86' lang='lat' dir='ltr'><strong>iuell&#39;abiliutn</strong></span> <span class='ocrx_word' id='word_1_196' title='bbox 1799 2828 2005 2882; x_wconf 86' lang='lat' dir='ltr'><strong>illorum</strong></span> <span class='ocrx_word' id='word_1_197' title='bbox 2037 2828 2292 2880; x_wconf 88' lang='lat' dir='ltr'><strong>bonorum</strong></span> 
     </span>
    </p>
   </div>
   <div class='ocr_carea' id='block_1_28' title="bbox 736 2914 2302 2982">
    <p class='ocr_par' dir='ltr' id='par_1_28' title="bbox 736 2914 2302 2982">
     <span class='ocr_line' id='line_1_28' title="bbox 736 2914 2302 2982; baseline 0.003 -18"><span class='ocrx_word' id='word_1_198' title='bbox 736 2914 1136 2981; x_wconf 89' lang='lat' dir='ltr'><strong>promissionem</strong></span> <span class='ocrx_word' id='word_1_199' title='bbox 1163 2915 1482 2982; x_wconf 85' lang='lat' dir='ltr'><strong>accepimus,</strong></span> <span class='ocrx_word' id='word_1_200' title='bbox 1513 2916 1554 2968; x_wconf 87' lang='lat' dir='ltr'><strong>si</strong></span> <span class='ocrx_word' id='word_1_201' title='bbox 1585 2931 1689 2968; x_wconf 89' lang='lat' dir='ltr'><strong>non</strong></span> <span class='ocrx_word' id='word_1_202' title='bbox 1719 2915 1782 2968; x_wconf 90' lang='lat' dir='ltr'><strong>ad</strong></span> <span class='ocrx_word' id='word_1_203' title='bbox 1810 2932 2107 2969; x_wconf 91' lang='lat' dir='ltr'><strong>mensuram</strong></span> <span class='ocrx_word' id='word_1_204' title='bbox 2141 2919 2302 2969; x_wconf 88' lang='lat' dir='ltr'><strong>virtu-</strong></span> 
     </span>
    </p>
   </div>
   <div class='ocr_carea' id='block_1_29' title="bbox 737 3003 2299 3072">
    <p class='ocr_par' dir='ltr' id='par_1_29' title="bbox 737 3003 2299 3072">
     <span class='ocr_line' id='line_1_29' title="bbox 737 3003 2299 3072; baseline 0.003 -18"><span class='ocrx_word' id='word_1_205' title='bbox 737 3013 844 3054; x_wconf 86' lang='lat' dir='ltr'><strong>tum</strong></span> <span class='ocrx_word' id='word_1_206' title='bbox 887 3005 1240 3070; x_wconf 68' lang='lat' dir='ltr'><strong>pervenimus,</strong></span> <span class='ocrx_word' id='word_1_207' title='bbox 1286 3003 1472 3072; x_wconf 86' lang='lat' dir='ltr'><strong>quibus</strong></span> <span class='ocrx_word' id='word_1_208' title='bbox 1516 3005 1715 3072; x_wconf 83' lang='lat' dir='ltr'><strong>antiqui</strong></span> <span class='ocrx_word' id='word_1_209' title='bbox 1762 3003 1945 3058; x_wconf 87' lang='lat' dir='ltr'><strong>Patres</strong></span> <span class='ocrx_word' id='word_1_210' title='bbox 1997 3005 2299 3072; x_wconf 63' lang='lat' dir='ltr'><strong>pol‘ebaut?</strong></span> 
     </span>
    </p>
   </div>
   <div class='ocr_carea' id='block_1_30' title="bbox 737 3092 2299 3164">
    <p class='ocr_par' dir='ltr' id='par_1_30' title="bbox 737 3092 2299 3164">
     <span class='ocr_line' id='line_1_30' title="bbox 737 3092 2299 3164; baseline 0.001 -19"><span class='ocrx_word' id='word_1_211' title='bbox 737 3092 866 3145; x_wconf 69' lang='lat' dir='ltr'><strong>Nam</strong></span> <span class='ocrx_word' id='word_1_212' title='bbox 897 3095 938 3146; x_wconf 86' lang='lat' dir='ltr'><strong>si</strong></span> <span class='ocrx_word' id='word_1_213' title='bbox 971 3094 1288 3147; x_wconf 86' lang='lat' dir='ltr'><strong>voluerimus</strong></span> <span class='ocrx_word' id='word_1_214' title='bbox 1313 3095 1470 3148; x_wconf 85' lang='lat' dir='ltr'><strong>sobrii</strong></span> <span class='ocrx_word' id='word_1_215' title='bbox 1502 3110 1636 3159; x_wconf 87' lang='lat' dir='ltr'><strong>esse,</strong></span> <span class='ocrx_word' id='word_1_216' title='bbox 1674 3094 1938 3148; x_wconf 75' lang='lat' dir='ltr'><strong>sufficiunt</strong></span> <span class='ocrx_word' id='word_1_217' title='bbox 1968 3094 2046 3147; x_wconf 86' lang='lat' dir='ltr'><strong>vel</strong></span> <span class='ocrx_word' id='word_1_218' title='bbox 2090 3109 2148 3149; x_wconf 90' lang='lat' dir='ltr'><strong>ea</strong></span> <span class='ocrx_word' id='word_1_219' title='bbox 2184 3110 2299 3164; x_wconf 70' lang='lat' dir='ltr'><strong>qua:</strong></span> 
     </span>
    </p>
   </div>
   <div class='ocr_carea' id='block_1_31' title="bbox 741 3185 2298 3252">
    <p class='ocr_par' dir='ltr' id='par_1_31' title="bbox 741 3185 2298 3252">
     <span class='ocr_line' id='line_1_31' title="bbox 741 3185 2298 3252; baseline 0.001 -15"><span class='ocrx_word' id='word_1_220' title='bbox 741 3185 895 3237; x_wconf 88' lang='lat' dir='ltr'><strong>hodie</strong></span> <span class='ocrx_word' id='word_1_221' title='bbox 933 3186 1065 3239; x_wconf 87' lang='lat' dir='ltr'><strong>dicta</strong></span> <span class='ocrx_word' id='word_1_222' title='bbox 1109 3196 1229 3240; x_wconf 78' lang='lat' dir='ltr'><strong>sunt</strong></span> <span class='ocrx_word' id='word_1_223' title='bbox 1260 3197 1309 3241; x_wconf 77' lang='grc' dir='ltr'>,ιι</span> <span class='ocrx_word' id='word_1_224' title='bbox 1338 3187 1400 3240; x_wconf 87' lang='lat' dir='ltr'><strong>ad</strong></span> <span class='ocrx_word' id='word_1_225' title='bbox 1431 3188 1635 3239; x_wconf 86' lang='lat' dir='ltr'><strong>virtutis</strong></span> <span class='ocrx_word' id='word_1_226' title='bbox 1662 3202 1894 3240; x_wconf 86' lang='lat' dir='ltr'><strong>amorem</strong></span> <span class='ocrx_word' id='word_1_227' title='bbox 1924 3202 2017 3239; x_wconf 90' lang='lat' dir='ltr'><strong>nos</strong></span> <span class='ocrx_word' id='word_1_228' title='bbox 2049 3187 2298 3252; x_wconf 72' lang='lat' dir='ltr'><strong>excitent,</strong></span> 
     </span>
    </p>
   </div>
   <div class='ocr_carea' id='block_1_32' title="bbox 742 3275 2305 3350">
    <p class='ocr_par' dir='ltr' id='par_1_32' title="bbox 742 3275 2305 3350">
     <span class='ocr_line' id='line_1_32' title="bbox 742 3275 2305 3350; baseline 0.001 -24"><span class='ocrx_word' id='word_1_229' title='bbox 742 3289 838 3326; x_wconf 89' lang='lat' dir='ltr'><strong>nec</strong></span> <span class='ocrx_word' id='word_1_230' title='bbox 863 3275 1022 3326; x_wconf 89' lang='lat' dir='ltr'><strong>ttlltttn</strong></span> <span class='ocrx_word' id='word_1_231' title='bbox 1053 3285 1297 3350; x_wconf 80' lang='lat' dir='ltr'><strong>putemus</strong></span> <span class='ocrx_word' id='word_1_232' title='bbox 1333 3276 1395 3334; x_wconf 86' lang='lat' dir='ltr'><strong>ad</strong></span> <span class='ocrx_word' id='word_1_233' title='bbox 1443 3276 1576 3335; x_wconf 79' lang='lat' dir='ltr'><strong>illius</strong></span> <span class='ocrx_word' id='word_1_234' title='bbox 1617 3279 1754 3332; x_wconf 88' lang='lat' dir='ltr'><strong>viant</strong></span> <span class='ocrx_word' id='word_1_235' title='bbox 1793 3297 1912 3335; x_wconf 85' lang='lat' dir='ltr'><strong>esse</strong></span> <span class='ocrx_word' id='word_1_236' title='bbox 1956 3275 2305 3342; x_wconf 85' lang='lat' dir='ltr'><strong>impedimen-</strong></span> 
     </span>
    </p>
   </div>
   <div class='ocr_carea' id='block_1_33' title="bbox 744 3370 2293 3440">
    <p class='ocr_par' dir='ltr' id='par_1_33' title="bbox 744 3370 2293 3440">
     <span class='ocr_line' id='line_1_33' title="bbox 744 3370 2293 3440; baseline 0.003 -22"><span class='ocrx_word' id='word_1_237' title='bbox 744 3376 872 3422; x_wconf 92' lang='lat' dir='ltr'><strong>ttnu.</strong></span> <span class='ocrx_word' id='word_1_238' title='bbox 903 3370 1032 3423; x_wconf 84' lang='lat' dir='ltr'><strong>Nam</strong></span> <span class='ocrx_word' id='word_1_239' title='bbox 1071 3375 1112 3424; x_wconf 85' lang='lat' dir='ltr'><strong>si</strong></span> <span class='ocrx_word' id='word_1_240' title='bbox 1143 3375 1172 3422; x_wconf 88' lang='lat' dir='ltr'><strong>ti</strong></span> <span class='ocrx_word' id='word_1_241' title='bbox 1202 3375 1288 3439; x_wconf 90' lang='lat' dir='ltr'><strong>qui</strong></span> <span class='ocrx_word' id='word_1_242' title='bbox 1317 3383 1435 3425; x_wconf 92' lang='lat' dir='ltr'><strong>ante</strong></span> <span class='ocrx_word' id='word_1_243' title='bbox 1469 3373 1636 3440; x_wconf 70' lang='lat' dir='ltr'><strong>legent</strong></span> <span class='ocrx_word' id='word_1_244' title='bbox 1669 3381 1836 3433; x_wconf 88' lang='lat' dir='ltr'><strong>erant,</strong></span> <span class='ocrx_word' id='word_1_245' title='bbox 1867 3387 1894 3422; x_wconf 88' lang='lat' dir='ltr'><strong>a</strong></span> <span class='ocrx_word' id='word_1_246' title='bbox 1923 3370 2160 3423; x_wconf 87' lang='lat' dir='ltr'><strong>doctrina</strong></span> <span class='ocrx_word' id='word_1_247' title='bbox 2208 3388 2293 3424; x_wconf 81' lang='lat' dir='ltr'><strong>ua-</strong></span> 
     </span>
    </p>
   </div>
   <div class='ocr_carea' id='block_1_34' title="bbox 747 3461 2302 3528">
    <p class='ocr_par' dir='ltr' id='par_1_34' title="bbox 747 3461 2302 3528">
     <span class='ocr_line' id='line_1_34' title="bbox 747 3461 2302 3528; baseline 0.001 -17"><span class='ocrx_word' id='word_1_248' title='bbox 747 3469 875 3511; x_wconf 78' lang='lat' dir='ltr'><strong>turze</strong></span> <span class='ocrx_word' id='word_1_249' title='bbox 929 3475 1036 3513; x_wconf 80' lang='lat' dir='ltr'><strong>suae.</strong></span> <span class='ocrx_word' id='word_1_250' title='bbox 1079 3463 1231 3514; x_wconf 82' lang='lat' dir='ltr'><strong>insita</strong></span> <span class='ocrx_word' id='word_1_251' title='bbox 1275 3462 1338 3514; x_wconf 91' lang='lat' dir='ltr'><strong>ad</strong></span> <span class='ocrx_word' id='word_1_252' title='bbox 1393 3471 1586 3514; x_wconf 89' lang='lat' dir='ltr'><strong>tantam</strong></span> <span class='ocrx_word' id='word_1_253' title='bbox 1637 3462 1954 3528; x_wconf 85' lang='lat' dir='ltr'><strong>pertigcrunt</strong></span> <span class='ocrx_word' id='word_1_254' title='bbox 2001 3461 2244 3513; x_wconf 86' lang='lat' dir='ltr'><strong>virtutem</strong></span> <span class='ocrx_word' id='word_1_255' title='bbox 2288 3476 2302 3513; x_wconf 90' lang='lat'><strong>:</strong></span> 
     </span>
    </p>
   </div>
   <div class='ocr_carea' id='block_1_35' title="bbox 743 3548 2305 3618">
    <p class='ocr_par' dir='ltr' id='par_1_35' title="bbox 743 3548 2305 3618">
     <span class='ocr_line' id='line_1_35' title="bbox 743 3548 2305 3618; baseline 0 -18"><span class='ocrx_word' id='word_1_256' title='bbox 743 3550 867 3617; x_wconf 78' lang='lat' dir='ltr'><strong>quid</strong></span> <span class='ocrx_word' id='word_1_257' title='bbox 895 3565 988 3601; x_wconf 92' lang='lat' dir='ltr'><strong>nos</strong></span> <span class='ocrx_word' id='word_1_258' title='bbox 1022 3552 1306 3616; x_wconf 72' lang='lat' dir='ltr'><strong>poterimus</strong></span> <span class='ocrx_word' id='word_1_259' title='bbox 1334 3550 1530 3613; x_wconf 88' lang='lat' dir='ltr'><strong>dicere,</strong></span> <span class='ocrx_word' id='word_1_260' title='bbox 1559 3551 1645 3618; x_wconf 89' lang='lat' dir='ltr'><strong>qtti</strong></span> <span class='ocrx_word' id='word_1_261' title='bbox 1680 3559 1794 3618; x_wconf 90' lang='lat' dir='ltr'><strong>post</strong></span> <span class='ocrx_word' id='word_1_262' title='bbox 1838 3560 2035 3602; x_wconf 87' lang='lat' dir='ltr'><strong>tantum</strong></span> <span class='ocrx_word' id='word_1_263' title='bbox 2078 3548 2305 3602; x_wconf 89' lang='lat' dir='ltr'><strong>admitti-</strong></span> 
     </span>
    </p>
   </div>
   <div class='ocr_carea' id='block_1_36' title="bbox 745 3637 2308 3708">
    <p class='ocr_par' dir='ltr' id='par_1_36' title="bbox 745 3637 2308 3708">
     <span class='ocr_line' id='line_1_36' title="bbox 745 3637 2308 3708; baseline -0.001 -16"><span class='ocrx_word' id='word_1_264' title='bbox 745 3640 938 3700; x_wconf 81' lang='lat' dir='ltr'><strong>culum,</strong></span> <span class='ocrx_word' id='word_1_265' title='bbox 967 3649 1021 3693; x_wconf 88' lang='lat' dir='ltr'><strong>et</strong></span> <span class='ocrx_word' id='word_1_266' title='bbox 1057 3651 1173 3708; x_wconf 71' lang='lat' dir='ltr'><strong>po~t</strong></span> <span class='ocrx_word' id='word_1_267' title='bbox 1217 3640 1409 3694; x_wconf 82' lang='lat' dir='ltr'><strong>Christi</strong></span> <span class='ocrx_word' id='word_1_268' title='bbox 1441 3640 1742 3702; x_wconf 67' lang='lat' dir='ltr'><strong>adventum,</strong></span> <span class='ocrx_word' id='word_1_269' title='bbox 1782 3653 1832 3692; x_wconf 89' lang='lat' dir='ltr'><strong>et</strong></span> <span class='ocrx_word' id='word_1_270' title='bbox 1883 3639 2154 3691; x_wconf 70' lang='lat' dir='ltr'><strong>innumera</strong></span> <span class='ocrx_word' id='word_1_271' title='bbox 2193 3637 2308 3706; x_wconf 83' lang='lat' dir='ltr'><strong>ejus</strong></span> 
     </span>
    </p>
   </div>
   <div class='ocr_carea' id='block_1_37' title="bbox 747 3730 2306 3800">
    <p class='ocr_par' dir='ltr' id='par_1_37' title="bbox 747 3730 2306 3800">
     <span class='ocr_line' id='line_1_37' title="bbox 747 3730 2306 3800; baseline -0.002 -16"><span class='ocrx_word' id='word_1_272' title='bbox 747 3733 1014 3794; x_wconf 80' lang='lat' dir='ltr'><strong>miracula,</strong></span> <span class='ocrx_word' id='word_1_273' title='bbox 1035 3733 1203 3785; x_wconf 89' lang='lat' dir='ltr'><strong>adhuc</strong></span> <span class='ocrx_word' id='word_1_274' title='bbox 1222 3742 1324 3784; x_wconf 87' lang='lat' dir='ltr'><strong>tant</strong></span> <span class='ocrx_word' id='word_1_275' title='bbox 1356 3733 1534 3800; x_wconf 85' lang='lat' dir='ltr'><strong>prOcul</strong></span> <span class='ocrx_word' id='word_1_276' title='bbox 1557 3747 1582 3783; x_wconf 92' lang='lat' dir='ltr'><strong>a</strong></span> <span class='ocrx_word' id='word_1_277' title='bbox 1605 3732 1792 3784; x_wconf 83' lang='lat' dir='ltr'><strong>virtute</strong></span> <span class='ocrx_word' id='word_1_278' title='bbox 1817 3732 2030 3782; x_wconf 81' lang='lat' dir='ltr'><strong>smnus?</strong></span> <span class='ocrx_word' id='word_1_279' title='bbox 2062 3730 2306 3791; x_wconf 80' lang='lat' dir='ltr'><strong>Proinde,</strong></span> 
     </span>
    </p>
   </div>
   <div class='ocr_carea' id='block_1_38' title="bbox 747 3823 2309 3891">
    <p class='ocr_par' dir='ltr' id='par_1_38' title="bbox 747 3823 2309 3891">
     <span class='ocr_line' id='line_1_38' title="bbox 747 3823 2309 3891; baseline -0.003 -17"><span class='ocrx_word' id='word_1_280' title='bbox 747 3824 988 3884; x_wconf 83' lang='lat' dir='ltr'><strong>obsecro,</strong></span> <span class='ocrx_word' id='word_1_281' title='bbox 1021 3840 1085 3876; x_wconf 88' lang='lat' dir='ltr'><strong>ne</strong></span> <span class='ocrx_word' id='word_1_282' title='bbox 1123 3825 1184 3877; x_wconf 89' lang='lat' dir='ltr'><strong>ad</strong></span> <span class='ocrx_word' id='word_1_283' title='bbox 1215 3839 1274 3877; x_wconf 88' lang='lat' dir='ltr'><strong>ea</strong></span> <span class='ocrx_word' id='word_1_284' title='bbox 1301 3841 1416 3891; x_wconf 69' lang='lat' dir='ltr'><strong>qute</strong></span> <span class='ocrx_word' id='word_1_285' title='bbox 1444 3825 1493 3876; x_wconf 91' lang='lat' dir='ltr'><strong>itt</strong></span> <span class='ocrx_word' id='word_1_286' title='bbox 1520 3824 1684 3876; x_wconf 86' lang='lat' dir='ltr'><strong>sacris</strong></span> <span class='ocrx_word' id='word_1_287' title='bbox 1711 3823 1994 3888; x_wconf 87' lang='lat' dir='ltr'><strong>Scriptnris</strong></span> <span class='ocrx_word' id='word_1_288' title='bbox 2033 3831 2153 3873; x_wconf 89' lang='lat' dir='ltr'><strong>sunt</strong></span> <span class='ocrx_word' id='word_1_289' title='bbox 2181 3835 2309 3872; x_wconf 78' lang='lat' dir='ltr'><strong>Cou-</strong></span> 
     </span>
    </p>
   </div>
   <div class='ocr_carea' id='block_1_39' title="bbox 750 3913 2308 3982">
    <p class='ocr_par' dir='ltr' id='par_1_39' title="bbox 750 3913 2308 3982">
     <span class='ocr_line' id='line_1_39' title="bbox 750 3913 2308 3982; baseline 0 -18"><span class='ocrx_word' id='word_1_290' title='bbox 750 3924 887 3964; x_wconf 64' lang='lat' dir='ltr'><strong>tenta</strong></span> <span class='ocrx_word' id='word_1_291' title='bbox 921 3913 1226 3982; x_wconf 77' lang='lat' dir='ltr'><strong>simpliciter</strong></span> <span class='ocrx_word' id='word_1_292' title='bbox 1253 3915 1629 3982; x_wconf 81' lang='lat' dir='ltr'><strong>ingrediantur,</strong></span> <span class='ocrx_word' id='word_1_293' title='bbox 1660 3914 1750 3966; x_wconf 90' lang='lat' dir='ltr'><strong>sed</strong></span> <span class='ocrx_word' id='word_1_294' title='bbox 1780 3928 1842 3965; x_wconf 91' lang='lat' dir='ltr'><strong>ea</strong></span> <span class='ocrx_word' id='word_1_295' title='bbox 1873 3929 1989 3963; x_wconf 91' lang='lat' dir='ltr'><strong>eum</strong></span> <span class='ocrx_word' id='word_1_296' title='bbox 2018 3914 2308 3964; x_wconf 83' lang='lat' dir='ltr'><strong>attentione</strong></span> 
     </span>
    </p>
   </div>
   <div class='ocr_carea' id='block_1_40' title="bbox 749 3985 2312 4071">
    <p class='ocr_par' dir='ltr' id='par_1_40' title="bbox 749 3985 2312 4071">
     <span class='ocr_line' id='line_1_40' title="bbox 749 3985 2312 4071; baseline -0.002 -17"><span class='ocrx_word' id='word_1_297' title='bbox 749 4003 1001 4069; x_wconf 86' lang='lat' dir='ltr'><strong>legamus,</strong></span> <span class='ocrx_word' id='word_1_298' title='bbox 1033 4013 1087 4055; x_wconf 90' lang='lat' dir='ltr'><strong>ut</strong></span> <span class='ocrx_word' id='word_1_299' title='bbox 1116 4019 1178 4056; x_wconf 77' lang='lat' dir='ltr'><strong>ex</strong></span> <span class='ocrx_word' id='word_1_300' title='bbox 1213 4003 1314 4056; x_wconf 87' lang='lat' dir='ltr'><strong>illis</strong></span> <span class='ocrx_word' id='word_1_301' title='bbox 1359 4011 1603 4071; x_wconf 87' lang='lat' dir='ltr'><strong>pereepta</strong></span> <span class='ocrx_word' id='word_1_302' title='bbox 1636 3985 1882 4064; x_wconf 64' lang='lat' dir='ltr'><strong>utilitate,</strong></span> <span class='ocrx_word' id='word_1_303' title='bbox 1923 4000 2005 4052; x_wconf 89' lang='lat' dir='ltr'><strong>vel</strong></span> <span class='ocrx_word' id='word_1_304' title='bbox 2046 4015 2164 4051; x_wconf 84' lang='lat' dir='ltr'><strong>SL‘I&#39;O</strong></span> <span class='ocrx_word' id='word_1_305' title='bbox 2209 4000 2312 4051; x_wconf 68' lang='lat' dir='ltr'><strong>salo</strong></span> 
     </span>
    </p>
   </div>
   <div class='ocr_carea' id='block_1_41' title="bbox 751 4091 2312 4161">
    <p class='ocr_par' dir='ltr' id='par_1_41' title="bbox 751 4091 2312 4161">
     <span class='ocr_line' id='line_1_41' title="bbox 751 4091 2312 4161; baseline -0.003 -17"><span class='ocrx_word' id='word_1_306' title='bbox 751 4103 853 4144; x_wconf 85' lang='lat' dir='ltr'><strong>tem</strong></span> <span class='ocrx_word' id='word_1_307' title='bbox 882 4093 1159 4161; x_wconf 87' lang='lat' dir='ltr'><strong>aliquando</strong></span> <span class='ocrx_word' id='word_1_308' title='bbox 1189 4095 1456 4156; x_wconf 75' lang='lat' dir='ltr'><strong>virtuzen,</strong></span> <span class='ocrx_word' id='word_1_309' title='bbox 1497 4109 1653 4161; x_wconf 89' lang='lat' dir='ltr'><strong>quam</strong></span> <span class='ocrx_word' id='word_1_310' title='bbox 1704 4093 1839 4144; x_wconf 86' lang='lat' dir='ltr'><strong>Deus</strong></span> <span class='ocrx_word' id='word_1_311' title='bbox 1879 4091 2083 4159; x_wconf 89' lang='lat' dir='ltr'><strong>probat,</strong></span> <span class='ocrx_word' id='word_1_312' title='bbox 2125 4105 2312 4157; x_wconf 80' lang='lat' dir='ltr'><strong>capes-</strong></span> 
     </span>
    </p>
   </div>
   <div class='ocr_carea' id='block_1_42' title="bbox 750 4181 2310 4254">
    <p class='ocr_par' dir='ltr' id='par_1_42' title="bbox 750 4181 2310 4254">
     <span class='ocr_line' id='line_1_42' title="bbox 750 4181 2310 4254; baseline -0.002 -20"><span class='ocrx_word' id='word_1_313' title='bbox 750 4197 866 4236; x_wconf 82' lang='lat' dir='ltr'><strong>scre</strong></span> <span class='ocrx_word' id='word_1_314' title='bbox 897 4184 1179 4237; x_wconf 74' lang='lat' dir='ltr'><strong>valeamus.</strong></span> <span class='ocrx_word' id='word_1_315' title='bbox 1215 4183 1344 4237; x_wconf 86' lang='lat' dir='ltr'><strong>Nam</strong></span> <span class='ocrx_word' id='word_1_316' title='bbox 1386 4184 1428 4236; x_wconf 87' lang='lat' dir='ltr'><strong>si</strong></span> <span class='ocrx_word' id='word_1_317' title='bbox 1463 4183 1784 4254; x_wconf 60' lang='lat' dir='ltr'><strong>spiritualem</strong></span> <span class='ocrx_word' id='word_1_318' title='bbox 1837 4183 1971 4234; x_wconf 89' lang='lat' dir='ltr'><strong>hanc</strong></span> <span class='ocrx_word' id='word_1_319' title='bbox 2019 4181 2310 4233; x_wconf 88' lang='lat' dir='ltr'><strong>doctrinam</strong></span> 
     </span>
    </p>
   </div>
   <div class='ocr_carea' id='block_1_43' title="bbox 751 4270 2311 4342">
    <p class='ocr_par' dir='ltr' id='par_1_43' title="bbox 751 4270 2311 4342">
     <span class='ocr_line' id='line_1_43' title="bbox 751 4270 2311 4342; baseline -0.001 -18"><span class='ocrx_word' id='word_1_320' title='bbox 751 4274 906 4325; x_wconf 90' lang='lat' dir='ltr'><strong>etiam</strong></span> <span class='ocrx_word' id='word_1_321' title='bbox 938 4289 1032 4326; x_wconf 87' lang='lat' dir='ltr'><strong>nos</strong></span> <span class='ocrx_word' id='word_1_322' title='bbox 1062 4274 1294 4342; x_wconf 86' lang='lat' dir='ltr'><strong>quotidie</strong></span> <span class='ocrx_word' id='word_1_323' title='bbox 1325 4275 1472 4327; x_wconf 87' lang='lat' dir='ltr'><strong>vobis</strong></span> <span class='ocrx_word' id='word_1_324' title='bbox 1499 4273 1772 4326; x_wconf 86' lang='lat' dir='ltr'><strong>clamaturi</strong></span> <span class='ocrx_word' id='word_1_325' title='bbox 1803 4287 2002 4336; x_wconf 87' lang='lat' dir='ltr'><strong>sumus,</strong></span> <span class='ocrx_word' id='word_1_326' title='bbox 2036 4287 2229 4339; x_wconf 73' lang='lat' dir='ltr'><strong>vosque</strong></span> <span class='ocrx_word' id='word_1_327' title='bbox 2262 4270 2311 4323; x_wconf 90' lang='lat' dir='ltr'><strong>in</strong></span> 
     </span>
    </p>
   </div>
   <div class='ocr_carea' id='block_1_44' title="bbox 752 4361 2313 4432">
    <p class='ocr_par' dir='ltr' id='par_1_44' title="bbox 752 4361 2313 4432">
     <span class='ocr_line' id='line_1_44' title="bbox 752 4361 2313 4432; baseline -0.001 -17"><span class='ocrx_word' id='word_1_328' title='bbox 752 4361 938 4415; x_wconf 89' lang='lat' dir='ltr'><strong>eadem</strong></span> <span class='ocrx_word' id='word_1_329' title='bbox 984 4365 1243 4415; x_wconf 89' lang='lat' dir='ltr'><strong>maneatis</strong></span> <span class='ocrx_word' id='word_1_330' title='bbox 1273 4364 1494 4431; x_wconf 80' lang='lat' dir='ltr'><strong>ignavia,</strong></span> <span class='ocrx_word' id='word_1_331' title='bbox 1522 4378 1641 4432; x_wconf 81' lang='lat' dir='ltr'><strong>qua:</strong></span> <span class='ocrx_word' id='word_1_332' title='bbox 1670 4372 1838 4416; x_wconf 89' lang='lat' dir='ltr'><strong>vestra</strong></span> <span class='ocrx_word' id='word_1_333' title='bbox 1869 4362 1969 4415; x_wconf 87' lang='lat' dir='ltr'><strong>erit</strong></span> <span class='ocrx_word' id='word_1_334' title='bbox 2012 4361 2208 4414; x_wconf 75' lang='lat' dir='ltr'><strong>utilitas</strong></span> <span class='ocrx_word' id='word_1_335' title='bbox 2245 4377 2313 4413; x_wconf 79' lang='lat' dir='ltr'><strong>ex</strong></span> 
     </span>
    </p>
   </div>
   <div class='ocr_carea' id='block_1_45' title="bbox 750 4455 2312 4524">
    <p class='ocr_par' dir='ltr' id='par_1_45' title="bbox 750 4455 2312 4524">
     <span class='ocr_line' id='line_1_45' title="bbox 750 4455 2312 4524; baseline 0.001 -20"><span class='ocrx_word' id='word_1_336' title='bbox 750 4456 993 4507; x_wconf 81' lang='lat' dir='ltr'><strong>contiuUa</strong></span> <span class='ocrx_word' id='word_1_337' title='bbox 1018 4455 1292 4508; x_wconf 82' lang='lat' dir='ltr'><strong>doctrina?</strong></span> <span class='ocrx_word' id='word_1_338' title='bbox 1313 4467 1400 4507; x_wconf 85' lang='lat' dir='ltr'><strong>aut</strong></span> <span class='ocrx_word' id='word_1_339' title='bbox 1428 4456 1576 4509; x_wconf 88' lang='lat' dir='ltr'><strong>nobis</strong></span> <span class='ocrx_word' id='word_1_340' title='bbox 1593 4471 1708 4524; x_wconf 74' lang='lat' dir='ltr'><strong>qua:</strong></span> <span class='ocrx_word' id='word_1_341' title='bbox 1734 4455 2023 4508; x_wconf 86' lang='lat' dir='ltr'><strong>consolatio</strong></span> <span class='ocrx_word' id='word_1_342' title='bbox 2049 4456 2167 4516; x_wconf 90' lang='lat' dir='ltr'><strong>erit,</strong></span> <span class='ocrx_word' id='word_1_343' title='bbox 2193 4469 2312 4507; x_wconf 90' lang='lat' dir='ltr'><strong>cum</strong></span> 
     </span>
    </p>
   </div>
   <div class='ocr_carea' id='block_1_46' title="bbox 754 4545 2308 4614">
    <p class='ocr_par' dir='ltr' id='par_1_46' title="bbox 754 4545 2308 4614">
     <span class='ocr_line' id='line_1_46' title="bbox 754 4545 2308 4614; baseline 0.005 -24"><span class='ocrx_word' id='word_1_344' title='bbox 754 4545 1005 4605; x_wconf 78' lang='lat' dir='ltr'><strong>\‘ltiClllllS,</strong></span> <span class='ocrx_word' id='word_1_345' title='bbox 1042 4562 1136 4598; x_wconf 87' lang='lat' dir='ltr'><strong>nos</strong></span> <span class='ocrx_word' id='word_1_346' title='bbox 1165 4556 1363 4599; x_wconf 89' lang='lat' dir='ltr'><strong>tantum</strong></span> <span class='ocrx_word' id='word_1_347' title='bbox 1393 4548 1630 4602; x_wconf 88' lang='lat' dir='ltr'><strong>laborare</strong></span> <span class='ocrx_word' id='word_1_348' title='bbox 1659 4547 1874 4611; x_wconf 90' lang='lat' dir='ltr'><strong>frustra,</strong></span> <span class='ocrx_word' id='word_1_349' title='bbox 1909 4558 1960 4600; x_wconf 91' lang='lat' dir='ltr'><strong>et</strong></span> <span class='ocrx_word' id='word_1_350' title='bbox 1992 4547 2118 4598; x_wconf 88' lang='lat' dir='ltr'><strong>nihil</strong></span> <span class='ocrx_word' id='word_1_351' title='bbox 2153 4547 2308 4614; x_wconf 82' lang='lat' dir='ltr'><strong>proli-</strong></span> 
     </span>
    </p>
   </div>
   <div class='ocr_carea' id='block_1_47' title="bbox 683 4635 2315 4690">
    <p class='ocr_par' dir='ltr' id='par_1_47' title="bbox 683 4635 2315 4690">
     <span class='ocr_line' id='line_1_47' title="bbox 683 4635 2315 4690; baseline -0.002 -1"><span class='ocrx_word' id='word_1_352' title='bbox 683 4685 686 4689; x_wconf 92' lang='lat'><strong>.</strong></span> <span class='ocrx_word' id='word_1_353' title='bbox 752 4646 873 4686; x_wconf 84' lang='lat' dir='ltr'><strong>Cere</strong></span> <span class='ocrx_word' id='word_1_354' title='bbox 908 4643 1049 4687; x_wconf 88' lang='lat' dir='ltr'><strong>tanto</strong></span> <span class='ocrx_word' id='word_1_355' title='bbox 1079 4636 1286 4688; x_wconf 79' lang='lat' dir='ltr'><strong>studio?</strong></span> <span class='ocrx_word' id='word_1_356' title='bbox 1328 4636 1416 4689; x_wconf 87' lang='lat' dir='ltr'><strong>Dic</strong></span> <span class='ocrx_word' id='word_1_357' title='bbox 1461 4636 1584 4688; x_wconf 90' lang='lat' dir='ltr'><strong>mihi</strong></span> <span class='ocrx_word' id='word_1_358' title='bbox 1617 4651 1631 4688; x_wconf 89' lang='lat'><strong>:</strong></span> <span class='ocrx_word' id='word_1_359' title='bbox 1659 4635 1840 4689; x_wconf 78' lang='lat' dir='ltr'><strong>Nonne</strong></span> <span class='ocrx_word' id='word_1_360' title='bbox 1865 4651 1926 4690; x_wconf 81' lang='lat' dir='ltr'><strong>ex</strong></span> <span class='ocrx_word' id='word_1_361' title='bbox 1958 4636 2158 4688; x_wconf 85' lang='lat' dir='ltr'><strong>duabus</strong></span> <span class='ocrx_word' id='word_1_362' title='bbox 2185 4635 2315 4688; x_wconf 50' lang='lat' dir='ltr'><strong>subs</strong></span> 
     </span>
    </p>
   </div>
   <div class='ocr_carea' id='block_1_48' title="bbox 754 4724 2312 4793">
    <p class='ocr_par' dir='ltr' id='par_1_48' title="bbox 754 4724 2312 4793">
     <span class='ocr_line' id='line_1_48' title="bbox 754 4724 2312 4793; baseline 0 -17"><span class='ocrx_word' id='word_1_363' title='bbox 754 4724 960 4776; x_wconf 68' lang='lat' dir='ltr'><strong>stantiis</strong></span> <span class='ocrx_word' id='word_1_364' title='bbox 985 4725 1251 4777; x_wconf 76' lang='lat' dir='ltr'><strong>constituti</strong></span> <span class='ocrx_word' id='word_1_365' title='bbox 1283 4741 1482 4789; x_wconf 82' lang='lat' dir='ltr'><strong>sumus,</strong></span> <span class='ocrx_word' id='word_1_366' title='bbox 1514 4742 1574 4778; x_wconf 78' lang='lat' dir='ltr'><strong>cx</strong></span> <span class='ocrx_word' id='word_1_367' title='bbox 1602 4726 1773 4777; x_wconf 86' lang='lat' dir='ltr'><strong>anima</strong></span> <span class='ocrx_word' id='word_1_368' title='bbox 1801 4726 1938 4789; x_wconf 90' lang='lat' dir='ltr'><strong>dico,</strong></span> <span class='ocrx_word' id='word_1_369' title='bbox 1971 4734 2023 4778; x_wconf 88' lang='lat' dir='ltr'><strong>et</strong></span> <span class='ocrx_word' id='word_1_370' title='bbox 2051 4725 2312 4793; x_wconf 79' lang='lat' dir='ltr'><strong>corpore?</strong></span> 
     </span>
    </p>
   </div>
   <div class='ocr_carea' id='block_1_49' title="bbox 752 4812 2312 4886">
    <p class='ocr_par' dir='ltr' id='par_1_49' title="bbox 752 4812 2312 4886">
     <span class='ocr_line' id='line_1_49' title="bbox 752 4812 2312 4886; baseline 0.001 -19"><span class='ocrx_word' id='word_1_371' title='bbox 752 4812 858 4867; x_wconf 79' lang='lat' dir='ltr'><strong>Cur</strong></span> <span class='ocrx_word' id='word_1_372' title='bbox 882 4830 1006 4882; x_wconf 83' lang='lat' dir='ltr'><strong>ergo</strong></span> <span class='ocrx_word' id='word_1_373' title='bbox 1034 4831 1134 4867; x_wconf 90' lang='lat' dir='ltr'><strong>non</strong></span> <span class='ocrx_word' id='word_1_374' title='bbox 1162 4831 1341 4886; x_wconf 88' lang='lat' dir='ltr'><strong>parem</strong></span> <span class='ocrx_word' id='word_1_375' title='bbox 1385 4817 1589 4884; x_wconf 88' lang='lat' dir='ltr'><strong>utrique</strong></span> <span class='ocrx_word' id='word_1_376' title='bbox 1615 4832 1794 4868; x_wconf 89' lang='lat' dir='ltr'><strong>curam</strong></span> <span class='ocrx_word' id='word_1_377' title='bbox 1824 4817 2190 4884; x_wconf 82' lang='lat' dir='ltr'><strong>impendimus,</strong></span> <span class='ocrx_word' id='word_1_378' title='bbox 2219 4817 2312 4869; x_wconf 87' lang='lat' dir='ltr'><strong>sed</strong></span> 
     </span>
    </p>
   </div>
   <div class='ocr_carea' id='block_1_50' title="bbox 752 4906 2312 4974">
    <p class='ocr_par' dir='ltr' id='par_1_50' title="bbox 752 4906 2312 4974">
     <span class='ocr_line' id='line_1_50' title="bbox 752 4906 2312 4974; baseline 0.002 -19"><span class='ocrx_word' id='word_1_379' title='bbox 752 4920 944 4974; x_wconf 79' lang='lat' dir='ltr'><strong>corpus</strong></span> <span class='ocrx_word' id='word_1_380' title='bbox 979 4907 1187 4974; x_wconf 85' lang='lat' dir='ltr'><strong>quidem</strong></span> <span class='ocrx_word' id='word_1_381' title='bbox 1227 4907 1468 4961; x_wconf 88' lang='lat' dir='ltr'><strong>omnibus</strong></span> <span class='ocrx_word' id='word_1_382' title='bbox 1505 4906 1675 4958; x_wconf 76' lang='lat' dir='ltr'><strong>modis</strong></span> <span class='ocrx_word' id='word_1_383' title='bbox 1700 4921 1964 4968; x_wconf 84' lang='lat' dir='ltr'><strong>curamus,</strong></span> <span class='ocrx_word' id='word_1_384' title='bbox 1997 4917 2049 4959; x_wconf 81' lang='lat' dir='ltr'><strong>et</strong></span> <span class='ocrx_word' id='word_1_385' title='bbox 2084 4907 2312 4960; x_wconf 78' lang='lat' dir='ltr'><strong>accersi-</strong></span> 
     </span>
    </p>
   </div>
   <div class='ocr_carea' id='block_1_51' title="bbox 755 4995 2309 5065">
    <p class='ocr_par' dir='ltr' id='par_1_51' title="bbox 755 4995 2309 5065">
     <span class='ocr_line' id='line_1_51' title="bbox 755 4995 2309 5065; baseline 0.003 -21"><span class='ocrx_word' id='word_1_386' title='bbox 755 5007 871 5045; x_wconf 87' lang='lat' dir='ltr'><strong>tttus</strong></span> <span class='ocrx_word' id='word_1_387' title='bbox 894 4995 1145 5055; x_wconf 86' lang='lat' dir='ltr'><strong>medicos,</strong></span> <span class='ocrx_word' id='word_1_388' title='bbox 1168 5011 1230 5050; x_wconf 91' lang='lat' dir='ltr'><strong>ac</strong></span> <span class='ocrx_word' id='word_1_389' title='bbox 1257 5011 1348 5048; x_wconf 80' lang='lat' dir='ltr'><strong>nos</strong></span> <span class='ocrx_word' id='word_1_390' title='bbox 1366 5012 1572 5065; x_wconf 88' lang='lat' dir='ltr'><strong>quoque</strong></span> <span class='ocrx_word' id='word_1_391' title='bbox 1599 4996 1720 5048; x_wconf 89' lang='lat' dir='ltr'><strong>illtul</strong></span> <span class='ocrx_word' id='word_1_392' title='bbox 1745 4997 2022 5063; x_wconf 87' lang='lat' dir='ltr'><strong>diligenter</strong></span> <span class='ocrx_word' id='word_1_393' title='bbox 2045 5011 2309 5062; x_wconf 85' lang='lat' dir='ltr'><strong>curamus,</strong></span> 
     </span>
    </p>
   </div>
   <div class='ocr_carea' id='block_1_52' title="bbox 756 5085 2314 5154">
    <p class='ocr_par' dir='ltr' id='par_1_52' title="bbox 756 5085 2314 5154">
     <span class='ocr_line' id='line_1_52' title="bbox 756 5085 2314 5154; baseline 0.003 -20"><span class='ocrx_word' id='word_1_394' title='bbox 756 5086 945 5137; x_wconf 83' lang='lat' dir='ltr'><strong>vestitu</strong></span> <span class='ocrx_word' id='word_1_395' title='bbox 975 5086 1205 5152; x_wconf 88' lang='lat' dir='ltr'><strong>pretioso</strong></span> <span class='ocrx_word' id='word_1_396' title='bbox 1235 5085 1359 5138; x_wconf 90' lang='lat' dir='ltr'><strong>illud</strong></span> <span class='ocrx_word' id='word_1_397' title='bbox 1394 5087 1634 5154; x_wconf 87' lang='lat' dir='ltr'><strong>tegimus,</strong></span> <span class='ocrx_word' id='word_1_398' title='bbox 1665 5087 1838 5138; x_wconf 85' lang='lat' dir='ltr'><strong>cibum</strong></span> <span class='ocrx_word' id='word_1_399' title='bbox 1863 5100 2020 5154; x_wconf 84' lang='lat' dir='ltr'><strong>supra</strong></span> <span class='ocrx_word' id='word_1_400' title='bbox 2050 5099 2204 5154; x_wconf 91' lang='lat' dir='ltr'><strong>quam</strong></span> <span class='ocrx_word' id='word_1_401' title='bbox 2231 5093 2314 5139; x_wconf 88' lang='lat' dir='ltr'><strong>sat</strong></span> 
     </span>
    </p>
   </div>
   <div class='ocr_carea' id='block_1_53' title="bbox 754 5175 2312 5244">
    <p class='ocr_par' dir='ltr' id='par_1_53' title="bbox 754 5175 2312 5244">
     <span class='ocr_line' id='line_1_53' title="bbox 754 5175 2312 5244; baseline 0.001 -16"><span class='ocrx_word' id='word_1_402' title='bbox 754 5184 833 5228; x_wconf 69' lang='lat' dir='ltr'><strong>cst</strong></span> <span class='ocrx_word' id='word_1_403' title='bbox 856 5177 1130 5240; x_wconf 84' lang='lat' dir='ltr'><strong>sumimus,</strong></span> <span class='ocrx_word' id='word_1_404' title='bbox 1156 5186 1312 5244; x_wconf 90' lang='lat' dir='ltr'><strong>atquc</strong></span> <span class='ocrx_word' id='word_1_405' title='bbox 1338 5175 1386 5229; x_wconf 88' lang='lat' dir='ltr'><strong>itt</strong></span> <span class='ocrx_word' id='word_1_406' title='bbox 1409 5177 1653 5229; x_wconf 89' lang='lat' dir='ltr'><strong>eontinua</strong></span> <span class='ocrx_word' id='word_1_407' title='bbox 1679 5178 2024 5244; x_wconf 76' lang='lat' dir='ltr'><strong>prosperitate</strong></span> <span class='ocrx_word' id='word_1_408' title='bbox 2047 5177 2169 5229; x_wconf 89' lang='lat' dir='ltr'><strong>illud</strong></span> <span class='ocrx_word' id='word_1_409' title='bbox 2192 5190 2312 5230; x_wconf 87' lang='lat' dir='ltr'><strong>esse</strong></span> 
     </span>
    </p>
   </div>
   <div class='ocr_carea' id='block_1_54' title="bbox 756 5264 2308 5334">
    <p class='ocr_par' dir='ltr' id='par_1_54' title="bbox 756 5264 2308 5334">
     <span class='ocr_line' id='line_1_54' title="bbox 756 5264 2308 5334; baseline 0.002 -19"><span class='ocrx_word' id='word_1_410' title='bbox 756 5264 1015 5330; x_wconf 74' lang='lat' dir='ltr'><strong>volamus,</strong></span> <span class='ocrx_word' id='word_1_411' title='bbox 1049 5275 1102 5318; x_wconf 93' lang='lat' dir='ltr'><strong>ct</strong></span> <span class='ocrx_word' id='word_1_412' title='bbox 1129 5266 1268 5318; x_wconf 83' lang='lat' dir='ltr'><strong>nulla</strong></span> <span class='ocrx_word' id='word_1_413' title='bbox 1297 5265 1513 5318; x_wconf 88' lang='lat' dir='ltr'><strong>omnino</strong></span> <span class='ocrx_word' id='word_1_414' title='bbox 1550 5264 1860 5334; x_wconf 80' lang='lat' dir='ltr'><strong>:‘t‘gt‘itttdlnc</strong></span> <span class='ocrx_word' id='word_1_415' title='bbox 1889 5265 2062 5318; x_wconf 67' lang='lat' dir='ltr'><strong>venri</strong></span> <span class='ocrx_word' id='word_1_416' title='bbox 2098 5283 2109 5317; x_wconf 95' lang='lat'>:</span> <span class='ocrx_word' id='word_1_417' title='bbox 2142 5265 2234 5318; x_wconf 89' lang='lat' dir='ltr'><strong>sed</strong></span> <span class='ocrx_word' id='word_1_418' title='bbox 2266 5265 2308 5318; x_wconf 89' lang='lat' dir='ltr'><strong>si</strong></span> 
     </span>
    </p>
   </div>
   <div class='ocr_carea' id='block_1_55' title="bbox 754 5353 2312 5421">
    <p class='ocr_par' dir='ltr' id='par_1_55' title="bbox 754 5353 2312 5421">
     <span class='ocr_line' id='line_1_55' title="bbox 754 5353 2312 5421; baseline 0.002 -16"><span class='ocrx_word' id='word_1_419' title='bbox 754 5353 887 5407; x_wconf 85' lang='lat' dir='ltr'><strong>forte</strong></span> <span class='ocrx_word' id='word_1_420' title='bbox 925 5354 1047 5421; x_wconf 88' lang='lat' dir='ltr'><strong>qttid</strong></span> <span class='ocrx_word' id='word_1_421' title='bbox 1077 5355 1339 5418; x_wconf 88' lang='lat' dir='ltr'><strong>obturbet,</strong></span> <span class='ocrx_word' id='word_1_422' title='bbox 1371 5371 1580 5408; x_wconf 90' lang='lat' dir='ltr'><strong>omucnt</strong></span> <span class='ocrx_word' id='word_1_423' title='bbox 1614 5370 1886 5409; x_wconf 91' lang='lat' dir='ltr'><strong>movemus</strong></span> <span class='ocrx_word' id='word_1_424' title='bbox 1910 5354 2225 5420; x_wconf 88' lang='lat' dir='ltr'><strong>machinam,</strong></span> <span class='ocrx_word' id='word_1_425' title='bbox 2257 5364 2312 5408; x_wconf 89' lang='grc' dir='ltr'><strong>ιιι</strong></span> 
     </span>
    </p>
   </div>
   <div class='ocr_carea' id='block_1_56' title="bbox 752 5445 2312 5515">
    <p class='ocr_par' dir='ltr' id='par_1_56' title="bbox 752 5445 2312 5515">
     <span class='ocr_line' id='line_1_56' title="bbox 752 5445 2312 5515; baseline 0.001 -17"><span class='ocrx_word' id='word_1_426' title='bbox 752 5445 889 5511; x_wconf 86' lang='lat' dir='ltr'><strong>quod</strong></span> <span class='ocrx_word' id='word_1_427' title='bbox 917 5445 1209 5499; x_wconf 85' lang='lat' dir='ltr'><strong>molestiam</strong></span> <span class='ocrx_word' id='word_1_428' title='bbox 1239 5446 1390 5500; x_wconf 83' lang='lat' dir='ltr'><strong>affert</strong></span> <span class='ocrx_word' id='word_1_429' title='bbox 1413 5447 1761 5500; x_wconf 70' lang='lat' dir='ltr'><strong>emendetur?</strong></span> <span class='ocrx_word' id='word_1_430' title='bbox 1793 5448 1854 5500; x_wconf 68' lang='lat' dir='ltr'><strong>lit</strong></span> <span class='ocrx_word' id='word_1_431' title='bbox 1883 5445 1980 5499; x_wconf 80' lang='lat' dir='ltr'><strong>hoc</strong></span> <span class='ocrx_word' id='word_1_432' title='bbox 2007 5447 2071 5499; x_wconf 90' lang='lat' dir='ltr'><strong>de</strong></span> <span class='ocrx_word' id='word_1_433' title='bbox 2091 5462 2312 5515; x_wconf 88' lang='lat' dir='ltr'><strong>corpore</strong></span> 
     </span>
    </p>
   </div>
   <div class='ocr_carea' id='block_1_57' title="bbox 752 5539 2310 5609">
    <p class='ocr_par' dir='ltr' id='par_1_57' title="bbox 752 5539 2310 5609">
     <span class='ocr_line' id='line_1_57' title="bbox 752 5539 2310 5609; baseline -0.001 -17"><span class='ocrx_word' id='word_1_434' title='bbox 752 5540 894 5606; x_wconf 71' lang='grc' dir='ltr'><strong>ἀίω,</strong></span> <span class='ocrx_word' id='word_1_435' title='bbox 924 5541 1062 5609; x_wconf 78' lang='lat' dir='ltr'><strong>quod</strong></span> <span class='ocrx_word' id='word_1_436' title='bbox 1098 5539 1385 5594; x_wconf 89' lang='lat' dir='ltr'><strong>secundum</strong></span> <span class='ocrx_word' id='word_1_437' title='bbox 1432 5540 1774 5594; x_wconf 84' lang='lat' dir='ltr'><strong>substantiam</strong></span> <span class='ocrx_word' id='word_1_438' title='bbox 1827 5541 1998 5592; x_wconf 88' lang='lat' dir='ltr'><strong>ntimts</strong></span> <span class='ocrx_word' id='word_1_439' title='bbox 2036 5549 2115 5590; x_wconf 90' lang='lat' dir='ltr'><strong>est</strong></span> <span class='ocrx_word' id='word_1_440' title='bbox 2145 5555 2156 5590; x_wconf 87' lang='lat'>:</span> <span class='ocrx_word' id='word_1_441' title='bbox 2187 5539 2310 5608; x_wconf 88' lang='lat' dir='ltr'><strong>quid</strong></span> 
     </span>
    </p>
   </div>
   <div class='ocr_carea' id='block_1_58' title="bbox 752 5631 2313 5700">
    <p class='ocr_par' dir='ltr' id='par_1_58' title="bbox 752 5631 2313 5700">
     <span class='ocr_line' id='line_1_58' title="bbox 752 5631 2313 5700; baseline 0.003 -18"><span class='ocrx_word' id='word_1_442' title='bbox 752 5631 890 5684; x_wconf 85' lang='lat' dir='ltr'><strong>enim</strong></span> <span class='ocrx_word' id='word_1_443' title='bbox 912 5633 1097 5698; x_wconf 82' lang='lat' dir='ltr'><strong>majus,</strong></span> <span class='ocrx_word' id='word_1_444' title='bbox 1129 5634 1390 5696; x_wconf 77' lang='lat' dir='ltr'><strong>animane,</strong></span> <span class='ocrx_word' id='word_1_445' title='bbox 1421 5647 1486 5685; x_wconf 91' lang='lat' dir='ltr'><strong>an</strong></span> <span class='ocrx_word' id='word_1_446' title='bbox 1515 5632 1887 5700; x_wconf 83' lang='lat' dir='ltr'><strong>corpus?Nam</strong></span> <span class='ocrx_word' id='word_1_447' title='bbox 1919 5632 1962 5686; x_wconf 93' lang='lat' dir='ltr'><strong>si</strong></span> <span class='ocrx_word' id='word_1_448' title='bbox 1994 5637 2071 5687; x_wconf 85' lang='lat' dir='ltr'><strong>vis</strong></span> <span class='ocrx_word' id='word_1_449' title='bbox 2096 5637 2107 5665; x_wconf 91' lang='lat'>&#39;</span> <span class='ocrx_word' id='word_1_450' title='bbox 2137 5635 2313 5687; x_wconf 87' lang='lat' dir='ltr'><strong>videre</strong></span> 
     </span>
    </p>
   </div>
   <div class='ocr_carea' id='block_1_59' title="bbox 816 5721 2314 5786">
    <p class='ocr_par' dir='ltr' id='par_1_59' title="bbox 816 5721 2314 5786">
     <span class='ocr_line' id='line_1_59' title="bbox 816 5721 2314 5786; baseline 0.004 -20"><span class='ocrx_word' id='word_1_451' title='bbox 816 5722 828 5749; x_wconf 86' lang='grc'>¹</span> <span class='ocrx_word' id='word_1_452' title='bbox 866 5721 1064 5786; x_wconf 66' lang='lat' dir='ltr'><strong>Sat-ilius</strong></span> <span class='ocrx_word' id='word_1_453' title='bbox 1087 5737 1154 5786; x_wconf 78' lang='lat' dir='ltr'><strong>sic</strong></span> <span class='ocrx_word' id='word_1_454' title='bbox 1177 5722 1318 5772; x_wconf 73' lang='lat' dir='ltr'><strong>hath</strong></span> <span class='ocrx_word' id='word_1_455' title='bbox 1339 5756 1354 5774; x_wconf 85' lang='lat'><strong>.</strong></span> <span class='ocrx_word' id='word_1_456' title='bbox 1380 5728 1432 5771; x_wconf 71' lang='lat' dir='ltr'><strong>Et</strong></span> <span class='ocrx_word' id='word_1_457' title='bbox 1458 5722 1549 5786; x_wconf 72' lang='lat' dir='ltr'><strong>[tot</strong></span> <span class='ocrx_word' id='word_1_458' title='bbox 1570 5724 1630 5786; x_wconf 79' lang='lat' dir='ltr'><strong>de</strong></span> <span class='ocrx_word' id='word_1_459' title='bbox 1657 5736 1880 5782; x_wconf 76' lang='lat' dir='ltr'><strong>corpore.</strong></span> <span class='ocrx_word' id='word_1_460' title='bbox 1906 5728 2032 5786; x_wconf 76' lang='lat' dir='ltr'><strong>quod</strong></span> <span class='ocrx_word' id='word_1_461' title='bbox 2054 5729 2314 5775; x_wconf 71' lang='lat' dir='ltr'><strong>scentulum</strong></span> 
     </span>
    </p>
   </div>
   <div class='ocr_carea' id='block_1_60' title="bbox 753 5783 2309 5845">
    <p class='ocr_par' dir='ltr' id='par_1_60' title="bbox 753 5783 2309 5845">
     <span class='ocr_line' id='line_1_60' title="bbox 753 5783 2309 5845; baseline 0.003 -14"><span class='ocrx_word' id='word_1_462' title='bbox 753 5783 1059 5845; x_wconf 65' lang='lat' dir='ltr'><strong>substruantur</strong></span> <span class='ocrx_word' id='word_1_463' title='bbox 1083 5784 1232 5832; x_wconf 65' lang='lat' dir='ltr'><strong>minus</strong></span> <span class='ocrx_word' id='word_1_464' title='bbox 1257 5792 1343 5840; x_wconf 67' lang='lat' dir='ltr'><strong>est.</strong></span> <span class='ocrx_word' id='word_1_465' title='bbox 1364 5783 1502 5845; x_wconf 75' lang='lat' dir='ltr'><strong>(quid</strong></span> <span class='ocrx_word' id='word_1_466' title='bbox 1525 5785 1651 5833; x_wconf 80' lang='lat' dir='ltr'><strong>enim</strong></span> <span class='ocrx_word' id='word_1_467' title='bbox 1675 5785 1856 5844; x_wconf 71' lang='lat' dir='ltr'><strong>nntius,</strong></span> <span class='ocrx_word' id='word_1_468' title='bbox 1880 5783 2098 5840; x_wconf 62' lang='lat' dir='ltr'><strong>(attumne</strong></span> <span class='ocrx_word' id='word_1_469' title='bbox 2120 5804 2181 5837; x_wconf 85' lang='lat' dir='ltr'><strong>ar:</strong></span> <span class='ocrx_word' id='word_1_470' title='bbox 2201 5802 2309 5838; x_wconf 83' lang='lat' dir='ltr'><strong>cor-</strong></span> 
     </span>
    </p>
   </div>
   <div class='ocr_carea' id='block_1_61' title="bbox 745 5843 1826 5904">
    <p class='ocr_par' dir='ltr' id='par_1_61' title="bbox 745 5843 1826 5904">
     <span class='ocr_line' id='line_1_61' title="bbox 745 5843 1826 5904; baseline 0 -10"><span class='ocrx_word' id='word_1_471' title='bbox 745 5860 838 5904; x_wconf 66' lang='lat' dir='ltr'><strong>pus</strong></span> <span class='ocrx_word' id='word_1_472' title='bbox 856 5846 896 5893; x_wconf 76' lang='grc' dir='ltr'><strong>ζ’)</strong></span> <span class='ocrx_word' id='word_1_473' title='bbox 913 5843 1208 5896; x_wconf 52' lang='lat' dir='ltr'><strong>trepidamus</strong></span> <span class='ocrx_word' id='word_1_474' title='bbox 1231 5855 1273 5895; x_wconf 84' lang='lat' dir='ltr'><strong>ct</strong></span> <span class='ocrx_word' id='word_1_475' title='bbox 1293 5843 1517 5898; x_wconf 73' lang='lat' dir='ltr'><strong>currimus</strong></span> <span class='ocrx_word' id='word_1_476' title='bbox 1564 5855 1614 5898; x_wconf 83' lang='lat' dir='ltr'><strong>Lt</strong></span> <span class='ocrx_word' id='word_1_477' title='bbox 1635 5847 1675 5897; x_wconf 69' lang='lat' dir='ltr'><strong>rt’</strong></span> <span class='ocrx_word' id='word_1_478' title='bbox 1703 5847 1826 5898; x_wconf 73' lang='lat' dir='ltr'><strong>ris...</strong></span> 
     </span>
    </p>
   </div>
   <div class='ocr_carea' id='block_1_62' title="bbox 1458 439 3253 520">
    <p class='ocr_par' dir='ltr' id='par_1_62' title="bbox 1458 439 3253 520">
     <span class='ocr_line' id='line_1_62' title="bbox 1458 439 3253 520; baseline -0.008 -1"><span class='ocrx_word' id='word_1_479' title='bbox 1458 463 1513 519; x_wconf 90' lang='lat' dir='ltr'><strong>s.</strong></span> <span class='ocrx_word' id='word_1_480' title='bbox 1553 439 1822 520; x_wconf 59' lang='lat' dir='ltr'><strong>tonsis</strong></span> <span class='ocrx_word' id='word_1_481' title='bbox 1858 447 2330 520; x_wconf 73' lang='lat' dir='ltr'><strong>CllltYSOSTOMl</strong></span> <span class='ocrx_word' id='word_1_482' title='bbox 2366 444 2682 503; x_wconf 71' lang='lat' dir='ltr'><strong>AltCillEP.</strong></span> <span class='ocrx_word' id='word_1_483' title='bbox 2725 449 3253 507; x_wconf 71' lang='lat' dir='ltr'><strong>coxsns&#39;rttvor.</strong></span> 
     </span>
    </p>
   </div>
   <div class='ocr_carea' id='block_1_63' title="bbox 3850 455 3974 512">
    <p class='ocr_par' dir='ltr' id='par_1_63' title="bbox 3850 455 3974 512">
     <span class='ocr_line' id='line_1_63' title="bbox 3850 455 3974 512; baseline 0 0"><span class='ocrx_word' id='word_1_484' title='bbox 3850 455 3974 512; x_wconf 63' lang='lat' dir='ltr'><strong>fu</strong></span> 
     </span>
    </p>
   </div>
   <div class='ocr_carea' id='block_1_64' title="bbox 2381 559 3970 635">
    <p class='ocr_par' dir='ltr' id='par_1_64' title="bbox 2381 559 3970 635">
     <span class='ocr_line' id='line_1_64' title="bbox 2381 559 3970 635; baseline 0.006 -25"><span class='ocrx_word' id='word_1_485' title='bbox 2381 559 2767 626; x_wconf 80' lang='lat' dir='ltr'><strong>diversitatem,</strong></span> <span class='ocrx_word' id='word_1_486' title='bbox 2792 561 3151 618; x_wconf 79' lang='lat' dir='ltr'><strong>animadverte</strong></span> <span class='ocrx_word' id='word_1_487' title='bbox 3177 565 3452 635; x_wconf 76' lang='lat' dir='ltr'><strong>quomodo</strong></span> <span class='ocrx_word' id='word_1_488' title='bbox 3473 567 3662 619; x_wconf 89' lang='lat' dir='ltr'><strong>nullius</strong></span> <span class='ocrx_word' id='word_1_489' title='bbox 3696 567 3970 620; x_wconf 81' lang='lat' dir='ltr'><strong>tttornemi</strong></span> 
     </span>
    </p>
   </div>
   <div class='ocr_carea' id='block_1_65' title="bbox 2375 651 3970 726">
    <p class='ocr_par' dir='ltr' id='par_1_65' title="bbox 2375 651 3970 726">
     <span class='ocr_line' id='line_1_65' title="bbox 2375 651 3970 726; baseline 0.009 -29"><span class='ocrx_word' id='word_1_490' title='bbox 2375 651 2441 700; x_wconf 77' lang='lat' dir='ltr'><strong>:it</strong></span> <span class='ocrx_word' id='word_1_491' title='bbox 2468 665 2660 720; x_wconf 87' lang='lat' dir='ltr'><strong>corpus</strong></span> <span class='ocrx_word' id='word_1_492' title='bbox 2689 653 2732 706; x_wconf 83' lang='lat' dir='ltr'><strong>si</strong></span> <span class='ocrx_word' id='word_1_493' title='bbox 2763 655 2934 706; x_wconf 87' lang='lat' dir='ltr'><strong>aninta</strong></span> <span class='ocrx_word' id='word_1_494' title='bbox 2962 654 3028 707; x_wconf 85' lang='lat' dir='ltr'><strong>ab</strong></span> <span class='ocrx_word' id='word_1_495' title='bbox 3055 669 3121 708; x_wconf 87' lang='lat' dir='ltr'><strong>eo</strong></span> <span class='ocrx_word' id='word_1_496' title='bbox 3147 655 3469 709; x_wconf 84' lang='lat' dir='ltr'><strong>discesserit.</strong></span> <span class='ocrx_word' id='word_1_497' title='bbox 3508 657 3666 725; x_wconf 85' lang='lat' dir='ltr'><strong>Igitur</strong></span> <span class='ocrx_word' id='word_1_498' title='bbox 3701 660 3793 726; x_wconf 84' lang='lat' dir='ltr'><strong>qui</strong></span> <span class='ocrx_word' id='word_1_499' title='bbox 3837 671 3970 712; x_wconf 78' lang='lat' dir='ltr'><strong>tan-</strong></span> 
     </span>
    </p>
   </div>
   <div class='ocr_carea' id='block_1_66' title="bbox 2381 743 3972 815">
    <p class='ocr_par' dir='ltr' id='par_1_66' title="bbox 2381 743 3972 815">
     <span class='ocr_line' id='line_1_66' title="bbox 2381 743 3972 815; baseline 0.007 -24"><span class='ocrx_word' id='word_1_500' title='bbox 2381 749 2484 791; x_wconf 89' lang='lat' dir='ltr'><strong>tam</strong></span> <span class='ocrx_word' id='word_1_501' title='bbox 2516 743 2675 794; x_wconf 88' lang='lat' dir='ltr'><strong>habes</strong></span> <span class='ocrx_word' id='word_1_502' title='bbox 2698 743 2937 809; x_wconf 81' lang='lat' dir='ltr'><strong>Corporis</strong></span> <span class='ocrx_word' id='word_1_503' title='bbox 2960 758 3161 805; x_wconf 85' lang='lat' dir='ltr'><strong>curant,</strong></span> <span class='ocrx_word' id='word_1_504' title='bbox 3201 745 3352 812; x_wconf 88' lang='lat' dir='ltr'><strong>cujus</strong></span> <span class='ocrx_word' id='word_1_505' title='bbox 3393 749 3580 815; x_wconf 83' lang='lat' dir='ltr'><strong>gratia,</strong></span> <span class='ocrx_word' id='word_1_506' title='bbox 3628 759 3683 800; x_wconf 86' lang='lat' dir='ltr'><strong>et</strong></span> <span class='ocrx_word' id='word_1_507' title='bbox 3735 761 3972 815; x_wconf 68' lang='lat' dir='ltr'><strong>propter</strong></span> 
     </span>
    </p>
   </div>
   <div class='ocr_carea' id='block_1_67' title="bbox 2377 830 3971 906">
    <p class='ocr_par' dir='ltr' id='par_1_67' title="bbox 2377 830 3971 906">
     <span class='ocr_line' id='line_1_67' title="bbox 2377 830 3971 906; baseline 0.006 -25"><span class='ocrx_word' id='word_1_508' title='bbox 2377 830 2503 896; x_wconf 89' lang='lat' dir='ltr'><strong>quid</strong></span> <span class='ocrx_word' id='word_1_509' title='bbox 2537 840 2736 884; x_wconf 89' lang='lat' dir='ltr'><strong>tantum</strong></span> <span class='ocrx_word' id='word_1_510' title='bbox 2765 834 2955 886; x_wconf 78' lang='lat' dir='ltr'><strong>anima:</strong></span> <span class='ocrx_word' id='word_1_511' title='bbox 2980 839 3339 905; x_wconf 79' lang='lat' dir='ltr'><strong>contemptum</strong></span> <span class='ocrx_word' id='word_1_512' title='bbox 3380 837 3633 894; x_wconf 87' lang='lat' dir='ltr'><strong>admittis.</strong></span> <span class='ocrx_word' id='word_1_513' title='bbox 3679 848 3733 890; x_wconf 87' lang='lat' dir='ltr'><strong>et</strong></span> <span class='ocrx_word' id='word_1_514' title='bbox 3783 854 3971 906; x_wconf 81' lang='lat' dir='ltr'><strong>neque</strong></span> 
     </span>
    </p>
   </div>
   <div class='ocr_carea' id='block_1_68' title="bbox 2380 921 3974 994">
    <p class='ocr_par' dir='ltr' id='par_1_68' title="bbox 2380 921 3974 994">
     <span class='ocr_line' id='line_1_68' title="bbox 2380 921 3974 994; baseline 0.005 -22"><span class='ocrx_word' id='word_1_515' title='bbox 2380 933 2669 989; x_wconf 72' lang='lat' dir='ltr'><strong>congruum</strong></span> <span class='ocrx_word' id='word_1_516' title='bbox 2704 921 2779 974; x_wconf 94' lang='lat' dir='ltr'><strong>illi</strong></span> <span class='ocrx_word' id='word_1_517' title='bbox 2806 921 2980 975; x_wconf 91' lang='lat' dir='ltr'><strong>cibum</strong></span> <span class='ocrx_word' id='word_1_518' title='bbox 3011 925 3296 994; x_wconf 83' lang='lat' dir='ltr'><strong>impartiris</strong></span> <span class='ocrx_word' id='word_1_519' title='bbox 3338 943 3351 978; x_wconf 94' lang='lat'>:</span> <span class='ocrx_word' id='word_1_520' title='bbox 3384 926 3800 981; x_wconf 85' lang='lat' dir='ltr'><strong>admonitionem</strong></span> <span class='ocrx_word' id='word_1_521' title='bbox 3836 929 3974 981; x_wconf 68' lang='lat' dir='ltr'><strong>diro</strong></span> 
     </span>
    </p>
   </div>
   <div class='ocr_carea' id='block_1_69' title="bbox 2383 1009 3974 1082">
    <p class='ocr_par' dir='ltr' id='par_1_69' title="bbox 2383 1009 3974 1082">
     <span class='ocr_line' id='line_1_69' title="bbox 2383 1009 3974 1082; baseline 0.007 -21"><span class='ocrx_word' id='word_1_522' title='bbox 2383 1025 2447 1062; x_wconf 78' lang='lat' dir='ltr'><strong>ex</strong></span> <span class='ocrx_word' id='word_1_523' title='bbox 2491 1010 2656 1063; x_wconf 90' lang='lat' dir='ltr'><strong>sacris</strong></span> <span class='ocrx_word' id='word_1_524' title='bbox 2683 1009 2989 1080; x_wconf 88' lang='lat' dir='ltr'><strong>Scripturis,</strong></span> <span class='ocrx_word' id='word_1_525' title='bbox 3037 1028 3207 1082; x_wconf 85' lang='lat' dir='ltr'><strong>neque</strong></span> <span class='ocrx_word' id='word_1_526' title='bbox 3251 1015 3558 1070; x_wconf 86' lang='lat' dir='ltr'><strong>vulneribus</strong></span> <span class='ocrx_word' id='word_1_527' title='bbox 3593 1027 3646 1071; x_wconf 87' lang='lat' dir='ltr'><strong>et</strong></span> <span class='ocrx_word' id='word_1_528' title='bbox 3689 1019 3974 1072; x_wconf 77' lang='lat' dir='ltr'><strong>ulceribus</strong></span> 
     </span>
    </p>
   </div>
   <div class='ocr_carea' id='block_1_70' title="bbox 2383 1099 3974 1173">
    <p class='ocr_par' dir='ltr' id='par_1_70' title="bbox 2383 1099 3974 1173">
     <span class='ocr_line' id='line_1_70' title="bbox 2383 1099 3974 1173; baseline 0.009 -26"><span class='ocrx_word' id='word_1_529' title='bbox 2383 1115 2498 1166; x_wconf 71' lang='lat' dir='ltr'><strong>qua:</strong></span> <span class='ocrx_word' id='word_1_530' title='bbox 2527 1099 2664 1153; x_wconf 82' lang='lat' dir='ltr'><strong>illius</strong></span> <span class='ocrx_word' id='word_1_531' title='bbox 2693 1100 2851 1154; x_wconf 90' lang='lat' dir='ltr'><strong>robur</strong></span> <span class='ocrx_word' id='word_1_532' title='bbox 2876 1101 3170 1168; x_wconf 85' lang='lat' dir='ltr'><strong>debilitant,</strong></span> <span class='ocrx_word' id='word_1_533' title='bbox 3193 1112 3243 1157; x_wconf 91' lang='lat' dir='ltr'><strong>et</strong></span> <span class='ocrx_word' id='word_1_534' title='bbox 3275 1104 3514 1159; x_wconf 83' lang='lat' dir='ltr'><strong>fiduciam</strong></span> <span class='ocrx_word' id='word_1_535' title='bbox 3535 1120 3815 1173; x_wconf 81' lang='lat' dir='ltr'><strong>enervant,</strong></span> <span class='ocrx_word' id='word_1_536' title='bbox 3843 1107 3974 1160; x_wconf 64' lang='lat' dir='ltr'><strong>ideo</strong></span> 
     </span>
    </p>
   </div>
   <div class='ocr_carea' id='block_1_71' title="bbox 2389 1189 3977 1265">
    <p class='ocr_par' dir='ltr' id='par_1_71' title="bbox 2389 1189 3977 1265">
     <span class='ocr_line' id='line_1_71' title="bbox 2389 1189 3977 1265; baseline 0.007 -25"><span class='ocrx_word' id='word_1_537' title='bbox 2389 1205 2482 1242; x_wconf 84' lang='lat' dir='ltr'><strong>nea</strong></span> <span class='ocrx_word' id='word_1_538' title='bbox 2516 1189 2745 1242; x_wconf 85' lang='lat' dir='ltr'><strong>remedia</strong></span> <span class='ocrx_word' id='word_1_539' title='bbox 2776 1192 2997 1258; x_wconf 84' lang='lat' dir='ltr'><strong>apponis</strong></span> <span class='ocrx_word' id='word_1_540' title='bbox 3026 1211 3039 1246; x_wconf 95' lang='lat'>:</span> <span class='ocrx_word' id='word_1_541' title='bbox 3070 1193 3160 1247; x_wconf 81' lang='lat' dir='ltr'><strong>sed</strong></span> <span class='ocrx_word' id='word_1_542' title='bbox 3193 1192 3298 1248; x_wconf 91' lang='lat' dir='ltr'><strong>fers</strong></span> <span class='ocrx_word' id='word_1_543' title='bbox 3330 1206 3383 1247; x_wconf 93' lang='grc' dir='ltr'><strong>ιιι</strong></span> <span class='ocrx_word' id='word_1_544' title='bbox 3413 1195 3500 1249; x_wconf 87' lang='lat' dir='ltr'><strong>illa</strong></span> <span class='ocrx_word' id='word_1_545' title='bbox 3537 1195 3787 1265; x_wconf 82' lang='lat' dir='ltr'><strong>despecta</strong></span> <span class='ocrx_word' id='word_1_546' title='bbox 3824 1195 3977 1251; x_wconf 82' lang='lat' dir='ltr'><strong>fame</strong></span> 
     </span>
    </p>
   </div>
   <div class='ocr_carea' id='block_1_72' title="bbox 2386 1279 3976 1356">
    <p class='ocr_par' dir='ltr' id='par_1_72' title="bbox 2386 1279 3976 1356">
     <span class='ocr_line' id='line_1_72' title="bbox 2386 1279 3976 1356; baseline 0.004 -26"><span class='ocrx_word' id='word_1_547' title='bbox 2386 1279 2742 1343; x_wconf 67' lang='lat' dir='ltr'><strong>contabescit,</strong></span> <span class='ocrx_word' id='word_1_548' title='bbox 2768 1279 2834 1331; x_wconf 90' lang='lat' dir='ltr'><strong>ab</strong></span> <span class='ocrx_word' id='word_1_549' title='bbox 2863 1281 3130 1349; x_wconf 72' lang='lat' dir='ltr'><strong>ulceribus</strong></span> <span class='ocrx_word' id='word_1_550' title='bbox 3160 1285 3437 1351; x_wconf 76' lang='lat' dir='ltr'><strong>putrefiat;</strong></span> <span class='ocrx_word' id='word_1_551' title='bbox 3476 1293 3530 1338; x_wconf 89' lang='lat' dir='ltr'><strong>ct</strong></span> <span class='ocrx_word' id='word_1_552' title='bbox 3571 1285 3780 1353; x_wconf 84' lang='lat' dir='ltr'><strong>objecta</strong></span> <span class='ocrx_word' id='word_1_553' title='bbox 3809 1289 3976 1356; x_wconf 74' lang='lat' dir='ltr'><strong>quasi</strong></span> 
     </span>
    </p>
   </div>
   <div class='ocr_carea' id='block_1_73' title="bbox 2388 1369 3978 1445">
    <p class='ocr_par' dir='ltr' id='par_1_73' title="bbox 2388 1369 3978 1445">
     <span class='ocr_line' id='line_1_73' title="bbox 2388 1369 3978 1445; baseline 0.007 -25"><span class='ocrx_word' id='word_1_554' title='bbox 2388 1369 2626 1428; x_wconf 87' lang='lat' dir='ltr'><strong>canibus.</strong></span> <span class='ocrx_word' id='word_1_555' title='bbox 2661 1369 2812 1423; x_wconf 86' lang='lat' dir='ltr'><strong>liceat</strong></span> <span class='ocrx_word' id='word_1_556' title='bbox 2841 1372 2915 1424; x_wconf 89' lang='lat' dir='ltr'><strong>sic</strong></span> <span class='ocrx_word' id='word_1_557' title='bbox 2939 1371 3134 1436; x_wconf 84' lang='lat' dir='ltr'><strong>dicere,</strong></span> <span class='ocrx_word' id='word_1_558' title='bbox 3164 1389 3191 1425; x_wconf 89' lang='lat' dir='ltr'><strong>a</strong></span> <span class='ocrx_word' id='word_1_559' title='bbox 3216 1374 3367 1427; x_wconf 83' lang='lat' dir='ltr'><strong>malis</strong></span> <span class='ocrx_word' id='word_1_560' title='bbox 3391 1383 3444 1427; x_wconf 89' lang='lat' dir='ltr'><strong>et</strong></span> <span class='ocrx_word' id='word_1_561' title='bbox 3471 1375 3660 1430; x_wconf 90' lang='lat' dir='ltr'><strong>illicitis</strong></span> <span class='ocrx_word' id='word_1_562' title='bbox 3683 1378 3978 1445; x_wconf 79' lang='lat' dir='ltr'><strong>cogitatio-</strong></span> 
     </span>
    </p>
   </div>
   <div class='ocr_carea' id='block_1_74' title="bbox 2390 1458 3974 1534">
    <p class='ocr_par' dir='ltr' id='par_1_74' title="bbox 2390 1458 3974 1534">
     <span class='ocr_line' id='line_1_74' title="bbox 2390 1458 3974 1534; baseline 0.005 -24"><span class='ocrx_word' id='word_1_563' title='bbox 2390 1458 2544 1510; x_wconf 88' lang='lat' dir='ltr'><strong>nibus</strong></span> <span class='ocrx_word' id='word_1_564' title='bbox 2567 1458 2902 1524; x_wconf 87' lang='lat' dir='ltr'><strong>dilaceretur,</strong></span> <span class='ocrx_word' id='word_1_565' title='bbox 2931 1463 3206 1531; x_wconf 64' lang='lat' dir='ltr'><strong>omnisque</strong></span> <span class='ocrx_word' id='word_1_566' title='bbox 3233 1463 3454 1518; x_wconf 76' lang='lat' dir='ltr'><strong>firmitas</strong></span> <span class='ocrx_word' id='word_1_567' title='bbox 3478 1464 3590 1534; x_wconf 86' lang='lat' dir='ltr'><strong>ejus</strong></span> <span class='ocrx_word' id='word_1_568' title='bbox 3612 1466 3974 1522; x_wconf 81' lang='lat' dir='ltr'><strong>dissolvatur.</strong></span> 
     </span>
    </p>
   </div>
   <div class='ocr_carea' id='block_1_75' title="bbox 2461 1548 3981 1622">
    <p class='ocr_par' dir='ltr' id='par_1_75' title="bbox 2461 1548 3981 1622">
     <span class='ocr_line' id='line_1_75' title="bbox 2461 1548 3981 1622; baseline 0.007 -22"><span class='ocrx_word' id='word_1_569' title='bbox 2461 1548 2640 1602; x_wconf 82' lang='lat' dir='ltr'><strong>Anima</strong></span> <span class='ocrx_word' id='word_1_570' title='bbox 2665 1553 2912 1619; x_wconf 81' lang='lat' dir='ltr'><strong>quomodo</strong></span> <span class='ocrx_word' id='word_1_571' title='bbox 2940 1554 3185 1606; x_wconf 79' lang='lat' dir='ltr'><strong>curanda.</strong></span> <span class='ocrx_word' id='word_1_572' title='bbox 3205 1584 3272 1593; x_wconf 96' lang='lat'><strong>—</strong></span> <span class='ocrx_word' id='word_1_573' title='bbox 3294 1554 3465 1622; x_wconf 84' lang='lat' dir='ltr'><strong>Quare</strong></span> <span class='ocrx_word' id='word_1_574' title='bbox 3488 1574 3591 1610; x_wconf 87' lang='lat' dir='ltr'><strong>non</strong></span> <span class='ocrx_word' id='word_1_575' title='bbox 3617 1559 3754 1610; x_wconf 86' lang='lat' dir='ltr'><strong>sicut</strong></span> <span class='ocrx_word' id='word_1_576' title='bbox 3783 1559 3981 1612; x_wconf 71' lang='lat' dir='ltr'><strong>visibi-</strong></span> 
     </span>
    </p>
   </div>
   <div class='ocr_carea' id='block_1_76' title="bbox 2391 1640 3978 1716">
    <p class='ocr_par' dir='ltr' id='par_1_76' title="bbox 2391 1640 3978 1716">
     <span class='ocr_line' id='line_1_76' title="bbox 2391 1640 3978 1716; baseline 0.008 -25"><span class='ocrx_word' id='word_1_577' title='bbox 2391 1640 2452 1692; x_wconf 93' lang='lat' dir='ltr'><strong>lis</strong></span> <span class='ocrx_word' id='word_1_578' title='bbox 2481 1643 2717 1710; x_wconf 89' lang='lat' dir='ltr'><strong>corporis</strong></span> <span class='ocrx_word' id='word_1_579' title='bbox 2738 1645 2968 1711; x_wconf 79' lang='lat' dir='ltr'><strong>gerimus</strong></span> <span class='ocrx_word' id='word_1_580' title='bbox 2989 1660 3190 1711; x_wconf 88' lang='lat' dir='ltr'><strong>curam,</strong></span> <span class='ocrx_word' id='word_1_581' title='bbox 3221 1647 3288 1700; x_wconf 90' lang='lat' dir='ltr'><strong>ita</strong></span> <span class='ocrx_word' id='word_1_582' title='bbox 3315 1655 3368 1700; x_wconf 89' lang='lat' dir='ltr'><strong>et</strong></span> <span class='ocrx_word' id='word_1_583' title='bbox 3396 1648 3602 1713; x_wconf 63' lang='lat' dir='ltr'><strong>animat,</strong></span> <span class='ocrx_word' id='word_1_584' title='bbox 3628 1665 3749 1716; x_wconf 79' lang='lat' dir='ltr'><strong>qua:</strong></span> <span class='ocrx_word' id='word_1_585' title='bbox 3782 1651 3978 1704; x_wconf 82' lang='lat' dir='ltr'><strong>incor-</strong></span> 
     </span>
    </p>
   </div>
   <div class='ocr_carea' id='block_1_77' title="bbox 2395 1734 3978 1808">
    <p class='ocr_par' dir='ltr' id='par_1_77' title="bbox 2395 1734 3978 1808">
     <span class='ocr_line' id='line_1_77' title="bbox 2395 1734 3978 1808; baseline 0.008 -28"><span class='ocrx_word' id='word_1_586' title='bbox 2395 1747 2549 1798; x_wconf 90' lang='lat' dir='ltr'><strong>porea</strong></span> <span class='ocrx_word' id='word_1_587' title='bbox 2581 1743 2633 1785; x_wconf 88' lang='lat' dir='ltr'><strong>et</strong></span> <span class='ocrx_word' id='word_1_588' title='bbox 2661 1734 2968 1796; x_wconf 82' lang='lat' dir='ltr'><strong>invisibilis;</strong></span> <span class='ocrx_word' id='word_1_589' title='bbox 3014 1738 3302 1800; x_wconf 59' lang='lat' dir='ltr'><strong>prtesertittt</strong></span> <span class='ocrx_word' id='word_1_590' title='bbox 3342 1753 3460 1791; x_wconf 91' lang='lat' dir='ltr'><strong>cum</strong></span> <span class='ocrx_word' id='word_1_591' title='bbox 3508 1753 3633 1792; x_wconf 86' lang='lat' dir='ltr'><strong>cura</strong></span> <span class='ocrx_word' id='word_1_592' title='bbox 3674 1740 3819 1808; x_wconf 82' lang='lat' dir='ltr'><strong>ejus,</strong></span> <span class='ocrx_word' id='word_1_593' title='bbox 3864 1757 3978 1794; x_wconf 83' lang='lat' dir='ltr'><strong>non</strong></span> 
     </span>
    </p>
   </div>
   <div class='ocr_carea' id='block_1_78' title="bbox 2395 1821 3976 1887">
    <p class='ocr_par' dir='ltr' id='par_1_78' title="bbox 2395 1821 3976 1887">
     <span class='ocr_line' id='line_1_78' title="bbox 2395 1821 3976 1887; baseline 0.007 -14"><span class='ocrx_word' id='word_1_594' title='bbox 2395 1821 2550 1874; x_wconf 77' lang='lat' dir='ltr'><strong>lllotlt)</strong></span> <span class='ocrx_word' id='word_1_595' title='bbox 2580 1823 2709 1876; x_wconf 60' lang='lat' dir='ltr'><strong>levis</strong></span> <span class='ocrx_word' id='word_1_596' title='bbox 2739 1823 2804 1875; x_wconf 89' lang='lat' dir='ltr'><strong>sit</strong></span> <span class='ocrx_word' id='word_1_597' title='bbox 2831 1833 2885 1876; x_wconf 89' lang='lat' dir='ltr'><strong>et</strong></span> <span class='ocrx_word' id='word_1_598' title='bbox 2922 1823 3107 1887; x_wconf 76' lang='lat' dir='ltr'><strong>facilis,</strong></span> <span class='ocrx_word' id='word_1_599' title='bbox 3153 1826 3243 1878; x_wconf 82' lang='lat' dir='ltr'><strong>sed</strong></span> <span class='ocrx_word' id='word_1_600' title='bbox 3273 1829 3428 1880; x_wconf 90' lang='lat' dir='ltr'><strong>etiam</strong></span> <span class='ocrx_word' id='word_1_601' title='bbox 3467 1829 3595 1880; x_wconf 81' lang='lat' dir='ltr'><strong>nihil</strong></span> <span class='ocrx_word' id='word_1_602' title='bbox 3640 1831 3690 1882; x_wconf 89' lang='lat' dir='ltr'><strong>itt</strong></span> <span class='ocrx_word' id='word_1_603' title='bbox 3724 1847 3783 1882; x_wconf 86' lang='lat' dir='ltr'><strong>ea</strong></span> <span class='ocrx_word' id='word_1_604' title='bbox 3820 1833 3976 1884; x_wconf 78' lang='lat' dir='ltr'><strong>insu-</strong></span> 
     </span>
    </p>
   </div>
   <div class='ocr_carea' id='block_1_79' title="bbox 2396 1914 3978 1985">
    <p class='ocr_par' dir='ltr' id='par_1_79' title="bbox 2396 1914 3978 1985">
     <span class='ocr_line' id='line_1_79' title="bbox 2396 1914 3978 1985; baseline 0.005 -21"><span class='ocrx_word' id='word_1_605' title='bbox 2396 1922 2586 1975; x_wconf 88' lang='lat' dir='ltr'><strong>matur,</strong></span> <span class='ocrx_word' id='word_1_606' title='bbox 2641 1929 2810 1981; x_wconf 88' lang='lat' dir='ltr'><strong>tteque</strong></span> <span class='ocrx_word' id='word_1_607' title='bbox 2867 1914 3170 1967; x_wconf 81' lang='lat' dir='ltr'><strong>laboretur?</strong></span> <span class='ocrx_word' id='word_1_608' title='bbox 3228 1917 3400 1984; x_wconf 83' lang='lat' dir='ltr'><strong>Atque</strong></span> <span class='ocrx_word' id='word_1_609' title='bbox 3455 1917 3540 1971; x_wconf 88' lang='lat' dir='ltr'><strong>hic</strong></span> <span class='ocrx_word' id='word_1_610' title='bbox 3586 1919 3800 1985; x_wconf 82' lang='lat' dir='ltr'><strong>quidem</strong></span> <span class='ocrx_word' id='word_1_611' title='bbox 3848 1936 3978 1972; x_wconf 85' lang='lat' dir='ltr'><strong>cum</strong></span> 
     </span>
    </p>
   </div>
   <div class='ocr_carea' id='block_1_80' title="bbox 2397 2005 3982 2078">
    <p class='ocr_par' dir='ltr' id='par_1_80' title="bbox 2397 2005 3982 2078">
     <span class='ocr_line' id='line_1_80' title="bbox 2397 2005 3982 2078; baseline 0.006 -21"><span class='ocrx_word' id='word_1_612' title='bbox 2397 2013 2476 2057; x_wconf 90' lang='lat' dir='ltr'><strong>cst</strong></span> <span class='ocrx_word' id='word_1_613' title='bbox 2503 2019 2695 2072; x_wconf 84' lang='lat' dir='ltr'><strong>corpus</strong></span> <span class='ocrx_word' id='word_1_614' title='bbox 2748 2005 3060 2071; x_wconf 86' lang='lat' dir='ltr'><strong>curandum,</strong></span> <span class='ocrx_word' id='word_1_615' title='bbox 3102 2022 3220 2060; x_wconf 90' lang='lat' dir='ltr'><strong>cum</strong></span> <span class='ocrx_word' id='word_1_616' title='bbox 3261 2010 3477 2062; x_wconf 86' lang='lat' dir='ltr'><strong>sanandi</strong></span> <span class='ocrx_word' id='word_1_617' title='bbox 3509 2009 3674 2062; x_wconf 91' lang='lat' dir='ltr'><strong>morbi</strong></span> <span class='ocrx_word' id='word_1_618' title='bbox 3722 2013 3982 2078; x_wconf 85' lang='lat' dir='ltr'><strong>corporis</strong></span> 
     </span>
    </p>
   </div>
   <div class='ocr_carea' id='block_1_81' title="bbox 2398 2099 3984 2166">
    <p class='ocr_par' dir='ltr' id='par_1_81' title="bbox 2398 2099 3984 2166">
     <span class='ocr_line' id='line_1_81' title="bbox 2398 2099 3984 2166; baseline 0.004 -18"><span class='ocrx_word' id='word_1_619' title='bbox 2398 2111 2638 2164; x_wconf 79' lang='lat' dir='ltr'><strong>magnam</strong></span> <span class='ocrx_word' id='word_1_620' title='bbox 2697 2112 2913 2151; x_wconf 86' lang='lat' dir='ltr'><strong>necesse</strong></span> <span class='ocrx_word' id='word_1_621' title='bbox 2969 2109 3050 2150; x_wconf 86' lang='lat' dir='ltr'><strong>est</strong></span> <span class='ocrx_word' id='word_1_622' title='bbox 3098 2099 3369 2165; x_wconf 87' lang='lat' dir='ltr'><strong>pecuniam</strong></span> <span class='ocrx_word' id='word_1_623' title='bbox 3423 2101 3767 2166; x_wconf 83' lang='lat' dir='ltr'><strong>impendere,</strong></span> <span class='ocrx_word' id='word_1_624' title='bbox 3832 2118 3984 2155; x_wconf 88' lang='lat' dir='ltr'><strong>mtuc</strong></span> 
     </span>
    </p>
   </div>
   <div class='ocr_carea' id='block_1_82' title="bbox 2400 2185 3982 2258">
    <p class='ocr_par' dir='ltr' id='par_1_82' title="bbox 2400 2185 3982 2258">
     <span class='ocr_line' id='line_1_82' title="bbox 2400 2185 3982 2258; baseline 0.003 -22"><span class='ocrx_word' id='word_1_625' title='bbox 2400 2186 2450 2237; x_wconf 92' lang='lat' dir='ltr'><strong>in</strong></span> <span class='ocrx_word' id='word_1_626' title='bbox 2506 2185 2776 2249; x_wconf 88' lang='lat' dir='ltr'><strong>medicos,</strong></span> <span class='ocrx_word' id='word_1_627' title='bbox 2837 2202 2975 2240; x_wconf 88' lang='lat' dir='ltr'><strong>nunc</strong></span> <span class='ocrx_word' id='word_1_628' title='bbox 3027 2188 3076 2241; x_wconf 95' lang='lat' dir='ltr'><strong>in</strong></span> <span class='ocrx_word' id='word_1_629' title='bbox 3120 2187 3220 2241; x_wconf 86' lang='lat' dir='ltr'><strong>alia</strong></span> <span class='ocrx_word' id='word_1_630' title='bbox 3277 2192 3616 2255; x_wconf 73' lang='lat' dir='ltr'><strong>necessaria,</strong></span> <span class='ocrx_word' id='word_1_631' title='bbox 3671 2199 3860 2258; x_wconf 87' lang='lat' dir='ltr'><strong>utpote</strong></span> <span class='ocrx_word' id='word_1_632' title='bbox 3926 2193 3982 2243; x_wconf 89' lang='lat' dir='ltr'><strong>in</strong></span> 
     </span>
    </p>
   </div>
   <div class='ocr_carea' id='block_1_83' title="bbox 2403 2278 3984 2347">
    <p class='ocr_par' dir='ltr' id='par_1_83' title="bbox 2403 2278 3984 2347">
     <span class='ocr_line' id='line_1_83' title="bbox 2403 2278 3984 2347; baseline 0.004 -20"><span class='ocrx_word' id='word_1_633' title='bbox 2403 2284 2576 2328; x_wconf 88' lang='lat' dir='ltr'><strong>vestes</strong></span> <span class='ocrx_word' id='word_1_634' title='bbox 2619 2287 2670 2328; x_wconf 90' lang='lat' dir='ltr'><strong>et</strong></span> <span class='ocrx_word' id='word_1_635' title='bbox 2707 2278 2955 2328; x_wconf 86' lang='lat' dir='ltr'><strong>alimenta</strong></span> <span class='ocrx_word' id='word_1_636' title='bbox 2990 2293 3001 2328; x_wconf 95' lang='lat'>:</span> <span class='ocrx_word' id='word_1_637' title='bbox 3050 2293 3113 2330; x_wconf 90' lang='lat' dir='ltr'><strong>uc</strong></span> <span class='ocrx_word' id='word_1_638' title='bbox 3156 2278 3278 2347; x_wconf 89' lang='lat' dir='ltr'><strong>quid</strong></span> <span class='ocrx_word' id='word_1_639' title='bbox 3329 2279 3536 2331; x_wconf 90' lang='lat' dir='ltr'><strong>iuteriut</strong></span> <span class='ocrx_word' id='word_1_640' title='bbox 3578 2280 3747 2331; x_wconf 89' lang='lat' dir='ltr'><strong>dicant</strong></span> <span class='ocrx_word' id='word_1_641' title='bbox 3799 2281 3870 2334; x_wconf 87' lang='lat' dir='ltr'><strong>de</strong></span> <span class='ocrx_word' id='word_1_642' title='bbox 3915 2281 3984 2333; x_wconf 65' lang='lat' dir='ltr'><strong>iis</strong></span> 
     </span>
    </p>
   </div>
   <div class='ocr_carea' id='block_1_84' title="bbox 2399 2368 3982 2433">
    <p class='ocr_par' dir='ltr' id='par_1_84' title="bbox 2399 2368 3982 2433">
     <span class='ocr_line' id='line_1_84' title="bbox 2399 2368 3982 2433; baseline 0.003 -17"><span class='ocrx_word' id='word_1_643' title='bbox 2399 2379 2528 2432; x_wconf 39' lang='lat' dir='ltr'><strong>qtae,</strong></span> <span class='ocrx_word' id='word_1_644' title='bbox 2567 2375 2757 2433; x_wconf 86' lang='lat' dir='ltr'><strong>pra:ter</strong></span> <span class='ocrx_word' id='word_1_645' title='bbox 2801 2368 3154 2420; x_wconf 85' lang='lat' dir='ltr'><strong>necessarium</strong></span> <span class='ocrx_word' id='word_1_646' title='bbox 3203 2383 3353 2420; x_wconf 84' lang='lat' dir='ltr'><strong>usum</strong></span> <span class='ocrx_word' id='word_1_647' title='bbox 3410 2369 3533 2422; x_wconf 74' lang='lat' dir='ltr'><strong>iuxu</strong></span> <span class='ocrx_word' id='word_1_648' title='bbox 3585 2370 3982 2433; x_wconf 86' lang='lat' dir='ltr'><strong>absumuntur;</strong></span> 
     </span>
    </p>
   </div>
   <div class='ocr_carea' id='block_1_85' title="bbox 2399 2457 3982 2527">
    <p class='ocr_par' dir='ltr' id='par_1_85' title="bbox 2399 2457 3982 2527">
     <span class='ocr_line' id='line_1_85' title="bbox 2399 2457 3982 2527; baseline 0.003 -18"><span class='ocrx_word' id='word_1_649' title='bbox 2399 2457 2572 2509; x_wconf 90' lang='lat' dir='ltr'><strong>anima</strong></span> <span class='ocrx_word' id='word_1_650' title='bbox 2645 2467 2818 2511; x_wconf 90' lang='lat' dir='ltr'><strong>autem</strong></span> <span class='ocrx_word' id='word_1_651' title='bbox 2879 2459 3022 2513; x_wconf 89' lang='lat' dir='ltr'><strong>nullo</strong></span> <span class='ocrx_word' id='word_1_652' title='bbox 3078 2459 3263 2512; x_wconf 89' lang='lat' dir='ltr'><strong>horum</strong></span> <span class='ocrx_word' id='word_1_653' title='bbox 3331 2458 3564 2527; x_wconf 85' lang='lat' dir='ltr'><strong>indiget,</strong></span> <span class='ocrx_word' id='word_1_654' title='bbox 3627 2459 3719 2514; x_wconf 84' lang='lat' dir='ltr'><strong>sed</strong></span> <span class='ocrx_word' id='word_1_655' title='bbox 3779 2461 3824 2514; x_wconf 92' lang='lat' dir='ltr'><strong>si</strong></span> <span class='ocrx_word' id='word_1_656' title='bbox 3881 2477 3982 2514; x_wconf 80' lang='lat' dir='ltr'><strong>vo-</strong></span> 
     </span>
    </p>
   </div>
   <div class='ocr_carea' id='block_1_86' title="bbox 2401 2548 3988 2622">
    <p class='ocr_par' dir='ltr' id='par_1_86' title="bbox 2401 2548 3988 2622">
     <span class='ocr_line' id='line_1_86' title="bbox 2401 2548 3988 2622; baseline 0.003 -22"><span class='ocrx_word' id='word_1_657' title='bbox 2401 2548 2598 2612; x_wconf 87' lang='lat' dir='ltr'><strong>lucris,</strong></span> <span class='ocrx_word' id='word_1_658' title='bbox 2665 2549 2799 2601; x_wconf 89' lang='lat' dir='ltr'><strong>sicut</strong></span> <span class='ocrx_word' id='word_1_659' title='bbox 2858 2549 3090 2617; x_wconf 85' lang='lat' dir='ltr'><strong>quotidie</strong></span> <span class='ocrx_word' id='word_1_660' title='bbox 3150 2553 3356 2619; x_wconf 85' lang='lat' dir='ltr'><strong>corpori</strong></span> <span class='ocrx_word' id='word_1_661' title='bbox 3420 2552 3594 2603; x_wconf 89' lang='lat' dir='ltr'><strong>cibnnt</strong></span> <span class='ocrx_word' id='word_1_662' title='bbox 3665 2552 3988 2622; x_wconf 81' lang='lat' dir='ltr'><strong>suppeditas</strong></span> 
     </span>
    </p>
   </div>
   <div class='ocr_carea' id='block_1_87' title="bbox 2403 2638 3987 2710">
    <p class='ocr_par' dir='ltr' id='par_1_87' title="bbox 2403 2638 3987 2710">
     <span class='ocr_line' id='line_1_87' title="bbox 2403 2638 3987 2710; baseline 0.006 -20"><span class='ocrx_word' id='word_1_663' title='bbox 2403 2647 2455 2690; x_wconf 92' lang='lat' dir='ltr'><strong>et</strong></span> <span class='ocrx_word' id='word_1_664' title='bbox 2502 2639 2752 2705; x_wconf 83' lang='lat' dir='ltr'><strong>pecunias</strong></span> <span class='ocrx_word' id='word_1_665' title='bbox 2783 2638 3027 2701; x_wconf 70' lang='lat' dir='ltr'><strong>edundis,</strong></span> <span class='ocrx_word' id='word_1_666' title='bbox 3059 2641 3134 2693; x_wconf 83' lang='lat' dir='ltr'><strong>sic</strong></span> <span class='ocrx_word' id='word_1_667' title='bbox 3164 2648 3216 2693; x_wconf 87' lang='lat' dir='ltr'><strong>et</strong></span> <span class='ocrx_word' id='word_1_668' title='bbox 3253 2642 3481 2694; x_wconf 86' lang='lat' dir='ltr'><strong>animam</strong></span> <span class='ocrx_word' id='word_1_669' title='bbox 3528 2659 3628 2693; x_wconf 92' lang='lat' dir='ltr'><strong>non</strong></span> <span class='ocrx_word' id='word_1_670' title='bbox 3673 2643 3987 2710; x_wconf 85' lang='lat' dir='ltr'><strong>despicere.</strong></span> 
     </span>
    </p>
   </div>
   <div class='ocr_carea' id='block_1_88' title="bbox 2403 2729 3984 2801">
    <p class='ocr_par' dir='ltr' id='par_1_88' title="bbox 2403 2729 3984 2801">
     <span class='ocr_line' id='line_1_88' title="bbox 2403 2729 3984 2801; baseline 0.003 -21"><span class='ocrx_word' id='word_1_671' title='bbox 2403 2739 2458 2780; x_wconf 93' lang='lat' dir='ltr'><strong>ut</strong></span> <span class='ocrx_word' id='word_1_672' title='bbox 2485 2744 2550 2782; x_wconf 89' lang='lat' dir='ltr'><strong>ne</strong></span> <span class='ocrx_word' id='word_1_673' title='bbox 2580 2729 2716 2782; x_wconf 86' lang='lat' dir='ltr'><strong>fante</strong></span> <span class='ocrx_word' id='word_1_674' title='bbox 2744 2740 2956 2798; x_wconf 84' lang='lat' dir='ltr'><strong>pereat;</strong></span> <span class='ocrx_word' id='word_1_675' title='bbox 2986 2731 3076 2783; x_wconf 86' lang='lat' dir='ltr'><strong>sed</strong></span> <span class='ocrx_word' id='word_1_676' title='bbox 3102 2731 3231 2784; x_wconf 85' lang='lat' dir='ltr'><strong>dare</strong></span> <span class='ocrx_word' id='word_1_677' title='bbox 3259 2731 3354 2801; x_wconf 82' lang='lat' dir='ltr'><strong>ipsi</strong></span> <span class='ocrx_word' id='word_1_678' title='bbox 3376 2741 3751 2800; x_wconf 77' lang='lat' dir='ltr'><strong>congruentem</strong></span> <span class='ocrx_word' id='word_1_679' title='bbox 3772 2733 3984 2790; x_wconf 87' lang='lat' dir='ltr'><strong>cibum.</strong></span> 
     </span>
    </p>
   </div>
   <div class='ocr_carea' id='block_1_89' title="bbox 2403 2819 3986 2890">
    <p class='ocr_par' dir='ltr' id='par_1_89' title="bbox 2403 2819 3986 2890">
     <span class='ocr_line' id='line_1_89' title="bbox 2403 2819 3986 2890; baseline 0.001 -20"><span class='ocrx_word' id='word_1_680' title='bbox 2403 2819 2649 2874; x_wconf 88' lang='lat' dir='ltr'><strong>videlicet</strong></span> <span class='ocrx_word' id='word_1_681' title='bbox 2685 2835 2749 2874; x_wconf 77' lang='lat' dir='ltr'><strong>cx</strong></span> <span class='ocrx_word' id='word_1_682' title='bbox 2795 2821 3020 2874; x_wconf 89' lang='lat' dir='ltr'><strong>lectione</strong></span> <span class='ocrx_word' id='word_1_683' title='bbox 3063 2819 3453 2890; x_wconf 87' lang='lat' dir='ltr'><strong>Seripturarum</strong></span> <span class='ocrx_word' id='word_1_684' title='bbox 3497 2831 3548 2874; x_wconf 87' lang='lat' dir='ltr'><strong>et</strong></span> <span class='ocrx_word' id='word_1_685' title='bbox 3595 2837 3662 2874; x_wconf 77' lang='lat' dir='ltr'><strong>ex</strong></span> <span class='ocrx_word' id='word_1_686' title='bbox 3715 2822 3986 2889; x_wconf 85' lang='lat' dir='ltr'><strong>spirituali</strong></span> 
     </span>
    </p>
   </div>
   <div class='ocr_carea' id='block_1_90' title="bbox 2405 2908 3988 2978">
    <p class='ocr_par' dir='ltr' id='par_1_90' title="bbox 2405 2908 3988 2978">
     <span class='ocr_line' id='line_1_90' title="bbox 2405 2908 3988 2978; baseline 0.002 -16"><span class='ocrx_word' id='word_1_687' title='bbox 2405 2910 2771 2963; x_wconf 84' lang='lat' dir='ltr'><strong>adhortatione</strong></span> <span class='ocrx_word' id='word_1_688' title='bbox 2801 2925 2820 2962; x_wconf 89' lang='lat'><strong><em>:</em></strong></span> <span class='ocrx_word' id='word_1_689' title='bbox 2851 2908 2969 2962; x_wconf 85' lang='lat' dir='ltr'><strong>Non</strong></span> <span class='ocrx_word' id='word_1_690' title='bbox 2998 2911 3135 2963; x_wconf 89' lang='lat' dir='ltr'><strong>enim</strong></span> <span class='ocrx_word' id='word_1_691' title='bbox 3177 2911 3228 2962; x_wconf 75' lang='lat' dir='ltr'><strong>in</strong></span> <span class='ocrx_word' id='word_1_692' title='bbox 3275 2927 3422 2978; x_wconf 71' lang='lat' dir='ltr'><strong>parte,</strong></span> <span class='ocrx_word' id='word_1_693' title='bbox 3467 2911 3614 2975; x_wconf 79' lang='lat' dir='ltr'><strong>dlCll,</strong></span> <span class='ocrx_word' id='word_1_694' title='bbox 3646 2914 3808 2964; x_wconf 73' lang='lat' dir='ltr'><strong>solum</strong></span> <span class='ocrx_word' id='word_1_695' title='bbox 3857 2914 3988 2965; x_wconf 65' lang='grc' dir='ltr'><strong>τὶνιί</strong></span> 
     </span>
    </p>
   </div>
   <div class='ocr_carea' id='block_1_91' title="bbox 2407 3001 3990 3073">
    <p class='ocr_par' dir='ltr' id='par_1_91' title="bbox 2407 3001 3990 3073">
     <span class='ocr_line' id='line_1_91' title="bbox 2407 3001 3990 3073; baseline 0.002 -19"><span class='ocrx_word' id='word_1_696' title='bbox 2407 3001 2572 3065; x_wconf 84' lang='lat' dir='ltr'><strong>homo,</strong></span> <span class='ocrx_word' id='word_1_697' title='bbox 2603 3002 2693 3054; x_wconf 72' lang='lat' dir='ltr'><strong>scd</strong></span> <span class='ocrx_word' id='word_1_698' title='bbox 2728 3002 2778 3053; x_wconf 81' lang='lat' dir='ltr'><strong>in</strong></span> <span class='ocrx_word' id='word_1_699' title='bbox 2816 3002 2952 3054; x_wconf 78' lang='lat' dir='ltr'><strong>omni</strong></span> <span class='ocrx_word' id='word_1_700' title='bbox 2999 3004 3142 3056; x_wconf 73' lang='lat' dir='ltr'><strong>verba</strong></span> <span class='ocrx_word' id='word_1_701' title='bbox 3186 3003 3318 3071; x_wconf 79' lang='lat' dir='ltr'><strong>quod</strong></span> <span class='ocrx_word' id='word_1_702' title='bbox 3359 3005 3627 3071; x_wconf 53' lang='lat' dir='ltr'><strong>egreditur.</strong></span> <span class='ocrx_word' id='word_1_703' title='bbox 3653 3022 3744 3073; x_wconf 82' lang='lat' dir='ltr'><strong>per</strong></span> <span class='ocrx_word' id='word_1_704' title='bbox 3785 3021 3844 3058; x_wconf 74' lang='lat' dir='ltr'><strong>os</strong></span> <span class='ocrx_word' id='word_1_705' title='bbox 3889 3003 3990 3058; x_wconf 71' lang='lat' dir='ltr'><strong>Dei</strong></span> 
     </span>
    </p>
   </div>
   <div class='ocr_carea' id='block_1_92' title="bbox 2408 3089 3989 3163">
    <p class='ocr_par' dir='ltr' id='par_1_92' title="bbox 2408 3089 3989 3163">
     <span class='ocr_line' id='line_1_92' title="bbox 2408 3089 3989 3163; baseline 0.002 -21"><span class='ocrx_word' id='word_1_706' title='bbox 2408 3089 2626 3160; x_wconf 76' lang='lat' dir='ltr'><strong>(Matth.</strong></span> <span class='ocrx_word' id='word_1_707' title='bbox 2655 3092 2707 3144; x_wconf 74' lang='grc'><strong>4.</strong></span> <span class='ocrx_word' id='word_1_708' title='bbox 2739 3090 2805 3161; x_wconf 79' lang='grc' dir='ltr'>ι)</span> <span class='ocrx_word' id='word_1_709' title='bbox 2839 3108 2852 3144; x_wconf 87' lang='lat'><strong>:</strong></span> <span class='ocrx_word' id='word_1_710' title='bbox 2886 3092 3081 3160; x_wconf 88' lang='lat' dir='ltr'><strong>optimc</strong></span> <span class='ocrx_word' id='word_1_711' title='bbox 3105 3091 3171 3146; x_wconf 87' lang='lat' dir='ltr'><strong>de</strong></span> <span class='ocrx_word' id='word_1_712' title='bbox 3200 3091 3280 3145; x_wconf 90' lang='lat' dir='ltr'><strong>his</strong></span> <span class='ocrx_word' id='word_1_713' title='bbox 3309 3093 3574 3154; x_wconf 83' lang='lat' dir='ltr'><strong>statueris,</strong></span> <span class='ocrx_word' id='word_1_714' title='bbox 3609 3104 3659 3146; x_wconf 89' lang='lat' dir='ltr'><strong>ct</strong></span> <span class='ocrx_word' id='word_1_715' title='bbox 3688 3093 3823 3162; x_wconf 78' lang='lat' dir='ltr'><strong>p:‘rli</strong></span> <span class='ocrx_word' id='word_1_716' title='bbox 3863 3110 3989 3163; x_wconf 69' lang='lat' dir='ltr'><strong>qua:</strong></span> 
     </span>
    </p>
   </div>
   <div class='ocr_carea' id='block_1_93' title="bbox 2407 3183 3990 3253">
    <p class='ocr_par' dir='ltr' id='par_1_93' title="bbox 2407 3183 3990 3253">
     <span class='ocr_line' id='line_1_93' title="bbox 2407 3183 3990 3253; baseline 0 -18"><span class='ocrx_word' id='word_1_717' title='bbox 2407 3183 2560 3237; x_wconf 88' lang='lat' dir='ltr'><strong>nobis</strong></span> <span class='ocrx_word' id='word_1_718' title='bbox 2587 3184 2753 3251; x_wconf 82' lang='lat' dir='ltr'><strong>magis</strong></span> <span class='ocrx_word' id='word_1_719' title='bbox 2782 3194 2861 3238; x_wconf 90' lang='lat' dir='ltr'><strong>cst</strong></span> <span class='ocrx_word' id='word_1_720' title='bbox 2895 3184 3123 3253; x_wconf 85' lang='lat' dir='ltr'><strong>propria,</strong></span> <span class='ocrx_word' id='word_1_721' title='bbox 3157 3197 3297 3239; x_wconf 89' lang='lat' dir='ltr'><strong>recte</strong></span> <span class='ocrx_word' id='word_1_722' title='bbox 3326 3186 3678 3253; x_wconf 63' lang='lat' dir='ltr'><strong>prospexeris.</strong></span> <span class='ocrx_word' id='word_1_723' title='bbox 3709 3186 3865 3239; x_wconf 85' lang='lat' dir='ltr'><strong>Sicut</strong></span> <span class='ocrx_word' id='word_1_724' title='bbox 3892 3186 3990 3253; x_wconf 82' lang='lat' dir='ltr'><strong>igi-</strong></span> 
     </span>
    </p>
   </div>
   <div class='ocr_carea' id='block_1_94' title="bbox 2410 3273 3990 3344">
    <p class='ocr_par' dir='ltr' id='par_1_94' title="bbox 2410 3273 3990 3344">
     <span class='ocr_line' id='line_1_94' title="bbox 2410 3273 3990 3344; baseline 0.003 -20"><span class='ocrx_word' id='word_1_725' title='bbox 2410 3281 2496 3325; x_wconf 90' lang='lat' dir='ltr'><strong>tur</strong></span> <span class='ocrx_word' id='word_1_726' title='bbox 2525 3273 2732 3340; x_wconf 86' lang='lat' dir='ltr'><strong>corpori</strong></span> <span class='ocrx_word' id='word_1_727' title='bbox 2763 3275 2902 3326; x_wconf 82' lang='lat' dir='ltr'><strong>varia</strong></span> <span class='ocrx_word' id='word_1_728' title='bbox 2931 3273 3134 3344; x_wconf 82' lang='lat' dir='ltr'><strong>pra-bes</strong></span> <span class='ocrx_word' id='word_1_729' title='bbox 3161 3274 3487 3338; x_wconf 89' lang='lat' dir='ltr'><strong>indumenta,</strong></span> <span class='ocrx_word' id='word_1_730' title='bbox 3518 3286 3570 3328; x_wconf 90' lang='lat' dir='ltr'><strong>ct</strong></span> <span class='ocrx_word' id='word_1_731' title='bbox 3594 3276 3858 3329; x_wconf 78' lang='lat' dir='ltr'><strong>rationem</strong></span> <span class='ocrx_word' id='word_1_732' title='bbox 3894 3274 3990 3328; x_wconf 85' lang='lat' dir='ltr'><strong>Ita-</strong></span> 
     </span>
    </p>
   </div>
   <div class='ocr_carea' id='block_1_95' title="bbox 2409 3355 3988 3435">
    <p class='ocr_par' dir='ltr' id='par_1_95' title="bbox 2409 3355 3988 3435">
     <span class='ocr_line' id='line_1_95' title="bbox 2409 3355 3988 3435; baseline 0.003 -15"><span class='ocrx_word' id='word_1_733' title='bbox 2409 3370 2502 3425; x_wconf 81' lang='lat' dir='ltr'><strong>bes</strong></span> <span class='ocrx_word' id='word_1_734' title='bbox 2521 3366 2644 3420; x_wconf 89' lang='lat' dir='ltr'><strong>anni</strong></span> <span class='ocrx_word' id='word_1_735' title='bbox 2673 3372 3046 3435; x_wconf 88' lang='lat' dir='ltr'><strong>tempestatum</strong></span> <span class='ocrx_word' id='word_1_736' title='bbox 3074 3368 3125 3419; x_wconf 93' lang='lat' dir='ltr'><strong>in</strong></span> <span class='ocrx_word' id='word_1_737' title='bbox 3153 3355 3376 3417; x_wconf 70' lang='lat' dir='ltr'><strong>vcstiuu&#39;t</strong></span> <span class='ocrx_word' id='word_1_738' title='bbox 3399 3363 3704 3424; x_wconf 80' lang='lat' dir='ltr'><strong>diversitate</strong></span> <span class='ocrx_word' id='word_1_739' title='bbox 3737 3389 3749 3423; x_wconf 91' lang='lat'>:</span> <span class='ocrx_word' id='word_1_740' title='bbox 3793 3365 3988 3424; x_wconf 63' lang='lat' dir='ltr'><strong>sintdi-</strong></span> 
     </span>
    </p>
   </div>
   <div class='ocr_carea' id='block_1_96' title="bbox 2415 3460 3986 3530">
    <p class='ocr_par' dir='ltr' id='par_1_96' title="bbox 2415 3460 3986 3530">
     <span class='ocr_line' id='line_1_96' title="bbox 2415 3460 3986 3530; baseline 0.002 -19"><span class='ocrx_word' id='word_1_741' title='bbox 2415 3470 2491 3513; x_wconf 91' lang='lat' dir='ltr'><strong>ter</strong></span> <span class='ocrx_word' id='word_1_742' title='bbox 2523 3476 2692 3528; x_wconf 83' lang='lat' dir='ltr'><strong>neque</strong></span> <span class='ocrx_word' id='word_1_743' title='bbox 2717 3463 2944 3513; x_wconf 85' lang='lat' dir='ltr'><strong>animant</strong></span> <span class='ocrx_word' id='word_1_744' title='bbox 2967 3461 3243 3527; x_wconf 69' lang='lat' dir='ltr'><strong>despicito,</strong></span> <span class='ocrx_word' id='word_1_745' title='bbox 3277 3471 3331 3512; x_wconf 91' lang='lat' dir='ltr'><strong>ut</strong></span> <span class='ocrx_word' id='word_1_746' title='bbox 3362 3476 3426 3515; x_wconf 91' lang='lat' dir='ltr'><strong>nc</strong></span> <span class='ocrx_word' id='word_1_747' title='bbox 3463 3461 3595 3512; x_wconf 89' lang='lat' dir='ltr'><strong>nuda</strong></span> <span class='ocrx_word' id='word_1_748' title='bbox 3628 3460 3780 3515; x_wconf 85' lang='lat' dir='ltr'><strong>bonis</strong></span> <span class='ocrx_word' id='word_1_749' title='bbox 3807 3462 3986 3530; x_wconf 81' lang='lat' dir='ltr'><strong>operi-</strong></span> 
     </span>
    </p>
   </div>
   <div class='ocr_carea' id='block_1_97' title="bbox 2414 3549 3986 3614">
    <p class='ocr_par' dir='ltr' id='par_1_97' title="bbox 2414 3549 3986 3614">
     <span class='ocr_line' id='line_1_97' title="bbox 2414 3549 3986 3614; baseline 0.003 -12"><span class='ocrx_word' id='word_1_750' title='bbox 2414 3550 2509 3603; x_wconf 85' lang='lat' dir='ltr'><strong>bus</strong></span> <span class='ocrx_word' id='word_1_751' title='bbox 2535 3550 2854 3613; x_wconf 88' lang='lat' dir='ltr'><strong>obambulet,</strong></span> <span class='ocrx_word' id='word_1_752' title='bbox 2885 3551 2976 3603; x_wconf 87' lang='lat' dir='ltr'><strong>scd</strong></span> <span class='ocrx_word' id='word_1_753' title='bbox 3009 3549 3316 3603; x_wconf 76' lang='lat' dir='ltr'><strong>docentibus</strong></span> <span class='ocrx_word' id='word_1_754' title='bbox 3348 3550 3487 3603; x_wconf 88' lang='lat' dir='ltr'><strong>illam</strong></span> <span class='ocrx_word' id='word_1_755' title='bbox 3529 3551 3759 3604; x_wconf 75' lang='lat' dir='ltr'><strong>t‘CStibus</strong></span> <span class='ocrx_word' id='word_1_756' title='bbox 3788 3551 3986 3614; x_wconf 86' lang='lat' dir='ltr'><strong>induc;</strong></span> 
     </span>
    </p>
   </div>
   <div class='ocr_carea' id='block_1_98' title="bbox 2413 3639 3988 3709">
    <p class='ocr_par' dir='ltr' id='par_1_98' title="bbox 2413 3639 3988 3709">
     <span class='ocr_line' id='line_1_98' title="bbox 2413 3639 3988 3709; baseline 0 -15"><span class='ocrx_word' id='word_1_757' title='bbox 2413 3643 2586 3694; x_wconf 86' lang='lat' dir='ltr'><strong>statim</strong></span> <span class='ocrx_word' id='word_1_758' title='bbox 2623 3658 2735 3693; x_wconf 88' lang='lat' dir='ltr'><strong>eam</strong></span> <span class='ocrx_word' id='word_1_759' title='bbox 2769 3641 3038 3709; x_wconf 86' lang='lat' dir='ltr'><strong>reparabis</strong></span> <span class='ocrx_word' id='word_1_760' title='bbox 3067 3652 3117 3693; x_wconf 90' lang='lat' dir='ltr'><strong>et</strong></span> <span class='ocrx_word' id='word_1_761' title='bbox 3143 3640 3206 3693; x_wconf 90' lang='lat' dir='ltr'><strong>ad</strong></span> <span class='ocrx_word' id='word_1_762' title='bbox 3239 3639 3531 3693; x_wconf 87' lang='lat' dir='ltr'><strong>naturalem</strong></span> <span class='ocrx_word' id='word_1_763' title='bbox 3577 3642 3854 3693; x_wconf 81' lang='lat' dir='ltr'><strong>sanitatem</strong></span> <span class='ocrx_word' id='word_1_764' title='bbox 3903 3656 3988 3694; x_wconf 43' lang='lat' dir='ltr'><strong>re.</strong></span> 
     </span>
    </p>
   </div>
   <div class='ocr_carea' id='block_1_99' title="bbox 2412 3729 3986 3801">
    <p class='ocr_par' dir='ltr' id='par_1_99' title="bbox 2412 3729 3986 3801">
     <span class='ocr_line' id='line_1_99' title="bbox 2412 3729 3986 3801; baseline 0.001 -19"><span class='ocrx_word' id='word_1_765' title='bbox 2412 3730 2594 3783; x_wconf 84' lang='lat' dir='ltr'><strong>duces.</strong></span> <span class='ocrx_word' id='word_1_766' title='bbox 2628 3731 2689 3782; x_wconf 81' lang='lat' dir='ltr'><strong>Lt</strong></span> <span class='ocrx_word' id='word_1_767' title='bbox 2718 3745 2835 3798; x_wconf 75' lang='lat' dir='ltr'><strong>qum</strong></span> <span class='ocrx_word' id='word_1_768' title='bbox 2867 3739 2988 3782; x_wconf 84' lang='lat' dir='ltr'><strong>sunt</strong></span> <span class='ocrx_word' id='word_1_769' title='bbox 3015 3730 3204 3782; x_wconf 80' lang='lat' dir='ltr'><strong>anima:</strong></span> <span class='ocrx_word' id='word_1_770' title='bbox 3247 3729 3589 3782; x_wconf 78' lang='lat' dir='ltr'><strong>indumenta?</strong></span> <span class='ocrx_word' id='word_1_771' title='bbox 3634 3730 3986 3801; x_wconf 75' lang='lat' dir='ltr'><strong>Elccmosyna</strong></span> 
     </span>
    </p>
   </div>
   <div class='ocr_carea' id='block_1_100' title="bbox 2413 3819 3989 3889">
    <p class='ocr_par' dir='ltr' id='par_1_100' title="bbox 2413 3819 3989 3889">
     <span class='ocr_line' id='line_1_100' title="bbox 2413 3819 3989 3889; baseline -0.001 -15"><span class='ocrx_word' id='word_1_772' title='bbox 2413 3831 2464 3874; x_wconf 89' lang='lat' dir='ltr'><strong>et</strong></span> <span class='ocrx_word' id='word_1_773' title='bbox 2492 3822 2704 3887; x_wconf 84' lang='lat' dir='ltr'><strong>largitas</strong></span> <span class='ocrx_word' id='word_1_774' title='bbox 2733 3821 2779 3871; x_wconf 85' lang='lat' dir='ltr'><strong>in</strong></span> <span class='ocrx_word' id='word_1_775' title='bbox 2805 3835 3067 3889; x_wconf 85' lang='lat' dir='ltr'><strong>pauperes</strong></span> <span class='ocrx_word' id='word_1_776' title='bbox 3099 3837 3109 3872; x_wconf 89' lang='lat'>:</span> <span class='ocrx_word' id='word_1_777' title='bbox 3140 3819 3238 3873; x_wconf 90' lang='lat' dir='ltr'><strong>hoc</strong></span> <span class='ocrx_word' id='word_1_778' title='bbox 3272 3820 3412 3872; x_wconf 89' lang='lat' dir='ltr'><strong>enim</strong></span> <span class='ocrx_word' id='word_1_779' title='bbox 3458 3821 3744 3873; x_wconf 60' lang='lat' dir='ltr'><strong>maximum</strong></span> <span class='ocrx_word' id='word_1_780' title='bbox 3792 3823 3989 3873; x_wconf 73' lang='lat' dir='ltr'><strong>anima:</strong></span> 
     </span>
    </p>
   </div>
   <div class='ocr_carea' id='block_1_101' title="bbox 2415 3910 3985 3975">
    <p class='ocr_par' dir='ltr' id='par_1_101' title="bbox 2415 3910 3985 3975">
     <span class='ocr_line' id='line_1_101' title="bbox 2415 3910 3985 3975; baseline -0.003 -9"><span class='ocrx_word' id='word_1_781' title='bbox 2415 3915 2784 3966; x_wconf 85' lang='lat' dir='ltr'><strong>vestimentum</strong></span> <span class='ocrx_word' id='word_1_782' title='bbox 2816 3921 2914 3975; x_wconf 76' lang='lat' dir='ltr'><strong>est,</strong></span> <span class='ocrx_word' id='word_1_783' title='bbox 2945 3912 3042 3965; x_wconf 91' lang='lat' dir='ltr'><strong>hoc</strong></span> <span class='ocrx_word' id='word_1_784' title='bbox 3069 3910 3400 3966; x_wconf 83' lang='lat' dir='ltr'><strong>sulendidum</strong></span> <span class='ocrx_word' id='word_1_785' title='bbox 3433 3912 3571 3965; x_wconf 84' lang='lat' dir='ltr'><strong>ill&#39;ns</strong></span> <span class='ocrx_word' id='word_1_786' title='bbox 3596 3911 3985 3966; x_wconf 89' lang='lat' dir='ltr'><strong>indumentum.</strong></span> 
     </span>
    </p>
   </div>
   <div class='ocr_carea' id='block_1_102' title="bbox 2415 4003 3986 4071">
    <p class='ocr_par' dir='ltr' id='par_1_102' title="bbox 2415 4003 3986 4071">
     <span class='ocr_line' id='line_1_102' title="bbox 2415 4003 3986 4071; baseline -0.004 -12"><span class='ocrx_word' id='word_1_787' title='bbox 2415 4007 2468 4059; x_wconf 86' lang='lat' dir='ltr'><strong>Si</strong></span> <span class='ocrx_word' id='word_1_788' title='bbox 2501 4016 2672 4058; x_wconf 89' lang='lat' dir='ltr'><strong>autem</strong></span> <span class='ocrx_word' id='word_1_789' title='bbox 2702 4007 2778 4058; x_wconf 86' lang='lat' dir='ltr'><strong>vis</strong></span> <span class='ocrx_word' id='word_1_790' title='bbox 2807 4020 2910 4057; x_wconf 91' lang='lat' dir='ltr'><strong>non</strong></span> <span class='ocrx_word' id='word_1_791' title='bbox 2941 4004 3108 4056; x_wconf 89' lang='lat' dir='ltr'><strong>solum</strong></span> <span class='ocrx_word' id='word_1_792' title='bbox 3141 4003 3449 4056; x_wconf 89' lang='lat' dir='ltr'><strong>vestimenta</strong></span> <span class='ocrx_word' id='word_1_793' title='bbox 3480 4017 3685 4071; x_wconf 87' lang='lat' dir='ltr'><strong>parare,</strong></span> <span class='ocrx_word' id='word_1_794' title='bbox 3717 4003 3813 4056; x_wconf 82' lang='lat' dir='ltr'><strong>sed</strong></span> <span class='ocrx_word' id='word_1_795' title='bbox 3846 4005 3986 4055; x_wconf 90' lang='lat' dir='ltr'><strong>illam</strong></span> 
     </span>
    </p>
   </div>
   <div class='ocr_carea' id='block_1_103' title="bbox 2417 4092 3986 4163">
    <p class='ocr_par' dir='ltr' id='par_1_103' title="bbox 2417 4092 3986 4163">
     <span class='ocr_line' id='line_1_103' title="bbox 2417 4092 3986 4163; baseline -0.006 -11"><span class='ocrx_word' id='word_1_796' title='bbox 2417 4113 2608 4152; x_wconf 85' lang='lat' dir='ltr'><strong>ornare</strong></span> <span class='ocrx_word' id='word_1_797' title='bbox 2635 4099 2813 4159; x_wconf 79' lang='lat' dir='ltr'><strong>etiam,</strong></span> <span class='ocrx_word' id='word_1_798' title='bbox 2846 4097 2979 4148; x_wconf 89' lang='lat' dir='ltr'><strong>sicut</strong></span> <span class='ocrx_word' id='word_1_799' title='bbox 3008 4108 3199 4163; x_wconf 85' lang='lat' dir='ltr'><strong>corpus</strong></span> <span class='ocrx_word' id='word_1_800' title='bbox 3225 4093 3384 4155; x_wconf 84' lang='lat' dir='ltr'><strong>soles,</strong></span> <span class='ocrx_word' id='word_1_801' title='bbox 3428 4107 3634 4162; x_wconf 70' lang='lat' dir='ltr'><strong>Appone</strong></span> <span class='ocrx_word' id='word_1_802' title='bbox 3663 4092 3986 4160; x_wconf 84' lang='lat' dir='ltr'><strong>adjutorium</strong></span> 
     </span>
    </p>
   </div>
   <div class='ocr_carea' id='block_1_104' title="bbox 2418 4180 3990 4254">
    <p class='ocr_par' dir='ltr' id='par_1_104' title="bbox 2418 4180 3990 4254">
     <span class='ocr_line' id='line_1_104' title="bbox 2418 4180 3990 4254; baseline -0.003 -16"><span class='ocrx_word' id='word_1_803' title='bbox 2418 4186 2556 4254; x_wconf 87' lang='lat' dir='ltr'><strong>quod</strong></span> <span class='ocrx_word' id='word_1_804' title='bbox 2582 4202 2642 4240; x_wconf 74' lang='lat' dir='ltr'><strong>ex</strong></span> <span class='ocrx_word' id='word_1_805' title='bbox 2671 4185 2913 4254; x_wconf 90' lang='lat' dir='ltr'><strong>precibus</strong></span> <span class='ocrx_word' id='word_1_806' title='bbox 2936 4193 3036 4245; x_wconf 90' lang='lat' dir='ltr'><strong>est,</strong></span> <span class='ocrx_word' id='word_1_807' title='bbox 3065 4193 3115 4237; x_wconf 90' lang='lat' dir='ltr'><strong>et</strong></span> <span class='ocrx_word' id='word_1_808' title='bbox 3140 4193 3469 4252; x_wconf 72' lang='lat' dir='ltr'><strong>peccatorum</strong></span> <span class='ocrx_word' id='word_1_809' title='bbox 3495 4180 3909 4243; x_wconf 88' lang='lat' dir='ltr'><strong>confessionem,</strong></span> <span class='ocrx_word' id='word_1_810' title='bbox 3934 4193 3990 4234; x_wconf 87' lang='lat' dir='ltr'><strong>et</strong></span> 
     </span>
    </p>
   </div>
   <div class='ocr_carea' id='block_1_105' title="bbox 2418 4272 3986 4344">
    <p class='ocr_par' dir='ltr' id='par_1_105' title="bbox 2418 4272 3986 4344">
     <span class='ocr_line' id='line_1_105' title="bbox 2418 4272 3986 4344; baseline -0.004 -14"><span class='ocrx_word' id='word_1_811' title='bbox 2418 4277 2678 4330; x_wconf 81' lang='lat' dir='ltr'><strong>Continuis</strong></span> <span class='ocrx_word' id='word_1_812' title='bbox 2707 4275 2948 4344; x_wconf 83' lang='lat' dir='ltr'><strong>lacrymis</strong></span> <span class='ocrx_word' id='word_1_813' title='bbox 2970 4274 3154 4328; x_wconf 87' lang='lat' dir='ltr'><strong>faciem</strong></span> <span class='ocrx_word' id='word_1_814' title='bbox 3180 4283 3320 4325; x_wconf 90' lang='lat' dir='ltr'><strong>tuam</strong></span> <span class='ocrx_word' id='word_1_815' title='bbox 3343 4275 3518 4327; x_wconf 83' lang='lat' dir='ltr'><strong>lavare</strong></span> <span class='ocrx_word' id='word_1_816' title='bbox 3538 4289 3604 4327; x_wconf 89' lang='lat' dir='ltr'><strong>ue</strong></span> <span class='ocrx_word' id='word_1_817' title='bbox 3630 4287 3826 4327; x_wconf 86' lang='lat' dir='ltr'><strong>cesses.</strong></span> <span class='ocrx_word' id='word_1_818' title='bbox 3850 4272 3986 4326; x_wconf 82' lang='lat' dir='ltr'><strong>Nam</strong></span> 
     </span>
    </p>
   </div>
   <div class='ocr_carea' id='block_1_106' title="bbox 2419 4363 3986 4434">
    <p class='ocr_par' dir='ltr' id='par_1_106' title="bbox 2419 4363 3986 4434">
     <span class='ocr_line' id='line_1_106' title="bbox 2419 4363 3986 4434; baseline -0.003 -15"><span class='ocrx_word' id='word_1_819' title='bbox 2419 4369 2551 4420; x_wconf 87' lang='lat' dir='ltr'><strong>sicut</strong></span> <span class='ocrx_word' id='word_1_820' title='bbox 2581 4367 2762 4420; x_wconf 88' lang='lat' dir='ltr'><strong>facictn</strong></span> <span class='ocrx_word' id='word_1_821' title='bbox 2795 4365 3036 4434; x_wconf 87' lang='lat' dir='ltr'><strong>corporis</strong></span> <span class='ocrx_word' id='word_1_822' title='bbox 3061 4367 3132 4418; x_wconf 92' lang='lat' dir='ltr'><strong>ttti</strong></span> <span class='ocrx_word' id='word_1_823' title='bbox 3160 4364 3392 4434; x_wconf 91' lang='lat' dir='ltr'><strong>quotidie</strong></span> <span class='ocrx_word' id='word_1_824' title='bbox 3431 4379 3550 4418; x_wconf 91' lang='lat' dir='ltr'><strong>cum</strong></span> <span class='ocrx_word' id='word_1_825' title='bbox 3593 4364 3734 4417; x_wconf 88' lang='lat' dir='ltr'><strong>otttni</strong></span> <span class='ocrx_word' id='word_1_826' title='bbox 3783 4363 3986 4416; x_wconf 89' lang='lat' dir='ltr'><strong>sollici-</strong></span> 
     </span>
    </p>
   </div>
   <div class='ocr_carea' id='block_1_107' title="bbox 2422 4455 3986 4525">
    <p class='ocr_par' dir='ltr' id='par_1_107' title="bbox 2422 4455 3986 4525">
     <span class='ocr_line' id='line_1_107' title="bbox 2422 4455 3986 4525; baseline -0.004 -12"><span class='ocrx_word' id='word_1_827' title='bbox 2422 4460 2599 4513; x_wconf 87' lang='lat' dir='ltr'><strong>tudine</strong></span> <span class='ocrx_word' id='word_1_828' title='bbox 2622 4457 2810 4517; x_wconf 86' lang='lat' dir='ltr'><strong>abluis,</strong></span> <span class='ocrx_word' id='word_1_829' title='bbox 2846 4472 2911 4510; x_wconf 88' lang='lat' dir='ltr'><strong>ne</strong></span> <span class='ocrx_word' id='word_1_830' title='bbox 2954 4471 3054 4525; x_wconf 88' lang='lat' dir='ltr'><strong>qua</strong></span> <span class='ocrx_word' id='word_1_831' title='bbox 3090 4455 3224 4510; x_wconf 84' lang='lat' dir='ltr'><strong>forte</strong></span> <span class='ocrx_word' id='word_1_832' title='bbox 3274 4457 3472 4508; x_wconf 78' lang='lat' dir='ltr'><strong>macula</strong></span> <span class='ocrx_word' id='word_1_833' title='bbox 3519 4455 3669 4508; x_wconf 84' lang='lat' dir='ltr'><strong>faciei</strong></span> <span class='ocrx_word' id='word_1_834' title='bbox 3716 4455 3986 4508; x_wconf 67' lang='lat' dir='ltr'><strong>itthzerens</strong></span> 
     </span>
    </p>
   </div>
   <div class='ocr_carea' id='block_1_108' title="bbox 2419 4546 3984 4606">
    <p class='ocr_par' dir='ltr' id='par_1_108' title="bbox 2419 4546 3984 4606">
     <span class='ocr_line' id='line_1_108' title="bbox 2419 4546 3984 4606; baseline -0.004 0"><span class='ocrx_word' id='word_1_835' title='bbox 2419 4552 2706 4606; x_wconf 79' lang='lat' dir='ltr'><strong>deformem</strong></span> <span class='ocrx_word' id='word_1_836' title='bbox 2755 4548 2894 4603; x_wconf 89' lang='lat' dir='ltr'><strong>illam</strong></span> <span class='ocrx_word' id='word_1_837' title='bbox 2928 4549 3113 4602; x_wconf 83' lang='lat' dir='ltr'><strong>reddat</strong></span> <span class='ocrx_word' id='word_1_838' title='bbox 3159 4565 3172 4600; x_wconf 91' lang='lat'>:</span> <span class='ocrx_word' id='word_1_839' title='bbox 3212 4548 3290 4601; x_wconf 89' lang='lat' dir='ltr'><strong>sic</strong></span> <span class='ocrx_word' id='word_1_840' title='bbox 3326 4557 3378 4600; x_wconf 92' lang='lat' dir='ltr'><strong>et</strong></span> <span class='ocrx_word' id='word_1_841' title='bbox 3406 4548 3594 4599; x_wconf 80' lang='lat' dir='ltr'><strong>aniunc</strong></span> <span class='ocrx_word' id='word_1_842' title='bbox 3633 4561 3812 4599; x_wconf 89' lang='lat' dir='ltr'><strong>curam</strong></span> <span class='ocrx_word' id='word_1_843' title='bbox 3851 4546 3984 4600; x_wconf 84' lang='lat' dir='ltr'><strong>habe</strong></span> 
     </span>
    </p>
   </div>
   <div class='ocr_carea' id='block_1_109' title="bbox 2422 4638 3982 4714">
    <p class='ocr_par' dir='ltr' id='par_1_109' title="bbox 2422 4638 3982 4714">
     <span class='ocr_line' id='line_1_109' title="bbox 2422 4638 3982 4714; baseline -0.006 -14"><span class='ocrx_word' id='word_1_844' title='bbox 2422 4646 2638 4700; x_wconf 75' lang='lat' dir='ltr'><strong>fet-vidis</strong></span> <span class='ocrx_word' id='word_1_845' title='bbox 2683 4645 2914 4714; x_wconf 83' lang='lat' dir='ltr'><strong>quotidie</strong></span> <span class='ocrx_word' id='word_1_846' title='bbox 2963 4641 3207 4712; x_wconf 67' lang='lat' dir='ltr'><strong>lact-vinis</strong></span> <span class='ocrx_word' id='word_1_847' title='bbox 3245 4655 3360 4693; x_wconf 85' lang='lat' dir='ltr'><strong>eam</strong></span> <span class='ocrx_word' id='word_1_848' title='bbox 3409 4639 3644 4692; x_wconf 85' lang='lat' dir='ltr'><strong>abluens.</strong></span> <span class='ocrx_word' id='word_1_849' title='bbox 3695 4638 3804 4692; x_wconf 87' lang='lat' dir='ltr'><strong>llac</strong></span> <span class='ocrx_word' id='word_1_850' title='bbox 3841 4639 3982 4693; x_wconf 86' lang='lat' dir='ltr'><strong>cnim</strong></span> 
     </span>
    </p>
   </div>
   <div class='ocr_carea' id='block_1_110' title="bbox 2418 4727 3981 4805">
    <p class='ocr_par' dir='ltr' id='par_1_110' title="bbox 2418 4727 3981 4805">
     <span class='ocr_line' id='line_1_110' title="bbox 2418 4727 3981 4805; baseline -0.008 -15"><span class='ocrx_word' id='word_1_851' title='bbox 2418 4753 2548 4805; x_wconf 89' lang='lat' dir='ltr'><strong>aqua</strong></span> <span class='ocrx_word' id='word_1_852' title='bbox 2575 4738 2792 4788; x_wconf 87' lang='lat' dir='ltr'><strong>maculis</strong></span> <span class='ocrx_word' id='word_1_853' title='bbox 2817 4735 3090 4804; x_wconf 78' lang='lat' dir='ltr'><strong>depositis,</strong></span> <span class='ocrx_word' id='word_1_854' title='bbox 3115 4733 3229 4799; x_wconf 84' lang='lat' dir='ltr'><strong>ejus</strong></span> <span class='ocrx_word' id='word_1_855' title='bbox 3256 4732 3414 4784; x_wconf 81' lang='lat' dir='ltr'><strong>facies</strong></span> <span class='ocrx_word' id='word_1_856' title='bbox 3441 4727 3765 4796; x_wconf 69' lang='lat' dir='ltr'><strong>sptendidior</strong></span> <span class='ocrx_word' id='word_1_857' title='bbox 3788 4728 3981 4782; x_wconf 83' lang='lat' dir='ltr'><strong>evadit.</strong></span> 
     </span>
    </p>
   </div>
   <div class='ocr_carea' id='block_1_111' title="bbox 2421 4819 3981 4896">
    <p class='ocr_par' dir='ltr' id='par_1_111' title="bbox 2421 4819 3981 4896">
     <span class='ocr_line' id='line_1_111' title="bbox 2421 4819 3981 4896; baseline -0.008 -14"><span class='ocrx_word' id='word_1_858' title='bbox 2421 4830 2482 4882; x_wconf 65' lang='lat' dir='ltr'><strong>lit</strong></span> <span class='ocrx_word' id='word_1_859' title='bbox 2509 4831 2628 4896; x_wconf 89' lang='lat' dir='ltr'><strong>quia</strong></span> <span class='ocrx_word' id='word_1_860' title='bbox 2661 4827 2904 4879; x_wconf 66' lang='lat' dir='ltr'><strong>mulieres</strong></span> <span class='ocrx_word' id='word_1_861' title='bbox 2927 4826 3189 4894; x_wconf 65' lang='lat' dir='ltr'><strong>pleraeque</strong></span> <span class='ocrx_word' id='word_1_862' title='bbox 3219 4823 3286 4876; x_wconf 88' lang='lat' dir='ltr'><strong>ob</strong></span> <span class='ocrx_word' id='word_1_863' title='bbox 3313 4820 3608 4884; x_wconf 88' lang='lat' dir='ltr'><strong>mollitiem,</strong></span> <span class='ocrx_word' id='word_1_864' title='bbox 3637 4819 3981 4887; x_wconf 85' lang='lat' dir='ltr'><strong>apostolicum</strong></span> 
     </span>
    </p>
   </div>
   <div class='ocr_carea' id='block_1_112' title="bbox 2421 4908 3984 4981">
    <p class='ocr_par' dir='ltr' id='par_1_112' title="bbox 2421 4908 3984 4981">
     <span class='ocr_line' id='line_1_112' title="bbox 2421 4908 3984 4981; baseline -0.008 -7"><span class='ocrx_word' id='word_1_865' title='bbox 2421 4921 2720 4974; x_wconf 90' lang='lat' dir='ltr'><strong>mandatum</strong></span> <span class='ocrx_word' id='word_1_866' title='bbox 2763 4924 3182 4978; x_wconf 89' lang='lat' dir='ltr'><strong>contemnentes,</strong></span> <span class='ocrx_word' id='word_1_867' title='bbox 3228 4927 3331 4980; x_wconf 90' lang='lat' dir='ltr'><strong>quo</strong></span> <span class='ocrx_word' id='word_1_868' title='bbox 3373 4910 3588 4981; x_wconf 88' lang='lat' dir='ltr'><strong>jubctur</strong></span> <span class='ocrx_word' id='word_1_869' title='bbox 3626 4925 3693 4962; x_wconf 90' lang='lat' dir='ltr'><strong>ne</strong></span> <span class='ocrx_word' id='word_1_870' title='bbox 3740 4908 3802 4962; x_wconf 79' lang='lat' dir='ltr'><strong>In</strong></span> <span class='ocrx_word' id='word_1_871' title='bbox 3842 4912 3984 4962; x_wconf 74' lang='lat' dir='ltr'><strong>tortis</strong></span> 
     </span>
    </p>
   </div>
   <div class='ocr_carea' id='block_1_113' title="bbox 2418 5001 3983 5071">
    <p class='ocr_par' dir='ltr' id='par_1_113' title="bbox 2418 5001 3983 5071">
     <span class='ocr_line' id='line_1_113' title="bbox 2418 5001 3983 5071; baseline -0.006 -10"><span class='ocrx_word' id='word_1_872' title='bbox 2418 5010 2654 5069; x_wconf 72' lang='lat' dir='ltr'><strong>crinibus,</strong></span> <span class='ocrx_word' id='word_1_873' title='bbox 2687 5017 2770 5058; x_wconf 82' lang='lat' dir='ltr'><strong>aut</strong></span> <span class='ocrx_word' id='word_1_874' title='bbox 2796 5021 2938 5067; x_wconf 84' lang='lat' dir='ltr'><strong>auro,</strong></span> <span class='ocrx_word' id='word_1_875' title='bbox 2967 5002 3043 5056; x_wconf 82' lang='lat' dir='ltr'><strong>ecl</strong></span> <span class='ocrx_word' id='word_1_876' title='bbox 3072 5001 3376 5071; x_wconf 71' lang='lat' dir='ltr'><strong>margaritis,</strong></span> <span class='ocrx_word' id='word_1_877' title='bbox 3414 5001 3491 5051; x_wconf 78' lang='lat' dir='ltr'><strong>cel</strong></span> <span class='ocrx_word' id='word_1_878' title='bbox 3527 5008 3654 5051; x_wconf 71' lang='lat' dir='ltr'><strong>reste</strong></span> <span class='ocrx_word' id='word_1_879' title='bbox 3691 5009 3983 5063; x_wconf 71' lang='lat' dir='ltr'><strong>suntptttosa</strong></span> 
     </span>
    </p>
   </div>
   <div class='ocr_carea' id='block_1_114' title="bbox 2419 5087 3980 5164">
    <p class='ocr_par' dir='ltr' id='par_1_114' title="bbox 2419 5087 3980 5164">
     <span class='ocr_line' id='line_1_114' title="bbox 2419 5087 3980 5164; baseline -0.009 -10"><span class='ocrx_word' id='word_1_880' title='bbox 2419 5115 2478 5154; x_wconf 87' lang='lat' dir='ltr'><strong>se</strong></span> <span class='ocrx_word' id='word_1_881' title='bbox 2515 5106 2701 5152; x_wconf 66' lang='lat' dir='ltr'><strong>ornent</strong></span> <span class='ocrx_word' id='word_1_882' title='bbox 2735 5099 2781 5164; x_wconf 90' lang='lat' dir='ltr'><strong>(l</strong></span> <span class='ocrx_word' id='word_1_883' title='bbox 2839 5095 2973 5148; x_wconf 83' lang='lat' dir='ltr'><strong>Tim.</strong></span> <span class='ocrx_word' id='word_1_884' title='bbox 3003 5092 3156 5162; x_wconf 71' lang='lat'><strong>2.9),</strong></span> <span class='ocrx_word' id='word_1_885' title='bbox 3205 5106 3392 5161; x_wconf 77' lang='lat' dir='ltr'><strong>magno</strong></span> <span class='ocrx_word' id='word_1_886' title='bbox 3441 5089 3542 5142; x_wconf 90' lang='lat' dir='ltr'><strong>hoc</strong></span> <span class='ocrx_word' id='word_1_887' title='bbox 3579 5087 3703 5142; x_wconf 67' lang='lat' dir='ltr'><strong>luxu</strong></span> <span class='ocrx_word' id='word_1_888' title='bbox 3755 5088 3980 5153; x_wconf 75' lang='lat' dir='ltr'><strong>faciunt;</strong></span> 
     </span>
    </p>
   </div>
   <div class='ocr_carea' id='block_1_115' title="bbox 2420 5179 3982 5260">
    <p class='ocr_par' dir='ltr' id='par_1_115' title="bbox 2420 5179 3982 5260">
     <span class='ocr_line' id='line_1_115' title="bbox 2420 5179 3982 5260; baseline -0.008 -14"><span class='ocrx_word' id='word_1_889' title='bbox 2420 5206 2587 5260; x_wconf 83' lang='lat' dir='ltr'><strong>neque.</strong></span> <span class='ocrx_word' id='word_1_890' title='bbox 2625 5188 2872 5242; x_wconf 85' lang='lat' dir='ltr'><strong>mulieres</strong></span> <span class='ocrx_word' id='word_1_891' title='bbox 2903 5194 3125 5249; x_wconf 88' lang='lat' dir='ltr'><strong>tantum,</strong></span> <span class='ocrx_word' id='word_1_892' title='bbox 3173 5183 3263 5237; x_wconf 87' lang='lat' dir='ltr'><strong>sed</strong></span> <span class='ocrx_word' id='word_1_893' title='bbox 3308 5192 3361 5236; x_wconf 91' lang='lat' dir='ltr'><strong>et</strong></span> <span class='ocrx_word' id='word_1_894' title='bbox 3404 5180 3499 5234; x_wconf 80' lang='lat' dir='ltr'><strong>viri</strong></span> <span class='ocrx_word' id='word_1_895' title='bbox 3530 5179 3748 5249; x_wconf 88' lang='lat' dir='ltr'><strong>quilibet</strong></span> <span class='ocrx_word' id='word_1_896' title='bbox 3797 5181 3982 5234; x_wconf 88' lang='lat' dir='ltr'><strong>molles</strong></span> 
     </span>
    </p>
   </div>
   <div class='ocr_carea' id='block_1_116' title="bbox 2421 5269 3970 5338">
    <p class='ocr_par' dir='ltr' id='par_1_116' title="bbox 2421 5269 3970 5338">
     <span class='ocr_line' id='line_1_116' title="bbox 2421 5269 3970 5338; baseline -0.007 -5"><span class='ocrx_word' id='word_1_897' title='bbox 2421 5283 2613 5336; x_wconf 90' lang='lat' dir='ltr'><strong>vilibus</strong></span> <span class='ocrx_word' id='word_1_898' title='bbox 2661 5277 2984 5332; x_wconf 88' lang='lat' dir='ltr'><strong>mulierculis</strong></span> <span class='ocrx_word' id='word_1_899' title='bbox 3019 5275 3218 5328; x_wconf 84' lang='lat' dir='ltr'><strong>similes</strong></span> <span class='ocrx_word' id='word_1_900' title='bbox 3259 5273 3406 5334; x_wconf 88' lang='lat' dir='ltr'><strong>fittnt,</strong></span> <span class='ocrx_word' id='word_1_901' title='bbox 3438 5270 3660 5323; x_wconf 84' lang='lat' dir='ltr'><strong>annulus</strong></span> <span class='ocrx_word' id='word_1_902' title='bbox 3683 5269 3864 5338; x_wconf 80' lang='lat' dir='ltr'><strong>digitis</strong></span> <span class='ocrx_word' id='word_1_903' title='bbox 3891 5284 3970 5335; x_wconf 76' lang='lat' dir='ltr'><strong>ge-</strong></span> 
     </span>
    </p>
   </div>
   <div class='ocr_carea' id='block_1_117' title="bbox 2418 5360 3980 5438">
    <p class='ocr_par' dir='ltr' id='par_1_117' title="bbox 2418 5360 3980 5438">
     <span class='ocr_line' id='line_1_117' title="bbox 2418 5360 3980 5438; baseline -0.01 -12"><span class='ocrx_word' id='word_1_904' title='bbox 2418 5384 2576 5435; x_wconf 88' lang='lat' dir='ltr'><strong>stant,</strong></span> <span class='ocrx_word' id='word_1_905' title='bbox 2607 5383 2657 5425; x_wconf 91' lang='lat' dir='ltr'><strong>ct</strong></span> <span class='ocrx_word' id='word_1_906' title='bbox 2685 5368 2884 5438; x_wconf 79' lang='lat' dir='ltr'><strong>magnis</strong></span> <span class='ocrx_word' id='word_1_907' title='bbox 2909 5365 3258 5436; x_wconf 84' lang='lat' dir='ltr'><strong>gravibusque</strong></span> <span class='ocrx_word' id='word_1_908' title='bbox 3287 5361 3547 5431; x_wconf 82' lang='lat' dir='ltr'><strong>lapidibus</strong></span> <span class='ocrx_word' id='word_1_909' title='bbox 3583 5375 3640 5414; x_wconf 86' lang='lat' dir='ltr'><strong>se</strong></span> <span class='ocrx_word' id='word_1_910' title='bbox 3667 5368 3882 5423; x_wconf 88' lang='lat' dir='ltr'><strong>ornant,</strong></span> <span class='ocrx_word' id='word_1_911' title='bbox 3917 5360 3980 5412; x_wconf 90' lang='lat' dir='ltr'><strong>dc</strong></span> 
     </span>
    </p>
   </div>
   <div class='ocr_carea' id='block_1_118' title="bbox 2419 5450 3977 5533">
    <p class='ocr_par' dir='ltr' id='par_1_118' title="bbox 2419 5450 3977 5533">
     <span class='ocr_line' id='line_1_118' title="bbox 2419 5450 3977 5533; baseline -0.01 -17"><span class='ocrx_word' id='word_1_912' title='bbox 2419 5463 2608 5533; x_wconf 92' lang='lat' dir='ltr'><strong>quibus</strong></span> <span class='ocrx_word' id='word_1_913' title='bbox 2638 5463 2953 5514; x_wconf 86' lang='lat' dir='ltr'><strong>erubescere</strong></span> <span class='ocrx_word' id='word_1_914' title='bbox 2977 5463 3245 5525; x_wconf 84' lang='lat' dir='ltr'><strong>oporteret</strong></span> <span class='ocrx_word' id='word_1_915' title='bbox 3284 5470 3298 5508; x_wconf 93' lang='lat'><strong>:</strong></span> <span class='ocrx_word' id='word_1_916' title='bbox 3344 5462 3396 5506; x_wconf 92' lang='lat' dir='ltr'><strong>ct</strong></span> <span class='ocrx_word' id='word_1_917' title='bbox 3427 5452 3530 5504; x_wconf 81' lang='lat' dir='ltr'><strong>illa:</strong></span> <span class='ocrx_word' id='word_1_918' title='bbox 3560 5465 3684 5520; x_wconf 79' lang='lat' dir='ltr'><strong>ergo</strong></span> <span class='ocrx_word' id='word_1_919' title='bbox 3726 5458 3782 5502; x_wconf 82' lang='lat' dir='ltr'><strong>et</strong></span> <span class='ocrx_word' id='word_1_920' title='bbox 3812 5450 3861 5501; x_wconf 90' lang='lat' dir='ltr'><strong>tti</strong></span> <span class='ocrx_word' id='word_1_921' title='bbox 3881 5490 3895 5512; x_wconf 92' lang='lat'><strong>,</strong></span> <span class='ocrx_word' id='word_1_922' title='bbox 3938 5451 3977 5501; x_wconf 86' lang='lat' dir='ltr'><strong>si</strong></span> 
     </span>
    </p>
   </div>
   <div class='ocr_carea' id='block_1_119' title="bbox 2419 5540 3980 5622">
    <p class='ocr_par' dir='ltr' id='par_1_119' title="bbox 2419 5540 3980 5622">
     <span class='ocr_line' id='line_1_119' title="bbox 2419 5540 3980 5622; baseline -0.009 -14"><span class='ocrx_word' id='word_1_923' title='bbox 2419 5557 2550 5609; x_wconf 89' lang='lat' dir='ltr'><strong>meis</strong></span> <span class='ocrx_word' id='word_1_924' title='bbox 2582 5562 2826 5622; x_wconf 84' lang='lat' dir='ltr'><strong>parerent</strong></span> <span class='ocrx_word' id='word_1_925' title='bbox 2872 5547 3220 5608; x_wconf 84' lang='lat' dir='ltr'><strong>scrmoaibus,</strong></span> <span class='ocrx_word' id='word_1_926' title='bbox 3266 5559 3421 5598; x_wconf 83' lang='lat' dir='ltr'><strong>aurea</strong></span> <span class='ocrx_word' id='word_1_927' title='bbox 3468 5542 3600 5604; x_wconf 71' lang='lat' dir='ltr'><strong>hrcc,</strong></span> <span class='ocrx_word' id='word_1_928' title='bbox 3633 5557 3749 5609; x_wconf 80' lang='lat' dir='ltr'><strong>qua:</strong></span> <span class='ocrx_word' id='word_1_929' title='bbox 3779 5553 3832 5593; x_wconf 88' lang='lat' dir='ltr'><strong>et</strong></span> <span class='ocrx_word' id='word_1_930' title='bbox 3862 5540 3980 5594; x_wconf 83' lang='lat' dir='ltr'><strong>viris</strong></span> 
     </span>
    </p>
   </div>
   <div class='ocr_carea' id='block_1_120' title="bbox 2418 5633 3956 5703">
    <p class='ocr_par' dir='ltr' id='par_1_120' title="bbox 2418 5633 3956 5703">
     <span class='ocr_line' id='line_1_120' title="bbox 2418 5633 3956 5703; baseline -0.013 0"><span class='ocrx_word' id='word_1_931' title='bbox 2418 5659 2470 5703; x_wconf 91' lang='lat' dir='ltr'><strong>ct</strong></span> <span class='ocrx_word' id='word_1_932' title='bbox 2498 5646 2804 5699; x_wconf 81' lang='lat' dir='ltr'><strong>mulieribus</strong></span> <span class='ocrx_word' id='word_1_933' title='bbox 2821 5642 3071 5694; x_wconf 87' lang='lat' dir='ltr'><strong>damnosa</strong></span> <span class='ocrx_word' id='word_1_934' title='bbox 3097 5648 3236 5699; x_wconf 88' lang='lat' dir='ltr'><strong>sunt,</strong></span> <span class='ocrx_word' id='word_1_935' title='bbox 3262 5637 3310 5689; x_wconf 88' lang='lat' dir='ltr'><strong>itt</strong></span> <span class='ocrx_word' id='word_1_936' title='bbox 3336 5644 3577 5689; x_wconf 88' lang='lat' dir='ltr'><strong>ornatum</strong></span> <span class='ocrx_word' id='word_1_937' title='bbox 3598 5633 3788 5685; x_wconf 79' lang='lat' dir='ltr'><strong>anima:</strong></span> <span class='ocrx_word' id='word_1_938' title='bbox 3816 5641 3956 5684; x_wconf 69' lang='lat' dir='ltr'><strong>ttat-.5</strong></span> 
     </span>
    </p>
   </div>
   <div class='ocr_carea' id='block_1_121' title="bbox 2420 5723 3976 5800">
    <p class='ocr_par' dir='ltr' id='par_1_121' title="bbox 2420 5723 3976 5800">
     <span class='ocr_line' id='line_1_121' title="bbox 2420 5723 3976 5800; baseline -0.015 -5"><span class='ocrx_word' id='word_1_939' title='bbox 2420 5742 2636 5800; x_wconf 85' lang='lat' dir='ltr'><strong>ferrent,</strong></span> <span class='ocrx_word' id='word_1_940' title='bbox 2671 5747 2725 5791; x_wconf 91' lang='lat' dir='ltr'><strong>ct</strong></span> <span class='ocrx_word' id='word_1_941' title='bbox 2753 5735 2867 5788; x_wconf 87' lang='lat' dir='ltr'><strong>istis</strong></span> <span class='ocrx_word' id='word_1_942' title='bbox 2897 5733 3035 5785; x_wconf 87' lang='lat' dir='ltr'><strong>illam</strong></span> <span class='ocrx_word' id='word_1_943' title='bbox 3063 5730 3398 5784; x_wconf 87' lang='lat' dir='ltr'><strong>adornarent.</strong></span> <span class='ocrx_word' id='word_1_944' title='bbox 3439 5725 3566 5778; x_wconf 72' lang='lat' dir='ltr'><strong>Nam</strong></span> <span class='ocrx_word' id='word_1_945' title='bbox 3596 5723 3733 5778; x_wconf 85' lang='lat' dir='ltr'><strong>sicut</strong></span> <span class='ocrx_word' id='word_1_946' title='bbox 3774 5725 3976 5791; x_wconf 78' lang='lat' dir='ltr'><strong>corpori</strong></span> 
     </span>
    </p>
   </div>
   <div class='ocr_carea' id='block_1_122' title="bbox 2429 5812 3975 5895">
    <p class='ocr_par' dir='ltr' id='par_1_122' title="bbox 2429 5812 3975 5895">
     <span class='ocr_line' id='line_1_122' title="bbox 2429 5812 3975 5895; baseline -0.012 -10"><span class='ocrx_word' id='word_1_947' title='bbox 2429 5829 2814 5895; x_wconf 76' lang='lat' dir='ltr'><strong>circumposita,</strong></span> <span class='ocrx_word' id='word_1_948' title='bbox 2863 5824 3067 5878; x_wconf 83' lang='lat' dir='ltr'><strong>etiamsi</strong></span> <span class='ocrx_word' id='word_1_949' title='bbox 3098 5821 3381 5876; x_wconf 86' lang='lat' dir='ltr'><strong>formosum</strong></span> <span class='ocrx_word' id='word_1_950' title='bbox 3412 5817 3496 5878; x_wconf 75' lang='lat' dir='ltr'><strong>sit,</strong></span> <span class='ocrx_word' id='word_1_951' title='bbox 3544 5816 3713 5886; x_wconf 86' lang='lat' dir='ltr'><strong>ipsum</strong></span> <span class='ocrx_word' id='word_1_952' title='bbox 3744 5812 3975 5870; x_wconf 79' lang='lat' dir='ltr'><strong>deforttta</strong></span> 
     </span>
    </p>
   </div>
  </div>
