4152 6550
242 439 347 492 185

240 556 473 610 reddunt
504 572 516 607 :
547 553 618 608 ita
645 551 689 606 si
715 549 907 604 anima:
941 545 1428 615 circumponantur,
1475 537 1687 596 etiamsi
1725 537 1824 594 de-

239 646 403 702 formi
422 656 684 700 summam
698 636 1140 710 pulchritudinem
1154 634 1426 689 afferrent.
1451 631 1519 686 Et
1537 627 1824 699 quomoda,

241 738 418 802 dices,
443 741 662 805 possunt
680 731 872 785 anima:
901 726 1228 796 circumponi
1246 738 1406 778 aurea
1424 722 1448 776 l
1467 721 1662 776 lterum
1688 720 1827 779 dico,

246 843 348 897 per
367 839 557 881 manus
577 835 860 892 pauperum
907 819 983 873 llli
1010 817 1151 874 enim
1173 814 1512 884 accipientes,
1545 809 1832 866 formosam

247 919 396 975 illam
424 913 669 972 reddunt.
697 913 806 967 Illis
829 925 1043 965 auream
1075 905 1352 977 pecuniam
1378 903 1545 966 trade,
1584 911 1639 956 et
1668 900 1718 954 in
1767 900 1832 953 il-

251 1011 426 1063 lorum
451 1014 664 1060 ventres
683 1002 991 1072 dispensato
1008 1040 1023 1065 ,
1051 1007 1356 1067 tantamque
1393 995 1464 1050 ibi
1484 992 1717 1048 vicissim
1741 989 1840 1044 da-

252 1101 387 1155 bunt
414 1096 879 1168 pulchritudinem,
903 1104 962 1148 ut
983 1091 1150 1146 forma
1178 1101 1262 1144 tua
1291 1104 1473 1143 verum
1499 1087 1644 1141 illum
1673 1099 1835 1154 spon-

249 1205 374 1245 sum
402 1190 618 1251 alliciat,
643 1178 1021 1255 innumeraque
1046 1183 1182 1237 dona
1209 1181 1471 1236 conciliet.
1497 1177 1640 1234 Cum
1657 1184 1838 1233 autem

255 1280 649 1352 pulchritudine
693 1277 973 1331 Dominum
1027 1274 1311 1336 allexeris,
1359 1267 1839 1338 suppeditabantur

258 1373 356 1428 tibi
400 1371 537 1426 bona
567 1369 765 1431 omnia,
811 1376 866 1422 et
895 1365 1170 1420 immensis
1212 1362 1400 1432 opibus
1428 1358 1743 1414 abundabis.
1781 1355 1837 1410 Si

256 1477 388 1534 ergo
411 1461 668 1516 amabiles
695 1457 808 1514 fieri
836 1458 1061 1534 Domino
1087 1455 1348 1510 volumus.
1379 1453 1485 1520 jam
1532 1466 1634 1504 non
1676 1464 1835 1502 orna.

260 1564 374 1608 tum
399 1551 638 1621 corporis
668 1549 794 1604 tanti
825 1547 1094 1605 faciamus,
1125 1545 1217 1599 sed
1241 1545 1427 1597 aninnc
1457 1541 1838 1597 formositatem

260 1644 499 1716 quotidie
526 1657 713 1713 magna
743 1640 1014 1709 diligentia
1046 1652 1314 1701 curemus,
1350 1645 1400 1688 ιιι
1424 1642 1476 1688 et
1501 1633 1721 1702 gratiam
1745 1631 1840 1685 bc-

259 1736 409 1806 nignl
442 1735 534 1790 Dei
567 1730 718 1787 nobis
741 1731 1105 1791 conciliemus,
1137 1740 1188 1782 et
1217 1726 1496 1781 incll'abilia
1540 1725 1671 1777 bona
1711 1738 1842 1776 con-

262 1840 572 1896 sequamur,
604 1824 766 1894 gratia
799 1830 852 1876 ct
901 1821 1220 1890 benignitate
1263 1816 1466 1871 Domini
1510 1815 1674 1868 nostri
1717 1813 1842 1867 Jcsu

263 1918 484 1982 Christi,
511 1932 630 1971 cum
670 1931 774 1984 quo
813 1913 973 1978 Patri,
1002 1911 1156 1964 simul
1196 1923 1251 1964 ct
1290 1909 1506 1977 Spiritui
1551 1915 1737 1959 sancto
1779 1903 1847 1957 sit

259 2008 457 2078 g‘oria,
497 2004 799 2075 impetiutn,
829 2004 1018 2069 honor,
1061 2017 1198 2055 nunc
1229 2010 1282 2055 et
1310 2013 1542 2066 semper,
1574 2005 1628 2051 et
1657 1997 1705 2048 in
1748 2010 1846 2047 sac-

260 2100 386 2155 τριεὶιι
415 2098 748 2155 saeculorum.
784 2099 970 2150 Amen.

811 2228 1089 2284 llOMlLlA
1133 2226 1298 2282 XXII.

265 2344 342 2400 Et
372 2357 475 2398 erat
508 2342 619 2398 Noe
648 2359 894 2396 annorum
914 2342 1315 2411 quingentorum,
1347 2349 1391 2391 ct
1417 2336 1586 2407 genuit
1612 2333 1662 2388 Ν
1669 2350 1726 2387 οε
1752 2342 1851 2386 (res

346 2438 499 2505 ﬁlios,
531 2436 669 2500 Sent,
704 2433 882 2497 Citam,
912 2444 956 2485 cl
980 2430 1224 2500 Jupltt-th.
1258 2430 1317 2482 Et
1346 2434 1536 2499 factum
1559 2436 1630 2479 est
1649 2422 1851 2496 quando

346 2537 598 2594 ra'pcrunt
630 2525 852 2578 homines
883 2521 1209 2591 multiplicari
1252 2536 1402 2587 super
1430 2529 1631 2578 (errant,
1661 2525 1708 2569 et
1733 2515 1856 2584 ﬁlia:

350 2628 482 2671 nota!
506 2625 620 2669 sunt
645 2615 714 2668 cis
742 2612 891 2683 (Gen.
921 2614 974 2669 5.
1007 2613 1092 2665 51.
1125 2622 1168 2664 cl
1195 2613 1245 2665 6.
1284 2611 1358 2680 1).

357 2730 402 2782 1.
445 2727 777 2780 Attcntt'onent
804 2725 1090 2779 auditorum
1112 2733 1301 2792 captat.
1337 2721 1464 2788 Qua:
1481 2720 1544 2774 sit
1569 2729 1749 2772 natura
1771 2721 1858 2770 dc-

277 2821 367 2876 tn'tt'
393 2819 689 2889 spiritualis.
708 2847 774 2858 —-
790 2817 1059 2885 Reliquias
1084 2814 1343 2868 hesterna:
1367 2826 1565 2866 mensae
1589 2810 1737 2863 vobis
1761 2809 1858 2862 ho-

278 2914 366 2968 die
395 2927 686 2982 prolionerc
715 2911 831 2964 volo
861 2933 873 2966 :
906 2910 998 2965 sed
1025 2925 1089 2963 ne
1116 2924 1253 2977 :t-gre
1281 2907 1424 2962 feras
1475 2905 1686 2964 dilecte.
1717 2902 1858 2973 quod

282 3007 534 3078 reliquias
563 3004 700 3058 dico.
735 3003 863 3057 Nam
895 3005 944 3057 itt
975 3001 1315 3056 sensibilibus
1343 2999 1554 3069 quidem
1595 2996 1862 3051 alimentis

283 3109 396 3170 post
434 3115 594 3154 unum
626 3108 675 3151 ct
706 3097 929 3151 alterum
962 3095 1102 3149 diem
1136 3091 1365 3147 marcida
1412 3091 1543 3143 littnt
1571 3089 1768 3154 edulia,
1809 3096 1861 3141 et

280 3191 348 3246 ad
382 3188 698 3245 vescendum
728 3187 927 3240 inutilia
960 3203 973 3239 :
1005 3185 1055 3236 in
1083 3181 1342 3253 spiritttali
1366 3195 1494 3233 vero
1522 3194 1703 3232 mensa
1733 3178 1863 3230 nihil

283 3284 388 3338 tale
418 3281 587 3336 vereri
617 3285 845 3348 oportet.
881 3277 995 3345 Ipsa
1022 3277 1187 3339 enim,
1219 3285 1417 3344 qttan'o
1458 3272 1573 3340 plus
1609 3274 1864 3338 temporis

285 3372 563 3442 pratteriit,
597 3377 742 3424 tanto
775 3368 1028 3437 majorem
1053 3366 1276 3435 gratiam
1307 3363 1487 3428 habet,
1519 3373 1567 3416 et
1600 3362 1866 3416 recentior

283 3475 441 3534 atque
471 3465 704 3532 vegetior
742 3460 1028 3514 invenitur.
1073 3459 1183 3526 Age
1231 3457 1386 3526 igitur
1435 3455 1863 3524 promissionem,

285 3569 444 3624 quam
466 3552 579 3608 heri
606 3551 895 3613 emisimus,
927 3549 1258 3619 impleamus,
1281 3557 1329 3601 et
1353 3547 1588 3601 debitum
1610 3545 1868 3600 doctrina:

287 3655 439 3715 grato
485 3642 831 3705 exhibeamus
875 3645 1072 3695 animo.
1124 3639 1237 3694 Non
1283 3640 1422 3694 enim
1467 3639 1568 3692 hoc
1618 3639 1744 3692 utile
1789 3647 1870 3693 est

289 3734 669 3804 accipientibus
716 3733 1010 3793 dumtaxat,
1070 3740 1125 3784 ut
1168 3732 1218 3783 in
1264 3731 1382 3784 aliis
1426 3729 1640 3792 debitis,
1683 3729 1776 3783 sed
1818 3738 1873 3782 et

291 3827 418 3880 tnihi
459 3811 834 3880 dinumerauti.
879 3823 943 3878 Et
970 3823 1093 3892 quid
1138 3821 1258 3877 dico
1305 3821 1431 3875 ntihi
1473 3820 1872 3874 dinumeranti?

291 3920 438 3973 Talis
482 3927 563 3971 cst
601 3917 889 3986 spiritttalis
937 3914 1100 3970 debiti
1149 3925 1357 3976 natura,
1404 3921 1460 3966 ut
1503 3920 1703 3981 quanto
1753 3926 1868 3964 ma-

293 4013 372 4081 gis
425 4009 679 4072 solvitur,
733 4019 878 4061 tanto
927 4005 1094 4076 magis
1157 4014 1442 4074 augeatur,
1506 4011 1560 4056 et
1624 4001 1870 4056 substan-

295 4105 420 4156 tiam
469 4101 636 4168 tnagis
691 4100 1032 4168 tttttltiplicet,
1088 4107 1244 4167 atque
1311 4095 1606 4150 ineffabiles
1663 4094 1876 4149 divitias

295 4192 480 4245 afferat
501 4202 605 4244 tam
638 4190 805 4254 danti,
832 4205 988 4259 quam
1030 4187 1428 4257 accipientibus.
1463 4185 1652 4240 Vidisti
1685 4200 1877 4241 novatn

294 4282 459 4337 debiti
480 4291 740 4346 naturam,
765 4291 819 4336 ct
845 4295 1018 4334 raram
1048 4279 1332 4334 solutionis
1351 4279 1584 4350 speciem
1607 4279 1629 4330 τ
1657 4278 1712 4332 lu
1740 4278 1881 4333 hunc

296 4371 440 4426 enim
465 4370 676 4424 tnodutn
717 4385 775 4424 se
807 4369 1002 4424 habent
1041 4368 1335 4438 spiritualia
1363 4409 1377 4432 ,
1412 4378 1468 4421 ut
1508 4368 1881 4422 distributione

299 4461 466 4532 magis
491 4470 754 4523 crescant,
779 4470 832 4515 et
861 4476 982 4515 cum
1006 4461 1155 4514 multi
1188 4469 1311 4513 sunt
1338 4460 1639 4528 participes,
1665 4459 1882 4513 uberior

299 4554 370 4608 sit
397 4551 748 4617 abundantia;
773 4560 828 4606 et
855 4551 944 4621 qui
974 4551 1291 4615 numeravit,
1328 4567 1432 4605 non
1462 4551 1656 4604 sentiat
1697 4565 1754 4605 se
1780 4549 1880 4603 ali-

301 4645 427 4716 quid
446 4659 775 4711 numerasse,
802 4643 1230 4713 quandoquidem
1261 4642 1379 4713 ejus
1408 4657 1541 4711 epes
1588 4653 1835 4696 crescunt
1864 4660 1879 4708 ;

300 4749 354 4792 et
406 4737 470 4791 iis
516 4737 604 4806 qtti
648 4746 971 4806 acceperunt
1011 4736 1179 4804 major
1198 4736 1359 4790 etiam
1398 4736 1546 4803 copia
1593 4743 1880 4787 accrescat.

301 4830 434 4896 Quia
469 4829 625 4899 igitur
653 4829 770 4883 talis
800 4837 881 4882 est
902 4827 1255 4896 Spiritualium
1290 4826 1509 4880 istorum
1531 4834 1738 4887 ttatnra,
1767 4840 1880 4878 ma-

301 4935 402 4989 gna
429 4919 702 4973 alacritate
728 4920 888 4974 etiam
941 4934 1035 4972 nos
1075 4919 1141 4973 ad
1185 4919 1502 4972 solutionem
1550 4918 1883 4982 festinemus,

305 5020 358 5065 et
386 5025 480 5064 vos
503 5010 567 5064 ad
596 5009 989 5078 suscipiendum
1019 5024 1175 5063 aures
1200 5010 1637 5074 accommodctis,
1675 5021 1728 5062 ut
1771 5026 1888 5062 om-

306 5118 403 5159 ncs
428 5118 549 5157 cum
572 5102 689 5156 latis
707 5102 867 5155 animi
890 5100 1094 5154 sinibus
1119 5101 1453 5170 sumpseritis
1497 5118 1612 5168 qua:
1659 5117 1686 5153 a
1735 5102 1887 5155 nobis

307 5197 574 5258 dicuntur,
625 5195 691 5247 ita
732 5195 945 5248 domum
999 5193 1424 5262 proliciscamiui.
1471 5193 1665 5248 lterum
1708 5205 1885 5250 autem

308 5299 676 5357 argumentum
709 5287 775 5340 de
814 5286 961 5355 justo
1000 5285 1110 5338 Noe
1137 5287 1187 5338 in
1221 5285 1454 5338 medium
1506 5286 1697 5340 afferre
1743 5287 1886 5351 volo,

311 5391 366 5433 ut
385 5378 509 5446 justi
541 5393 782 5447 magnam
811 5379 1081 5442 virtutem,
1109 5385 1164 5432 et
1193 5377 1512 5430 ineffabilem
1557 5378 1648 5431 Dei
1677 5380 1890 5432 miscri-

309 5471 573 5534 cordiam,
606 5485 665 5521 ac
689 5470 1024 5522 tolerantiam
1055 5487 1172 5536 qu;e
1223 5485 1433 5522 omnem
1482 5470 1646 5523 animi
1678 5481 1888 5538 captum

315 5563 670 5625 transcendit,
729 5564 963 5616 diseatis.
1013 5563 1277 5616 Didicistis
1321 5563 1455 5626 heri,
1501 5564 1768 5633 quomodo
1825 5565 1892 5618 ab

313 5665 433 5708 orttt
472 5669 568 5709 suo
590 5655 764 5723 justus
798 5655 902 5718 ille,
932 5663 1150 5722 accepto
1188 5671 1215 5706 a
1244 5666 1393 5723 patre
1424 5657 1637 5710 nomine
1659 5697 1673 5720 ,
1717 5656 1892 5708 obam-

313 5749 544 5808 bnlahat,
577 5747 824 5801 omnibus
846 5749 933 5817 qtti
958 5757 1082 5801 tunc
1111 5758 1263 5801 erant
1287 5749 1474 5802 doctor
1495 5749 1854 5802 calamitatum
1874 5787 1888 5809 ,

313 5839 465 5909 quasi
518 5838 750 5893 clamans
778 5848 829 5893 et
876 5854 968 5908 per
1014 5839 1184 5909 ipsum
1216 5854 1412 5897 nomen
1457 5854 1610 5896 suum
1649 5838 1832 5895 dicens
1873 5857 1884 5893 :

1157 427 1221 484 IN
1247 426 1402 482 CAP.
1449 423 1510 478 V.
1546 423 1632 479 ET
1670 421 1754 476 τι.
1798 421 2042 478 GENES.
2085 417 2313 475 1101111..
2355 413 2518 470 XX".

3424 415 3523 474 l8ti

1937 531 2189 589 Desistite
2211 544 2242 586 ιι
2263 529 2427 596 malo,
2453 525 2751 600 operemini
2780 526 3052 591 virtutem,
3085 526 3269 580 timete
3306 540 3524 596 ponam

1939 621 2332 695 impendentem
2365 633 2690 676 :commune
2717 617 2974 672 diluvium
3008 616 3058 671 in
3089 625 3199 670 toto
3237 617 3368 673 orbe
3395 617 3521 694 erit.

1938 714 2128 783 lugens
2157 711 2255 770 Dei
2281 709 2576 782 indignatio
2603 710 2785 774 instat,
2818 707 2942 778 quia
2964 719 3018 762 et
3041 719 3233 778 magna
3273 707 3527 777 nequitize

1936 805 2218 860 colluvies.
2251 801 2320 858 Et
2341 801 2444 856 hoe
2464 816 2570 856 non
2599 815 2693 870 per
2715 799 2851 855 duos
2879 798 2964 853 vel
2992 806 3101 854 tres
3124 808 3327 853 tantum
3355 813 3525 854 annos

1942 895 2189 960 faciebat,
2227 893 2321 948 sed
2348 893 2669 962 quingentos
2694 905 2865 945 annos
2888 891 3019 944 vixit
3051 889 3164 945 ha-e
3205 891 3524 946 admonens.

1948 984 2161 1040 Vidistis
2184 983 2519 1039 tolerantiam
2553 982 2803 1036 Domini?
2839 981 3046 1036 vidistis
3072 980 3326 1036 bonitatis
3343 981 3524 1037 excel-

1942 1076 2196 1143 lqntiatn‘!
2225 1074 2435 1129 vidistis
2463 1073 2780 1128 ineffabilem
2811 1072 3162 1143 patientiam?
3192 1072 3398 1127 vidistis
3411 1071 3529 1126 mit-

1907 1241 1910 1244 .
1942 1166 2067 1220 liti.e
2086 1164 2448 1221 incrementa?
2472 1164 2676 1217 vidistis
2694 1165 3048 1232 improbitatis
3074 1163 3532 1232 magnitudinem?

1903 1255 1907 1258 “
1943 1251 2227 1327 [lucusque
2256 1257 2421 1322 enim,
2449 1265 2506 1312 ut
2533 1257 2701 1322 scitis,
2752 1256 2866 1311 heri
2906 1271 3085 1310 sermo
3110 1265 3294 1311 noster
3320 1270 3533 1325 preces.

1944 1351 2013 1402 sit
2045 1365 2057 1402 :
2083 1363 2259 1418 opera:
2285 1349 2514 1417 pretium
2541 1357 2622 1402 est
2649 1348 2804 1417 igitur
2825 1357 2882 1402 ut
2908 1347 3066 1401 hodie
3088 1345 3376 1413 discamus,
3397 1361 3534 1416 quo-

1947 1441 2107 1494 modo
2135 1441 2441 1495 misericors
2465 1440 2603 1494 Deus
2642 1456 2740 1508 pro
2767 1453 2860 1493 sua
2893 1439 3128 1494 bonitate
3159 1453 3331 1508 neque
3377 1439 3535 1507 quin~

1947 1533 2120 1602 gentis
2144 1533 2297 1586 annis
2327 1532 2391 1584 ad
2413 1531 2744 1585 tolerantiam
2769 1539 3056 1584 contentus
3079 1530 3193 1593 fuit,
3223 1530 3318 1585 sed
3337 1530 3540 1583 addidit

1949 1640 2121 1680 annos
2148 1625 2280 1678 alios
2308 1623 2372 1678 ad
2406 1621 2712 1694 superiores
2741 1624 2791 1676 itt
2835 1622 3059 1692 gratiam
3087 1638 3274 1678 eorum
3303 1622 3392 1693 qui
3420 1631 3540 1675 tau-

1952 1727 2060 1772 tum
2096 1725 2463 1787 peccaverant.
2508 1715 2575 1768 Et
2603 1724 2707 1769 erat
2751 1713 2885 1781 Noe,
2940 1713 3129 1783 inquit,
3157 1715 3542 1784 quingentorum

1950 1827 2219 1864 annorum.
2274 1808 2355 1864 Ad
2408 1808 2691 1862 utilitatem
2747 1816 2983 1861 nostram
3032 1805 3212 1859 divina
3263 1804 3541 1874 Scriptura

1955 1916 2235 1956 numerum
2288 1915 2549 1954 annorum
2615 1898 2748 1967 jttsti
2800 1896 3128 1966 assignavit,
3170 1905 3227 1950 ut
3272 1895 3544 1950 discamus

1953 2004 2155 2064 quanto
2183 2002 2422 2062 tempore
2452 1991 2665 2055 vixerit,
2695 1990 2994 2044 admonens
3025 1989 3164 2053 illos,
3194 1997 3248 2042 et
3273 1985 3545 2058 quomodo

1956 2087 2027 2139 illi
2059 2084 2275 2153 quidem
2305 2083 2522 2140 malitim
2540 2083 2675 2135 viam
2695 2082 2905 2147 sectati,
2930 2080 2981 2134 in
3009 2095 3070 2134 ea
3092 2079 3393 2148 consumpti
3415 2078 3543 2142 sint;

1952 2177 2126 2245 justus
2159 2184 2336 2229 autem
2361 2189 2517 2230 secus
2547 2189 2705 2242 quam
2742 2173 2836 2226 alii
2862 2171 3143 2227 ambulans
3175 2179 3321 2225 tanta
3351 2173 3550 2225 vittnte

1959 2267 2320 2338 praecelluerit
2352 2282 2366 2319 :
2399 2275 2458 2321 ut
2478 2273 2532 2321 et
2569 2265 2669 2319 sibi
2703 2264 2794 2318 Dei
2824 2262 3250 2319 benevolentiam
3291 2261 3554 2316 concilia-

1959 2371 2060 2425 ret,
2089 2370 2141 2414 et
2178 2375 2299 2415 cum
2323 2372 2512 2413 omnes
2543 2356 2633 2410 alii
2681 2358 2854 2426 pugnis
2896 2354 3114 2408 obnoxii
3171 2354 3381 2420 fierent,
3436 2353 3551 2424 ipse

1959 2469 1986 2508 s
2009 2456 2104 2508 dus
2128 2469 2245 2508 cum
2271 2461 2377 2506 tota
2411 2450 2609 2504 familia
2655 2449 2929 2519 effugeret.
2980 2447 3114 2501 llinc
3141 2445 3418 2511 discimus,
3454 2460 3552 2498 no-

1961 2547 2062 2606 bis,
2116 2545 2158 2598 si
2201 2534 2363 2598 'sobrii
2417 2542 2671 2596 fuerimus
2699 2549 2752 2594 et
2785 2554 2889 2593 non
2935 2537 3172 2603 desides,
3227 2550 3333 2590 non
3378 2535 3551 2592 solum

1964 2637 2092 2690 nihil
2122 2651 2317 2690 nocere
2349 2634 2391 2688 si
2423 2636 2560 2688 inter
2589 2631 2797 2686 medios
2821 2631 2992 2684 malos
3023 2643 3337 2690 versemus;
3379 2625 3474 2682 sed
3502 2627 3553 2681 id

1965 2743 2062 2782 nos
2091 2727 2315 2782 reddere
2347 2725 2559 2780 virtutis
2585 2723 2957 2780 studiosiores.
2986 2720 3118 2775 Nam
3144 2719 3266 2775 idco
3292 2718 3558 2788 benignus

1967 2822 2111 2876 Deus
2140 2821 2216 2875 sic
2242 2819 2591 2889 dispensavit,
2625 2827 2679 2872 ιιι
2730 2816 2886 2870 simul
2923 2823 3106 2870 essent
3152 2813 3277 2867 boui
3308 2819 3362 2867 et
3406 2809 3555 2876 mali,

1964 2928 2073 2982 quo
2127 2913 2388 2966 malorum
2441 2913 2887 2966 subencrvaretur
2933 2907 3154 2971 malitia,
3191 2907 3560 2975 bonorumque

1966 3006 2136 3060 virtus
2165 3005 2360 3058 clarius
2391 3004 2719 3057 elucesceret
2748 3018 2762 3054 :
2793 3010 2848 3056 et
2871 2998 3085 3054 desides
3112 3014 3144 3053 ιι
3171 2997 3554 3067 studiosiornm

1967 3095 2348 3152 consuetudine
2369 3095 2593 3164 plurima
2620 3091 2902 3148 commoda
2949 3091 3342 3152 lucrifacercnt,
3402 3090 3564 3144 modo

1970 3189 2186 3243 vellent.
2219 3187 2314 3240 llic
2340 3186 2545 3255 cogites
2570 3185 2752 3249 velim,
2786 3192 3000 3253 quanta:
3039 3183 3248 3236 virtutis
3282 3182 3441 3236 fuerit
3472 3181 3564 3235 ille

1967 3280 2161 3347 justus,
2217 3275 2488 3345 quomodo
2538 3274 2591 3331 in
2628 3284 2774 3330 tanta
2821 3275 3180 3339 multitudine,
3214 3289 3334 3344 qua:
3373 3288 3567 3344 magno

1973 3371 2173 3436 impetu
2206 3369 2255 3421 in
2286 3368 2487 3421 malum
2521 3367 2729 3434 ruebat,
2763 3368 2910 3422 solus
2957 3367 3071 3436 ipse
3121 3365 3335 3421 diversa
3377 3366 3567 3420 ambu-

1975 3461 2100 3515 lavit
2129 3463 2234 3526 via,
2268 3461 2515 3514 virtutem
2545 3461 2761 3514 malitia:
2791 3460 3110 3527 pra2fcrens:
3147 3474 3208 3513 ac
3231 3474 3407 3529 neque
3432 3459 3567 3513 alio-

1977 3567 2090 3606 rum
2120 3566 2436 3617 consensus,
2471 3566 2568 3605 nec
2617 3560 2760 3604 tanta
2814 3551 3116 3620 frequentia
3155 3547 3415 3606 reddebat
3445 3565 3568 3604 cum

1975 3644 2040 3698 ad
2075 3643 2282 3697 virtutis
2315 3643 2416 3696 iter
2467 3642 2766 3711 segniorem
2799 3642 2929 3695 :scd
2973 3642 3081 3711 jam
3131 3642 3274 3709 prius
3320 3642 3368 3695 in
3393 3641 3572 3710 plcbat

1977 3736 2116 3806 quod
2171 3738 2355 3789 lit-atus
2403 3735 2577 3789 DIOSCS
2626 3746 2808 3804 postea
2851 3735 3090 3789 dicturus
3129 3743 3245 3788 erat
3278 3754 3292 3789 :
3326 3733 3448 3788 Non
3474 3737 3574 3788 eris

1983 3845 2095 3882 Cum
2130 3828 2359 3898 pluribus
2388 3829 2439 3880 in
2478 3828 2672 3880 malitia
2704 3825 2899 3893 (Exod.
2929 3827 3001 3881 23
3046 3827 3124 3894 ἓ).
3151 3828 3216 3880 Et
3236 3825 3377 3896 quod
3407 3827 3575 3896 magis

1981 3918 2315 3982 admirabile,
2347 3933 2469 3972 cum
2499 3920 2697 3971 multos
2730 3917 2971 3982 haberet,
3026 3919 3133 3970 imo
3177 3932 3367 3972 omnes
3391 3917 3477 3986 qui
3508 3917 3574 3970 ad

1984 4010 2178 4064 tnalum
2211 4021 2263 4062 et
2293 4009 2358 4062 ad
2407 4024 2566 4078 prava
2617 4023 2779 4077 opera
2806 4007 3236 4072 cohortarentur,
3289 4017 3345 4062 et
3401 4007 3576 4060 nullus

1983 4111 2125 4155 csret
2167 4100 2256 4170 qui
2298 4099 2363 4153 ad
2391 4101 2638 4155 virtutem
2677 4099 2950 4153 induceret
2986 4116 2999 4154 :
3033 4108 3176 4151 tanta
3219 4099 3307 4151 ille
3349 4096 3400 4151 in
3453 4113 3572 4151 eam

1983 4193 2319 4248 vehementia
2355 4191 2645 4257 ferebatur,
2673 4201 2730 4245 ut
2763 4193 2899 4245 viam
2928 4181 3092 4246 tan'ta:
3119 4191 3444 4244 multitudini
3480 4205 3574 4260 op-

1987 4287 2210 4355 positam
2238 4295 2291 4340 et
2334 4286 2655 4340 contrariam
2702 4291 2942 4346 teneret;
2999 4296 3170 4352 neque
3221 4281 3458 4344 timebat,
3489 4290 3578 4334 aut

1987 4378 2272 4432 verebatur
2296 4391 2577 4446 pravorum
2606 4375 2970 4437 concordiam,
3005 4389 3179 4443 neque
3202 4373 3272 4426 illi
3303 4372 3407 4427 tale
3448 4372 3576 4441 quid

1987 4470 2185 4529 evenit,
2218 4469 2374 4537 quale
2411 4470 2549 4522 solet
2589 4467 2794 4536 ignavis
2841 4466 3104 4531 accidere,
3140 4464 3230 4534 qui
3276 4464 3320 4519 si
3364 4463 3579 4533 quando

1990 4561 2219 4614 viderint
2266 4559 2464 4614 multos
2505 4559 2661 4618 simul
2715 4572 3052 4614 concurrere.
3112 4555 3212 4609 hoc
3255 4554 3497 4610 velamen
3524 4566 3581 4610 et

1991 4651 2128 4704 hanc
2155 4651 2493 4705 occasionem
2517 4666 2626 4704 sua:
2658 4650 2883 4718 ignaviae
2914 4657 3241 4718 pra:texnnt,
3265 4662 3328 4702 ac
3355 4647 3540 4702 dicunt
3563 4664 3578 4700 :

1991 4746 2098 4800 Cur
2125 4760 2222 4815 ego
2255 4760 2447 4798 tt0vunt
2497 4744 2767 4814 quidpiam
2818 4753 2869 4798 et
2920 4742 3187 4811 singulare
3231 4748 3422 4809 prmter
3463 4740 3582 4796 illos

1991 4852 2181 4891 omnes
2222 4849 2568 4904 aggressurus
2598 4850 2715 4886 sum
2735 4877 2750 4898 ,
2774 4833 3113 4887 adversarius
3146 4840 3305 4884 tanta:
3333 4830 3582 4884 multitu-

1993 4927 2124 4992 dini,
2158 4937 2208 4980 ct
2229 4941 2348 4979 cum
2378 4934 2523 4978 tanto
2550 4926 2745 4994 populo
2777 4925 2976 4978 bellum
3002 4922 3386 4990 suscepturus?
3422 4921 3580 4975 Num-

1994 5019 2118 5082 quid
2153 5019 2252 5071 illis
2294 5018 2542 5070 omnibus
2583 5017 2777 5085 justior
2826 5015 2989 5069 sunt?
3018 5014 3145 5083 Qua:
3199 5013 3396 5067 utilitas
3451 5012 3585 5067 foret

1998 5120 2260 5162 tantarum
2293 5107 2687 5160 inimicitiarum
2704 5107 2727 5158 ?
2747 5106 2888 5175 quod
2911 5105 3249 5159 commodum
3275 5102 3404 5157 tanti
3436 5101 3539 5158 odii
3566 5103 3585 5155 l

1995 5199 2135 5254 Nihil
2183 5198 2484 5266 hujusmodi
2538 5197 2796 5250 inutiliter
2842 5196 3128 5265 cogitabat,
3181 5210 3353 5265 neque
3405 5194 3583 5248 animo

1994 5292 2276 5345 versabat:
2303 5291 2394 5345 sed
2424 5299 2476 5343 et
2501 5290 2620 5354 hoc,
2654 5289 2791 5356 quod
2827 5300 3007 5357 postea
3039 5304 3066 5341 a
3096 5287 3354 5357 preplteta
3383 5285 3581 5338 dictum

1996 5391 2098 5444 est,
2153 5382 2296 5449 prius
2338 5382 2449 5448 ipse
2504 5381 2758 5450 implebat
2802 5397 2813 5434 :
2871 5379 3054 5432 Melior
3094 5390 3165 5432 est
3217 5394 3350 5430 unus
3393 5376 3584 5445 [oriens

1997 5474 2301 5526 voluntatem
2356 5472 2598 5537 Domini,
2664 5489 2814 5541 quam
2864 5471 3114 5523 innumeri
3175 5469 3587 5540 prcrvaricatorcs

1999 5565 2185 5636 (I'Icclt'.
2220 5566 2302 5618 16.
2333 5566 2411 5634 5).
2459 5565 2588 5618 Num
2619 5567 2876 5627 Societas,
2914 5565 3099 5633 inquit,
3129 5561 3481 5616 multitudinis
3519 5560 3586 5614 ad

1999 5659 2194 5712 malum
2226 5659 2449 5721 ruentis,
2484 5670 2529 5711 et
2562 5659 2716 5711 simul
2749 5659 3022 5726 rapientis,
3056 5673 3083 5709 a
3111 5654 3346 5710 cruciatu
3376 5668 3461 5706 me
3492 5667 3588 5721 po-

2002 5753 2120 5804 terit
2143 5751 2351 5819 eripere
2375 5751 2394 5802 ’ἓ
2421 5750 2632 5804 Sciebat
2661 5751 2822 5810 enim,
2853 5749 3053 5804 sciebat
3098 5745 3298 5816 liquido
3325 5758 3592 5816 quemque

2002 5857 2100 5915 pro
2128 5855 2222 5897 sua
2247 5843 2418 5898 salute
2448 5845 2706 5898 rationem
2729 5841 3054 5896 redditurum
3087 5854 3206 5895 esse
3225 5879 3241 5907 ,
3269 5853 3438 5907 neque
3466 5851 3588 5891 unt-
