4152 6494
613 389 714 446 187

610 514 768 571 quam
799 499 933 563 fore,
959 506 1019 552 ut
1042 497 1148 554 alio
1176 507 1423 568 peccante
1467 497 1602 550 alius
1645 509 1856 565 pmnam
1903 491 2185 554 sustineat,

611 593 695 647 vel
719 591 1024 647 mercedem
1051 591 1318 645 sortiatur.
1348 589 1548 643 Idcirco
1571 587 1746 656 justus
1785 585 1933 655 quasi
1963 584 2191 636 scintilla

611 681 666 734 in
681 680 856 734 medio
885 679 1014 732 mari
1037 692 1270 742 versans,
1295 691 1399 730 non
1419 675 1590 730 solum
1613 691 1718 729 non
1740 671 2191 740 cxstiuguebatur,

611 769 704 824 sed
733 771 968 838 quotidie
991 769 1253 839 l'nlgidiori
1275 768 1392 824 luce
1431 767 1695 838 prodibat,
1717 780 1906 835 omnes
1930 764 2040 819 suis
2066 777 2193 832 ope-

615 862 762 916 ribus
787 861 1002 916 docens.

689 951 924 1006 Liberum
952 952 1233 1006 arbitrium.
1262 982 1333 992 —
1360 951 1546 1006 Vidisti
1578 950 1844 1020 quomodo
1864 949 1942 1003 sui
1969 946 2106 1018 juris
2141 955 2196 1001 et

616 1044 820 1098 arbitrii
872 1053 1112 1097 naturam
1155 1052 1389 1097 nostram
1420 1041 1674 1096 Dominus
1723 1037 2001 1095 formavit?
2043 1037 2196 1093 Unde

615 1134 779 1198 enim,
813 1133 928 1199 dic,
951 1149 1064 1198 oro,
1099 1135 1170 1187 illi
1195 1133 1260 1188 ad
1280 1133 1535 1187 malitiam
1571 1131 1945 1203 properabant,
1973 1139 2027 1184 et
2055 1130 2196 1196 scip-

616 1237 706 1277 sos
740 1225 912 1293 pcnuis
947 1225 1211 1280 faciebant
1259 1225 1555 1287 obnoxios;
1588 1225 1685 1278 iste
1725 1231 1900 1277 autem
1947 1221 2195 1276 virtutem

616 1314 864 1384 eligebat,
911 1326 963 1370 et
1012 1316 1216 1385 fugiens
1264 1331 1448 1371 eorum
1501 1315 1832 1376 societatem,
1865 1329 2034 1382 pmua:
2092 1328 2195 1366 non

617 1405 878 1460 obnoxius
910 1405 1047 1459 fuit?
1077 1405 1264 1476 Nonne
1282 1405 1640 1469 manifestum,
1668 1419 1763 1459 sua
1809 1418 2072 1473 quemque
2105 1419 2198 1456 vo-

621 1495 819 1550 luntate
840 1494 921 1551 vel
953 1496 1232 1562 malitiam,
1257 1497 1338 1550 vel
1372 1497 1618 1549 virtutem
1655 1495 1892 1564 eligere?
1937 1493 2065 1548 Nam
2099 1493 2197 1546 nisi

619 1587 689 1640 ita
710 1597 873 1653 esset,
896 1597 950 1642 ct
977 1588 1074 1642 nisi
1106 1598 1306 1642 natura:
1335 1598 1528 1641 ltOslt'u:
1551 1597 1785 1656 potestas
1831 1587 1983 1639 insita
2020 1594 2195 1650 esset,

621 1693 791 1746 neque
822 1680 938 1739 illos
981 1680 1169 1746 puniri,
1202 1695 1373 1747 neque
1419 1679 1548 1732 istos
1578 1679 1783 1732 virtutis
1813 1678 2024 1746 pra-mia
2059 1678 2200 1731 acci-

622 1783 747 1837 pere
773 1770 1067 1837 oportebat.
1085 1769 1275 1822 Verum
1301 1771 1423 1839 quia
1454 1771 1506 1823 in
1535 1781 1712 1825 nostra
1737 1770 2005 1824 voluntate
2031 1778 2200 1823 totum

622 1861 967 1930 postgratiam
990 1861 1078 1914 Dei
1098 1862 1336 1915 relictum
1359 1871 1459 1926 est,
1487 1861 1606 1915 ideo
1630 1872 1684 1916 et
1710 1861 2050 1930 peccantibus
2077 1877 2208 1929 sup-

621 1949 772 2018 plicia
801 1960 978 2021 parata
1011 1961 1135 2022 Sput
1160 1993 1174 2016 ,
1207 1962 1259 2005 et
1287 1952 1419 2004 bene
1448 1951 1793 2018 cperautibus
1837 1951 2110 2004 mercedes
2150 1958 2205 2004 et

623 2041 858 2109 pra-mia.
893 2039 954 2092 Et
978 2052 1084 2094 erat
1107 2082 1120 2106 ,
1147 2041 1335 2111 inquit,
1372 2040 1486 2094 Noe
1507 2059 1754 2095 annorum
1782 2043 2200 2112 quingentorum,

623 2141 670 2184 et
690 2131 858 2200 genuit
885 2141 983 2183 tres
1011 2133 1145 2199 ﬁlios
1172 2132 1312 2196 Scin,
1337 2131 1496 2186 Citam
1543 2144 1588 2184 et
1625 2129 1870 2200 Japltctlt.
1911 2132 2203 2186 Considera

624 2220 815 2275 divina:
844 2220 1134 2289 Scripturtc
1165 2225 1574 2276 accurationem.
1605 2223 1884 2292 Postquam
1925 2238 2203 2275 numerum

622 2326 881 2366 annorum
919 2311 1046 2381 justi
1090 2313 1240 2366 nobis
1268 2315 1532 2377 narravit,
1559 2313 1898 2382 exhibuitquc
1940 2313 2202 2382 ingemuit

626 2403 831 2458 Domini
855 2405 1182 2473 patientiam,
1205 2405 1393 2459 iterum
1423 2420 1684 2460 summam
1716 2407 2045 2460 tolerantiam
2067 2406 2202 2474 ejus,

624 2504 678 2548 ct
723 2495 971 2566 nequitia:
1010 2494 1283 2551 hominum
1325 2498 1752 2567 exsuperantiam
1801 2497 2074 2552 declarare
2123 2500 2206 2552 ni-

629 2585 771 2638 titur.

696 2676 751 2730 2.
794 2676 1042 2732 Adversus
1063 2695 1146 2732 eos
1165 2679 1254 2750 qui
1273 2679 1502 2733 dicebant
1522 2679 1727 2751 angelos
1753 2697 1866 2734 eum
1887 2681 2085 2750 filiabus
2111 2683 2206 2735 lto-

625 2770 818 2821 minnm
845 2769 1140 2824 commixtos
1178 2786 1299 2824 esse.
1325 2801 1396 2810 —
1422 2770 1525 2825 Sed
1573 2772 1850 2828 audiamus
1893 2774 2003 2844 ipsa
2051 2775 2208 2828 verba

629 2858 789 2914 Musis
817 2877 831 2912 :
863 2860 1058 2929 Spiritu
1104 2862 1245 2916 enim
1295 2863 1538 2931 loquens,
1570 2865 1746 2918 omnia
1788 2881 1886 2918 nos
1935 2866 2213 2935 diligenter

630 2947 738 3003 vult
765 2949 1020 3005 docerc.l
1061 2950 1208 3020 (Cap.
1239 2952 1315 3021 li).
1344 2952 1408 3004 Et
1451 2955 1636 3020 factum
1665 2962 1758 3018 est,
1790 2954 1978 3023 inquit,
2007 2957 2212 3024 quando

633 3051 882 3111 ceperunt
938 3043 1164 3097 homines
1206 3044 1538 3112 multiplicari
1581 3059 1730 3111 super
1760 3053 1970 3109 terram,
2006 3058 2051 3100 et
2093 3047 2214 3113 filia!

634 3142 772 3187 nata:
800 3143 915 3186 sunt
945 3133 1066 3186 illis.
1097 3131 1213 3186 Non
1257 3133 1458 3191 absuue
1493 3133 1697 3188 ratione
1735 3133 1954 3199 addidit,
1985 3135 2047 3189 Et
2093 3138 2216 3204 [ilice

623 3231 768 3275 nam:
790 3231 910 3275 sunt
933 3221 1032 3275 illis
1060 3238 1079 3275 :
1108 3221 1200 3276 sed
1233 3231 1292 3277 ut
1321 3237 1564 3292 magnam
1595 3223 1981 3278 multitudinem
2014 3228 2091 3281 sic
2135 3227 2216 3281 in-

633 3312 890 3369 sinuaret.
920 3312 1050 3368 Nam
1089 3314 1174 3368 ubi
1205 3324 1346 3368 tanta
1389 3315 1623 3368 radicum
1654 3325 1735 3370 tot
1765 3316 2044 3371 multitudo
2067 3359 2082 3382 ,
2121 3334 2218 3373 nc-

630 3419 781 3460 ecsse
809 3417 892 3462 est
913 3407 1072 3473 etiam
1104 3408 1299 3462 multos
1329 3423 1506 3463 ramos
1531 3411 1729 3464 enasci.
1774 3410 1828 3463 2.
1865 3409 1933 3465 Ut
1963 3412 2212 3479 υἱιιιγιιηι,

636 3497 838 3568 inquit,
862 3499 959 3567 ﬁlii
989 3497 1085 3552 Dei
1128 3503 1263 3568 [illas
1297 3501 1557 3554 hominum
1588 3503 1724 3571 quod
1749 3503 1976 3571 pulchra:
2011 3516 2168 3558 essent
2197 3549 2212 3572 ,

634 3601 956 3659 sntnpscruut
1005 3591 1100 3645 sibi
1146 3608 1327 3646 uxores
1372 3609 1436 3647 ea:
1475 3594 1738 3660 omnibus,
1775 3611 1901 3664 quas
1943 3597 2213 3666 elegerant.

635 3679 882 3752 Singulas
906 3682 1166 3738 dictiones
1194 3683 1474 3754 diligenter
1501 3685 1900 3741 consideremus
1925 3729 1940 3751 ,
1983 3704 2049 3741 ue
2089 3687 2215 3756 quid

640 3772 693 3827 itt
722 3773 882 3828 fundo
913 3774 1083 3830 latens
1111 3789 1210 3828 nos
1251 3785 1549 3845 praetereat.
1581 3775 1768 3846 Operm
1816 3778 2040 3843 pretium
2073 3778 2215 3832 enim

644 3862 802 3918 fuerit
839 3864 976 3919 bene
1016 3867 1238 3920 scrutari
1272 3869 1409 3920 hunc
1437 3865 1632 3933 locum,
1663 3878 1718 3921 ut
1746 3867 2113 3929 subverza'nus
2145 3869 2219 3924 fa-

639 3954 793 4012 bulas
834 3956 1011 4010 omnia
1064 3956 1451 4012 inconsiderate
1492 3958 1816 4027 loquentium
1849 3974 1863 4010 :
1896 3968 1949 4013 et
1993 3961 2218 4028 primum

639 4045 906 4100 eil'crenda
933 4060 997 4101 ea
1026 4062 1142 4116 quze
1168 4047 1343 4102 dicere
1371 4047 1590 4116 audent,
1613 4057 1669 4103 ct
1704 4059 1993 4104 monstrata
2035 4065 2221 4104 eorum

635 4154 760 4208 qua:
801 4141 870 4194 ab
905 4139 1009 4194 illis
1041 4139 1293 4194 dicuntur
1317 4139 1670 4205 absurditate,
1700 4156 1986 4211 germanus
2013 4157 2223 4210 qunque

642 4229 934 4300 Scriptura:
972 4244 1160 4286 sensus
1202 4240 1392 4286 vestra:
1422 4232 1627 4286 caritati
1657 4233 1974 4301 aperiendus
2013 4244 2091 4288 cst
2117 4274 2132 4298 ,
2167 4241 2221 4286 ut

641 4335 710 4375 ne
739 4319 1051 4388 simpliciter
1078 4329 1130 4374 et
1175 4321 1326 4374 facile
1351 4335 1508 4376 aures
1533 4322 1945 4377 accommodetis
1972 4322 2225 4378 tamb'as-

641 4411 838 4484 pbema
892 4409 1222 4474 dicentibus,
1254 4420 1308 4466 ct
1335 4413 1613 4467 adversum
1639 4414 1808 4483 capita
1840 4430 1931 4467 sua
1964 4415 2224 4469 blaterare

644 4501 981 4556 audentibus.
1008 4503 1265 4555 Asscrunt
1295 4503 1434 4556 enim
1469 4502 1567 4556 hoc
1593 4519 1696 4557 non
1725 4503 1792 4556 de
1819 4502 2120 4557 Itominiluts
2145 4504 2225 4556 d2-

643 4601 787 4647 ctum
815 4605 956 4656 esse,
980 4591 1070 4645 sed
1099 4592 1164 4645 de
1191 4593 1394 4662 angelis
1420 4610 1434 4646 :
1460 4593 1566 4647 llos
1588 4594 1751 4658 enim,
1777 4595 1943 4655 aiunt,
1973 4596 2107 4648 lilios
2134 4595 2222 4648 llei

642 4683 948 4754 appellavit.
984 4683 1216 4736 Primum
1243 4682 1544 4748 ostendant,
1575 4684 1660 4738 ubi
1701 4685 1872 4753 angeli
1900 4686 1989 4737 lilii
2017 4685 2104 4737 Dei
2134 4700 2227 4753 ap-

648 4766 827 4846 pellati
853 4775 960 4830 sint
982 4774 1056 4846 (a)
1090 4793 1102 4829 :
1131 4774 1225 4830 sed
1257 4789 1360 4829 non
1393 4785 1639 4846 [nuerunt
1671 4792 1888 4847 usquam
1910 4788 2226 4832 monstrare.

692 4911 768 4971 (a)
787 4908 1025 4971 Veterum
1036 4906 1294 4971 multorum
1306 4922 1351 4970 οι
1371 4908 1468 4956 inio
1482 4906 1886 4971 fuitsngeloseorj
1905 4909 2225 4966 orcosl'ttiss~-,

655 4969 831 5021 etcum
852 4970 1041 5019 filiabus
1077 4970 1321 5032 hominqu
1344 4969 1460 5017 rem
1487 4969 1748 5032 lialmlsse;
1785 4969 1990 5032 illosque
2025 4971 2230 5030 illlgt'lJS

650 5033 841 5104 quidam
875 5039 1130 5104 vocarunt,
1159 5030 1341 5104 t'igilca‘2
1365 5037 1490 5104 Josej
1511 5030 1602 5100 ltus
1634 5031 1799 5104 Antig.
1829 5030 1920 5080 lib.—
1942 5032 2000 5104 lu,
2025 5046 2130 5104 mp.

646 5090 786 5144 inulti
802 5092 960 5152 angeli
988 5092 1070 5142 Dei
1093 5105 1201 5140 cum
1225 5090 1686 5155 mulieribusmixti.
1717 5090 1923 5155 ldipstnn
1949 5094 2056 5142 l'ere
2078 5090 2224 5140 Justi~

648 5167 769 5217 nos,
813 5153 1436 5217 Athenagoras,Ueniens
1470 5152 1856 5217 Alexamlrimis,
1894 5156 2230 5214 ’I‘heoguOstus

647 5216 770 5277 apud
795 5213 1025 5278 Ριιοιὶυιιιζ
1048 5225 1099 5265 et
1121 5215 1218 5264 alii.
1253 5226 1397 5272 t‘ntam
1433 5229 1537 5262 rem
1566 5213 1779 5278 pluribus
1804 5223 2130 5278 persequutus
2155 5225 2228 5264 est

654 5276 1136 5340 los-ephusscaliger
1165 5279 1213 5324 in
1252 5279 1376 5340 nolis
1412 5278 1469 5323 ad
1508 5276 1697 5324 Lusebii
1729 5276 1988 5326 Chronic-ou
2011 5286 2101 5340 .et
2124 5285 2230 5340 post

649 5335 777 5387 eum'
798 5337 874 5386 alii
901 5335 1157 5392 innumeri,
1177 5350 1298 5398 quos
1321 5335 1516 5398 longum
1543 5345 1676 5386 esset
1700 5351 1978 5398 recensere.
2003 5335 2227 5388 Cuman-

651 5405 751 5450 tem
771 5402 836 5449 ait
860 5397 1238 5461 tiu-ysostouuis,
1260 5397 1518 5447 Ostendam
1552 5399 1632 5448 ubi
1654 5397 1810 5458 angeli
1832 5397 1920 5461 [illi
1950 5401 2032 5447 Ι)θὶ
2057 5398 2218 5461 (φρενι-

649 5461 732 5522 lati
773 5461 910 5512 sint?
951 5460 1066 5509 Illud
1102 5460 1299 5522 quidem
1340 5474 1507 5522 verum
1553 5468 1627 5522 cst
1665 5474 1757 5507 non
1798 5463 2001 5522 reperiri
2034 5460 2095 5508 in
2121 5467 2227 5508 LXX

650 5520 1022 5584 interpretibus.
1049 5518 1169 5583 quos
1191 5519 1320 5570 solos
1344 5518 1540 5584 legebat
1561 5518 1938 5583 (.ltrysostomus.
1965 5521 2146 5570 \‘erum
2182 5524 2228 5569 ia

651 5581 900 5636 libro—Job.
938 5597 981 5632 c.
1021 5581 1077 5640 l,
1100 5598 1142 5630 v.
1181 5585 1242 5639 6,
1269 5581 1432 5644 angeli
1473 5581 1698 5632 vocantur
1736 5584 1784 5631 in
1825 5585 2053 5632 Hebraieo
2091 5592 2228 5632 textu

973 5683 1023 5722 et
1045 5673 1338 5742 lu_Vulgata,
1364 5671 1454 5736 filii
1480 5673 1580 5723 Dei.
1609 5674 1916 5742 nihilominus
1939 5675 2230 5742 “tamcnuluc

655 5738 807 5800 Ll'ulie
831 5739 1041 5786 mul‘utat
1066 5736 1426 5800 tilirvsostomus
1450 5748 1537 5785 ccs
1565 5737 1648 5800 qui
1680 5737 1902 5787 dicerent
1939 5735 2081 5785 hosce
2110 5735 2230 5784 litier-

654 5801 735 5850 Dci
763 5800 905 5848 misse
934 5799 1148 5863 angelos.

1354 389 1408 444 S.
1447 382 1723 440 JOANNIS
1757 375 2230 437 CllllYSOSTOMl
2270 378 2588 433 ARCHIEP.
2630 373 3168 434 C(lNST.-\.\'Tl.‘.0P.

3791 375 3902 429 {\38

2301 490 2554 546 llomines
2597 491 2813 561 quidem
2861 492 2952 544 filii
3002 490 3094 544 Dei
3134 487 3260 543 dicti
3308 499 3464 549 sunt,
3501 489 3678 556 angeli
3710 501 3902 540 autem

2296 598 2604 653 numquam.
2639 583 2797 652 Atqui
2837 582 2905 636 de
2945 581 3150 651 angelis
3178 579 3307 634 dicit
3337 598 3350 632 :
3386 579 3487 644 Qui
3524 579 3646 648 facit
3682 580 3906 647 angelos

2294 691 2412 728 suos
2450 675 2684 744 spiritus,
2713 686 2761 728 ct
2789 674 3042 728 ministros
3084 689 3199 727 suos
3237 673 3495 741 ﬂammant
3528 671 3660 740 ignis
3689 673 3705 737 (
3741 669 3903 723 I‘sal.

2296 765 2421 820 105.
2450 767 2483 821 ι
2510 766 2568 836 );
2608 767 2674 821 de
2718 765 3022 820 hominibus
3059 775 3236 818 autem
3269 783 3282 819 :
3318 762 3427 834 Ego
3455 763 3564 816 dixi
3589 779 3607 816 :
3639 761 3731 816 Dii
3775 765 3909 816 estis

2297 859 2315 926 (
2343 858 2486 914 Psal.
2516 860 2602 914 8|.
2631 860 2664 914 6
2687 859 2739 929 );
2783 870 2837 914 et
2882 860 3069 914 iterum
3105 877 3116 910 :
3149 857 3310 912 Filios
3349 859 3497 928 genui
3524 897 3539 920 ,
3569 868 3614 910 ct
3667 858 3908 911 excitati

2297 949 2460 1018 (lsai.
2499 951 2542 1004 l.
2575 951 2669 1020 2);
2713 962 2767 1006 et
2823 951 3010 1006 iterum
3059 969 3071 1002 :
3131 948 3504 1019 Prinioqenitus
3556 951 3693 1017 [ilius
3749 965 3906 1003 sucu

2298 1039 2462 1094 Israel
2490 1044 2504 1108 (
2535 1041 2699 1096 Exod.
2735 1044 2787 1096 4.
2819 1043 2912 1113 22)
2948 1059 2960 1094 :
2993 1041 3212 1111 angelus
3236 1049 3412 1093 autem
3440 1055 3698 1108 nusquam
3729 1054 3905 1093 voca-

2300 1142 2383 1186 tus
2411 1142 2492 1186 est
2519 1134 2675 1198 filius,
2712 1146 2882 1201 neque
2913 1132 3054 1186 illius
3084 1132 3193 1184 Dei.
3225 1129 3484 1184 Ca-terum
3515 1130 3639 1197 quid
3664 1129 3903 1183 dicunt?

2301 1225 2562 1288 Profecto,
2593 1226 2766 1295 angeli
2812 1227 3024 1295 quidem
3056 1235 3206 1278 erant
3234 1242 3246 1276 :
3281 1222 3374 1278 sed
3399 1224 3520 1292 quia
3546 1222 3608 1276 ad
3643 1222 3900 1290 iniquum

2301 1317 2400 1370 hoc
2427 1334 2561 1386 opus
2590 1315 2974 1370 descenderunt
3003 1358 3014 1375 .
3046 1315 3301 1383 dignitate
3329 1327 3421 1365 sua
3449 1312 3780 1366 exciderunt.
3813 1310 3900 1366 Eu

2301 1409 2491 1462 iterum
2530 1407 2816 1462 fabulosius
2853 1405 3013 1459 aliud.
3047 1406 3252 1473 l-‘agone
3281 1418 3421 1456 nunc
3450 1403 3768 1456 exciderunt
3794 1443 3808 1465 ,
3837 1412 3906 1456 ct

2301 1497 2414 1552 luce
2443 1499 2606 1552 ruinse
2632 1498 2836 1551 illorum
2861 1513 3014 1550 causa
3039 1499 3059 1547 ’ἐ
3085 1495 3278 1548 Verum
3309 1494 3581 1560 Scriptura
3609 1507 3709 1546 nos
3735 1493 3904 1546 aliter

2299 1589 2489 1653 docet,
2524 1603 2714 1656 nempe
2740 1599 3022 1657 antequam
3055 1575 3372 1641 formarctur
3402 1586 3602 1654 primus
3631 1584 3795 1636 homo
3816 1625 3830 1645 ,
3867 1597 3901 1634 ει

2300 1695 2393 1734 sua
2428 1680 2683 1747 dignitate
2721 1679 2981 1732 excidisse
3023 1687 3074 1731 et
3100 1676 3366 1730 diabolum
3393 1716 3408 1739 ,
3435 1684 3488 1730 et
3517 1691 3608 1729 eos
3637 1675 3725 1742 qui
3768 1689 3902 1727 Cttlll

2300 1787 2366 1827 co
2413 1774 2668 1840 majorem
2717 1787 2874 1840 quam
2917 1769 3140 1824 decebat
3183 1769 3493 1836 dignitatem
3542 1766 3901 1819 ambiebant:

2301 1867 2436 1918 sicut
2464 1874 2516 1918 et
2541 1865 2751 1932 sapiens
2782 1864 2995 1934 quidam
3033 1864 3199 1932 inquit
3223 1879 3236 1913 :
3264 1861 3464 1914 Invidia
3505 1870 3672 1912 autem
3699 1859 3908 1912 diaboli

2304 1972 2436 2009 mors
2455 1956 2654 2008 intravit
2674 1956 2723 2008 in
2742 1954 2981 2008 mundum
3002 1953 3157 2021 (δίῳ.
3181 1952 3236 2005 ἓ.
3254 1949 3368 2022 Si).
3385 1952 3494 2016 Dic,
3517 1967 3718 2019 qua'so,
3737 1950 3901 2012 mihi,

2305 2045 2349 2100 si
2395 2061 2499 2098 non
2540 2056 2663 2098 ante
2709 2044 2902 2097 factum
2946 2043 3214 2095 hominem
3255 2040 3483 2102 excidit,
3515 2039 3788 2109 quomodo
3843 2040 3905 2093 in

2309 2145 2447 2189 tanta
2471 2135 2724 2203 dignitate
2752 2150 2971 2187 mancus
3000 2133 3183 2187 invidit
3230 2131 3468 2185 homini?
3498 2132 3778 2196 Quomodo
3810 2147 3904 2183 ra-

2308 2226 2439 2278 tioni
2469 2240 2759 2278 consonum
2789 2234 2869 2278 est
2894 2265 2906 2285 ,
2940 2224 3182 2292 angelum
3217 2223 3616 2290 incorporeum,
3639 2231 3692 2275 et
3724 2222 3776 2274 ia
3807 2221 3905 2275 tali

2306 2317 2560 2386 dignitate
2590 2316 2935 2370 constitutum
2963 2356 2978 2379 ,
3009 2315 3207 2367 homini
3242 2314 3740 2380 im-idcrc-cm-pore
3787 2314 3922 2378 (δεμ,

2307 2409 2624 2464 cumamicto
2645 2408 2667 2460 Ἰ
2689 2407 2793 2461 Sed
2822 2407 3072 2476 quoniam
3107 2421 3136 2459 a
3163 2421 3390 2473 superna
3423 2403 3587 2474 gloria
3630 2404 3681 2456 in
3717 2413 3908 2456 estre-

2310 2515 2449 2554 mam
2474 2499 2818 2570 ignominiam
2840 2497 3081 2566 dejectus
3108 2495 3298 2562 fuerat,
3329 2496 3450 2550 licet
3471 2508 3607 2550 esset
3642 2495 3904 2564 incorpo-

2309 2605 2466 2655 rcus;
2497 2589 2683 2644 videns
2716 2590 2999 2642 formatum
3030 2588 3321 2652 hominem,
3353 2587 3404 2642 in
3435 2603 3658 2654 corpore
3691 2598 3907 2640 tantum

2313 2683 2567 2738 honorem
2615 2683 2919 2737 Conditoris
2961 2681 3329 2737 benevolentia
3373 2682 3616 2733 sortitum
3643 2721 3658 2744 ,
3695 2679 3901 2733 invidia

2311 2775 2528 2839 exarsit,
2561 2784 2614 2828 ct
2640 2774 2972 2842 deceptione,
3000 2772 3064 2826 ad
3105 2788 3261 2841 quam
3291 2772 3552 2840 serpentis
3577 2786 3737 2838 opera
3773 2783 3908 2824 usus

2312 2875 2414 2931 est,
2443 2865 2708 2918 hominem
2729 2865 2914 2918 mortis
2935 2879 3105 2932 pteum
3129 2863 3413 2917 obnoxitun
3436 2861 3580 2917 fecit.
3595 2861 3739 2915 Talis
3755 2862 3905 2916 enim

2311 2965 2392 3012 cst
2424 2957 2660 3020 malitia}
2688 2972 2792 3010 non
2824 2964 2998 3022 potest
3025 2970 3128 3008 non
3152 2954 3381 3021 graviter
3411 2954 3549 3006 ferre
3570 2950 3798 3006 aliorum
3829 2951 3908 3004 fc-

2314 3047 2586 3101 licitatem.
2618 3043 2770 3112 Quod
2812 3045 2968 3114 igitur
2994 3043 3236 3096 diabolus
3262 3051 3317 3096 et
3356 3042 3529 3095 omnis
3559 3041 3674 3110 ejus
3703 3039 3906 3096 cohors

2314 3137 2441 3192 olim
2467 3150 2497 3190 a
2519 3136 2683 3206 gloria
2712 3135 2798 3189 illa
2824 3134 3138 3200 exciderint,
3157 3143 3211 3189 et
3241 3131 3578 3203 ignominiosi
3607 3131 3902 3197 evaserint,

2317 3226 2656 3280 manifestum
2686 3233 2786 3279 est.
2819 3225 3064 3294 Alioquin
3087 3225 3248 3278 etiam
3275 3233 3470 3290 quanta
3499 3238 3603 3277 non
3629 3222 3906 3277 dementia

2318 3320 2532 3388 plenum
2583 3317 2770 3382 fuerit,
2803 3316 2982 3372 dicere
3024 3317 3245 3385 angelos
3285 3316 3357 3370 ita
3393 3317 3660 3384 dejectos,
3694 3326 3749 3370 ttt
3781 3332 3905 3369 cum

2316 3409 2628 3463 mulieribus
2670 3423 2780 3462 rem
2827 3407 3118 3471 haberent,
3147 3417 3199 3461 et
3231 3406 3539 3475 incorporea
3584 3407 3666 3460 illa
3714 3417 3904 3460 natura

2317 3500 2656 3569 c0pularctnr
2692 3497 3058 3569 corporibus?
3093 3501 3282 3552 Annon
3323 3498 3474 3552 audis
3520 3497 3798 3552 Dominum
3825 3495 3908 3551 di-

2319 3604 2526 3647 centem
2575 3592 2640 3646 dc
2692 3592 3000 3662 angelorum
3052 3592 3396 3646 substantia:
3439 3589 3500 3644 In
3545 3592 3908 3644 resurrectione

2319 3684 2450 3736 enim
2493 3699 2652 3751 neque
2699 3682 3070 3736 matrimonium
3110 3682 3432 3744 contrahunt,
3467 3697 3624 3748 neque
3666 3685 3903 3743 nubunt;

2319 3777 2408 3829 sed
2431 3787 2547 3829 sunt
2572 3774 2698 3827 sicut
2718 3773 2882 3843 angeli
2909 3772 2999 3826 Dei
3028 3771 3238 3840 (Jlattlt.
3262 3771 3351 3824 2:2.
3387 3772 3476 3826 50.
3507 3771 3671 3825 Marc.
3696 3772 3778 3826 l2.
3811 3771 3903 3828 25.

2324 3867 2445 3920 Luc.
2477 3867 2566 3920 20.
2597 3867 2685 3933 55)
2711 3866 2735 3916 ‘.’
2760 3863 2940 3935 Neque
2985 3864 3124 3916 cuitu
3158 3864 3406 3932 possibile
3430 3873 3508 3916 Cri
3538 3864 3903 3932 inCOrporeatn

2324 3967 2582 4020 naturam,
2613 3957 2770 4010 talem
2801 3972 3046 4024 umquam
3072 3954 3558 4022 concupiscentiam
3588 3954 3804 4008 habere.
3824 3953 3906 4009 Ad

2325 4045 2438 4101 lucc
2476 4045 2633 4099 etiam
2659 4045 2994 4114 cogitandum
3027 4056 3142 4108 est,
3182 4045 3283 4098 hoc
3324 4045 3571 4098 omnibus
3602 4044 3774 4099 modis
3815 4045 3910 4098 ab-

2324 4136 2692 4191 surdissimum
2726 4136 2885 4189 fuisse
2909 4136 2958 4188 in
2983 4135 3217 4188 animum
3249 4134 3522 4188 inducere.
3557 4133 3685 4187 Nam
3712 4134 3754 4187 si
3785 4149 3908 4188 san-

2325 4227 2396 4281 eti
2431 4237 2480 4280 ct
2508 4227 2595 4295 qui
2627 4226 2880 4294 Spirilttm
2911 4235 3150 4279 sanctum
3177 4235 3512 4292 acceperant,
3544 4241 3714 4293 neque
3745 4225 3904 4278 visio-

2326 4332 2448 4372 nem
2478 4318 2784 4386 angelorum
2833 4315 3011 4370 videre
3044 4324 3326 4383 potuerunt
3361 4313 3532 4382 (Dan.
3571 4317 3652 4369 lli.
3681 4314 3807 4369 7-H
3841 4316 3857 4382 )
3890 4334 3904 4370 :

2325 4408 2599 4462 enimvero
2627 4409 2703 4460 \ir
2729 4407 3112 4461 desideriorum
3140 4417 3422 4475 conspecta
3459 4407 3632 4477 angeli
3678 4421 3908 4475 putescu-

2328 4499 2394 4552 tia
2422 4540 2436 4563 ,
2479 4515 2582 4552 non
2615 4510 2787 4551 tamen
2831 4498 3146 4560 snbstantia,
3179 4499 3325 4566 (quo
3368 4508 3519 4566 pacto
3560 4498 3702 4552 cnim
3746 4498 3906 4552 videri

2328 4600 2508 4658 posset
2539 4590 2887 4658 incorporalis
2915 4588 3289 4656 substantia?)
3319 4588 3411 4642 sed
3446 4589 3909 4643 translbrmationc

2328 4679 2496 4733 Solum
2525 4678 2751 4749 quadam
2786 4680 2915 4743 visa,
2949 4694 3134 4747 parum
3172 4679 3338 4731 abfuit
3367 4679 3491 4746 quin
3530 4677 3728 4732 viribus
3751 4678 3913 4731 d03il°

2332 4780 2472 4825 tutos
2515 4780 2569 4825 el
2613 4771 2842 4823 animam
2875 4771 3177 4832 amitteret;
3224 4778 3382 4838 atque
3411 4769 3454 4823 si
3486 4779 3664 4823 tantus
3701 4783 3765 4824 ac
3794 4771 3910 4823 talis

2332 4863 2410 4916 vir
2441 4877 2573 4930 pene
2602 4862 2800 4931 absque
2837 4861 3024 4930 Spiritu
3050 4860 3281 4931 jacebal,
3315 4861 3429 4930 quis
3459 4861 3618 4914 etiam
3647 4859 3800 4914 valde
3833 4860 3908 4914 ia-

2330 4969 2491 5009 sanus
2520 4952 2890 5023 comprobaret
2927 4952 3040 5006 lucc
3084 4950 3390 5021 blasphema
3435 4951 3595 5004 verba
3629 4949 3909 5004 dementia:

2332 5046 2504 5115 plena.
2534 5045 2672 5115 quod
2718 5045 3029 5112 incorporea
3059 5053 3114 5096 ct
3143 5041 3430 5110 spiritualis
3460 5052 3648 5094 natura
3672 5041 3909 5110 corporis

2330 5137 2664 5203 counlcxum
2713 5133 2905 5188 ferret?

2401 5231 2454 5283 5.
2502 5227 2741 5280 Homines
2771 5225 2866 5292 ﬁlii
2912 5223 3004 5278 Dei
3033 5224 3153 5284 dicti
3191 5223 3241 5276 in
3284 5221 3571 5292 Scriptura.
3602 5220 3796 5276 —Sed
3842 5237 3905 5276 ne

2333 5321 2571 5392 pluribus
2602 5321 2698 5374 ista
2728 5319 3243 5374 excutientcstcrcrc
3270 5325 3476 5383 tempus
3494 5313 3786 5374 videamur,
3818 5329 3905 5382 age

2333 5417 2451 5486 quia
2491 5412 2756 5468 safl‘ieieut
2779 5413 2875 5464 bus
2917 5410 3240 5479 argumentis
3275 5407 3479 5460 caritati
3509 5415 3699 5460 vestra:
3745 5405 3908 5457 decla-

2337 5509 2566 5559 ravituus
2589 5546 2602 5568 ,
2635 5518 2790 5573 quam
2823 5504 2888 5555 sit
2918 5503 3016 5554 hoc
3047 5499 3370 5568 impossibile
3399 5514 3412 5548 :
3447 5499 3734 5552 doceamus
3779 5512 3904 5549 uuae

2334 5615 2450 5667 qua:
2479 5598 2552 5651 rei
2585 5597 2651 5650 sit
2691 5596 2918 5657 veritas;
2968 5593 3158 5646 iterum
3209 5601 3384 5644 tamen
3433 5589 3581 5642 lectis
3613 5589 3677 5644 iis
3705 5604 3820 5658 qua:
3858 5590 3903 5640 in

2336 5690 2509 5743 divina
2528 5686 2800 5755 Scriptura
2825 5683 3078 5737 feruntur.
3101 5681 3158 5734 Et
3174 5685 3364 5748 factum
3381 5690 3472 5741 est,
3507 5680 3696 5748 inquit,
3719 5683 3906 5747 quando

2337 5788 2588 5854 ceperunt
2635 5779 2858 5832 homines
2903 5775 3225 5845 multiplicari
3274 5790 3422 5845 super
3470 5785 3672 5838 terram,
3720 5782 3765 5824 ct
3803 5771 3908 5840 ﬁliis
