4152 6494
273 419 383 479 189

268 544 416 588 ναίω
436 544 551 587 sunt
583 533 686 586 illis
714 547 732 584 :
764 543 819 584 ut
862 529 1091 585 uiderunt
1133 531 1228 599 filii
1272 527 1368 581 Dei
1397 528 1532 596 ﬁlias
1571 521 1834 580 hominum
1856 563 1871 586 ,

266 627 416 693 quod
442 625 670 694 pulchra:
698 633 877 689 essent,
905 631 1224 691 sumpserunt
1256 620 1578 689 sibimetipsis
1606 633 1788 672 uxores
1819 617 1881 670 de

267 714 537 779 munibus,
566 729 694 787 quas
723 717 994 785 elegerant.
1029 713 1181 767 Prius
1211 711 1488 766 docuimus
1517 724 1640 775 vos,
1671 723 1874 764 morem

276 821 409 860 esse
438 805 746 869 Scriniurae,
793 816 854 858 ut
894 805 1137 859 homines
1169 803 1305 858 filios
1333 801 1424 856 Dei
1451 810 1625 857 vocet.
1661 801 1728 856 Et
1753 802 1876 871 quia

268 896 362 950 isti
395 912 424 950 a
455 897 621 953 Sctbo
654 897 915 966 originem
944 897 1226 952 trahebant
1250 937 1265 962 ,
1299 904 1353 951 et
1397 896 1466 950 ab
1488 896 1606 965 ejus
1634 895 1744 950 lilio
1782 895 1874 964 qui

266 989 578 1054 appellatus
604 998 686 1042 est
717 989 860 1044 Enos
890 1007 902 1042 :
947 989 1078 1042 dicit
1101 989 1244 1042 enim
1289 1006 1302 1041 :
1349 986 1457 1041 Iste
1478 989 1698 1058 sperauit
1725 987 1872 1041 inoo-

274 1095 402 1133 cars
437 1095 618 1134 nomen
659 1080 873 1135 Domini
907 1078 1005 1135 Bri
1042 1098 1062 1138 :
1091 1083 1160 1137 ab
1190 1083 1281 1137 illo
1311 1093 1491 1152 postea
1514 1083 1622 1136 nati
1644 1122 1660 1148 ,
1693 1083 1870 1137 vocati

269 1180 403 1226 sunt
438 1171 531 1225 lilii
562 1172 654 1227 Dei
696 1174 748 1227 in
792 1173 988 1228 divinis
1034 1173 1355 1243 Scripturis,
1405 1183 1686 1244 propterea
1729 1173 1871 1244 quod

271 1276 515 1330 cousque
546 1273 822 1331 parentum
843 1267 1092 1319 virtutem
1125 1266 1310 1319 imitati
1331 1275 1456 1319 sunt
1481 1283 1494 1318 :
1527 1266 1662 1320 filios
1689 1277 1868 1320 autem

269 1352 404 1406 Cair.
436 1366 487 1408 et
516 1355 604 1425 qui
623 1371 689 1410 ex
713 1371 778 1411 eo
802 1358 932 1422 nati,
959 1369 1011 1411 et
1034 1358 1124 1428 qui
1146 1367 1268 1412 ante
1294 1357 1425 1413 Scth
1450 1357 1614 1427 geniti
1633 1357 1867 1422 fuerunt,

270 1442 418 1499 Ilios
442 1445 716 1500 hominum
747 1457 917 1502 vocat.
945 1446 1164 1502 Factum
1188 1460 1300 1515 est,
1339 1449 1531 1518 inquit,
1561 1465 1675 1502 cum
1703 1465 1868 1518 cmpe-

270 1543 392 1587 nmt
419 1535 644 1592 homines
670 1538 1003 1605 multiplicari
1045 1555 1196 1608 super
1239 1548 1469 1604 terram,
1511 1555 1537 1591 e
1589 1540 1711 1605 [ilice
1734 1549 1869 1592 natm

269 1635 386 1677 sunt
414 1626 515 1680 illis
537 1644 556 1680 :
586 1637 640 1680 nt
657 1628 884 1682 viderunt
912 1629 1007 1697 ﬁlii
1039 1627 1151 1693 Dei,
1177 1630 1266 1698 qui
1294 1645 1324 1684 a
1359 1629 1488 1684 Seth
1519 1640 1572 1683 ct
1611 1631 1677 1683 ab
1721 1629 1866 1684 Enos

270 1718 557 1784 progeniti,
572 1719 708 1787 ﬁlias
729 1720 1011 1787 hominum,
1040 1722 1155 1774 illas
1181 1737 1297 1791 quae
1317 1722 1385 1775 ab
1409 1722 1526 1775 aliis
1552 1732 1688 1776 nata:
1715 1731 1861 1787 sunt,

267 1809 337 1860 de
363 1809 558 1876 quibus
587 1809 720 1863 dixit
746 1810 890 1880 quod
936 1811 1091 1866 Filia
1115 1823 1250 1866 natae
1280 1813 1383 1868 sint
1405 1814 1529 1878 illis,
1567 1815 1716 1880 Quod
1741 1815 1862 1882 pul-

265 1899 407 1952 chrae
423 1911 602 1953 essent.
636 1901 767 1957 Vide
792 1905 1062 1973 quomodo
1107 1919 1204 1975 per
1229 1905 1449 1959 verbum
1499 1903 1600 1960 hoc
1644 1919 1859 1960 omnem

268 1989 424 2043 nobis
448 2005 633 2044 eorum
655 1992 1126 2062 intemperantiam
1157 1996 1409 2050 insinuet.
1455 1995 1571 2050 Non
1611 1998 1751 2050 cnim
1792 1997 1863 2052 ob

265 2077 593 2135 desiderium
637 2084 1092 2150 procreandorum
1147 2086 1374 2140 filiorum
1420 2088 1858 2155 conveniebant,

266 2169 360 2222 sed
389 2172 472 2223 ob.
497 2171 823 2241 voluptatem
850 2185 906 2230 et
950 2161 1413 2246 intemperantiam
1445 2195 1458 2230 :
1495 2177 1564 2233 Ut
1591 2180 1817 2253 viderunt
1840 2219 1857 2247 ,

266 2261 478 2331 inquit,
505 2263 645 2331 ﬁlias
672 2266 954 2327 hominum,
989 2269 1126 2336 quod
1163 2269 1392 2338 pulcltrte
1429 2279 1613 2324 essent.
1651 2271 1860 2326 Concu-
1917 2345 1921 2349 Ι

266 2355 523 2422 piseetttia
562 2356 776 2412 formzc‘
821 2359 942 2414 illos
983 2360 1035 2414 in
1078 2361 1215 2416 hanc
1265 2362 1471 2418 induxit
1515 2365 1804 2432 perniciem
1837 2405 1854 2431 ,

191 2423 194 2426 ’
267 2445 608 2514 pulchritudo
656 2460 907 2518 aspectus
959 2455 1302 2508 scortationis
1326 2464 1382 2509 et
1429 2455 1860 2524 intemperantiae

261 2537 344 2592 eis
377 2540 596 2593 occasio
638 2539 757 2595 fuit.
813 2544 877 2597 Et
927 2559 1099 2614 neque
1140 2545 1192 2600 id
1233 2547 1365 2601 satis
1409 2547 1620 2602 habens
1659 2549 1851 2604 addit:

260 2627 603 2696 Suntpserunt
615 2633 713 2686 sibi
724 2633 850 2703 ipsis
879 2651 1062 2690 uxores
1090 2635 1154 2690 de
1169 2637 1418 2703 omnibus,
1437 2655 1563 2711 quas
1579 2640 1851 2711 elegerant:

255 2719 400 2786 quod
425 2721 587 2775 etiam
608 2738 852 2794 magnam
882 2726 1093 2781 illorum
1113 2729 1574 2797 intemperantiam
1597 2732 1850 2796 insinuat,

257 2809 402 2878 quod
433 2826 460 2864 a
485 2811 886 2880 pulchritudine
911 2817 1036 2872 victi
1073 2829 1216 2882 sunt,
1242 2830 1298 2874 et
1336 2819 1547 2874 frenum
1577 2821 1852 2890 imponere

255 2899 576 2956 inordinata:
599 2905 1047 2980 concupiscentia
1076 2925 1189 2969 suae
1232 2926 1340 2965 non
1372 2913 1659 2968 valuerunt
1692 2930 1708 2967 :
1753 2912 1849 2968 sed

253 2995 549 3061 spectando
587 2997 726 3065 capti
759 2999 1128 3071 submersique
1158 3012 1303 3065 sunt,
1334 3013 1495 3073 atque
1529 3005 1598 3060 ob
1627 3005 1846 3074 impium

254 3082 359 3137 hoc
389 3100 522 3154 opus
563 3102 791 3157 superna
825 3090 1156 3158 providentia
1198 3107 1318 3148 sese
1357 3108 1555 3150 vacuos
1594 3096 1847 3152 reddide-

253 3185 400 3230 runt.
429 3177 495 3231 Et
516 3188 575 3232 ut
597 3179 868 3235 discamus
894 3182 1038 3251 ipsos
1059 3199 1164 3238 non
1191 3185 1308 3256 lege
1326 3188 1653 3256 nuptiarum,
1672 3204 1847 3260 neque

251 3269 706 3335 procreandorum
750 3271 977 3328 filiorum
1019 3277 1188 3344 gratia
1230 3277 1332 3334 hoc
1375 3280 1593 3346 fecisse,
1627 3294 1847 3353 propter

251 3355 356 3411 hoc
371 3358 500 3413 dicit
527 3374 539 3411 :
564 3359 632 3414 Ut
653 3362 883 3416 viderunt
902 3366 1040 3434 quod
1065 3368 1294 3437 pulchris
1321 3382 1500 3435 essent,
1524 3383 1847 3444 sumpserunt

248 3450 571 3521 sibimetipsis
610 3469 794 3508 uxores
832 3456 895 3510 de
921 3458 1152 3513 omnibus
1172 3501 1186 3524 ,
1228 3478 1353 3528 quas
1389 3463 1660 3534 elegerant.
1705 3466 1843 3535 Quid

253 3543 457 3610 igitur?
497 3545 922 3612 reprehendetne
961 3549 1154 3620 aliquis
1195 3567 1466 3621 aspectum
1512 3557 1843 3613 oculorum?

247 3630 365 3686 Non
401 3649 415 3685 :
450 3649 626 3704 neque
648 3637 790 3690 enim
815 3638 1002 3693 oculus
1026 3640 1193 3694 ruina:
1222 3657 1381 3697 causa
1425 3645 1524 3700 fuit
1549 3685 1566 3714 ,
1615 3647 1710 3703 sed
1748 3665 1843 3704 vo-

247 3726 468 3779 luntatis
500 3727 816 3799 negligentia
842 3741 896 3785 et
922 3730 1178 3788 ell‘renata
1210 3737 1663 3806 concupiscentia.
1704 3741 1840 3797 Nam

244 3817 436 3871 oculus
466 3827 745 3888 propterea
788 3820 959 3875 factus
985 3831 1067 3876 est
1093 3864 1109 3888 ,
1139 3832 1194 3877 ut
1238 3824 1365 3878 dum
1400 3828 1540 3884 videt
1568 3839 1840 3886 creaturas

247 3906 368 3972 Dei,
411 3908 641 3979 ipsarum
666 3911 1014 3968 Conditorem
1043 3914 1299 3971 celebret.
1333 3919 1514 3990 Itaque
1539 3925 1677 3978 oculi
1705 3939 1840 3995 cpus

242 4010 330 4054 est
355 4001 537 4058 videre
570 4020 582 4055 :
624 4004 765 4060 male
800 4016 979 4061 autem
1016 4007 1200 4066 videre
1223 4049 1238 4074 ,
1276 4024 1308 4064 ο
1347 4020 1667 4080 menteest,
1718 4033 1838 4087 quae

244 4089 569 4149 intrinsecus
590 4095 871 4164 gubernat.
915 4096 1048 4152 Nam
1089 4098 1331 4157 membra
1371 4114 1552 4160 nostra
1580 4107 1726 4162 utilia
1767 4109 1836 4164 ad

239 4183 442 4237 bonum
473 4183 801 4252 operandum
827 4188 1039 4244 condita
1059 4202 1186 4246 sunt
1209 4205 1240 4246 ι
1267 4192 1493 4250 Domino
1512 4239 1527 4261 ,
1556 4206 1610 4252 et
1637 4201 1836 4268 guber-

240 4276 357 4327 nari
385 4290 446 4328 ea
484 4279 748 4333 concessit
775 4280 844 4334 ab
871 4281 1183 4352 incorporea
1214 4285 1532 4352 substantia,
1561 4290 1629 4346 de
1657 4293 1834 4348 anima

238 4365 384 4419 dico.
432 4366 719 4436 Postquam
743 4380 923 4426 autem
952 4373 1067 4429 haéc
1094 4377 1364 4446 negligens
1392 4397 1533 4446 esse,
1563 4391 1618 4438 et
1665 4385 1834 4440 habe-

241 4471 340 4512 nas
369 4458 549 4520 laxare
589 4465 851 4532 coeperit,
895 4468 1344 4535 quemadmodum
1375 4476 1554 4545 auriga
1587 4479 1833 4536 nesciens

237 4561 499 4617 equorum
543 4548 796 4606 ferociam
823 4569 1169 4625 compescere
1194 4601 1208 4625 ,
1242 4564 1481 4619 remissis
1525 4564 1691 4622 frenis
1715 4611 1730 4633 ,
1779 4580 1834 4625 et

237 4655 405 4709 equos
430 4657 648 4698 currum
679 4645 954 4703 trahentes
984 4660 1037 4703 ct
1064 4653 1300 4721 scipsum
1341 4657 1392 4709 in
1431 4672 1669 4730 praeceps
1698 4662 1833 4733 deji-

234 4727 349 4783 cit:
380 4731 459 4785 sic
487 4731 645 4800 plane
668 4744 722 4788 et
748 4737 995 4793 voluntas
1045 4750 1223 4796 nostra
1259 4745 1689 4818 quandoquidem
1736 4768 1833 4808 ne-

235 4820 339 4874 scit
382 4821 636 4876 membris
681 4833 740 4879 ut
785 4837 998 4896 oportet
1035 4833 1143 4894 uti,
1193 4834 1508 4894 inordinatis
1549 4841 1830 4915 indulgens

233 4913 682 4979 concupiscentiis
709 4916 940 4986 seipsnm
971 4923 1284 4996 submergit.
1335 4928 1621 5000 Propterea
1652 4913 1832 4992 Domi-

234 5013 340 5054 nus
370 5011 553 5057 noster
577 5005 844 5074 Christus,
867 5011 1044 5069 sciens
1055 5013 1294 5086 fragilem
1321 5031 1556 5079 nostram
1581 5039 1826 5086 naturam

231 5102 286 5168 et
316 5095 605 5152 voluntatis
628 5099 1025 5172 negligentiam,
1054 5107 1225 5179 legem
1256 5117 1428 5182 posuit
1454 5133 1574 5189 qute
1595 5125 1829 5181 muniret

230 5196 296 5238 ac
323 5183 632 5253 prohiberet
660 5192 925 5249 curiosam
957 5183 1486 5274 considerationem;
1507 5221 1566 5267 ut
1600 5229 1825 5272 nascens

230 5271 286 5328 in
305 5274 794 5346 nobisinceudium,
814 5299 933 5338 cum
955 5288 1131 5344 adhuc
1162 5297 1341 5361 procul
1369 5271 1472 5364 est,
1488 5305 1821 5375 exstinguat;

229 5374 284 5420 et
312 5367 384 5420 ait
409 5382 426 5421 :
460 5367 559 5434 Qui
589 5374 770 5441 aspicit
797 5376 1075 5440 mulierem.
1107 5393 1161 5436 ut
1181 5391 1501 5454 concupiscat
1529 5367 1690 5456 illam:
1709 5367 1821 5470 jam

227 5457 534 5530 adulterium
560 5466 808 5518 commisit
833 5485 945 5522 cum
977 5471 1066 5524 illa
1095 5475 1146 5526 in
1191 5482 1341 5532 corde
1384 5499 1476 5536 suo
1505 5486 1522 5555 (
1549 5457 1732 5543 Matt/1'.
1765 5493 1817 5547 5.

230 5546 342 5619 9.8).
385 5549 609 5621 Pr0pter
650 5554 789 5621 hoc,
844 5559 1031 5629 inquit,
1083 5566 1341 5623 interdico
1393 5546 1544 5629 Vobis
1577 5580 1816 5637 illicitum

227 5639 398 5693 visum
423 5682 438 5706 ,
488 5652 543 5696 ut
570 5645 640 5698 ab
667 5661 827 5715 opere
861 5651 1046 5709 illicito
1092 5673 1185 5712 vos
1227 5659 1470 5720 liberem.
1517 5667 1594 5723 Ne
1624 5682 1772 5740 putes
1799 5717 1815 5741 ,

288 5819 306 5850 ³
344 5818 468 5876 Vox.
485 5823 680 5889 lorum,
705 5827 848 5881 deest
874 5832 921 5880 iu
948 5835 1233 5897 quibusdam
1254 5848 1358 5892 Mss.

1125 413 1189 469 ΙΝ
1227 415 1379 470 CAP.
1425 414 1486 467 Υ.
1532 412 1619 467 ΕΤ
1675 409 1758 464 γι.
1812 404 2063 462 GENES.
2104 407 2333 465 ﬂOMlL.
2381 408 2544 464 XXII.

3493 425 3600 482 l90

1991 517 2178 589 inquit.
2209 536 2500 590 congressu
2534 523 2708 578 solum
2732 538 3008 594 peccatum
3038 529 3146 585 ηυγ.
3179 550 3192 586 :
3227 525 3480 599 voluntas
3516 551 3600 596 est

1982 624 2102 678 quas
2148 613 2559 668 condemnatur.
2613 613 2775 685 Igitur
2819 629 2872 674 ct
2915 619 2968 674 hi
3011 623 3137 675 Visa!
3176 627 3600 696 pulchritudinis

1981 705 2289 770 spectaculo
2329 708 2468 778 capti
2511 718 2656 763 sunt.
2710 709 2953 770 Viderunt
2999 718 3166 784 cuitu,
3215 721 3426 791 inquit,
3454 739 3598 800 quod

1981 792 2211 860 pulchra
2248 808 2430 864 essent,
2461 808 2511 853 et
2537 815 2860 872 sumpserunt
2884 805 2979 860 sibi
3006 824 3189 866 umores
3233 828 3297 867 ac
3335 792 3592 884 omnibus,

1978 902 2106 953 quas
2153 890 2426 960 elegerant.
2477 891 2584 947 Sed
2631 894 2913 953 videamus
2961 901 3125 957 etiam
3173 914 3297 974 post
3349 907 3592 969 illicitatn

1977 975 2190 1031 illorum
2220 984 2606 1050 operationem.
2651 997 2708 1043 et
2735 989 3184 1060 intemperantem
3209 1001 3451 1056 animum
3487 1004 3594 1058 Do-

1977 1067 2108 1122 mini
2137 1069 2234 1124 Dei
2253 1071 2571 1129 bonitatem.
2601 1077 2656 1132 5.
2684 1077 2849 1147 Dixit,
2881 1081 3088 1154 inquit,
3124 1088 3380 1150 Dominus
3409 1093 3547 1150 Deus
3567 1113 3590 1156 ξ

1979 1158 2102 1213 Non
2130 1165 2440 1230 permanebit
2467 1166 2698 1233 Spiritus
2731 1188 2870 1226 meus
2898 1174 2950 1229 in
2978 1175 3267 1237 horninibus
3300 1183 3382 1239 Itis
3409 1185 3463 1238 in
3491 1202 3592 1244 ια-

1977 1252 2167 1316 culum,
2192 1270 2249 1308 eo
2269 1258 2407 1326 quod
2429 1259 2527 1325 ipsi
2555 1276 2734 1316 carnes
2764 1265 2885 1318 sint.
2916 1267 3083 1325 Erunt
3111 1284 3280 1331 autem
3306 1277 3413 1336 dies
3437 1281 3584 1351 ipso-

1968 1360 2087 1397 rum
2115 1357 2315 1410 centum
2336 1351 2515 1421 viginti
2530 1355 2677 1409 anni.
2719 1356 2817 1413 Hic
2846 1361 2896 1414 in
2932 1367 3118 1431 paucis
3149 1369 3328 1425 verbis
3353 1374 3581 1448 abysso»

1970 1437 2356 1497 misericordia:
2388 1443 2554 1500 videri
2584 1457 2782 1517 potest.
2830 1451 2898 1507 Et
2927 1456 3077 1521 dixit,
3104 1460 3299 1530 inquit,
3327 1437 3581 1524 Dominus

1973 1524 2113 1582 Deus
2145 1545 2164 1583 :
2190 1530 2313 1586 Non
2343 1538 2655 1605 permanebit
2678 1542 2905 1609 Spiritus
2929 1564 3069 1604 lith
3097 1551 3150 1605 in
3177 1524 3468 1615 hominibus
3501 1564 3587 1618 his

1970 1620 2025 1674 in
2050 1624 2312 1690 malum,
2337 1643 2398 1682 eo
2429 1630 2566 1697 quod
2585 1632 2684 1702 ipsi
2711 1650 2890 1692 carnes
2912 1640 3040 1696 sint.
3080 1642 3338 1714 Spiritum
3369 1651 3457 1706 hic
3481 1668 3590 1722 pos

1973 1715 2194 1768 tentiam
2224 1732 2396 1782 suam,
2421 1737 2523 1790 qua
2550 1740 2732 1780 curam
2761 1732 2931 1786 nostri
2962 1735 3107 1802 agit,
3149 1751 3302 1803 vocat
3323 1783 3337 1794 .
3361 1742 3580 1801 illorum

1974 1801 2250 1860 interitum
2281 1814 2668 1878 prurnuntians.
2712 1816 2783 1872 Et
2811 1831 2862 1874 ut
2889 1801 3033 1878 scias
3063 1825 3165 1882 hac
3189 1829 3257 1885 de
3282 1848 3344 1887 re
3372 1849 3582 1893 sermo-

1972 1909 2092 1950 nem
2113 1896 2324 1964 haberi,
2355 1902 2478 1959 vide
2495 1906 2628 1974 quid
2654 1907 2937 1968 subdatur.
2971 1914 3050 1970 Eo
3068 1921 3210 1987 quod
3235 1922 3358 1992 ipsi,
3383 1927 3578 1999 inquit,

1968 2002 2148 2042 carnes
2176 1991 2277 2044 sint
2318 2008 2338 2046 :
2381 1993 2483 2050 hoc
2527 2007 2638 2063 est,
2683 2015 2751 2056 eo
2788 2006 2930 2073 quod
2977 2013 3283 2070 carnalibus
3321 1991 3581 2088 operibus

1967 2083 2174 2148 seipsos
2203 2093 2346 2139 totos
2363 2087 2590 2156 dedant,
2620 2103 2675 2147 et
2701 2096 2896 2153 anitum
2935 2101 3232 2161 substantia
3260 2083 3576 2183 abutantur,

1965 2179 2022 2222 et
2051 2175 2201 2238 quasi
2244 2175 2356 2231 sola
2389 2193 2551 2236 carne
2592 2183 2910 2245 circumdati
2955 2195 3131 2252 anima
3181 2214 3463 2272 carerent,
3497 2211 3578 2265 sic

1969 2368 2088 2410 mos
2117 2366 2219 2422 est,
2253 2374 2472 2417 carnem
2503 2380 2698 2424 vocare
2722 2375 3002 2430 carnales:
3029 2379 3169 2437 sicut
3209 2366 3414 2444 virtute
3433 2410 3570 2458 μην-

1966 2453 2214 2514 stantcs,
2262 2455 2442 2510 carnis
2486 2469 2737 2526 expertes
2785 2467 3067 2524 nominat:
3110 2453 3568 2542 quemadmodum

1964 2533 2160 2592 Paulus
2179 2538 2345 2599 dicit:
2376 2541 2476 2600 Vos
2499 2556 2669 2608 autem
2695 2567 2796 2604 non
2805 2556 2931 2617 estis
2955 2559 3010 2612 in
3031 2533 3183 2617 carne
3203 2533 3393 2637 (Rom.

1961 2641 2069 2682 non
2111 2631 2253 2698 quod
2295 2647 2404 2690 non
2449 2650 2615 2697 carne
2657 2641 2976 2706 circumdati
3021 2631 3247 2724 essent,
3296 2662 3395 2718 sed
3441 2631 3563 2734 quia

1958 2734 2132 2776 carne
2146 2723 2483 2793 circumdati,
2499 2735 2804 2802 superiores
2821 2723 3300 2806 erantcarnalibus
3319 2723 3565 2812 all'eclio-

1960 2813 2117 2873 nibus
2138 2826 2201 2871 et
2217 2819 2486 2883 sensibus.
2510 2822 2643 2880 Nam
2673 2826 2812 2884 sicut
2842 2830 2960 2888 istis
2984 2836 3198 2896 dicebat
3229 2861 3242 2896 :
3274 2843 3375 2900 Vos
3392 2862 3564 2907 autem

1957 2918 2060 2958 non
2081 2907 2201 2962 estis
2226 2909 2280 2964 in
2308 2927 2479 2979 carne,
2512 2929 2581 2970 eo
2599 2919 2742 2986 quod
2765 2926 3010 2982 carnalia
3041 2929 3409 3001 dcspicicbmu
3438 2959 3454 2997 :
3481 2944 3562 3001 ita

1956 3005 2010 3048 et
2037 2995 2104 3050 de
2133 2998 2238 3055 illis
2268 3001 2482 3071 dicitur,
2506 3009 2648 3075 quod
2669 3012 2778 3067 sint
2805 3029 3001 3074 carnes
3020 3060 3035 3081 ,
3062 2995 3299 3095 eo-‘qttod

1957 3084 2060 3140 bus
2088 3089 2250 3147 rebus
2275 3097 2531 3149 continuo
2556 3100 2664 3152 sint
2691 3109 2958 3173 occupati.
2995 3108 3074 3166 Eo
3092 3084 3239 3184 quod
3259 3084 3359 3189 ipsi

1952 3174 2075 3242 sint,
2106 3193 2212 3233 non
2246 3182 2386 3238 ultra
2405 3188 2697 3246 concedam
2725 3194 2806 3250 eis
2829 3207 2886 3251 ut
2912 3174 3150 3268 peccatis
3173 3174 3290 3265 suis
3314 3213 3564 3288 coinqui-

1955 3277 2167 3323 nentur.

2021 3359 2073 3414 ι.
2109 3361 2296 3418 Vidisti
2339 3356 2719 3440 indignationis
2748 3382 3215 3450 magnitudinem?
3241 3393 3419 3452 vidisti
3451 3401 3556 3456 mi-

1952 3467 2138 3509 narum
2172 3458 2567 3519 vehementiam
2592 3467 2616 3520 ?
2646 3469 2956 3532 Considera
2984 3479 3146 3537 etiam
3170 3491 3444 3554 quomodo
3471 3493 3557 3549 in.

1953 3546 2313 3605 terminationi
2340 3562 2393 3608 ct
2421 3556 2771 3627 indignationi
2795 3566 3219 3630 miscricordiam
3243 3577 3550 3648 admiscuit.

1949 3635 2096 3693 Talis
2124 3643 2268 3695 enim
2310 3653 2392 3699 est
2424 3647 2683 3707 Dominus
2726 3666 2912 3713 noster
2941 3676 2957 3715 :
2984 3666 3223 3721 minatur
3248 3683 3415 3739 smpe,
3448 3693 3551 3734 non

1948 3738 2007 3782 ut
2028 3745 2191 3799 opere
2205 3735 2472 3804 compleat
2502 3742 2695 3810 minas,
2722 3748 2817 3802 sed
2839 3759 2895 3804 ut
2919 3757 3178 3812 correctis
3205 3735 3362 3818 nobis
3379 3735 3552 3824 litibus

1941 3836 2052 3877 non
2080 3822 2146 3876 ad
2173 3839 2307 3894 opus
2334 3831 2610 3898 perducat.
2654 3838 2866 3910 Alioqui
2900 3844 2944 3896 si
2985 3849 3183 3918 punire
3211 3856 3406 3923 vellet,
3449 3822 3546 3915 cur

1947 3914 2302 3981 prtedicerct?
2346 3919 2450 3976 Sed
2482 3926 2603 3992 quia
2633 3944 2738 3984 non
2767 3933 2913 4000 vult,
2951 3914 3166 4010 semper
3191 3914 3473 4007 cunctaiur
3496 3967 3549 4009 et

1949 4013 2369 4077 tuoratnnectit,
2395 4025 2449 4067 et
2469 4016 2670 4084 dill‘ert,
2701 4030 2755 4076 et
2783 4027 3044 4092 praedicit,
3075 4038 3415 4094 occasionem
3446 4047 3550 4103 reis

1945 4109 2226 4164 prtestans,
2257 4112 2314 4156 ut
2346 4103 2595 4175 fugiendo
2625 4112 2882 4170 malitiam
2909 4128 2962 4174 et
2989 4127 3246 4180 sectanda
3275 4132 3548 4204 virtutem,

1946 4205 2135 4259 pinnas
2165 4211 2270 4249 non
2297 4203 2662 4266 experiantur.
2707 4205 2890 4279 Itaque
2920 4225 3203 4286 postquam
3229 4223 3550 4284 intermina~

1947 4291 2030 4336 tus
2082 4294 2165 4340 est
2204 4287 2327 4342 illos
2370 4305 2430 4345 se
2467 4296 2898 4355 cxterminationi
2941 4311 3176 4373 generali
3219 4315 3546 4378 traditurum

1942 4373 2070 4442 (hoc
2096 4378 2238 4432 enim
2265 4389 2368 4447 est,
2388 4381 2509 4438 Non
2538 4391 2848 4455 permanebit
2879 4393 3110 4465 Spiritus
3140 4419 3276 4460 meus
3297 4408 3349 4460 in
3378 4411 3546 4467 Itami-

1940 4465 2086 4521 nibus
2123 4468 2266 4535 istis,
2309 4489 2368 4527 eo
2397 4476 2534 4542 quod
2573 4479 2675 4546 ipsi
2711 4482 2813 4535 sint
2842 4501 3023 4542 carnes
3056 4507 3074 4544 :
3115 4507 3181 4547 ac
3210 4497 3256 4550 si
3299 4499 3544 4571 diccret,

1940 4556 2054 4611 Non
2079 4559 2253 4615 sinam
2283 4564 2403 4620 illos
2436 4569 2658 4636 posthac
2684 4574 2913 4648 vivere),
2945 4595 3049 4635 non
3081 4598 3365 4650 contentus
3389 4597 3542 4664 quino

1938 4662 2218 4720 gentorum
2246 4671 2514 4715 annorum
2540 4665 2830 4734 patientia,
2863 4686 2968 4741 qua
3000 4691 3095 4744 per
3131 4695 3345 4739 omnem
3377 4662 3538 4749 vitam

1939 4741 2071 4810 Noe,
2121 4748 2307 4803 audito
2345 4749 2486 4806 illius
2519 4756 2737 4814 nomine
2764 4741 3116 4834 docebantur,
3167 4786 3310 4829 nunc
3343 4741 3536 4835 iterum

1941 4835 2256 4903 protrahens
2276 4847 2332 4894 et
2354 4840 2610 4900 dili‘erens
2631 4846 3074 4925 indignationem,
3104 4860 3245 4917 aliud
3265 4864 3375 4922 illis
3403 4880 3538 4925 tem-

1938 4939 2037 4992 pus
2063 4928 2367 4995 praescribit
2390 4941 2442 4986 et
2467 4935 2597 4989 dicit
2624 4953 2637 4988 :
2671 4937 3049 5007 Interminatus
3078 4964 3220 5019 sum,
3253 4965 3307 5011 et
3333 4957 3441 5015 dixi
3481 4971 3536 5016 et

1939 5016 2110 5084 palam
2141 5018 2241 5077 feci
2265 5038 2438 5079 meam
2469 5027 2908 5102 indignationem.
2939 5055 3100 5112 quam
3136 5016 3534 5118 obmultitudi-

1939 5125 2059 5166 nem
2104 5125 2450 5182 peccatorum
2479 5161 2495 5187 ,
2544 5138 2665 5193 qua:
2705 5133 2911 5200 operati
2943 5138 3075 5191 estis
3097 5181 3113 5204 ,
3170 5144 3321 5200 vobis
3351 5148 3533 5206 inferri

1929 5204 2136 5271 justum
2181 5216 2265 5290 est
2312 5225 2328 5263 :
2381 5212 2475 5266 sed
2503 5216 2625 5284 quia
2673 5220 2835 5280 etiam
2884 5239 2979 5282 eos
3027 5231 3116 5299 qui
3167 5204 3534 5298 incurabilitcr

1936 5307 2312 5366 peccaverunt,
2349 5303 2576 5360 salutem
2607 5313 2864 5382 consequi
2893 5317 3035 5385 volo,
3067 5323 3379 5396 nullumque
3411 5345 3534 5400 per-

1934 5387 2031 5445 ire.
2063 5389 2264 5446 idcirco
2291 5395 2438 5452 vobis
2471 5399 2718 5472 indulgeo
2744 5416 2797 5460 et
2842 5418 3051 5481 tempus
3092 5430 3306 5474 centum
3344 5424 3530 5494 viginti

1929 5495 2191 5538 annorum
2223 5485 2295 5556 (a)
2326 5504 2339 5542 :
2375 5498 2450 5555 ut,
2482 5491 2524 5545 si
2559 5494 2832 5551 volueritis
2857 5542 2870 5564 ,
2907 5514 2960 5557 et
2995 5521 3208 5572 peccata
3248 5485 3532 5572 ablucvritis

1962 5679 2060 5762 ἓἷξε)
2089 5678 2241 5762 Quod
2263 5681 2343 5762 hic
2370 5687 2633 5762 subiungit
2664 5693 3056 5758 cbrysostomus,
3092 5701 3200 5754 illos
3232 5717 3432 5759 centum
3455 5717 3529 5762 vi.

1925 5745 2048 5848 q‘inti
2089 5754 2243 5791 annos
2281 5745 2330 5794 in
2366 5745 2543 5800 Genesi
2560 5745 3527 5838 'memoi'atostinnitu;viiuii‘éir‘emqiio

1925 5819 1940 5848 ι
1961 5801 2159 5848 tluvmm
2184 5813 2444 5848 venturum
2470 5819 2574 5848 om
2620 5813 2837 5848 ειη-,ωηο
2859 5826 3064 5848 smn...“
3093 5830 3219 5848 --_.-a
3365 5847 3370 5848 ,
3492 5841 3521 5848 .-

1961 5801 2444 5890 iluvtt't‘m-‘ventutzum
2470 5819 2592 5890 erat,
2620 5801 3526 5890 itjtuiikitié'éngttutlfiiuéli"ﬁéict2:ii

1926 5875 1955 5913 α
1979 5871 2205 5933 tempore
2227 5880 2329 5934 quo
2349 5878 2478 5924 Deus
2513 5871 3008 5949 diluvium'prtcilixit
