4152 6486
640 410 738 470 ιυι

639 518 1008 594 resipiscendo
1028 528 1190 590 atque
1221 517 1273 572 in
1311 515 1529 572 meliora
1559 529 1656 570 vos
1684 512 2071 580 convertenda,
2104 524 2219 566 nec.

643 630 748 670 non
775 612 958 669 virtuti
988 610 1330 674 studueritis,
1363 622 1641 678 prunarum
1667 607 1898 678 pericula
1926 603 2188 675 ell'ugiatis
2213 623 2226 657 :

645 703 811 760 Erunt
837 705 1023 770 enim,
1071 703 1265 772 inquit,
1307 699 1415 753 dies
1441 714 1614 752 eorum
1643 698 1766 752 anni
1808 707 2006 753 rentum
2032 694 2230 766 viginti.

640 800 696 854 4.
731 797 974 869 Gigantes
1003 803 1192 856 autem,
1222 792 1412 862 inquit,
1436 799 1576 845 erant
1599 806 1753 862 super
1777 799 1960 848 terram
1985 787 2037 842 in
2057 786 2230 842 diebus

643 892 769 948 illis.
810 887 876 945 Et
902 897 1224 958 posteaquam
1252 883 1465 954 ingressi
1483 891 1600 937 sunt
1629 883 1726 951 lilii
1755 880 1854 936 Dei
1877 879 1946 933 ad
1970 878 2107 948 [ilius
2133 878 2230 932 Ito-

645 984 860 1045 minum,
889 979 1090 1048 illaque
1107 975 1202 1031 sibi
1226 980 1545 1048 genuerunt,
1583 973 1663 1027 illi
1687 979 1831 1027 erant
1854 973 2079 1042 giganta
2096 1011 2110 1034 ,
2143 969 2230 1038 qui

643 1091 677 1128 ιι
699 1072 884 1129 seculo
905 1070 999 1125 uiri
1025 1066 1231 1139 famosi.
1270 1065 1522 1136 Gigantes
1543 1064 1631 1120 hic
1665 1079 1694 1118 a
1733 1063 1911 1119 divina
1955 1061 2228 1130 Scriptura

641 1163 747 1218 dici
776 1163 968 1233 opinor
990 1159 1236 1215 robustos
1260 1170 1506 1226 corpore.
1547 1154 1626 1210 Ex
1654 1155 1778 1221 illis,
1810 1153 2018 1225 inquit,
2063 1166 2229 1222 gene-

643 1257 784 1313 ratio
827 1251 1036 1310 illorum
1079 1260 1234 1306 aucta
1270 1257 1372 1305 est.
1417 1246 1472 1302 ld
1498 1246 1641 1318 quod
1673 1255 1731 1303 et
1757 1246 1864 1302 alio
1907 1246 2025 1301 loco
2049 1245 2231 1299 videre

645 1347 771 1402 licet
803 1344 1042 1400 dictum:
1077 1339 1317 1411 Gigantes
1341 1379 1358 1406 ,
1411 1337 1616 1408 inquit,
1664 1337 1867 1391 ueniunt
1907 1346 1962 1390 ut
2008 1338 2232 1408 furorem

644 1453 811 1492 meum
838 1436 1036 1508 placent
1067 1431 1222 1506 (lsai.
1247 1432 1334 1487 l3.
1359 1433 1436 1501 3).
1462 1429 1614 1485 nunc
1641 1444 1801 1499 porro
1815 1437 2027 1484 centum
2049 1426 2230 1498 viginti

645 1542 908 1583 annorum
925 1539 1228 1589 numerum,
1258 1522 1418 1592 aliqui
1443 1529 1626 1591 putant
1640 1520 1924 1576 terminum
1946 1520 2226 1575 vitaessc:

648 1634 757 1674 non
786 1617 887 1674 hoc
911 1626 1088 1671 autem
1112 1613 1398 1684 signiﬁcat,
1425 1611 1520 1668 sed
1552 1625 1693 1666 nunc
1720 1611 2026 1678 patientiam
2053 1609 2233 1664 decla-

650 1724 774 1766 rare
797 1709 931 1776 vult,
963 1721 1119 1779 quam
1147 1716 1204 1760 et
1226 1714 1342 1775 post
1381 1703 1494 1758 ha-c
1526 1712 1740 1772 peccata
1782 1705 1834 1756 in
1864 1703 2008 1773 ipsos
2046 1713 2231 1756 osten-

653 1803 752 1858 dit.
795 1800 955 1872 lgitur
992 1809 1048 1854 ut
1076 1799 1342 1853 discamus
1387 1797 1506 1852 illos
1558 1806 1677 1866 post
1724 1795 2138 1866 indignationem
2179 1803 2233 1850 et

651 1892 824 1948 minas
845 1932 864 1958 ,
912 1899 966 1946 et
1010 1889 1143 1944 tanti
1181 1888 1437 1958 temporis
1461 1886 1893 1952 diuturnitatem,
1919 1901 2078 1956 quam
2101 1885 2234 1956 ipsis

650 1985 705 2042 in
745 1985 1110 2057 paenitentiam
1136 1982 1379 2046 dederat,
1408 1997 1515 2037 non
1546 1982 1718 2038 solum
1749 1981 1882 2037 nihil
1917 1981 2228 2051 proiecisse,

654 2076 751 2133 sed
799 2076 853 2131 in
899 2075 1094 2131 iisdem
1139 2073 1376 2130 moribus
1419 2072 1847 2142 perseveravisse
1892 2090 1907 2128 :
1956 2083 2235 2143 propterea

654 2167 805 2233 dicit,
839 2165 1116 2238 Postquam
1152 2163 1364 2236 ingressi
1402 2173 1518 2219 sunt
1559 2162 1658 2233 ﬁlii
1682 2162 1778 2218 Dei
1804 2164 1874 2218 ad
1895 2163 2030 2233 ﬁlias
2068 2165 2238 2219 homi-

656 2273 809 2318 num,
850 2255 1050 2326 illeque
1094 2253 1190 2309 sibi
1212 2261 1510 2324 genuerat,
1539 2249 1618 2306 illi
1642 2260 1785 2306 eram
1811 2251 2058 2325 giganta,
2089 2253 2176 2323 qui
2203 2271 2236 2306 α

655 2353 844 2404 secuto
860 2347 952 2403 viri
968 2331 1171 2419 famosi.
1193 2345 1380 2401 Vidisti
1409 2343 1762 2414 improbitatis
1780 2344 2196 2416 magnitudinem
2212 2343 2236 2398 τ

655 2439 834 2496 vidisti
874 2439 1114 2510 stupidas
1152 2447 1208 2493 et
1248 2435 1454 2493 doloris
1499 2450 1663 2492 sensu
1705 2445 1951 2492 carentes
1990 2435 2238 2491 animas?

657 2532 840 2603 Neque
868 2547 1043 2603 pense
1080 2531 1272 2598 timor,
1301 2543 1476 2599 neque
1503 2527 1800 2583 tolerantiae
1828 2537 2036 2596 tempus
2073 2526 2243 2582 arcuit

660 2623 782 2679 illos
808 2637 839 2678 a
865 2614 1017 2678 malis
1036 2621 1289 2691 operibus
1319 2637 1332 2674 :
1364 2618 1458 2675 sed
1482 2618 1647 2676 semel
1676 2618 1732 2673 in
1757 2631 1998 2689 praeceps
2024 2616 2238 2686 deiecti,

658 2725 715 2771 et
758 2715 955 2770 mentis
1000 2713 1155 2768 oculo
1205 2711 1498 2777 excecati,
1540 2725 1570 2763 a
1609 2708 1744 2764 mala
1791 2708 2237 2778 concupiscentia,

656 2805 808 2876 quasi
837 2805 905 2859 ab
929 2803 1186 2859 ebrietate
1208 2800 1438 2871 quadam
1456 2799 1715 2865 demersi,
1733 2799 1800 2854 ad
1821 2815 1881 2854 se
1904 2797 2081 2854 redire
2106 2797 2242 2852 ultra

659 2897 946 2953 noluerunt
975 2911 987 2946 :
1021 2891 1470 2964 quemadmodum
1497 2899 1552 2946 et
1578 2892 1792 2960 sapiens
1831 2889 2046 2960 quidam
2072 2888 2200 2944 dicit
2226 2905 2240 2942 :

661 2988 857 3058 [inpius
877 3027 892 3049 ,
940 3001 1053 3038 eum
1079 2985 1133 3040 in
1162 2981 1468 3055 profundum
1496 2979 2028 3045 eeeideritsnalorum,
2073 2987 2243 3033 conte-

663 3081 791 3134 mnit
822 3077 1001 3148 (Prov.
1037 3076 1125 3130 l8.
1158 3074 1235 3143 ὅ).
1263 3072 1436 3128 Grave
1473 3073 1637 3137 enim,
1673 3084 1836 3138 grave
1874 3077 1990 3134 est,
2019 3069 2241 3132 dilecte,

663 3171 784 3242 capi
829 3168 1032 3240 laqueis
1071 3164 1288 3222 diaboli.
1345 3164 1534 3218 Anima
1577 3161 1720 3217 enim
1763 3169 1949 3232 postea
1989 3161 2140 3230 quasi
2191 3162 2244 3214 in

663 3261 864 3319 retibus
899 3255 1285 3326 comprehensa
1319 3251 1576 3316 trahitur,
1624 3259 1680 3306 et
1721 3251 1860 3305 sicut
1905 3263 2000 3305 sus
2044 3251 2097 3303 in
2153 3249 2246 3303 luti

665 3351 943 3406 volutahro
970 3349 1291 3411 oblectatur,
1321 3345 1400 3400 sic
1425 3353 1480 3400 et
1507 3345 1608 3398 ista
1634 3357 1664 3397 a
1693 3341 1830 3396 mala
1863 3341 2250 3397 consuetudine

663 3444 874 3508 obruta,
906 3455 974 3496 ne
1011 3439 1174 3496 sentit
1197 3435 1412 3509 quidem
1440 3443 1780 3506 peccatorum
1811 3431 2080 3488 [αξιοι-ειη.
2126 3431 2250 3487 Ideo

663 3551 800 3607 opus
836 3543 921 3589 est
947 3541 1004 3586 ut
1029 3529 1193 3587 sobrii
1220 3537 1276 3583 et
1301 3525 1490 3598 vigiles
1515 3525 1712 3590 simus,
1754 3539 1824 3579 ne
1859 3522 1926 3576 ab
1959 3523 2109 3576 initio
2136 3521 2249 3576 dia-

666 3628 790 3685 bolo
832 3627 1129 3696 ingressum
1173 3620 1562 3683 concedamus,
1603 3625 1660 3671 ut
1700 3632 1766 3671 ne
1795 3615 2138 3671 obtenebrata
2165 3629 2251 3669 ra-

669 3723 812 3778 tione
850 3731 1064 3783 nostra,
1103 3726 1157 3771 et
1195 3722 1459 3770 excaecata
1495 3711 1689 3767 mentis
1718 3709 2038 3780 perspicacia
2059 3749 2073 3776 ,
2099 3707 2250 3778 quasi

671 3814 907 3884 privatos
938 3812 1094 3880 hujus
1121 3806 1250 3863 solis
1280 3807 1478 3860 lumine
1507 3803 1714 3868 reddat,
1749 3818 1848 3857 nec
1887 3802 2160 3856 valeamus
2197 3799 2249 3854 in

670 3905 849 3961 radios
874 3904 1001 3958 solis
1023 3899 1243 3970 iustitia:
1269 3897 1531 3959 contueri,
1555 3905 1612 3950 et
1639 3895 1707 3947 ita
1736 3896 1786 3947 in
1828 3907 2065 3963 prmceps
2108 3891 2252 3947 lera-

672 4013 793 4052 mur
825 4011 838 4047 :
869 3994 918 4048 id
949 3991 1087 4063 quod
1119 3999 1173 4044 et
1195 3990 1297 4042 illis
1325 3999 1448 4041 time
1475 3984 1694 4040 accidit.
1725 3971 1857 4038 Audi
1885 3984 2031 4038 enim
2061 3984 2250 4037 iterum

674 4085 928 4141 bonitatis
951 4081 1040 4136 Dei
1069 4077 1426 4134 tolerantiam.
1459 4075 1512 4130 5.
1563 4073 1629 4127 Ut
1669 4072 1791 4128 uidit
1830 4080 2016 4134 autem,
2063 4070 2254 4141 inquit,

675 4179 927 4234 Dominus
961 4174 1116 4239 Deus,
1147 4170 1283 4243 quod
1327 4166 1678 4236 multiplicata:
1716 4174 1836 4219 sunt
1864 4163 2072 4218 malitia
2096 4162 2258 4216 homi-

679 4284 802 4324 num
830 4281 979 4336 super
1002 4274 1208 4316 terram.
1236 4258 1371 4326 Quid
1398 4257 1496 4313 sibi
1526 4256 1638 4310 vult
1667 4256 1768 4309 hoc
1792 4255 2014 4320 dictum,
2039 4251 2108 4306 Ut
2135 4253 2259 4306 uidit

675 4360 884 4418 autem?
930 4359 1063 4414 Num
1108 4352 1386 4426 ignorabat
1428 4347 1720 4404 Dominus?
1763 4348 1916 4402 Absit
1959 4363 1972 4400 :
2023 4344 2117 4400 sed
2161 4359 2259 4415 pro

679 4462 862 4510 nostra
894 4448 1201 4504 infirmitate
1228 4443 1405 4498 omnia
1429 4450 1608 4496 narrat
1635 4438 1811 4494 divina
1842 4437 2115 4506 Scriptura
2141 4452 2154 4488 :
2203 4444 2259 4489 ut

679 4558 778 4601 nos
806 4544 1030 4605 doceat,
1062 4553 1156 4594 eos
1180 4535 1337 4590 etiam
1377 4542 1497 4602 post
1540 4538 1738 4585 tantam
1782 4527 1876 4583 Dei
1920 4525 2257 4582 tolerantiam

677 4638 734 4692 in
784 4633 974 4689 iisdem
1023 4627 1284 4683 mansisse
1330 4623 1523 4685 malis,
1551 4621 1831 4676 autetiam
1878 4619 1932 4693 in
1975 4618 2153 4686 pejora
2199 4631 2258 4671 se

675 4727 1002 4799 conjecisse,
1048 4722 1166 4776 ait:
1203 4717 1270 4774 Ut
1308 4714 1432 4772 sidit
1479 4723 1684 4779 autem,
1722 4711 1860 4783 quod
1913 4711 2261 4778 multiplicata

677 4805 794 4875 sunt
819 4815 1028 4870 malitiae
1055 4812 1313 4867 hominum
1337 4823 1488 4876 super
1504 4815 1709 4858 terram.
1745 4803 1819 4857 Ex
1839 4801 1940 4855 hoc
1959 4801 2099 4856 enim
2122 4800 2262 4853 malo

679 4924 864 4980 opere,
889 4905 1038 4977 quasi
1067 4918 1097 4958 ο
1118 4902 1263 4957 fonte
1291 4899 1518 4970 quodam
1547 4937 1562 4962 ,
1594 4895 1757 4950 nmlta
1803 4894 1963 4947 etiam
1994 4892 2096 4945 alia
2128 4890 2259 4946 sub-

681 5004 987 5061 orlebantur
1003 5004 1218 5070 peccata
1245 5011 1259 5047 :
1280 4992 1399 5047 ideo
1419 4990 1569 5053 dicit,
1596 4987 1808 5041 Malitia
1825 4986 2103 5040 hominum.
2127 4982 2259 5037 Nam

684 5101 771 5155 ubi
821 5093 1112 5158 seortatio,
1163 5097 1219 5144 et
1247 5087 1448 5142 luxuria
1481 5126 1496 5150 ,
1551 5092 1605 5139 et
1647 5091 1790 5136 tanta
1823 5077 2259 5149 intemperantia,

681 5184 970 5244 verisimile
998 5191 1080 5238 est
1110 5181 1182 5237 ibi
1213 5187 1269 5235 et
1305 5177 1640 5239 ebrietatem,
1669 5182 1723 5227 et
1748 5172 2113 5241 crapulam.et
2147 5183 2261 5222 ma-

683 5293 839 5351 gnam
895 5275 1226 5346 injustitiam,
1270 5279 1325 5327 et
1377 5269 1694 5328 avaritiam,
1750 5265 2133 5333 innumeraque
2161 5259 2261 5314 alia

685 5369 831 5426 nasci
881 5368 1038 5422 mala.
1073 5365 1140 5420 Ut
1169 5364 1290 5418 uidit
1331 5371 1500 5416 autem
1524 5401 1539 5423 ,
1573 5357 1782 5429 inquit,
1831 5355 2076 5410 Dominus
2125 5351 2262 5406 Deus

682 5461 816 5528 quod
842 5458 1188 5528 multiplicato
1213 5463 1326 5508 sunt
1361 5453 1568 5505 malitia:
1595 5449 1851 5503 hominum
1874 5463 2024 5516 super
2055 5453 2260 5507 terram,

685 5637 952 5689 diluvium:
981 5633 1128 5692 illud,
1167 5633 1388 5693 inquam,
1430 5637 1592 5693 contra
1629 5634 1932 5693 communem
1972 5620 2265 5693 sententiam

687 5682 786 5750 Si;
797 5682 915 5762 "mihi
935 5682 1128 5762 putatur
1146 5693 1220 5762 his
1233 5682 1439 5762 indicari
1472 5689 1678 5762 Spatium
1702 5682 2264 5762 vitiehomiuignpostea

685 5741 1222 5812 aliubi—audacia“
1245 5760 1444 5802 centum
1468 5741 1632 5812 viginti
1657 5758 1808 5812 annos
1830 5741 2186 5812 redigendum;
2208 5743 2260 5788 et

685 5805 881 5874 ὖὶἶιὶιῐ
895 5805 1214 5882 nassonem
1236 5813 1476 5879 quadrent
1494 5805 1598 5873 ,‘uc
1619 5805 1992 5870 intelligendum
2013 5812 2106 5854 at.

1379 401 1435 459 S.
1473 398 1754 459 JOANNIS
1791 393 2265 457 CHRYSOSTOII
2306 388 2617 453 ARCIIIEP.
2665 395 3204 460 CONSTANTINOP.

3813 407 3921 467 l9!

2341 517 2544 585 etquod
2569 517 2908 588 unusquisque
2929 521 3116 592 rogitat
3157 521 3208 576 in
3243 522 3394 577 corde
3434 540 3528 579 suo
3572 523 3833 600 diligenter
3858 535 3932 588 ad

2339 605 2476 659 mola
2513 608 2742 663 omnibus
2761 610 2950 666 diebus.

2410 697 2464 752 5.
2507 696 2640 755 Vide
2679 701 2952 770 quomodo
2995 704 3199 776 singula
3244 722 3365 779 qua
3395 709 3646 769 diamtur
3679 727 3927 786 pecul.-

2338 801 2455 876 rum
2501 789 2789 846 ostendunt
2828 794 3268 863 magnitudinem.
3320 798 3454 869 Quia
3477 802 3622 858 enim
3649 805 3704 860 in
3728 820 3932 876 genere

2338 875 2491 943 dixit,
2514 876 2869 951 lultiplicata
2883 893 3002 939 sunt
3029 887 3240 942 malitia
3257 888 3516 947 boarium
3541 910 3698 963 super
3719 875 3930 967 terram,

2339 972 2596 1041 subdidit,
2617 974 2686 1029 Et
2712 979 3072 1048 unusquisque.
3083 979 3270 1051 Magna
3297 981 3457 1054 hujus
3481 987 3630 1043 verbi
3656 991 3934 1060 emphasis

2337 1077 2390 1119 et
2421 1066 2498 1120 vis
2524 1076 2628 1122 est.
2670 1067 2787 1126 Non
2835 1071 3023 1143 inquit,
3071 1073 3386 1131 adolescens
3410 1078 3606 1145 solum,
3638 1081 3732 1136 sed
3759 1091 3818 1137 et
3847 1097 3933 1137 se-

2339 1171 2439 1213 nex
2491 1158 2680 1216 eadem
2721 1162 2832 1233 agit
2876 1179 2995 1234 qua
3041 1165 3395 1224 adolescens:
3427 1186 3602 1242 neque
3627 1175 3710 1228 vir
3728 1173 3929 1232 solum

2337 1251 2432 1306 sed
2455 1261 2509 1307 et
2529 1253 2761 1311 mulier:
2788 1271 2963 1327 neque
2989 1273 3178 1315 servus
3203 1261 3394 1327 solum,
3423 1263 3516 1319 sed
3541 1273 3596 1319 et
3615 1265 3791 1322 liber:
3823 1284 3932 1322 non

2338 1343 2490 1400 dives
2517 1346 2716 1414 solum,
2743 1347 2838 1402 sed
2865 1358 2918 1403 et
2939 1364 3162 1420 pauper.
3189 1353 3255 1407 Et
3279 1354 3520 1419 verbum,
3550 1354 3770 1430 Cogitat,
3795 1359 3936 1415 mul-

2341 1445 2450 1490 tum
2493 1435 2651 1492 habet
2704 1441 2980 1496 momenti.
3029 1440 3145 1496 Non
3191 1445 3332 1498 enim
3361 1459 3427 1500 ex
3456 1447 3804 1521 subreptione
3830 1452 3934 1506 hoc

2339 1525 2444 1581 illis
2488 1529 2703 1595 accidit,
2751 1531 2846 1586 sed
2893 1531 2945 1586 in
2991 1532 3154 1588 corde
3177 1533 3432 1604 cogitant,
3463 1545 3518 1592 et
3557 1538 3672 1595 hanc
3695 1554 3793 1610 per
3816 1541 3934 1596 sin-

2338 1619 2487 1686 gulas
2514 1616 2676 1673 horas
2719 1621 2958 1687 volvunt,
3003 1623 3054 1677 in
3085 1623 3167 1678 his
3199 1626 3432 1680 studium
3455 1641 3613 1683 suum
3635 1629 3928 1696 collocat,

2339 1720 2393 1767 et
2437 1726 2608 1782 neque
2655 1712 2872 1768 fortuito
2896 1716 3062 1770 semel
3093 1727 3147 1770 et
3175 1717 3364 1772 iterum
3393 1717 3716 1792 supplantati
3744 1738 3777 1777 a
3806 1739 3930 1795 pec-

2337 1813 2480 1872 cato,
2526 1819 2556 1860 a
2599 1806 2800 1862 malitia
2841 1806 2943 1863 sibi
2987 1817 3302 1878 temperant,
3347 1812 3441 1866 sed
3495 1811 3781 1884 diligenter
3807 1831 3928 1872 eam

2337 1906 2612 1963 exercent,
2637 1908 2692 1953 et
2716 1897 2854 1954 mala
2881 1909 3206 1968 operantur:
3239 1900 3339 1955 hoc
3365 1911 3468 1968 est,
3496 1918 3689 1974 magno
3725 1906 3932 1972 studio,

2341 1989 2470 2044 nihil
2501 1990 2694 2057 obiter,
2741 1989 2876 2044 nihil
2920 1989 3250 2060 negligenter
3271 1991 3338 2047 ab
3363 1993 3442 2048 eis
3470 1995 3548 2060 tit,
3581 2008 3756 2064 neque
3782 1995 3934 2051 brevi

2345 2089 2603 2150 tempore,
2630 2079 2723 2135 sed
2749 2079 2996 2134 omnibus
3024 2079 3231 2146 diebus,
3265 2096 3477 2138 omnem
3505 2098 3654 2138 suam
3682 2084 3846 2138 vitam
3877 2085 3933 2139 in

2342 2169 2444 2226 hoc
2467 2170 2800 2241 impendunt.
2833 2170 3019 2226 Vidisti
3045 2171 3260 2226 malitia:
3283 2173 3705 2229 immanitatem?
3751 2175 3933 2231 vidisti

2340 2261 2610 2330 quomodo
2632 2261 2809 2317 dedita
2839 2275 3002 2333 opera
3024 2276 3138 2317 rem
3167 2262 3300 2318 fere:
3313 2263 3411 2327 int,
3441 2263 3725 2335 diligenter
3749 2271 3933 2321 munia

2341 2355 2479 2410 mala
2522 2363 2839 2424 operantes;
2875 2363 2930 2409 et
2972 2354 3150 2409 omnis
3173 2362 3305 2409 aetas
3330 2354 3397 2408 ad
3435 2355 3699 2424 agendum
3730 2357 3933 2412 malum

2342 2462 2437 2504 sua
2457 2455 2651 2519 sponte
2664 2446 2987 2504 accesserit?
3010 2445 3375 2517 Unusquisque,
3399 2446 3589 2518 inquit,
3612 2462 3788 2518 neque
3801 2457 3936 2505 etas

2344 2541 2648 2605 immatura,
2675 2552 2730 2596 et
2753 2538 2988 2610 alioquin
3011 2537 3284 2608 inexperta
3311 2539 3571 2592 malorum
3594 2551 3761 2594 vacua
3777 2546 3933 2593 erat:

2345 2632 2440 2688 sed
2463 2633 2643 2688 statim
2669 2640 2728 2687 et
2742 2630 2812 2686 ab
2851 2629 3190 2686 incunabulis
3213 2643 3402 2684 omnes
3432 2627 3630 2683 malum
3660 2627 3766 2684 hoc
3795 2643 3937 2700 pra:-

2347 2723 2476 2778 Iium
2503 2721 2802 2789 certabant,
2842 2721 3226 2776 wntendentes
3257 2726 3314 2774 ut
3341 2719 3500 2775 malis
3521 2718 3775 2789 operibus
3797 2718 3940 2774 alter

2346 2814 2572 2868 alterum
2611 2820 2905 2882 superaret.
2950 2809 3063 2874 Hic,
3120 2825 3237 2875 oro,
3264 2808 3445 2863 animo
3468 2807 3712 2879 expende
3742 2807 3938 2862 iram

2350 2905 2507 2972 hujus
2527 2903 2659 2974 justi
2684 2901 3022 2972 sapientiam,
3050 2900 3141 2970 qui
3165 2900 3218 2953 in
3248 2908 3392 2952 tanta
3422 2897 3681 2952 malorum
3719 2898 3938 2967 conspi-

2349 2998 2555 3051 ratione
2586 2993 2841 3047 malitiam
2871 2990 3106 3060 eﬂ'ugere
3138 2989 3322 3056 valuit,
3351 2997 3405 3043 et
3431 2988 3560 3042 nihil
3608 2987 3731 3044 inde
3754 2988 3940 3044 daluni

2349 3086 2560 3142 sensit:
2583 3085 2676 3140 sed
2701 3083 2855 3154 quasi
2883 3098 2949 3137 ex
2979 3081 3079 3136 alia
3104 3089 3292 3135 natura
3321 3081 3664 3146 constitutus,
3704 3079 3785 3135 sic
3813 3078 3942 3135 forti

2350 3177 2528 3232 animo
2569 3175 2843 3246 praeditus,
2893 3184 2948 3228 et
2987 3186 3082 3243 per
3123 3173 3358 3242 seipsum
3405 3171 3614 3226 virtutis
3640 3170 3942 3241 operatiooi

2352 3268 2582 3333 deditus,
2605 3278 2661 3321 et
2685 3267 2879 3320 malam
2906 3279 3092 3320 eorum
3119 3261 3568 3332 conspirationem
3599 3260 3804 3332 ell‘ugit,
3833 3271 3890 3316 et
3910 3276 3942 3315 a

2352 3358 2620 3414 communi
2645 3355 2881 3410 omnium
2914 3354 3208 3424 perditione
3229 3361 3314 3409 est
3339 3362 3636 3421 exemptus.
3674 3352 3728 3406 6.
3762 3349 3829 3404 Et
3858 3367 3943 3406 se-

2353 3468 2470 3505 cum
2495 3451 2765 3521 reputavit,
2797 3451 2988 3520 inquit.
3025 3439 3269 3502 Dominus
3298 3445 3436 3501 Deus
3457 3446 3592 3515 quod
3620 3446 3819 3514 fecisset
3849 3445 3944 3499 lto.

2355 3543 2538 3596 minent
2589 3558 2740 3612 super
2783 3553 2988 3595 terram.
3041 3539 3169 3594 Vide
3208 3541 3398 3592 iterum
3426 3539 3646 3593 verbum
3673 3551 3941 3604 crassum,

2353 3643 2408 3688 et
2436 3643 2632 3690 nostrae
2659 3633 2904 3702 parvitati
2930 3631 3199 3687 idoneum.
3229 3629 3415 3684 Secum
3449 3630 3718 3698 reputavit,
3751 3628 3943 3699 inquit,

2357 3725 2761 3798 pro,pmuituit:
2791 3738 2898 3779 non
2919 3721 3061 3793 quod
3092 3722 3399 3792 paenituerit
3434 3719 3618 3784 Deum,
3647 3719 3820 3783 absit;
3849 3719 3944 3774 sed

2355 3816 2646 3872 secundum
2693 3815 2978 3870 humanam
3027 3811 3468 3868 consuetudinem
3516 3810 3749 3880 loquitur
3792 3809 3947 3865 nobis

2357 3908 2532 3963 divina
2580 3906 2874 3977 Scriptura,
2927 3913 2987 3959 ut
3039 3917 3138 3958 nos
3188 3903 3380 3957 doceat
3427 3901 3667 3955 enormia
3732 3899 3944 3954 illorum

2359 4011 2571 4072 peccata
2588 4001 2906 4056 clementem
2929 3997 3096 4052 Deum
3120 3994 3172 4049 in
3195 3993 3610 4064 indignationem
3627 3992 3947 4047 concitasse.

2360 4092 2426 4146 Et
2456 4108 2622 4147 secum
2645 4090 2917 4161 reputavit,
2944 4087 3136 4158 inquit,
3189 4085 3434 4140 Dominus
3462 4082 3603 4138 Deus
3630 4085 3763 4153 quod
3791 4083 3947 4151 fecis-

2361 4196 2431 4239 set
2477 4186 2727 4239 hominem
2771 4197 2923 4253 super
2967 4190 3170 4235 terram.
3222 4178 3358 4233 Num
3408 4177 3551 4233 enim
3584 4183 3803 4246 prapter
3849 4174 3951 4230 hoc

2364 4283 2535 4351 ipsum
2561 4275 2804 4349 produxi,
2837 4276 3025 4345 inquit,
3052 4283 3109 4328 ut
3128 4275 3179 4326 in
3198 4280 3396 4326 tantum
3430 4270 3717 4339 perniciem
3747 4271 3949 4337 lapsus.

2363 4371 2568 4440 sibiipsi
2619 4366 2929 4440 perditionis
2977 4366 3128 4418 lleret
3164 4363 3390 4417 auctor?
3417 4361 3552 4416 Num
3578 4361 3676 4414 hac
3695 4359 3764 4415 de
3789 4373 3951 4414 causa

2365 4482 2392 4518 a
2440 4461 2699 4534 principio
2741 4467 2887 4512 tanto
2939 4455 3142 4511 honore
3181 4469 3303 4509 eum
3354 4450 3622 4521 insignivi,
3653 4459 3711 4506 et
3751 4460 3951 4504 tantam

2364 4562 2479 4632 ejus
2523 4569 2703 4612 curam
2753 4565 2838 4604 me
2888 4549 3085 4605 habere
3113 4546 3402 4612 declaravi,
3434 4553 3491 4598 ut
3511 4543 3695 4598 virtuti
3731 4556 3950 4609 vacans,

2365 4656 2569 4709 alienus
2592 4665 2620 4702 a
2647 4644 2940 4718 perditione
2966 4643 3147 4696 ﬂeret?
3180 4639 3440 4705 Quoniam
3468 4645 3644 4691 autem
3671 4634 3953 4688 clementis

2369 4761 2485 4801 mea
2536 4744 2730 4798 abusus
2779 4747 2881 4801 est,
2937 4736 3105 4790 satius
3163 4731 3382 4801 posthac
3428 4727 3590 4783 tulerit
3641 4725 3811 4780 malos
3839 4725 3954 4793 ejus

2365 4848 2584 4894 conatus
2635 4831 2912 4902 impedire.
2965 4826 3029 4880 Et
3071 4823 3324 4894 cogitavit,
3365 4822 3414 4874 7.
3438 4820 3668 4889 Dixitque
3709 4816 3957 4870 Dominus

2369 4932 2524 4995 Deus,
2555 4928 2725 4999 inquit
2748 4944 2761 4980 :
2787 4923 2974 4978 Delebo
3002 4920 3255 4974 hominem
3282 4931 3430 4985 quem
3455 4914 3552 4982 {rei
3573 4928 3604 4964 α
3632 4912 3762 4980 [acie
3785 4921 3954 4973 terrm,

2366 5029 2427 5080 ab
2457 5024 2656 5078 homine
2682 5033 2838 5088 usque
2865 5015 2934 5068 ad
2961 5029 3131 5083 pecus,
3162 5021 3209 5062 et
3237 5026 3267 5060 o
3289 5005 3552 5074 reptilibus
3584 5017 3743 5072 usque
3768 5002 3837 5053 ad
3866 5014 3952 5054 σου

2367 5119 2526 5173 latitia
2574 5113 2684 5168 caeli
2706 5127 2722 5164 :
2749 5111 2868 5180 quia
2915 5120 3109 5159 meeum
3163 5099 3388 5169 reputavi
3438 5094 3572 5167 quod
3616 5095 3819 5162 fecerim
3847 5107 3953 5146 eos.
4021 5097 4026 5100 ’

2368 5214 2496 5282 Qtue
2522 5209 2627 5264 mei
2653 5203 2815 5261 oﬂicii
2843 5207 3018 5264 erant,
3046 5197 3237 5266 inquit,
3277 5191 3457 5247 omnia
3485 5187 3729 5244 exhibui.
3767 5186 3852 5243 Ex
3875 5182 3957 5242 ni-

2370 5277 2496 5368 hilo,
2525 5312 2582 5357 ut
2606 5307 2771 5363 esset,
2803 5296 2951 5349 illum
2981 5289 3228 5361 produxi,
3275 5293 3477 5340 natura:
3507 5281 3647 5336 illius
3673 5277 3956 5336 scientiam

2370 5393 2729 5452 faciendorum
2759 5396 2813 5443 et
2843 5399 2948 5440 non
2977 5379 3334 5437 faciendorum
3380 5371 3568 5437 indidi,
3617 5371 3843 5424 liberum
3877 5383 3960 5421 διε

2370 5487 2583 5542 bitrium
2608 5479 2823 5542 donavi,
2859 5473 3106 5530 inell'abili
3141 5467 3419 5524 tolerantia
3442 5477 3572 5517 usus
3591 5468 3806 5520 suimet
3841 5469 3957 5529 pom

2371 5581 2584 5646 longum
2618 5570 2746 5626 illud
2775 5578 3001 5635 tempus,
3030 5573 3082 5618 et
3104 5570 3222 5632 post
3251 5555 3666 5626 indignationem
3688 5559 3745 5606 et
3784 5551 3962 5603 minas

2369 5640 2502 5743 quas
2543 5664 2673 5728 dixi,
2702 5672 2756 5718 et
2801 5658 2944 5715 aliud
2990 5649 3243 5728 ιιι-ωιιηίνί
3291 5659 3520 5719 tempus,
3548 5643 3736 5699 volens
3783 5649 3839 5695 ut
3873 5640 3962 5694 illo

2373 5734 2466 5822 sua
2483 5768 2699 5836 peccata
2721 5755 3002 5820 sentiente,
3029 5745 3321 5819 indignatio
3340 5757 3456 5800 mea
3486 5743 3849 5796 revocaretur:
3868 5734 3960 5789 sed
