4152 6484
669 417 774 473 195

666 533 760 598 let,
793 532 890 584 val.
912 547 996 598 us,
1045 531 1128 586 vel
1155 531 1226 586 ob
1270 531 1440 585 varias
1465 530 1864 596 occupationes,
1895 527 1980 583 vel
2007 527 2246 594 corporis

665 621 971 677 valetudine
1015 620 1292 691 alligatus;
1340 619 1535 687 ubique
1581 624 1758 673 tamen
1801 627 1854 672 et
1901 618 1952 672 in
2000 613 2247 670 omnibus

665 713 836 768 ferme
862 713 1103 778 urbibus,
1125 712 1449 767 monimenta
1469 710 1708 764 avaritia:
1733 723 1844 763 suae
1872 706 2165 777 possidere,
2189 715 2246 761 et

664 805 994 862 immortales
1044 803 1261 859 malitiae
1299 817 1409 857 sum
1435 801 1714 856 columnas
1751 807 1985 855 statuere
2009 795 2241 867 satagit:

661 906 717 950 ct
773 905 985 965 peccata
1033 892 1270 963 quidem,
1315 907 1383 947 es
1425 891 1618 962 quibus
1659 889 1772 944 hac
1799 887 1974 942 omnia
2022 887 2244 941 collecta

662 995 810 1050 sunt,
841 1000 941 1040 suo
970 983 1168 1053 imponi
1197 982 1379 1051 capiti,
1411 983 1691 1049 ferensque
1717 993 1932 1048 gravem
1959 991 2021 1031 ac
2047 991 2242 1032 onero.

662 1095 776 1132 sum
805 1079 999 1132 molem
1024 1091 1128 1130 non
1161 1073 1324 1128 sentit
1355 1092 1368 1127 :
1396 1073 1512 1127 aliis
1539 1080 1716 1125 autem
1743 1085 1918 1133 usum,
1945 1068 2032 1138 qui
2061 1082 2128 1122 ex
2157 1067 2243 1121 his

664 1167 849 1222 haberi
900 1175 1099 1235 potest,
1131 1164 1393 1225 concedit,
1427 1177 1533 1215 non
1559 1161 1732 1214 solum
1782 1169 1902 1230 post
1940 1158 2244 1226 emigratio-

662 1271 786 1311 nent
813 1270 882 1310 ex
911 1256 1012 1309 hac
1040 1256 1168 1316 vita.
1214 1252 1310 1306 sed
1337 1253 1495 1306 etiam
1539 1260 1822 1319 antequam
1854 1248 1975 1301 hinc
1994 1245 2240 1314 egredia-

663 1356 769 1401 tur.
801 1345 930 1399 Nam
961 1343 1170 1398 etiamsi
1199 1359 1303 1395 non
1336 1342 1534 1395 invitus
1561 1340 1640 1394 eis
1667 1338 1913 1400 nudetur,
1957 1352 1988 1390 a
2014 1335 2240 1390 familia-

661 1438 806 1489 ribus
831 1437 944 1490 hasc
971 1435 1147 1489 omnia
1176 1435 1518 1502 dissipantur,
1551 1439 1606 1486 et
1641 1439 1698 1485 ut
1727 1431 1795 1484 ita
1822 1429 2016 1492 dicam,
2038 1427 2240 1480 dilace-

660 1535 878 1580 rantur:
899 1542 1072 1595 neque
1094 1525 1208 1594 ipse
1227 1523 1312 1578 vel
1339 1525 1615 1578 millesima
1643 1535 1827 1579 eorum
1849 1530 1998 1589 parte
2023 1517 2235 1572 fruitur.

663 1619 726 1670 Et
743 1617 868 1686 quid
897 1617 1018 1671 dico
1043 1615 1272 1670 fruitur?
1297 1612 1594 1678 Quomodo,
1619 1625 1738 1664 cum
1767 1609 1974 1663 nonnisi
1999 1618 2236 1662 ventrem

662 1725 825 1762 unum
867 1707 1078 1772 habeat,
1127 1705 1294 1777 possit
1342 1713 1417 1759 tot
1465 1719 1624 1774 opum
1664 1701 2052 1756 multitudinem
2082 1701 2233 1755 absu-

661 1799 848 1854 mere?

730 1892 782 1943 7.
831 1891 898 1944 At
927 1888 1188 1943 malorum
1227 1887 1462 1940 omnium
1508 1899 1668 1940 causa
1711 1893 1794 1939 est
1840 1897 1974 1936 vana
2012 1878 2180 1952 gloria
2215 1895 2229 1931 :

657 1981 796 2051 quod
824 1995 1014 2049 nempe
1044 1978 1174 2034 velit
1198 1993 1388 2031 nomen
1412 1991 1562 2030 suum
1586 1975 1783 2045 imponi
1815 1975 1977 2045 agris,
2010 1971 2234 2038 balneis,

657 2083 712 2126 ct
739 2071 964 2124 aedibus.
1015 2068 1263 2136 Qntetihi
1316 2068 1440 2121 hinc
1477 2068 1708 2130 utilitas,
1758 2067 1950 2130 homo,
1981 2080 2099 2118 cum
2128 2079 2233 2118 non

659 2162 825 2216 multo
855 2173 1000 2231 post,
1033 2159 1166 2213 febri
1201 2161 1447 2228 quapiam
1481 2167 1532 2212 te
1559 2157 1885 2226 corripiente
1907 2195 1923 2218 ,
1953 2155 2236 2223 animaque

656 2253 832 2306 subito
857 2251 1102 2304 evolante
1127 2289 1142 2314 ,
1192 2247 1362 2300 nudus
1391 2257 1444 2299 et
1471 2260 1665 2300 vacuus
1707 2243 2082 2314 relinquendus
2113 2243 2188 2297 sis
2214 2258 2230 2297 :

658 2343 764 2395 imo
802 2340 995 2394 virtute
1033 2336 1245 2408 quidem
1291 2335 1518 2390 nudatus
1544 2377 1558 2401 ,
1603 2335 1830 2390 vestitus
1870 2343 2048 2388 autem
2098 2331 2232 2402 inju-

656 2431 796 2484 stitia
817 2471 830 2493 ,
864 2427 1061 2497 rapinis
1080 2469 1095 2492 ,
1133 2426 1372 2490 avaritia,
1397 2425 1703 2496 gemitibus,
1731 2425 2036 2492 eiulatibus,
2063 2424 2237 2495 lacry-

659 2521 760 2575 niis
779 2519 1140 2588 orphanorum
1162 2558 1179 2582 ,
1209 2516 1414 2571 insidiis
1435 2558 1450 2580 ,
1482 2515 1662 2572 dolis?
1711 2515 1994 2584 Quomodo
2033 2514 2234 2582 poteris

658 2609 884 2678 grandes
912 2616 1318 2678 prementesqne
1348 2607 1464 2661 illas
1493 2608 1728 2661 sarcinas
1774 2615 2112 2673 peccatorum
2155 2604 2233 2657 fe-

657 2714 802 2762 rens,
831 2714 924 2767 per
950 2707 1226 2767 angustam
1254 2698 1392 2750 illam
1414 2705 1618 2766 portam
1648 2696 1866 2762 intrare,
1894 2711 2010 2764 qua:
2039 2709 2234 2764 capere

657 2789 839 2858 nequit
879 2788 1072 2842 molem
1101 2795 1260 2840 tanta:
1297 2785 1707 2855 magnitudinis?
1733 2785 2098 2840 Necessarium
2131 2786 2233 2838 ita-

655 2894 759 2947 que
788 2875 919 2931 foris
945 2891 1160 2931 manere
1185 2917 1200 2939 ,
1248 2884 1302 2929 et
1327 2874 1581 2930 oneribus
1605 2874 1709 2928 illis
1735 2884 2010 2944 gravatum
2039 2873 2232 2928 frustra

657 2969 916 3040 paenitere
939 3011 954 3033 ,
996 2984 1116 3022 cum
1158 2967 1268 3037 jam
1315 2976 1435 3021 ante
1474 2965 1659 3021 oculos
1686 2974 1863 3035 parata
1889 2964 2095 3020 videbis
2122 2976 2234 3019 tor-

657 3072 834 3119 menta
859 3102 874 3126 ,
915 3069 970 3115 et
1017 3061 1192 3129 ignem
1222 3059 1368 3112 illum
1402 3057 1688 3112 terribilem
1730 3072 1793 3111 ac
1822 3072 2111 3127 numquam
2139 3071 2233 3110 ex-

655 3151 1029 3222 stinguendum
1059 3163 1405 3217 vermemque
1435 3163 1720 3216 numquam
1751 3149 2086 3201 moriturum.
2116 3145 2231 3200 Ce-

657 3255 830 3298 terum
876 3242 921 3295 si
963 3256 1120 3310 quam
1165 3247 1362 3293 nostra:
1419 3239 1604 3292 salutis
1649 3237 1905 3292 habemus
1947 3237 2230 3303 rationem,

655 3335 782 3388 dum
812 3331 985 3386 adhuc
1011 3338 1220 3399 tempus
1247 3329 1536 3391 habemus,
1568 3326 1887 3381 desistamus
1914 3342 1943 3380 a
1975 3326 2229 3396 nequitia,

653 3431 919 3478 sectemur
946 3419 1216 3481 virtutem,
1247 3432 1436 3471 vanam
1465 3417 1688 3486 gloriam
1709 3415 2080 3484 despiciamus.
2098 3414 2230 3470 Nam

656 3515 853 3570 idcirco
881 3527 1014 3566 vana
1043 3511 1264 3574 dicitur,
1302 3509 1424 3578 quia
1455 3508 1625 3562 inanis
1651 3517 1760 3570 est,
1800 3516 1855 3562 et
1896 3507 2029 3561 nihil
2069 3508 2231 3562 habet

656 3603 848 3658 stabile
893 3614 1064 3670 neque
1110 3598 1324 3652 firmum
1357 3615 1371 3650 :
1397 3595 1491 3650 sed
1522 3596 1694 3650 solum
1719 3607 1802 3651 est
1829 3597 2109 3650 oculorum
2138 3595 2234 3650 de-

654 3692 831 3766 eeptio
850 3731 866 3757 ,
895 3700 952 3744 et
981 3689 1283 3759 priusquam
1317 3695 1589 3758 appareat,
1615 3685 1810 3739 avolat.
1861 3689 2048 3739 Annon
2076 3693 2131 3740 et
2157 3685 2232 3738 vi-

653 3783 844 3838 demus
874 3795 1016 3850 satpe
1035 3821 1049 3844 ,
1080 3794 1200 3833 eum
1222 3819 1237 3841 ,
1267 3794 1423 3847 quem
1457 3777 1612 3830 hodie
1642 3777 1946 3846 prtccednnt
1990 3778 2226 3842 lictores,

655 3887 708 3931 et
733 3876 931 3942 stipant
955 3871 1231 3936 satellites,
1258 3883 1376 3923 cras
1401 3869 1452 3923 in
1481 3883 1748 3922 carcerem
1779 3867 1997 3938 conjici,
2027 3875 2083 3923 et
2110 3882 2230 3922 cum

659 3962 1090 4019 malefactoribus
1133 3960 1332 4014 versari
1363 3958 1481 4029 (a)?
1529 3958 1666 4024 Quid
1705 3958 1806 4012 hac
1829 3973 1962 4012 vana
1989 3967 2045 4012 et
2089 3958 2231 4012 inani

656 4058 820 4127 gloria
852 4052 1120 4109 fallacius?
1167 4049 1319 4117 Quod
1364 4051 1408 4104 si
1455 4051 1509 4103 in
1553 4049 1652 4104 hac
1679 4052 1785 4103 vita
1819 4049 2230 4103 vicissitudinem

658 4149 795 4202 hanc
811 4147 1018 4208 evadat,
1037 4143 1254 4196 omnino
1286 4156 1430 4195 mors
1458 4140 1675 4196 veniens
1702 4138 2006 4195 felicitatem
2032 4141 2234 4196 abscin-

658 4237 769 4300 det,
801 4243 856 4288 et
885 4248 1044 4303 quem
1093 4231 1251 4284 hodie
1278 4230 1331 4282 in
1358 4230 1471 4282 foro
1500 4245 1689 4300 magna
1722 4246 1910 4299 pompa
1938 4230 2232 4284 comitaba-

659 4338 774 4389 tur,
801 4323 889 4390 qui
929 4322 980 4374 in
1010 4334 1280 4374 carcerem
1302 4317 1636 4386 conjicicbat,
1667 4328 1721 4373 et
1747 4323 1798 4372 in
1830 4319 1967 4374 solio
1991 4319 2230 4384 sedebat,

658 4418 957 4477 ittllahatur,
981 4421 1036 4467 et
1063 4412 1303 4465 homines
1331 4410 1462 4463 alios
1482 4411 1631 4480 quasi
1653 4411 1867 4466 umbras
1887 4409 2232 4480 despiciebat,

659 4512 704 4562 is
734 4507 908 4560 subito
935 4512 1116 4573 postea
1141 4501 1337 4570 jacebit
1364 4511 1602 4555 mortuus
1630 4501 1832 4571 absque
1869 4502 2061 4570 spiritu
2087 4541 2102 4566 ,
2137 4500 2235 4554 fm-

663 4612 780 4653 tore
819 4597 1039 4665 plenus,
1089 4591 1286 4662 petitus
1333 4591 1625 4644 innumeris
1659 4591 1910 4646 conviciis
1931 4607 2052 4646 cum
2079 4593 2235 4646 abiis

659 4703 796 4761 quos
839 4686 1042 4757 pridem
1092 4682 1285 4752 injuria
1322 4679 1497 4735 allecit
1521 4723 1536 4746 ,
1588 4691 1698 4734 tum
1732 4683 1799 4734 ab
1836 4683 1898 4735 iis
1921 4698 2052 4752 quos
2084 4699 2235 4736 unm-

657 4794 818 4851 quam
848 4777 985 4831 laesit
1008 4815 1023 4840 ,
1065 4773 1476 4828 condolentibus
1507 4781 1682 4826 tamen
1712 4771 1776 4826 iis
1801 4774 1886 4841 qui
1919 4774 1985 4827 ab
2015 4775 2116 4827 isto
2148 4775 2232 4827 in-

658 4873 794 4943 juria
841 4868 1011 4924 allecti
1061 4863 1288 4920 fuerant.
1345 4863 1481 4931 Quid
1512 4863 1612 4918 hoc
1639 4864 1992 4918 miserabilius
2043 4865 2235 4920 fuerit?

658 4961 896 5018 Collecta
929 4968 1103 5012 autent
1129 4955 1305 5010 omnia
1351 4969 1718 5024 saepenumero
1745 4955 1942 5009 inimici
1973 4964 2026 5010 et
2053 4957 2235 5010 hostes

663 5057 802 5108 inter
852 5065 912 5105 se
964 5047 1262 5118 partiuntur
1305 5055 1358 5101 et
1402 5046 1767 5101 distribuunt:
1797 5057 2010 5116 peccata
2056 5059 2234 5101 autem

663 5158 758 5213 per
786 5156 903 5212 qua:
935 5139 1046 5192 haec
1069 5147 1376 5192 coacervata
1406 5146 1530 5191 sunt
1549 5177 1562 5201 ,
1591 5151 1771 5191 secum
1801 5136 1994 5204 anfet't,
2025 5138 2093 5193 de
2114 5138 2236 5208 qui-

662 5236 760 5289 bus
788 5233 1012 5300 diligens
1039 5237 1094 5283 et
1116 5239 1358 5282 accurata
1387 5229 1521 5280 ratio
1543 5226 1804 5296 exigetur.
1834 5228 1954 5282 ldeo
1984 5229 2232 5295 obsecro,

664 5333 720 5376 ut
745 5320 1006 5390 fugientes
1033 5333 1219 5374 vanam
1262 5317 1397 5371 hanc
1436 5317 1700 5387 gloriam,
1740 5332 1914 5372 veram
1961 5319 2235 5374 desidere-

665 5428 806 5478 mus,
834 5419 888 5465 et
913 5425 1030 5480 qua:
1058 5409 1305 5464 omnibus
1332 5409 1489 5463 duret
1517 5409 1758 5463 sacculis:
1792 5421 1844 5464 et
1880 5426 2048 5479 neque
2076 5427 2234 5480 opum

728 5588 800 5647 ()
838 5593 1074 5648 Tempore
1103 5585 1420 5648 chrysostomi
1461 5597 1554 5633 non
1579 5584 1735 5633 semel
1750 5586 1929 5648 accidit
1955 5589 2006 5634 ut
2027 5581 2240 5643 pmferti

667 5645 746 5703 aut
771 5645 853 5695 alti
920 5645 1209 5709 optimates,
1241 5661 1303 5695 ex
1345 5646 2040 5709 imperatorisindignatione,
2069 5662 2242 5696 mtums

665 5707 965 5763 amitterent,
988 5718 1038 5758 et
1056 5710 1102 5758 in
1127 5722 1375 5759 carceri-tn
1400 5710 1603 5767 conlecti
1629 5707 1884 5769 aliquando
1917 5710 2060 5756 etiam
2085 5713 2244 5772 capite

712 5777 1022 5819 uocarentur.

1370 412 1428 468 S.
1465 408 1742 468 1038le
1771 402 2241 466 CllllYSOSTOII
2279 407 2592 466 ARCIIIEP.
2632 410 3164 470 CONSTANTINOP.

2352 542 2503 602 amor
2529 545 2627 584 uos
2647 531 2948 602 supplantct
2969 574 2984 598 ,
3032 548 3204 603 neque
3230 533 3676 604 concupiscentia
3713 535 3931 591 llam-na

2348 628 2558 686 exurat,
2589 636 2758 691 neque
2785 622 2920 676 livor
2945 632 3001 679 et
3028 622 3224 678 invidia
3249 635 3551 694 torqueant,
3580 641 3758 696 neque
3780 626 3930 681 furor

2347 716 2401 762 ct
2445 707 3756 770 iranosinceudantuedhasomnesmalaset
3799 731 3926 785 per-

2348 800 2576 857 niciosas
2602 801 2906 859 alectioues
2947 818 3073 861 rore
3109 803 3339 889 Spiritus
3363 805 3766 877 esstinguentes
3789 845 3805 870 ,
3831 806 3918 861 do-

2346 892 2633 960 spiciamus
2658 894 2956 963 presentia,
2979 895 3344 951 desideremus
3369 894 3562 962 futura,
3591 896 3645 952 in
3667 897 3925 951 meritoria

2356 980 2646 1039 habeamus
2673 983 2905 1040 futurum
2927 984 3068 1042 diem
3086 1027 3101 1051 ,
3129 1001 3424 1057 magnaque
3455 987 3726 1057 diligentia
3761 990 3921 1042 vitam

2349 1070 2702 1130 instituamus.
2733 1073 2915 1145 Neque
2937 1075 3079 1131 enim
3106 1075 3206 1131 hac
3230 1075 3297 1130 de
3325 1090 3483 1132 causa
3512 1077 3564 1130 in
3590 1077 3727 1131 hanc
3762 1079 3926 1133 vitam

2349 1163 2456 1216 nati
2478 1179 2684 1228 sumus,
2713 1175 2772 1219 ut
2791 1167 2963 1222 solum
2988 1166 3331 1222 comedamus
3359 1176 3414 1222 et
3441 1166 3704 1222 bibamus.

2416 1253 2822 1326 Temper-uatium
2866 1259 3126 1328 pradicet.
3167 1289 3238 1301 --
3285 1258 3400 1313 Non
3437 1260 3539 1312 vita
3581 1270 3663 1314 est
3708 1268 3918 1327 propter

2344 1345 2521 1398 cibum
2562 1355 2617 1400 et
2658 1357 2836 1416 potum
2857 1387 2874 1414 ,
2917 1347 3012 1402 sed
3055 1358 3274 1419 propter
3298 1347 3458 1402 vitam
3487 1347 3636 1402 cibus
3659 1357 3717 1402 et
3745 1358 3922 1417 potus.

2343 1432 2420 1488 Ne
2441 1450 2567 1504 ergo
2593 1435 2916 1491 invertamus
2939 1437 3201 1504 ordinem,
3230 1453 3398 1507 neque
3424 1439 3501 1492 sic
3523 1439 3694 1491 ventri
3724 1449 3780 1492 et
3800 1453 3919 1493 ear-

2343 1525 2426 1578 nis
2474 1522 2828 1594 voluptatibus
2873 1528 3188 1593 serviamus,
3234 1529 3384 1597 quasi
3426 1543 3542 1584 eam
3588 1529 3660 1582 ob
3703 1545 3922 1584 causam

2345 1616 2464 1668 facti
2497 1618 2664 1670 simus
2693 1635 2707 1671 :
2739 1617 2834 1671 sed
2877 1627 3184 1687 reputantes
3217 1619 3468 1672 damnum
3508 1618 3649 1689 quod
3678 1619 3803 1672 inde
3829 1634 3922 1672 na-

2341 1708 2525 1772 scitur,
2567 1710 2886 1778 castigemus
2927 1719 3100 1765 motus
3138 1711 3352 1775 carnis;
3396 1724 3464 1765 ne
3509 1711 3675 1766 simus
3701 1724 3920 1780 segnes,

2343 1812 2440 1851 nec
2471 1799 2841 1866 permittamus
2867 1799 3012 1855 illam
3055 1800 3311 1855 adversus
3346 1801 3576 1856 animam
3616 1801 3916 1871 insurgere.

2341 1889 2470 1942 Nam
2498 1894 2541 1944 si
2575 1891 2769 1946 Paulus
2813 1892 2902 1947 ille
2948 1893 3066 1947 talis
3112 1903 3166 1946 et
3208 1901 3418 1958 tantus,
3447 1893 3534 1962 qui
3564 1892 3715 1962 quasi
3745 1895 3918 1945 alatus

2343 1997 2436 2051 per
2466 1991 2632 2036 totum
2657 1984 2841 2038 orbem
2882 1985 3304 2049 transcurrebat,
3331 1983 3697 2053 corporalibus
3724 1997 3919 2037 om

2340 2074 2582 2127 sitatibus
2609 2074 2852 2142 superior
2887 2073 3054 2128 factus
3073 2114 3089 2140 ,
3118 2083 3170 2127 et
3198 2089 3511 2129 arcanorum
3553 2074 3764 2129 illorum
3792 2088 3916 2128 ver-

2339 2163 2526 2218 borum
2555 2163 2764 2216 auditor
2783 2203 2800 2229 ,
2842 2179 2960 2232 qua:
2987 2177 3152 2234 usque
3179 2165 3232 2218 in
3265 2164 3403 2218 hunc
3430 2163 3569 2218 diem
3607 2163 3742 2217 alius
3761 2162 3915 2216 audi-

2338 2253 2412 2306 vit
2441 2253 2635 2319 nullus,
2666 2253 2904 2308 scribens
2933 2253 3140 2310 dicebat
3173 2273 3186 2307 :
3216 2252 3416 2324 Castigo
3441 2269 3624 2323 corpus
3649 2269 3836 2318 mm,
3866 2263 3914 2307 et

2338 2345 2388 2396 in
2409 2345 2691 2397 seruitutem
2715 2345 2922 2415 redigo,
2969 2360 3033 2398 ac
3069 2345 3197 2408 forte
3236 2343 3351 2398 aliis
3385 2343 3668 2414 pradicas"
3693 2344 3804 2413 ipse
3833 2359 3914 2396 re.

2337 2437 2520 2504 probus
2541 2437 2765 2492 inveniar
2784 2437 2862 2509 (l.
2890 2437 3012 2494 Cor.
3033 2437 3086 2493 9.
3107 2437 3199 2509 27)
3229 2455 3242 2491 :
3269 2438 3314 2492 si
3343 2438 3502 2509 igitur
3523 2437 3630 2504 ille,
3657 2439 3749 2508 qui
3771 2423 3916 2490 tanta

2337 2525 2581 2594 dignatus
2604 2534 2689 2581 est
2725 2527 2894 2598 gratia
2917 2568 2934 2592 ,
2982 2538 3100 2597 post
3126 2537 3268 2582 tanta
3295 2537 3351 2583 et
3387 2529 3510 2582 talia
3538 2543 3697 2596 opera
3719 2567 3735 2592 ,
3777 2542 3916 2595 opus

2338 2612 2564 2668 habebat
2615 2623 2671 2670 ut
2717 2618 3033 2685 castigaret,
3085 2617 3138 2672 in
3186 2618 3494 2673 servitutem
3521 2617 3825 2686 redigeret,
3852 2628 3920 2670 ac

2339 2705 2584 2773 potestati
2627 2703 2971 2777 dominioque
3011 2708 3201 2761 animat
3241 2709 3481 2776 corporis
3523 2707 3765 2762 lascivias
3787 2706 3917 2760 sub-

2331 2792 2519 2863 jiceret
2549 2814 2562 2848 :
2591 2797 2810 2866 castigat
2853 2798 2994 2851 enim
3020 2798 3137 2864 quis
3173 2795 3314 2866 quod
3342 2797 3595 2866 insurgit,
3624 2806 3678 2850 et
3719 2799 3771 2850 in
3801 2811 3914 2852 ser-

2336 2885 2556 2938 vitutem
2586 2885 2777 2954 redigit
2821 2885 2872 2939 id
2912 2887 3052 2956 quod
3090 2885 3235 2941 [retia
3278 2887 3447 2955 rejicit
3477 2906 3491 2942 :
3521 2887 3645 2957 quid
3672 2887 3918 2942 dicemus

2336 2988 2435 3028 nos
2461 3015 2475 3041 ,
2510 2974 2600 3044 qui
2638 2975 2885 3029 omnibus
2909 2976 3187 3031 virtutibus
3211 2975 3448 3031 destituti
3475 3017 3490 3041 ,
3521 2977 3771 3032 omnibus
3792 2993 3914 3047 pee-

2331 3067 2465 3119 catis
2493 3066 2697 3120 onerati
2727 3080 2909 3120 sumus
2931 3106 2946 3131 ,
2979 3077 3034 3120 et
3072 3077 3330 3136 prteterea
3372 3082 3614 3137 magnam
3646 3068 3914 3138 ignaviam

2333 3170 2444 3226 pra:
2473 3157 2625 3210 nobis
2650 3156 2906 3210 ferimus?
2947 3155 3080 3210 Num
3110 3156 3347 3212 inducias
3369 3157 3527 3212 habet
3553 3159 3650 3212 hoc
3677 3157 3919 3212 bellum?

2334 3263 2462 3304 num
2509 3258 2716 3316 tempus
2757 3245 3097 3318 aggrediendi
3144 3247 3512 3317 assignatum?
3561 3245 3784 3318 Semper
3815 3261 3915 3300 nos

2335 3337 2553 3407 vigilare
2581 3346 2634 3391 et
2658 3337 2867 3391 sobrios
2887 3349 3012 3390 esse
3033 3346 3245 3406 oportet
3263 3378 3278 3401 .
3325 3345 3380 3391 et
3417 3351 3705 3403 numquam
3734 3338 3789 3390 in
3822 3353 3912 3391 sc-

2333 3428 2561 3482 curitate
2609 3425 2846 3496 degere:
2885 3426 3008 3497 quia
3055 3441 3161 3480 non
3208 3436 3292 3480 est
3338 3426 3653 3495 praefinitum
3700 3438 3913 3495 tempus

2333 3515 2547 3586 quando
2594 3531 2691 3571 nos
2736 3530 3082 3586 aggressurus
3123 3524 3206 3570 est
3249 3516 3435 3570 hostis.
3492 3517 3652 3586 Igitur
3696 3533 3906 3586 semper

2335 3607 2487 3660 nobis
2515 3621 2640 3660 cura
2666 3607 2768 3670 sit,
2817 3620 3029 3675 semper
3057 3605 3269 3660 solliciti
3299 3608 3466 3660 simus
3505 3606 3572 3661 de
3609 3606 3780 3661 salute
3811 3623 3912 3661 no-

2334 3707 2442 3750 stra
2468 3738 2481 3761 ,
2511 3705 2569 3750 ut
2607 3697 2681 3750 sic
2706 3711 2990 3766 numquam
3014 3697 3309 3766 expugnari
3340 3698 3600 3765 possimus
3619 3738 3635 3762 ,
3667 3707 3721 3752 et
3741 3698 3914 3752 hosti-

2335 3788 2413 3842 les
2441 3788 2750 3858 enugientes
2779 3788 3016 3853 insidias,
3041 3788 3455 3842 misericordiam
3481 3805 3510 3842 a
3537 3789 3642 3843 Deo
3662 3805 3914 3859 assequa-

2337 3893 2455 3932 tnur
2481 3919 2494 3941 ,
2542 3880 2708 3947 gratia
2737 3888 2791 3931 et
2835 3877 3262 3931 miserationibus
3293 3877 3554 3946 Uuigeniti
3593 3878 3712 3948 ejus
3734 3921 3750 3945 ,
3789 3895 3910 3936 cum

2335 3984 2441 4037 quo
2467 3969 2609 4022 Patri
2635 4011 2651 4033 ,
2683 3968 2842 4022 simul
2869 3978 2922 4022 et
2949 3967 3168 4038 Spiritui
3202 3978 3386 4023 sancto
3412 3968 3478 4023 sit
3507 3969 3672 4038 gloria
3691 4012 3705 4032 .
3743 3971 3916 4038 impc-

2335 4061 2496 4125 rium,
2525 4061 2714 4126 honor,
2735 4075 2873 4115 nunc
2888 4069 2940 4114 et
2956 4074 3186 4128 semper,
3213 4061 3338 4115 etin
3363 4059 3556 4114 secula
3572 4062 3910 4116 steculornnt.

2338 4155 2527 4208 Amen.

2870 4262 3146 4317 llOMILlA
3189 4260 3372 4317 XXlll.

2352 4374 2457 4433 Noe
2492 4383 2656 4426 autem
2693 4373 2876 4427 invenit
2902 4375 3116 4445 gratiam
3159 4390 3329 4427 coram
3371 4373 3585 4428 Domino
3617 4373 3745 4430 Deo.
3793 4377 3918 4432 Ista

2411 4473 2576 4516 autem
2597 4474 2710 4516 sunt
2735 4465 3076 4532 generationes
3162 4479 3238 4517 oe.
3330 4479 3388 4518 oe
3409 4466 3558 4518 homo
3577 4468 3770 4535 justus,
3795 4485 3911 4536 per-

2411 4559 2569 4624 fectus
2601 4555 2837 4608 exsistam
2863 4555 2914 4607 in
2940 4555 3256 4624 generatione
3280 4570 3372 4608 sua
3395 4569 3415 4609 :
3445 4554 3553 4609 Deo
3580 4556 3769 4624 placuit
3803 4558 3916 4615 Noe

2412 4645 2564 4716 (Gen.
2595 4646 2647 4700 6.
2674 4647 2751 4716 9).

2412 4767 2464 4821 l.
2513 4763 2720 4819 Virtutis
2748 4764 3109 4834 prterogntivtc.
3138 4793 3207 4804 -
3229 4763 3444 4819 Vidistis
3473 4767 3525 4819 in
3555 4765 3618 4818 iis
3636 4781 3755 4835 qum
3778 4765 3916 4820 dicta

2340 4865 2484 4920 sunt,
2510 4866 2703 4925 quanta
2728 4854 2920 4908 divina:
2967 4854 3344 4909 misericordia:
3385 4855 3714 4926 magnitudo,
3758 4871 3913 4926 quam

2344 4949 2527 5017 ingens
2549 4946 2863 5000 tolerantia?
2889 4943 3095 4998 vidistis
3131 4943 3426 5012 hominum,
3453 4946 3542 5014 qui
3573 4957 3700 5000 tunc
3739 4957 3913 5006 erant,

2346 5046 2705 5108 portentosam
2762 5036 3056 5090 malitiam?
3099 5036 3356 5090 didicistis
3410 5047 3603 5104 quanta
3650 5038 3809 5091 fuerit
3863 5040 3914 5090 in

2344 5127 2514 5182 media
2546 5136 2686 5181 tanta
2715 5125 3048 5180 multitudine
3069 5125 3196 5194 justi
3223 5124 3409 5191 virtus,
3435 5135 3490 5180 et
3513 5142 3672 5197 quam
3705 5127 3837 5181 nihil
3867 5127 3916 5180 ei

2345 5218 2583 5272 nocuerit
2621 5216 2703 5271 vel
2731 5217 2942 5270 illorum
2973 5215 3026 5269 in
3055 5217 3250 5269 malum
3277 5217 3624 5284 conspiratio,
3661 5218 3742 5271 vel
3773 5222 3914 5289 quod

2343 5310 2488 5362 solus
2531 5309 2584 5362 in
2629 5307 2804 5362 medio
2845 5308 3065 5361 istorum
3110 5307 3458 5378 interceptus,
3501 5310 3657 5379 longe
3704 5310 3915 5366 diversa

2347 5400 2623 5454 incesserit
2653 5399 2767 5451 via?
2789 5396 2919 5451 Nam
2951 5398 3100 5465 quasi
3129 5399 3452 5467 gubernator
3477 5401 3728 5466 optimus,
3764 5417 3914 5455 men-

2347 5492 2412 5544 tis
2437 5491 2641 5543 clavum
2662 5504 2850 5558 magna
2877 5487 3142 5558 vigilantia
3164 5489 3446 5558 arripiens,
3477 5491 3651 5544 navim
3680 5507 3829 5544 suam
3852 5494 3918 5544 ab

2347 5581 2666 5634 irruentibus
2693 5579 2905 5633 malitia:
2933 5579 3177 5648 procellis
3207 5581 3470 5650 submergi
3524 5598 3628 5633 non
3676 5595 3757 5636 est
3795 5598 3915 5651 pas-

2345 5688 2455 5732 sus,
2498 5671 2588 5724 scd
2637 5669 2802 5724 factus
2850 5679 3164 5736 tempeStale
3213 5672 3496 5739 potentior,
3543 5672 3664 5726 licet
3713 5672 3762 5724 in
3813 5678 3917 5725 alto

2347 5767 2588 5832 iactatus,
2619 5764 2764 5831 quasi
2795 5763 2844 5816 in
2889 5771 3040 5832 portu
3090 5762 3317 5827 sedi-ret,
3345 5764 3549 5818 virtutis
3586 5763 3915 5833 gubernacu-
