  <div class='ocr_page' id='page_1' title='image "/cluster/home/n/w/nwhite01/storage/ocr_20150623/53/uva.x030486927/199.png"; bbox 0 0 4146 6504; ppageno 0'>
   <div class='ocr_carea' id='block_1_1' title="bbox 486 479 591 536">
    <p class='ocr_par' dir='ltr' id='par_1_1' title="bbox 486 479 591 536">
     <span class='ocr_line' id='line_1_1' title="bbox 486 479 591 536; baseline -0.019 0"><span class='ocrx_word' id='word_1_1' title='bbox 486 479 591 536; x_wconf 61' lang='lat'><strong>667</strong></span> 
     </span>
    </p>
   </div>
   <div class='ocr_carea' id='block_1_2' title="bbox 479 575 2144 664">
    <p class='ocr_par' dir='ltr' id='par_1_2' title="bbox 479 575 2144 664">
     <span class='ocr_line' id='line_1_2' title="bbox 479 575 2144 664; baseline -0.01 -16"><span class='ocrx_word' id='word_1_2' title='bbox 479 595 540 648; x_wconf 73' lang='grc' dir='ltr'>ἀν</span> <span class='ocrx_word' id='word_1_3' title='bbox 560 590 736 664; x_wconf 71' lang='grc' dir='ltr'>λιμένι</span> <span class='ocrx_word' id='word_1_4' title='bbox 751 589 1081 661; x_wconf 86' lang='grc' dir='ltr'>καθήμενος,</span> <span class='ocrx_word' id='word_1_5' title='bbox 1102 584 1244 640; x_wconf 77' lang='grc' dir='ltr'>οὕτω</span> <span class='ocrx_word' id='word_1_6' title='bbox 1264 586 1360 656; x_wconf 82' lang='grc' dir='ltr'>τῆς</span> <span class='ocrx_word' id='word_1_7' title='bbox 1374 585 1576 655; x_wconf 82' lang='grc' dir='ltr'>ἀρετῆς</span> <span class='ocrx_word' id='word_1_8' title='bbox 1589 584 1650 637; x_wconf 83' lang='lat'>16</span> <span class='ocrx_word' id='word_1_9' title='bbox 1667 582 1926 653; x_wconf 79' lang='grc' dir='ltr'>πηδάλιον</span> <span class='ocrx_word' id='word_1_10' title='bbox 1951 575 2144 633; x_wconf 85' lang='grc' dir='ltr'>ἰθύνων</span> 
     </span>
    </p>
   </div>
   <div class='ocr_carea' id='block_1_3' title="bbox 481 665 2144 742">
    <p class='ocr_par' dir='ltr' id='par_1_3' title="bbox 481 665 2144 742">
     <span class='ocr_line' id='line_1_3' title="bbox 481 665 2144 742; baseline -0.01 -9"><span class='ocrx_word' id='word_1_11' title='bbox 481 679 637 741; x_wconf 74' lang='grc' dir='ltr'>ἐκτὸς</span> <span class='ocrx_word' id='word_1_12' title='bbox 665 676 854 730; x_wconf 65' lang='grc' dir='ltr'>ἑαυτὸν</span> <span class='ocrx_word' id='word_1_13' title='bbox 898 675 1195 742; x_wconf 70' lang='grc' dir='ltr'>κατέστησε</span> <span class='ocrx_word' id='word_1_14' title='bbox 1221 671 1314 724; x_wconf 87' lang='grc' dir='ltr'>τοῦ</span> <span class='ocrx_word' id='word_1_15' title='bbox 1348 671 1632 742; x_wconf 87' lang='grc' dir='ltr'>μέλλοντος</span> <span class='ocrx_word' id='word_1_16' title='bbox 1680 667 1968 722; x_wconf 74' lang='grc' dir='ltr'>κλυδωνίου</span> <span class='ocrx_word' id='word_1_17' title='bbox 2018 665 2144 728; x_wconf 78' lang='grc' dir='ltr'>τοὺς</span> 
     </span>
    </p>
   </div>
   <div class='ocr_carea' id='block_1_4' title="bbox 477 748 2144 833">
    <p class='ocr_par' dir='ltr' id='par_1_4' title="bbox 477 748 2144 833">
     <span class='ocr_line' id='line_1_4' title="bbox 477 748 2144 833; baseline -0.01 -15"><span class='ocrx_word' id='word_1_18' title='bbox 477 765 618 819; x_wconf 80' lang='grc' dir='ltr'>κατά</span> <span class='ocrx_word' id='word_1_19' title='bbox 644 762 743 833; x_wconf 79' lang='grc' dir='ltr'>τὴν</span> <span class='ocrx_word' id='word_1_20' title='bbox 769 761 1090 831; x_wconf 72' lang='grc' dir='ltr'>οἰκουμένην</span> <span class='ocrx_word' id='word_1_21' title='bbox 1129 757 1371 821; x_wconf 72' lang='grc' dir='ltr'>ἃπαντας</span> <span class='ocrx_word' id='word_1_22' title='bbox 1410 748 1837 828; x_wconf 64' lang='grc' dir='ltr'>καταλήψεσθαι.</span> <span class='ocrx_word' id='word_1_23' title='bbox 1880 750 2144 806; x_wconf 88' lang='grc' dir='ltr'>Τοσοῦτόν</span> 
     </span>
    </p>
   </div>
   <div class='ocr_carea' id='block_1_5' title="bbox 479 837 2144 919">
    <p class='ocr_par' dir='ltr' id='par_1_5' title="bbox 479 837 2144 919">
     <span class='ocr_line' id='line_1_5' title="bbox 479 837 2144 919; baseline -0.007 -17"><span class='ocrx_word' id='word_1_24' title='bbox 479 851 628 903; x_wconf 65' lang='grc' dir='ltr'>ἑστιν</span> <span class='ocrx_word' id='word_1_25' title='bbox 672 848 841 919; x_wconf 84' lang='grc' dir='ltr'>ἀρετή</span> <span class='ocrx_word' id='word_1_26' title='bbox 893 847 1141 919; x_wconf 73' lang='grc' dir='ltr'>πρᾶγμα,</span> <span class='ocrx_word' id='word_1_27' title='bbox 1197 843 1481 905; x_wconf 83' lang='grc' dir='ltr'>ἀθάνατον,</span> <span class='ocrx_word' id='word_1_28' title='bbox 1531 843 1623 895; x_wconf 78' lang='grc' dir='ltr'>καὶ</span> <span class='ocrx_word' id='word_1_29' title='bbox 1675 841 1992 912; x_wconf 86' lang='grc' dir='ltr'>ἀχείρωτον,</span> <span class='ocrx_word' id='word_1_30' title='bbox 2043 837 2144 890; x_wconf 79' lang='grc' dir='ltr'>οὐκ</span> 
     </span>
    </p>
   </div>
   <div class='ocr_carea' id='block_1_6' title="bbox 477 924 2142 1001">
    <p class='ocr_par' dir='ltr' id='par_1_6' title="bbox 477 924 2142 1001">
     <span class='ocr_line' id='line_1_6' title="bbox 477 924 2142 1001; baseline -0.008 -13"><span class='ocrx_word' id='word_1_31' title='bbox 477 929 626 989; x_wconf 81' lang='grc' dir='ltr'>εῐκον</span> <span class='ocrx_word' id='word_1_32' title='bbox 648 937 769 997; x_wconf 80' lang='grc' dir='ltr'>ταῖς</span> <span class='ocrx_word' id='word_1_33' title='bbox 788 932 882 986; x_wconf 88' lang='grc' dir='ltr'>τοῦ</span> <span class='ocrx_word' id='word_1_34' title='bbox 915 931 1181 1001; x_wconf 76' lang='grc' dir='ltr'>παρόντος</span> <span class='ocrx_word' id='word_1_35' title='bbox 1216 929 1330 1001; x_wconf 86' lang='grc' dir='ltr'>βίου</span> <span class='ocrx_word' id='word_1_36' title='bbox 1358 928 1716 998; x_wconf 85' lang='grc' dir='ltr'>ἀνωμαλίαις,</span> <span class='ocrx_word' id='word_1_37' title='bbox 1749 926 1861 981; x_wconf 76' lang='grc' dir='ltr'>ἀλλ’</span> <span class='ocrx_word' id='word_1_38' title='bbox 1886 924 2142 996; x_wconf 76' lang='grc' dir='ltr'>ὑπεράνω</span> 
     </span>
    </p>
   </div>
   <div class='ocr_carea' id='block_1_7' title="bbox 475 1010 2141 1090">
    <p class='ocr_par' dir='ltr' id='par_1_7' title="bbox 475 1010 2141 1090">
     <span class='ocr_line' id='line_1_7' title="bbox 475 1010 2141 1090; baseline -0.003 -16"><span class='ocrx_word' id='word_1_39' title='bbox 475 1021 585 1074; x_wconf 84' lang='grc' dir='ltr'>τῶν</span> <span class='ocrx_word' id='word_1_40' title='bbox 607 1019 706 1090; x_wconf 82' lang='grc' dir='ltr'>τῆς</span> <span class='ocrx_word' id='word_1_41' title='bbox 735 1018 932 1081; x_wconf 88' lang='grc' dir='ltr'>κακίας</span> <span class='ocrx_word' id='word_1_42' title='bbox 960 1017 1192 1070; x_wconf 79' lang='grc' dir='ltr'>δικτύων</span> <span class='ocrx_word' id='word_1_43' title='bbox 1211 1015 1584 1086; x_wconf 87' lang='grc' dir='ltr'>ἀφιπταμένη,</span> <span class='ocrx_word' id='word_1_44' title='bbox 1608 1014 1860 1082; x_wconf 84' lang='grc' dir='ltr'>καθάπερ</span> <span class='ocrx_word' id='word_1_45' title='bbox 1880 1011 1971 1081; x_wconf 80' lang='grc' dir='ltr'>ἀφ’</span> <span class='ocrx_word' id='word_1_46' title='bbox 2002 1010 2141 1080; x_wconf 75' lang='grc' dir='ltr'>ὑψη-</span> 
     </span>
    </p>
   </div>
   <div class='ocr_carea' id='block_1_8' title="bbox 475 1098 2140 1186">
    <p class='ocr_par' dir='ltr' id='par_1_8' title="bbox 475 1098 2140 1186">
     <span class='ocr_line' id='line_1_8' title="bbox 475 1098 2140 1186; baseline -0.005 -26"><span class='ocrx_word' id='word_1_47' title='bbox 475 1106 576 1178; x_wconf 82' lang='grc' dir='ltr'>λῆς</span> <span class='ocrx_word' id='word_1_48' title='bbox 609 1122 756 1186; x_wconf 76' lang='grc' dir='ltr'>τινος</span> <span class='ocrx_word' id='word_1_49' title='bbox 799 1107 1052 1169; x_wconf 76' lang='grc' dir='ltr'>σκοπιᾶς,</span> <span class='ocrx_word' id='word_1_50' title='bbox 1087 1103 1258 1166; x_wconf 77' lang='grc' dir='ltr'>οὕτως</span> <span class='ocrx_word' id='word_1_51' title='bbox 1290 1102 1506 1156; x_wconf 68' lang='grc' dir='ltr'>ἅπαντα</span> <span class='ocrx_word' id='word_1_52' title='bbox 1558 1101 1628 1156; x_wconf 91' lang='grc' dir='ltr'>τά</span> <span class='ocrx_word' id='word_1_53' title='bbox 1654 1099 1968 1186; x_wconf 85' lang='grc' dir='ltr'>ἀνθρώπινα</span> <span class='ocrx_word' id='word_1_54' title='bbox 2005 1098 2140 1186; x_wconf 79' lang='grc' dir='ltr'>καθ-</span> 
     </span>
    </p>
   </div>
   <div class='ocr_carea' id='block_1_9' title="bbox 473 1183 2139 1264">
    <p class='ocr_par' dir='ltr' id='par_1_9' title="bbox 473 1183 2139 1264">
     <span class='ocr_line' id='line_1_9' title="bbox 473 1183 2139 1264; baseline -0.006 -18"><span class='ocrx_word' id='word_1_55' title='bbox 473 1192 679 1264; x_wconf 85' lang='grc' dir='ltr'>ορῶσα,</span> <span class='ocrx_word' id='word_1_56' title='bbox 715 1183 926 1255; x_wconf 77' lang='grc' dir='ltr'>οὐδενὸς</span> <span class='ocrx_word' id='word_1_57' title='bbox 971 1190 1352 1244; x_wconf 67' lang='grc' dir='ltr'>ἐπαισθάνεται</span> <span class='ocrx_word' id='word_1_58' title='bbox 1381 1188 1493 1241; x_wconf 85' lang='grc' dir='ltr'>τῶν</span> <span class='ocrx_word' id='word_1_59' title='bbox 1524 1191 1636 1250; x_wconf 77' lang='grc' dir='ltr'>τοῖς</span> <span class='ocrx_word' id='word_1_60' title='bbox 1667 1187 1846 1249; x_wconf 80' lang='grc' dir='ltr'>ἀλλοις</span> <span class='ocrx_word' id='word_1_61' title='bbox 1880 1183 2139 1256; x_wconf 84' lang='grc' dir='ltr'>λυπηρῶν</span> 
     </span>
    </p>
   </div>
   <div class='ocr_carea' id='block_1_10' title="bbox 475 1272 2137 1348">
    <p class='ocr_par' dir='ltr' id='par_1_10' title="bbox 475 1272 2137 1348">
     <span class='ocr_line' id='line_1_10' title="bbox 475 1272 2137 1348; baseline -0.004 -19"><span class='ocrx_word' id='word_1_62' title='bbox 475 1276 836 1348; x_wconf 78' lang='grc' dir='ltr'>φαινομένων.</span> <span class='ocrx_word' id='word_1_63' title='bbox 882 1277 1020 1330; x_wconf 79' lang='grc' dir='ltr'>Ἀλλ’</span> <span class='ocrx_word' id='word_1_64' title='bbox 1066 1276 1254 1346; x_wconf 86' lang='grc' dir='ltr'>ὥσπερ</span> <span class='ocrx_word' id='word_1_65' title='bbox 1281 1275 1310 1328; x_wconf 96' lang='lat'>6</span> <span class='ocrx_word' id='word_1_66' title='bbox 1353 1275 1448 1327; x_wconf 70' lang='grc' dir='ltr'>ἐπὶ</span> <span class='ocrx_word' id='word_1_67' title='bbox 1482 1276 1685 1344; x_wconf 79' lang='grc' dir='ltr'>πέτρας</span> <span class='ocrx_word' id='word_1_68' title='bbox 1735 1272 1878 1334; x_wconf 79' lang='grc' dir='ltr'>τινὸς</span> <span class='ocrx_word' id='word_1_69' title='bbox 1929 1272 2137 1342; x_wconf 75' lang='grc' dir='ltr'>ὑψηλῆς</span> 
     </span>
    </p>
   </div>
   <div class='ocr_carea' id='block_1_11' title="bbox 473 1362 2136 1436">
    <p class='ocr_par' dir='ltr' id='par_1_11' title="bbox 473 1362 2136 1436">
     <span class='ocr_line' id='line_1_11' title="bbox 473 1362 2136 1436; baseline -0.004 -18"><span class='ocrx_word' id='word_1_70' title='bbox 473 1365 646 1429; x_wconf 73' lang='grc' dir='ltr'>ιστὼς</span> <span class='ocrx_word' id='word_1_71' title='bbox 670 1365 946 1436; x_wconf 77' lang='grc' dir='ltr'>καταγελᾷ</span> <span class='ocrx_word' id='word_1_72' title='bbox 977 1363 1085 1418; x_wconf 89' lang='grc' dir='ltr'>τῶν</span> <span class='ocrx_word' id='word_1_73' title='bbox 1107 1363 1391 1433; x_wconf 86' lang='grc' dir='ltr'>κυμάτων,</span> <span class='ocrx_word' id='word_1_74' title='bbox 1414 1362 1630 1415; x_wconf 78' lang='grc' dir='ltr'>ἐπειδὰν</span> <span class='ocrx_word' id='word_1_75' title='bbox 1653 1363 1738 1434; x_wconf 75' lang='grc' dir='ltr'>ἴδῃ</span> <span class='ocrx_word' id='word_1_76' title='bbox 1769 1362 1943 1416; x_wconf 89' lang='grc' dir='ltr'>ταῦτα</span> <span class='ocrx_word' id='word_1_77' title='bbox 1968 1377 2136 1432; x_wconf 86' lang='grc' dir='ltr'>προσ-</span> 
     </span>
    </p>
   </div>
   <div class='ocr_carea' id='block_1_12' title="bbox 473 1446 2135 1522">
    <p class='ocr_par' dir='ltr' id='par_1_12' title="bbox 473 1446 2135 1522">
     <span class='ocr_line' id='line_1_12' title="bbox 473 1446 2135 1522; baseline -0.002 -19"><span class='ocrx_word' id='word_1_78' title='bbox 473 1450 790 1522; x_wconf 70' lang='grc' dir='ltr'>ρηγνύμενα</span> <span class='ocrx_word' id='word_1_79' title='bbox 826 1452 922 1520; x_wconf 71' lang='grc' dir='ltr'>μὲν</span> <span class='ocrx_word' id='word_1_80' title='bbox 972 1453 1039 1520; x_wconf 79' lang='grc' dir='ltr'>τῇ</span> <span class='ocrx_word' id='word_1_81' title='bbox 1079 1451 1277 1520; x_wconf 75' lang='grc' dir='ltr'>πέτρα,</span> <span class='ocrx_word' id='word_1_82' title='bbox 1328 1452 1404 1512; x_wconf 85' lang='grc' dir='ltr'>εἰς</span> <span class='ocrx_word' id='word_1_83' title='bbox 1458 1450 1624 1518; x_wconf 79' lang='grc' dir='ltr'>ἀφρὸν</span> <span class='ocrx_word' id='word_1_84' title='bbox 1654 1449 1709 1501; x_wconf 76' lang='grc' dir='ltr'>δὲ</span> <span class='ocrx_word' id='word_1_85' title='bbox 1744 1449 1905 1510; x_wconf 77' lang='grc' dir='ltr'>εὐθὺς</span> <span class='ocrx_word' id='word_1_86' title='bbox 1927 1446 2135 1501; x_wconf 87' lang='grc' dir='ltr'>διαλυό-</span> 
     </span>
    </p>
   </div>
   <div class='ocr_carea' id='block_1_13' title="bbox 476 1533 2138 1607">
    <p class='ocr_par' dir='ltr' id='par_1_13' title="bbox 476 1533 2138 1607">
     <span class='ocr_line' id='line_1_13' title="bbox 476 1533 2138 1607; baseline -0.002 -19"><span class='ocrx_word' id='word_1_87' title='bbox 476 1553 616 1606; x_wconf 85' lang='grc' dir='ltr'>μενα</span> <span class='ocrx_word' id='word_1_88' title='bbox 636 1553 653 1568; x_wconf 78' lang='grc' dir='ltr'><strong>ο</strong></span> <span class='ocrx_word' id='word_1_89' title='bbox 692 1535 834 1590; x_wconf 79' lang='grc' dir='ltr'>οὕτω</span> <span class='ocrx_word' id='word_1_90' title='bbox 862 1535 927 1607; x_wconf 74' lang='grc' dir='ltr'>δὴ</span> <span class='ocrx_word' id='word_1_91' title='bbox 965 1535 1062 1589; x_wconf 70' lang='grc' dir='ltr'>καὶ</span> <span class='ocrx_word' id='word_1_92' title='bbox 1093 1537 1121 1588; x_wconf 87' lang='grc' dir='ltr'>ό</span> <span class='ocrx_word' id='word_1_93' title='bbox 1171 1535 1268 1605; x_wconf 82' lang='grc' dir='ltr'>τὴν</span> <span class='ocrx_word' id='word_1_94' title='bbox 1323 1536 1523 1606; x_wconf 76' lang='grc' dir='ltr'>ἀρετὴν</span> <span class='ocrx_word' id='word_1_95' title='bbox 1555 1533 1771 1605; x_wconf 78' lang='grc' dir='ltr'>μετιὼν,</span> <span class='ocrx_word' id='word_1_96' title='bbox 1814 1537 1870 1587; x_wconf 78' lang='grc' dir='ltr'>ἐν</span> <span class='ocrx_word' id='word_1_97' title='bbox 1906 1535 2138 1602; x_wconf 79' lang='grc' dir='ltr'>ἀσφαλεῖ</span> 
     </span>
    </p>
   </div>
   <div class='ocr_carea' id='block_1_14' title="bbox 472 1621 2136 1694">
    <p class='ocr_par' dir='ltr' id='par_1_14' title="bbox 472 1621 2136 1694">
     <span class='ocr_line' id='line_1_14' title="bbox 472 1621 2136 1694; baseline -0.004 -17"><span class='ocrx_word' id='word_1_98' title='bbox 472 1623 658 1694; x_wconf 79' lang='grc' dir='ltr'>χωρίῳ</span> <span class='ocrx_word' id='word_1_99' title='bbox 688 1621 968 1685; x_wconf 76' lang='grc' dir='ltr'>καθεστὼς</span> <span class='ocrx_word' id='word_1_100' title='bbox 991 1622 1142 1675; x_wconf 72' lang='grc' dir='ltr'>οὐδὲν</span> <span class='ocrx_word' id='word_1_101' title='bbox 1162 1621 1322 1690; x_wconf 75' lang='grc' dir='ltr'>ἀηδὲς</span> <span class='ocrx_word' id='word_1_102' title='bbox 1348 1621 1604 1690; x_wconf 82' lang='grc' dir='ltr'>ὑπομένει</span> <span class='ocrx_word' id='word_1_103' title='bbox 1625 1622 1727 1673; x_wconf 83' lang='grc' dir='ltr'>ὑπὸ</span> <span class='ocrx_word' id='word_1_104' title='bbox 1745 1621 1843 1688; x_wconf 83' lang='grc' dir='ltr'>τῆς</span> <span class='ocrx_word' id='word_1_105' title='bbox 1873 1621 1977 1672; x_wconf 89' lang='grc' dir='ltr'>τῶν</span> <span class='ocrx_word' id='word_1_106' title='bbox 2002 1637 2136 1690; x_wconf 77' lang='grc' dir='ltr'>πραο</span> 
     </span>
    </p>
   </div>
   <div class='ocr_carea' id='block_1_15' title="bbox 471 1705 2134 1780">
    <p class='ocr_par' dir='ltr' id='par_1_15' title="bbox 471 1705 2134 1780">
     <span class='ocr_line' id='line_1_15' title="bbox 471 1705 2134 1780; baseline -0.004 -15"><span class='ocrx_word' id='word_1_107' title='bbox 471 1711 700 1779; x_wconf 79' lang='grc' dir='ltr'>γμάτων</span> <span class='ocrx_word' id='word_1_108' title='bbox 725 1709 987 1780; x_wconf 78' lang='grc' dir='ltr'>ταραχῆς,</span> <span class='ocrx_word' id='word_1_109' title='bbox 1014 1707 1128 1761; x_wconf 80' lang='grc' dir='ltr'>ἀλλ’</span> <span class='ocrx_word' id='word_1_110' title='bbox 1157 1709 1214 1760; x_wconf 77' lang='grc' dir='ltr'>ἐν</span> <span class='ocrx_word' id='word_1_111' title='bbox 1234 1705 1431 1776; x_wconf 72' lang='grc' dir='ltr'>ἡσυχία</span> <span class='ocrx_word' id='word_1_112' title='bbox 1449 1707 1680 1776; x_wconf 86' lang='grc' dir='ltr'>κάθηται</span> <span class='ocrx_word' id='word_1_113' title='bbox 1699 1710 1766 1776; x_wconf 73' lang='grc' dir='ltr'>τῇ</span> <span class='ocrx_word' id='word_1_114' title='bbox 1787 1707 1893 1758; x_wconf 85' lang='grc' dir='ltr'>τῶν</span> <span class='ocrx_word' id='word_1_115' title='bbox 1919 1707 2134 1759; x_wconf 84' lang='grc' dir='ltr'>οἰκείων</span> 
     </span>
    </p>
   </div>
   <div class='ocr_carea' id='block_1_16' title="bbox 471 1791 2134 1865">
    <p class='ocr_par' dir='ltr' id='par_1_16' title="bbox 471 1791 2134 1865">
     <span class='ocr_line' id='line_1_16' title="bbox 471 1791 2134 1865; baseline -0.002 -16"><span class='ocrx_word' id='word_1_116' title='bbox 471 1794 746 1865; x_wconf 80' lang='grc' dir='ltr'>λογισμῶν</span> <span class='ocrx_word' id='word_1_117' title='bbox 771 1793 1056 1865; x_wconf 79' lang='grc' dir='ltr'>ἐντρυφῶν</span> <span class='ocrx_word' id='word_1_118' title='bbox 1083 1792 1309 1863; x_wconf 77' lang='grc' dir='ltr'>γαλήνῃ,</span> <span class='ocrx_word' id='word_1_119' title='bbox 1346 1791 1441 1846; x_wconf 68' lang='grc' dir='ltr'>καλ⁸</span> <span class='ocrx_word' id='word_1_120' title='bbox 1474 1792 1690 1856; x_wconf 89' lang='grc' dir='ltr'>ἐννοῶν,</span> <span class='ocrx_word' id='word_1_121' title='bbox 1744 1793 1818 1855; x_wconf 85' lang='grc' dir='ltr'>ὡς</span> <span class='ocrx_word' id='word_1_122' title='bbox 1846 1792 1998 1844; x_wconf 78' lang='grc' dir='ltr'>οὐδὲν</span> <span class='ocrx_word' id='word_1_123' title='bbox 2023 1794 2134 1845; x_wconf 89' lang='grc' dir='ltr'>τῶν</span> 
     </span>
    </p>
   </div>
   <div class='ocr_carea' id='block_1_17' title="bbox 471 1877 2132 1952">
    <p class='ocr_par' dir='ltr' id='par_1_17' title="bbox 471 1877 2132 1952">
     <span class='ocr_line' id='line_1_17' title="bbox 471 1877 2132 1952; baseline -0.005 -14"><span class='ocrx_word' id='word_1_124' title='bbox 471 1881 754 1952; x_wconf 74' lang='grc' dir='ltr'>ποταμίων</span> <span class='ocrx_word' id='word_1_125' title='bbox 807 1880 1091 1950; x_wconf 74' lang='grc' dir='ltr'>ῥευμάτων</span> <span class='ocrx_word' id='word_1_126' title='bbox 1144 1879 1414 1950; x_wconf 74' lang='grc' dir='ltr'>διενήνοχε</span> <span class='ocrx_word' id='word_1_127' title='bbox 1464 1879 1535 1933; x_wconf 81' lang='grc' dir='ltr'>τὰ</span> <span class='ocrx_word' id='word_1_128' title='bbox 1571 1878 1664 1932; x_wconf 90' lang='grc' dir='ltr'>τοῦ</span> <span class='ocrx_word' id='word_1_129' title='bbox 1721 1879 1985 1948; x_wconf 84' lang='grc' dir='ltr'>παρόντος</span> <span class='ocrx_word' id='word_1_130' title='bbox 2017 1877 2132 1947; x_wconf 86' lang='grc' dir='ltr'>βίου</span> 
     </span>
    </p>
   </div>
   <div class='ocr_carea' id='block_1_18' title="bbox 469 1962 2130 2038">
    <p class='ocr_par' dir='ltr' id='par_1_18' title="bbox 469 1962 2130 2038">
     <span class='ocr_line' id='line_1_18' title="bbox 469 1962 2130 2038; baseline -0.004 -18"><span class='ocrx_word' id='word_1_131' title='bbox 469 1967 768 2038; x_wconf 79' lang='grc' dir='ltr'>πράγματα</span> <span class='ocrx_word' id='word_1_132' title='bbox 805 1965 943 2035; x_wconf 86' lang='grc' dir='ltr'>μετά</span> <span class='ocrx_word' id='word_1_133' title='bbox 963 1967 1231 2034; x_wconf 81' lang='grc' dir='ltr'>τοσαύτης</span> <span class='ocrx_word' id='word_1_134' title='bbox 1259 1965 1505 2028; x_wconf 74' lang='grc' dir='ltr'>εὐκολίας</span> <span class='ocrx_word' id='word_1_135' title='bbox 1526 1966 1620 2017; x_wconf 66' lang='grc' dir='ltr'>καὶ¹</span> <span class='ocrx_word' id='word_1_136' title='bbox 1646 1963 1822 2034; x_wconf 77' lang='grc' dir='ltr'>ῥύμης</span> <span class='ocrx_word' id='word_1_137' title='bbox 1855 1962 2130 2034; x_wconf 86' lang='grc' dir='ltr'>παρατρέ-</span> 
     </span>
    </p>
   </div>
   <div class='ocr_carea' id='block_1_19' title="bbox 469 2049 2131 2123">
    <p class='ocr_par' dir='ltr' id='par_1_19' title="bbox 469 2049 2131 2123">
     <span class='ocr_line' id='line_1_19' title="bbox 469 2049 2131 2123; baseline -0.002 -17"><span class='ocrx_word' id='word_1_138' title='bbox 469 2069 652 2123; x_wconf 85' lang='grc' dir='ltr'>χοντα.</span> <span class='ocrx_word' id='word_1_139' title='bbox 687 2051 955 2122; x_wconf 74' lang='grc' dir='ltr'>Καθάπερ</span> <span class='ocrx_word' id='word_1_140' title='bbox 988 2052 1094 2122; x_wconf 89' lang='grc' dir='ltr'>γάρ</span> <span class='ocrx_word' id='word_1_141' title='bbox 1128 2051 1274 2106; x_wconf 67' lang='grc' dir='ltr'>ἔστιν</span> <span class='ocrx_word' id='word_1_142' title='bbox 1311 2052 1441 2105; x_wconf 80' lang='grc' dir='ltr'>ίδεῖν</span> <span class='ocrx_word' id='word_1_143' title='bbox 1469 2052 1538 2105; x_wconf 84' lang='grc' dir='ltr'>τά</span> <span class='ocrx_word' id='word_1_144' title='bbox 1571 2052 1671 2121; x_wconf 79' lang='grc' dir='ltr'>τῆς</span> <span class='ocrx_word' id='word_1_145' title='bbox 1721 2051 1994 2121; x_wconf 78' lang='grc' dir='ltr'>θαλάσσης</span> <span class='ocrx_word' id='word_1_146' title='bbox 2035 2049 2131 2103; x_wconf 88' lang='grc' dir='ltr'>κύ-</span> 
     </span>
    </p>
   </div>
   <div class='ocr_carea' id='block_1_20' title="bbox 473 2137 2130 2208">
    <p class='ocr_par' dir='ltr' id='par_1_20' title="bbox 473 2137 2130 2208">
     <span class='ocr_line' id='line_1_20' title="bbox 473 2137 2130 2208; baseline -0.001 -16"><span class='ocrx_word' id='word_1_147' title='bbox 473 2142 620 2207; x_wconf 80' lang='grc' dir='ltr'>ματα</span> <span class='ocrx_word' id='word_1_148' title='bbox 645 2138 737 2192; x_wconf 88' lang='grc' dir='ltr'>νῦν</span> <span class='ocrx_word' id='word_1_149' title='bbox 769 2140 867 2208; x_wconf 75' lang='grc' dir='ltr'>μὲν</span> <span class='ocrx_word' id='word_1_150' title='bbox 903 2141 984 2202; x_wconf 87' lang='grc' dir='ltr'>εἰς</span> <span class='ocrx_word' id='word_1_151' title='bbox 1012 2137 1144 2207; x_wconf 72' lang='grc' dir='ltr'>ὕψος</span> <span class='ocrx_word' id='word_1_152' title='bbox 1179 2139 1384 2205; x_wconf 74' lang='grc' dir='ltr'>ἄφατον</span> <span class='ocrx_word' id='word_1_153' title='bbox 1411 2140 1695 2208; x_wconf 88' lang='grc' dir='ltr'>αἰρόμενα,</span> <span class='ocrx_word' id='word_1_154' title='bbox 1725 2137 1918 2208; x_wconf 90' lang='grc' dir='ltr'>ἀθρόον</span> <span class='ocrx_word' id='word_1_155' title='bbox 1938 2137 1994 2189; x_wconf 85' lang='grc' dir='ltr'>δὲ</span> <span class='ocrx_word' id='word_1_156' title='bbox 2027 2138 2130 2190; x_wconf 87' lang='grc' dir='ltr'>πά-</span> 
     </span>
    </p>
   </div>
   <div class='ocr_carea' id='block_1_21' title="bbox 466 2223 2131 2296">
    <p class='ocr_par' dir='ltr' id='par_1_21' title="bbox 466 2223 2131 2296">
     <span class='ocr_line' id='line_1_21' title="bbox 466 2223 2131 2296; baseline 0.001 -20"><span class='ocrx_word' id='word_1_157' title='bbox 466 2223 553 2276; x_wconf 89' lang='grc' dir='ltr'>λιν</span> <span class='ocrx_word' id='word_1_158' title='bbox 573 2225 967 2294; x_wconf 76' lang='grc' dir='ltr'>ταπεινούμενα</span> <span class='ocrx_word' id='word_1_159' title='bbox 986 2243 998 2256; x_wconf 89' lang='grc'><strong>·</strong></span> <span class='ocrx_word' id='word_1_160' title='bbox 1025 2226 1117 2278; x_wconf 84' lang='grc' dir='ltr'>τὸν</span> <span class='ocrx_word' id='word_1_161' title='bbox 1144 2225 1394 2296; x_wconf 52' lang='grc' dir='ltr'>αὑτὸνκδή</span> <span class='ocrx_word' id='word_1_162' title='bbox 1418 2225 1617 2295; x_wconf 85' lang='grc' dir='ltr'>τρόπον</span> <span class='ocrx_word' id='word_1_163' title='bbox 1649 2225 1740 2277; x_wconf 77' lang='grc' dir='ltr'>καὶ</span> <span class='ocrx_word' id='word_1_164' title='bbox 1772 2227 1896 2286; x_wconf 78' lang='grc' dir='ltr'>τοὺς</span> <span class='ocrx_word' id='word_1_165' title='bbox 1928 2223 2131 2293; x_wconf 81' lang='grc' dir='ltr'>ἀρετῆς</span> 
     </span>
    </p>
   </div>
   <div class='ocr_carea' id='block_1_22' title="bbox 470 2310 2123 2384">
    <p class='ocr_par' dir='ltr' id='par_1_22' title="bbox 470 2310 2123 2384">
     <span class='ocr_line' id='line_1_22' title="bbox 470 2310 2123 2384; baseline -0.001 -18"><span class='ocrx_word' id='word_1_166' title='bbox 470 2310 623 2384; x_wconf 67' lang='grc'>1206]</span> <span class='ocrx_word' id='word_1_167' title='bbox 652 2312 1008 2381; x_wconf 86' lang='grc' dir='ltr'>ἀμελοῦντας,</span> <span class='ocrx_word' id='word_1_168' title='bbox 1036 2313 1128 2368; x_wconf 73' lang='grc' dir='ltr'>καὶ</span> <span class='ocrx_word' id='word_1_169' title='bbox 1178 2315 1276 2384; x_wconf 84' lang='grc' dir='ltr'>τήν</span> <span class='ocrx_word' id='word_1_170' title='bbox 1329 2313 1527 2368; x_wconf 80' lang='grc' dir='ltr'>κακίαν</span> <span class='ocrx_word' id='word_1_171' title='bbox 1562 2314 1842 2382; x_wconf 81' lang='grc' dir='ltr'>μετιόντας</span> <span class='ocrx_word' id='word_1_172' title='bbox 1888 2315 2123 2384; x_wconf 73' lang='grc' dir='ltr'>ὁρῶμεν,</span> 
     </span>
    </p>
   </div>
   <div class='ocr_carea' id='block_1_23' title="bbox 465 2396 2120 2470">
    <p class='ocr_par' dir='ltr' id='par_1_23' title="bbox 465 2396 2120 2470">
     <span class='ocr_line' id='line_1_23' title="bbox 465 2396 2120 2470; baseline 0.001 -18"><span class='ocrx_word' id='word_1_173' title='bbox 465 2396 563 2452; x_wconf 88' lang='grc' dir='ltr'>νῦν</span> <span class='ocrx_word' id='word_1_174' title='bbox 593 2398 691 2467; x_wconf 72' lang='grc' dir='ltr'>μὲν</span> <span class='ocrx_word' id='word_1_175' title='bbox 722 2398 1276 2470; x_wconf 81' lang='grc' dir='ltr'>μεγαλοφρονοῦντας,</span> <span class='ocrx_word' id='word_1_176' title='bbox 1303 2401 1394 2453; x_wconf 79' lang='grc' dir='ltr'>καὶ</span> <span class='ocrx_word' id='word_1_177' title='bbox 1422 2402 1520 2463; x_wconf 91' lang='grc' dir='ltr'>τάς</span> <span class='ocrx_word' id='word_1_178' title='bbox 1545 2400 1715 2470; x_wconf 82' lang='grc' dir='ltr'>ὀφρῦς</span> <span class='ocrx_word' id='word_1_179' title='bbox 1747 2399 2120 2461; x_wconf 83' lang='grc' dir='ltr'>ἀνασπῶντας,</span> 
     </span>
    </p>
   </div>
   <div class='ocr_carea' id='block_1_24' title="bbox 465 2483 2122 2556">
    <p class='ocr_par' dir='ltr' id='par_1_24' title="bbox 465 2483 2122 2556">
     <span class='ocr_line' id='line_1_24' title="bbox 465 2483 2122 2556; baseline 0.001 -20"><span class='ocrx_word' id='word_1_180' title='bbox 465 2483 561 2536; x_wconf 76' lang='grc' dir='ltr'>καὶ</span> <span class='ocrx_word' id='word_1_181' title='bbox 592 2485 720 2554; x_wconf 74' lang='grc' dir='ltr'>περὶ</span> <span class='ocrx_word' id='word_1_182' title='bbox 740 2483 812 2538; x_wconf 79' lang='grc' dir='ltr'>τά</span> <span class='ocrx_word' id='word_1_183' title='bbox 827 2484 921 2537; x_wconf 89' lang='grc' dir='ltr'>τοῦ</span> <span class='ocrx_word' id='word_1_184' title='bbox 953 2485 1215 2556; x_wconf 84' lang='grc' dir='ltr'>παρόντος</span> <span class='ocrx_word' id='word_1_185' title='bbox 1249 2484 1362 2554; x_wconf 87' lang='grc' dir='ltr'>βίου</span> <span class='ocrx_word' id='word_1_186' title='bbox 1407 2487 1706 2556; x_wconf 87' lang='grc' dir='ltr'>πράγματα</span> <span class='ocrx_word' id='word_1_187' title='bbox 1739 2488 2122 2554; x_wconf 77' lang='grc' dir='ltr'>ἐπτοημένους,</span> 
     </span>
    </p>
   </div>
   <div class='ocr_carea' id='block_1_25' title="bbox 465 2569 2124 2643">
    <p class='ocr_par' dir='ltr' id='par_1_25' title="bbox 465 2569 2124 2643">
     <span class='ocr_line' id='line_1_25' title="bbox 465 2569 2124 2643; baseline 0.001 -20"><span class='ocrx_word' id='word_1_188' title='bbox 465 2569 658 2639; x_wconf 78' lang='grc' dir='ltr'>ἁθρόον</span> <span class='ocrx_word' id='word_1_189' title='bbox 682 2570 738 2623; x_wconf 75' lang='grc' dir='ltr'>δὲ</span> <span class='ocrx_word' id='word_1_190' title='bbox 754 2572 1230 2642; x_wconf 75' lang='grc' dir='ltr'>ταπεινουμένους,</span> <span class='ocrx_word' id='word_1_191' title='bbox 1263 2573 1353 2626; x_wconf 76' lang='grc' dir='ltr'>καὶ</span> <span class='ocrx_word' id='word_1_192' title='bbox 1372 2575 1452 2636; x_wconf 85' lang='grc' dir='ltr'>είς</span> <span class='ocrx_word' id='word_1_193' title='bbox 1481 2573 1712 2643; x_wconf 88' lang='grc' dir='ltr'>ἐσχάτην</span> <span class='ocrx_word' id='word_1_194' title='bbox 1735 2573 2124 2642; x_wconf 80' lang='grc' dir='ltr'>ἐλαυνομένους</span> 
     </span>
    </p>
   </div>
   <div class='ocr_carea' id='block_1_26' title="bbox 463 2656 2123 2731">
    <p class='ocr_par' dir='ltr' id='par_1_26' title="bbox 463 2656 2123 2731">
     <span class='ocr_line' id='line_1_26' title="bbox 463 2656 2123 2731; baseline 0.002 -22"><span class='ocrx_word' id='word_1_195' title='bbox 463 2656 676 2711; x_wconf 78' lang='grc' dir='ltr'>πενίαν.</span> <span class='ocrx_word' id='word_1_196' title='bbox 715 2658 946 2723; x_wconf 85' lang='grc' dir='ltr'>Τούτους</span> <span class='ocrx_word' id='word_1_197' title='bbox 975 2659 1082 2731; x_wconf 79' lang='grc' dir='ltr'>γὰρ</span> <span class='ocrx_word' id='word_1_198' title='bbox 1115 2661 1208 2714; x_wconf 82' lang='grc' dir='ltr'>καὶ</span> <span class='ocrx_word' id='word_1_199' title='bbox 1232 2661 1261 2712; x_wconf 93' lang='lat'>6</span> <span class='ocrx_word' id='word_1_200' title='bbox 1291 2661 1558 2730; x_wconf 84' lang='grc' dir='ltr'>μακάριος</span> <span class='ocrx_word' id='word_1_201' title='bbox 1591 2661 1754 2712; x_wconf 75' lang='grc' dir='ltr'>Δαυῖδ</span> <span class='ocrx_word' id='word_1_202' title='bbox 1780 2662 1807 2712; x_wconf 83' lang='grc' dir='ltr'>ὁ</span> <span class='ocrx_word' id='word_1_203' title='bbox 1841 2662 2123 2729; x_wconf 72' lang='grc' dir='ltr'>προφήτης</span> 
     </span>
    </p>
   </div>
   <div class='ocr_carea' id='block_1_27' title="bbox 461 2740 2120 2816">
    <p class='ocr_par' dir='ltr' id='par_1_27' title="bbox 461 2740 2120 2816">
     <span class='ocr_line' id='line_1_27' title="bbox 461 2740 2120 2816; baseline 0.002 -19"><span class='ocrx_word' id='word_1_204' title='bbox 461 2740 830 2814; x_wconf 73' lang='grc' dir='ltr'>αἰνιττόμενος</span> <span class='ocrx_word' id='word_1_205' title='bbox 879 2747 1065 2816; x_wconf 76' lang='grc' dir='ltr'>ἐλεγέ·</span> <span class='ocrx_word' id='word_1_206' title='bbox 1111 2747 1208 2815; x_wconf 79' lang='grc' dir='ltr'>Μὴ</span> <span class='ocrx_word' id='word_1_207' title='bbox 1260 2748 1448 2816; x_wconf 73' lang='grc' dir='ltr'>φοϐοῦ</span> <span class='ocrx_word' id='word_1_208' title='bbox 1492 2749 1638 2801; x_wconf 84' lang='grc' dir='ltr'>ὅταν</span> <span class='ocrx_word' id='word_1_209' title='bbox 1665 2748 1981 2816; x_wconf 72' lang='grc' dir='ltr'>πλουτήσῃ</span> <span class='ocrx_word' id='word_1_210' title='bbox 2016 2749 2120 2800; x_wconf 82' lang='grc' dir='ltr'>ἇν-</span> 
     </span>
    </p>
   </div>
   <div class='ocr_carea' id='block_1_28' title="bbox 459 2834 2118 2903">
    <p class='ocr_par' dir='ltr' id='par_1_28' title="bbox 459 2834 2118 2903">
     <span class='ocr_line' id='line_1_28' title="bbox 459 2834 2118 2903; baseline 0 -15"><span class='ocrx_word' id='word_1_211' title='bbox 459 2839 711 2900; x_wconf 73' lang='grc' dir='ltr'>θρωπος,</span> <span class='ocrx_word' id='word_1_212' title='bbox 743 2835 781 2901; x_wconf 77' lang='grc' dir='ltr'>ἢ</span> <span class='ocrx_word' id='word_1_213' title='bbox 809 2835 954 2889; x_wconf 78' lang='grc' dir='ltr'>ὅταν</span> <span class='ocrx_word' id='word_1_214' title='bbox 973 2834 1290 2903; x_wconf 73' lang='grc' dir='ltr'>πληθυνθῇ</span> <span class='ocrx_word' id='word_1_215' title='bbox 1318 2836 1357 2903; x_wconf 77' lang='grc' dir='ltr'><em>ὴ</em></span> <span class='ocrx_word' id='word_1_216' title='bbox 1389 2835 1538 2898; x_wconf 78' lang='grc' dir='ltr'>δόξα</span> <span class='ocrx_word' id='word_1_217' title='bbox 1568 2837 1673 2890; x_wconf 82' lang='grc' dir='ltr'>τοῦ</span> <span class='ocrx_word' id='word_1_218' title='bbox 1705 2838 1872 2889; x_wconf 76' lang='grc' dir='ltr'>οἴκου</span> <span class='ocrx_word' id='word_1_219' title='bbox 1903 2835 2118 2889; x_wconf 83' lang='grc' dir='ltr'>αὑτοῦ·</span> 
     </span>
    </p>
   </div>
   <div class='ocr_carea' id='block_1_29' title="bbox 457 2917 2119 2989">
    <p class='ocr_par' dir='ltr' id='par_1_29' title="bbox 457 2917 2119 2989">
     <span class='ocr_line' id='line_1_29' title="bbox 457 2917 2119 2989; baseline 0.005 -20"><span class='ocrx_word' id='word_1_220' title='bbox 457 2917 548 2970; x_wconf 74' lang='grc' dir='ltr'>ὅτι</span> <span class='ocrx_word' id='word_1_221' title='bbox 575 2920 685 2972; x_wconf 87' lang='grc' dir='ltr'>οὐκ</span> <span class='ocrx_word' id='word_1_222' title='bbox 724 2919 792 2972; x_wconf 75' lang='grc' dir='ltr'>ἐν</span> <span class='ocrx_word' id='word_1_223' title='bbox 812 2919 891 2983; x_wconf 81' lang='grc' dir='ltr'>τῷ</span> <span class='ocrx_word' id='word_1_224' title='bbox 907 2921 1318 2986; x_wconf 74' lang='grc' dir='ltr'>ἀποθνήσκειν</span> <span class='ocrx_word' id='word_1_225' title='bbox 1330 2923 1518 2974; x_wconf 78' lang='grc' dir='ltr'>αὐτὸν</span> <span class='ocrx_word' id='word_1_226' title='bbox 1535 2922 1784 2989; x_wconf 66' lang='grc' dir='ltr'>λήψεται</span> <span class='ocrx_word' id='word_1_227' title='bbox 1810 2920 1881 2974; x_wconf 83' lang='grc' dir='ltr'>τὰ</span> <span class='ocrx_word' id='word_1_228' title='bbox 1905 2921 2119 2976; x_wconf 74' lang='grc' dir='ltr'>πάντα.</span> 
     </span>
    </p>
   </div>
   <div class='ocr_carea' id='block_1_30' title="bbox 459 3001 2117 3078">
    <p class='ocr_par' dir='ltr' id='par_1_30' title="bbox 459 3001 2117 3078">
     <span class='ocr_line' id='line_1_30' title="bbox 459 3001 2117 3078; baseline -0.001 -17"><span class='ocrx_word' id='word_1_229' title='bbox 459 3007 564 3062; x_wconf 76' lang='grc' dir='ltr'>Καὶ</span> <span class='ocrx_word' id='word_1_230' title='bbox 598 3007 775 3070; x_wconf 83' lang='grc' dir='ltr'>καλῶς</span> <span class='ocrx_word' id='word_1_231' title='bbox 811 3001 953 3068; x_wconf 76' lang='grc' dir='ltr'>εἶπε,</span> <span class='ocrx_word' id='word_1_232' title='bbox 976 3006 1072 3074; x_wconf 78' lang='grc' dir='ltr'>Μὴ</span> <span class='ocrx_word' id='word_1_233' title='bbox 1100 3005 1309 3075; x_wconf 71' lang='grc' dir='ltr'>φοϐοῦ.</span> <span class='ocrx_word' id='word_1_234' title='bbox 1345 3007 1434 3076; x_wconf 82' lang='grc' dir='ltr'>Μή</span> <span class='ocrx_word' id='word_1_235' title='bbox 1474 3024 1530 3059; x_wconf 84' lang='grc' dir='ltr'>σε</span> <span class='ocrx_word' id='word_1_236' title='bbox 1567 3006 1884 3078; x_wconf 77' lang='grc' dir='ltr'>θορυσείτω,</span> <span class='ocrx_word' id='word_1_237' title='bbox 1932 3010 2117 3078; x_wconf 75' lang='grc' dir='ltr'>φησιν,</span> 
     </span>
    </p>
   </div>
   <div class='ocr_carea' id='block_1_31' title="bbox 458 3093 2114 3164">
    <p class='ocr_par' dir='ltr' id='par_1_31' title="bbox 458 3093 2114 3164">
     <span class='ocr_line' id='line_1_31' title="bbox 458 3093 2114 3164; baseline 0.001 -16"><span class='ocrx_word' id='word_1_238' title='bbox 458 3096 494 3163; x_wconf 93' lang='grc' dir='ltr'>ή</span> <span class='ocrx_word' id='word_1_239' title='bbox 527 3093 622 3148; x_wconf 88' lang='grc' dir='ltr'>τοῦ</span> <span class='ocrx_word' id='word_1_240' title='bbox 669 3093 896 3147; x_wconf 88' lang='grc' dir='ltr'>πλούτου</span> <span class='ocrx_word' id='word_1_241' title='bbox 939 3094 1242 3164; x_wconf 79' lang='grc' dir='ltr'>περιουσία,</span> <span class='ocrx_word' id='word_1_242' title='bbox 1276 3095 1372 3162; x_wconf 73' lang='grc' dir='ltr'>καὶ</span> <span class='ocrx_word' id='word_1_243' title='bbox 1402 3096 1435 3164; x_wconf 88' lang='grc' dir='ltr'>ή</span> <span class='ocrx_word' id='word_1_244' title='bbox 1457 3095 1555 3162; x_wconf 79' lang='grc' dir='ltr'>τῆς</span> <span class='ocrx_word' id='word_1_245' title='bbox 1582 3094 1739 3158; x_wconf 76' lang='grc' dir='ltr'>δόξης</span> <span class='ocrx_word' id='word_1_246' title='bbox 1772 3096 2114 3164; x_wconf 77' lang='grc' dir='ltr'>περιφάνεια.</span> 
     </span>
    </p>
   </div>
   <div class='ocr_carea' id='block_1_32' title="bbox 463 3178 2117 3252">
    <p class='ocr_par' dir='ltr' id='par_1_32' title="bbox 463 3178 2117 3252">
     <span class='ocr_line' id='line_1_32' title="bbox 463 3178 2117 3252; baseline 0 -20"><span class='ocrx_word' id='word_1_247' title='bbox 463 3181 624 3250; x_wconf 84' lang='grc' dir='ltr'>Ὀψει</span> <span class='ocrx_word' id='word_1_248' title='bbox 664 3181 771 3251; x_wconf 85' lang='grc' dir='ltr'>γάρ</span> <span class='ocrx_word' id='word_1_249' title='bbox 801 3181 914 3250; x_wconf 74' lang='grc' dir='ltr'>μετ’</span> <span class='ocrx_word' id='word_1_250' title='bbox 941 3180 1001 3231; x_wconf 88' lang='lat'>06</span> <span class='ocrx_word' id='word_1_251' title='bbox 1031 3178 1163 3232; x_wconf 77' lang='grc' dir='ltr'>πολὺ</span> <span class='ocrx_word' id='word_1_252' title='bbox 1201 3179 1376 3248; x_wconf 74' lang='grc' dir='ltr'>χαμαὶ</span> <span class='ocrx_word' id='word_1_253' title='bbox 1428 3180 1695 3248; x_wconf 88' lang='grc' dir='ltr'>κείμενον,</span> <span class='ocrx_word' id='word_1_254' title='bbox 1741 3180 2117 3252; x_wconf 87' lang='grc' dir='ltr'>ἀνενέργητον,</span> 
     </span>
    </p>
   </div>
   <div class='ocr_carea' id='block_1_33' title="bbox 459 3265 2116 3339">
    <p class='ocr_par' dir='ltr' id='par_1_33' title="bbox 459 3265 2116 3339">
     <span class='ocr_line' id='line_1_33' title="bbox 459 3265 2116 3339; baseline 0 -19"><span class='ocrx_word' id='word_1_255' title='bbox 459 3267 672 3339; x_wconf 79' lang='grc' dir='ltr'>νεκρὸν,</span> <span class='ocrx_word' id='word_1_256' title='bbox 703 3266 1052 3337; x_wconf 74' lang='grc' dir='ltr'>ἐρριμμένον,</span> <span class='ocrx_word' id='word_1_257' title='bbox 1086 3265 1382 3335; x_wconf 74' lang='grc' dir='ltr'>σκωλήκων</span> <span class='ocrx_word' id='word_1_258' title='bbox 1420 3267 1736 3334; x_wconf 87' lang='grc' dir='ltr'>γιγνόμενον</span> <span class='ocrx_word' id='word_1_259' title='bbox 1766 3267 1990 3336; x_wconf 71' lang='grc' dir='ltr'>τροφὴν,</span> <span class='ocrx_word' id='word_1_260' title='bbox 2022 3285 2116 3335; x_wconf 87' lang='grc' dir='ltr'>γυ-</span> 
     </span>
    </p>
   </div>
   <div class='ocr_carea' id='block_1_34' title="bbox 462 3350 2118 3421">
    <p class='ocr_par' dir='ltr' id='par_1_34' title="bbox 462 3350 2118 3421">
     <span class='ocr_line' id='line_1_34' title="bbox 462 3350 2118 3421; baseline 0.001 -17"><span class='ocrx_word' id='word_1_261' title='bbox 462 3352 593 3421; x_wconf 80' lang='grc' dir='ltr'>μνὸν</span> <span class='ocrx_word' id='word_1_262' title='bbox 613 3350 814 3404; x_wconf 90' lang='grc' dir='ltr'>τούτων</span> <span class='ocrx_word' id='word_1_263' title='bbox 841 3352 1096 3403; x_wconf 82' lang='grc' dir='ltr'>ἁπάντων</span> <span class='ocrx_word' id='word_1_264' title='bbox 1125 3353 1464 3419; x_wconf 86' lang='grc' dir='ltr'>γιγνόμενον,</span> <span class='ocrx_word' id='word_1_265' title='bbox 1510 3353 1601 3402; x_wconf 79' lang='grc' dir='ltr'>καὶ</span> <span class='ocrx_word' id='word_1_266' title='bbox 1648 3351 1796 3404; x_wconf 83' lang='grc' dir='ltr'>οὐδὲν</span> <span class='ocrx_word' id='word_1_267' title='bbox 1836 3352 1972 3413; x_wconf 83' lang='grc' dir='ltr'>ὅλως</span> <span class='ocrx_word' id='word_1_268' title='bbox 2001 3352 2118 3421; x_wconf 81' lang='grc' dir='ltr'>μεθ’</span> 
     </span>
    </p>
   </div>
   <div class='ocr_carea' id='block_1_35' title="bbox 457 3435 2117 3507">
    <p class='ocr_par' dir='ltr' id='par_1_35' title="bbox 457 3435 2117 3507">
     <span class='ocr_line' id='line_1_35' title="bbox 457 3435 2117 3507; baseline 0 -17"><span class='ocrx_word' id='word_1_269' title='bbox 457 3437 648 3490; x_wconf 67' lang='grc' dir='ltr'>ἑαυτοῦ</span> <span class='ocrx_word' id='word_1_270' title='bbox 675 3439 992 3503; x_wconf 83' lang='grc' dir='ltr'>ἀπενεγκεῖν</span> <span class='ocrx_word' id='word_1_271' title='bbox 1023 3435 1333 3507; x_wconf 75' lang='grc' dir='ltr'>δυνηθέντα,</span> <span class='ocrx_word' id='word_1_272' title='bbox 1360 3436 1476 3489; x_wconf 81' lang='grc' dir='ltr'>ἀλλ’</span> <span class='ocrx_word' id='word_1_273' title='bbox 1499 3437 1730 3490; x_wconf 86' lang='grc' dir='ltr'>ἐνταῦθα</span> <span class='ocrx_word' id='word_1_274' title='bbox 1764 3439 1978 3490; x_wconf 73' lang='grc' dir='ltr'>ἅπαντα</span> <span class='ocrx_word' id='word_1_275' title='bbox 2017 3456 2117 3490; x_wconf 85' lang='grc' dir='ltr'>κα-</span> 
     </span>
    </p>
   </div>
   <div class='ocr_carea' id='block_1_36' title="bbox 455 3522 2117 3596">
    <p class='ocr_par' dir='ltr' id='par_1_36' title="bbox 455 3522 2117 3596">
     <span class='ocr_line' id='line_1_36' title="bbox 455 3522 2117 3596; baseline 0.001 -20"><span class='ocrx_word' id='word_1_276' title='bbox 455 3523 770 3576; x_wconf 87' lang='grc' dir='ltr'>ταλιπόντα.</span> <span class='ocrx_word' id='word_1_277' title='bbox 797 3524 888 3593; x_wconf 80' lang='grc' dir='ltr'>Μὴ</span> <span class='ocrx_word' id='word_1_278' title='bbox 907 3522 1082 3575; x_wconf 80' lang='grc' dir='ltr'>τοίνυν</span> <span class='ocrx_word' id='word_1_279' title='bbox 1109 3524 1177 3575; x_wconf 90' lang='grc' dir='ltr'>τά</span> <span class='ocrx_word' id='word_1_280' title='bbox 1205 3523 1448 3592; x_wconf 77' lang='grc' dir='ltr'>παρόντα</span> <span class='ocrx_word' id='word_1_281' title='bbox 1481 3523 1602 3575; x_wconf 85' lang='grc' dir='ltr'>ίδὼν</span> <span class='ocrx_word' id='word_1_282' title='bbox 1629 3525 1960 3596; x_wconf 69' lang='grc' dir='ltr'>ἀγωνιάτης,</span> <span class='ocrx_word' id='word_1_283' title='bbox 1984 3527 2117 3595; x_wconf 82' lang='grc' dir='ltr'>μηδὲ</span> 
     </span>
    </p>
   </div>
   <div class='ocr_carea' id='block_1_37' title="bbox 460 3607 2116 3681">
    <p class='ocr_par' dir='ltr' id='par_1_37' title="bbox 460 3607 2116 3681">
     <span class='ocr_line' id='line_1_37' title="bbox 460 3607 2116 3681; baseline 0.002 -20"><span class='ocrx_word' id='word_1_284' title='bbox 460 3610 772 3681; x_wconf 81' lang='grc' dir='ltr'>μακαρίσῃς</span> <span class='ocrx_word' id='word_1_285' title='bbox 801 3609 892 3662; x_wconf 79' lang='lat' dir='ltr'><strong>16v</strong></span> <span class='ocrx_word' id='word_1_286' title='bbox 942 3609 1082 3674; x_wconf 85' lang='grc' dir='ltr'>μετά</span> <span class='ocrx_word' id='word_1_287' title='bbox 1109 3607 1315 3679; x_wconf 82' lang='grc' dir='ltr'>βραχὺν</span> <span class='ocrx_word' id='word_1_288' title='bbox 1367 3609 1552 3678; x_wconf 87' lang='grc' dir='ltr'>χρόνον</span> <span class='ocrx_word' id='word_1_289' title='bbox 1587 3611 1643 3661; x_wconf 86' lang='grc' dir='ltr'>ἐν</span> <span class='ocrx_word' id='word_1_290' title='bbox 1684 3611 1888 3681; x_wconf 74' lang='grc' dir='ltr'>ἐρημίᾳ</span> <span class='ocrx_word' id='word_1_291' title='bbox 1913 3612 2116 3664; x_wconf 86' lang='grc' dir='ltr'>τούτων</span> 
     </span>
    </p>
   </div>
   <div class='ocr_carea' id='block_1_38' title="bbox 460 3694 2112 3768">
    <p class='ocr_par' dir='ltr' id='par_1_38' title="bbox 460 3694 2112 3768">
     <span class='ocr_line' id='line_1_38' title="bbox 460 3694 2112 3768; baseline 0.002 -20"><span class='ocrx_word' id='word_1_292' title='bbox 460 3695 717 3767; x_wconf 82' lang='grc' dir='ltr'>μέλλοντα</span> <span class='ocrx_word' id='word_1_293' title='bbox 753 3694 1014 3763; x_wconf 86' lang='grc' dir='ltr'>γίνεσθαι.</span> <span class='ocrx_word' id='word_1_294' title='bbox 1053 3694 1304 3748; x_wconf 86' lang='grc' dir='ltr'>Τοιοῦτον</span> <span class='ocrx_word' id='word_1_295' title='bbox 1335 3696 1445 3763; x_wconf 82' lang='grc' dir='ltr'>γάρ</span> <span class='ocrx_word' id='word_1_296' title='bbox 1483 3697 1514 3766; x_wconf 89' lang='grc' dir='ltr'>ή</span> <span class='ocrx_word' id='word_1_297' title='bbox 1551 3697 1799 3766; x_wconf 84' lang='grc' dir='ltr'>παροῦσα</span> <span class='ocrx_word' id='word_1_298' title='bbox 1825 3699 2112 3768; x_wconf 81' lang='grc' dir='ltr'>εύημερία,</span> 
     </span>
    </p>
   </div>
   <div class='ocr_carea' id='block_1_39' title="bbox 457 3780 2114 3854">
    <p class='ocr_par' dir='ltr' id='par_1_39' title="bbox 457 3780 2114 3854">
     <span class='ocr_line' id='line_1_39' title="bbox 457 3780 2114 3854; baseline 0.001 -18"><span class='ocrx_word' id='word_1_299' title='bbox 457 3783 552 3836; x_wconf 73' lang='grc' dir='ltr'>καὶ</span> <span class='ocrx_word' id='word_1_300' title='bbox 581 3784 612 3854; x_wconf 92' lang='grc' dir='ltr'>ή</span> <span class='ocrx_word' id='word_1_301' title='bbox 641 3781 732 3833; x_wconf 85' lang='grc' dir='ltr'>τοῦ</span> <span class='ocrx_word' id='word_1_302' title='bbox 762 3780 988 3834; x_wconf 83' lang='grc' dir='ltr'>πλούτου</span> <span class='ocrx_word' id='word_1_303' title='bbox 1020 3781 1179 3850; x_wconf 83' lang='grc' dir='ltr'>φύσις</span> <span class='ocrx_word' id='word_1_304' title='bbox 1203 3798 1216 3812; x_wconf 90' lang='grc'><strong>·</strong></span> <span class='ocrx_word' id='word_1_305' title='bbox 1248 3781 1307 3834; x_wconf 89' lang='grc' dir='ltr'>ού</span> <span class='ocrx_word' id='word_1_306' title='bbox 1346 3783 1714 3853; x_wconf 87' lang='grc' dir='ltr'>συναποδημεί</span> <span class='ocrx_word' id='word_1_307' title='bbox 1730 3787 1838 3846; x_wconf 84' lang='grc' dir='ltr'>τοῖς</span> <span class='ocrx_word' id='word_1_308' title='bbox 1869 3786 2114 3839; x_wconf 84' lang='grc' dir='ltr'>ἐντεῦθεν</span> 
     </span>
    </p>
   </div>
   <div class='ocr_carea' id='block_1_40' title="bbox 459 3867 2114 3939">
    <p class='ocr_par' dir='ltr' id='par_1_40' title="bbox 459 3867 2114 3939">
     <span class='ocr_line' id='line_1_40' title="bbox 459 3867 2114 3939; baseline 0.005 -20"><span class='ocrx_word' id='word_1_309' title='bbox 459 3867 893 3939; x_wconf 78' lang='grc' dir='ltr'>μεθισταμένοις,</span> <span class='ocrx_word' id='word_1_310' title='bbox 921 3867 1034 3920; x_wconf 81' lang='grc' dir='ltr'>ἀλλ’</span> <span class='ocrx_word' id='word_1_311' title='bbox 1064 3867 1292 3920; x_wconf 84' lang='grc' dir='ltr'>ἐνταῦθα</span> <span class='ocrx_word' id='word_1_312' title='bbox 1321 3869 1488 3939; x_wconf 69' lang='grc' dir='ltr'>αὐτὴν</span> <span class='ocrx_word' id='word_1_313' title='bbox 1520 3870 1736 3924; x_wconf 78' lang='grc' dir='ltr'>ἃπασαν</span> <span class='ocrx_word' id='word_1_314' title='bbox 1790 3872 2114 3927; x_wconf 87' lang='grc' dir='ltr'>καταλιπόν-</span> 
     </span>
    </p>
   </div>
   <div class='ocr_carea' id='block_1_41' title="bbox 452 3953 2114 4028">
    <p class='ocr_par' dir='ltr' id='par_1_41' title="bbox 452 3953 2114 4028">
     <span class='ocr_line' id='line_1_41' title="bbox 452 3953 2114 4028; baseline 0.002 -20"><span class='ocrx_word' id='word_1_315' title='bbox 452 3973 565 4018; x_wconf 86' lang='grc' dir='ltr'>τες,</span> <span class='ocrx_word' id='word_1_316' title='bbox 592 3955 786 4025; x_wconf 76' lang='grc' dir='ltr'>γυμνοὶ</span> <span class='ocrx_word' id='word_1_317' title='bbox 811 3955 907 4008; x_wconf 77' lang='grc' dir='ltr'>καὶ</span> <span class='ocrx_word' id='word_1_318' title='bbox 934 3953 1126 4025; x_wconf 79' lang='grc' dir='ltr'>ἔρημοι</span> <span class='ocrx_word' id='word_1_319' title='bbox 1155 3954 1368 4015; x_wconf 87' lang='grc' dir='ltr'>ἀπίασι,</span> <span class='ocrx_word' id='word_1_320' title='bbox 1406 3954 1569 4024; x_wconf 84' lang='grc' dir='ltr'>μόνην</span> <span class='ocrx_word' id='word_1_321' title='bbox 1603 3955 1698 4024; x_wconf 83' lang='grc' dir='ltr'>τήν</span> <span class='ocrx_word' id='word_1_322' title='bbox 1739 3959 1935 4011; x_wconf 79' lang='grc' dir='ltr'>κακίαν</span> <span class='ocrx_word' id='word_1_323' title='bbox 1963 3975 2114 4028; x_wconf 87' lang='grc' dir='ltr'>περι-</span> 
     </span>
    </p>
   </div>
   <div class='ocr_carea' id='block_1_42' title="bbox 454 4039 2107 4114">
    <p class='ocr_par' dir='ltr' id='par_1_42' title="bbox 454 4039 2107 4114">
     <span class='ocr_line' id='line_1_42' title="bbox 454 4039 2107 4114; baseline 0.001 -20"><span class='ocrx_word' id='word_1_324' title='bbox 454 4041 796 4111; x_wconf 68' lang='grc' dir='ltr'>δεῦλημένοι,</span> <span class='ocrx_word' id='word_1_325' title='bbox 829 4041 921 4094; x_wconf 74' lang='grc' dir='ltr'>καὶ</span> <span class='ocrx_word' id='word_1_326' title='bbox 952 4041 1020 4092; x_wconf 89' lang='grc' dir='ltr'>τά</span> <span class='ocrx_word' id='word_1_327' title='bbox 1041 4043 1103 4092; x_wconf 88' lang='grc' dir='ltr'>ἐκ</span> <span class='ocrx_word' id='word_1_328' title='bbox 1124 4039 1325 4109; x_wconf 82' lang='grc' dir='ltr'>ταύτης</span> <span class='ocrx_word' id='word_1_329' title='bbox 1355 4041 1538 4102; x_wconf 70' lang='grc' dir='ltr'>αὐτοῖς</span> <span class='ocrx_word' id='word_1_330' title='bbox 1581 4041 1906 4108; x_wconf 84' lang='grc' dir='ltr'>συλλεγέντα</span> <span class='ocrx_word' id='word_1_331' title='bbox 1935 4045 2107 4114; x_wconf 58' lang='grc' dir='ltr'>ἁμαρ.</span> 
     </span>
    </p>
   </div>
   <div class='ocr_carea' id='block_1_43' title="bbox 455 4125 2110 4197">
    <p class='ocr_par' dir='ltr' id='par_1_43' title="bbox 455 4125 2110 4197">
     <span class='ocr_line' id='line_1_43' title="bbox 455 4125 2110 4197; baseline 0.001 -17"><span class='ocrx_word' id='word_1_332' title='bbox 455 4129 711 4197; x_wconf 87' lang='grc' dir='ltr'>τημάτων</span> <span class='ocrx_word' id='word_1_333' title='bbox 764 4126 979 4197; x_wconf 84' lang='grc' dir='ltr'>φορτία.</span> <span class='ocrx_word' id='word_1_334' title='bbox 1031 4125 1358 4194; x_wconf 67' lang='grc' dir='ltr'>Ἐπὶδέτῆς</span> <span class='ocrx_word' id='word_1_335' title='bbox 1409 4127 1610 4195; x_wconf 83' lang='grc' dir='ltr'>ἀρετῆς</span> <span class='ocrx_word' id='word_1_336' title='bbox 1639 4128 1878 4185; x_wconf 70' lang='grc' dir='ltr'>τοιοῦτον</span> <span class='ocrx_word' id='word_1_337' title='bbox 1929 4131 2110 4183; x_wconf 77' lang='grc' dir='ltr'>οὐδέν·</span> 
     </span>
    </p>
   </div>
   <div class='ocr_carea' id='block_1_44' title="bbox 454 4212 2113 4284">
    <p class='ocr_par' dir='ltr' id='par_1_44' title="bbox 454 4212 2113 4284">
     <span class='ocr_line' id='line_1_44' title="bbox 454 4212 2113 4284; baseline 0.001 -15"><span class='ocrx_word' id='word_1_338' title='bbox 454 4214 590 4269; x_wconf 87' lang='grc' dir='ltr'>ἀλλά</span> <span class='ocrx_word' id='word_1_339' title='bbox 618 4215 711 4268; x_wconf 77' lang='grc' dir='ltr'>καὶ</span> <span class='ocrx_word' id='word_1_340' title='bbox 740 4214 971 4267; x_wconf 85' lang='grc' dir='ltr'>ἐνταῦθα</span> <span class='ocrx_word' id='word_1_341' title='bbox 1010 4213 1309 4284; x_wconf 86' lang='grc' dir='ltr'>ἁνωτέρους</span> <span class='ocrx_word' id='word_1_342' title='bbox 1353 4212 1462 4266; x_wconf 82' lang='grc' dir='ltr'>τῶν</span> <span class='ocrx_word' id='word_1_343' title='bbox 1497 4213 1952 4272; x_wconf 77' lang='grc' dir='ltr'>ἐπιϐουλευόντων</span> <span class='ocrx_word' id='word_1_344' title='bbox 1981 4219 2113 4270; x_wconf 83' lang='grc' dir='ltr'>καθ-</span> 
     </span>
    </p>
   </div>
   <div class='ocr_carea' id='block_1_45' title="bbox 457 4297 2115 4374">
    <p class='ocr_par' dir='ltr' id='par_1_45' title="bbox 457 4297 2115 4374">
     <span class='ocr_line' id='line_1_45' title="bbox 457 4297 2115 4374; baseline 0.001 -21"><span class='ocrx_word' id='word_1_345' title='bbox 457 4301 658 4371; x_wconf 88' lang='grc' dir='ltr'>ίστησι,</span> <span class='ocrx_word' id='word_1_346' title='bbox 678 4299 770 4352; x_wconf 76' lang='grc' dir='ltr'>καὶ</span> <span class='ocrx_word' id='word_1_347' title='bbox 794 4297 1106 4360; x_wconf 85' lang='grc' dir='ltr'>ἀναλώτους</span> <span class='ocrx_word' id='word_1_348' title='bbox 1138 4297 1448 4368; x_wconf 76' lang='grc' dir='ltr'>ἐργάζεται,</span> <span class='ocrx_word' id='word_1_349' title='bbox 1483 4301 1578 4352; x_wconf 78' lang='grc' dir='ltr'>καὶ</span> <span class='ocrx_word' id='word_1_350' title='bbox 1609 4300 1832 4371; x_wconf 81' lang='grc' dir='ltr'>διηνεκῆ</span> <span class='ocrx_word' id='word_1_351' title='bbox 1867 4303 1962 4374; x_wconf 58' lang='grc' dir='ltr'>τὴν</span> <span class='ocrx_word' id='word_1_352' title='bbox 1997 4306 2115 4373; x_wconf 80' lang='grc' dir='ltr'>ήδο-</span> 
     </span>
    </p>
   </div>
   <div class='ocr_carea' id='block_1_46' title="bbox 455 4385 2115 4459">
    <p class='ocr_par' dir='ltr' id='par_1_46' title="bbox 455 4385 2115 4459">
     <span class='ocr_line' id='line_1_46' title="bbox 455 4385 2115 4459; baseline 0.001 -18"><span class='ocrx_word' id='word_1_353' title='bbox 455 4389 550 4459; x_wconf 79' lang='grc' dir='ltr'>νήν</span> <span class='ocrx_word' id='word_1_354' title='bbox 577 4386 881 4458; x_wconf 86' lang='grc' dir='ltr'>χαρίζεται,</span> <span class='ocrx_word' id='word_1_355' title='bbox 909 4387 1001 4438; x_wconf 71' lang='grc' dir='ltr'>καὶ</span> <span class='ocrx_word' id='word_1_356' title='bbox 1028 4385 1128 4438; x_wconf 75' lang='grc' dir='ltr'>οὐκ</span> <span class='ocrx_word' id='word_1_357' title='bbox 1156 4387 1346 4455; x_wconf 86' lang='grc' dir='ltr'>ἀφίησι</span> <span class='ocrx_word' id='word_1_358' title='bbox 1374 4387 1471 4456; x_wconf 83' lang='grc' dir='ltr'>τῆς</span> <span class='ocrx_word' id='word_1_359' title='bbox 1485 4388 1592 4440; x_wconf 89' lang='grc' dir='ltr'>τῶν</span> <span class='ocrx_word' id='word_1_360' title='bbox 1615 4390 1955 4459; x_wconf 87' lang='grc' dir='ltr'>πραγμάτων</span> <span class='ocrx_word' id='word_1_361' title='bbox 1976 4392 2115 4443; x_wconf 91' lang='grc' dir='ltr'>ἀνω-</span> 
     </span>
    </p>
   </div>
   <div class='ocr_carea' id='block_1_47' title="bbox 459 4471 2112 4547">
    <p class='ocr_par' dir='ltr' id='par_1_47' title="bbox 459 4471 2112 4547">
     <span class='ocr_line' id='line_1_47' title="bbox 459 4471 2112 4547; baseline 0.002 -21"><span class='ocrx_word' id='word_1_362' title='bbox 459 4474 654 4547; x_wconf 86' lang='grc' dir='ltr'>μαλίας</span> <span class='ocrx_word' id='word_1_363' title='bbox 672 4473 922 4542; x_wconf 84' lang='grc' dir='ltr'>αίσθησιν</span> <span class='ocrx_word' id='word_1_364' title='bbox 946 4471 1149 4534; x_wconf 78' lang='grc' dir='ltr'>λαϐεῖν,</span> <span class='ocrx_word' id='word_1_365' title='bbox 1184 4471 1278 4524; x_wconf 84' lang='grc' dir='ltr'>καὶ</span> <span class='ocrx_word' id='word_1_366' title='bbox 1311 4472 1558 4526; x_wconf 87' lang='grc' dir='ltr'>ἐντεῦθεν</span> <span class='ocrx_word' id='word_1_367' title='bbox 1587 4475 1921 4546; x_wconf 78' lang='grc' dir='ltr'>ἀποδημοῦσι</span> <span class='ocrx_word' id='word_1_368' title='bbox 1974 4494 2112 4547; x_wconf 74' lang='lat' dir='ltr'>cup.-</span> 
     </span>
    </p>
   </div>
   <div class='ocr_carea' id='block_1_48' title="bbox 457 4557 2113 4635">
    <p class='ocr_par' dir='ltr' id='par_1_48' title="bbox 457 4557 2113 4635">
     <span class='ocr_line' id='line_1_48' title="bbox 457 4557 2113 4635; baseline -0.017 -20"><span class='ocrx_word' id='word_1_369' title='bbox 457 4562 794 4634; x_wconf 82' lang='grc' dir='ltr'>μεθίσταται,</span> <span class='ocrx_word' id='word_1_370' title='bbox 829 4559 922 4611; x_wconf 62' lang='grc' dir='ltr'>καὶ⁵</span> <span class='ocrx_word' id='word_1_371' title='bbox 960 4559 1078 4610; x_wconf 82' lang='grc' dir='ltr'>τότε</span> <span class='ocrx_word' id='word_1_372' title='bbox 1112 4557 1373 4623; x_wconf 88' lang='grc' dir='ltr'>μάλιστα,</span> <span class='ocrx_word' id='word_1_373' title='bbox 1417 4561 1505 4612; x_wconf 79' lang='grc' dir='ltr'>ὅτε</span> <span class='ocrx_word' id='word_1_374' title='bbox 1529 4562 1814 4632; x_wconf 66' lang='grc' dir='ltr'>,χρῄζομεν</span> <span class='ocrx_word' id='word_1_375' title='bbox 1851 4566 1948 4634; x_wconf 63' lang='grc' dir='ltr'>τῆς</span> <span class='ocrx_word' id='word_1_376' title='bbox 1982 4568 2113 4635; x_wconf 71' lang='grc' dir='ltr'>παρ.</span> 
     </span>
    </p>
   </div>
   <div class='ocr_carea' id='block_1_49' title="bbox 452 4645 2114 4722">
    <p class='ocr_par' dir='ltr' id='par_1_49' title="bbox 452 4645 2114 4722">
     <span class='ocr_line' id='line_1_49' title="bbox 452 4645 2114 4722; baseline -0.001 -19"><span class='ocrx_word' id='word_1_377' title='bbox 452 4649 621 4718; x_wconf 78' lang='grc' dir='ltr'>αὐτῆς</span> <span class='ocrx_word' id='word_1_378' title='bbox 654 4646 987 4716; x_wconf 88' lang='grc' dir='ltr'>συμμαχίας,</span> <span class='ocrx_word' id='word_1_379' title='bbox 1041 4645 1133 4698; x_wconf 82' lang='grc' dir='ltr'>καὶ</span> <span class='ocrx_word' id='word_1_380' title='bbox 1192 4647 1333 4699; x_wconf 86' lang='grc' dir='ltr'>κατά</span> <span class='ocrx_word' id='word_1_381' title='bbox 1364 4646 1461 4718; x_wconf 80' lang='grc' dir='ltr'>τὴν</span> <span class='ocrx_word' id='word_1_382' title='bbox 1491 4649 1702 4719; x_wconf 76' lang='grc' dir='ltr'>ἡμέραν</span> <span class='ocrx_word' id='word_1_383' title='bbox 1752 4653 1968 4722; x_wconf 82' lang='grc' dir='ltr'>ἐκείνην</span> <span class='ocrx_word' id='word_1_384' title='bbox 2015 4653 2114 4722; x_wconf 79' lang='grc' dir='ltr'>τήν</span> 
     </span>
    </p>
   </div>
   <div class='ocr_carea' id='block_1_50' title="bbox 452 4733 2113 4811">
    <p class='ocr_par' dir='ltr' id='par_1_50' title="bbox 452 4733 2113 4811">
     <span class='ocr_line' id='line_1_50' title="bbox 452 4733 2113 4811; baseline 0.003 -21"><span class='ocrx_word' id='word_1_385' title='bbox 452 4736 686 4808; x_wconf 74' lang='grc' dir='ltr'>φοϐερὰν</span> <span class='ocrx_word' id='word_1_386' title='bbox 738 4733 938 4804; x_wconf 77' lang='grc' dir='ltr'>πολλὴν</span> <span class='ocrx_word' id='word_1_387' title='bbox 983 4735 1114 4803; x_wconf 78' lang='grc' dir='ltr'>ήμῐν</span> <span class='ocrx_word' id='word_1_388' title='bbox 1146 4734 1372 4804; x_wconf 80' lang='grc' dir='ltr'>παρέχει</span> <span class='ocrx_word' id='word_1_389' title='bbox 1429 4736 1528 4805; x_wconf 81' lang='grc' dir='ltr'>τὴν</span> <span class='ocrx_word' id='word_1_390' title='bbox 1589 4735 1857 4807; x_wconf 85' lang='grc' dir='ltr'>βοήθειαν,</span> <span class='ocrx_word' id='word_1_391' title='bbox 1908 4741 2113 4811; x_wconf 74' lang='grc' dir='ltr'>ἥμερον</span> 
     </span>
    </p>
   </div>
   <div class='ocr_carea' id='block_1_51' title="bbox 453 4819 2112 4899">
    <p class='ocr_par' dir='ltr' id='par_1_51' title="bbox 453 4819 2112 4899">
     <span class='ocr_line' id='line_1_51' title="bbox 453 4819 2112 4899; baseline 0.004 -25"><span class='ocrx_word' id='word_1_392' title='bbox 453 4825 584 4894; x_wconf 76' lang='grc' dir='ltr'>ἡμῖν</span> <span class='ocrx_word' id='word_1_393' title='bbox 617 4819 927 4875; x_wconf 83' lang='grc' dir='ltr'>καθιστῶσα</span> <span class='ocrx_word' id='word_1_394' title='bbox 979 4820 1071 4872; x_wconf 84' lang='grc' dir='ltr'>τοῦ</span> <span class='ocrx_word' id='word_1_395' title='bbox 1103 4820 1355 4874; x_wconf 88' lang='grc' dir='ltr'>δικαστοῦ</span> <span class='ocrx_word' id='word_1_396' title='bbox 1386 4822 1448 4877; x_wconf 83' lang='grc' dir='ltr'>τὸ</span> <span class='ocrx_word' id='word_1_397' title='bbox 1481 4823 1665 4892; x_wconf 72' lang='grc' dir='ltr'>δμμαο</span> <span class='ocrx_word' id='word_1_398' title='bbox 1719 4827 1810 4878; x_wconf 74' lang='grc' dir='ltr'>καὶ</span> <span class='ocrx_word' id='word_1_399' title='bbox 1860 4828 2112 4899; x_wconf 88' lang='grc' dir='ltr'>καθάπερ</span> 
     </span>
    </p>
   </div>
   <div class='ocr_carea' id='block_1_52' title="bbox 451 4905 2110 4985">
    <p class='ocr_par' dir='ltr' id='par_1_52' title="bbox 451 4905 2110 4985">
     <span class='ocr_line' id='line_1_52' title="bbox 451 4905 2110 4985; baseline 0 -22"><span class='ocrx_word' id='word_1_400' title='bbox 451 4907 682 4963; x_wconf 74' lang='grc' dir='ltr'>ἐνταῦθα</span> <span class='ocrx_word' id='word_1_401' title='bbox 708 4907 989 4976; x_wconf 86' lang='grc' dir='ltr'>παρόντων</span> <span class='ocrx_word' id='word_1_402' title='bbox 1011 4905 1117 4960; x_wconf 87' lang='grc' dir='ltr'>τῶν</span> <span class='ocrx_word' id='word_1_403' title='bbox 1143 4906 1330 4960; x_wconf 88' lang='grc' dir='ltr'>δεινῶν</span> <span class='ocrx_word' id='word_1_404' title='bbox 1354 4909 1658 4980; x_wconf 85' lang='grc' dir='ltr'>ἀνωτέρους</span> <span class='ocrx_word' id='word_1_405' title='bbox 1685 4912 1975 4985; x_wconf 83' lang='grc' dir='ltr'>καθίστησι</span> <span class='ocrx_word' id='word_1_406' title='bbox 2001 4915 2110 4968; x_wconf 85' lang='grc' dir='ltr'>τῶν</span> 
     </span>
    </p>
   </div>
   <div class='ocr_carea' id='block_1_53' title="bbox 451 4991 2110 5070">
    <p class='ocr_par' dir='ltr' id='par_1_53' title="bbox 451 4991 2110 5070">
     <span class='ocr_line' id='line_1_53' title="bbox 451 4991 2110 5070; baseline 0.005 -22"><span class='ocrx_word' id='word_1_407' title='bbox 451 4994 658 5056; x_wconf 84' lang='grc' dir='ltr'>δεινῶν,</span> <span class='ocrx_word' id='word_1_408' title='bbox 698 4991 838 5046; x_wconf 77' lang='grc' dir='ltr'>οὕτω</span> <span class='ocrx_word' id='word_1_409' title='bbox 868 4993 961 5044; x_wconf 80' lang='grc' dir='ltr'>καὶ</span> <span class='ocrx_word' id='word_1_410' title='bbox 988 4993 1044 5044; x_wconf 78' lang='grc' dir='ltr'>ἰν</span> <span class='ocrx_word' id='word_1_411' title='bbox 1069 4992 1146 5064; x_wconf 83' lang='grc' dir='ltr'>τῷ</span> <span class='ocrx_word' id='word_1_412' title='bbox 1171 4993 1416 5063; x_wconf 86' lang='grc' dir='ltr'>μέλλοντι</span> <span class='ocrx_word' id='word_1_413' title='bbox 1460 4994 1756 5066; x_wconf 79' lang='grc' dir='ltr'>ἐξαρπάζει</span> <span class='ocrx_word' id='word_1_414' title='bbox 1785 5001 1909 5064; x_wconf 82' lang='grc' dir='ltr'>τοὺς</span> <span class='ocrx_word' id='word_1_415' title='bbox 1939 5001 2110 5070; x_wconf 83' lang='grc' dir='ltr'>αὐτὴν</span> 
     </span>
    </p>
   </div>
   <div class='ocr_carea' id='block_1_54' title="bbox 451 5077 2110 5151">
    <p class='ocr_par' dir='ltr' id='par_1_54' title="bbox 451 5077 2110 5151">
     <span class='ocr_line' id='line_1_54' title="bbox 451 5077 2110 5151; baseline 0.004 -15"><span class='ocrx_word' id='word_1_416' title='bbox 451 5077 882 5151; x_wconf 72' lang='grc' dir='ltr'>ἐπιφερομένους</span> <span class='ocrx_word' id='word_1_417' title='bbox 905 5077 1012 5130; x_wconf 90' lang='grc' dir='ltr'>τῶν</span> <span class='ocrx_word' id='word_1_418' title='bbox 1046 5079 1416 5150; x_wconf 84' lang='grc' dir='ltr'>κολαστηρίων</span> <span class='ocrx_word' id='word_1_419' title='bbox 1451 5083 1695 5140; x_wconf 79' lang='grc' dir='ltr'>ἐκείνων.</span> <span class='ocrx_word' id='word_1_420' title='bbox 1727 5083 1829 5139; x_wconf 76' lang='grc' dir='ltr'>Καὶ</span> <span class='ocrx_word' id='word_1_421' title='bbox 1861 5087 1922 5141; x_wconf 88' lang='grc' dir='ltr'>οὐ</span> <span class='ocrx_word' id='word_1_422' title='bbox 1952 5087 2110 5142; x_wconf 88' lang='grc' dir='ltr'>τοῦτο</span> 
     </span>
    </p>
   </div>
   <div class='ocr_carea' id='block_1_55' title="bbox 453 5164 2110 5241">
    <p class='ocr_par' dir='ltr' id='par_1_55' title="bbox 453 5164 2110 5241">
     <span class='ocr_line' id='line_1_55' title="bbox 453 5164 2110 5241; baseline 0.003 -18"><span class='ocrx_word' id='word_1_423' title='bbox 453 5169 632 5240; x_wconf 88' lang='grc' dir='ltr'>μόνον,</span> <span class='ocrx_word' id='word_1_424' title='bbox 661 5165 776 5219; x_wconf 86' lang='grc' dir='ltr'>ἀλλ’</span> <span class='ocrx_word' id='word_1_425' title='bbox 807 5164 888 5218; x_wconf 82' lang='grc' dir='ltr'>έτι</span> <span class='ocrx_word' id='word_1_426' title='bbox 911 5167 1005 5218; x_wconf 76' lang='grc' dir='ltr'>καὶ</span> <span class='ocrx_word' id='word_1_427' title='bbox 1030 5166 1126 5235; x_wconf 85' lang='grc' dir='ltr'>τῆς</span> <span class='ocrx_word' id='word_1_428' title='bbox 1147 5166 1255 5219; x_wconf 87' lang='grc' dir='ltr'>τῶν</span> <span class='ocrx_word' id='word_1_429' title='bbox 1283 5169 1609 5241; x_wconf 72' lang='grc' dir='ltr'>ἀπορρήτων</span> <span class='ocrx_word' id='word_1_430' title='bbox 1632 5172 1850 5240; x_wconf 85' lang='grc' dir='ltr'>ἀγαθῶν</span> <span class='ocrx_word' id='word_1_431' title='bbox 1872 5174 2110 5229; x_wconf 86' lang='grc' dir='ltr'>ἀπολαύ-</span> 
     </span>
    </p>
   </div>
   <div class='ocr_carea' id='block_1_56' title="bbox 449 5253 2106 5332">
    <p class='ocr_par' dir='ltr' id='par_1_56' title="bbox 449 5253 2106 5332">
     <span class='ocr_line' id='line_1_56' title="bbox 449 5253 2106 5332; baseline 0.007 -27"><span class='ocrx_word' id='word_1_432' title='bbox 449 5273 588 5315; x_wconf 79' lang='grc' dir='ltr'>σεως</span> <span class='ocrx_word' id='word_1_433' title='bbox 610 5253 863 5325; x_wconf 75' lang='grc' dir='ltr'>πρόξενος</span> <span class='ocrx_word' id='word_1_434' title='bbox 896 5255 1024 5322; x_wconf 82' lang='grc' dir='ltr'>ήμῖν</span> <span class='ocrx_word' id='word_1_435' title='bbox 1050 5254 1278 5323; x_wconf 84' lang='grc' dir='ltr'>γίνεται.</span> <span class='ocrx_word' id='word_1_436' title='bbox 1321 5256 1430 5309; x_wconf 74' lang='grc' dir='ltr'>Καὶ</span> <span class='ocrx_word' id='word_1_437' title='bbox 1453 5255 1540 5310; x_wconf 72' lang='grc' dir='ltr'>ἵνα</span> <span class='ocrx_word' id='word_1_438' title='bbox 1569 5259 1766 5332; x_wconf 77' lang='grc' dir='ltr'>μάθῃς,</span> <span class='ocrx_word' id='word_1_439' title='bbox 1817 5262 1898 5315; x_wconf 86' lang='grc' dir='ltr'>ὃτι</span> <span class='ocrx_word' id='word_1_440' title='bbox 1935 5263 2106 5318; x_wconf 89' lang='grc' dir='ltr'>ταῦτα</span> 
     </span>
    </p>
   </div>
   <div class='ocr_carea' id='block_1_57' title="bbox 447 5339 2106 5416">
    <p class='ocr_par' dir='ltr' id='par_1_57' title="bbox 447 5339 2106 5416">
     <span class='ocr_line' id='line_1_57' title="bbox 447 5339 2106 5416; baseline 0.011 -31"><span class='ocrx_word' id='word_1_441' title='bbox 447 5342 618 5401; x_wconf 70' lang='grc' dir='ltr'>οὕτως</span> <span class='ocrx_word' id='word_1_442' title='bbox 649 5341 780 5409; x_wconf 72' lang='grc' dir='ltr'>ἔχει,</span> <span class='ocrx_word' id='word_1_443' title='bbox 834 5339 929 5393; x_wconf 63' lang='grc' dir='ltr'>καλ⁵</span> <span class='ocrx_word' id='word_1_444' title='bbox 976 5341 1074 5414; x_wconf 79' lang='grc' dir='ltr'>οὐχ</span> <span class='ocrx_word' id='word_1_445' title='bbox 1127 5341 1313 5399; x_wconf 80' lang='grc' dir='ltr'>ἀπλῶς</span> <span class='ocrx_word' id='word_1_446' title='bbox 1365 5343 1458 5396; x_wconf 77' lang='grc' dir='ltr'>καὶ</span> <span class='ocrx_word' id='word_1_447' title='bbox 1490 5343 1610 5414; x_wconf 73' lang='grc' dir='ltr'>εἰκῆ</span> <span class='ocrx_word' id='word_1_448' title='bbox 1653 5347 2106 5416; x_wconf 76' lang='grc' dir='ltr'>ψυχαγωγοῦντες</span> 
     </span>
    </p>
   </div>
   <div class='ocr_carea' id='block_1_58' title="bbox 447 5427 2106 5506">
    <p class='ocr_par' dir='ltr' id='par_1_58' title="bbox 447 5427 2106 5506">
     <span class='ocr_line' id='line_1_58' title="bbox 447 5427 2106 5506; baseline 0.003 -23"><span class='ocrx_word' id='word_1_449' title='bbox 447 5427 589 5498; x_wconf 73' lang='grc' dir='ltr'>ὑμᾶς</span> <span class='ocrx_word' id='word_1_450' title='bbox 620 5427 826 5490; x_wconf 82' lang='grc' dir='ltr'>τούτοις</span> <span class='ocrx_word' id='word_1_451' title='bbox 849 5427 1162 5500; x_wconf 83' lang='grc' dir='ltr'>κεχρήμεθα</span> <span class='ocrx_word' id='word_1_452' title='bbox 1194 5432 1305 5492; x_wconf 79' lang='grc' dir='ltr'>τοῖς</span> <span class='ocrx_word' id='word_1_453' title='bbox 1335 5431 1595 5502; x_wconf 77' lang='grc' dir='ltr'>ῥήμασιν,</span> <span class='ocrx_word' id='word_1_454' title='bbox 1628 5433 1690 5484; x_wconf 88' lang='grc' dir='ltr'>ἐκ</span> <span class='ocrx_word' id='word_1_455' title='bbox 1723 5436 1828 5486; x_wconf 85' lang='grc' dir='ltr'>τῶν</span> <span class='ocrx_word' id='word_1_456' title='bbox 1857 5435 1951 5487; x_wconf 90' lang='grc' dir='ltr'>νῦν</span> <span class='ocrx_word' id='word_1_457' title='bbox 1979 5454 2106 5506; x_wconf 82' lang='grc' dir='ltr'>προ-</span> 
     </span>
    </p>
   </div>
   <div class='ocr_carea' id='block_1_59' title="bbox 446 5512 2104 5596">
    <p class='ocr_par' dir='ltr' id='par_1_59' title="bbox 446 5512 2104 5596">
     <span class='ocr_line' id='line_1_59' title="bbox 446 5512 2104 5596; baseline 0.008 -31"><span class='ocrx_word' id='word_1_458' title='bbox 446 5513 711 5583; x_wconf 83' lang='grc' dir='ltr'>κειμένων</span> <span class='ocrx_word' id='word_1_459' title='bbox 741 5512 911 5578; x_wconf 79' lang='grc' dir='ltr'>δεῖξαι</span> <span class='ocrx_word' id='word_1_460' title='bbox 952 5514 1282 5596; x_wconf 83' lang='grc' dir='ltr'>πειράσομαι</span> <span class='ocrx_word' id='word_1_461' title='bbox 1319 5518 1385 5587; x_wconf 78' lang='grc' dir='ltr'>τῇ</span> <span class='ocrx_word' id='word_1_462' title='bbox 1418 5516 1664 5589; x_wconf 76' lang='grc' dir='ltr'>ὑμετέρα</span> <span class='ocrx_word' id='word_1_463' title='bbox 1715 5521 1919 5594; x_wconf 79' lang='grc' dir='ltr'>ἀγάπῃ.</span> <span class='ocrx_word' id='word_1_464' title='bbox 1962 5525 2104 5596; x_wconf 80' lang='grc' dir='ltr'>Ὅρα</span> 
     </span>
    </p>
   </div>
   <div class='ocr_carea' id='block_1_60' title="bbox 445 5594 2100 5673">
    <p class='ocr_par' dir='ltr' id='par_1_60' title="bbox 445 5594 2100 5673">
     <span class='ocr_line' id='line_1_60' title="bbox 445 5594 2100 5673; baseline 0.007 -20"><span class='ocrx_word' id='word_1_465' title='bbox 445 5599 555 5671; x_wconf 83' lang='grc' dir='ltr'>γάρ</span> <span class='ocrx_word' id='word_1_466' title='bbox 580 5600 696 5662; x_wconf 83' lang='grc' dir='ltr'>πῶς</span> <span class='ocrx_word' id='word_1_467' title='bbox 727 5600 757 5651; x_wconf 93' lang='lat'>6</span> <span class='ocrx_word' id='word_1_468' title='bbox 784 5600 1084 5671; x_wconf 87' lang='grc' dir='ltr'>θαυμάσιος</span> <span class='ocrx_word' id='word_1_469' title='bbox 1130 5594 1304 5669; x_wconf 75' lang='grc' dir='ltr'>οὗτος,</span> <span class='ocrx_word' id='word_1_470' title='bbox 1343 5605 1372 5656; x_wconf 89' lang='lat'>6</span> <span class='ocrx_word' id='word_1_471' title='bbox 1418 5604 1543 5658; x_wconf 75' lang='grc' dir='ltr'>Νῶε</span> <span class='ocrx_word' id='word_1_472' title='bbox 1577 5604 1738 5673; x_wconf 81' lang='grc' dir='ltr'>λέγω,</span> <span class='ocrx_word' id='word_1_473' title='bbox 1779 5613 1975 5673; x_wconf 78' lang='grc' dir='ltr'>παντὸς</span> <span class='ocrx_word' id='word_1_474' title='bbox 2009 5594 2100 5666; x_wconf 88' lang='grc' dir='ltr'>τοῦ</span> 
     </span>
    </p>
   </div>
   <div class='ocr_carea' id='block_1_61' title="bbox 439 5685 2103 5768">
    <p class='ocr_par' dir='ltr' id='par_1_61' title="bbox 439 5685 2103 5768">
     <span class='ocr_line' id='line_1_61' title="bbox 439 5685 2103 5768; baseline 0.007 -28"><span class='ocrx_word' id='word_1_475' title='bbox 439 5687 551 5741; x_wconf 86' lang='grc' dir='ltr'>τῶν</span> <span class='ocrx_word' id='word_1_476' title='bbox 584 5685 882 5759; x_wconf 81' lang='grc' dir='ltr'>ἀνθρώπων</span> <span class='ocrx_word' id='word_1_477' title='bbox 923 5689 1113 5756; x_wconf 83' lang='grc' dir='ltr'>γένους</span> <span class='ocrx_word' id='word_1_478' title='bbox 1139 5691 1221 5752; x_wconf 82' lang='grc' dir='ltr'>είς</span> <span class='ocrx_word' id='word_1_479' title='bbox 1266 5689 1364 5761; x_wconf 84' lang='grc' dir='ltr'>τήν</span> <span class='ocrx_word' id='word_1_480' title='bbox 1391 5694 1512 5745; x_wconf 83' lang='grc' dir='ltr'>κατ’</span> <span class='ocrx_word' id='word_1_481' title='bbox 1534 5693 1714 5746; x_wconf 80' lang='grc' dir='ltr'>αὐτῶν</span> <span class='ocrx_word' id='word_1_482' title='bbox 1739 5695 2103 5768; x_wconf 81' lang='grc' dir='ltr'>ἀγανάκτησιν</span> 
     </span>
    </p>
   </div>
   <div class='ocr_carea' id='block_1_62' title="bbox 441 5774 2101 5852">
    <p class='ocr_par' dir='ltr' id='par_1_62' title="bbox 441 5774 2101 5852">
     <span class='ocr_line' id='line_1_62' title="bbox 441 5774 2101 5852; baseline 0.008 -24"><span class='ocrx_word' id='word_1_483' title='bbox 441 5774 882 5844; x_wconf 72' lang='grc' dir='ltr'>ἀκκαλεσαμένου</span> <span class='ocrx_word' id='word_1_484' title='bbox 924 5777 1014 5828; x_wconf 81' lang='grc' dir='ltr'>τὸν</span> <span class='ocrx_word' id='word_1_485' title='bbox 1065 5775 1442 5847; x_wconf 81' lang='grc' dir='ltr'>φιλάνθρωπον</span> <span class='ocrx_word' id='word_1_486' title='bbox 1497 5781 1794 5852; x_wconf 80' lang='grc' dir='ltr'>Δεσπότην,</span> <span class='ocrx_word' id='word_1_487' title='bbox 1831 5778 1985 5850; x_wconf 78' lang='grc' dir='ltr'>οὗτος</span> <span class='ocrx_word' id='word_1_488' title='bbox 2015 5786 2101 5842; x_wconf 79' lang='grc' dir='ltr'>διὰ</span> 
     </span>
    </p>
   </div>
   <div class='ocr_carea' id='block_1_63' title="bbox 459 5862 2098 5948">
    <p class='ocr_par' dir='ltr' id='par_1_63' title="bbox 459 5862 2098 5948">
     <span class='ocr_line' id='line_1_63' title="bbox 459 5862 2098 5948; baseline 0.01 -36"><span class='ocrx_word' id='word_1_489' title='bbox 459 5863 499 5898; x_wconf 47' lang='grc' dir='ltr'>ί</span> <span class='ocrx_word' id='word_1_490' title='bbox 517 5880 535 5914; x_wconf 92' lang='lat'><em>:</em></span> <span class='ocrx_word' id='word_1_491' title='bbox 571 5863 777 5926; x_wconf 88' lang='grc' dir='ltr'>οἰκείας</span> <span class='ocrx_word' id='word_1_492' title='bbox 796 5862 1031 5934; x_wconf 75' lang='grc' dir='ltr'>ἠδυνήθη</span> <span class='ocrx_word' id='word_1_493' title='bbox 1055 5865 1253 5938; x_wconf 82' lang='grc' dir='ltr'>ἀρετῆς</span> <span class='ocrx_word' id='word_1_494' title='bbox 1287 5868 1378 5921; x_wconf 76' lang='grc' dir='ltr'>καὶ</span> <span class='ocrx_word' id='word_1_495' title='bbox 1414 5869 1516 5940; x_wconf 78' lang='grc' dir='ltr'>τῆς</span> <span class='ocrx_word' id='word_1_496' title='bbox 1545 5871 1971 5944; x_wconf 71' lang='grc' dir='ltr'>ἀγανακτήσεως</span> <span class='ocrx_word' id='word_1_497' title='bbox 2003 5877 2098 5948; x_wconf 79' lang='grc' dir='ltr'>τὴν</span> 
     </span>
    </p>
   </div>
   <div class='ocr_carea' id='block_1_64' title="bbox 547 5949 2096 6029">
    <p class='ocr_par' dir='ltr' id='par_1_64' title="bbox 547 5949 2096 6029">
     <span class='ocr_line' id='line_1_64' title="bbox 547 5949 2096 6029; baseline 0.01 -29"><span class='ocrx_word' id='word_1_498' title='bbox 547 5973 550 5976; x_wconf 70' lang='lat'><strong><em>~</em></strong></span> <span class='ocrx_word' id='word_1_499' title='bbox 577 5967 638 6000; x_wconf 77' lang='grc' dir='ltr'>αν</span> <span class='ocrx_word' id='word_1_500' title='bbox 663 5949 965 6019; x_wconf 79' lang='grc' dir='ltr'>διαφυγεῖν,</span> <span class='ocrx_word' id='word_1_501' title='bbox 1014 5953 1107 6006; x_wconf 80' lang='grc' dir='ltr'>καὶ</span> <span class='ocrx_word' id='word_1_502' title='bbox 1147 5952 1346 6026; x_wconf 79' lang='grc' dir='ltr'>πολλὴν</span> <span class='ocrx_word' id='word_1_503' title='bbox 1373 5956 1469 6026; x_wconf 78' lang='grc' dir='ltr'>τὴν</span> <span class='ocrx_word' id='word_1_504' title='bbox 1498 5959 1626 6029; x_wconf 78' lang='grc' dir='ltr'>παρ’</span> <span class='ocrx_word' id='word_1_505' title='bbox 1677 5959 1844 6013; x_wconf 83' lang='grc' dir='ltr'>αὐτοῦ</span> <span class='ocrx_word' id='word_1_506' title='bbox 1890 5961 2096 6016; x_wconf 84' lang='grc' dir='ltr'>εῦνοιαν</span> 
     </span>
    </p>
   </div>
   <div class='ocr_carea' id='block_1_65' title="bbox 589 6037 2094 6122">
    <p class='ocr_par' dir='ltr' id='par_1_65' title="bbox 589 6037 2094 6122">
     <span class='ocr_line' id='line_1_65' title="bbox 589 6037 2094 6122; baseline 0.012 -36"><span class='ocrx_word' id='word_1_507' title='bbox 589 6037 853 6095; x_wconf 59' lang='grc' dir='ltr'>ξύσασθαι.</span> <span class='ocrx_word' id='word_1_508' title='bbox 889 6037 991 6094; x_wconf 70' lang='grc' dir='ltr'>Καὶ</span> <span class='ocrx_word' id='word_1_509' title='bbox 1016 6042 1060 6094; x_wconf 87' lang='grc' dir='ltr'>εί</span> <span class='ocrx_word' id='word_1_510' title='bbox 1094 6040 1290 6112; x_wconf 78' lang='grc' dir='ltr'>βούλει,</span> <span class='ocrx_word' id='word_1_511' title='bbox 1322 6043 1454 6109; x_wconf 72' lang='grc' dir='ltr'>τέως</span> <span class='ocrx_word' id='word_1_512' title='bbox 1479 6047 1605 6119; x_wconf 77' lang='grc' dir='ltr'>περὶ</span> <span class='ocrx_word' id='word_1_513' title='bbox 1629 6047 1731 6102; x_wconf 85' lang='grc' dir='ltr'>τῶν</span> <span class='ocrx_word' id='word_1_514' title='bbox 1763 6049 1818 6104; x_wconf 85' lang='grc' dir='ltr'>ἐν</span> <span class='ocrx_word' id='word_1_515' title='bbox 1852 6049 1927 6121; x_wconf 77' lang='grc' dir='ltr'>τῷ</span> <span class='ocrx_word' id='word_1_516' title='bbox 1957 6068 2094 6122; x_wconf 80' lang='grc' dir='ltr'>παρ-</span> 
     </span>
    </p>
   </div>
   <div class='ocr_carea' id='block_1_66' title="bbox 1277 427 3134 526">
    <p class='ocr_par' dir='ltr' id='par_1_66' title="bbox 1277 427 3134 526">
     <span class='ocr_line' id='line_1_66' title="bbox 1277 427 3134 526; baseline -0.011 0"><span class='ocrx_word' id='word_1_517' title='bbox 1277 472 1333 526; x_wconf 93' lang='lat' dir='ltr'>s.</span> <span class='ocrx_word' id='word_1_518' title='bbox 1373 427 1658 525; x_wconf 48' lang='lat' dir='ltr'>mimus</span> <span class='ocrx_word' id='word_1_519' title='bbox 1701 459 2190 524; x_wconf 69' lang='lat' dir='ltr'>cnmsosmm</span> <span class='ocrx_word' id='word_1_520' title='bbox 2240 457 2551 515; x_wconf 69' lang='lat' dir='ltr'>ARCIIIEP.</span> <span class='ocrx_word' id='word_1_521' title='bbox 2596 450 3134 526; x_wconf 63' lang='grc' dir='ltr'>οοιιβτλκτικοιδ.</span> 
     </span>
    </p>
   </div>
   <div class='ocr_carea' id='block_1_67' title="bbox 2248 560 3916 645">
    <p class='ocr_par' dir='ltr' id='par_1_67' title="bbox 2248 560 3916 645">
     <span class='ocr_line' id='line_1_67' title="bbox 2248 560 3916 645; baseline -0.007 -18"><span class='ocrx_word' id='word_1_522' title='bbox 2248 573 2361 626; x_wconf 83' lang='grc' dir='ltr'>όντι</span> <span class='ocrx_word' id='word_1_523' title='bbox 2395 573 2494 645; x_wconf 83' lang='grc' dir='ltr'>βίῳ</span> <span class='ocrx_word' id='word_1_524' title='bbox 2516 570 2903 640; x_wconf 86' lang='grc' dir='ltr'>διαλεχθῶμεν.</span> <span class='ocrx_word' id='word_1_525' title='bbox 2932 568 3091 628; x_wconf 86' lang='grc' dir='ltr'>Ἴσως</span> <span class='ocrx_word' id='word_1_526' title='bbox 3112 563 3218 637; x_wconf 87' lang='grc' dir='ltr'>γάρ</span> <span class='ocrx_word' id='word_1_527' title='bbox 3241 578 3382 624; x_wconf 87' lang='grc' dir='ltr'>τινες</span> <span class='ocrx_word' id='word_1_528' title='bbox 3404 563 3518 624; x_wconf 79' lang='grc' dir='ltr'>τοῖς</span> <span class='ocrx_word' id='word_1_529' title='bbox 3549 560 3804 632; x_wconf 77' lang='grc' dir='ltr'>μέλλωσι</span> <span class='ocrx_word' id='word_1_530' title='bbox 3822 566 3916 618; x_wconf 78' lang='grc' dir='ltr'>καὶ</span> 
     </span>
    </p>
   </div>
   <div class='ocr_carea' id='block_1_68' title="bbox 2252 648 3913 730">
    <p class='ocr_par' dir='ltr' id='par_1_68' title="bbox 2252 648 3913 730">
     <span class='ocr_line' id='line_1_68' title="bbox 2252 648 3913 730; baseline -0.008 -17"><span class='ocrx_word' id='word_1_531' title='bbox 2252 661 2326 730; x_wconf 87' lang='grc' dir='ltr'>μὴ</span> <span class='ocrx_word' id='word_1_532' title='bbox 2354 659 2648 730; x_wconf 82' lang='grc' dir='ltr'>ὁρωμένοις</span> <span class='ocrx_word' id='word_1_533' title='bbox 2678 652 3068 710; x_wconf 89' lang='grc' dir='ltr'>διαπιστοῦσιν.</span> <span class='ocrx_word' id='word_1_534' title='bbox 3108 649 3336 718; x_wconf 87' lang='grc' dir='ltr'>Ἰδωμεν</span> <span class='ocrx_word' id='word_1_535' title='bbox 3365 649 3544 701; x_wconf 81' lang='grc' dir='ltr'>τοίνυν</span> <span class='ocrx_word' id='word_1_536' title='bbox 3578 649 3644 700; x_wconf 73' lang='grc' dir='ltr'>ἐκ</span> <span class='ocrx_word' id='word_1_537' title='bbox 3686 648 3800 701; x_wconf 82' lang='grc' dir='ltr'>τῶν</span> <span class='ocrx_word' id='word_1_538' title='bbox 3833 653 3913 702; x_wconf 76' lang='grc' dir='ltr'>ἐνο</span> 
     </span>
    </p>
   </div>
   <div class='ocr_carea' id='block_1_69' title="bbox 2246 733 3915 812">
    <p class='ocr_par' dir='ltr' id='par_1_69' title="bbox 2246 733 3915 812">
     <span class='ocr_line' id='line_1_69' title="bbox 2246 733 3915 812; baseline -0.007 -14"><span class='ocrx_word' id='word_1_539' title='bbox 2246 744 2420 799; x_wconf 79' lang='grc' dir='ltr'>ταῦθα</span> <span class='ocrx_word' id='word_1_540' title='bbox 2439 742 2759 812; x_wconf 82' lang='grc' dir='ltr'>γινομένων,</span> <span class='ocrx_word' id='word_1_541' title='bbox 2793 739 2913 792; x_wconf 89' lang='grc' dir='ltr'>τίνα</span> <span class='ocrx_word' id='word_1_542' title='bbox 2945 737 3042 806; x_wconf 78' lang='grc' dir='ltr'>μὲν</span> <span class='ocrx_word' id='word_1_543' title='bbox 3061 736 3188 798; x_wconf 81' lang='grc' dir='ltr'>τοὺς</span> <span class='ocrx_word' id='word_1_544' title='bbox 3219 735 3354 806; x_wconf 78' lang='grc' dir='ltr'>πρὸς</span> <span class='ocrx_word' id='word_1_545' title='bbox 3380 733 3479 804; x_wconf 82' lang='grc' dir='ltr'>τήν</span> <span class='ocrx_word' id='word_1_546' title='bbox 3525 735 3728 787; x_wconf 87' lang='grc' dir='ltr'>κακίαν</span> <span class='ocrx_word' id='word_1_547' title='bbox 3755 735 3915 787; x_wconf 83' lang='grc' dir='ltr'>αύτο-</span> 
     </span>
    </p>
   </div>
   <div class='ocr_carea' id='block_1_70' title="bbox 2250 821 3914 901">
    <p class='ocr_par' dir='ltr' id='par_1_70' title="bbox 2250 821 3914 901">
     <span class='ocr_line' id='line_1_70' title="bbox 2250 821 3914 901; baseline -0.006 -19"><span class='ocrx_word' id='word_1_548' title='bbox 2250 832 2583 901; x_wconf 78' lang='grc' dir='ltr'>μολήσαντας</span> <span class='ocrx_word' id='word_1_549' title='bbox 2621 826 2911 892; x_wconf 79' lang='grc' dir='ltr'>διεδέξατο,</span> <span class='ocrx_word' id='word_1_550' title='bbox 2945 825 3105 878; x_wconf 90' lang='grc' dir='ltr'>τίνων</span> <span class='ocrx_word' id='word_1_551' title='bbox 3141 823 3198 875; x_wconf 79' lang='grc' dir='ltr'>δέ</span> <span class='ocrx_word' id='word_1_552' title='bbox 3225 823 3253 873; x_wconf 90' lang='grc' dir='ltr'>ὁ</span> <span class='ocrx_word' id='word_1_553' title='bbox 3302 821 3398 892; x_wconf 79' lang='grc' dir='ltr'>τὴν</span> <span class='ocrx_word' id='word_1_554' title='bbox 3426 821 3626 892; x_wconf 83' lang='grc' dir='ltr'>ἀρετήν</span> <span class='ocrx_word' id='word_1_555' title='bbox 3658 821 3914 890; x_wconf 81' lang='grc' dir='ltr'>ἐλόμενος</span> 
     </span>
    </p>
   </div>
   <div class='ocr_carea' id='block_1_71' title="bbox 2249 909 3912 986">
    <p class='ocr_par' dir='ltr' id='par_1_71' title="bbox 2249 909 3912 986">
     <span class='ocr_line' id='line_1_71' title="bbox 2249 909 3912 986; baseline -0.005 -17"><span class='ocrx_word' id='word_1_556' title='bbox 2249 918 2471 986; x_wconf 75' lang='grc' dir='ltr'>ἠξιώθη.</span> <span class='ocrx_word' id='word_1_557' title='bbox 2513 913 2725 984; x_wconf 80' lang='grc' dir='ltr'>Ἐπειδὴ</span> <span class='ocrx_word' id='word_1_558' title='bbox 2755 913 2864 984; x_wconf 85' lang='grc' dir='ltr'>γάρ</span> <span class='ocrx_word' id='word_1_559' title='bbox 2883 911 2972 965; x_wconf 90' lang='grc' dir='ltr'>διά</span> <span class='ocrx_word' id='word_1_560' title='bbox 2987 911 3086 980; x_wconf 77' lang='grc' dir='ltr'>τὴν</span> <span class='ocrx_word' id='word_1_561' title='bbox 3118 910 3319 980; x_wconf 80' lang='grc' dir='ltr'>πολλὴν</span> <span class='ocrx_word' id='word_1_562' title='bbox 3345 913 3445 980; x_wconf 79' lang='grc' dir='ltr'>τῆς</span> <span class='ocrx_word' id='word_1_563' title='bbox 3491 911 3690 972; x_wconf 85' lang='grc' dir='ltr'>κακίας</span> <span class='ocrx_word' id='word_1_564' title='bbox 3719 909 3912 961; x_wconf 81' lang='grc' dir='ltr'>ἐπίτα-</span> 
     </span>
    </p>
   </div>
   <div class='ocr_carea' id='block_1_72' title="bbox 2249 995 3915 1074">
    <p class='ocr_par' dir='ltr' id='par_1_72' title="bbox 2249 995 3915 1074">
     <span class='ocr_line' id='line_1_72' title="bbox 2249 995 3915 1074; baseline -0.005 -19"><span class='ocrx_word' id='word_1_565' title='bbox 2249 1021 2333 1055; x_wconf 87' lang='grc' dir='ltr'>σιν</span> <span class='ocrx_word' id='word_1_566' title='bbox 2372 1004 2688 1074; x_wconf 83' lang='grc' dir='ltr'>ἀπεφήνατο</span> <span class='ocrx_word' id='word_1_567' title='bbox 2717 1001 2745 1052; x_wconf 88' lang='lat'>6</span> <span class='ocrx_word' id='word_1_568' title='bbox 2776 998 2977 1068; x_wconf 79' lang='grc' dir='ltr'>ἀγαθὸς</span> <span class='ocrx_word' id='word_1_569' title='bbox 3025 998 3157 1061; x_wconf 83' lang='grc' dir='ltr'>Θεὸς</span> <span class='ocrx_word' id='word_1_570' title='bbox 3212 995 3557 1066; x_wconf 81' lang='grc' dir='ltr'>πανωλεθρίᾳ</span> <span class='ocrx_word' id='word_1_571' title='bbox 3589 995 3650 1050; x_wconf 87' lang='lat'>16</span> <span class='ocrx_word' id='word_1_572' title='bbox 3681 995 3787 1050; x_wconf 86' lang='grc' dir='ltr'>τῶν</span> <span class='ocrx_word' id='word_1_573' title='bbox 3816 997 3915 1048; x_wconf 82' lang='grc' dir='ltr'>ἀν-</span> 
     </span>
    </p>
   </div>
   <div class='ocr_carea' id='block_1_73' title="bbox 2245 1081 3916 1158">
    <p class='ocr_par' dir='ltr' id='par_1_73' title="bbox 2245 1081 3916 1158">
     <span class='ocr_line' id='line_1_73' title="bbox 2245 1081 3916 1158; baseline -0.005 -16"><span class='ocrx_word' id='word_1_574' title='bbox 2245 1090 2476 1158; x_wconf 82' lang='grc' dir='ltr'>θρώπων</span> <span class='ocrx_word' id='word_1_575' title='bbox 2534 1089 2690 1157; x_wconf 83' lang='grc' dir='ltr'>γένος</span> <span class='ocrx_word' id='word_1_576' title='bbox 2747 1085 3148 1146; x_wconf 85' lang='grc' dir='ltr'>καταδικάσειν,</span> <span class='ocrx_word' id='word_1_577' title='bbox 3187 1081 3377 1146; x_wconf 84' lang='grc' dir='ltr'>εἰπὼν,</span> <span class='ocrx_word' id='word_1_578' title='bbox 3427 1083 3756 1151; x_wconf 63' lang='grc' dir='ltr'>Ἂπαλείψω</span> <span class='ocrx_word' id='word_1_579' title='bbox 3804 1083 3916 1134; x_wconf 79' lang='grc' dir='ltr'>τὸν</span> 
     </span>
    </p>
   </div>
   <div class='ocr_carea' id='block_1_74' title="bbox 2243 1167 3914 1244">
    <p class='ocr_par' dir='ltr' id='par_1_74' title="bbox 2243 1167 3914 1244">
     <span class='ocr_line' id='line_1_74' title="bbox 2243 1167 3914 1244; baseline -0.005 -16"><span class='ocrx_word' id='word_1_580' title='bbox 2243 1177 2575 1244; x_wconf 72' lang='grc' dir='ltr'>ἄνθρωπον,</span> <span class='ocrx_word' id='word_1_581' title='bbox 2602 1175 2676 1230; x_wconf 79' lang='grc' dir='ltr'>ὃν</span> <span class='ocrx_word' id='word_1_582' title='bbox 2697 1175 2977 1241; x_wconf 64' lang='grc' dir='ltr'>ἐποίησα,</span> <span class='ocrx_word' id='word_1_583' title='bbox 3013 1171 3134 1226; x_wconf 70' lang='grc' dir='ltr'>ἀπὸ</span> <span class='ocrx_word' id='word_1_584' title='bbox 3166 1168 3492 1238; x_wconf 72' lang='grc' dir='ltr'>προσώπου</span> <span class='ocrx_word' id='word_1_585' title='bbox 3520 1167 3628 1236; x_wconf 76' lang='grc' dir='ltr'>τῆς</span> <span class='ocrx_word' id='word_1_586' title='bbox 3655 1169 3788 1239; x_wconf 72' lang='grc' dir='ltr'>τῆς.</span> <span class='ocrx_word' id='word_1_587' title='bbox 3818 1170 3914 1221; x_wconf 68' lang='grc' dir='ltr'>καὶ</span> 
     </span>
    </p>
   </div>
   <div class='ocr_carea' id='block_1_75' title="bbox 2242 1254 3916 1331">
    <p class='ocr_par' dir='ltr' id='par_1_75' title="bbox 2242 1254 3916 1331">
     <span class='ocr_line' id='line_1_75' title="bbox 2242 1254 3916 1331; baseline -0.003 -19"><span class='ocrx_word' id='word_1_588' title='bbox 2242 1261 2451 1324; x_wconf 79' lang='grc' dir='ltr'>δεικνὺς</span> <span class='ocrx_word' id='word_1_589' title='bbox 2477 1261 2576 1331; x_wconf 81' lang='grc' dir='ltr'>τῆς</span> <span class='ocrx_word' id='word_1_590' title='bbox 2597 1261 3019 1329; x_wconf 84' lang='grc' dir='ltr'>ἀγανακτήσεως</span> <span class='ocrx_word' id='word_1_591' title='bbox 3039 1256 3201 1311; x_wconf 83' lang='grc' dir='ltr'>αὐτοῦ</span> <span class='ocrx_word' id='word_1_592' title='bbox 3220 1257 3316 1326; x_wconf 79' lang='grc' dir='ltr'>τὴν</span> <span class='ocrx_word' id='word_1_593' title='bbox 3334 1254 3654 1326; x_wconf 73' lang='grc' dir='ltr'>ὑπερϐολήν,</span> <span class='ocrx_word' id='word_1_594' title='bbox 3681 1255 3745 1308; x_wconf 91' lang='lat'>06</span> <span class='ocrx_word' id='word_1_595' title='bbox 3767 1254 3916 1308; x_wconf 63' lang='grc' dir='ltr'>κατὰ</span> 
     </span>
    </p>
   </div>
   <div class='ocr_carea' id='block_1_76' title="bbox 2239 1342 3918 1417">
    <p class='ocr_par' dir='ltr' id='par_1_76' title="bbox 2239 1342 3918 1417">
     <span class='ocr_line' id='line_1_76' title="bbox 2239 1342 3918 1417; baseline -0.003 -19"><span class='ocrx_word' id='word_1_596' title='bbox 2239 1348 2331 1400; x_wconf 81' lang='grc' dir='ltr'>τοῦ</span> <span class='ocrx_word' id='word_1_597' title='bbox 2364 1349 2470 1400; x_wconf 86' lang='grc' dir='ltr'>τῶν</span> <span class='ocrx_word' id='word_1_598' title='bbox 2499 1345 2804 1417; x_wconf 84' lang='grc' dir='ltr'>ἀνθρώπων</span> <span class='ocrx_word' id='word_1_599' title='bbox 2836 1345 3025 1411; x_wconf 78' lang='grc' dir='ltr'>γένους</span> <span class='ocrx_word' id='word_1_600' title='bbox 3061 1344 3220 1413; x_wconf 91' lang='grc' dir='ltr'>μόνον</span> <span class='ocrx_word' id='word_1_601' title='bbox 3250 1344 3349 1412; x_wconf 84' lang='grc' dir='ltr'>τὴν</span> <span class='ocrx_word' id='word_1_602' title='bbox 3385 1343 3656 1409; x_wconf 77' lang='grc' dir='ltr'>ἀπόφασιν</span> <span class='ocrx_word' id='word_1_603' title='bbox 3690 1342 3918 1411; x_wconf 78' lang='grc' dir='ltr'>ἐξήνεγο</span> 
     </span>
    </p>
   </div>
   <div class='ocr_carea' id='block_1_77' title="bbox 2241 1428 3917 1498">
    <p class='ocr_par' dir='ltr' id='par_1_77' title="bbox 2241 1428 3917 1498">
     <span class='ocr_line' id='line_1_77' title="bbox 2241 1428 3917 1498; baseline -0.002 -12"><span class='ocrx_word' id='word_1_604' title='bbox 2241 1452 2356 1497; x_wconf 81' lang='grc' dir='ltr'>κεν,</span> <span class='ocrx_word' id='word_1_605' title='bbox 2387 1434 2522 1488; x_wconf 87' lang='grc' dir='ltr'>ἀλλά</span> <span class='ocrx_word' id='word_1_606' title='bbox 2549 1435 2644 1488; x_wconf 71' lang='grc' dir='ltr'>καὶ</span> <span class='ocrx_word' id='word_1_607' title='bbox 2669 1432 2810 1485; x_wconf 89' lang='grc' dir='ltr'>κατά</span> <span class='ocrx_word' id='word_1_608' title='bbox 2839 1432 3056 1484; x_wconf 81' lang='grc' dir='ltr'>πάντων</span> <span class='ocrx_word' id='word_1_609' title='bbox 3078 1429 3185 1483; x_wconf 91' lang='grc' dir='ltr'>τῶν</span> <span class='ocrx_word' id='word_1_610' title='bbox 3213 1428 3446 1497; x_wconf 85' lang='grc' dir='ltr'>κτηνῶν,</span> <span class='ocrx_word' id='word_1_611' title='bbox 3481 1429 3571 1481; x_wconf 80' lang='grc' dir='ltr'>καὶ</span> <span class='ocrx_word' id='word_1_612' title='bbox 3604 1428 3712 1483; x_wconf 82' lang='grc' dir='ltr'>τῶν</span> <span class='ocrx_word' id='word_1_613' title='bbox 3743 1429 3917 1498; x_wconf 66' lang='grc' dir='ltr'>ἑρπε-</span> 
     </span>
    </p>
   </div>
   <div class='ocr_carea' id='block_1_78' title="bbox 2236 1514 3918 1587">
    <p class='ocr_par' dir='ltr' id='par_1_78' title="bbox 2236 1514 3918 1587">
     <span class='ocr_line' id='line_1_78' title="bbox 2236 1514 3918 1587; baseline -0.003 -14"><span class='ocrx_word' id='word_1_614' title='bbox 2236 1523 2365 1583; x_wconf 76' lang='grc' dir='ltr'>τῶν,</span> <span class='ocrx_word' id='word_1_615' title='bbox 2404 1523 2498 1574; x_wconf 76' lang='grc' dir='ltr'>καὶ</span> <span class='ocrx_word' id='word_1_616' title='bbox 2547 1521 2655 1573; x_wconf 83' lang='grc' dir='ltr'>τῶν</span> <span class='ocrx_word' id='word_1_617' title='bbox 2699 1519 2959 1572; x_wconf 83' lang='grc' dir='ltr'>πετεινῶν</span> <span class='ocrx_word' id='word_1_618' title='bbox 2986 1535 2998 1549; x_wconf 91' lang='grc'><strong>·</strong></span> <span class='ocrx_word' id='word_1_619' title='bbox 3051 1517 3158 1570; x_wconf 82' lang='grc' dir='ltr'>τῶν</span> <span class='ocrx_word' id='word_1_620' title='bbox 3202 1517 3310 1587; x_wconf 80' lang='grc' dir='ltr'>γάρ</span> <span class='ocrx_word' id='word_1_621' title='bbox 3361 1514 3682 1586; x_wconf 85' lang='grc' dir='ltr'>ἀνθρώπων,</span> <span class='ocrx_word' id='word_1_622' title='bbox 3721 1515 3792 1568; x_wconf 83' lang='grc' dir='ltr'>δι’</span> <span class='ocrx_word' id='word_1_623' title='bbox 3819 1514 3918 1576; x_wconf 73' lang='grc' dir='ltr'>οὓς</span> 
     </span>
    </p>
   </div>
   <div class='ocr_carea' id='block_1_79' title="bbox 2237 1601 3918 1678">
    <p class='ocr_par' dir='ltr' id='par_1_79' title="bbox 2237 1601 3918 1678">
     <span class='ocr_line' id='line_1_79' title="bbox 2237 1601 3918 1678; baseline -0.004 -18"><span class='ocrx_word' id='word_1_624' title='bbox 2237 1609 2404 1661; x_wconf 81' lang='grc' dir='ltr'>ταῦτα</span> <span class='ocrx_word' id='word_1_625' title='bbox 2443 1606 2722 1678; x_wconf 81' lang='grc' dir='ltr'>παρήχθη,</span> <span class='ocrx_word' id='word_1_626' title='bbox 2749 1605 3081 1659; x_wconf 85' lang='grc' dir='ltr'>ἀπόλλυσθαι</span> <span class='ocrx_word' id='word_1_627' title='bbox 3108 1603 3259 1673; x_wconf 70' lang='grc'>[207]</span> <span class='ocrx_word' id='word_1_628' title='bbox 3297 1601 3614 1672; x_wconf 85' lang='grc' dir='ltr'>μελλόντων,</span> <span class='ocrx_word' id='word_1_629' title='bbox 3650 1601 3746 1654; x_wconf 78' lang='grc' dir='ltr'>καὶ</span> <span class='ocrx_word' id='word_1_630' title='bbox 3777 1602 3918 1654; x_wconf 72' lang='lat' dir='ltr'>6m-</span> 
     </span>
    </p>
   </div>
   <div class='ocr_carea' id='block_1_80' title="bbox 2237 1685 3917 1764">
    <p class='ocr_par' dir='ltr' id='par_1_80' title="bbox 2237 1685 3917 1764">
     <span class='ocr_line' id='line_1_80' title="bbox 2237 1685 3917 1764; baseline -0.001 -18"><span class='ocrx_word' id='word_1_631' title='bbox 2237 1695 2473 1764; x_wconf 74' lang='grc' dir='ltr'>ϐρυχίων</span> <span class='ocrx_word' id='word_1_632' title='bbox 2523 1693 2786 1761; x_wconf 84' lang='grc' dir='ltr'>γίνεσθαι,</span> <span class='ocrx_word' id='word_1_633' title='bbox 2850 1692 3074 1752; x_wconf 82' lang='grc' dir='ltr'>εἰκότως</span> <span class='ocrx_word' id='word_1_634' title='bbox 3109 1689 3201 1742; x_wconf 79' lang='grc' dir='ltr'>καὶ</span> <span class='ocrx_word' id='word_1_635' title='bbox 3253 1687 3424 1741; x_wconf 87' lang='grc' dir='ltr'>ταῦτα</span> <span class='ocrx_word' id='word_1_636' title='bbox 3480 1688 3580 1756; x_wconf 77' lang='grc' dir='ltr'>τῆς</span> <span class='ocrx_word' id='word_1_637' title='bbox 3637 1685 3917 1758; x_wconf 61' lang='grc' dir='ltr'>τιμιυρίᾶς</span> 
     </span>
    </p>
   </div>
   <div class='ocr_carea' id='block_1_81' title="bbox 2236 1770 3914 1850">
    <p class='ocr_par' dir='ltr' id='par_1_81' title="bbox 2236 1770 3914 1850">
     <span class='ocr_line' id='line_1_81' title="bbox 2236 1770 3914 1850; baseline -0.002 -20"><span class='ocrx_word' id='word_1_638' title='bbox 2236 1781 2675 1850; x_wconf 70' lang='grc' dir='ltr'>συναπήλαυσεψ</span> <span class='ocrx_word' id='word_1_639' title='bbox 2708 1777 2892 1848; x_wconf 80' lang='grc' dir='ltr'>ἐπειδὴ</span> <span class='ocrx_word' id='word_1_640' title='bbox 2929 1774 3022 1831; x_wconf 79' lang='grc' dir='ltr'>οὖν</span> <span class='ocrx_word' id='word_1_641' title='bbox 3057 1778 3090 1848; x_wconf 83' lang='grc' dir='ltr'>ή</span> <span class='ocrx_word' id='word_1_642' title='bbox 3123 1776 3397 1844; x_wconf 80' lang='grc' dir='ltr'>ἀπόφασις</span> <span class='ocrx_word' id='word_1_643' title='bbox 3423 1775 3672 1846; x_wconf 86' lang='grc' dir='ltr'>ἀόριστος</span> <span class='ocrx_word' id='word_1_644' title='bbox 3692 1770 3784 1844; x_wconf 75' lang='grc' dir='ltr'>ἦν,</span> <span class='ocrx_word' id='word_1_645' title='bbox 3817 1776 3914 1828; x_wconf 78' lang='grc' dir='ltr'>καὶ</span> 
     </span>
    </p>
   </div>
   <div class='ocr_carea' id='block_1_82' title="bbox 2233 1861 3913 1936">
    <p class='ocr_par' dir='ltr' id='par_1_82' title="bbox 2233 1861 3913 1936">
     <span class='ocr_line' id='line_1_82' title="bbox 2233 1861 3913 1936; baseline -0.004 -18"><span class='ocrx_word' id='word_1_646' title='bbox 2233 1867 2488 1936; x_wconf 72' lang='grc' dir='ltr'>οὐδεμίαν</span> <span class='ocrx_word' id='word_1_647' title='bbox 2527 1867 2723 1936; x_wconf 78' lang='grc' dir='ltr'>ἔχουσα</span> <span class='ocrx_word' id='word_1_648' title='bbox 2749 1865 3036 1935; x_wconf 88' lang='grc' dir='ltr'>διαίρεσιν,</span> <span class='ocrx_word' id='word_1_649' title='bbox 3073 1865 3160 1918; x_wconf 79' lang='grc' dir='ltr'>ἵνα</span> <span class='ocrx_word' id='word_1_650' title='bbox 3199 1864 3378 1934; x_wconf 84' lang='grc' dir='ltr'>μάθῃς</span> <span class='ocrx_word' id='word_1_651' title='bbox 3420 1863 3479 1916; x_wconf 81' lang='lat'>16</span> <span class='ocrx_word' id='word_1_652' title='bbox 3510 1861 3913 1932; x_wconf 77' lang='grc' dir='ltr'>ἀπροσωπόλη-</span> 
     </span>
    </p>
   </div>
   <div class='ocr_carea' id='block_1_83' title="bbox 2234 1936 3912 2020">
    <p class='ocr_par' dir='ltr' id='par_1_83' title="bbox 2234 1936 3912 2020">
     <span class='ocr_line' id='line_1_83' title="bbox 2234 1936 3912 2020; baseline -0.004 -16"><span class='ocrx_word' id='word_1_653' title='bbox 2234 1970 2364 2005; x_wconf 86' lang='grc' dir='ltr'>πτον</span> <span class='ocrx_word' id='word_1_654' title='bbox 2391 1953 2486 2005; x_wconf 87' lang='grc' dir='ltr'>τοῦ</span> <span class='ocrx_word' id='word_1_655' title='bbox 2516 1936 2674 2013; x_wconf 64' lang='grc' dir='ltr'>Θεοῦ,</span> <span class='ocrx_word' id='word_1_656' title='bbox 2703 1953 2796 2006; x_wconf 75' lang='grc' dir='ltr'>καὶ</span> <span class='ocrx_word' id='word_1_657' title='bbox 2828 1954 2908 2004; x_wconf 85' lang='grc' dir='ltr'>ὅτι</span> <span class='ocrx_word' id='word_1_658' title='bbox 2956 1953 3074 2014; x_wconf 81' lang='grc' dir='ltr'>ταῖς</span> <span class='ocrx_word' id='word_1_659' title='bbox 3128 1949 3378 2020; x_wconf 88' lang='grc' dir='ltr'>καρδίαις</span> <span class='ocrx_word' id='word_1_660' title='bbox 3430 1951 3550 2010; x_wconf 83' lang='grc' dir='ltr'>ταῖς</span> <span class='ocrx_word' id='word_1_661' title='bbox 3604 1948 3912 2019; x_wconf 73' lang='grc' dir='ltr'>ἡμετέραις</span> 
     </span>
    </p>
   </div>
   <div class='ocr_carea' id='block_1_84' title="bbox 2235 2035 3912 2108">
    <p class='ocr_par' dir='ltr' id='par_1_84' title="bbox 2235 2035 3912 2108">
     <span class='ocr_line' id='line_1_84' title="bbox 2235 2035 3912 2108; baseline -0.003 -18"><span class='ocrx_word' id='word_1_662' title='bbox 2235 2039 2547 2108; x_wconf 78' lang='grc' dir='ltr'>ἐμϐατεύων</span> <span class='ocrx_word' id='word_1_663' title='bbox 2568 2039 2758 2092; x_wconf 71' lang='grc' dir='ltr'>οὐδένα</span> <span class='ocrx_word' id='word_1_664' title='bbox 2783 2039 3036 2108; x_wconf 82' lang='grc' dir='ltr'>περιορᾷ,</span> <span class='ocrx_word' id='word_1_665' title='bbox 3064 2037 3199 2090; x_wconf 88' lang='grc' dir='ltr'>ἀλλά</span> <span class='ocrx_word' id='word_1_666' title='bbox 3228 2036 3328 2089; x_wconf 78' lang='grc' dir='ltr'>κᾶν</span> <span class='ocrx_word' id='word_1_667' title='bbox 3359 2036 3558 2106; x_wconf 87' lang='grc' dir='ltr'>μικράν</span> <span class='ocrx_word' id='word_1_668' title='bbox 3587 2052 3706 2086; x_wconf 88' lang='grc' dir='ltr'>τινα</span> <span class='ocrx_word' id='word_1_669' title='bbox 3733 2035 3912 2102; x_wconf 67' lang='grc' dir='ltr'>ἀφορο</span> 
     </span>
    </p>
   </div>
   <div class='ocr_carea' id='block_1_85' title="bbox 2235 2121 3910 2199">
    <p class='ocr_par' dir='ltr' id='par_1_85' title="bbox 2235 2121 3910 2199">
     <span class='ocr_line' id='line_1_85' title="bbox 2235 2121 3910 2199; baseline -0.002 -23"><span class='ocrx_word' id='word_1_670' title='bbox 2235 2127 2341 2195; x_wconf 78' lang='grc' dir='ltr'>μὴν</span> <span class='ocrx_word' id='word_1_671' title='bbox 2369 2125 2504 2199; x_wconf 74' lang='grc' dir='ltr'>εὕρῃ</span> <span class='ocrx_word' id='word_1_672' title='bbox 2541 2128 2668 2196; x_wconf 78' lang='grc' dir='ltr'>παρ’</span> <span class='ocrx_word' id='word_1_673' title='bbox 2717 2125 2872 2195; x_wconf 88' lang='grc' dir='ltr'>ήμῶν</span> <span class='ocrx_word' id='word_1_674' title='bbox 2898 2125 3314 2194; x_wconf 71' lang='grc' dir='ltr'>εἰσφερομένην,</span> <span class='ocrx_word' id='word_1_675' title='bbox 3347 2122 3552 2191; x_wconf 74' lang='grc' dir='ltr'>ἄφατον</span> <span class='ocrx_word' id='word_1_676' title='bbox 3583 2121 3748 2174; x_wconf 80' lang='grc' dir='ltr'>αὐτοῦ</span> <span class='ocrx_word' id='word_1_677' title='bbox 3783 2124 3910 2173; x_wconf 79' lang='grc' dir='ltr'>ἐπι-</span> 
     </span>
    </p>
   </div>
   <div class='ocr_carea' id='block_1_86' title="bbox 2230 2210 3906 2286">
    <p class='ocr_par' dir='ltr' id='par_1_86' title="bbox 2230 2210 3906 2286">
     <span class='ocr_line' id='line_1_86' title="bbox 2230 2210 3906 2286; baseline -0.005 -16"><span class='ocrx_word' id='word_1_678' title='bbox 2230 2217 2500 2270; x_wconf 84' lang='grc' dir='ltr'>δείκνυται</span> <span class='ocrx_word' id='word_1_679' title='bbox 2543 2217 2640 2286; x_wconf 83' lang='grc' dir='ltr'>τήν</span> <span class='ocrx_word' id='word_1_680' title='bbox 2670 2215 3101 2284; x_wconf 81' lang='grc' dir='ltr'>φιλανθρωπίαν,</span> <span class='ocrx_word' id='word_1_681' title='bbox 3160 2214 3327 2284; x_wconf 75' lang='grc' dir='ltr'>φησὶν</span> <span class='ocrx_word' id='word_1_682' title='bbox 3355 2214 3389 2283; x_wconf 90' lang='grc' dir='ltr'>ή</span> <span class='ocrx_word' id='word_1_683' title='bbox 3440 2211 3648 2281; x_wconf 77' lang='grc' dir='ltr'>Γραφὴ.</span> <span class='ocrx_word' id='word_1_684' title='bbox 3711 2212 3800 2263; x_wconf 80' lang='grc' dir='ltr'>ἵνα</span> <span class='ocrx_word' id='word_1_685' title='bbox 3830 2210 3906 2279; x_wconf 79' lang='grc' dir='ltr'>μὴ</span> 
     </span>
    </p>
   </div>
   <div class='ocr_carea' id='block_1_87' title="bbox 2231 2296 3907 2372">
    <p class='ocr_par' dir='ltr' id='par_1_87' title="bbox 2231 2296 3907 2372">
     <span class='ocr_line' id='line_1_87' title="bbox 2231 2296 3907 2372; baseline -0.004 -18"><span class='ocrx_word' id='word_1_686' title='bbox 2231 2304 2538 2372; x_wconf 84' lang='grc' dir='ltr'>νομίσωμεν</span> <span class='ocrx_word' id='word_1_687' title='bbox 2597 2305 2679 2356; x_wconf 87' lang='grc' dir='ltr'>ὅτι</span> <span class='ocrx_word' id='word_1_688' title='bbox 2719 2303 2987 2372; x_wconf 77' lang='grc' dir='ltr'>παντελὴς</span> <span class='ocrx_word' id='word_1_689' title='bbox 3040 2301 3348 2370; x_wconf 78' lang='grc' dir='ltr'>ἀφανισμὸς</span> <span class='ocrx_word' id='word_1_690' title='bbox 3395 2299 3600 2367; x_wconf 78' lang='grc' dir='ltr'>γίνεται</span> <span class='ocrx_word' id='word_1_691' title='bbox 3655 2297 3750 2349; x_wconf 87' lang='grc' dir='ltr'>τοῦ</span> <span class='ocrx_word' id='word_1_692' title='bbox 3793 2296 3907 2349; x_wconf 87' lang='grc' dir='ltr'>τῶν</span> 
     </span>
    </p>
   </div>
   <div class='ocr_carea' id='block_1_88' title="bbox 2229 2383 3904 2460">
    <p class='ocr_par' dir='ltr' id='par_1_88' title="bbox 2229 2383 3904 2460">
     <span class='ocr_line' id='line_1_88' title="bbox 2229 2383 3904 2460; baseline -0.003 -20"><span class='ocrx_word' id='word_1_693' title='bbox 2229 2388 2530 2460; x_wconf 83' lang='grc' dir='ltr'>ἀνθρώπων</span> <span class='ocrx_word' id='word_1_694' title='bbox 2549 2390 2758 2457; x_wconf 85' lang='grc' dir='ltr'>γένους,</span> <span class='ocrx_word' id='word_1_695' title='bbox 2782 2388 2918 2442; x_wconf 88' lang='grc' dir='ltr'>ἀλλά</span> <span class='ocrx_word' id='word_1_696' title='bbox 2949 2389 3188 2457; x_wconf 82' lang='grc' dir='ltr'>γνῶμεν,</span> <span class='ocrx_word' id='word_1_697' title='bbox 3216 2388 3298 2439; x_wconf 84' lang='grc' dir='ltr'>ὃτι</span> <span class='ocrx_word' id='word_1_698' title='bbox 3327 2386 3414 2440; x_wconf 80' lang='grc' dir='ltr'>διά</span> <span class='ocrx_word' id='word_1_699' title='bbox 3441 2385 3544 2454; x_wconf 72' lang='grc' dir='ltr'>τὴν</span> <span class='ocrx_word' id='word_1_700' title='bbox 3569 2383 3774 2438; x_wconf 82' lang='grc' dir='ltr'>οίκείαν</span> <span class='ocrx_word' id='word_1_701' title='bbox 3802 2385 3904 2436; x_wconf 84' lang='lat'><strong>06-</strong></span> 
     </span>
    </p>
   </div>
   <div class='ocr_carea' id='block_1_89' title="bbox 2229 2469 3906 2546">
    <p class='ocr_par' dir='ltr' id='par_1_89' title="bbox 2229 2469 3906 2546">
     <span class='ocr_line' id='line_1_89' title="bbox 2229 2469 3906 2546; baseline -0.005 -18"><span class='ocrx_word' id='word_1_702' title='bbox 2229 2475 2320 2529; x_wconf 80' lang='grc' dir='ltr'>τοῦ</span> <span class='ocrx_word' id='word_1_703' title='bbox 2356 2475 2667 2546; x_wconf 85' lang='grc' dir='ltr'>ἀγαθότητα</span> <span class='ocrx_word' id='word_1_704' title='bbox 2699 2477 2893 2544; x_wconf 85' lang='grc' dir='ltr'>ἀφίησι</span> <span class='ocrx_word' id='word_1_705' title='bbox 2920 2474 3193 2544; x_wconf 74' lang='grc' dir='ltr'>σπινθῆρά</span> <span class='ocrx_word' id='word_1_706' title='bbox 3222 2490 3343 2526; x_wconf 88' lang='grc' dir='ltr'>τινα</span> <span class='ocrx_word' id='word_1_707' title='bbox 3367 2472 3657 2536; x_wconf 75' lang='grc' dir='ltr'>σώζεσθαι,</span> <span class='ocrx_word' id='word_1_708' title='bbox 3686 2472 3779 2524; x_wconf 74' lang='grc' dir='ltr'>καὶ</span> <span class='ocrx_word' id='word_1_709' title='bbox 3823 2469 3906 2538; x_wconf 81' lang='grc' dir='ltr'>ῥί-</span> 
     </span>
    </p>
   </div>
   <div class='ocr_carea' id='block_1_90' title="bbox 2230 2555 3904 2633">
    <p class='ocr_par' dir='ltr' id='par_1_90' title="bbox 2230 2555 3904 2633">
     <span class='ocr_line' id='line_1_90' title="bbox 2230 2555 3904 2633; baseline -0.005 -16"><span class='ocrx_word' id='word_1_710' title='bbox 2230 2561 2327 2625; x_wconf 77' lang='grc' dir='ltr'>ζαν</span> <span class='ocrx_word' id='word_1_711' title='bbox 2355 2561 2432 2631; x_wconf 85' lang='grc' dir='ltr'>τῷ</span> <span class='ocrx_word' id='word_1_712' title='bbox 2457 2562 2564 2614; x_wconf 89' lang='grc' dir='ltr'>τῶν</span> <span class='ocrx_word' id='word_1_713' title='bbox 2596 2561 2899 2633; x_wconf 83' lang='grc' dir='ltr'>ἀνθρώπων</span> <span class='ocrx_word' id='word_1_714' title='bbox 2928 2563 3108 2629; x_wconf 83' lang='grc' dir='ltr'>γένει,</span> <span class='ocrx_word' id='word_1_715' title='bbox 3149 2559 3289 2612; x_wconf 80' lang='grc' dir='ltr'>ὥστε</span> <span class='ocrx_word' id='word_1_716' title='bbox 3327 2555 3487 2616; x_wconf 76' lang='grc' dir='ltr'>πάλιν</span> <span class='ocrx_word' id='word_1_717' title='bbox 3524 2559 3603 2620; x_wconf 86' lang='grc' dir='ltr'>είς</span> <span class='ocrx_word' id='word_1_718' title='bbox 3656 2559 3904 2628; x_wconf 70' lang='grc' dir='ltr'>μακροὺς</span> 
     </span>
    </p>
   </div>
   <div class='ocr_carea' id='block_1_91' title="bbox 2227 2641 3890 2717">
    <p class='ocr_par' dir='ltr' id='par_1_91' title="bbox 2227 2641 3890 2717">
     <span class='ocr_line' id='line_1_91' title="bbox 2227 2641 3890 2717; baseline -0.003 -17"><span class='ocrx_word' id='word_1_719' title='bbox 2227 2649 2520 2715; x_wconf 74' lang='grc' dir='ltr'>ἐκταθῆναι</span> <span class='ocrx_word' id='word_1_720' title='bbox 2545 2647 2770 2710; x_wconf 82' lang='grc' dir='ltr'>κλάδους</span> <span class='ocrx_word' id='word_1_721' title='bbox 2798 2666 2810 2677; x_wconf 71' lang='grc' dir='ltr'><strong>ο</strong></span> <span class='ocrx_word' id='word_1_722' title='bbox 2838 2646 2967 2702; x_wconf 82' lang='grc' dir='ltr'>Νῶε</span> <span class='ocrx_word' id='word_1_723' title='bbox 2995 2647 3082 2710; x_wconf 80' lang='grc' dir='ltr'>δὲ,</span> <span class='ocrx_word' id='word_1_724' title='bbox 3124 2648 3310 2717; x_wconf 72' lang='grc' dir='ltr'>φησιν,</span> <span class='ocrx_word' id='word_1_725' title='bbox 3352 2641 3489 2713; x_wconf 78' lang='grc' dir='ltr'>εὗρε</span> <span class='ocrx_word' id='word_1_726' title='bbox 3527 2646 3704 2715; x_wconf 80' lang='grc' dir='ltr'>χάριν</span> <span class='ocrx_word' id='word_1_727' title='bbox 3733 2645 3890 2697; x_wconf 79' lang='grc' dir='ltr'>ἐναν-</span> 
     </span>
    </p>
   </div>
   <div class='ocr_carea' id='block_1_92' title="bbox 2225 2732 2684 2788">
    <p class='ocr_par' dir='ltr' id='par_1_92' title="bbox 2225 2732 2684 2788">
     <span class='ocr_line' id='line_1_92' title="bbox 2225 2732 2684 2788; baseline 0 -2"><span class='ocrx_word' id='word_1_728' title='bbox 2225 2735 2354 2786; x_wconf 83' lang='grc' dir='ltr'>τίον</span> <span class='ocrx_word' id='word_1_729' title='bbox 2376 2735 2479 2788; x_wconf 81' lang='grc' dir='ltr'>τοῦ</span> <span class='ocrx_word' id='word_1_730' title='bbox 2519 2732 2684 2787; x_wconf 84' lang='grc' dir='ltr'>Θεοῦ.</span> 
     </span>
    </p>
   </div>
   <div class='ocr_carea' id='block_1_93' title="bbox 2299 2816 3896 2889">
    <p class='ocr_par' dir='ltr' id='par_1_93' title="bbox 2299 2816 3896 2889">
     <span class='ocr_line' id='line_1_93' title="bbox 2299 2816 3896 2889; baseline -0.003 -18"><span class='ocrx_word' id='word_1_731' title='bbox 2299 2817 2362 2887; x_wconf 80' lang='grc' dir='ltr'>β’.</span> <span class='ocrx_word' id='word_1_732' title='bbox 2395 2819 2594 2871; x_wconf 86' lang='grc' dir='ltr'>Σκόπει</span> <span class='ocrx_word' id='word_1_733' title='bbox 2617 2818 2714 2887; x_wconf 83' lang='grc' dir='ltr'>τῆς</span> <span class='ocrx_word' id='word_1_734' title='bbox 2741 2818 2963 2889; x_wconf 79' lang='grc' dir='ltr'>Γραφῆς</span> <span class='ocrx_word' id='word_1_735' title='bbox 2989 2817 3085 2888; x_wconf 73' lang='grc' dir='ltr'>τήν</span> <span class='ocrx_word' id='word_1_736' title='bbox 3109 2818 3411 2887; x_wconf 77' lang='grc' dir='ltr'>ἀκρίδειαν,</span> <span class='ocrx_word' id='word_1_737' title='bbox 3457 2819 3604 2880; x_wconf 79' lang='grc' dir='ltr'>ὅπως</span> <span class='ocrx_word' id='word_1_738' title='bbox 3630 2816 3752 2869; x_wconf 71' lang='grc' dir='ltr'>οὐδὲ</span> <span class='ocrx_word' id='word_1_739' title='bbox 3798 2819 3896 2885; x_wconf 83' lang='grc' dir='ltr'>τὴν</span> 
     </span>
    </p>
   </div>
   <div class='ocr_carea' id='block_1_94' title="bbox 2224 2902 3895 2974">
    <p class='ocr_par' dir='ltr' id='par_1_94' title="bbox 2224 2902 3895 2974">
     <span class='ocr_line' id='line_1_94' title="bbox 2224 2902 3895 2974; baseline 0 -18"><span class='ocrx_word' id='word_1_740' title='bbox 2224 2905 2489 2974; x_wconf 77' lang='grc' dir='ltr'>τυχοῦσαν</span> <span class='ocrx_word' id='word_1_741' title='bbox 2514 2903 2784 2974; x_wconf 78' lang='grc' dir='ltr'>συλλαϐὴν</span> <span class='ocrx_word' id='word_1_742' title='bbox 2809 2905 2954 2958; x_wconf 81' lang='grc' dir='ltr'>ἐστιν</span> <span class='ocrx_word' id='word_1_743' title='bbox 2977 2905 3152 2974; x_wconf 80' lang='grc' dir='ltr'>εὑρεῖν</span> <span class='ocrx_word' id='word_1_744' title='bbox 3168 2902 3350 2967; x_wconf 77' lang='grc' dir='ltr'>ἁπλῶς</span> <span class='ocrx_word' id='word_1_745' title='bbox 3370 2904 3650 2972; x_wconf 88' lang='grc' dir='ltr'>κειμένην.</span> <span class='ocrx_word' id='word_1_746' title='bbox 3677 2903 3895 2974; x_wconf 73' lang='grc' dir='ltr'>Ἐπειδὴ</span> 
     </span>
    </p>
   </div>
   <div class='ocr_carea' id='block_1_95' title="bbox 2225 2990 3896 3074">
    <p class='ocr_par' dir='ltr' id='par_1_95' title="bbox 2225 2990 3896 3074">
     <span class='ocr_line' id='line_1_95' title="bbox 2225 2990 3896 3074; baseline -0.002 -28"><span class='ocrx_word' id='word_1_747' title='bbox 2225 2995 2333 3062; x_wconf 78' lang='grc' dir='ltr'>γὰρ</span> <span class='ocrx_word' id='word_1_748' title='bbox 2357 2994 2593 3060; x_wconf 80' lang='grc' dir='ltr'>ἐδίδαξεν</span> <span class='ocrx_word' id='word_1_749' title='bbox 2625 2994 2772 3064; x_wconf 77' lang='grc' dir='ltr'>ημᾶς</span> <span class='ocrx_word' id='word_1_750' title='bbox 2797 2993 2894 3064; x_wconf 81' lang='grc' dir='ltr'>τήν</span> <span class='ocrx_word' id='word_1_751' title='bbox 2943 2991 3248 3074; x_wconf 65' lang='grc' dir='ltr'>ὑπερσολὴν</span> <span class='ocrx_word' id='word_1_752' title='bbox 3269 2992 3368 3060; x_wconf 84' lang='grc' dir='ltr'>τῆς</span> <span class='ocrx_word' id='word_1_753' title='bbox 3418 2991 3615 3053; x_wconf 84' lang='grc' dir='ltr'>κακίας</span> <span class='ocrx_word' id='word_1_754' title='bbox 3665 2990 3771 3043; x_wconf 86' lang='grc' dir='ltr'>τῶν</span> <span class='ocrx_word' id='word_1_755' title='bbox 3801 2992 3896 3043; x_wconf 72' lang='grc' dir='ltr'>ἀνι¹</span> 
     </span>
    </p>
   </div>
   <div class='ocr_carea' id='block_1_96' title="bbox 2225 3077 3895 3150">
    <p class='ocr_par' dir='ltr' id='par_1_96' title="bbox 2225 3077 3895 3150">
     <span class='ocr_line' id='line_1_96' title="bbox 2225 3077 3895 3150; baseline 0 -20"><span class='ocrx_word' id='word_1_756' title='bbox 2225 3081 2477 3150; x_wconf 78' lang='grc' dir='ltr'>θρώπων,</span> <span class='ocrx_word' id='word_1_757' title='bbox 2507 3079 2722 3148; x_wconf 77' lang='grc' dir='ltr'>καὶτῆς</span> <span class='ocrx_word' id='word_1_758' title='bbox 2754 3079 3021 3148; x_wconf 87' lang='grc' dir='ltr'>τιμωρίας</span> <span class='ocrx_word' id='word_1_759' title='bbox 3064 3080 3127 3131; x_wconf 79' lang='grc' dir='ltr'>τὸ</span> <span class='ocrx_word' id='word_1_760' title='bbox 3168 3077 3397 3148; x_wconf 87' lang='grc' dir='ltr'>μέγεθος</span> <span class='ocrx_word' id='word_1_761' title='bbox 3447 3079 3548 3146; x_wconf 78' lang='grc' dir='ltr'>τῆς</span> <span class='ocrx_word' id='word_1_762' title='bbox 3597 3077 3895 3146; x_wconf 81' lang='grc' dir='ltr'>μελλούσης</span> 
     </span>
    </p>
   </div>
   <div class='ocr_carea' id='block_1_97' title="bbox 2224 3168 3896 3239">
    <p class='ocr_par' dir='ltr' id='par_1_97' title="bbox 2224 3168 3896 3239">
     <span class='ocr_line' id='line_1_97' title="bbox 2224 3168 3896 3239; baseline -0.003 -16"><span class='ocrx_word' id='word_1_763' title='bbox 2224 3171 2522 3238; x_wconf 75' lang='grc' dir='ltr'>ἐπάγεσθαι</span> <span class='ocrx_word' id='word_1_764' title='bbox 2547 3172 2659 3232; x_wconf 83' lang='grc' dir='ltr'>τοῖς</span> <span class='ocrx_word' id='word_1_765' title='bbox 2695 3171 2898 3238; x_wconf 86' lang='grc' dir='ltr'>ταύτης</span> <span class='ocrx_word' id='word_1_766' title='bbox 2927 3169 3204 3239; x_wconf 79' lang='grc' dir='ltr'>ἐργάταις,</span> <span class='ocrx_word' id='word_1_767' title='bbox 3237 3169 3476 3221; x_wconf 79' lang='grc' dir='ltr'>διδάσκει</span> <span class='ocrx_word' id='word_1_768' title='bbox 3498 3169 3645 3237; x_wconf 70' lang='grc' dir='ltr'>ἡμᾶς</span> <span class='ocrx_word' id='word_1_769' title='bbox 3673 3168 3768 3222; x_wconf 83' lang='grc' dir='ltr'>καὶ</span> <span class='ocrx_word' id='word_1_770' title='bbox 3801 3168 3896 3221; x_wconf 79' lang='grc' dir='ltr'>τὸν</span> 
     </span>
    </p>
   </div>
   <div class='ocr_carea' id='block_1_98' title="bbox 2226 3255 3896 3327">
    <p class='ocr_par' dir='ltr' id='par_1_98' title="bbox 2226 3255 3896 3327">
     <span class='ocr_line' id='line_1_98' title="bbox 2226 3255 3896 3327; baseline -0.001 -19"><span class='ocrx_word' id='word_1_771' title='bbox 2226 3261 2280 3309; x_wconf 80' lang='grc' dir='ltr'>ἐν</span> <span class='ocrx_word' id='word_1_772' title='bbox 2310 3257 2548 3327; x_wconf 84' lang='grc' dir='ltr'>τοσούτῳ</span> <span class='ocrx_word' id='word_1_773' title='bbox 2576 3256 2768 3326; x_wconf 84' lang='grc' dir='ltr'>πλήθει</span> <span class='ocrx_word' id='word_1_774' title='bbox 2790 3255 3084 3326; x_wconf 64' lang='grc' dir='ltr'>δυνηθένφ</span> <span class='ocrx_word' id='word_1_775' title='bbox 3126 3255 3224 3326; x_wconf 81' lang='grc' dir='ltr'>τὴν</span> <span class='ocrx_word' id='word_1_776' title='bbox 3261 3255 3461 3326; x_wconf 84' lang='grc' dir='ltr'>ἀρετὴν</span> <span class='ocrx_word' id='word_1_777' title='bbox 3494 3256 3752 3324; x_wconf 85' lang='grc' dir='ltr'>ἀκέραιον</span> <span class='ocrx_word' id='word_1_778' title='bbox 3778 3255 3896 3307; x_wconf 70' lang='grc' dir='ltr'>δια·</span> 
     </span>
    </p>
   </div>
   <div class='ocr_carea' id='block_1_99' title="bbox 2226 3343 3892 3419">
    <p class='ocr_par' dir='ltr' id='par_1_99' title="bbox 2226 3343 3892 3419">
     <span class='ocr_line' id='line_1_99' title="bbox 2226 3343 3892 3419; baseline -0.002 -19"><span class='ocrx_word' id='word_1_779' title='bbox 2226 3350 2414 3402; x_wconf 80' lang='grc' dir='ltr'>σῶσαι.</span> <span class='ocrx_word' id='word_1_780' title='bbox 2457 3350 2609 3401; x_wconf 86' lang='grc' dir='ltr'>Ἔστι</span> <span class='ocrx_word' id='word_1_781' title='bbox 2645 3347 2742 3416; x_wconf 84' lang='grc' dir='ltr'>μὲν</span> <span class='ocrx_word' id='word_1_782' title='bbox 2765 3347 2873 3419; x_wconf 89' lang='grc' dir='ltr'>γάρ</span> <span class='ocrx_word' id='word_1_783' title='bbox 2898 3349 2991 3400; x_wconf 72' lang='grc' dir='ltr'>καὶ</span> <span class='ocrx_word' id='word_1_784' title='bbox 3017 3346 3142 3401; x_wconf 84' lang='grc' dir='ltr'>καθ’</span> <span class='ocrx_word' id='word_1_785' title='bbox 3181 3347 3380 3416; x_wconf 80' lang='grc' dir='ltr'>ἐαυτὴν</span> <span class='ocrx_word' id='word_1_786' title='bbox 3415 3348 3448 3415; x_wconf 83' lang='grc' dir='ltr'><strong>ὴ</strong></span> <span class='ocrx_word' id='word_1_787' title='bbox 3475 3346 3646 3415; x_wconf 74' lang='grc' dir='ltr'>ἀρετή</span> <span class='ocrx_word' id='word_1_788' title='bbox 3678 3343 3892 3414; x_wconf 80' lang='grc' dir='ltr'>θαυμα-</span> 
     </span>
    </p>
   </div>
   <div class='ocr_carea' id='block_1_100' title="bbox 2225 3431 3890 3507">
    <p class='ocr_par' dir='ltr' id='par_1_100' title="bbox 2225 3431 3890 3507">
     <span class='ocr_line' id='line_1_100' title="bbox 2225 3431 3890 3507; baseline -0.005 -19"><span class='ocrx_word' id='word_1_789' title='bbox 2225 3440 2340 3507; x_wconf 83' lang='grc' dir='ltr'>στή.</span> <span class='ocrx_word' id='word_1_790' title='bbox 2373 3438 2539 3490; x_wconf 86' lang='grc' dir='ltr'>Ὅταν</span> <span class='ocrx_word' id='word_1_791' title='bbox 2587 3436 2642 3488; x_wconf 82' lang='grc' dir='ltr'>δὲ</span> <span class='ocrx_word' id='word_1_792' title='bbox 2681 3436 2772 3487; x_wconf 80' lang='grc' dir='ltr'>καὶ</span> <span class='ocrx_word' id='word_1_793' title='bbox 2816 3435 2874 3485; x_wconf 86' lang='grc' dir='ltr'>ἐν</span> <span class='ocrx_word' id='word_1_794' title='bbox 2912 3434 3060 3504; x_wconf 83' lang='grc' dir='ltr'>μέσῳ</span> <span class='ocrx_word' id='word_1_795' title='bbox 3089 3432 3197 3485; x_wconf 84' lang='grc' dir='ltr'>τῶν</span> <span class='ocrx_word' id='word_1_796' title='bbox 3236 3431 3551 3485; x_wconf 79' lang='grc' dir='ltr'>κωλυόντων</span> <span class='ocrx_word' id='word_1_797' title='bbox 3604 3432 3890 3500; x_wconf 85' lang='grc' dir='ltr'>τυγχάνων</span> 
     </span>
    </p>
   </div>
   <div class='ocr_carea' id='block_1_101' title="bbox 2222 3515 3888 3590">
    <p class='ocr_par' dir='ltr' id='par_1_101' title="bbox 2222 3515 3888 3590">
     <span class='ocr_line' id='line_1_101' title="bbox 2222 3515 3888 3590; baseline -0.004 -16"><span class='ocrx_word' id='word_1_798' title='bbox 2222 3541 2303 3583; x_wconf 83' lang='grc' dir='ltr'>τις</span> <span class='ocrx_word' id='word_1_799' title='bbox 2333 3522 2534 3589; x_wconf 78' lang='grc' dir='ltr'>ταύτην</span> <span class='ocrx_word' id='word_1_800' title='bbox 2572 3520 2750 3590; x_wconf 78' lang='grc' dir='ltr'>μετίῃ,</span> <span class='ocrx_word' id='word_1_801' title='bbox 2789 3515 2966 3584; x_wconf 79' lang='grc' dir='ltr'>πολλῷ</span> <span class='ocrx_word' id='word_1_802' title='bbox 3005 3517 3200 3587; x_wconf 79' lang='grc' dir='ltr'>μᾶλλον</span> <span class='ocrx_word' id='word_1_803' title='bbox 3245 3515 3691 3585; x_wconf 86' lang='grc' dir='ltr'>θαυμαστοτέραν</span> <span class='ocrx_word' id='word_1_804' title='bbox 3721 3517 3888 3584; x_wconf 72' lang='grc' dir='ltr'>αὐτὴν</span> 
     </span>
    </p>
   </div>
   <div class='ocr_carea' id='block_1_102' title="bbox 2221 3601 3886 3676">
    <p class='ocr_par' dir='ltr' id='par_1_102' title="bbox 2221 3601 3886 3676">
     <span class='ocr_line' id='line_1_102' title="bbox 2221 3601 3886 3676; baseline -0.006 -16"><span class='ocrx_word' id='word_1_805' title='bbox 2221 3608 2525 3676; x_wconf 81' lang='grc' dir='ltr'>ἀποφαίνει.</span> <span class='ocrx_word' id='word_1_806' title='bbox 2565 3606 2852 3659; x_wconf 59' lang='grc' dir='ltr'>Διάίτοῦτο</span> <span class='ocrx_word' id='word_1_807' title='bbox 2881 3603 3068 3674; x_wconf 81' lang='grc' dir='ltr'>ὥσπερ</span> <span class='ocrx_word' id='word_1_808' title='bbox 3098 3601 3450 3672; x_wconf 78' lang='grc' dir='ltr'>θαυμάζουσα</span> <span class='ocrx_word' id='word_1_809' title='bbox 3480 3603 3570 3654; x_wconf 72' lang='grc' dir='ltr'>τὸν</span> <span class='ocrx_word' id='word_1_810' title='bbox 3617 3601 3823 3653; x_wconf 84' lang='grc' dir='ltr'>δίκαιον</span> <span class='ocrx_word' id='word_1_811' title='bbox 3855 3603 3886 3671; x_wconf 84' lang='grc' dir='ltr'>ή</span> 
     </span>
    </p>
   </div>
   <div class='ocr_carea' id='block_1_103' title="bbox 2221 3689 3888 3767">
    <p class='ocr_par' dir='ltr' id='par_1_103' title="bbox 2221 3689 3888 3767">
     <span class='ocr_line' id='line_1_103' title="bbox 2221 3689 3888 3767; baseline -0.004 -19"><span class='ocrx_word' id='word_1_812' title='bbox 2221 3697 2344 3749; x_wconf 85' lang='grc' dir='ltr'>θεία</span> <span class='ocrx_word' id='word_1_813' title='bbox 2375 3697 2561 3767; x_wconf 80' lang='grc' dir='ltr'>Γραφή</span> <span class='ocrx_word' id='word_1_814' title='bbox 2610 3712 2793 3766; x_wconf 82' lang='grc' dir='ltr'>φησιν,</span> <span class='ocrx_word' id='word_1_815' title='bbox 2828 3695 2907 3746; x_wconf 84' lang='grc' dir='ltr'>ὃτι</span> <span class='ocrx_word' id='word_1_816' title='bbox 2965 3691 3165 3761; x_wconf 76' lang='grc' dir='ltr'>μεταξὺ</span> <span class='ocrx_word' id='word_1_817' title='bbox 3211 3691 3319 3743; x_wconf 89' lang='grc' dir='ltr'>τῶν</span> <span class='ocrx_word' id='word_1_818' title='bbox 3361 3689 3631 3742; x_wconf 85' lang='grc' dir='ltr'>τοσούτων</span> <span class='ocrx_word' id='word_1_819' title='bbox 3659 3689 3748 3742; x_wconf 82' lang='grc' dir='ltr'>διά</span> <span class='ocrx_word' id='word_1_820' title='bbox 3791 3689 3888 3758; x_wconf 70' lang='grc' dir='ltr'>τὴν</span> 
     </span>
    </p>
   </div>
   <div class='ocr_carea' id='block_1_104' title="bbox 2221 3775 3886 3853">
    <p class='ocr_par' dir='ltr' id='par_1_104' title="bbox 2221 3775 3886 3853">
     <span class='ocr_line' id='line_1_104' title="bbox 2221 3775 3886 3853; baseline -0.005 -17"><span class='ocrx_word' id='word_1_821' title='bbox 2221 3785 2418 3836; x_wconf 84' lang='grc' dir='ltr'>κακίαν</span> <span class='ocrx_word' id='word_1_822' title='bbox 2475 3783 2774 3853; x_wconf 86' lang='grc' dir='ltr'>μελλόντων</span> <span class='ocrx_word' id='word_1_823' title='bbox 2810 3780 3230 3848; x_wconf 86' lang='grc' dir='ltr'>ἀγανακτήσεως</span> <span class='ocrx_word' id='word_1_824' title='bbox 3291 3777 3605 3848; x_wconf 79' lang='grc' dir='ltr'>πειρᾶσθαι,</span> <span class='ocrx_word' id='word_1_825' title='bbox 3653 3775 3784 3829; x_wconf 75' lang='grc' dir='ltr'>Νῶε</span> <span class='ocrx_word' id='word_1_826' title='bbox 3821 3775 3886 3828; x_wconf 68' lang='grc' dir='ltr'>δέ</span> 
     </span>
    </p>
   </div>
   <div class='ocr_carea' id='block_1_105' title="bbox 2219 3859 3882 3937">
    <p class='ocr_par' dir='ltr' id='par_1_105' title="bbox 2219 3859 3882 3937">
     <span class='ocr_line' id='line_1_105' title="bbox 2219 3859 3882 3937; baseline -0.005 -15"><span class='ocrx_word' id='word_1_827' title='bbox 2219 3866 2356 3937; x_wconf 71' lang='grc' dir='ltr'>εὗρε</span> <span class='ocrx_word' id='word_1_828' title='bbox 2385 3869 2559 3937; x_wconf 79' lang='grc' dir='ltr'>χάριν</span> <span class='ocrx_word' id='word_1_829' title='bbox 2577 3869 2855 3921; x_wconf 77' lang='grc' dir='ltr'>ἐναντίον</span> <span class='ocrx_word' id='word_1_830' title='bbox 2877 3867 3096 3935; x_wconf 83' lang='grc' dir='ltr'>Κυρίου</span> <span class='ocrx_word' id='word_1_831' title='bbox 3133 3865 3241 3918; x_wconf 81' lang='grc' dir='ltr'>τοῦ</span> <span class='ocrx_word' id='word_1_832' title='bbox 3296 3863 3459 3917; x_wconf 85' lang='grc' dir='ltr'>Θεοῦ.</span> <span class='ocrx_word' id='word_1_833' title='bbox 3497 3859 3652 3930; x_wconf 77' lang='grc' dir='ltr'>Εὗρε</span> <span class='ocrx_word' id='word_1_834' title='bbox 3688 3862 3882 3932; x_wconf 75' lang='grc' dir='ltr'>χάριν,</span> 
     </span>
    </p>
   </div>
   <div class='ocr_carea' id='block_1_106' title="bbox 2221 3947 3882 4023">
    <p class='ocr_par' dir='ltr' id='par_1_106' title="bbox 2221 3947 3882 4023">
     <span class='ocr_line' id='line_1_106' title="bbox 2221 3947 3882 4023; baseline -0.004 -14"><span class='ocrx_word' id='word_1_835' title='bbox 2221 3957 2331 4009; x_wconf 85' lang='grc' dir='ltr'>ἀλλ’</span> <span class='ocrx_word' id='word_1_836' title='bbox 2375 3956 2677 4009; x_wconf 77' lang='grc' dir='ltr'>Ἐναντίων</span> <span class='ocrx_word' id='word_1_837' title='bbox 2724 3955 2831 4009; x_wconf 87' lang='grc' dir='ltr'>τοῦ</span> <span class='ocrx_word' id='word_1_838' title='bbox 2886 3954 3061 4008; x_wconf 77' lang='grc' dir='ltr'>Θεοῦο</span> <span class='ocrx_word' id='word_1_839' title='bbox 3089 3954 3186 4023; x_wconf 80' lang='grc' dir='ltr'>οὐχ</span> <span class='ocrx_word' id='word_1_840' title='bbox 3228 3949 3434 4013; x_wconf 81' lang='grc' dir='ltr'>ἁπλῶς,</span> <span class='ocrx_word' id='word_1_841' title='bbox 3489 3947 3645 4017; x_wconf 77' lang='grc' dir='ltr'>Εὗρε</span> <span class='ocrx_word' id='word_1_842' title='bbox 3687 3950 3882 4018; x_wconf 80' lang='grc' dir='ltr'>χάριν,</span> 
     </span>
    </p>
   </div>
   <div class='ocr_carea' id='block_1_107' title="bbox 2223 4035 3883 4107">
    <p class='ocr_par' dir='ltr' id='par_1_107' title="bbox 2223 4035 3883 4107">
     <span class='ocr_line' id='line_1_107' title="bbox 2223 4035 3883 4107; baseline -0.004 -13"><span class='ocrx_word' id='word_1_843' title='bbox 2223 4043 2360 4107; x_wconf 67' lang='grc' dir='ltr'>ἀλλῗ,</span> <span class='ocrx_word' id='word_1_844' title='bbox 2411 4043 2720 4100; x_wconf 73' lang='grc' dir='ltr'>Ἐναντίων</span> <span class='ocrx_word' id='word_1_845' title='bbox 2772 4041 2990 4107; x_wconf 80' lang='grc' dir='ltr'>Κυρίου</span> <span class='ocrx_word' id='word_1_846' title='bbox 3037 4038 3143 4093; x_wconf 85' lang='grc' dir='ltr'>τοῦ</span> <span class='ocrx_word' id='word_1_847' title='bbox 3174 4037 3350 4092; x_wconf 78' lang='grc' dir='ltr'>Θεοῦο</span> <span class='ocrx_word' id='word_1_848' title='bbox 3398 4038 3485 4090; x_wconf 76' lang='grc' dir='ltr'>ἵνα</span> <span class='ocrx_word' id='word_1_849' title='bbox 3518 4037 3663 4106; x_wconf 72' lang='grc' dir='ltr'>ἡμᾶς</span> <span class='ocrx_word' id='word_1_850' title='bbox 3702 4035 3883 4107; x_wconf 78' lang='grc' dir='ltr'>διδάξῃ</span> 
     </span>
    </p>
   </div>
   <div class='ocr_carea' id='block_1_108' title="bbox 2219 4123 3882 4196">
    <p class='ocr_par' dir='ltr' id='par_1_108' title="bbox 2219 4123 3882 4196">
     <span class='ocr_line' id='line_1_108' title="bbox 2219 4123 3882 4196; baseline -0.004 -16"><span class='ocrx_word' id='word_1_851' title='bbox 2219 4131 2300 4184; x_wconf 77' lang='grc' dir='ltr'>ὅτι</span> <span class='ocrx_word' id='word_1_852' title='bbox 2321 4129 2416 4181; x_wconf 86' lang='grc' dir='ltr'>’ἐνα</span> <span class='ocrx_word' id='word_1_853' title='bbox 2435 4127 2622 4180; x_wconf 90' lang='grc' dir='ltr'>τοῦτον</span> <span class='ocrx_word' id='word_1_854' title='bbox 2643 4123 2754 4196; x_wconf 75' lang='grc' dir='ltr'>εἶχε</span> <span class='ocrx_word' id='word_1_855' title='bbox 2773 4127 2860 4178; x_wconf 77' lang='grc' dir='ltr'>τὸν</span> <span class='ocrx_word' id='word_1_856' title='bbox 2895 4126 3116 4188; x_wconf 80' lang='grc' dir='ltr'>σκοπὸν,</span> <span class='ocrx_word' id='word_1_857' title='bbox 3145 4125 3285 4178; x_wconf 80' lang='grc' dir='ltr'>ὥστε</span> <span class='ocrx_word' id='word_1_858' title='bbox 3309 4124 3399 4176; x_wconf 83' lang='lat' dir='ltr'><strong>16v</strong></span> <span class='ocrx_word' id='word_1_859' title='bbox 3427 4124 3726 4192; x_wconf 89' lang='grc' dir='ltr'>ἀκοίμητον</span> <span class='ocrx_word' id='word_1_860' title='bbox 3741 4124 3882 4176; x_wconf 77' lang='grc' dir='ltr'>ἐκεῖ-</span> 
     </span>
    </p>
   </div>
   <div class='ocr_carea' id='block_1_109' title="bbox 2221 4209 3884 4284">
    <p class='ocr_par' dir='ltr' id='par_1_109' title="bbox 2221 4209 3884 4284">
     <span class='ocr_line' id='line_1_109' title="bbox 2221 4209 3884 4284; baseline 0 -19"><span class='ocrx_word' id='word_1_861' title='bbox 2221 4228 2308 4266; x_wconf 84' lang='grc' dir='ltr'>νον</span> <span class='ocrx_word' id='word_1_862' title='bbox 2333 4214 2609 4284; x_wconf 80' lang='grc' dir='ltr'>ὀφθαλμὸν</span> <span class='ocrx_word' id='word_1_863' title='bbox 2636 4214 2924 4282; x_wconf 78' lang='grc' dir='ltr'>ἐπαινέτην</span> <span class='ocrx_word' id='word_1_864' title='bbox 2941 4213 3102 4282; x_wconf 74' lang='grc' dir='ltr'>ἔχειν,</span> <span class='ocrx_word' id='word_1_865' title='bbox 3128 4212 3222 4265; x_wconf 77' lang='grc' dir='ltr'>καὶ</span> <span class='ocrx_word' id='word_1_866' title='bbox 3243 4210 3418 4274; x_wconf 81' lang='grc' dir='ltr'>οὐδεὶς</span> <span class='ocrx_word' id='word_1_867' title='bbox 3439 4210 3587 4280; x_wconf 81' lang='grc' dir='ltr'>αὐτῷ</span> <span class='ocrx_word' id='word_1_868' title='bbox 3613 4209 3768 4278; x_wconf 84' lang='grc' dir='ltr'>λόγος</span> <span class='ocrx_word' id='word_1_869' title='bbox 3788 4210 3884 4278; x_wconf 80' lang='grc' dir='ltr'>τῆς</span> 
     </span>
    </p>
   </div>
   <div class='ocr_carea' id='block_1_110' title="bbox 2220 4295 3878 4369">
    <p class='ocr_par' dir='ltr' id='par_1_110' title="bbox 2220 4295 3878 4369">
     <span class='ocr_line' id='line_1_110' title="bbox 2220 4295 3878 4369; baseline 0 -19"><span class='ocrx_word' id='word_1_870' title='bbox 2220 4299 2326 4350; x_wconf 85' lang='grc' dir='ltr'>τῶν</span> <span class='ocrx_word' id='word_1_871' title='bbox 2351 4299 2651 4369; x_wconf 85' lang='grc' dir='ltr'>ἀνθρώπων</span> <span class='ocrx_word' id='word_1_872' title='bbox 2673 4299 2850 4367; x_wconf 83' lang='grc' dir='ltr'>δόξης,</span> <span class='ocrx_word' id='word_1_873' title='bbox 2872 4298 2993 4350; x_wconf 81' lang='grc' dir='ltr'>οὐδὲ</span> <span class='ocrx_word' id='word_1_874' title='bbox 3011 4297 3110 4366; x_wconf 81' lang='grc' dir='ltr'>τῆς</span> <span class='ocrx_word' id='word_1_875' title='bbox 3132 4298 3374 4366; x_wconf 90' lang='grc' dir='ltr'>ἀτιμίας,</span> <span class='ocrx_word' id='word_1_876' title='bbox 3401 4296 3607 4349; x_wconf 80' lang='grc' dir='ltr'>καὶτοῦ</span> <span class='ocrx_word' id='word_1_877' title='bbox 3630 4295 3878 4364; x_wconf 85' lang='grc' dir='ltr'>γέλωτος.</span> 
     </span>
    </p>
   </div>
   <div class='ocr_carea' id='block_1_111' title="bbox 2222 4381 3880 4456">
    <p class='ocr_par' dir='ltr' id='par_1_111' title="bbox 2222 4381 3880 4456">
     <span class='ocr_line' id='line_1_111' title="bbox 2222 4381 3880 4456; baseline -0.002 -17"><span class='ocrx_word' id='word_1_878' title='bbox 2222 4387 2378 4450; x_wconf 78' lang='grc' dir='ltr'>Εἰκὸς</span> <span class='ocrx_word' id='word_1_879' title='bbox 2400 4387 2506 4456; x_wconf 82' lang='grc' dir='ltr'>γάρ</span> <span class='ocrx_word' id='word_1_880' title='bbox 2542 4386 2704 4438; x_wconf 73' lang='grc' dir='ltr'>αὑτὸν</span> <span class='ocrx_word' id='word_1_881' title='bbox 2733 4384 3059 4446; x_wconf 88' lang='grc' dir='ltr'>ἀπεναντίας</span> <span class='ocrx_word' id='word_1_882' title='bbox 3089 4381 3382 4453; x_wconf 81' lang='grc' dir='ltr'>ἀπασιτὴν</span> <span class='ocrx_word' id='word_1_883' title='bbox 3415 4383 3614 4452; x_wconf 76' lang='grc' dir='ltr'>ἀρετὴν</span> <span class='ocrx_word' id='word_1_884' title='bbox 3641 4383 3880 4453; x_wconf 86' lang='grc' dir='ltr'>μετιέναι</span> 
     </span>
    </p>
   </div>
   <div class='ocr_carea' id='block_1_112' title="bbox 2223 4468 3879 4542">
    <p class='ocr_par' dir='ltr' id='par_1_112' title="bbox 2223 4468 3879 4542">
     <span class='ocr_line' id='line_1_112' title="bbox 2223 4468 3879 4542; baseline -0.001 -18"><span class='ocrx_word' id='word_1_885' title='bbox 2223 4473 2541 4542; x_wconf 79' lang='grc' dir='ltr'>βουλόμενον</span> <span class='ocrx_word' id='word_1_886' title='bbox 2599 4472 2796 4541; x_wconf 83' lang='grc' dir='ltr'>πολλὴν</span> <span class='ocrx_word' id='word_1_887' title='bbox 2834 4470 3126 4538; x_wconf 79' lang='grc' dir='ltr'>ὑπομένειν</span> <span class='ocrx_word' id='word_1_888' title='bbox 3158 4469 3258 4539; x_wconf 86' lang='grc' dir='ltr'>τὴν</span> <span class='ocrx_word' id='word_1_889' title='bbox 3291 4468 3488 4540; x_wconf 90' lang='grc' dir='ltr'>χλεύην</span> <span class='ocrx_word' id='word_1_890' title='bbox 3537 4469 3628 4522; x_wconf 77' lang='grc' dir='ltr'>καὶ</span> <span class='ocrx_word' id='word_1_891' title='bbox 3663 4470 3754 4521; x_wconf 80' lang='grc' dir='ltr'>τὸν</span> <span class='ocrx_word' id='word_1_892' title='bbox 3791 4470 3879 4538; x_wconf 86' lang='grc' dir='ltr'>γέ-</span> 
     </span>
    </p>
   </div>
   <div class='ocr_carea' id='block_1_113' title="bbox 2219 4543 3940 4616">
    <p class='ocr_par' dir='ltr' id='par_1_113' title="bbox 2219 4543 3940 4616">
     <span class='ocr_line' id='line_1_113' title="bbox 2219 4543 3940 4616; baseline 0.001 -15"><span class='ocrx_word' id='word_1_893' title='bbox 2219 4551 2381 4613; x_wconf 82' lang='grc' dir='ltr'>λωτα,</span> <span class='ocrx_word' id='word_1_894' title='bbox 2423 4553 2638 4606; x_wconf 88' lang='grc' dir='ltr'>πάντων</span> <span class='ocrx_word' id='word_1_895' title='bbox 2660 4549 2767 4602; x_wconf 87' lang='grc' dir='ltr'>τῶν</span> <span class='ocrx_word' id='word_1_896' title='bbox 2790 4550 2888 4616; x_wconf 80' lang='grc' dir='ltr'>τὴν</span> <span class='ocrx_word' id='word_1_897' title='bbox 2915 4548 3118 4602; x_wconf 90' lang='grc' dir='ltr'>κακίαν</span> <span class='ocrx_word' id='word_1_898' title='bbox 3148 4547 3442 4616; x_wconf 84' lang='grc' dir='ltr'>μετιόντων</span> <span class='ocrx_word' id='word_1_899' title='bbox 3491 4545 3760 4600; x_wconf 86' lang='grc' dir='ltr'>είωθότων</span> <span class='ocrx_word' id='word_1_900' title='bbox 3798 4549 3881 4602; x_wconf 75' lang='grc' dir='ltr'>ἀεὶ</span> <span class='ocrx_word' id='word_1_901' title='bbox 3921 4543 3940 4562; x_wconf 62' lang='grc'><strong><em>⁷</em></strong></span> 
     </span>
    </p>
   </div>
   <div class='ocr_carea' id='block_1_114' title="bbox 2219 4624 3880 4698">
    <p class='ocr_par' dir='ltr' id='par_1_114' title="bbox 2219 4624 3880 4698">
     <span class='ocr_line' id='line_1_114' title="bbox 2219 4624 3880 4698; baseline -0.001 -18"><span class='ocrx_word' id='word_1_902' title='bbox 2219 4627 2580 4682; x_wconf 83' lang='grc' dir='ltr'>ἐπισκώπτειν</span> <span class='ocrx_word' id='word_1_903' title='bbox 2607 4629 2731 4690; x_wconf 80' lang='grc' dir='ltr'>τοὺς</span> <span class='ocrx_word' id='word_1_904' title='bbox 2764 4625 2968 4695; x_wconf 87' lang='grc' dir='ltr'>ταύτην</span> <span class='ocrx_word' id='word_1_905' title='bbox 2993 4625 3214 4695; x_wconf 80' lang='grc' dir='ltr'>φεύγειν</span> <span class='ocrx_word' id='word_1_906' title='bbox 3235 4624 3612 4696; x_wconf 71' lang='grc' dir='ltr'>βουλομένους,</span> <span class='ocrx_word' id='word_1_907' title='bbox 3637 4627 3732 4680; x_wconf 72' lang='grc' dir='ltr'>καὶ</span> <span class='ocrx_word' id='word_1_908' title='bbox 3755 4627 3880 4698; x_wconf 76' lang='grc' dir='ltr'>ἀρεο</span> 
     </span>
    </p>
   </div>
   <div class='ocr_carea' id='block_1_115' title="bbox 2216 4703 3882 4777">
    <p class='ocr_par' dir='ltr' id='par_1_115' title="bbox 2216 4703 3882 4777">
     <span class='ocr_line' id='line_1_115' title="bbox 2216 4703 3882 4777; baseline 0.002 -20"><span class='ocrx_word' id='word_1_909' title='bbox 2216 4707 2314 4775; x_wconf 75' lang='grc' dir='ltr'>τὴν</span> <span class='ocrx_word' id='word_1_910' title='bbox 2344 4705 2717 4777; x_wconf 75' lang='grc' dir='ltr'>αἱρουμένους,</span> <span class='ocrx_word' id='word_1_911' title='bbox 2769 4706 2906 4775; x_wconf 83' lang='grc' dir='ltr'>ὅπερ</span> <span class='ocrx_word' id='word_1_912' title='bbox 2937 4706 3031 4758; x_wconf 76' lang='grc' dir='ltr'>καὶ</span> <span class='ocrx_word' id='word_1_913' title='bbox 3071 4703 3162 4757; x_wconf 87' lang='grc' dir='ltr'>νῦν</span> <span class='ocrx_word' id='word_1_914' title='bbox 3197 4704 3458 4768; x_wconf 84' lang='grc' dir='ltr'>πολλάκις</span> <span class='ocrx_word' id='word_1_915' title='bbox 3499 4705 3726 4773; x_wconf 86' lang='grc' dir='ltr'>γίνεται.</span> <span class='ocrx_word' id='word_1_916' title='bbox 3774 4706 3882 4760; x_wconf 78' lang='grc' dir='ltr'>Καὶ</span> 
     </span>
    </p>
   </div>
   <div class='ocr_carea' id='block_1_116' title="bbox 2218 4783 3878 4855">
    <p class='ocr_par' dir='ltr' id='par_1_116' title="bbox 2218 4783 3878 4855">
     <span class='ocr_line' id='line_1_116' title="bbox 2218 4783 3878 4855; baseline 0.002 -19"><span class='ocrx_word' id='word_1_917' title='bbox 2218 4785 2443 4848; x_wconf 75' lang='grc' dir='ltr'>πολλοὺς</span> <span class='ocrx_word' id='word_1_918' title='bbox 2469 4785 2580 4836; x_wconf 83' lang='grc' dir='ltr'>τῶν</span> <span class='ocrx_word' id='word_1_919' title='bbox 2612 4783 2872 4854; x_wconf 69' lang='grc' dir='ltr'>ῥᾳθύμων</span> <span class='ocrx_word' id='word_1_920' title='bbox 2895 4783 3110 4853; x_wconf 82' lang='grc' dir='ltr'>ὁρῶμεν</span> <span class='ocrx_word' id='word_1_921' title='bbox 3150 4784 3226 4854; x_wconf 82' lang='grc' dir='ltr'>μή</span> <span class='ocrx_word' id='word_1_922' title='bbox 3257 4783 3521 4855; x_wconf 84' lang='grc' dir='ltr'>φέροντας</span> <span class='ocrx_word' id='word_1_923' title='bbox 3552 4784 3642 4838; x_wconf 79' lang='lat' dir='ltr'><strong>16v</strong></span> <span class='ocrx_word' id='word_1_924' title='bbox 3670 4783 3878 4853; x_wconf 75' lang='grc' dir='ltr'>γέλωτα</span> 
     </span>
    </p>
   </div>
   <div class='ocr_carea' id='block_1_117' title="bbox 2217 4861 3880 4935">
    <p class='ocr_par' dir='ltr' id='par_1_117' title="bbox 2217 4861 3880 4935">
     <span class='ocr_line' id='line_1_117' title="bbox 2217 4861 3880 4935; baseline 0.002 -21"><span class='ocrx_word' id='word_1_925' title='bbox 2217 4865 2311 4916; x_wconf 75' lang='grc' dir='ltr'>καὶ</span> <span class='ocrx_word' id='word_1_926' title='bbox 2355 4863 2454 4934; x_wconf 83' lang='grc' dir='ltr'>τὴν</span> <span class='ocrx_word' id='word_1_927' title='bbox 2483 4862 2797 4932; x_wconf 77' lang='grc' dir='ltr'>χλευασίαν,</span> <span class='ocrx_word' id='word_1_928' title='bbox 2839 4861 2976 4914; x_wconf 85' lang='grc' dir='ltr'>ἀλλά</span> <span class='ocrx_word' id='word_1_929' title='bbox 3008 4862 3390 4933; x_wconf 83' lang='grc' dir='ltr'>προτιμῶντας</span> <span class='ocrx_word' id='word_1_930' title='bbox 3439 4865 3537 4934; x_wconf 84' lang='grc' dir='ltr'>τὴν</span> <span class='ocrx_word' id='word_1_931' title='bbox 3568 4865 3720 4935; x_wconf 85' lang='grc' dir='ltr'>παρά</span> <span class='ocrx_word' id='word_1_932' title='bbox 3772 4864 3880 4918; x_wconf 83' lang='grc' dir='ltr'>τῶν</span> 
     </span>
    </p>
   </div>
   <div class='ocr_carea' id='block_1_118' title="bbox 2214 4941 3876 5016">
    <p class='ocr_par' dir='ltr' id='par_1_118' title="bbox 2214 4941 3876 5016">
     <span class='ocr_line' id='line_1_118' title="bbox 2214 4941 3876 5016; baseline -0.001 -18"><span class='ocrx_word' id='word_1_933' title='bbox 2214 4944 2513 5016; x_wconf 80' lang='grc' dir='ltr'>ἀνθρώπων</span> <span class='ocrx_word' id='word_1_934' title='bbox 2535 4941 2689 5005; x_wconf 80' lang='grc' dir='ltr'>δόξαν</span> <span class='ocrx_word' id='word_1_935' title='bbox 2719 4942 2819 5010; x_wconf 79' lang='grc' dir='ltr'>τῆς</span> <span class='ocrx_word' id='word_1_936' title='bbox 2849 4941 3080 5012; x_wconf 84' lang='grc' dir='ltr'>ἀληθοῦς</span> <span class='ocrx_word' id='word_1_937' title='bbox 3108 4942 3201 4995; x_wconf 79' lang='grc' dir='ltr'>καὶ</span> <span class='ocrx_word' id='word_1_938' title='bbox 3236 4942 3322 4995; x_wconf 74' lang='grc' dir='ltr'>ἀεὶ</span> <span class='ocrx_word' id='word_1_939' title='bbox 3355 4942 3641 5012; x_wconf 86' lang='grc' dir='ltr'>μενούσης,</span> <span class='ocrx_word' id='word_1_940' title='bbox 3675 4943 3876 4998; x_wconf 81' lang='grc' dir='ltr'>ὑποσυ-</span> 
     </span>
    </p>
   </div>
   <div class='ocr_carea' id='block_1_119' title="bbox 2219 5022 3876 5098">
    <p class='ocr_par' dir='ltr' id='par_1_119' title="bbox 2219 5022 3876 5098">
     <span class='ocr_line' id='line_1_119' title="bbox 2219 5022 3876 5098; baseline -0.002 -20"><span class='ocrx_word' id='word_1_941' title='bbox 2219 5027 2476 5098; x_wconf 86' lang='grc' dir='ltr'>ρομένους</span> <span class='ocrx_word' id='word_1_942' title='bbox 2508 5024 2600 5076; x_wconf 72' lang='grc' dir='ltr'>καὶ</span> <span class='ocrx_word' id='word_1_943' title='bbox 2627 5022 3194 5092; x_wconf 82' lang='grc' dir='ltr'>συγκατασπωμένους</span> <span class='ocrx_word' id='word_1_944' title='bbox 3212 5025 3281 5094; x_wconf 79' lang='grc' dir='ltr'>τῇ</span> <span class='ocrx_word' id='word_1_945' title='bbox 3303 5022 3413 5076; x_wconf 90' lang='grc' dir='ltr'>τῶν</span> <span class='ocrx_word' id='word_1_946' title='bbox 3442 5023 3644 5095; x_wconf 79' lang='grc' dir='ltr'>ἐτέρων</span> <span class='ocrx_word' id='word_1_947' title='bbox 3673 5022 3876 5092; x_wconf 82' lang='grc' dir='ltr'>ἀνθρώ-</span> 
     </span>
    </p>
   </div>
   <div class='ocr_carea' id='block_1_120' title="bbox 2216 5099 3875 5176">
    <p class='ocr_par' dir='ltr' id='par_1_120' title="bbox 2216 5099 3875 5176">
     <span class='ocr_line' id='line_1_120' title="bbox 2216 5099 3875 5176; baseline -0.002 -18"><span class='ocrx_word' id='word_1_948' title='bbox 2216 5103 2550 5176; x_wconf 59' lang='grc' dir='ltr'>πωνκακίᾳ.</span> <span class='ocrx_word' id='word_1_949' title='bbox 2582 5101 2774 5170; x_wconf 77' lang='grc' dir='ltr'>Ψυχῆς</span> <span class='ocrx_word' id='word_1_950' title='bbox 2800 5101 2906 5172; x_wconf 86' lang='grc' dir='ltr'>γάρ</span> <span class='ocrx_word' id='word_1_951' title='bbox 2955 5103 3071 5153; x_wconf 88' lang='grc' dir='ltr'>ἐστι</span> <span class='ocrx_word' id='word_1_952' title='bbox 3116 5099 3368 5167; x_wconf 85' lang='grc' dir='ltr'>γενναίας</span> <span class='ocrx_word' id='word_1_953' title='bbox 3422 5103 3514 5154; x_wconf 78' lang='grc' dir='ltr'>καὶ</span> <span class='ocrx_word' id='word_1_954' title='bbox 3561 5104 3776 5173; x_wconf 78' lang='grc' dir='ltr'>στερρῷ</span> <span class='ocrx_word' id='word_1_955' title='bbox 3802 5101 3875 5173; x_wconf 86' lang='grc' dir='ltr'>τῷ</span> 
     </span>
    </p>
   </div>
   <div class='ocr_carea' id='block_1_121' title="bbox 2215 5178 3874 5255">
    <p class='ocr_par' dir='ltr' id='par_1_121' title="bbox 2215 5178 3874 5255">
     <span class='ocr_line' id='line_1_121' title="bbox 2215 5178 3874 5255; baseline 0 -20"><span class='ocrx_word' id='word_1_956' title='bbox 2215 5186 2518 5255; x_wconf 81' lang='grc' dir='ltr'>φρονήματι</span> <span class='ocrx_word' id='word_1_957' title='bbox 2543 5198 2713 5251; x_wconf 87' lang='grc' dir='ltr'>κεχρη</span> <span class='ocrx_word' id='word_1_958' title='bbox 2724 5181 2889 5249; x_wconf 88' lang='grc' dir='ltr'>μένης</span> <span class='ocrx_word' id='word_1_959' title='bbox 2907 5179 2967 5231; x_wconf 83' lang='grc' dir='ltr'>τὸ</span> <span class='ocrx_word' id='word_1_960' title='bbox 2990 5178 3281 5250; x_wconf 84' lang='grc' dir='ltr'>δυνηθῆναι</span> <span class='ocrx_word' id='word_1_961' title='bbox 3303 5179 3575 5249; x_wconf 87' lang='grc' dir='ltr'>ἀντισχεῖν</span> <span class='ocrx_word' id='word_1_962' title='bbox 3600 5185 3737 5250; x_wconf 75' lang='grc' dir='ltr'>πρὸς</span> <span class='ocrx_word' id='word_1_963' title='bbox 3756 5184 3874 5247; x_wconf 75' lang='grc' dir='ltr'>τους</span> 
     </span>
    </p>
   </div>
   <div class='ocr_carea' id='block_1_122' title="bbox 2212 5258 3874 5332">
    <p class='ocr_par' dir='ltr' id='par_1_122' title="bbox 2212 5258 3874 5332">
     <span class='ocr_line' id='line_1_122' title="bbox 2212 5258 3874 5332; baseline -0.002 -16"><span class='ocrx_word' id='word_1_964' title='bbox 2212 5261 2486 5332; x_wconf 87' lang='grc' dir='ltr'>διασύρειν</span> <span class='ocrx_word' id='word_1_965' title='bbox 2515 5258 2890 5330; x_wconf 82' lang='grc' dir='ltr'>βουλομένους,</span> <span class='ocrx_word' id='word_1_966' title='bbox 2924 5258 3017 5312; x_wconf 66' lang='grc' dir='ltr'>καὶ</span> <span class='ocrx_word' id='word_1_967' title='bbox 3049 5258 3123 5329; x_wconf 83' lang='grc' dir='ltr'>μὴ</span> <span class='ocrx_word' id='word_1_968' title='bbox 3158 5258 3296 5329; x_wconf 85' lang='grc' dir='ltr'>πρὸς</span> <span class='ocrx_word' id='word_1_969' title='bbox 3324 5259 3616 5329; x_wconf 87' lang='grc' dir='ltr'>ἀρέσκειαν</span> <span class='ocrx_word' id='word_1_970' title='bbox 3638 5260 3746 5312; x_wconf 87' lang='grc' dir='ltr'>τῶν</span> <span class='ocrx_word' id='word_1_971' title='bbox 3783 5261 3874 5314; x_wconf 80' lang='grc' dir='ltr'>ἀν-</span> 
     </span>
    </p>
   </div>
   <div class='ocr_carea' id='block_1_123' title="bbox 2213 5338 3874 5412">
    <p class='ocr_par' dir='ltr' id='par_1_123' title="bbox 2213 5338 3874 5412">
     <span class='ocr_line' id='line_1_123' title="bbox 2213 5338 3874 5412; baseline 0 -17"><span class='ocrx_word' id='word_1_972' title='bbox 2213 5341 2446 5412; x_wconf 81' lang='grc' dir='ltr'>θρώπων</span> <span class='ocrx_word' id='word_1_973' title='bbox 2501 5355 2555 5392; x_wconf 89' lang='grc' dir='ltr'>τι</span> <span class='ocrx_word' id='word_1_974' title='bbox 2595 5338 3042 5409; x_wconf 84' lang='grc' dir='ltr'>διαπράττεσθαι,</span> <span class='ocrx_word' id='word_1_975' title='bbox 3083 5339 3218 5392; x_wconf 78' lang='grc' dir='ltr'>ἀλλά</span> <span class='ocrx_word' id='word_1_976' title='bbox 3267 5341 3403 5411; x_wconf 81' lang='grc' dir='ltr'>πρὸς</span> <span class='ocrx_word' id='word_1_977' title='bbox 3441 5341 3532 5394; x_wconf 77' lang='grc' dir='ltr'>τὸν</span> <span class='ocrx_word' id='word_1_978' title='bbox 3581 5341 3874 5412; x_wconf 82' lang='grc' dir='ltr'>ἀκοίμητον</span> 
     </span>
    </p>
   </div>
   <div class='ocr_carea' id='block_1_124' title="bbox 2213 5417 3872 5492">
    <p class='ocr_par' dir='ltr' id='par_1_124' title="bbox 2213 5417 3872 5492">
     <span class='ocr_line' id='line_1_124' title="bbox 2213 5417 3872 5492; baseline 0.001 -20"><span class='ocrx_word' id='word_1_979' title='bbox 2213 5421 2416 5472; x_wconf 82' lang='grc' dir='ltr'>ἐκεῖνον</span> <span class='ocrx_word' id='word_1_980' title='bbox 2444 5417 2718 5488; x_wconf 77' lang='grc' dir='ltr'>ὀφθαλμὸν</span> <span class='ocrx_word' id='word_1_981' title='bbox 2747 5417 2940 5473; x_wconf 89' lang='grc' dir='ltr'>τείνειν</span> <span class='ocrx_word' id='word_1_982' title='bbox 2973 5419 3033 5470; x_wconf 83' lang='grc' dir='ltr'>τὸ</span> <span class='ocrx_word' id='word_1_983' title='bbox 3053 5420 3227 5488; x_wconf 79' lang='grc' dir='ltr'>ὄμμα,</span> <span class='ocrx_word' id='word_1_984' title='bbox 3255 5420 3348 5472; x_wconf 74' lang='grc' dir='ltr'>καὶ</span> <span class='ocrx_word' id='word_1_985' title='bbox 3375 5420 3475 5492; x_wconf 76' lang='grc' dir='ltr'>τήν</span> <span class='ocrx_word' id='word_1_986' title='bbox 3517 5422 3646 5490; x_wconf 77' lang='grc' dir='ltr'>παρ’</span> <span class='ocrx_word' id='word_1_987' title='bbox 3669 5422 3872 5474; x_wconf 78' lang='grc' dir='ltr'>ἐκείνω</span> 
     </span>
    </p>
   </div>
   <div class='ocr_carea' id='block_1_125' title="bbox 2211 5495 3871 5571">
    <p class='ocr_par' dir='ltr' id='par_1_125' title="bbox 2211 5495 3871 5571">
     <span class='ocr_line' id='line_1_125' title="bbox 2211 5495 3871 5571; baseline 0.001 -20"><span class='ocrx_word' id='word_1_988' title='bbox 2211 5497 2488 5568; x_wconf 80' lang='grc' dir='ltr'>εὐφημίαν</span> <span class='ocrx_word' id='word_1_989' title='bbox 2523 5496 2685 5565; x_wconf 87' lang='grc' dir='ltr'>μόνον</span> <span class='ocrx_word' id='word_1_990' title='bbox 2703 5495 3013 5567; x_wconf 87' lang='grc' dir='ltr'>ἀναμένειν,</span> <span class='ocrx_word' id='word_1_991' title='bbox 3067 5498 3160 5549; x_wconf 81' lang='grc' dir='ltr'>καὶ</span> <span class='ocrx_word' id='word_1_992' title='bbox 3189 5496 3394 5551; x_wconf 89' lang='grc' dir='ltr'>τούτων</span> <span class='ocrx_word' id='word_1_993' title='bbox 3435 5500 3728 5571; x_wconf 75' lang='grc' dir='ltr'>ὑπερορᾷν,</span> <span class='ocrx_word' id='word_1_994' title='bbox 3785 5501 3871 5554; x_wconf 80' lang='grc' dir='ltr'>καὶ</span> 
     </span>
    </p>
   </div>
   <div class='ocr_carea' id='block_1_126' title="bbox 2213 5574 3871 5647">
    <p class='ocr_par' dir='ltr' id='par_1_126' title="bbox 2213 5574 3871 5647">
     <span class='ocr_line' id='line_1_126' title="bbox 2213 5574 3871 5647; baseline 0.003 -19"><span class='ocrx_word' id='word_1_995' title='bbox 2213 5575 2378 5646; x_wconf 64' lang='grc' dir='ltr'>μηδὲν</span> <span class='ocrx_word' id='word_1_996' title='bbox 2402 5574 2653 5647; x_wconf 77' lang='grc' dir='ltr'>ἡγεῖσθαι</span> <span class='ocrx_word' id='word_1_997' title='bbox 2681 5574 2857 5628; x_wconf 83' lang='grc' dir='ltr'>αὐτῶν</span> <span class='ocrx_word' id='word_1_998' title='bbox 2879 5576 2968 5628; x_wconf 80' lang='grc' dir='ltr'>τὸν</span> <span class='ocrx_word' id='word_1_999' title='bbox 2995 5575 3231 5638; x_wconf 75' lang='grc' dir='ltr'>ἔπαινον,</span> <span class='ocrx_word' id='word_1_1000' title='bbox 3261 5579 3395 5647; x_wconf 85' lang='grc' dir='ltr'>μήτε</span> <span class='ocrx_word' id='word_1_1001' title='bbox 3418 5576 3511 5630; x_wconf 82' lang='grc' dir='ltr'>τὸν</span> <span class='ocrx_word' id='word_1_1002' title='bbox 3532 5576 3720 5646; x_wconf 78' lang='grc' dir='ltr'>ψόγον,</span> <span class='ocrx_word' id='word_1_1003' title='bbox 3743 5580 3871 5634; x_wconf 85' lang='grc' dir='ltr'>ἀλλά</span> 
     </span>
    </p>
   </div>
   <div class='ocr_carea' id='block_1_127' title="bbox 2212 5653 3872 5726">
    <p class='ocr_par' dir='ltr' id='par_1_127' title="bbox 2212 5653 3872 5726">
     <span class='ocr_line' id='line_1_127' title="bbox 2212 5653 3872 5726; baseline 0.003 -18"><span class='ocrx_word' id='word_1_1004' title='bbox 2212 5655 2460 5724; x_wconf 78' lang='grc' dir='ltr'>καθάπερ</span> <span class='ocrx_word' id='word_1_1005' title='bbox 2488 5653 2647 5718; x_wconf 88' lang='grc' dir='ltr'>σκιάς</span> <span class='ocrx_word' id='word_1_1006' title='bbox 2675 5653 2768 5706; x_wconf 72' lang='grc' dir='ltr'>καὶ</span> <span class='ocrx_word' id='word_1_1007' title='bbox 2797 5653 3047 5724; x_wconf 81' lang='grc' dir='ltr'>ὀνείρατα</span> <span class='ocrx_word' id='word_1_1008' title='bbox 3075 5655 3462 5726; x_wconf 88' lang='grc' dir='ltr'>παρατρέχειν.</span> <span class='ocrx_word' id='word_1_1009' title='bbox 3503 5656 3611 5709; x_wconf 73' lang='grc' dir='ltr'>Καὶ</span> <span class='ocrx_word' id='word_1_1010' title='bbox 3643 5657 3872 5714; x_wconf 88' lang='grc' dir='ltr'>ἐνταῦθα</span> 
     </span>
    </p>
   </div>
   <div class='ocr_carea' id='block_1_128' title="bbox 2213 5731 3869 5806">
    <p class='ocr_par' dir='ltr' id='par_1_128' title="bbox 2213 5731 3869 5806">
     <span class='ocr_line' id='line_1_128' title="bbox 2213 5731 3869 5806; baseline 0.004 -21"><span class='ocrx_word' id='word_1_1011' title='bbox 2213 5735 2312 5802; x_wconf 77' lang='grc' dir='ltr'>μὲν</span> <span class='ocrx_word' id='word_1_1012' title='bbox 2340 5733 2522 5788; x_wconf 72' lang='grc' dir='ltr'>πολλοὶ</span> <span class='ocrx_word' id='word_1_1013' title='bbox 2550 5732 2810 5797; x_wconf 86' lang='grc' dir='ltr'>πολλάκις</span> <span class='ocrx_word' id='word_1_1014' title='bbox 2835 5731 2932 5803; x_wconf 82' lang='grc' dir='ltr'>τὴν</span> <span class='ocrx_word' id='word_1_1015' title='bbox 2955 5732 3108 5803; x_wconf 75' lang='grc' dir='ltr'>ὓϐριν</span> <span class='ocrx_word' id='word_1_1016' title='bbox 3133 5734 3194 5786; x_wconf 82' lang='grc' dir='ltr'>ού</span> <span class='ocrx_word' id='word_1_1017' title='bbox 3220 5735 3472 5803; x_wconf 78' lang='grc' dir='ltr'>φέροντες</span> <span class='ocrx_word' id='word_1_1018' title='bbox 3495 5735 3626 5789; x_wconf 78' lang='grc' dir='ltr'>δέκα</span> <span class='ocrx_word' id='word_1_1019' title='bbox 3648 5736 3682 5806; x_wconf 79' lang='grc' dir='ltr'><strong>ἢ</strong></span> <span class='ocrx_word' id='word_1_1020' title='bbox 3703 5736 3869 5791; x_wconf 74' lang='grc' dir='ltr'>εἴκοσι</span> 
     </span>
    </p>
   </div>
   <div class='ocr_carea' id='block_1_129' title="bbox 2209 5811 3869 5886">
    <p class='ocr_par' dir='ltr' id='par_1_129' title="bbox 2209 5811 3869 5886">
     <span class='ocr_line' id='line_1_129' title="bbox 2209 5811 3869 5886; baseline 0.001 -19"><span class='ocrx_word' id='word_1_1021' title='bbox 2209 5812 2529 5883; x_wconf 86' lang='grc' dir='ltr'>ἀνθρώπων,</span> <span class='ocrx_word' id='word_1_1022' title='bbox 2563 5812 2597 5883; x_wconf 84' lang='grc' dir='ltr'>ἢ</span> <span class='ocrx_word' id='word_1_1023' title='bbox 2632 5813 2727 5865; x_wconf 76' lang='grc' dir='ltr'>καὶ</span> <span class='ocrx_word' id='word_1_1024' title='bbox 2758 5811 3074 5874; x_wconf 71' lang='grc' dir='ltr'>ἐλαττόνων,</span> <span class='ocrx_word' id='word_1_1025' title='bbox 3107 5813 3575 5886; x_wconf 85' lang='grc' dir='ltr'>ὑπεσκελίσθησαν</span> <span class='ocrx_word' id='word_1_1026' title='bbox 3621 5815 3712 5868; x_wconf 75' lang='grc' dir='ltr'>καὶ</span> <span class='ocrx_word' id='word_1_1027' title='bbox 3744 5833 3869 5868; x_wconf 81' lang='grc' dir='ltr'>κατ·</span> 
     </span>
    </p>
   </div>
   <div class='ocr_carea' id='block_1_130' title="bbox 2209 5891 3868 5963">
    <p class='ocr_par' dir='ltr' id='par_1_130' title="bbox 2209 5891 3868 5963">
     <span class='ocr_line' id='line_1_130' title="bbox 2209 5891 3868 5963; baseline 0.002 -17"><span class='ocrx_word' id='word_1_1028' title='bbox 2209 5895 2423 5948; x_wconf 83' lang='grc' dir='ltr'>έπεσον.</span> <span class='ocrx_word' id='word_1_1029' title='bbox 2455 5895 2630 5946; x_wconf 81' lang='grc' dir='ltr'>Ἔστι</span> <span class='ocrx_word' id='word_1_1030' title='bbox 2660 5891 2769 5960; x_wconf 78' lang='grc' dir='ltr'>γὰρ</span> <span class='ocrx_word' id='word_1_1031' title='bbox 2787 5893 3049 5962; x_wconf 81' lang='grc' dir='ltr'>αίσχύνη</span> <span class='ocrx_word' id='word_1_1032' title='bbox 3069 5893 3382 5961; x_wconf 75' lang='grc' dir='ltr'>ἐπάγουσα</span> <span class='ocrx_word' id='word_1_1033' title='bbox 3411 5895 3720 5963; x_wconf 78' lang='grc' dir='ltr'>ἁμαρτίαν.</span> <span class='ocrx_word' id='word_1_1034' title='bbox 3741 5895 3868 5949; x_wconf 64' lang='grc' dir='ltr'>οοδι</span> 
     </span>
    </p>
   </div>
   <div class='ocr_carea' id='block_1_131' title="bbox 2207 5971 3862 6042">
    <p class='ocr_par' dir='ltr' id='par_1_131' title="bbox 2207 5971 3862 6042">
     <span class='ocr_line' id='line_1_131' title="bbox 2207 5971 3862 6042; baseline 0.002 -18"><span class='ocrx_word' id='word_1_1035' title='bbox 2207 5972 2312 6041; x_wconf 70' lang='grc' dir='ltr'>γάρ</span> <span class='ocrx_word' id='word_1_1036' title='bbox 2343 5971 2399 6023; x_wconf 86' lang='lat'>16</span> <span class='ocrx_word' id='word_1_1037' title='bbox 2425 5971 2586 6042; x_wconf 81' lang='grc' dir='ltr'>τυχόν</span> <span class='ocrx_word' id='word_1_1038' title='bbox 2612 5973 2759 6026; x_wconf 79' lang='grc' dir='ltr'>ἐστιν</span> <span class='ocrx_word' id='word_1_1039' title='bbox 2797 5972 3067 6042; x_wconf 82' lang='grc' dir='ltr'>ύπεριδείν</span> <span class='ocrx_word' id='word_1_1040' title='bbox 3089 5974 3199 6027; x_wconf 88' lang='grc' dir='ltr'>τῶν</span> <span class='ocrx_word' id='word_1_1041' title='bbox 3225 5975 3609 6038; x_wconf 82' lang='grc' dir='ltr'>ὀνειδιζόντων,</span> <span class='ocrx_word' id='word_1_1042' title='bbox 3653 5975 3747 6026; x_wconf 78' lang='grc' dir='ltr'>καὶ</span> <span class='ocrx_word' id='word_1_1043' title='bbox 3770 5991 3862 6027; x_wconf 84' lang='grc' dir='ltr'>κα-</span> 
     </span>
    </p>
   </div>
   <div class='ocr_carea' id='block_1_132' title="bbox 2207 6050 3863 6128">
    <p class='ocr_par' dir='ltr' id='par_1_132' title="bbox 2207 6050 3863 6128">
     <span class='ocr_line' id='line_1_132' title="bbox 2207 6050 3863 6128; baseline 0.003 -22"><span class='ocrx_word' id='word_1_1044' title='bbox 2207 6050 2578 6124; x_wconf 74' lang='grc' dir='ltr'>ταγελώντων,</span> <span class='ocrx_word' id='word_1_1045' title='bbox 2626 6053 2716 6109; x_wconf 69' lang='grc' dir='ltr'>καὶ</span> <span class='ocrx_word' id='word_1_1046' title='bbox 2755 6053 3034 6128; x_wconf 76' lang='grc' dir='ltr'>κωμῳδεῖν</span> <span class='ocrx_word' id='word_1_1047' title='bbox 3083 6053 3452 6127; x_wconf 76' lang='grc' dir='ltr'>βουλομένων·</span> <span class='ocrx_word' id='word_1_1048' title='bbox 3505 6054 3620 6111; x_wconf 79' lang='grc' dir='ltr'>ἀλλ’</span> <span class='ocrx_word' id='word_1_1049' title='bbox 3649 6052 3800 6128; x_wconf 72' lang='grc'>[203]</span> <span class='ocrx_word' id='word_1_1050' title='bbox 3837 6057 3863 6111; x_wconf 80' lang='lat'>6</span> 
     </span>
    </p>
   </div>
  </div>
