4152 6498
270 505 378 565 197

264 616 382 669 lum
409 615 688 684 dirigebat,
717 623 770 667 et
797 629 825 666 a
850 610 1052 666 diluvio
1079 623 1265 664 omnes
1289 608 1434 663 orbis
1468 605 1668 662 incolas
1691 603 1854 659 deva-

265 715 486 759 staturo
524 718 583 758 se
612 695 887 773 eripiebat.
917 700 1093 755 Tanta
1138 712 1226 753 res
1269 705 1353 752 est
1375 696 1566 761 virtus,
1610 703 1726 764 tam.
1758 694 1859 748 ito-

263 793 540 858 mortalis,
590 802 696 846 tam
738 792 959 855 invicta,
1004 798 1109 843 tam
1141 787 1275 843 nihil
1314 786 1514 842 cedens
1550 784 1709 853 hujus
1736 784 1856 838 vita:

262 881 625 936 varietatibus
652 898 665 933 :
696 880 792 935 sed
831 894 994 949 super
1031 877 1246 933 malitia:
1273 877 1405 931 retia
1432 875 1674 955 volitans,
1703 873 1855 945 quasi

260 984 303 1025 ο
326 970 544 1025 sublimi
568 969 783 1038 specula
803 968 1054 1039 quadam,
1099 968 1177 1024 sic
1201 966 1379 1023 omnia
1408 965 1638 1021 humana
1672 964 1856 1033 despi-

260 1058 363 1120 cit,
396 1058 527 1112 nihil
553 1059 693 1128 quod
721 1058 842 1112 aliis
870 1057 1154 1113 molestum
1196 1057 1265 1112 sit
1289 1056 1475 1112 sentit.
1504 1054 1610 1111 Sed
1644 1056 1783 1110 sicut
1808 1056 1856 1108 is

262 1148 359 1218 qui
392 1162 557 1216 super
591 1148 861 1204 excelsam
904 1157 1106 1218 petram
1156 1156 1281 1212 stat,
1311 1145 1508 1201 ﬂuctus
1532 1145 1688 1208 ridet,
1718 1158 1853 1216 quos

262 1239 413 1292 videt
442 1239 508 1293 ad
536 1234 739 1307 peiram
773 1253 964 1307 magno
991 1239 1192 1309 impetu
1217 1238 1495 1310 disrumpi,
1519 1251 1581 1292 ac
1611 1237 1854 1306 protinus

264 1326 320 1381 in
361 1341 603 1395 spumam
646 1328 781 1381 solvi
815 1345 828 1381 :
858 1330 930 1381 ita
961 1337 1015 1382 et
1057 1329 1147 1397 qui
1192 1327 1379 1383 virtuti
1406 1326 1497 1382 dat
1537 1341 1755 1395 operam
1795 1326 1851 1380 in

264 1432 462 1474 securo
489 1420 811 1474 constitutus
850 1420 1000 1485 loco,
1040 1418 1173 1473 nihil
1215 1419 1435 1475 insuave
1470 1418 1572 1474 fert
1616 1433 1647 1471 a
1688 1419 1853 1473 rebus

266 1507 609 1573 turbulentis,
636 1510 730 1565 sed
767 1510 1081 1581 tranquiilus
1121 1510 1299 1564 animo
1343 1520 1399 1565 et
1438 1510 1649 1580 quietus
1675 1500 1847 1577 sedet,

265 1598 619 1668 iutclligitque
657 1613 744 1654 res
770 1600 927 1667 hujus
957 1599 1085 1654 vita:
1103 1598 1233 1654 nihil
1265 1597 1480 1654 dill‘erre
1514 1597 1583 1653 ab
1610 1599 1849 1659 amnium

264 1688 501 1750 tluentis,
528 1697 712 1757 utpote
739 1703 860 1759 quae
881 1697 985 1743 tant
1008 1689 1195 1758 rapido
1213 1704 1373 1744 cursu
1396 1696 1685 1763 transeant.
1711 1688 1851 1743 Nam

263 1780 404 1833 sicut
431 1780 611 1835 videre
637 1781 760 1836 licet
787 1781 951 1835 maris
967 1780 1160 1837 ﬂuctus
1188 1796 1332 1836 nunc
1357 1781 1573 1847 quidem
1602 1782 1655 1835 in
1681 1781 1848 1834 altum

266 1869 474 1936 extolli,
507 1885 626 1923 mox
655 1878 833 1938 autem
860 1870 1087 1939 deprimi
1115 1890 1129 1926 :
1154 1871 1226 1926 ita
1262 1881 1318 1927 et
1352 1871 1598 1927 videmus
1635 1885 1731 1925 eos
1757 1870 1850 1938 qui

270 1957 522 2013 virtutem
548 1968 916 2023 contemnunt,
946 1969 998 2015 et
1026 1961 1275 2031 nequitia‘
1291 1962 1420 2015 dant
1444 1976 1683 2031 operam,
1706 1974 1847 2016 nunc

174 2042 177 2047 ’
261 2048 476 2117 quidem
501 2049 728 2104 sublime
753 2064 964 2120 sapere.
1003 2060 1055 2104 et
1076 2051 1356 2119 supercilia
1381 2052 1658 2118 extollere,
1686 2060 1847 2120 atque

264 2137 420 2204 hujus
450 2138 570 2191 vita:
607 2138 754 2192 curis
797 2139 1033 2194 intentos
1062 2155 1204 2207 esse,
1251 2141 1428 2195 subito
1454 2149 1632 2196 autem
1662 2142 1841 2208 dejici,

259 2234 316 2279 et
340 2225 405 2279 ad
435 2236 736 2281 extremam
762 2228 967 2289 venire
996 2228 1249 2297 inopiam.
1292 2229 1437 2296 Quos
1466 2232 1652 2286 beatus
1677 2231 1842 2285 David

258 2313 620 2381 subindicans,
663 2316 875 2371 dicebat
907 2335 920 2370 :
954 2316 1039 2371 Ne
1082 2319 1307 2375 timueris
1338 2336 1455 2373 cum
1494 2321 1631 2375 dives
1672 2324 1842 2392 [actus

260 2405 415 2473 fuerit
441 2404 613 2470 homo,
654 2405 735 2460 vel
776 2421 893 2460 cum
934 2407 1442 2477 multiplicalagfuerit
1466 2412 1633 2481 gloria
1660 2412 1842 2466 domus

256 2495 370 2563 ejus
388 2490 407 2549 ξ
426 2482 550 2565 quia
586 2511 701 2550 cum
735 2496 977 2552 interierit
1006 2515 1107 2551 non
1134 2509 1297 2553 sumet
1340 2502 1510 2553 omnia
1540 2500 1714 2571 (Prol.
1746 2503 1838 2558 48.

258 2583 376 2655 17).
416 2585 484 2639 Et
524 2586 660 2640 bene
703 2588 857 2653 dixit,
898 2587 984 2642 Ne
1020 2589 1268 2645 timueris.
1320 2590 1399 2645 Ne
1441 2601 1493 2646 te
1533 2595 1839 2662 conturbet,

253 2670 436 2728 dicere
465 2674 597 2742 vult,
620 2675 799 2731 divitis
813 2676 1135 2732 abundantia
1155 2687 1211 2733 et
1235 2679 1415 2749 gloriae
1444 2680 1717 2750 splendor.
1752 2683 1842 2740 Vi-

254 2760 410 2817 debis
437 2764 578 2818 enim
628 2779 735 2819 non
766 2766 936 2821 multo
964 2776 1084 2836 post
1112 2765 1257 2823 humi
1280 2762 1568 2840 jacentem,
1610 2782 1664 2827 et
1690 2776 1837 2830 nihil

253 2854 466 2920 operari
515 2855 811 2923 valentem,
868 2866 1136 2913 mortuum
1182 2860 1410 2915 cadaver
1469 2854 1735 2921 vermibus
1785 2867 1837 2921 in

252 2942 403 3000 cibos
428 2945 718 3015 objectum,
760 2947 1070 3021 nudumque
1109 2950 1196 3006 his
1223 2954 1471 3007 omnibus
1497 2954 1719 3019 factum,
1746 2957 1837 3025 qui

252 3033 387 3090 nihil
416 3038 615 3090 horum’
644 3041 865 3093 otuuino
890 3055 1072 3095 secum
1100 3040 1311 3097 auferre
1341 3046 1591 3112 potuerit,
1624 3046 1720 3100 sed
1749 3046 1838 3101 hic

251 3126 429 3180 omnia
473 3127 769 3195 reliquerit.
810 3128 890 3184 Ne
928 3130 1085 3199 igitur
1122 3133 1313 3186 anxius
1349 3135 1425 3188 sis
1470 3149 1590 3189 cum
1638 3136 1837 3191 videris

250 3217 535 3286 prmseotia
567 3232 582 3270 :
612 3233 784 3287 neque
826 3218 1042 3273 beatum
1079 3222 1228 3274 dicas
1256 3238 1377 3276 cum
1408 3225 1497 3294 qtti
1525 3233 1645 3294 post
1674 3227 1835 3280 breve

250 3316 463 3377 tempus
491 3309 557 3362 ab
600 3310 683 3365 his
710 3310 959 3365 omnibus
988 3313 1327 3367 destituetur.
1374 3317 1645 3383 Ejusmodi
1689 3320 1832 3372 enim

248 3407 334 3452 est
355 3415 588 3467 pt‘atsctts
613 3401 852 3467 felicitas,
877 3412 927 3457 et
954 3404 1253 3459 divitiarum
1285 3418 1490 3472 natura,
1521 3420 1574 3463 ut
1600 3424 1707 3464 non
1731 3427 1832 3466 una

250 3492 640 3558 connuigreht,
700 3507 823 3546 cum
870 3492 995 3549 hinc
1044 3495 1201 3551 fuerit
1255 3497 1576 3552 abeundum.
1631 3500 1833 3556 Divites

249 3585 393 3636 enim
426 3582 508 3637 his
535 3584 781 3638 omnibus
808 3586 1028 3650 relictis,
1061 3590 1185 3641 nudi
1214 3589 1337 3645 hinc
1365 3591 1680 3657 abscedunt,
1720 3606 1834 3647 tan-

255 3681 369 3726 tum
390 3672 592 3727 malitia
626 3676 822 3737 vestiti,
854 3686 908 3730 et
932 3692 1268 3746 peccaturum
1294 3682 1547 3737 oneribus
1575 3684 1696 3739 inde
1722 3684 1831 3739 col-

248 3762 422 3817 lectis.
465 3765 533 3817 At
566 3764 720 3834 longe
751 3780 907 3820 secus
946 3766 1104 3822 habet
1132 3772 1316 3834 virtus,
1346 3788 1464 3839 qua:
1508 3773 1593 3828 hic
1620 3790 1831 3843 quoque

255 3855 583 3922 potentiores
612 3854 1045 3923 insidiatoribus,
1092 3868 1145 3912 et
1190 3860 1346 3927 plane
1389 3861 1614 3918 invictos
1658 3864 1829 3920 reddit

247 3957 397 4005 suos,
423 3945 836 4016 contiunamque
857 3946 1058 4017 praebet
1080 3951 1423 4017 voluptatem,
1453 3965 1502 4006 et
1536 3971 1603 4008 ne
1627 3956 1827 4012 sentire

248 4034 463 4102 quidem
506 4036 632 4089 sinit
666 4052 841 4092 rerum
890 4040 1109 4095 istarum
1155 4041 1564 4110 inmqualitatem
1594 4065 1608 4101 :
1635 4046 1730 4101 sed
1773 4057 1827 4102 et

251 4123 379 4178 hinc
397 4127 787 4195 emigrautibus
816 4129 1065 4184 comitem
1094 4146 1153 4186 se
1187 4132 1351 4195 addit,
1380 4144 1435 4189 ct
1473 4146 1593 4190 tunc
1622 4138 1828 4205 potissi-

248 4230 417 4280 mum,
442 4230 562 4270 cum
586 4218 702 4285 ejus
729 4219 965 4273 subsidio
988 4234 1227 4290 egemus.
1258 4225 1309 4276 in
1331 4224 1521 4292 dieque
1548 4226 1639 4281 illo
1667 4230 1824 4283 terrio

250 4303 341 4358 lnli
379 4319 627 4373 maguum
674 4306 826 4361 nobis
862 4317 1073 4375 praestat
1118 4311 1395 4376 auxilium,
1430 4317 1643 4381 placatis
1673 4318 1825 4374 nobis

250 4391 451 4446 Jndicis
474 4394 683 4448 oculum
709 4413 724 4449 :
750 4406 805 4450 et
832 4397 969 4451 sicut
999 4397 1084 4453 hic
1107 4400 1174 4453 ab
1201 4402 1567 4470 ingruentibus
1598 4405 1827 4461 infortu-

252 4484 375 4545 niis,
420 4485 488 4536 ita
538 4494 592 4539 et
637 4486 690 4540 in
731 4486 909 4541 futuro
949 4503 1008 4544 se
1050 4491 1290 4546 colentes
1330 4509 1359 4545 a
1406 4498 1686 4550 tormentis
1724 4497 1828 4553 illis

247 4573 427 4641 eripit.
453 4571 633 4644 Neque
667 4579 764 4631 hoc
794 4580 963 4631 solum
992 4580 1118 4649 agit,
1156 4582 1248 4635 scd
1286 4595 1338 4636 et
1363 4584 1643 4640 incil'abilia
1672 4589 1826 4643 nobis

250 4664 409 4725 bona,
446 4664 634 4731 quibus
665 4666 917 4731 fruamur,
949 4671 1214 4723 conciliat.
1256 4672 1316 4723 Et
1347 4682 1402 4725 ut
1428 4676 1565 4729 scias
1602 4677 1715 4730 hinc
1753 4678 1825 4732 ita

246 4767 367 4807 sese
402 4753 618 4820 habere,
646 4771 817 4825 neque
847 4774 943 4811 nos
973 4759 1023 4813 in
1054 4777 1243 4815 vanum
1277 4773 1328 4816 et
1362 4762 1555 4819 [rostra
1582 4768 1650 4821 ad
1675 4768 1818 4823 blan‘

247 4840 497 4896 diendqu
540 4843 624 4898 bis
672 4847 848 4901 verbis
894 4850 966 4901 uti
994 4890 1007 4903 .
1032 4854 1245 4905 .eutabo
1301 4869 1441 4908 nunc
1478 4872 1547 4911 ex
1587 4859 1668 4913 his
1707 4876 1826 4930 qua:

249 4936 515 5003 proposita
566 4948 693 4991 sunt
743 4941 953 4993 catitati
1000 4954 1188 4998 vestra:
1235 4942 1285 4998 id
1341 4949 1643 5004 ostendere.
1698 4952 1827 5009 Vide

246 5026 390 5079 enim
424 5028 696 5099 quomodo
737 5031 1082 5087 admirandus
1111 5035 1200 5088 ille
1231 5036 1330 5101 vir,
1377 5038 1489 5094 Noe
1516 5042 1655 5104 dico.
1707 5045 1825 5098 uni-

246 5130 403 5169 verSo
433 5117 703 5170 hominum
724 5135 920 5188 genere
945 5124 1198 5179 adversus
1224 5131 1568 5199 semetipsum
1594 5136 1830 5193 clemen-

247 5208 377 5261 tiatn
404 5207 611 5261 Domini
636 5210 702 5263 ad
730 5210 1053 5268 iracundiam
1081 5231 1400 5284 provocante
1426 5240 1437 5273 :
1460 5224 1565 5291 ille,
1588 5228 1821 5297 inquam,

244 5298 392 5352 solus
432 5314 529 5353 sua
572 5300 766 5356 virtute
814 5307 977 5371 potuit
1020 5319 1074 5360 et
1119 5310 1492 5381 indignationis
1535 5321 1825 5386 periculum

246 5387 503 5459 eﬂugcre,
537 5400 592 5444 et
641 5408 881 5463 magnam
929 5396 1018 5451 Dei
1048 5398 1471 5459 benevolentiam
1515 5410 1615 5463 sibi
1642 5416 1823 5469 conci-

252 5480 402 5533 liare.
427 5482 527 5546 Ac,
554 5481 598 5533 si
630 5483 821 5549 placet,
850 5486 1126 5556 loquamur
1156 5493 1223 5547 de
1259 5495 1323 5548 iis
1349 5512 1466 5565 qua:
1494 5499 1545 5552 in
1578 5504 1828 5569 przeseuti

249 5571 357 5623 vita
396 5572 665 5627 eveniunt.
710 5575 848 5631 Sunt
889 5581 1031 5634 enim
1062 5581 1303 5640 fortassis
1350 5590 1510 5660 aliqui
1541 5591 1732 5652 futuris
1767 5608 1823 5653 et

242 5658 608 5718 invisibilibns
641 5679 824 5735 parmn
865 5671 1165 5727 credentes.
1222 5658 1503 5736 Videamus
1542 5683 1718 5755 itaque
1755 5702 1822 5743 ex

247 5746 315 5803 iis
341 5762 460 5818 qua:
484 5750 573 5805 hic
597 5756 869 5821 eveniunt,
901 5761 1073 5828 qualia
1095 5766 1409 5837 contingunt
1438 5771 1503 5824 iis
1523 5776 1609 5842 qui
1634 5746 1827 5844 nequi-

244 5838 332 5891 tiu:
360 5851 420 5893 se
448 5838 665 5908 dedunt,
696 5856 750 5901 ct
769 5849 941 5916 qualia
973 5855 1164 5926 accipit
1190 5857 1234 5912 is
1258 5862 1346 5931 qui
1378 5838 1623 5924 virtutem
1653 5838 1822 5929 sectae

1286 498 1347 552 ΙΝ
1385 497 1518 552 CAP
1583 494 1664 549 τι.
1694 489 1938 550 GENES.
1982 488 2211 548 MMIL.
2255 494 2439 552 ΧΧῈΙΙ.

1974 611 2075 657 tur.
2118 604 2404 676 Postquam
2446 611 2586 663 enim
2625 610 2796 668 bonus
2840 615 2979 673 Deus
3021 620 3089 674 ob
3129 602 3319 694 iugetis
3341 631 3560 689 malitia!

1961 708 2306 767 augmentum
2351 703 2671 759 sententiam
2718 708 2835 761 tulit
2875 724 2997 767 esse
3052 713 3343 773 humanum
3387 736 3557 793 genus

1962 787 2253 843 universali
2293 789 2529 859 pernicie
2557 794 2907 865 puniendum,
2936 810 2990 855 et
3018 802 3156 857 dixit
3185 824 3199 860 :
3232 787 3424 865 Delebo
3460 817 3557 867 Im.

1961 875 2147 945 initum
2170 894 2317 947 quem
2345 880 2463 951 feci,
2487 898 2521 935 a
2540 884 2670 951 facie
2695 896 2841 969 terra:
2863 906 2882 943 :
2902 900 2957 945 et
2986 904 3290 953 monstrans
3314 900 3557 972 indignao

1960 964 2121 1021 tionis
2173 980 2285 1022 suae
2339 966 2799 1041 magnitudinem,
2858 994 2965 1034 non
3014 994 3199 1039 contra
3257 964 3547 1049 humanum

1958 1052 2238 1149 dumtaxat
2276 1073 2446 1127 genus
2488 1065 2812 1120 sententiam
2857 1072 3098 1136 protulit.
3144 1075 3241 1133 sed
3270 1086 3329 1135 et
3362 1094 3553 1149 contra

1956 1144 2137 1200 omnia
2161 1144 2425 1215 iumenta,
2475 1160 2531 1206 et
2567 1154 2796 1223 reptilia,
2843 1167 2899 1213 et
2941 1161 3173 1220 volatilia
3203 1183 3217 1221 :
3246 1182 3366 1224 cum
3407 1144 3551 1230 enim

1957 1234 2179 1333 perituri
2201 1246 2265 1292 vet
2286 1238 2662 1310 submergendi
2692 1245 2938 1304 homines
2957 1266 3156 1322 essem,
3181 1270 3399 1328 propter
3410 1277 3554 1333 quos
3580 1257 3589 1317 ζ

1960 1319 2076 1376 haec
2114 1321 2253 1378 facta
2297 1336 2443 1392 sunt,
2466 1329 2587 1398 jure
2630 1347 2696 1387 ac
2750 1338 2942 1392 merito
2982 1340 3072 1396 illa
3116 1319 3329 1415 quoque
3372 1319 3548 1419 ptente

1953 1413 2226 1467 consortio
2261 1416 2407 1484 paria
2440 1416 2629 1476 fuere:
2663 1422 2824 1495 igitur
2866 1442 2986 1481 cum
3016 1413 3280 1491 sententia
3311 1413 3547 1499 nondum

1955 1503 2215 1569 ιιτίιιίὶιιηθ
2255 1517 2419 1575 esset,
2476 1526 2580 1580 qua
2619 1514 2711 1567 alii
2765 1517 2833 1569 ab
2871 1519 2990 1574 aliis
3032 1522 3461 1597 secernerentur,
3493 1546 3551 1590 ut

1952 1591 2129 1647 discas
2152 1609 2310 1665 quant
2338 1613 2447 1653 non
2474 1601 2544 1654 sit
2582 1617 2930 1671 personarum
2961 1624 3213 1682 acceptor
3249 1616 3414 1687 Deus,
3448 1591 3550 1680 sed

1952 1681 2005 1733 in
2032 1682 2195 1737 corda
2221 1688 2738 1758 nestra'ingrediens
2765 1695 2971 1751 nullum
2995 1681 3272 1773 despiciat,
3296 1696 3357 1764 et
3384 1681 3429 1765 si
3463 1716 3546 1771 vel

1961 1784 2177 1839 parvam
2204 1777 2491 1844 quamdam
2517 1783 2852 1839 occasionem
2889 1803 2987 1843 nos
3012 1792 3317 1863 afl‘eramus,
3357 1801 3547 1860 inclia-

1952 1861 2111 1916 bilem
2138 1879 2288 1919 suam
2320 1866 2559 1925 declaret
2578 1873 3021 1946 misericordiam,
3054 1883 3223 1955 inquit
3247 1861 3544 1965 scriptum,

1952 1962 2119 2057 utine
2150 1962 2319 2010 totum
2358 1972 2533 2027 genus
2577 1961 2869 2022 humanum
2912 1970 3230 2031 abolendum
3273 1961 3544 2057 putemus,

1947 2042 2041 2096 sed
2073 2045 2324 2113 sciamus,
2372 2048 2546 2118 ipsum
2588 2070 2684 2122 per
2721 2072 2873 2112 suam
2906 2061 3196 2123 bonitatem
3240 2042 3547 2147 relinquere

1946 2135 2233 2192 scintillam
2281 2149 2337 2193 et
2380 2141 2614 2199 radicem
2658 2152 2955 2216 quamdam-
2982 2158 3204 2226 salvam,
3254 2174 3313 2218 ut
3345 2135 3539 2226 iterum

1952 2227 2241 2289 humanum
2269 2247 2438 2303 genus
2465 2236 2520 2290 in
2565 2254 2817 2307 proceros
2847 2247 3057 2303 extendi
3106 2254 3276 2321 possit
3317 2271 3538 2316 ramos:

1948 2318 2085 2389 Noe,
2113 2321 2305 2394 inquit,
2337 2326 2527 2382 invenit
2552 2334 2771 2402 gratiam
2796 2351 2968 2392 coram
2992 2318 3119 2397 Deo.

2014 2410 2069 2466 2.
2114 2412 2245 2516 Vide
2272 2415 2563 2488 Scriptum
2587 2422 2941 2495 diligentiam,
2975 2436 3245 2501 quomodo
3276 2454 3347 2496 ne
3369 2446 3534 2516 sylla-

1944 2499 2066 2556 bam
2087 2503 2302 2607 quidem
2325 2524 2483 2564 uuam
2508 2513 2749 2571 inutilem
2774 2499 3063 2578 contineat.
3094 2526 3228 2583 Nam
3256 2499 3541 2607 posuimus

1943 2606 2043 2648 nos
2072 2596 2255 2651 docuit
2298 2603 2611 2683 gravitatem
2654 2611 2905 2677 nequitiae
2944 2596 3339 2687 Ιιοωίηιιιιιίει
3362 2596 3540 2696 pinnat

1945 2687 2368 2758 magnitudinem
2418 2693 2676 2764 improbis
2720 2698 3086 2771 inferendam,
3134 2711 3335 2770 indicat
3362 2687 3539 2778 nobis

1937 2783 2068 2832 tum
2094 2780 2184 2849 qui
2222 2779 2277 2833 in
2310 2789 2451 2837 tanta
2485 2786 2826 2847 multitudine
2857 2800 3087 2863 potuerit
3123 2802 3389 2863 sinceram
3419 2825 3537 2868 ser-

1919 2882 2069 2970 "valre
2111 2870 2384 2926 virtutem.
2430 2873 2527 2931 Est
2566 2878 2709 2934 enim
2743 2882 2911 2940 virtus
2961 2890 3122 2944 etiam
3164 2907 3261 2962 per
3301 2899 3532 2970 scipsam

1940 2958 2286 3017 admirabilis.
2318 2964 2467 3029 Quod
2512 2967 2555 3019 si
2600 2972 2721 3036 quis
2750 2973 2890 3029 illam
2934 2979 2987 3032 in
3028 2958 3206 3040 medio
3243 2958 3535 3057 prohibens

1943 3052 2072 3103 tium
2117 3052 2291 3118 colat,
2348 3058 2515 3111 multo
2568 3065 3017 3128 admirabiliorem
3066 3052 3530 3147 ipsam-ostendit.

1940 3141 2233 3243 ljroptet‘ea
2268 3149 2445 3201 divina
2478 3150 2751 3221 Scriptura
2795 3162 2943 3225 quasi
2971 3141 3285 3225 admirando
3326 3141 3532 3243 justum

1939 3232 2066 3287 dicit
2090 3237 2156 3289 de
2188 3239 2298 3303 illo,
2332 3242 2379 3293 in
2405 3242 2583 3297 medio
2614 3246 2826 3302 illorum
2858 3254 2945 3319 qui
2985 3232 3405 3329 indignationem

1938 3329 2211 3391 etapertori
2254 3341 2407 3383 eram
2444 3345 2707 3402 versante,
2746 3337 2861 3395 Noe
2893 3356 3060 3400 autent
3106 3332 3292 3410 invenit
3313 3363 3532 3429 gratiam

1944 3432 2114 3468 coram
2146 3417 2363 3474 Domina
2384 3422 2509 3476 Deo.
2537 3423 2739 3483 Invenit
2764 3436 3001 3505 gratiam,
3026 3443 3137 3508 sed,
3168 3417 3351 3504 Coram
3378 3417 3531 3514 Deos

1947 3524 2054 3560 non
2088 3510 2423 3579 simpliciter,
2454 3513 2656 3572 Invenit
2687 3525 2922 3594 gratiam,
2952 3532 3065 3596 sed,
3097 3534 3282 3593 Coram
3311 3510 3529 3603 Domino

1940 3597 2047 3651 Deo
2075 3614 2093 3651 :
2116 3608 2170 3652 ut
2197 3615 2295 3655 nos
2342 3602 2553 3672 doceat,
2585 3610 2755 3677 ipsum
2784 3631 2947 3670 unntn
2985 3620 3235 3681 habuisse
3278 3645 3523 3704 scopum,

1936 3701 1994 3743 ut
2030 3690 2099 3792 ab
2137 3690 2423 3797 illomcttlo
2450 3696 2779 3768 laudaretur,
2814 3710 2901 3776 qui
2928 3711 3220 3772 dormitare
3247 3690 3522 3797 sumi-ique.

1936 3782 2142 3846 nescit,
2182 3782 2421 3852 nihilque
2472 3793 2743 3849 curavisse
2802 3798 3084 3858 humanam
3137 3782 3386 3880 gloriam,
3432 3782 3527 3878 ¹νει

1934 3869 2301 3941 ignominiam,
2326 3879 2407 3933 vel
2440 3882 2758 3938 irrisionem.
2780 3887 3082 3947 Vet'isitttile
3110 3901 3248 3954 enim
3272 3916 3355 3961 est
3372 3923 3523 3978 eum,

1934 3978 2055 4017 cum
2087 3979 2281 4035 praeter
2309 3986 2511 4026 morem
2544 3977 2779 4029 oumium
2813 3980 3060 4039 virtutem
3103 3992 3327 4061 coleret,
3358 3977 3526 4059 fuisse

1934 4056 2316 4114 sobsannatum
2355 4072 2409 4117 et
2437 4066 2653 4120 irrisum
2696 4072 2765 4123 ab
2808 4077 3056 4129 omnibus
3101 4087 3392 4153 nequitiam
3435 4110 3519 4149 se-

1932 4151 2219 4215 ctantibus,
2252 4155 2743 4221 quiconsueveraut
2779 4178 2873 4218 eos
2898 4171 2989 4236 qui
3020 4172 3157 4225 illam
3191 4151 3438 4247 vitarent,
3468 4198 3523 4242 et

1936 4241 2183 4295 vit-tutuo
2225 4248 2682 4317 amplexarentur,
2734 4256 2996 4325 irridere;
3037 4266 3089 4317 id
3120 4272 3260 4334 quod
3290 4285 3342 4329 et
3381 4293 3522 4338 nunc

1931 4343 2076 4400 saepe
2121 4331 2233 4387 ﬁeri
2274 4336 2434 4390 solet.
2468 4338 2826 4412 Videtnusque
2856 4366 3046 4419 segnes
3079 4331 3274 4417 multos
3302 4368 3393 4435 qui
3438 4373 3521 4427 ri-

1930 4436 2050 4475 sum
2084 4435 2136 4475 et
2179 4427 2647 4487 subsannationem
2688 4436 2829 4493 ferre
2872 4457 3159 4512 nequeunt,
3198 4454 3291 4508 sed
3318 4427 3517 4525 puere.

1931 4524 2058 4567 runt
2085 4516 2370 4572 humanam
2397 4519 2620 4588 gloriam
2651 4540 2791 4582 verm
2834 4540 2887 4583 et
2918 4534 3222 4608 ittttttot‘tuli,
3264 4516 3519 4610 abstracti

1930 4612 1987 4657 et
2013 4604 2187 4659 allecti
2220 4610 2287 4661 ab
2314 4610 2540 4664 aliorum
2574 4613 2848 4672 hominum
2894 4626 3111 4681 malitia.
3142 4604 3345 4691 Animae
3370 4604 3516 4700 enini

1934 4695 2084 4749 fortis
2108 4710 2161 4750 et
2191 4704 2507 4783 constantis
2533 4717 2636 4769 est,
2682 4722 2837 4775 posse
2862 4714 3121 4772 obsistere
3154 4723 3218 4775 iis
3243 4730 3330 4795 qui

1931 4787 2042 4841 lere
2068 4789 2378 4855 moliuntur,
2412 4801 2465 4847 et
2493 4795 2620 4848 nihil
2644 4798 2821 4854 tacere
2850 4814 2906 4856 ut
2936 4805 3242 4869 hominibus
3263 4787 3513 4885 placeat:

1930 4878 2023 4931 sed
2050 4881 2259 4932 oculum
2291 4896 2444 4936 suum
2486 4885 2762 4945 intendere
2790 4893 2857 4946 ad
2888 4895 3035 4950 illum
3070 4878 3360 4973 ίιιεομίίυηι
3388 4930 3519 4969 oc"-

1933 4969 2061 5035 lum,
2094 4980 2150 5026 et
2176 4974 2243 5026 ab
2272 4988 2336 5028 co
2366 4976 2541 5032 solum
2575 4979 2799 5048 gloriam
2827 5000 3158 5059 exspectare,
3183 4969 3516 5074 istormuque

1928 5062 2150 5129 gloriam
2195 5064 2490 5134 despicere,
2536 5072 2835 5141 lluliitlsqlle
2884 5079 2970 5145 piit
3014 5082 3187 5140 facere
3230 5062 3514 5151 bumanjun

1930 5150 2142 5205 laudem
2168 5155 2248 5208 vel
2279 5160 2542 5224 convicia,
2570 5162 2665 5214 sed
2696 5180 2757 5215 ea
2787 5171 3193 5231 pnetermittcre
3217 5190 3273 5234 ut
3302 5150 3516 5242 umbras

1929 5252 1986 5296 et
2023 5246 2253 5299 somnia.
2276 5245 2393 5302 Jam
2424 5248 2510 5303 hic
2552 5265 2696 5321 smpe
2724 5257 2872 5310 multi
2904 5274 3008 5314 non
3042 5262 3273 5323 ferentes
3296 5271 3517 5343 injurias

1927 5330 2115 5387 decem
2155 5344 2248 5387 aut
2285 5337 2471 5407 viginti
2517 5342 2816 5411 hominum,
2864 5349 2947 5404 vel
2990 5354 3151 5410 etiam
3184 5330 3513 5435 pauciorum,

1927 5425 2249 5493 supplantati
2276 5439 2400 5482 sunt
2423 5440 2477 5485 et
2505 5447 2843 5489 corruerunt.
2875 5439 2965 5494 Est
2998 5446 3131 5499 enim
3156 5425 3390 5522 confusio
3416 5425 3515 5513 du:

1927 5531 2045 5569 cens
2086 5518 2139 5569 in
2178 5531 2436 5588 peccatum
2466 5522 2655 5585 (h‘ccli.
2698 5528 2751 5579 4.
2791 5528 2907 5597 23).
2954 5532 3136 5604 Neque
3175 5518 3392 5607 parvum
3435 5558 3516 5604 est

1926 5604 2207 5674 deSpicere
2230 5608 2518 5667 irridentes
2544 5626 2598 5668 et
2624 5620 3008 5683 exprobrantes
3038 5637 3089 5678 et
3118 5604 3317 5685 salibus
3347 5636 3518 5692 uices.

1927 5708 2111 5753 sentes
2143 5718 2156 5752 :
2189 5714 2243 5753 at
2282 5704 2459 5771 jusws
2500 5706 2588 5762 iilc
2640 5725 2745 5762 non
2796 5716 2915 5767 talis
2968 5728 3101 5770 erat.
3148 5720 3330 5793 Neque
3373 5732 3515 5786 enim

1932 5795 2136 5844 tan'um
2166 5791 2352 5848 decem
2385 5805 2438 5849 et
2484 5800 2666 5865 viginti
2695 5812 2749 5855 et
2778 5817 2989 5860 centum
3024 5791 3287 5881 homines,
3332 5820 3422 5874 sed
3461 5835 3512 5881 et

1929 5897 2144 5939 omnem
2178 5884 2451 5944 hominum
2475 5901 2739 5960 naturam,
2768 5905 2819 5949 ct
2844 5905 2922 5951 tot
2948 5904 3217 5971 myriadas
3242 5908 3508 5981 despexit.
