4152 6492
619 582 920 641 Verisimile
942 580 1086 637 enim
1116 586 1198 633 est
1226 587 1413 631 omnes
1454 569 1575 625 illos
1627 567 1832 632 risisse,
1862 561 2183 624 traduxisse,

615 672 1048 735 subsannavisse,
1088 663 1440 722 debacchatos
1476 673 1618 724 esse,
1659 671 1723 712 ac
1747 655 1886 710 forte
1918 653 2098 714 etiam,
2140 649 2186 704 si

617 763 869 834 possibile
911 758 1118 822 fuisset.
1165 753 1457 810 dilacerare
1484 749 1738 803 voluisse.
1778 745 2000 813 Semper
2038 737 2186 834 enim

616 832 803 909 contra
850 852 1096 905 virtutem
1141 843 1335 899 insanit
1387 839 1631 895 malitia:
1663 837 1806 906 atqui
1853 847 1958 888 non
2011 832 2186 885 solum

622 945 750 998 nihil
778 943 849 995 illi
891 945 1066 1004 nocet,
1109 933 1202 990 sed
1243 941 1297 987 et
1337 928 1636 986 infestando
1677 925 1948 981 fortiorem
1993 917 2187 974 reddit.

621 1033 851 1088 Tantum
875 1029 1016 1082 enim
1056 1024 1267 1079 virtutis
1294 1031 1374 1075 est
1401 1020 1581 1084 robur,
1619 1025 1674 1072 ut
1705 1011 1953 1084 patiendo
1976 1017 2192 1080 superet

622 1139 717 1177 eos
742 1122 831 1192 qui
858 1119 1125 1186 negotium
1170 1115 1270 1168 sibi
1308 1113 1527 1171 iaciant.
1577 1118 1631 1164 et
1667 1121 1786 1161 eum
1829 1103 2189 1172 impugnatur,

625 1211 863 1268 hostibus
892 1209 984 1264 liat
1007 1206 1291 1278 potentior.
1327 1206 1497 1272 Atque
1543 1199 1595 1254 id
1645 1199 1698 1253 in
1724 1195 1904 1250 multis
1929 1192 2189 1247 videmus.

621 1303 887 1357 tlzetorum
915 1308 970 1352 nt
1006 1298 1153 1352 vobis
1180 1294 1493 1348 occasiones
1515 1289 1844 1358 prtebeamus
1869 1303 1881 1339 :
1913 1283 1995 1337 Da
2021 1284 2188 1347 enim,

625 1393 816 1462 inquit,
848 1389 1058 1459 sapienti
1086 1386 1414 1446 occasionem.
1447 1395 1492 1435 et
1519 1379 1791 1449 sapientior
1816 1379 1907 1431 erit
1938 1374 2116 1445 (Prov.
2137 1373 2191 1428 9.

624 1485 720 1554 9):
753 1495 927 1550 opera:
971 1477 1198 1546 pretium
1241 1474 1395 1528 luerit
1435 1483 1487 1525 et
1524 1487 1586 1525 ex
1637 1469 1831 1532 Veteri,
1873 1480 1926 1521 ct
1954 1481 2020 1520 ex
2049 1465 2195 1519 Novo

626 1573 969 1628 Testamento
1007 1566 1293 1634 Scriptum
1332 1563 1483 1616 vobis
1508 1562 1696 1614 alierre
1724 1559 1985 1626 exempla.
2011 1554 2195 1622 Itaque

626 1663 820 1731 Cogita,
854 1661 1077 1713 obsecro
1123 1667 1202 1718 te,
1241 1653 1370 1707 Abel
1399 1666 1570 1706 nonne
1610 1651 1816 1703 occisus
1859 1655 1940 1701 est
1988 1661 2017 1698 a
2063 1645 2195 1699 Cain

633 1751 784 1822 (Cen.
818 1748 910 1818 ψ
953 1760 1128 1799 nonne
1174 1743 1316 1796 humi
1358 1741 1691 1810 prostratus?
1731 1737 1835 1794 Sed
1879 1752 1946 1791 ne
1985 1745 2199 1805 spectes

626 1839 766 1909 quod
813 1834 1166 1909 przevaluerit,
1211 1832 1573 1899 occideritque
1615 1844 1734 1884 eum
1777 1827 1860 1882 cui
1909 1826 2196 1890 invidebat,

628 1926 756 1980 nihil
782 1928 850 1978 ab
879 1925 968 1977 illo
993 1924 1182 1984 lassus;
1214 1920 1306 1975 sed
1343 1921 1618 1988 sequentia
1651 1917 1894 1986 expende
1925 1933 1938 1969 :
1967 1925 2026 1968 ut
2053 1915 2195 1968 scili-

629 2026 712 2069 cet
745 2015 950 2068 accisus
992 2012 1081 2066 ille
1123 2010 1186 2064 ad
1229 2011 1330 2063 hoc
1373 2023 1539 2077 usque
1581 2019 1788 2075 tempus
1815 2005 2129 2074 prtedicetur
2148 2013 2201 2058 et

629 2115 938 2169 corum-tur,
968 2117 1066 2156 nec
1089 2108 1289 2153 tantmu
1316 2107 1522 2167 tempus
1543 2097 1659 2165 ejus
1688 2096 1994 2150 memoriam
2023 2095 2203 2148 immi-

631 2202 790 2256 nuat;
831 2200 885 2244 at
923 2191 1010 2260 qui
1038 2189 1231 2244 occidit
1280 2198 1332 2242 et
1363 2186 1660 2255 prtevaluit,
1696 2185 1854 2238 etiam
1879 2194 2003 2238 tunc
2040 2184 2202 2236 vitam

632 2295 801 2338 morte
853 2283 1149 2352 graviorem
1198 2278 1539 2340 sustinuerit,
1583 2285 1739 2346 atque
1767 2291 1831 2330 ex
1869 2291 1935 2330 eo
1966 2286 2202 2343 tempore

633 2389 798 2442 usque
825 2375 874 2425 io
908 2372 1219 2426 hodiernum
1262 2367 1566 2427 infametur.
1600 2377 1653 2420 et
1677 2365 1925 2418 omnibus
1951 2378 2201 2418 exsecra-

634 2462 762 2516 tioni
805 2463 1078 2524 habeatur,
1110 2475 1227 2513 cum
1271 2459 1360 2512 ille
1398 2457 1633 2526 quotidie
1664 2457 1902 2510 omnium
1927 2469 2020 2506 ore
2059 2452 2200 2507 cele-

635 2557 836 2609 bretur.
866 2554 930 2606 Et
971 2552 1084 2607 hac
1111 2551 1320 2620 quidem
1350 2551 1401 2602 in
1431 2548 1681 2616 pra‘senti
1707 2548 1810 2599 vita
1839 2560 1992 2612 τιμίω
2021 2554 2201 2598 autem

635 2643 688 2695 in
725 2641 900 2694 futuro
926 2641 1120 2695 saeculo
1151 2640 1477 2706 contingent,
1509 2637 1626 2704 quis
1657 2650 1853 2699 sermo,
1893 2649 2011 2703 qua:
2049 2646 2203 2688 mens

633 2747 884 2785 enarrare
916 2731 1132 2799 posset?
1157 2732 1230 2784 Ac
1258 2730 1372 2782 scio
1390 2727 1600 2796 quidem
1639 2743 1753 2789 vos,
1785 2737 1964 2794 utpote
1994 2724 2203 2777 intelle-

632 2830 719 2874 ctu
753 2821 1020 2889 praiditos,
1066 2821 1227 2872 multa
1257 2819 1380 2870 talia
1411 2819 1462 2870 in
1497 2815 1783 2885 Scriptnris
1822 2823 2073 2869 contenta
2117 2830 2208 2868 re-

636 2923 880 2978 perturos
923 2925 1060 2963 esse.
1113 2909 1240 2961 Nam
1289 2909 1389 2960 illm
1430 2909 1526 2961 hac
1556 2908 1622 2960 de
1668 2922 1826 2960 causa
1877 2908 1926 2960 in
1971 2915 2205 2959 nostram

635 2999 914 3051 utilitatem
964 3008 1086 3050 sunt
1127 2998 1357 3065 scripta,
1402 3005 1458 3049 ut
1488 2997 1598 3050 haec
1632 2995 1918 3060 discentes,
1947 2996 2203 3048 malitiam

635 3091 895 3159 fugiamus
927 3090 1274 3156 virtutemque
1303 3088 1557 3142 colamus.
1581 3085 1672 3140 Vis
1697 3097 1748 3140 et
1778 3086 1828 3140 in
1849 3084 1996 3139 Novo
2025 3086 2208 3142 Testa-

643 3190 822 3232 mento
866 3177 1090 3246 idipsum
1149 3177 1364 3230 videre?
1407 3177 1535 3229 Audi
1578 3175 1790 3230 beatum
1834 3176 2027 3231 Lucam
2071 3177 2208 3231 istud

640 3269 811 3337 ipsum
855 3267 921 3321 de
947 3267 1201 3334 apostolis
1225 3275 1549 3326 narrantem,
1581 3267 1670 3333 qui
1699 3265 1945 3334 tlagellati
1975 3283 2002 3320 a
2032 3268 2212 3321 conci-

641 3357 712 3410 lio
754 3357 1114 3410 discesserunt
1158 3355 1470 3423 gaudentes,
1510 3369 1575 3408 eo
1616 3355 1753 3423 quod
1799 3356 1941 3426 digni
1987 3355 2214 3412 bissent

639 3445 803 3500 habiti
846 3445 933 3515 qui
977 3459 1072 3512 pro
1116 3444 1329 3498 nomine
1371 3443 1568 3496 Christi
1621 3443 1820 3498 ferrent
1873 3447 2210 3514 ignominiam

641 3537 776 3606 (:lct.
801 3534 852 3588 5.
887 3536 996 3602 tl).
1020 3534 1252 3588 Tametsi
1284 3532 1487 3602 ﬂagella
1518 3549 1620 3587 non
1643 3535 1817 3602 gaudii
1844 3535 1948 3589 sint
1974 3539 2212 3592 occasio-

616 3641 758 3691 ‘nes,
798 3626 891 3679 sed
940 3625 1165 3678 tristitia:
1207 3632 1262 3677 et
1299 3624 1544 3676 maeroris
1575 3642 1587 3676 :
1621 3625 1964 3677 nihilominus
2009 3626 2210 3696 ﬂagella

644 3725 860 3785 promer
891 3714 1077 3775 Deum,
1106 3723 1160 3766 et
1178 3728 1333 3766 causa
1368 3725 1753 3782 propterquam
1786 3713 2209 3783 ﬂagellabantur,

644 3805 890 3875 gaudium
915 3804 993 3859 eis
1022 3804 1312 3872 pariebant.
1358 3806 1422 3856 At
1455 3805 1487 3862 ii
1517 3806 1604 3874 qui
1633 3805 1980 3872 ﬂagellorum,
2012 3810 2061 3861 in
2096 3824 2210 3863 ma-

643 3913 744 3966 gna
785 3895 946 3950 animi
975 3895 1406 3949 consternatione
1445 3905 1499 3948 ct
1545 3897 1872 3952 haesitatione
1904 3901 2214 3953 nesciebant

643 3990 770 4058 quid
810 3988 1062 4041 facerent.
1094 3985 1228 4038 Audi
1253 3986 1393 4037 enim
1422 3986 1561 4051 illos,
1592 3988 1859 4053 quomodo
1889 3999 2007 4058 post
2035 3989 2216 4057 ﬂagel-

648 4081 897 4132 lationem
939 4077 1115 4128 animo
1145 4075 1418 4137 lluctueut,
1460 4084 1514 4127 et
1553 4076 1771 4128 dicant:
1809 4077 1942 4142 Quid
1977 4080 2216 4149 faciemus

647 4167 929 4222 hominibus
959 4165 1064 4218 istis
1088 4162 1221 4233 (Act.
1256 4165 1304 4218 ι.
1343 4164 1468 4230 l6)?
1491 4165 1625 4230 Quid
1660 4166 1836 4219 dicis?
1867 4167 2214 4237 Flagellaslis,

651 4256 941 4311 innumeris
985 4254 1138 4306 malis
1184 4269 1274 4306 eos
1304 4253 1578 4319 allecistis,
1611 4266 1664 4308 et
1707 4257 1878 4310 adhuc
1923 4258 2216 4312 dubitatis?

645 4346 776 4400 ‘l‘am
818 4345 964 4397 fortis
1002 4343 1300 4410 invictaque
1334 4359 1417 4397 res
1445 4354 1526 4398 est
1551 4348 1731 4409 virtus,
1762 4359 1812 4401 et
1843 4349 1964 4402 dum
1998 4352 2214 4419 patitur,

649 4440 899 4494 lazdentes
925 4437 1106 4490 vincit.

723 4531 776 4584 ὅ.
817 4527 921 4584 Sed
963 4543 1031 4580 ne
1061 4526 1312 4596 prolixior
1349 4527 1417 4579 sit
1441 4543 1637 4590 sermo,
1669 4530 2025 4584 necessarium
2060 4530 2218 4586 fuerit

652 4631 711 4675 nt
729 4621 920 4674 iterum
951 4618 1016 4671 ad
1043 4617 1242 4686 jusmm
1272 4627 1508 4670 nostrum
1540 4619 1839 4685 redeamus,
1868 4633 1918 4675 ct
1955 4637 2073 4676 cum
2103 4635 2219 4677 stu-

649 4725 776 4781 pore
801 4710 1124 4763 admiremur
1149 4709 1286 4760 illius
1316 4707 1522 4760 virtutis
1553 4710 1930 4776 przestautiam,
1953 4719 2221 4780 quomodo

652 4817 846 4869 nempe
874 4799 1123 4868 populum
1165 4798 1447 4863 ridentem,
1478 4798 1857 4865 ludiﬁcantem,
1889 4803 2222 4858 subsannan-

653 4903 780 4955 tem,
813 4889 1174 4944 traducentem
1209 4888 1420 4959 (iterum
1444 4891 1585 4943 enim
1603 4891 1789 4944 eadem
1814 4891 1935 4946 dico
1960 4905 2014 4946 et
2041 4894 2221 4949 dicere

651 4994 756 5034 non
798 4977 1040 5044 cessabo)
1087 4977 1361 5044 despicere
1401 4984 1455 5030 et
1487 4993 1738 5046 superare
1783 4983 2030 5048 potuerit.
2077 4983 2222 5048 Quo-

658 5069 852 5123 modo?
896 5066 1008 5136 Ego
1038 5067 1231 5120 dicam.
1263 5067 1394 5131 Quia
1421 5069 1670 5120 continuo
1708 5069 1773 5123 ad
1801 5073 2012 5126 oculum
2051 5073 2218 5138 illum,

651 5160 742 5230 qui
770 5159 875 5212 falli
904 5159 1171 5226 sopirique
1198 5157 1397 5226 nequit,
1419 5169 1594 5211 mente
1620 5163 1872 5228 reapcxit,
1899 5173 2076 5230 postea
2107 5163 2223 5220 haec

654 5249 826 5303 omnia
854 5249 1004 5318 quasi
1029 5261 1133 5300 non
1156 5255 1334 5300 essent
1361 5246 1582 5300 curavit.
1613 5248 1673 5300 Et
1698 5252 1932 5318 proiecto
1948 5252 2024 5306 sic
2052 5268 2109 5309 se
2137 5269 2224 5308 res

658 5341 835 5405 habet,
861 5349 916 5392 ut
939 5353 1059 5392 cum
1081 5338 1199 5406 quis
1225 5337 1324 5390 hoc
1342 5353 1522 5391 amore
1546 5340 1756 5394 saucius
1777 5350 1876 5406 est,
1903 5351 1956 5396 et
1983 5343 2032 5396 in
2059 5344 2224 5399 Deum

656 5431 922 5487 desiderio
943 5445 1042 5486 suo
1071 5429 1252 5493 tendit,
1286 5429 1414 5483 nihil
1443 5430 1724 5487 visibilium
1751 5433 1954 5497 videat;
1983 5436 2072 5488 sed
2107 5449 2221 5504 per-

659 5533 815 5590 petuo
843 5535 962 5574 eum
1003 5534 1159 5587 quem
1191 5514 1456 5573 desiderat
1485 5523 1816 5590 imaginctut‘,
1847 5535 2000 5578 nocte
2025 5525 2225 5579 scilicet

655 5622 817 5681 atque
853 5611 960 5676 die,
993 5611 1191 5664 cubans
1220 5621 1274 5664 et
1315 5627 1556 5680 surgens.
1599 5612 1673 5667 Ne
1701 5612 1860 5683 igitur
1899 5617 2086 5669 mirum
2132 5615 2224 5670 tibi

655 5703 744 5762 sit,
793 5700 840 5752 si
875 5709 927 5754 et
951 5702 1122 5767 justus
1151 5702 1237 5754 ille
1273 5701 1438 5754 semel
1469 5718 1534 5755 eo
1565 5703 1733 5756 solum
1772 5705 2076 5772 reSpit-iens,
2119 5722 2224 5760 non

656 5791 868 5844 curavit
911 5799 1007 5838 cos
1027 5782 1117 5854 qui
1147 5787 1488 5854 supplantare
1521 5793 1689 5864 ipsum
1717 5798 2064 5851 conabantur.
2091 5798 2220 5855 Nam

1306 461 1366 517 s.
1405 453 1682 517 JOANNIS
1715 443 2191 509 cnnrsos'tom
2229 442 2548 504 ARCIIIEP.
2587 408 3123 500 cousuurmor.

3758 433 3867 494 ξω

2293 556 2533 612 exhibito
2563 556 2743 612 studio
2768 569 2888 621 suo,
2919 562 2974 609 et
3007 551 3246 607 divinam
3289 547 3512 620 gratia
3553 556 3761 612 nactus,
3788 545 3874 602 bis

2293 646 2542 702 omnibus
2565 643 2809 714 superior
2836 651 2969 698 erat.
3003 639 3115 695 Noe
3134 641 3301 705 enim,
3329 637 3518 708 inquit,
3543 637 3730 691 inversis
3755 651 3870 707 gn-

2296 735 2416 791 tiaot
2440 753 2610 790 coram
2637 735 2855 789 Domino
2880 733 3010 788 Deo.
3043 731 3275 786 Tametsi
3296 729 3443 784 omni
3473 729 3750 784 hominum
3778 741 3869 798 ge.

2297 827 2431 891 neri,
2457 827 2600 897 quod
2631 835 2755 880 tunc
2793 823 2930 889 erat,
2975 837 3081 877 non
3110 829 3254 876 esset
3288 830 3496 890 gratus,
3523 834 3698 888 neque
3725 833 3874 872 ania-

2299 915 2440 980 bilis,
2471 931 2538 970 eo
2569 914 2709 984 quod
2737 913 2952 968 nolebat
2987 912 3230 966 eamdem
3260 911 3506 965 incedere
3533 909 3695 976 viam,
3716 923 3876 980 quam

2300 1004 2371 1058 illi
2403 1022 2416 1057 :
2445 1003 2583 1075 apud
2623 1019 2743 1060 eum
2789 1013 2965 1058 tamen
3020 1003 3110 1071 qui
3153 999 3314 1054 corda
3365 1008 3632 1053 seruentur
3678 998 3880 1052 invenit

2298 1097 2548 1168 gratiam,
2581 1098 2669 1166 qui
2713 1107 2767 1150 et
2808 1096 2950 1150 illius
2992 1103 3225 1148 mentem
3273 1092 3604 1162 approbavit.
3659 1091 3723 1145 Et
3751 1089 3878 1160 quid

2297 1187 2501 1250 damni,
2528 1187 2636 1253 die,
2673 1186 2966 1252 oriebatur,
2989 1185 3131 1254 quod
3175 1200 3204 1238 a
3231 1182 3620 1252 congenerihns
3650 1180 3872 1234 subsan-

2299 1288 2517 1332 naretur
2541 1287 2596 1332 et
2639 1277 2952 1331 irrideretur
2980 1293 2994 1327 :
3023 1290 3142 1329 cum
3176 1275 3222 1330 is
3262 1277 3351 1344 qui
3392 1273 3548 1327 (luxit
3577 1283 3738 1326 corna
3785 1284 3881 1324 no-

2299 1375 2432 1433 stra,
2486 1375 2542 1420 et
2591 1365 2838 1435 intelligit
2882 1364 3060 1419 omnia
3106 1379 3267 1432 opera
3315 1371 3520 1425 nostra,
3566 1359 3886 1430 praedicaret

2302 1459 2449 1514 illum
2485 1467 2538 1513 et
2566 1458 2887 1513 coronaret?
2913 1467 2966 1512 et
2993 1472 3111 1527 qua:
3137 1457 3338 1510 utilitas
3367 1454 3592 1519 homini,
3622 1452 3668 1506 si
3708 1453 3881 1520 ipsum

2303 1556 2445 1602 totus
2486 1547 2636 1601 orbis
2689 1547 2984 1601 admiretur
3031 1553 3088 1600 et
3130 1544 3341 1608 laudet;
3389 1541 3649 1597 Conditor
3700 1549 3880 1594 autem

2301 1641 2563 1703 omnium,
2597 1650 2650 1691 et
2676 1637 2846 1692 Judex
2891 1637 2979 1705 qui
3006 1636 3176 1704 decipi
3208 1634 3416 1703 nequit,
3444 1634 3495 1686 in
3527 1631 3614 1685 die
3642 1631 3737 1685 illo
3773 1641 3883 1684 ter-

2305 1728 2440 1782 ribili
2485 1727 2938 1782 condemnaturus
2982 1725 3084 1779 sit?
3125 1725 3325 1794 Itaque,
3357 1723 3552 1784 dilecti.
3604 1736 3725 1776 cum
3771 1720 3888 1774 tunc

2305 1819 2456 1873 nobis
2499 1827 2772 1887 comperta
2816 1817 2946 1883 sint,
2973 1816 3172 1869 nullius
3203 1814 3352 1884 pensi
3381 1812 3676 1867 habeamus
3706 1813 3885 1864 homi-

2307 1925 2430 1964 num
2477 1909 2711 1974 laudem,
2744 1923 2920 1977 neque
2947 1908 3013 1962 ab
3059 1908 3164 1961 illis
3189 1907 3450 1960 celebrari
3486 1905 3677 1975 quovis
3725 1903 3888 1957 modo

2305 2014 2644 2068 quaeramus:
2673 1999 2767 2052 sed
2813 2011 3031 2070 propter
3070 1999 3216 2052 illum
3266 1999 3437 2050 solum
3481 1997 3569 2066 qui
3617 2004 3890 2050 scrutatur

2305 2090 2465 2161 corda
2518 2099 2570 2143 et
2608 2105 2788 2158 renes,
2830 2089 3040 2143 virtutis
3069 2092 3230 2157 Opera
3271 2088 3545 2150 faciamus,
3587 2096 3640 2142 et
3669 2095 3904 2154 peccata.

2307 2179 2586 2249 fugiamus.

2376 2268 2606 2322 Laudari
2649 2267 2965 2324 Christianas
3006 2269 3070 2321 ab
3095 2266 3324 2321 omnibus
3375 2267 3559 2334 nequit.
3587 2295 3658 2305 —
3689 2263 3896 2331 Quanto

2305 2362 2488 2415 obrem
2523 2360 2766 2416 Christus
2790 2360 3040 2414 erudiens
3078 2374 3176 2414 nos
3200 2369 3256 2412 ut
3286 2373 3352 2412 ne
3400 2357 3677 2426 captandis
3709 2356 3892 2410 homi-

2309 2471 2434 2508 num
2479 2454 2723 2508 laudibus
2755 2454 3041 2514 inliicmus,
3088 2462 3208 2521 post
3252 2451 3416 2504 multa
3446 2449 3546 2502 alia
3591 2449 3806 2503 tandem
3838 2456 3892 2502 et

2310 2546 2409 2599 hoc
2450 2545 2645 2606 intulit,
2692 2545 2873 2596 dicens
2908 2563 2921 2594 :
2957 2541 3044 2594 Va:
3091 2543 3245 2604 robis,
3295 2543 3496 2604 quando
3547 2540 3893 2593 benedixeriut

2308 2637 2440 2708 voltis
2468 2651 2634 2688 omnes
2666 2636 2888 2686 homines
2910 2634 3054 2704 (Luc.
3082 2633 3133 2686 6.
3161 2633 3273 2700 9.6).
3305 2630 3591 2686 Considera
3624 2629 3896 2698 quomodo

2310 2743 2404 2795 per
2440 2725 2525 2778 l'a:
2549 2725 2703 2779 nobis
2729 2724 2962 2778 declarat
2993 2723 3284 2791 quotuplex
3316 2723 3434 2774 illos
3465 2735 3620 2790 pana
3654 2728 3894 2773 maneat.

2317 2815 2404 2869 Va:
2429 2817 2572 2870 enim
2602 2815 2822 2870 lamenti
2866 2815 3106 2868 nuntium
3156 2816 3375 2867 verbum
3420 2822 3541 2869 est:
3573 2812 3711 2867 unde
3740 2812 3896 2880 quasi

2312 2908 2535 2963 miseros
2581 2923 2673 2962 eos
2715 2921 2911 2962 vocans
2934 2948 2946 2968 ,
2991 2907 3117 2960 dicit
3149 2923 3164 2958 :
3198 2905 3285 2959 Va:
3327 2905 3482 2970 vobis,
3513 2904 3714 2972 quando
3746 2903 3896 2957 bene-

2311 3002 2528 3054 dixeriut
2554 3001 2689 3053 vobis
2719 3016 2888 3053 omnes
2927 2999 3168 3051 homines.
3200 2999 3262 3050 lit
3299 2997 3415 3050 vide
3441 3011 3598 3064 quam
3629 3006 3785 3050 caute
3811 2995 3897 3048 di-

2311 3100 2474 3162 ctum,
2503 3089 2618 3144 Non
2647 3089 2955 3158 simpliciter
2977 3087 3129 3153 dixit,
3149 3087 3415 3151 homines,
3435 3085 3550 3150 sed,
3581 3083 3766 3138 Omnes
3793 3086 3893 3136 Ito-

2313 3185 2489 3236 mines.
2522 3181 2852 3249 Impossibile
2893 3180 3034 3233 enim
3068 3189 3170 3243 est,
3218 3189 3274 3233 ut
3316 3179 3398 3231 vir
3436 3177 3633 3246 probus
3668 3176 3756 3243 qui
3801 3191 3901 3244 per

2315 3280 2590 3342 angustam
2619 3279 2674 3324 et
2695 3278 2894 3323 arctam
2925 3267 3136 3322 virtutis
3180 3267 3321 3320 viam
3358 3265 3611 3327 ambulat,
3642 3273 3696 3320 et
3738 3278 3903 3318 matt-

2315 3363 2437 3418 data
2467 3361 2706 3430 sequitur
2733 3360 2949 3420 Christi.
2981 3359 3047 3411 ab
3071 3357 3318 3412 omnibus
3345 3355 3611 3420 laudetur,
3641 3363 3695 3408 et
3719 3354 3899 3408 admi-

2315 3453 2504 3508 rationi
2535 3452 2808 3507 habeatur.
2840 3452 2930 3504 Est
2956 3451 3099 3504 enim
3129 3458 3183 3502 et
3209 3449 3296 3502 illa
3321 3449 3506 3517 ingens
3532 3447 3753 3511 malitia,
3784 3448 3896 3500 vir-

2317 3544 2413 3597 tuti
2441 3543 2730 3598 adversari.
2755 3542 2982 3597 Proinde
3005 3541 3256 3595 Dominus
3278 3544 3453 3594 sciens
3477 3555 3580 3593 non
3603 3553 3761 3608 posse
3779 3539 3895 3594 ﬁeri

2316 3644 2373 3687 ut
2400 3633 2444 3686 is
2470 3633 2560 3702 qui
2577 3634 2818 3686 virtutem
2848 3633 3126 3700 diligenter
3142 3639 3377 3694 exercet,
3400 3628 3536 3684 etab
3557 3630 3672 3697 ipso
3692 3636 3895 3683 tantum

2317 3725 2524 3779 laudem
2544 3734 2601 3778 ut
2617 3725 2839 3793 accipiat
2859 3722 3213 3790 praestolatur,
3237 3722 3302 3773 ab
3327 3719 3572 3775 omnibus
3595 3720 3897 3775 hominibus

2319 3813 2579 3879 laudetur,
2610 3823 2663 3867 et
2692 3815 2828 3868 bene
2856 3813 3054 3875 audiat,
3097 3811 3215 3864 ideo
3253 3812 3477 3864 miseros
3505 3819 3661 3864 vocat
3687 3823 3784 3864 eos
3807 3811 3894 3880 qui

2319 3915 2532 3976 propter
2577 3904 2860 3958 humanam
2913 3903 3118 3957 laudent
3149 3903 3397 3955 virtutem
3442 3903 3730 3972 negligunt.
3765 3901 3893 3960 Nam

2317 3997 2574 4052 celebrari
2607 3995 2673 4048 ab
2700 3995 2961 4057 omnibus,
2995 3994 3280 4047 maximum
3327 3993 3485 4048 fuerit
3525 4003 3892 4062 argumentum

2320 4103 2422 4139 non
2444 4101 2684 4155 magnam
2708 4085 2888 4139 haberi
2913 4085 3117 4139 virtutis
3143 4086 3423 4140 rationem.
3447 4083 3726 4152 Quomodo
3753 4085 3893 4139 enim

2319 4178 2385 4231 ab
2411 4177 2660 4230 omnibus
2685 4175 2896 4245 probari
2930 4175 3125 4244 poterit
3148 4176 3226 4228 vir
3253 4175 3445 4240 bonus,
3475 4175 3519 4229 si
3559 4175 3669 4228 vult
3705 4175 3892 4243 injuria

2318 4267 2536 4320 allectos
2565 4266 2772 4333 eripere
2793 4265 2860 4317 ab
2885 4265 2948 4318 iis
2972 4267 3058 4332 qui
3087 4265 3274 4332 injuria
3304 4264 3558 4330 al‘liciunt,
3585 4275 3638 4318 et
3669 4280 3765 4319 eos
3803 4266 3890 4335 qui

2323 4367 2598 4416 vexantur,
2632 4354 2698 4408 ab
2723 4355 2787 4407 iis
2813 4355 2900 4423 qui
2933 4354 3066 4406 male
3103 4352 3339 4407 iaciunt?
3379 4355 3445 4408 Et
3485 4355 3674 4410 iterum
3715 4356 3760 4408 si
3790 4356 3896 4409 volt

2321 4448 2588 4514 corrigere
2616 4453 2914 4514 peccantes,
2941 4454 2995 4498 et
3021 4445 3237 4501 laudare
3263 4447 3398 4501 bene
3434 4457 3673 4517 agentes,
3721 4464 3898 4504 nonne

2321 4536 2608 4590 verisimile
2641 4544 2741 4600 est,
2770 4550 2889 4588 eum
2931 4532 3000 4588 ab
3027 4535 3144 4590 aliis
3188 4535 3531 4605 laudandum,
3566 4537 3637 4592 ab
3675 4539 3795 4594 aliis
3823 4540 3899 4594 vi-

2320 4629 2680 4700 tuperandum
2705 4628 2849 4680 esse?
2868 4627 3152 4694 Propterea
3177 4633 3368 4693 inquit:
3392 4626 3476 4676 Vae
3497 4625 3659 4687 vobis,
3680 4621 3892 4691 quando

2316 4723 2458 4775 vobis
2482 4717 2833 4771 benedixrrint
2847 4730 3024 4768 omnes
3039 4713 3291 4765 homines.
3309 4713 3594 4776 Quomodo
3607 4713 3769 4780 igitur
3783 4728 3889 4766 non

2319 4813 2420 4866 erit
2451 4810 2808 4863 admiratione
2841 4819 2895 4862 et
2927 4807 3086 4860 laude
3113 4805 3310 4874 dignus
3339 4805 3519 4873 justus
3545 4803 3666 4866 iste,
3712 4803 3804 4870 qui
3828 4819 3888 4856 ea

2321 4918 2441 4973 quae
2459 4903 2710 4956 Christus
2736 4899 3033 4953 adveniens
3058 4894 3263 4958 docuit,
3293 4895 3446 4962 prius
3471 4893 3583 4961 ipse
3607 4907 3638 4946 a
3659 4893 3775 4962 lege
3795 4908 3893 4944 na-

2323 5001 2458 5046 turae
2475 4993 2720 5054 edoctus,
2743 4989 3080 5042 deditissitna
3106 5001 3266 5055 opera
3292 4985 3628 5053 adimplevit,
3653 4983 3894 5038 laudem-

2322 5098 2428 5152 que
2451 5081 2745 5136 bumanam
2766 5077 3423 5145 contemnendo,gratiam
3449 5074 3592 5145 apud
3607 5074 3776 5127 Deum
3802 5087 3896 5142 per

2323 5173 2578 5228 virtutem
2608 5170 2851 5225 invenire
2883 5168 3126 5223 studuit?
3153 5165 3268 5221 Noe
3288 5166 3456 5234 enim,
3483 5167 3680 5236 inquit,
3703 5165 3897 5220 invenit

2326 5267 2552 5336 gratiam
2573 5280 2752 5318 coram
2781 5262 3000 5315 Domino
3025 5259 3150 5314 Deo.
3181 5259 3446 5316 Ceterum
3471 5259 3649 5328 ipsum
3681 5267 3901 5328 propter

2327 5361 2554 5413 virtutes
2583 5371 2721 5428 quas
2761 5353 2992 5408 habebat
3029 5351 3302 5407 invenisse
3326 5351 3558 5421 gratiam
3586 5363 3774 5404 coram
3795 5348 3901 5403 Do-

2329 5452 2476 5504 mino
2519 5448 2650 5512 Deo,
2683 5445 2924 5521 narravit
2959 5443 3116 5497 nobis
3144 5441 3488 5496 admirabilis
3518 5440 3610 5494 ille
3636 5440 3900 5509 propheta

2329 5541 2532 5610 Spiritu
2561 5549 2750 5591 sancto
2777 5536 2989 5590 adlatus
3025 5551 3038 5586 :
3072 5548 3247 5602 opene
3279 5533 3511 5603 pretium
3549 5531 3732 5600 itaque
3765 5537 3824 5582 ut
3845 5537 3902 5584 et

2330 5632 2608 5702 sequentia
2638 5631 2936 5692 discamus,
2961 5634 3016 5680 et
3041 5625 3320 5680 videamus
3343 5623 3473 5694 quid
3499 5622 3566 5676 de
3590 5621 3683 5674 illo
3705 5618 3902 5674 sentiat

2333 5725 2494 5779 Deus.
2529 5724 2583 5778 9.
2627 5721 2724 5776 "re
2746 5731 2941 5783 autem,
2969 5719 3165 5789 inquit,
3196 5730 3316 5772 sunt
3340 5715 3700 5786 generationes
3739 5711 3850 5765 Noe
3884 5726 3902 5763 :

2338 5817 2448 5871 Nor
2476 5818 2626 5870 [tumo
2655 5815 2844 5872 iustus.
2875 5811 3137 5881 perfectus
3176 5811 3227 5864 in
3268 5812 3598 5880 generatione
3625 5821 3722 5860 sua
3747 5820 3766 5866 λ
3803 5802 3901 5856 [διδ
