4152 6498
320 416 420 472 ειοι

319 529 510 592 placuit
538 525 672 580 Noe.
705 526 875 580 Rarus
899 532 952 576 ct
979 534 1152 575 novus
1180 517 1505 590 genealogim
1534 512 1748 570 modus.
1777 511 1908 568 Nam

317 630 376 672 ut
407 617 587 674 divina
613 619 884 688 Scriptura
910 614 1062 674 dixit,
1097 610 1195 667 lltz
1220 620 1338 665 sunt
1376 609 1721 679 generationes
1751 605 1866 660 Noe
1892 620 1910 659 :

312 721 371 765 et
399 726 558 765 aures
601 719 814 765 nostras
857 703 1127 767 excitavit,
1180 703 1326 770 quasi
1371 699 1736 769 genealogiam
1766 697 1910 751 illius

313 811 615 864 narratura,
647 809 701 852 et
729 799 846 868 quis
885 797 1002 864 ejus
1041 806 1193 864 pater
1239 791 1417 852 fuerit,
1459 799 1513 844 et
1556 789 1699 843 unde
1741 801 1909 856 genus

312 893 546 957 duxerit,
576 902 630 946 et
655 889 926 960 quomodo
959 889 1009 941 in
1045 888 1181 940 hanc
1225 886 1384 936 vitam
1433 883 1589 937 fuerit
1617 881 1812 944 editus,
1855 887 1909 932 et

308 986 411 1039 alia
441 994 632 1038 cuneta
661 998 782 1053 quin
808 995 923 1035 mos
949 991 1031 1034 est
1066 978 1407 1048 genealogias
1435 975 1774 1030 narrantibus
1814 987 1904 1026 re-

309 1090 534 1129 censere
559 1091 574 1129 τ
601 1074 799 1128 relictis
828 1083 1002 1125 tamen
1027 1071 1128 1124 illis
1149 1069 1418 1132 omnibus,
1446 1075 1500 1121 et
1519 1066 1744 1118 aliorum
1770 1077 1904 1117 ροη-

306 1163 591 1219 suetudine
635 1163 904 1232 superior,
946 1161 1123 1229 inquit
1153 1177 1165 1211 :
1202 1157 1320 1211 Noe
1359 1158 1506 1235 homo
1527 1157 1702 1224 justus
1728 1170 1746 1207 :
1786 1169 1904 1222 per-

305 1260 470 1324 fectus
507 1256 560 1308 in
603 1254 923 1324 generatione
950 1269 1043 1305 sua
1088 1266 1106 1303 :
1153 1250 1258 1302 Deo
1300 1249 1489 1318 placuit
1529 1245 1662 1300 Noe.
1714 1244 1899 1299 Vidisti

303 1345 676 1400 admirabilem
705 1343 1113 1413 genealogiam?
1144 1340 1276 1403 Noe,
1322 1340 1510 1407 inquit,
1555 1338 1723 1390 homo.
1772 1335 1900 1390 \‘idc

299 1435 464 1490 etiam
495 1432 697 1489 nattlra:
723 1449 1006 1488 commune
1035 1449 1228 1486 nomen
1263 1447 1356 1500 pro
1384 1429 1541 1482 laude
1580 1427 1708 1489 justi
1737 1442 1898 1481 usur-

305 1537 507 1597 patum.
543 1527 673 1581 Nam
699 1526 822 1595 quia
845 1525 1024 1579 caeteri
1054 1525 1122 1578 ob
1145 1524 1389 1577 carnales
1427 1522 1750 1588 voluptates,
1781 1521 1895 1587 qui-

298 1616 403 1673 bus
431 1616 668 1672 immersi
699 1624 870 1678 erant,
901 1615 1194 1668 amiserant
1218 1626 1340 1667 esse
1366 1610 1610 1663 homines
1639 1627 1651 1662 :
1683 1610 1800 1673 iste,
1829 1611 1897 1660 in-

299 1710 438 1777 quit,
483 1708 534 1762 in
583 1714 729 1760 tanto
779 1705 976 1774 populo
1024 1702 1257 1756 hominis
1305 1703 1588 1769 imaginem
1643 1702 1892 1752 servavit.

299 1797 452 1852 Tunc
477 1798 673 1867 quippe
701 1795 862 1848 homo
886 1804 988 1857 est,
1014 1793 1229 1863 quando
1254 1794 1504 1846 virtutem
1533 1791 1679 1845 colit.
1715 1789 1896 1858 Neque

297 1890 445 1946 enim
473 1887 704 1958 speciem
731 1886 928 1941 habere
954 1885 1205 1950 hominis,
1232 1894 1284 1939 et
1305 1885 1513 1946 oculos,
1545 1891 1599 1936 et
1625 1897 1804 1944 nares,
1841 1891 1896 1935 et

296 1996 382 2043 os,
413 1992 467 2035 et
489 1995 672 2050 genas,
699 1992 753 2034 et
787 1991 982 2035 caetera
1012 1977 1272 2039 membra,
1315 1977 1417 2029 hoc
1462 1975 1731 2029 hominem
1774 1989 1894 2027 esse

296 2073 532 2126 ostendit
573 2091 586 2126 :
621 2073 736 2127 haec
776 2074 921 2128 enim
967 2071 1204 2125 membra
1243 2079 1368 2122 sunt
1405 2069 1668 2137 corporis.
1712 2066 1891 2120 llomi-

297 2181 420 2219 nem
463 2166 609 2218 illum
651 2165 901 2228 dicimus,
942 2165 1033 2234 qui
1079 2162 1362 2232 imaginem
1410 2160 1644 2214 hominis
1690 2159 1888 2212 salvam

295 2259 510 2312 retinet.
550 2257 679 2325 Quae
706 2267 882 2311 autem
915 2265 996 2310 est
1024 2257 1199 2323 imago
1242 2252 1512 2305 hominis?
1549 2251 1884 2306 Rationalem

292 2367 432 2406 esse.
464 2351 600 2417 Quid
639 2349 804 2421 ergo?
841 2363 1021 2403 annon
1071 2357 1125 2402 et
1169 2346 1244 2400 illi
1296 2343 1512 2399 fuerunt
1558 2342 1885 2397 rationales?

293 2443 490 2497 Verum
537 2459 640 2497 non
689 2442 791 2496 hoc
820 2442 994 2494 solum
1029 2439 1185 2493 fuerit
1215 2438 1483 2491 hominem
1527 2450 1666 2498 esse,
1699 2433 1791 2488 sed
1833 2443 1887 2487 et

290 2534 574 2588 virtutibus
601 2547 719 2587 esse
743 2531 1001 2597 deditum,
1033 2541 1088 2584 et
1113 2531 1235 2583 vitia
1268 2529 1470 2598 lugere,
1502 2537 1555 2579 et
1583 2526 1783 2582 illicitis
1809 2525 1889 2578 al-

289 2624 608 2679 l‘ccuonibus
653 2625 938 2694 imperare,
979 2632 1035 2678 et
1075 2621 1338 2676 mandatis
1363 2620 1648 2675 dominicis
1673 2619 1885 2674 obtem-

289 2731 498 2784 perare,
535 2717 634 2768 hoc
663 2723 746 2770 est
774 2729 895 2769 esse
923 2713 1220 2768 hominem.

355 2809 409 2860 4.
461 2806 726 2875 Improbos
777 2821 878 2858 non
923 2804 1148 2857 homines
1199 2801 1422 2871 appellat
1476 2799 1766 2869 Scriptura.
1813 2829 1881 2838 —

286 2897 453 2951 Porro
483 2907 538 2951 ut
563 2897 737 2950 discas
770 2911 972 2949 morem
1004 2910 1123 2948 esse
1152 2891 1482 2962 Scripturae,
1510 2903 1566 2945 ut
1597 2892 1738 2944 vitiis
1764 2901 1877 2943 stu-

283 2987 474 3041 dentes
535 2996 591 3040 et
658 2987 905 3040 virtutem
954 2985 1282 3054 negligentes
1339 2984 1610 3038 hominum
1665 2983 1881 3037 nomine

282 3091 474 3130 vocare
512 3093 614 3129 non
661 3077 943 3144 dignetur,
976 3075 1098 3128 audi
1148 3075 1310 3128 Deum
1359 3074 1696 3140 loquentem,
1740 3074 1878 3126 sicut

287 3167 401 3221 heri
458 3165 816 3219 dicebamus:
852 3163 974 3217 Non
1021 3164 1327 3232 permanebit
1376 3161 1601 3226 Spiritus
1646 3178 1784 3214 meus
1824 3163 1876 3214 in

277 3257 567 3311 [conﬁnibus
614 3257 722 3310 istis
739 3298 754 3320 ,
785 3273 842 3310 eo
881 3255 1018 3324 quod
1043 3255 1142 3323 ipsi
1165 3269 1342 3307 carnes
1370 3263 1485 3306 sunt
1512 3253 1530 3323 (
1545 3250 1674 3306 Gen.
1696 3252 1748 3307 6.
1776 3252 1810 3307 ὅ

281 3348 392 3416 Ego
421 3346 585 3412 enim,
615 3347 797 3400 dicere
821 3345 951 3408 vult,
978 3345 1328 3398 substantiam
1355 3360 1418 3398 es
1442 3359 1602 3399 carne
1623 3353 1678 3398 et
1696 3345 1872 3398 anima

279 3439 382 3492 illis
424 3439 544 3492 dedi
579 3456 592 3492 :
636 3438 737 3507 ipsi
765 3447 944 3492 autem
985 3437 1136 3507 quasi
1180 3438 1292 3491 sola
1333 3451 1497 3492 carne
1523 3438 1870 3502 circumdati,

278 3532 347 3584 ita
375 3530 599 3584 virtutes
627 3529 788 3584 animi
818 3529 1090 3600 negligunt
1109 3569 1124 3594 ,
1153 3536 1208 3582 et
1235 3529 1401 3582 solam
1433 3543 1648 3582 carnem
1680 3528 1872 3582 deinde

275 3631 566 3677 sectantur.
615 3621 800 3676 Vidisti
845 3620 1115 3691 quomodo
1139 3619 1210 3675 ob
1250 3621 1501 3674 malitiam
1530 3636 1745 3675 carnem
1775 3636 1869 3675 eos

277 3723 433 3768 vocat
458 3723 512 3767 et
537 3729 642 3766 non
672 3711 966 3766 homines?
996 3711 1059 3766 Et
1091 3713 1304 3776 iterum,
1334 3721 1389 3764 ut
1417 3711 1592 3764 statim
1619 3711 1864 3776 audietis,

273 3814 468 3857 terram
494 3817 588 3857 eos
611 3804 852 3856 nominat
869 3803 1047 3857 divina
1069 3800 1365 3870 Scriptura,
1389 3816 1454 3855 eo
1475 3802 1614 3870 quod
1641 3803 1865 3854 terrenis

269 3893 675 3963 cogitationibus
715 3893 1100 3947 absumantur:
1131 3891 1262 3945 dicit
1283 3891 1423 3946 enim
1451 3908 1463 3944 :
1497 3892 1589 3946 ll.
1615 3889 1865 3961 Corrupla

269 3995 436 4038 autem
465 3968 575 4038 erat
601 3993 732 4038 terra
758 3999 930 4037 coram
956 3982 1083 4037 Deo.
1111 3981 1227 4037 Non
1251 3981 1320 4036 de
1345 3993 1485 4036 terra
1514 3982 1755 4035 sensibili
1788 3982 1866 4036 lo-

268 4077 486 4146 quitur,
533 4076 627 4132 sed
670 4075 1053 4131 inhabitatores
1096 4084 1293 4131 terram
1331 4085 1504 4128 vocat.
1540 4076 1659 4128 Alio
1685 4085 1860 4130 autem

269 4171 387 4224 loco
407 4185 579 4240 neque
601 4152 797 4224 terram
827 4184 1000 4240 neque
1028 4184 1244 4224 carnem
1270 4171 1506 4224 nominat
1533 4187 1544 4221 :
1567 4169 1662 4222 sed
1690 4185 1861 4237 neque

265 4265 508 4316 esse'eos
533 4272 681 4332 putat
711 4263 764 4317 in
795 4263 894 4317 hac
929 4263 1176 4332 praesenti
1207 4264 1310 4316 vita
1333 4303 1349 4328 ,
1386 4277 1456 4318 eo
1489 4262 1630 4332 quod
1662 4265 1860 4318 virtute

267 4337 512 4407 careant.
544 4353 680 4407 Audi
711 4352 855 4409 enim
883 4352 1195 4422 prophetam
1233 4353 1548 4407 clamantem
1592 4363 1645 4407 et
1677 4353 1859 4408 dicen-

266 4452 375 4496 tem
409 4441 460 4496 in
491 4441 666 4497 media
695 4438 1263 4513 Jerosolymitanornm
1295 4443 1574 4512 metrOpoli
1594 4483 1608 4506 ,
1666 4443 1752 4497 ubi
1783 4454 1858 4498 tot

270 4533 436 4588 millia
467 4533 691 4588 millium
719 4542 776 4589 et
803 4533 1087 4588 multitudo
1115 4534 1390 4588 innumera
1420 4551 1434 4588 :
1473 4532 1596 4586 Veni
1621 4573 1635 4597 ,
1682 4545 1725 4587 et
1756 4550 1856 4588 non

261 4635 367 4680 erat
393 4623 542 4679 homo
563 4641 581 4688 ;
609 4626 801 4689 vocavi,
825 4634 872 4678 et
898 4641 1000 4678 non
1018 4635 1127 4678 erat
1146 4626 1230 4694 qui
1254 4625 1452 4678 audiret
1470 4625 1621 4696 (lsai.
1647 4627 1735 4680 50.
1757 4627 1816 4698 2)
1840 4645 1852 4680 :

260 4728 367 4770 non
395 4715 517 4786 quia
539 4731 645 4770 non
670 4715 917 4779 aderant,
949 4715 1042 4770 sed
1072 4717 1192 4784 quia
1228 4725 1519 4783 praesentes
1547 4715 1712 4769 nihilo
1738 4732 1854 4771 me-

263 4805 424 4860 liores
450 4815 623 4870 erant,
653 4821 814 4876 quam
840 4805 888 4861 si
923 4820 1028 4860 non
1059 4804 1283 4859 fuissent
1309 4815 1622 4874 praesentes.
1655 4805 1720 4860 Et
1748 4807 1856 4861 alio

260 4910 474 4967 quoque
498 4896 616 4971 loco
645 4915 659 4950 :
696 4895 978 4950 Discurrite
997 4907 1045 4951 et
1065 4897 1244 4958 videte,
1277 4897 1322 4950 si
1347 4907 1417 4950 est
1436 4913 1565 4950 unus
1590 4897 1678 4966 qui
1701 4897 1856 4966 faciat

247 4975 510 5062 judicium
539 4999 586 5043 et
605 4991 893 5062 justitiam,
916 5001 962 5045 et
983 4991 1234 5060 propitius
1252 5006 1337 5044 ero
1358 4990 1501 5060 (ιη.
1531 4991 1584 5046 5.
1615 4992 1640 5045 ι
1667 4992 1706 5060 ).

336 5078 474 5134 Deus
499 5081 752 5135 hominem
776 5097 891 5135 eum
911 5082 1074 5136 solum
1098 5090 1242 5134 vocat
1261 5081 1346 5152 qui
1368 5082 1597 5135 virtutem
1618 5082 1753 5135 colit.
1783 5110 1854 5121 —

265 5170 452 5227 Vidisti
481 5173 749 5242 quomodo
778 5174 925 5226 illum
952 5173 1124 5227 solum
1151 5157 1433 5242 Scriptura
1467 5182 1648 5227 sancta
1681 5173 1851 5228 homi-

257 5270 382 5320 nem
413 5278 604 5319 vocare
633 5264 802 5331 solet,
830 5264 917 5333 qui
950 5265 1195 5320 virtutem
1227 5265 1356 5320 colit
1384 5283 1396 5317 :
1429 5274 1652 5321 caeteros
1673 5279 1850 5321 autem

260 5368 433 5424 neque
458 5369 578 5408 esse
603 5364 771 5423 putat,
803 5355 896 5409 sed
924 5355 1212 5424 aliquando
1241 5364 1396 5410 vocat
1419 5366 1639 5421 terram,
1669 5368 1721 5411 et
1753 5358 1848 5410 ali-

263 5444 478 5515 quando
519 5447 781 5500 carnem?
829 5446 939 5501 Hac
984 5445 1052 5502 de
1101 5460 1259 5500 causa
1314 5446 1676 5516 genealogiam
1723 5447 1849 5516 justi

263 5547 593 5592 narratitram
615 5553 673 5593 se
695 5538 1010 5608 promittens
1033 5539 1212 5593 divina
1240 5539 1512 5608 Scriptura
1543 5539 1670 5593 dicit
1699 5559 1710 5592 :
1739 5539 1851 5593 Noe

261 5627 408 5681 homo
438 5647 455 5681 :
487 5628 571 5682 hic
592 5629 734 5684 enim
757 5629 903 5685 solus
929 5630 1110 5695 homo,
1140 5631 1317 5684 exteri
1345 5638 1522 5684 autem
1555 5645 1658 5684 non
1684 5630 1850 5683 hami--

259 5732 358 5775 nes
377 5759 391 5782 ,
420 5720 512 5775 sed
543 5720 828 5776 humanam
856 5734 1101 5792 gerentes
1140 5722 1363 5777 formam
1390 5763 1406 5788 ,
1443 5732 1498 5778 et
1525 5738 1590 5778 ex
1620 5724 1848 5779 homini-

263 5809 360 5864 bus
389 5811 443 5866 in
467 5812 664 5870 bestias
692 5814 921 5883 mutati,
966 5814 1163 5870 malitia
1191 5815 1475 5871 voluntatis
1517 5816 1847 5873 nobilitatem

1301 403 1365 460 IN
1403 398 1555 460 CAP.
1604 397 1690 454 γι.
1721 395 1972 454 CENES.
2012 396 2244 457 IIUMIL.
2289 403 2478 460 XXIII.

2029 521 2233 567 natura:
2281 518 2593 572 amiserunt.
2641 519 2793 587 Quod
2826 520 2969 578 enim
2995 535 3115 578 cum
3150 523 3202 578 in
3231 525 3428 582 malum
3455 527 3623 584 decli-

2023 617 2154 660 nant
2183 607 2428 686 homines
2455 611 2772 677 rationales,
2812 623 2866 668 et
2895 615 3037 669 servi
3070 615 3202 671 fiunt
3230 617 3618 674 irrationalium

2017 687 2380 762 aﬂ’ectionum,
2410 699 2589 755 divina
2621 703 2894 773 Scriptura
2922 706 3161 775 imponat
3193 707 3298 763 illis
3319 707 3617 765 bestiarum

2015 787 2255 854 nomina,
2288 791 2408 845 audi
2439 803 2495 846 ut
2520 794 2748 862 quodam
2783 797 2899 851 loco
2917 796 3049 852 dicit
3079 814 3093 852 :
3131 796 3267 871 Equi
3309 803 3618 872 feminarum

2015 891 2266 934 amatores
2292 883 2416 951 facti
2444 896 2561 938 sunt
2595 885 2728 956 (Jer.
2766 887 2820 943 5.
2851 888 2926 955 8).
2961 888 3090 945 Vide
3119 893 3390 961 quomodo
3414 897 3486 948 ob
3513 894 3619 948 imo

2013 969 2276 1024 modicam
2313 973 2644 1030 salacitatem
2696 977 2834 1032 hanc
2880 980 3156 1036 brutorum
3185 986 3614 1054 cognominatio-

2013 1072 2134 1110 nem
2165 1059 2333 1115 indat.
2366 1063 2500 1116 Alibi
2532 1075 2709 1119 autem
2740 1085 2751 1120 :
2794 1065 3054 1122 Venenum
3081 1073 3318 1141 aspidum
3350 1075 3442 1128 sub
3462 1074 3618 1132 labiis

2011 1164 2180 1200 eorum
2208 1149 2380 1220 (Psal.
2413 1155 2498 1208 13.
2531 1155 2581 1218 5,
2616 1167 2660 1208 et
2690 1156 2813 1212 159.
2842 1158 2921 1226 4),
2955 1160 3042 1213 tibi
3073 1163 3188 1229 ejus
3218 1163 3404 1218 bestia!
3427 1166 3612 1222 dolum

2009 1251 2061 1293 et
2086 1239 2351 1298 fallaciam
2384 1245 2580 1301 imitari
2615 1263 2708 1303 eos
2742 1251 2960 1305 indicat.
2988 1252 3162 1308 Canes
3192 1271 3404 1326 quoque
3433 1272 3612 1314 mutos

2007 1330 2143 1384 alios
2165 1344 2318 1388 vocat
2341 1333 2494 1404 (Isai.
2527 1339 2616 1392 56.
2652 1341 2730 1407 l).
2757 1341 2821 1394 Et
2851 1343 3042 1396 iterum
3065 1345 3214 1411 dicit,
3244 1347 3392 1402 Sicut
3418 1351 3613 1420 aspidis

2005 1424 2177 1476 surda
2208 1437 2253 1479 et
2283 1427 2566 1483 obturantis
2592 1448 2740 1485 aures
2761 1451 2880 1487 suas
2908 1434 3079 1506 (Psal.
3113 1437 3200 1492 57.
3226 1439 3304 1509 5),
3337 1441 3455 1495 illos
3480 1444 3611 1498 sub-

2006 1515 2246 1571 indicans
2272 1521 2359 1588 qui
2390 1537 2544 1577 aures
2565 1524 2632 1578 ad
2661 1525 2958 1580 doctrinam
2990 1529 3204 1584 virtutis
3240 1533 3514 1589 obturant.
3543 1536 3610 1590 Et

2004 1607 2168 1660 multa
2214 1610 2313 1662 alia
2358 1615 2478 1680 quis
2521 1616 2736 1669 nomina
2790 1606 3029 1674 inveriiet
3068 1619 3315 1690 imposita
3359 1638 3388 1676 a
3429 1623 3609 1680 divina

2001 1697 2272 1767 Scriptura
2327 1701 2394 1755 iis
2427 1704 2514 1772 qui
2547 1705 2598 1758 in
2628 1706 2905 1762 brutorum
2935 1709 3159 1766 allectus
3200 1728 3294 1782 per
3338 1713 3604 1784 ignaviam

2004 1797 2296 1844 transeunt.
2332 1792 2515 1864 Neque
2555 1797 2606 1850 in
2646 1799 2813 1853 veteri
2855 1800 3028 1855 solum
3061 1802 3202 1858 istud
3235 1805 3416 1862 videre
3439 1807 3604 1876 licet,

2000 1880 2092 1933 sed
2121 1883 2252 1935 etin
2281 1899 2415 1937 nova
2458 1886 2594 1955 lege.
2638 1889 2774 1943 Audi
2819 1891 2961 1944 enim
2999 1892 3292 1962 Baptistam
3333 1891 3600 1954 dicentem

1997 1967 2244 2026 Iudaeis:
2291 1975 2566 2051 Progenies
2607 1981 2913 2047 viperarum,
2961 1985 3072 2051 quis
3116 1986 3254 2039 vobis
3305 1991 3605 2044 monstravit

1999 2065 2174 2130 fugere
2201 2083 2231 2116 α
2258 2043 2463 2118 ventura
2490 2069 2567 2120 ira
2609 2043 2825 2138 (illan/1.
2860 2043 2911 2126 5.
2943 2043 3054 2143 7’)ἳ
3099 2075 3286 2130 Vidisti
3327 2081 3602 2145 quomodo

1998 2162 2048 2206 et
2078 2155 2161 2207 hic
2190 2155 2370 2211 dolum
2404 2161 2598 2214 mentis
2627 2163 2838 2217 illorum
2875 2166 3059 2220 bestia:
3085 2169 3303 2223 nomine
3329 2171 3603 2242 signitica-

1998 2246 2109 2298 \il?
2134 2248 2270 2313 Quid
2294 2265 2422 2320 ergo
2448 2253 2809 2309 miserabilius
2837 2256 2994 2312 fuerit
3018 2263 3404 2328 peccatoribus,
3433 2264 3521 2334 qui
3546 2274 3602 2322 es

1996 2337 2112 2406 ipso
2143 2339 2375 2396 hominis
2405 2345 2621 2402 nomine
2651 2348 2947 2416 privamur,
2973 2361 3028 2404 et
3056 2361 3274 2421 propter
3299 2353 3402 2408 hoc
3427 2356 3598 2426 majo-

1994 2432 2140 2486 ribus
2171 2435 2341 2502 pmnis
2366 2437 2508 2506 digni
2541 2448 2695 2504 sunt;
2727 2441 2869 2509 quod
2916 2453 3035 2510 post
3077 2456 3325 2514 acceptas
3345 2461 3375 2500 a
3404 2457 3592 2508 natura

1992 2522 2250 2590 plurimas
2271 2527 2580 2580 occasiones
2607 2529 2672 2582 ad
2705 2528 3144 2586 benefaciendum
3167 2545 3469 2603 monentes,
3497 2537 3597 2592 de-

1990 2623 2130 2667 serta
2166 2629 2230 2668 ac
2262 2613 2468 2684 prodita
2496 2617 2700 2672 virtute
2736 2620 2875 2673 ultro
2918 2621 2985 2676 ad
3026 2623 3152 2678 vitia
3199 2623 3596 2695 transfugiant?

1987 2702 2250 2769 Quoniam
2280 2706 2440 2775 igitur
2462 2708 2550 2776 qui
2577 2718 2702 2762 tunc
2736 2718 2922 2774 erant,
2970 2726 3159 2767 omnes
3180 2728 3244 2768 ea
3273 2729 3331 2768 se
3358 2715 3593 2771 hominis

1987 2797 2344 2863 appellatione
2372 2798 2618 2867 indignos
2640 2802 2984 2869 prznstabant,
3008 2802 3184 2872 justus
3210 2814 3389 2860 autem
3420 2807 3509 2863 ille
3538 2809 3593 2864 in

1993 2894 2138 2939 tanta
2166 2887 2378 2942 virtutis
2405 2889 2684 2944 sterilitate
2708 2931 2723 2956 ,
2779 2899 2883 2944 tam
2921 2893 3204 2948 excellenti
3255 2896 3449 2951 virtute
3490 2900 3590 2954 llo-

1987 2981 2112 3043 ruit,
2145 2981 2265 3035 ideo
2290 2980 2560 3051 Scriptura
2590 2999 2711 3038 cum
2733 2986 2986 3054 cmpisset
3015 3001 3232 3042 narrare
3264 2990 3362 3042 viri
3391 3005 3592 3060 genea~

1985 3071 2178 3140 logiam
2205 3114 2220 3138 ,
2251 3075 2385 3128 dixit
2418 3093 2431 3129 :
2465 3075 2583 3130 Noe
2612 3087 2782 3130 autem
2811 3079 2980 3131 homo.
3021 3079 3115 3132 Est
3152 3089 3205 3132 et
3234 3082 3372 3136 alius
3408 3068 3589 3151 justus

1981 3161 2220 3228 quidam,
2245 3164 2328 3216 cui
2354 3164 2455 3218 hoc
2482 3179 2676 3220 nomen
2705 3181 2800 3234 pro
2826 3181 3038 3222 summo
3068 3171 3313 3224 encomio
3338 3174 3586 3244 contigit,

1980 3259 2037 3305 et
2061 3266 2170 3320 prie
2194 3254 2316 3306 aliis
2339 3256 2589 3309 omnibus
2638 3257 2739 3309 hoc
2782 3258 3000 3312 nomine
3031 3261 3384 3328 praedicatur,
3419 3274 3479 3318 ut
3506 3267 3588 3322 sic

1981 3342 2150 3396 virtus
2181 3343 2320 3397 illius
2349 3343 2635 3415 diligenter
2668 3356 2989 3415 exponatur.
3023 3350 3152 3417 Quis
3180 3351 3270 3406 ille
3293 3355 3418 3408 est?
3446 3356 3584 3412 Bea-

1980 3441 2063 3487 tus
2087 3433 2208 3496 Job,
2237 3435 2324 3488 ille
2354 3436 2493 3505 pugil
2523 3437 2754 3504 pietatis,
2786 3438 2985 3492 athleta
3017 3441 3182 3504 orbis,
3208 3441 3298 3511 qui
3323 3444 3467 3497 solus
3500 3446 3586 3499 in-

1975 3525 2231 3578 curabilia
2263 3526 2348 3578 illa
2377 3528 2661 3592 sustinuit,
2709 3537 2764 3582 et
2792 3533 3029 3598 acceptis
3058 3532 3355 3589 innumeris
3399 3551 3426 3586 a
3464 3536 3582 3588 dia-

1976 3614 2098 3669 bolo
2139 3616 2258 3670 telis
2287 3658 2302 3682 ,
2349 3618 2540 3671 vulnus
2592 3634 2698 3671 non
2721 3619 2928 3686 accepit
2976 3635 2990 3672 :
3037 3621 3132 3674 sed
3181 3622 3314 3676 sicut
3359 3623 3581 3682 adamas

1973 3706 2187 3775 quidam
2215 3723 2404 3762 omnes
2432 3710 2664 3778 impetus
2688 3711 2840 3767 terre,
2859 3711 3048 3779 potuit,
3077 3721 3131 3765 et
3157 3727 3187 3766 a
3215 3714 3375 3767 tantis
3403 3716 3580 3771 ﬂucti-

1972 3796 2073 3851 bus
2104 3813 2207 3851 non
2234 3798 2406 3852 solum
2437 3813 2542 3852 non
2570 3808 2652 3853 est
2676 3801 3026 3865 submersus,
3056 3803 3151 3856 sed
3177 3811 3233 3856 et
3259 3807 3536 3871 praevaluit
3559 3824 3578 3873 ;

1970 3897 2025 3942 et
2049 3889 2283 3958 acceptis
2323 3889 2372 3942 in
2419 3881 2615 3958 corpus
2646 3904 2801 3943 suum
2853 3893 3103 3945 omnibus
3141 3893 3231 3961 qui
3278 3895 3329 3947 in
3375 3894 3580 3952 mutulo

1970 3991 2126 4035 erant
2153 3981 2466 4045 doloribus,
2517 3981 2618 4035 hac
2667 3982 2878 4038 ratione
2917 3983 3088 4038 multo
3137 3985 3332 4039 clarior
3381 3989 3574 4044 evasit.

1968 4073 2083 4128 Non
2111 4075 2282 4128 solum
2312 4074 2453 4128 enim
2477 4088 2584 4127 non
2613 4073 2760 4128 illum
2799 4081 3007 4130 terrore
3057 4075 3281 4144 perculit
3311 4077 3575 4144 ingruen-

1967 4167 2099 4219 tium
2125 4164 2370 4218 dolorum
2404 4164 2703 4234 frequentia
2723 4209 2738 4232 ,
2768 4163 2863 4219 sed
2893 4173 2948 4219 et
2976 4165 3041 4218 ad
3070 4165 3330 4235 majorem
3369 4169 3574 4237 gratia-

1968 4275 2086 4314 rum
2111 4259 2376 4312 actionem
2405 4259 2654 4313 excitavit
2685 4266 2881 4328 :atque
2907 4258 2959 4310 in
2988 4257 3240 4314 omnibus
3264 4274 3417 4314 suum
3446 4275 3573 4330 gra-

1968 4361 2078 4406 tum
2109 4351 2348 4404 animum
2369 4349 2680 4412 declarans,
2732 4349 2947 4404 letalem
2969 4348 3183 4403 diabolo
3223 4351 3433 4420 plagam
3484 4353 3572 4407 in-

1965 4442 2122 4506 llixit,
2149 4457 2255 4512 quo
2281 4442 2369 4496 ille
2397 4441 2720 4511 intelligeret
2749 4439 3082 4495 seselrustra
3115 4442 3286 4496 moliri
3309 4450 3364 4496 et
3381 4453 3570 4498 contra

1965 4535 2239 4590 stimulum
2267 4534 2564 4588 calcitrare.
2619 4531 2771 4586 Hunc
2797 4529 2958 4601 igitur
2985 4542 3226 4586 sanctum
3256 4534 3416 4588 etiam
3443 4544 3570 4589 ante

1965 4638 2040 4683 tot
2067 4641 2266 4697 agones
2292 4636 2346 4681 et
2371 4624 2664 4680 certamina
2685 4665 2698 4686 ,
2743 4632 2948 4677 tantum
2980 4623 3216 4678 laudavit
3260 4626 3568 4680 misericors

1966 4719 2126 4779 Deus,
2157 4726 2211 4770 et
2240 4715 2537 4785 przrdicans
2566 4714 2698 4768 dixit
2719 4714 2931 4768 diabolo
2957 4729 2972 4767 :
3001 4712 3144 4767 Num
3172 4715 3342 4768 animo
3367 4725 3453 4769 tuo
3471 4717 3566 4769 ad-

1961 4809 2148 4862 venisti
2176 4808 2424 4878 famulum
2451 4821 2614 4858 nicum
2643 4804 2763 4866 Job,
2796 4803 2932 4875 quod
2971 4821 3074 4858 non
3103 4806 3166 4858 sit
3208 4805 3357 4858 homo
3384 4807 3565 4861 similis

1959 4900 2038 4953 illi
2067 4914 2220 4964 super
2237 4908 2446 4962 terram,
2472 4896 2622 4950 homo
2644 4897 2956 4967 inculpata,
2974 4897 3170 4966 justus,
3201 4912 3373 4964 veru,
3402 4897 3565 4952 Deum

1959 4991 2157 5055 colens,
2185 4988 2439 5043 abstinens
2465 4988 2528 5041 ab
2550 4987 2688 5040 omni
2713 5003 2864 5056 apere
2883 4987 3018 5040 malo
3049 4986 3204 5056 (Job.
3243 4988 3294 5042 l.
3323 4987 3356 5043 8
3374 4987 3437 5061 )3
3468 4988 3562 5043 Vi-

1960 5085 2083 5139 disti
2109 5091 2165 5138 et
2192 5081 2337 5136 hunc
2367 5097 2396 5135 a
2423 5082 2694 5136 communi
2728 5089 2934 5134 natura:
2959 5080 3176 5135 nomine
3197 5081 3348 5150 prius
3372 5082 3564 5152 praedi-

1959 5175 2114 5230 cari?
2137 5173 2428 5237 Advertisti,
2453 5172 2646 5240 inquit,
2677 5171 2928 5240 famulum
2960 5188 3126 5226 meum
3156 5171 3278 5238 Job,
3301 5175 3438 5244 quod
3463 5190 3566 5228 non

1959 5270 2022 5322 sit
2049 5265 2228 5321 similis
2260 5267 2338 5320 illi
2361 5265 2555 5319 homo?
2599 5264 2664 5318 Et
2697 5265 2899 5319 similes
2925 5265 3106 5336 utique
3133 5281 3323 5321 omnes
3353 5284 3562 5330 sumus,

1959 5359 2055 5414 sed
2086 5373 2192 5411 non
2239 5356 2532 5410 secundum
2571 5356 2854 5420 virtutem,
2895 5355 2990 5412 sed
3037 5357 3330 5412 secundum
3377 5358 3565 5412 forma:

1960 5449 2220 5502 rationem
2256 5465 2268 5500 :
2302 5455 2355 5498 at
2389 5447 2490 5500 hoc
2519 5459 2623 5497 non
2661 5453 2745 5497 est
2783 5444 2976 5512 homo,
3031 5446 3125 5502 sed
3151 5450 3365 5518 quando
3395 5449 3558 5503 absti-

1961 5555 2094 5595 nens
2113 5554 2141 5590 a
2176 5538 2373 5590 malitia
2399 5536 2644 5588 virtutem
2675 5543 2948 5604 operatur.

2031 5633 2080 5686 5.
2115 5630 2303 5686 Vidisti
2335 5643 2470 5698 quos
2505 5628 2682 5681 divina
2713 5626 2989 5697 Scriptura
3017 5627 3264 5683 homines
3289 5630 3563 5699 appellare

1961 5724 2137 5778 solet?
2165 5722 2424 5789 Quocirca
2471 5729 2524 5774 et
2566 5719 2633 5774 ab
2676 5718 2829 5774 initio
2856 5733 2978 5774 cum
3000 5719 3221 5776 vidisset
3260 5720 3402 5776 Deus
3433 5737 3558 5778 eum

1959 5832 2050 5889 qut
2080 5829 2111 5870 a
2131 5829 2189 5871 se
2213 5823 2385 5869 tactus
2413 5819 2554 5879 erat,
2581 5808 2793 5866 diccbat
2823 5826 2836 5864 :
2887 5808 3163 5866 Faciamus
3203 5812 3456 5868 hominem
3477 5827 3557 5866 se-
