2076 3243
327 266 437 295 audam
450 264 584 301 imaginem
599 268 710 291 uestram
726 267 750 290 et
765 261 902 289 secundum
920 259 1108 288 sinuam-

329 311 405 346 (Gat.
421 311 448 339 ί.
457 310 517 345 IS).
531 310 582 338 hoc
594 314 646 342 est,
660 313 688 336 ιιι
698 309 810 343 imperet
827 311 855 333 et
866 304 1011 332 visibilibus
1022 302 1110 330 amtti-

327 357 377 384 bus
389 360 417 383 et
433 355 571 383 affectibus
581 354 637 382 suis
649 362 657 381 :
671 353 794 387 imperet.
815 357 868 378 non
882 349 949 377 ferat
957 346 1109 383 imperium.

327 400 404 435 Quod
430 400 453 428 si
475 407 551 427 suam
576 398 690 433 pt'odens
708 396 862 432 dignitatem
884 393 1024 428 imperium
1043 391 1111 419 ferat

328 446 429 481 potius,
443 451 521 480 quam
535 444 661 479 imperet.
681 442 762 469 homo
772 446 833 468 esse
844 438 961 471 desinit.
976 441 1004 464 et
1020 436 1112 463 bruto-

328 499 387 519 ruut
402 491 429 518 in
442 498 472 518 se
486 496 583 517 nomen
596 486 732 515 transfert.
746 485 834 520 Atque
844 483 894 511 bac
906 482 1029 510 decauaa
1041 487 1112 508 nunc

327 537 416 564 divina
436 535 572 568 Scriptura
594 533 719 560 virtutem
744 530 808 565 justi
830 528 902 556 illius
926 524 1113 555 commendare

332 582 434 612 volens.
447 580 515 607 dixit
529 588 537 607 :
554 578 602 606 Ha:
615 582 671 606 sunt
683 576 853 613 generatim
866 573 924 602 Nec
938 580 948 600 :
964 571 1021 599 Nec
1038 572 1113 598 homo

325 627 413 663 justus
428 618 553 661 (Gem-8.
567 623 613 658 tt).
629 623 697 649 Ecce
709 627 735 649 et
746 620 823 647 aliam
836 620 975 646 maximam
987 615 1113 663 prmconil

331 671 445 705 speciem
456 689 464 701 .
481 668 571 696 Justus
585 676 594 695 :
608 667 657 694 huc
674 664 850 700 appellatione
868 669 975 690 omnem
990 662 1112 688 virtutem

320 713 525 749 complectitur.
541 712 596 739 iloc
606 711 676 738 enim
691 717 788 737 nomen
797 729 805 742 .
818 709 916 743 justus,
929 707 1114 735 consuevimus

332 759 422 787 dicere
438 758 472 786 de
490 758 523 785 iis
537 756 581 792 qui
602 755 770 790 otnnigensm
787 757 912 781 exercent
926 752 1048 778 virtutem
1062 749 1113 785 (tt).

333 803 425 831 Postea
438 807 464 829 ut
474 802 562 829 discas
572 799 707 836 quomodo
720 798 752 826 ad
765 803 898 825 summum
917 794 1022 822 virtutis
1043 793 1116 820 fasti-

333 849 403 884 giuzn
418 846 578 883 pervenerit,
592 846 618 873 id
630 844 700 880 quod
715 847 742 871 et
755 847 819 870 tunc
831 840 985 876 exigebatur
994 846 1010 867 a
1020 844 1113 866 natura

333 898 422 921 nostra
432 913 441 926 ,
455 892 538 927 inquit
553 900 561 919 :
579 890 670 918 Justus
681 893 706 916 et
717 889 840 924 perfectas
851 886 878 913 ia
889 884 1047 921 generatione
1058 890 1114 910 sua.

332 939 436 971 Omnis,
450 937 550 972 inquit,
564 935 682 969 implevit
698 939 871 969 quacumque
881 931 967 958 facere
992 928 1117 957 convenit

331 991 392 1011 eum
404 983 449 1018 qui
463 983 587 1009 virtutem
600 980 784 1015 amplexatur:
801 977 865 1005 illud
879 976 950 1004 enim
964 975 1096 1010 significat
1106 994 1115 1006 ,

334 1027 465 1062 Perfectus
476 1035 487 1054 .'
498 1026 564 1054 nihil
582 1024 735 1057 intermisit.
749 1023 776 1050 in
791 1022 863 1050 nullo
877 1019 1046 1049 claudicavit.
1057 1018 1115 1046 Non

332 1074 361 1101 in
370 1073 422 1101 hoc
434 1077 507 1100 recte
520 1071 614 1106 agebat
623 1090 631 1103 ,
656 1070 682 1096 in
700 1069 747 1096 illo
763 1073 851 1096 autem
864 1066 990 1101 peccabat
1000 1085 1009 1098 ,
1030 1063 1076 1092 seti
1090 1064 1116 1091 in

333 1118 406 1145 omni
418 1118 515 1144 virtute
527 1115 658 1151 perfectus
670 1118 728 1141 erat
742 1121 750 1140 :
766 1112 828 1140 illud
839 1112 910 1140 enim
921 1110 1048 1138 exhibere
1059 1109 1118 1143 ejus

333 1161 414 1189 ofﬁcii
432 1165 499 1189 erat.
516 1160 663 1191 Praeterea.
684 1163 713 1185 ut
729 1165 763 1185 es
784 1162 904 1191 tempore
920 1162 1025 1190 quoque
1036 1157 1064 1181 et
1083 1160 1115 1180 es

333 1207 532 1242 comparatione
553 1212 613 1233 eum
635 1204 695 1231 aliis
719 1202 891 1231 illustriorem
917 1200 993 1228 nobis
1016 1199 1116 1234 justum

333 1252 486 1284 exhibent.
507 1250 592 1285 inquit
610 1257 618 1277 :
635 1248 770 1284 Perfectus
782 1248 809 1275 in
824 1246 982 1282 manus
1002 1251 1069 1275 sua;
1091 1243 1117 1270 in

335 1302 454 1332 tempore
466 1296 529 1329 illo,
543 1295 570 1322 in
584 1294 755 1330 generatione
767 1292 810 1319 illa
824 1297 948 1327 perversa
958 1310 966 1323 .
980 1296 1039 1324 qua:
1051 1288 1119 1329 adeo

335 1342 362 1370 in
387 1341 485 1369 malum
506 1339 667 1372 declinavit,
688 1344 748 1373 qum
761 1343 847 1372 neque
861 1334 999 1369 vestigium
1013 1332 1118 1361 virtutis

336 1393 391 1421 pra
407 1393 438 1413 se
450 1384 520 1413 ferre
532 1384 623 1412 voluit.
637 1383 666 1411 ln
688 1382 732 1410 illa
746 1382 826 1417 igitur
836 1379 1018 1416 generatione.
1029 1376 1056 1405 in
1067 1377 1118 1405 illis

335 1430 500 1465 temporibus
509 1430 596 1463 justus
610 1428 713 1456 illenou
726 1427 812 1454 solum
827 1426 952 1453 virtutem
963 1430 1020 1459 pra
1032 1430 1061 1450 se
1074 1427 1118 1449 tu-

336 1474 367 1502 lit
378 1494 386 1508 ,
401 1474 448 1502 sed
460 1478 488 1502 et
503 1474 530 1501 in
544 1478 644 1501 tantum
657 1471 778 1507 pervenit
789 1470 896 1499 virtutis
909 1468 1015 1498 culmen
1026 1487 1035 1501 .
1056 1474 1118 1502 per-

334 1518 436 1552 fectus,
451 1522 480 1546 et
498 1518 524 1546 in
539 1517 663 1545 omnibus
674 1516 821 1544 absolutus.
842 1514 909 1542 Nam
930 1513 956 1541 id
974 1511 1044 1548 quod
1056 1516 1119 1539 ante

334 1562 405 1593 disi.
426 1563 496 1591 bene
508 1570 585 1597 agere
606 1562 675 1589 inter
686 1561 790 1588 virtutis
811 1560 917 1592 hostes.
938 1562 966 1586 et
989 1558 1057 1585 inter
1071 1564 1118 1585 eos

334 1608 381 1643 qui
392 1608 517 1635 virtutem
541 1607 680 1642 prohibent
692 1606 813 1634 eamdem
826 1604 993 1632 sedulitatem
1015 1610 1070 1638 pro
1088 1609 1120 1630 se

334 1652 422 1686 ferre.
444 1652 529 1687 majus
541 1659 646 1685 setnper
658 1651 763 1678 virtutis
777 1649 881 1685 pondus
899 1653 1021 1676 testatur.
1044 1647 1119 1676 Unde

336 1698 386 1725 hac
401 1697 503 1724 ratione
514 1696 600 1731 justus
615 1695 657 1723 ille
666 1694 781 1730 majores
794 1694 886 1736 laudes
898 1698 991 1721 nactus
1003 1697 1053 1721 est.
1066 1692 1120 1720 Nc-

335 1748 389 1777 que
401 1740 444 1769 hic
458 1737 536 1768 finem
557 1739 678 1767 laudandi
700 1740 773 1767 illum
792 1738 952 1766 facitdivina
965 1738 1099 1773 Scriptura
1109 1758 1119 1772 ,

335 1787 383 1815 sed
396 1787 481 1814 adhuc
493 1786 597 1813 virtutis
612 1785 682 1812 illius
700 1784 886 1813 excellentiam
901 1784 1077 1816 demonstrat.
1093 1787 1121 1811 et

334 1831 405 1867 quod
423 1831 513 1858 divino
526 1830 627 1857 calculo
641 1829 765 1864 probatus
780 1828 876 1862 fuerit,
900 1829 961 1863 quia
981 1833 1120 1864 postquam

334 1875 402 1904 dixit
411 1897 419 1908 ,
432 1875 563 1910 Perfectus
573 1876 598 1901 in
609 1875 768 1910 generatione
776 1882 823 1901 sua
834 1894 841 1907 ,
853 1873 940 1906 addit,
956 1873 1010 1900 Deo
1025 1873 1120 1908 placuit

337 1921 404 1949 Nec.
420 1920 504 1948 Tanta
516 1925 574 1948 erat
583 1920 667 1948 virtus
677 1921 756 1952 illius,
770 1924 798 1948 ut
810 1924 837 1947 et
846 1927 861 1946 a
874 1919 929 1947 Deo
942 1918 1044 1946 laudari
1055 1926 1119 1953 pro-

335 1966 474 1994 meruerit.
487 1965 541 1994 Dee
555 1966 625 1993 enim
634 1985 641 1998 ,
656 1965 756 2000 inquit,
772 1965 865 1999 placuit
876 1963 951 1995 Nos;
963 1971 995 1992 ac
1007 1963 1029 1991 si
1042 1964 1115 1991 dice-

334 2017 376 2040 ret
392 2020 399 2039 :
415 2011 576 2047 approbatus
591 2010 638 2038 fuit
650 2018 664 2037 a
679 2010 753 2042 Deo;
775 2017 822 2045 per
835 2009 904 2037 bona
923 2016 1003 2043 opera
1024 2008 1121 2043 placuit

337 2058 376 2086 illi
388 2059 468 2086 oculo
479 2058 524 2092 qui
540 2058 620 2092 sopiri
634 2065 687 2084 non
700 2060 797 2092 potest,
815 2059 844 2083 et
857 2052 928 2083 illius
942 2054 991 2082 sibi
1003 2055 1119 2081 favorem

335 2107 436 2131 tantum
444 2103 594 2130 conciliavit
606 2110 654 2137 per
661 2102 757 2128 bonam
764 2100 856 2132 vitam.
865 2106 894 2128 ut
902 2108 963 2127 eum
972 2107 1024 2127 non
1033 2100 1118 2127 solum

335 2148 370 2175 ab
386 2148 564 2183 indignatione
579 2147 605 2174 itt
620 2154 714 2174 omnes
726 2146 882 2174 effundenda
893 2145 1020 2178 liberarii,
1032 2145 1078 2173 sed
1092 2150 1120 2172 ct

334 2192 446 2220 aliorum
459 2196 597 2227 patronum
613 2191 714 2219 fecerit.
739 2190 794 2218 Deo
806 2191 893 2222 enim.
908 2190 1009 2225 inquit,
1025 2189 1120 2225 placuit

336 2237 403 2266 Nos.
418 2238 482 2272 Quis
491 2237 541 2264 hoc
555 2237 656 2264 beatior
665 2236 755 2268 fuerit.
769 2236 814 2271 qui
828 2240 928 2262 tantam
940 2243 994 2270 pra:
1007 2243 1036 2262 se
1049 2235 1119 2262 torre

335 2283 421 2317 potuit
432 2282 566 2314 virtutem,
576 2286 604 2309 ut
616 2281 755 2309 Dominum
767 2280 881 2308 universi
892 2280 1001 2308 ltaheret
1012 2281 1118 2308 laudum

334 2335 442 2357 suarum
462 2335 610 2362 prtrconent
619 2328 631 2354 τ

371 2373 480 2407 Quinam
491 2380 547 2399 scrc
560 2376 679 2407 regnent;
692 2369 844 2407 genealogic
855 2370 944 2397 modus
954 2371 1072 2405 optimus.
1083 2385 1119 2391 -—

335 2417 399 2447 limo
409 2418 443 2445 sli
453 2425 486 2445 eo
498 2422 560 2444 sunt
573 2417 639 2443 facta
652 2435 661 2449 ,
683 2423 742 2451 qua
754 2415 890 2450 quibusvis
901 2415 1013 2447 divitiis,
1027 2415 1119 2449 quavis

333 2463 506 2492 abundantia.
521 2461 613 2497 quavis
626 2462 708 2496 gloria
720 2466 746 2488 et
759 2460 886 2496 potentia.
900 2460 992 2495 quavis
1004 2460 1117 2487 humana

333 2508 458 2536 felicitate
468 2509 570 2542 potiora
580 2507 685 2534 duxerit
694 2506 813 2541 quisquis
823 2510 938 2533 mentem
952 2505 1032 2534 habet
1042 2514 1048 2531 τ
1062 2505 1118 2532 hac

334 2560 416 2589 regno
428 2552 510 2587 magis
522 2551 706 2579 desiderabilia
722 2551 820 2578 fuerint
832 2549 873 2582 ei,
896 2550 940 2585 qui
961 2550 1041 2577 Deum
1061 2551 1118 2577 siu-

332 2604 397 2626 cero
418 2603 509 2624 amore
524 2595 620 2631 diligit.
635 2595 733 2623 Verum
750 2595 821 2622 enim
842 2602 951 2630 regnum
968 2595 1036 2622 istud
1055 2600 1097 2622 est
1108 2615 1116 2628 ,

333 2649 412 2678 posse
423 2649 471 2669 nos
485 2641 584 2677 optima
598 2641 650 2668 vita
665 2641 808 2676 propitium
821 2644 849 2667 et
859 2640 1018 2667 clementem
1040 2641 1117 2667 nobis

333 2687 444 2715 reddere
459 2686 609 2713 Dominum.
631 2681 784 2714 Gebennam
799 2685 870 2712 enim
885 2685 980 2713 timere
999 2692 1050 2713 non
1068 2685 1116 2713 de-

336 2731 432 2760 bemus
441 2736 553 2767 propter
566 2731 654 2768 ignem
667 2732 741 2759 illum
756 2732 1048 2768 ittexstingttibilettt,et
1061 2741 1120 2769 pm-

366 2809 403 2842 (a)
414 2808 460 2835 Hic
473 2810 545 2842 locus
564 2810 631 2835 hunc
648 2816 746 2835 versum
766 2810 920 2842 Empedoclis
937 2810 961 2835 in
979 2811 1117 2836 memoriatr

335 2839 434 2875 revocat
447 2848 452 2864 :
467 2839 490 2864 ὲν
497 2843 521 2875 ἰι
529 2845 633 2875 ειη-..ιη
644 2845 748 2875 abnuis
756 2839 863 2875 πιείριῇ
873 2848 928 2871 ’.πη
939 2842 963 2866 in
970 2841 1064 2874 justitia
1074 2849 1119 2867 an-

335 2874 383 2896 tem
396 2871 584 2902 compa/tensius
595 2871 727 2897 ita-Imittur
740 2871 915 2897 omnis'vt‘rltu.

692 206 722 235 3.
741 204 878 235 JOANNIS
894 200 1130 232 Cillile
1148 200 1306 230 ARCIIIIZP.
1326 201 1590 232 CONSTANTINOP.
1892 204 1946 231 ὀι

1164 265 1213 285 uss
1225 260 1374 292 terribiles.
1389 265 1416 288 et
1435 266 1575 295 perpetuos
1586 261 1738 288 cruciatus:
1755 261 1802 287 sed
1822 260 1885 296 quia
1905 261 1946 287 υι.

1161 303 1295 332 feudimus
1305 310 1359 333 tam
1374 306 1471 333 bonum
1485 307 1650 340 Dominum;
1669 311 1698 335 et
1718 306 1753 334 ab
1770 307 1842 334 illius
1863 307 1947 341 gratia

1162 356 1255 378 sumus
1266 351 1345 379 alicui
1366 359 1374 379 :
1394 351 1431 379 ita
1450 352 1521 380 etad
1540 360 1650 387 regnum
1668 352 1746 381 nobis
1769 353 1948 381 festinandum

1163 395 1269 424 nonnisi
1282 400 1390 432 propter
1402 403 1520 425 amorem
1531 398 1557 425 in
1571 398 1656 430 illum,
1670 402 1700 426 ut
1708 398 1766 433 ejus
1777 398 1862 434 gratia
1874 397 1948 425 frua-

1164 447 1234 468 mur.
1257 440 1324 468 Nam
1350 445 1471 477 utregno
1491 441 1693 470 desiderabilia
1714 447 1771 475 est.
1787 443 1949 471 clementem

1164 484 1304 513 Dominum
1327 490 1447 513 nostrum
1473 486 1950 522 benevolumessenobistitage-

1165 529 1252 558 benna
1266 531 1380 566 gravitas.
1394 530 1429 558 ab
1440 531 1511 559 illius
1523 532 1705 560 benevolentia
1718 533 1854 561 excidere.

1204 575 1312 604 Vidistis
1329 580 1434 611 quanta:
1455 577 1531 604 nobis
1555 577 1675 605 utilitatis
1695 577 1744 606 fuit
1763 583 1950 613 argumentum

1164 621 1307 656 appellatio
1314 621 1390 656 justi.
1403 626 1431 650 et
1442 628 1569 657 quantum
1583 625 1775 651 scmcntiarnm
1793 623 1950 652 thesaurum

1166 666 1269 700 peperit
1279 666 1441 694 admirabilia
1462 666 1540 702 huius
1551 668 1600 695 viri
1613 668 1766 704 genealogia
1775 668 1788 695 2
1800 667 1951 703 Sequamur

1166 711 1246 746 igitur
1257 716 1285 739 et
1296 719 1345 740 uos
1358 711 1454 739 divinat
1468 710 1611 747 Scriptura
1626 712 1747 748 regulas,
1761 718 1790 741 et
1802 714 1825 741 si
1838 714 1952 741 velimus

1165 756 1315 792 aliquomm
1328 757 1494 792 genealogias
1505 764 1640 790 enarrare.
1655 766 1708 785 non
1723 762 1811 793 patres
1829 763 1858 786 ct
1875 765 1951 790 ams,

1166 806 1193 828 et
1206 801 1305 829 abavos
1317 802 1343 829 itt
1359 802 1474 830 medium
1486 801 1630 831 aﬂcramus
1639 823 1648 836 .
1661 804 1708 831 sed
1720 804 1778 838 ejus
1790 805 1877 832 solum
1888 824 1896 836 ,
1904 811 1953 830 cu-

1165 846 1210 882 jus
1221 852 1262 875 est
1274 848 1436 885 genealogis.
1453 849 1578 876 virtutem
1589 849 1754 885 detegantus.
1768 851 1816 878 llic
1832 851 1952 885 optimus

1166 892 1328 928 genealogis
1342 893 1437 921 modus
1446 899 1497 922 est.
1512 894 1577 928 Qum
1592 896 1664 923 enim
1676 895 1776 922 utilitas
1787 903 1821 923 ex
1834 896 1915 923 claris
1924 901 1953 922 es

1168 937 1258 972 probis
1274 938 1429 972 parentibus
1448 939 1575 974 originem
1590 938 1689 967 dueere
1701 959 1710 973 .
1725 944 1752 967 te
1772 944 1860 967 autem
1874 940 1952 968 bona

1168 981 1229 1009 vitae
1238 988 1298 1009 esse
1306 986 1443 1016 expertem
1454 982 1466 1008 1
1477 986 1524 1010 aut
1533 983 1603 1017 quod
1617 982 1743 1011 damnum
1755 983 1852 1017 fuerit,
1869 985 1893 1011 si
1906 992 1952 1020 pa-

1168 1031 1257 1053 rentes
1275 1030 1304 1053 et
1325 1027 1505 1065 progenitores
1523 1027 1623 1055 fuerint
1644 1028 1773 1063 ignobiles
1783 1033 1811 1056 et
1821 1029 1928 1056 obscuri
1941 1050 1951 1062 .

1169 1035 1257 1053 rentes
1275 1035 1304 1053 et
1325 1035 1362 1060 pn
1389 1035 1505 1065 castores
1523 1035 1623 1055 tttertnt.
1644 1035 1773 1063 tgnonttea
1783 1035 1811 1056 et
1821 1035 1928 1056 ottscurt
1941 1050 1951 1062 .

1169 1070 1225 1105 ipse
1239 1035 1479 1116 uictulaudibus
1495 1073 1611 1100 ﬂoreas?
1622 1073 1688 1106 Quia
1700 1079 1727 1101 et
1735 1074 1822 1108 justus
1834 1074 1879 1101 ille
1892 1075 1954 1101 talis

1169 1116 1226 1149 fuit.
1242 1120 1270 1144 et
1285 1117 1435 1149 conciliavit
1451 1118 1501 1145 sibi
1513 1120 1625 1153 gratiam
1640 1119 1686 1147 Dei
1697 1139 1706 1152 ,
1718 1127 1771 1147 non
1783 1120 1854 1155 quod
1868 1127 1883 1146 a
1894 1120 1955 1148 tali-

1169 1161 1218 1189 bus
1230 1161 1310 1189 fuerit
1323 1162 1492 1197 parentibus:
1505 1170 1591 1198 neque
1600 1165 1671 1191 enim
1686 1163 1722 1191 ita
1735 1171 1782 1192 eos
1793 1171 1954 1192 commemo-

1168 1210 1211 1234 rat
1229 1205 1366 1241 Scriptura
1387 1211 1418 1235 ut
1442 1207 1541 1236 virtute
1561 1207 1674 1236 nobiles.
1694 1207 1872 1247 {Nihilominus
1891 1216 1954 1236 eum

1169 1256 1243 1279 tanta
1255 1256 1346 1279 essent
1356 1252 1493 1280 obstacula
1506 1257 1534 1281 et
1551 1258 1590 1281 tot
1611 1254 1809 1288 impedimenta.
1825 1254 1852 1282 itt
1868 1254 1953 1289 ipsum

1169 1298 1309 1332 pervenire
1328 1297 1413 1332 potuit
1432 1298 1542 1326 virtutis
1553 1299 1561 1315 ¹
1576 1299 1766 1334 fastigiumzttt
1782 1300 1870 1328 discas
1891 1308 1953 1328 cum

1168 1341 1213 1376 qui
1228 1341 1320 1376 vigilat
1332 1346 1360 1369 et
1370 1342 1476 1370 sobrius
1486 1348 1539 1376 est.
1553 1348 1580 1370 ct
1592 1351 1649 1371 sua:
1665 1344 1758 1371 salutis
1770 1352 1861 1372 curam
1878 1346 1933 1380 agit
1942 1365 1952 1377 .

1169 1386 1236 1414 nihil
1249 1394 1309 1415 esse
1320 1387 1393 1422 quod
1404 1388 1554 1423 prohibeat.
1568 1388 1635 1416 Nam
1648 1389 1718 1417 sicut
1732 1389 1777 1417 ubi
1791 1390 1957 1425 negligentes

1168 1432 1329 1467 ceperimus
1339 1439 1409 1466 esse,
1425 1434 1504 1460 etiam
1518 1441 1534 1461 a
1554 1434 1634 1461 rebus
1645 1434 1762 1462 minimis
1773 1435 1932 1463 offendimur
1945 1444 1954 1463 :

1171 1476 1238 1503 itast
1252 1477 1415 1505 voluerimus
1429 1478 1511 1506 sobrii
1524 1485 1584 1506 esse
1597 1498 1606 1511 .
1621 1479 1745 1514 quamvis
1759 1479 1892 1508 innumeri
1903 1481 1957 1508 sint

1170 1523 1216 1558 qui
1227 1523 1261 1550 ad
1272 1523 1398 1550 malitiam
1411 1523 1529 1556 trahant.
1543 1524 1696 1559 neutiquam
1708 1528 1829 1553 nostrum
1839 1525 1957 1553 studium

1170 1572 1293 1603 poterunt
1306 1567 1481 1596 labefactare:
1489 1569 1561 1596 sicut
1571 1576 1659 1604 neque
1671 1569 1745 1597 illum
1754 1569 1870 1605 justum.
1887 1576 1956 1598 tam-

1170 1613 1220 1640 etsi
1236 1617 1275 1640 tot
1286 1618 1376 1641 essent
1389 1613 1415 1641 id
1427 1618 1551 1641 curantes
1563 1633 1571 1644 .
1587 1614 1738 1648 segniorem
1755 1615 1781 1642 in
1799 1615 1953 1644 eseteesda

1170 1659 1267 1686 virtute
1277 1658 1365 1686 facere
1374 1663 1529 1694 potuerunt.
1538 1659 1652 1687 Proinde
1662 1660 1753 1688 nullus
1765 1661 1845 1689 alium
1853 1666 1959 1697 argtmt.

1171 1708 1198 1731 et
1213 1704 1239 1731 in
1253 1704 1319 1731 alios
1328 1704 1433 1739 culpam
1444 1704 1613 1738 trunca-ibat.
1623 1704 1671 1733 sed
1682 1713 1738 1733 attat
1747 1706 1858 1741 ignavia
1871 1711 1958 1735 totum

1172 1749 1293 1783 imputet.
1308 1749 1342 1776 Et
1355 1749 1418 1784 quid
1430 1749 1491 1777 dico
1512 1750 1539 1776 in
1560 1749 1630 1777 alios
1639 1750 1652 1777 τ
1666 1750 1756 1786 Neque
1767 1751 1904 1783 diabolum
1918 1752 1958 1787 ιν

1171 1801 1230 1821 sum
1244 1794 1302 1829 quis
1314 1798 1367 1821 tam
1378 1798 1513 1830 potentem
1524 1799 1608 1830 putet.
1622 1800 1649 1823 ut
1658 1795 1799 1830 prohibere
1805 1798 1958 1832 quempiam

1171 1839 1257 1874 possit
1269 1840 1411 1874 quominus
1425 1839 1451 1867 itt
1467 1841 1535 1867 viam
1549 1848 1609 1875 qua:
1618 1840 1652 1868 ad
1666 1840 1791 1869 virtutem
1803 1842 1887 1874 ducit.
1901 1847 1955 1870 cat.

1171 1884 1330 1919 Supplantat
1337 1884 1444 1919 quidem
1459 1889 1486 1912 ct
1496 1885 1594 1921 decipit
1603 1886 1770 1914 socordiores
1782 1907 1790 1917 .
1805 1895 1858 1914 non
1873 1888 1958 1923 impc-

1171 1929 1210 1957 dit
1219 1935 1319 1963 autem,
1331 1929 1441 1958 necvim
1456 1931 1535 1959 infert
1545 1939 1554 1956 τ
1565 1931 1592 1958 id
1605 1931 1675 1966 quod
1691 1939 1780 1959 rerum
1793 1933 1957 1966 experientia

1171 1975 1262 2002 docet:
1276 1982 1370 2010 nempe
1383 1975 1406 2003 si
1417 1976 1546 2003 vellemus
1558 1976 1668 2011 vigilare
1682 1998 1690 2010 ,
1705 1981 1784 2005 tanta:
1797 1977 1958 2005 constantia

1172 2021 1307 2055 specimen
1321 2021 1525 2053 exhiberemus.
1540 2026 1570 2050 ut
1586 2030 1673 2058 nequc
1685 2023 1710 2050 si
1723 2023 1797 2050 multi
1812 2028 1905 2051 essent
1923 2023 1956 2050 ad

1172 2067 1279 2095 malitia:
1291 2068 1362 2095 viatn
1375 2075 1424 2096 nos
1435 2068 1608 2097 cohortantes
1618 2088 1627 2101 ,
1640 2076 1732 2096 eorum
1747 2068 1878 2097 ferremus
1890 2077 1956 2096 con-

1172 2112 1270 2144 silium,
1286 2112 1332 2141 sed
1343 2114 1414 2141 omni
1424 2113 1568 2141 adamante
1580 2113 1723 2147 ﬁrmiores,
1732 2121 1811 2141 aures
1819 2114 1957 2141 obturare-

1172 2165 1231 2184 mus
1244 2162 1296 2185 tam
1312 2165 1392 2192 prava
1401 2158 1612 2186 consulentibus.
1627 2159 1661 2185 At
1680 2159 1703 2186 si
1718 2159 1881 2193 negligentes
1900 2159 1957 2186 fue-

1172 2203 1266 2235 rimus,
1277 2203 1382 2230 etiamsi
1396 2203 1484 2231 nullus
1496 2203 1581 2238 sitqui
1592 2203 1714 2231 consulat
1728 2203 1771 2231 vel
1780 2204 1932 2238 supplanth
1946 2223 1956 2236 ,

1172 2252 1262 2276 nostra
1282 2254 1376 2283 sponte
1393 2249 1426 2277 ad
1449 2249 1576 2277 malitiam
1601 2250 1777 2284 pmsiliemus.
1791 2249 1858 2278 Nam
1871 2251 1894 2277 si
1906 2250 1957 2278 bna

1171 2301 1224 2320 non
1233 2298 1303 2321 esset
1310 2294 1388 2321 situm
1399 2294 1425 2321 in
1433 2293 1567 2322 voluntate
1575 2301 1675 2324 nostra.
1685 2295 1742 2322 etin
1753 2295 1833 2322 animi
1840 2300 1956 2329 potesta-

1173 2339 1281 2371 te,Deus
1290 2343 1410 2366 naturam
1423 2343 1543 2367 nostram
1553 2340 1593 2366 sui
1605 2339 1672 2374 juris
1685 2346 1736 2366 non
1745 2339 1863 2372 fecisset.
1873 2346 1955 2375 oper-

1172 2384 1243 2411 tebat
1256 2391 1303 2412 eos
1315 2384 1359 2419 qui
1371 2389 1470 2412 natura
1486 2390 1582 2413 nostra
1593 2385 1744 2420 participes,
1759 2391 1787 2413 et
1800 2385 1893 2413 iisdem
1908 2385 1954 2413 ob-

1171 2430 1243 2457 noxii
1256 2436 1316 2458 sunt
1334 2430 1516 2459 affectionibus
1530 2451 1538 2464 .
1553 2432 1594 2459 vel
1605 2441 1701 2462 omnes
1716 2432 1800 2461 malos
1811 2439 1871 2461 esse
1885 2452 1895 2465 .
1914 2434 1954 2462 vel

1170 2483 1264 2503 omnes
1276 2476 1373 2504 virtute
1387 2476 1520 2511 prasditos.
1539 2470 1606 2504 Cum
1617 2482 1706 2504 autem
1722 2477 1842 2505 videmus
1853 2485 1953 2513 conge-

1171 2529 1247 2550 nercs
1258 2527 1363 2550 nustros
1374 2542 1382 2556 ,
1398 2526 1424 2549 et
1438 2521 1537 2549 eisdem
1550 2522 1734 2551 an‘ectionibus
1747 2522 1886 2556 obnoxius.
1902 2531 1954 2552 nou

1170 2567 1261 2594 eadem
1274 2575 1334 2602 qua:
1347 2574 1395 2594 nos
1410 2567 1462 2602 pati
1475 2576 1482 2594 :
1496 2566 1542 2595 sed
1555 2572 1583 2594 et
1596 2567 1680 2594 valida
1694 2568 1796 2595 ratione
1807 2568 1955 2603 guttus-rma

1171 2616 1289 2639 naturam
1305 2632 1314 2645 ,
1327 2617 1355 2640 et
1365 2612 1529 2640 inordinatos
1543 2615 1631 2639 motus
1646 2611 1765 2645 domare.
1779 2618 1807 2640 et
1821 2613 1955 2642 refrenare

1170 2658 1422 2693 ooncupisoetttiam,
1436 2659 1567 2693 imperare
1581 2657 1662 2685 furori
1677 2662 1705 2685 ct
1718 2658 1775 2690 ira.
1788 2657 1881 2694 fugare
1894 2659 1945 2687 lnvi

1169 2703 1238 2731 diam
1250 2724 1259 2736 ,
1281 2704 1418 2731 elitninnre
1437 2704 1546 2731 livorem
1562 2724 1571 2737 ,
1592 2708 1763 2732 contemnere
1782 2704 1903 2732 rabidam
1928 2705 1954 2732 ia

1169 2750 1357 2784 conquirendis
1374 2749 1496 2785 pecuniis
1512 2749 1681 2784 cupiditatem
1696 2771 1705 2783 ,
1719 2751 1851 2778 minorum
1863 2751 1952 2786 glori:

1169 2802 1260 2822 curam
1274 2794 1383 2826 habere.
1398 2794 1486 2822 ridere
1498 2802 1604 2823 omnem
1617 2796 1756 2831 prasentis
1770 2796 1830 2824 vita
1844 2795 1955 2824 fclicita-

1201 2871 1209 2887 ι
1228 2869 1283 2898 Alii.
1294 2875 1395 2896 sum
1406 2870 1506 2896 armis.
