4146 6494
544 381 653 434 205

548 493 760 563 μῶντας
782 510 794 523 ·
829 495 928 546 οὐκ
963 493 1178 563 εῦδηλον
1215 494 1293 546 ὃτι
1327 497 1390 564 τῇ
1427 496 1600 566 οἰκεία
1632 496 1831 568 σπουδῇ
1857 496 2026 550 ταῦτα
2052 496 2222 570 [2151.

544 580 842 651 κατορθοῦν
873 582 1192 651 δυνήσονται
1217 583 1352 652 μετά
1380 584 1477 654 τὴν
1509 583 1711 636 ἀνωθεν
1732 585 1908 655 χάριν,
1933 587 2024 638 καὶ
2047 587 2201 655 ἡμεῖς

542 670 607 736 τῇ
642 667 817 738 οίκείᾳ
864 667 1103 737 ῥᾳθυμίᾳ
1146 669 1474 738 κεχρημένοι
1520 671 1872 742 προδιδόαμεν
1907 672 2060 743 ἡμῶν
2103 672 2200 742 τὴν

545 755 845 824 σωτηρίαν,
883 754 1117 825 ἐρήμους
1161 754 1384 818 ἑαυτοὺς
1440 756 1802 822 καθιστῶντες
1855 761 1954 830 τῆς
1994 759 2200 812 ἐκεῖθεν

542 841 748 904 εὐνοίας
768 857 780 905 ;

615 936 686 991 ς’.
709 930 798 979 Διὸ
827 930 1124 999 παρακαλῶ
1145 934 1316 989 ταῦτα
1337 933 1732 1002 λογιζομένους,
1758 935 1848 984 καὶ
1871 935 2104 1002 συνεχῶς
2125 951 2202 986 κι-

542 1014 762 1077 νοῦντας
792 1017 848 1067 ὲν
879 1019 943 1086 τῇ
967 1018 1196 1092 διανοίᾳ,
1218 1021 1481 1089 μηδέποτε
1513 1022 1601 1073 τὸν
1627 1019 1867 1074 διάϐολον
1901 1022 2197 1087 αἰτιᾶσθαι,

539 1101 674 1154 ἀλλά
703 1103 799 1172 τὴν
829 1105 1068 1176 ῥᾴθυμον
1101 1108 1256 1178 ἡμῶν
1285 1109 1526 1179 γνώμην.
1567 1111 1674 1162 Καὶ
1718 1109 1889 1162 ταῦτα
1925 1109 2067 1176 λέγω
2099 1111 2199 1162 οὐκ

541 1191 744 1244 ἐκεῖνον
768 1193 1071 1260 ἀπαλλάξαι
1101 1195 1419 1266 βουλόμενος
1455 1196 1783 1267 κατηγορίας
1801 1213 1817 1229 ·
1841 1198 1914 1269 μή
1956 1198 2163 1264 γένοιτο
2182 1212 2194 1227 ⁸

543 1278 633 1328 καὶ
665 1279 769 1348 γάρ
800 1279 1014 1350 ἔρχεται
1042 1283 1115 1345 ὡς
1155 1283 1288 1336 λέων
1321 1285 1582 1355 ἁρπάσαι,
1614 1284 1705 1336 καὶ
1735 1284 2066 1354 ώρυόμενος,
2105 1285 2198 1338 καὶ

538 1364 656 1416 τίνα
705 1369 947 1440 καταπίῃ
991 1369 1171 1440 ζητῶν
1199 1387 1212 1402 ·
1245 1373 1378 1426 ἀλλά
1435 1375 1524 1425 καὶ
1573 1373 1717 1441 ἡμᾶς
1763 1373 2199 1442 ἀσφαλεστέρους

541 1452 758 1522 ποιῆσαι
789 1453 976 1518 θέλων,
1011 1458 1094 1510 ἵνα
1127 1460 1200 1529 μὴ
1231 1460 1530 1530 νομίζωμεν
1559 1461 1712 1522 ἐκτὸς
1752 1456 1888 1513 εἶναι
1925 1460 2198 1530 ἐγκλημά-

540 1555 667 1598 των,
692 1539 863 1603 οὕτως
881 1543 1113 1607 εὐκόλως
1141 1546 1274 1615 πρὸς
1301 1546 1395 1616 τὴν
1421 1547 1616 1600 κακίαν
1644 1548 2085 1618 αὐτομολοῦντες,
2106 1550 2197 1601 καὶ

543 1624 617 1693 μὴ
647 1626 714 1677 τὰ
759 1626 940 1697 ψυχρά
990 1631 1171 1682 ἐκεῖνα
1225 1632 1470 1702 λέγωμεν
1509 1636 1727 1704 ῥήματα
1763 1652 1775 1665 ³
1809 1636 1960 1696 Τίνος
2014 1637 2196 1688 ἕνεκεν

539 1711 745 1781 ἀφῆκεν
800 1714 960 1766 αὐτὸν
1000 1718 1026 1767 6
1075 1715 1205 1779 Θεὸς
1242 1719 1476 1772 τοιοῦτον
1513 1733 1534 1759 τι
1574 1721 1698 1773 ὄντα
1749 1723 1981 1791 πονηρὸν
2008 1761 2021 1784 ,
2055 1722 2192 1776 ὥστε

540 1797 912 1864 ὑποσκελίζειν
946 1804 1037 1854 καὶ
1078 1804 1472 1868 καταϐάλλεινς
1517 1808 1793 1880 Μεγίστης
1838 1813 1944 1880 γὰρ
1997 1811 2059 1864 ἂν
2110 1811 2193 1881 εἴη

539 1884 709 1937 ταῦτα
738 1886 806 1939 τά
839 1889 1055 1958 ῥήματα
1085 1893 1490 1964 ἀγνωμοσύνης.
1535 1896 1670 1948 Ἀλλ’
1698 1899 1869 1950 έκεῖνο
1900 1900 1992 1951 σὺν
2021 1898 2197 1968 ἑαυτῷ

542 1972 752 2035 σκόπει,
774 1974 854 2026 ὅτι
883 1974 970 2027 διὰ
1001 1977 1158 2029 τοῦτο
1203 1979 1433 2048 μάλιστα
1472 1982 1633 2034 αὐτὸν
1675 1985 1982 2046 κατέλιπεν,
2012 1985 2095 2037 ἵνα
2122 1985 2198 2056 τῷ

541 2057 689 2128 φόϐῳ
722 2061 1136 2132 συνωθούμενοι,
1159 2065 1254 2118 καὶ
1277 2068 1370 2119 τοῦ
1406 2068 1658 2137 πολεμίου
1693 2072 1788 2139 τὴν
1819 2071 2003 2139 ἔφοδον
2032 2089 2196 2142 προσ·

538 2148 822 2212 δοκῶντες,
851 2150 1045 2222 πολλὴν
1072 2153 1373 2222 ἀγρυπνίαν
1402 2156 1494 2207 καὶ
1520 2155 1739 2225 διηνεκῆ
1763 2157 1859 2226 τὴν
1888 2158 2048 2226 νῆψιν
2078 2160 2198 2212 ἑπι-

539 2232 928 2305 δεικνυώμεθα,
958 2240 1022 2307 τῇ
1056 2239 1164 2291 τῶν
1203 2240 1446 2310 ἀμοιϐῶν
1488 2241 1684 2303 ἐλπίδι,
1710 2244 1802 2296 καὶ
1840 2246 1904 2312 τῇ
1933 2244 2195 2297 ἀντιδόσει

541 2320 645 2371 τῶν
681 2321 910 2375 αἰωνίων
939 2324 1158 2376 ἐκείνων
1183 2327 1275 2378 καὶ
1310 2327 1632 2398 ἀπορρήτων
1652 2328 1868 2396 ἀγαθῶν
1896 2329 2072 2383 πάντα
2099 2330 2196 2399 τῆς

540 2406 740 2476 ἀρετῆς
768 2413 856 2459 τὸν
889 2410 1130 2478 κάματον
1156 2412 1598 2484 ὐποτεμνόμενοι.
1621 2416 1729 2468 Καὶ
1758 2417 1809 2467 τί
1831 2415 2128 2486 θαυμάζεις
2150 2420 2196 2470 εί

540 2493 630 2544 τὸν
659 2493 902 2548 διάϐολον
943 2496 1032 2549 διά
1072 2497 1230 2552 τοῦτο
1278 2500 1532 2553 κατέλιπε
1579 2502 1871 2572 κηδόμενος
1913 2505 2068 2576 ήμῶν
2101 2506 2198 2575 τῆς

542 2584 832 2653 σωτηρίας.
861 2587 955 2639 καὶ
990 2586 1266 2657 διεγείρων
1289 2592 1319 2658 ἡ
1330 2591 1445 2658 μῶν
1477 2590 1572 2661 τὴν
1623 2592 1914 2664 ρᾳθυμίαν,
1941 2596 2034 2648 καὶ
2064 2596 2198 2648 ὐπό-

540 2668 686 2722 θεσιν
708 2673 840 2740 ἡμῖν
864 2673 1140 2740 στεφάνων
1167 2677 1589 2741 κατασκευάζων
1610 2695 1623 2742 ;
1649 2680 1826 2750 Αὐτὴν
1849 2683 1947 2752 τὴν
1975 2683 2198 2749 γέενναν

539 2757 626 2808 διὰ
653 2757 808 2811 τοῦτο
842 2762 1275 2830 παρεσκεύασεν,
1307 2765 1391 2818 ἵνα
1431 2768 1458 2818 6
1488 2765 1587 2835 τῆς
1616 2767 1883 2837 τιμωρίας
1919 2769 2079 2836 φόϐος
2108 2773 2198 2823 καὶ

539 2843 638 2912 τῆς
665 2844 934 2910 κολάσεως
963 2847 1022 2900 τὸ
1045 2850 1315 2921 ἀφόρητον
1347 2853 1479 2922 πρὸς
1501 2852 1598 2924 τὴν
1621 2853 1893 2924 βασιλείαν
1914 2858 2058 2927 ἡμᾶς
2083 2875 2198 2910 συν-

540 2930 746 3003 ωθήσῃ.
763 2927 910 2996 Εἶδες
925 2934 1226 3006 εὐμήχανον
1247 2938 1336 2990 τοῦ
1350 2941 1616 2994 Δεσπότου
1632 2943 1818 3010 φιλανθ
1826 2944 2033 3014 ρωπίαν
2051 2963 2064 3010 ;
2084 2946 2198 3008 πῶς

541 3020 716 3070 πάντα
740 3024 880 3073 ποιεῖ
904 3023 995 3075 καὶ
1023 3027 1596 3095 πραγματεύεται,ὠςιι
1607 3031 1679 3100 μὴ
1706 3031 1862 3100 μόνον
1888 3032 2058 3084 σῶσαι
2077 3035 2200 3096 τοὺς

544 3105 633 3156 ὑπ’
652 3105 814 3158 αὐτοῦ
831 3108 893 3176 δη
903 3111 1346 3180 μιουργηθέντας,
1361 3115 1494 3168 ἀλλά
1506 3118 1599 3169 καὶ
1615 3116 1719 3170 τῶν
1731 3119 2053 3189 ἀπορρήτων
2067 3119 2202 3188 ἀγα-

545 3189 652 3242 θῶν
675 3191 918 3257 ἀξιῶσαις
942 3195 1036 3247 Διά
1063 3195 1219 3250 τοῦτο
1246 3200 1335 3252 καὶ
1359 3201 1416 3252 τὸ
1438 3201 1782 3268 αὐτεξούσιον
1805 3205 1936 3273 ἡμῖν
1963 3202 2200 3275 δεδώρη-

543 3293 652 3336 ται,
685 3279 775 3330 καὶ
805 3279 862 3332 έν
900 3283 964 3351 τῇ
996 3283 1152 3349 φύσει
1194 3286 1284 3339 καὶ
1322 3289 1378 3340 ὲν
1417 3289 1492 3359 τῷ
1543 3290 1798 3343 συνειδότι
1839 3291 1992 3360 ἡμῶν
2040 3294 2204 3346 ὲναπ-

545 3363 698 3418 έθετο
726 3365 822 3436 τὴν
863 3369 1061 3435 γνῶσιν
1101 3373 1200 3441 τῆς
1242 3376 1435 3438 κακίας
1479 3378 1572 3431 καὶ
1609 3378 1705 3447 τῆς
1742 3379 1960 3450 ἀρετῆς,
1998 3381 2200 3435 καὶτὸν

543 3451 784 3505 διάϐολον
810 3455 1180 3528 συνεχώρησεν
1204 3456 1358 3526 εἶναι,
1390 3465 1482 3516 καί⁹
1515 3464 1611 3535 τὴν
1642 3465 1864 3533 γέενναν
1885 3468 2196 3539 ἠπείλησεν,

547 3539 630 3591 ἵνα
664 3541 798 3611 μήτε
825 3543 922 3613 τῆς
945 3545 1168 3614 γεέννης
1198 3550 1388 3620 πεῖραν
1413 3550 1662 3622 λάϐωμεν
1689 3554 1781 3606 καὶ
1804 3554 1902 3624 τῆς
1926 3554 2201 3625 βασιλείας

546 3626 903 3696 ἐπιτύχωμεν.
951 3631 1060 3684 Καὶ
1106 3633 1158 3684 τί
1204 3633 1500 3705 θαυμάζεις
1553 3639 1601 3690 εἰ
1644 3638 1814 3692 ταῦτα
1858 3642 2070 3695 ἅπαντα
2114 3643 2201 3697 διά

543 3712 700 3767 τοῦτο
723 3716 1229 3787 ἐπραγματεύσατο,
1253 3725 1347 3777 καὶ
1373 3725 1538 3796 μυρία
1558 3727 1720 3799 ἕτερα
1739 3729 1962 3795 ;Δούλου
1991 3732 2201 3803 μορφὴν

545 3802 573 3853 6
599 3801 657 3853 ὲν
696 3805 805 3866 τοῖς
838 3805 1056 3871 κόλποις
1082 3812 1195 3872 τοῖς
1223 3816 1507 3881 πατρικοῖς
1537 3814 1816 3883 τυγχάνων
1853 3815 2036 3869 λαϐεῖν
2065 3801 2201 3873 κατ-

546 3887 781 3955 εδέξατο,
805 3893 897 3945 καὶ
921 3894 1098 3950 πάντα
1124 3897 1193 3950 τά
1218 3897 1350 3951 ἄλλα
1384 3901 1667 3968 ὑπομεῖναι
1691 3901 1756 3954 τά
1782 3906 2085 3974 σωματικὰ,
2111 3911 2202 3962 καὶ

545 3976 610 4029 ὲκ
634 3980 889 4045 γυναικὸς
915 3982 1259 4053 γεννηθῆναι,
1283 3987 1375 4039 καὶ
1413 3989 1475 4040 ὲκ
1508 3987 1776 4060 παρθένου
1807 3991 2080 4063 τεχθῆναι,
2111 3999 2202 4048 καὶ

546 4064 953 4150 έννεαμηνιαῖον
987 4071 1387 4142 κυοφορηθῆναι
1428 4075 1638 4144 χρόνον.
1672 4077 1764 4130 καὶ
1797 4079 2081 4150 σπάργανα
2120 4083 2205 4136 δέ-

548 4146 772 4214 ξασθαι,
816 4155 909 4205 καὶ
941 4157 1150 4227 πατέρα
1185 4159 1348 4214 αὐτοῦ
1378 4164 1695 4235 νομισθῆναι
1730 4167 1820 4220 τὸν
1878 4146 2072 4240 Ἰωσὴφ
2115 4172 2203 4223 τὸν

550 4240 834 4309 μνηστῆρα
861 4243 956 4313 τῆς
981 4246 1219 4315 Μαρίας,
1247 4250 1339 4303 καὶ
1369 4253 1507 4305 κατά
1538 4255 1732 4325 μικρὸν
1763 4257 2079 4328 αὐξηθῆναι,
2111 4262 2202 4313 καὶ

548 4331 969 4401 περιτμηθῆναι,
999 4335 1092 4386 καὶ
1116 4335 1303 4389 θυσίαν
1329 4339 1657 4407 ἀνενεγκεῖν,
1695 4347 1784 4398 καὶ
1809 4348 2079 4417 πεινῆσαι,
2112 4351 2203 4402 καὶ

548 4415 788 4486 διψῆσαιν
815 4419 904 4471 καὶ
938 4420 1216 4486 κοπιάσειε.
1247 4425 1339 4476 καὶ
1369 4427 1666 4483 τελευταῖον
1697 4433 1788 4486 καὶ
1818 4434 2042 4488 θάνατον
2074 4437 2204 4490 ὐπο-

552 4505 747 4571 μεῖναι,
779 4506 872 4558 καὶ
924 4507 1147 4560 θάνατον
1197 4511 1291 4580 οὐχ
1331 4513 1531 4580 ἀπλῶς,
1563 4517 1698 4569 ἀλλὰ
1731 4519 1817 4571 τὸν
1849 4522 2204 4577 ἐπονείδιστον

548 4591 918 4662 νομιζόμενον,
952 4597 1042 4646 τὸν
1073 4599 1306 4668 σταυροῦ
1343 4599 1513 4669 λέγον
1548 4605 1641 4655 καὶ
1674 4606 1842 4658 ταῦτα
1885 4607 2099 4662 ἅπαντα
2137 4612 2202 4663 δι’

548 4679 694 4746 ἡμᾶς
721 4681 812 4732 καὶ
847 4682 942 4750 τὴν
976 4685 1244 4754 σωτηρίαν
1280 4687 1376 4756 τὴν
1408 4691 1675 4760 ἡμετέραν
1704 4693 2022 4758 κατεδέξατο
2046 4699 2072 4747 6
2098 4698 2204 4750 τῶν

547 4764 801 4817 ἁπάντων
829 4766 1173 4838 δημιουργὶς,
1210 4773 1236 4824 6
1263 4774 1636 4839 ἀναλλ-·ιίωτος,
1663 4779 1690 4829 6
1720 4780 1783 4830 ἐκ
1815 4780 1906 4832 τοῦ
1949 4782 2021 4852 μὴ
2055 4785 2206 4848 ὄντος

548 4852 626 4912 είς
653 4851 713 4903 τὸ
747 4848 882 4906 εἶναι
908 4854 972 4906 τὰ
1005 4857 1178 4910 πάντα
1206 4862 1564 4930 παραγαγὼν,
1593 4866 1620 4916 6
1648 4865 1952 4920 ἐπιϐλέπων
1980 4870 2072 4922 ἐπὶ
2107 4872 2204 4940 τὴν

548 4941 669 5008 γῆν,
703 4943 792 4992 καὶ
823 4944 988 4996 ποιῶν
1019 4947 1186 5017 αὐτὴν
1215 4948 1454 5019 τρέμειν.
1481 4945 1541 5003 οὐ
1571 4953 1667 5022 τῆς
1701 4953 1856 5026 δόξης
1882 4958 1978 5026 τὴν
2002 4959 2206 5029 ἀστρα-

443 5058 455 5066 -
551 5029 656 5099 πὴν
694 5031 810 5082 οὐδὲ
847 5031 910 5084 τά
951 5034 1247 5105 Χερουϐὶμ,
1287 5037 1342 5088 αί
1380 5037 1656 5109 ἀσώματοι
1686 5042 1941 5113 δυνάμεις
1979 5047 2201 5110 ἐκεῖναι,

551 5115 677 5168 ἰδεῖν
714 5116 983 5181 δύνανται,
1031 5120 1145 5172 ἀλλ’
1182 5124 1614 5193 ἀποστρέφουσαι
1652 5128 1750 5189 τάς
1783 5128 1930 5196 ὄψεις
1963 5135 2028 5201 τῇ
2073 5148 2205 5202 προ-

549 5201 676 5273 ϐολῇ
723 5205 829 5256 τῶν
877 5208 1160 5277 πτερύγων
1195 5209 1254 5262 τὸ
1292 5209 1474 5280 θαῦμα
1510 5215 1638 5282 ἡμῖν
1678 5215 2100 5271 ἐπιδείκνυνται’
2147 5221 2204 5272 ὃν

549 5289 634 5342 διά
649 5293 844 5353 παντὸς
865 5293 1122 5362 ὑμνοῦσιν
1141 5296 1378 5365 ἄγγελοι,
1406 5301 1755 5370 ἀρχάγγελοι,
1781 5303 1872 5356 καὶ
1899 5307 2086 5375 μυρίαι
2114 5325 2204 5376 μυ-

551 5377 747 5448 ριάδες·
781 5373 932 5443 οὗτος
953 5382 1016 5432 δι’
1050 5385 1215 5451 ἡμᾶς,
1241 5387 1332 5437 καὶ
1362 5387 1456 5456 τὴν
1489 5389 1759 5458 σωτηρίαν
1785 5391 1880 5459 τὴν
1904 5393 2201 5463 ἡμετέραν,

547 5462 828 5533 ἄνθρωπος
862 5469 1108 5534 γενέσθαι
1154 5473 1498 5539 κατεδέξατο,
1534 5476 1623 5527 καὶ
1664 5475 1812 5549 [216]
1845 5478 1942 5547 τῆς
1979 5462 2202 5551 ἀρίστης

549 5556 821 5620 πολιτείας
857 5562 982 5627 ἡμῖν
1027 5563 1123 5629 τὴν
1167 5563 1282 5614 ὁδὸν
1315 5563 1503 5631 ἔτεμε.
1540 5568 1632 5620 καὶ
1670 5566 1737 5617 δι’
1782 5561 1854 5619 ὧν
1884 5569 2044 5632 αὐτὸς
2076 5565 2203 5640 ἦλθε

548 5643 644 5712 τήν
669 5646 834 5716 αὐτὴν
868 5651 996 5717 ἡμῖν
1031 5651 1190 5718 φύσιν
1217 5653 1516 5713 ἀναλαϐὼν,
1553 5656 1828 5726 ἀρκοῦσαν
1861 5658 2203 5716 διδασκαλίαν

548 5730 853 5785 ἐναπέθετο.
887 5736 1017 5787 Ποία
1052 5736 1226 5790 τοίνυν
1267 5741 1394 5809 ἡμῖν
1430 5741 1672 5796 λείπεται
1708 5744 1889 5797 λοιπὸν
1919 5747 2200 5815 ἀπολογία,

609 5853 631 5876 ⁴
656 5857 802 5907 Smil.
829 5859 1091 5918 legendum
1119 5859 1314 5921 conjici!
1358 5861 1599 5911 τοσοῦτον.

1327 380 1381 436 S.
1419 378 1701 436 JOANNIS
1741 377 2229 436 CIIRYSOSTOMI
2273 378 2594 434 ARCIIIEP.
2642 371 3186 435 CONSTANTIN‘OP.

3878 370 3981 426 206

2307 494 2579 546 τοσούτων
2596 493 2679 546 διά
2709 494 2804 562 τὴν
2839 491 3110 562 ἡμετέραν
3139 489 3410 559 σωτηρίαν
3451 488 3912 558 προηγουμένων.
3937 489 3984 538 εί

2314 582 2598 653 μέλλοιμεν
2625 582 2857 651 ἀνόνητα
2892 580 3107 634 ἅπαντα
3139 577 3428 641 δεικνύναι,
3453 576 3543 631 διά
3572 579 3672 646 τῆς
3706 577 3978 647 ῥᾳθυμίας

2307 668 2409 737 τῆς
2439 669 2639 723 τούτων
2663 668 3001 740 προδιδόντες
3033 668 3190 735 ἡμῶν
3219 672 3315 736 τὴν
3351 666 3659 737 σωτηρίαν;
3686 664 3778 716 Διὸ
3799 681 3972 732 παρα-

2310 756 2459 808 καλῶ
2491 759 2698 828 νήφειν,
2737 757 2831 808 καὶ
2867 755 2940 824 μὴ
2985 752 3172 816 ἀπλῶς
3217 753 3472 823 συνηθείᾳ
3499 753 3608 806 τῶν
3642 752 3820 805 ἀλλων
3850 768 3976 802 κατ-

2309 842 2638 907 ακολουθεῖν,
2669 841 2806 896 ἀλλά
2830 840 2924 911 τὴν
2952 840 3159 898 ἑαυτῶν
3181 839 3324 909 ζωὴν
3355 840 3474 893 καθ’
3499 839 3740 908 ἑκάστην
3763 838 3977 907 ἡμέραν

2309 923 2803 1001 πολυπραγμονεῖν,
2830 929 2921 980 καὶ
2944 926 3163 987 εἰδέναι,
3194 925 3244 977 τί
3275 927 3373 996 μὲν
3398 927 3529 995 ἡμῖν
3557 927 3899 996 ἡμάρτηται.
3927 926 3976 974 τί

2305 1017 2363 1070 δὲ
2389 1017 2741 1088 κατώρθωται
2763 1034 2775 1046 ·
2801 1018 2894 1070 καὶ
2913 1016 3054 1068 οὕτω
3079 1015 3186 1068 τῶν
3210 1015 3615 1084 ἡμαρτημένων
3637 1017 3738 1084 τὴν
3759 1013 3975 1084 διόρθω

2309 1122 2391 1158 σιν
2422 1105 2732 1176 ποιώμεθα,
2784 1106 2872 1158 ἵνα
2921 1105 3014 1157 καὶ
3053 1103 3149 1173 τὴν
3197 1102 3401 1156 ἀνωθεν
3438 1101 3609 1171 ῥοπὴν
3651 1102 3974 1154 incanum-)-

2309 1191 2468 1262 μεθα,
2499 1195 2592 1245 καὶ
2627 1193 2910 1263 εὐάρεστοι
2941 1189 3017 1260 τῷ
3194 1187 3495 1258 γενώμεθα,
3532 1187 3790 1256 καθάπερ
3834 1190 3863 1239 6
3903 1188 3976 1238 δὶ-

2307 1295 2458 1342 καιος
2493 1271 2666 1342 οὗτος,
2706 1278 2796 1330 καὶ
2834 1277 2936 1346 τῆς
2983 1276 3254 1346 βασιλείας
3285 1276 3392 1328 τῶν
3427 1275 3673 1346 οὐρανῶν
3702 1276 3971 1345 ἐπιτύχωο

2309 1383 2428 1434 μεν,
2472 1367 2652 1435 χάριτι
2682 1366 2772 1417 καὶ
2803 1363 3181 1434 φιλανθρωπίᾳ.
3211 1363 3304 1415 τοῦ
3335 1364 3538 1432 Κυρίου
3579 1363 3740 1433 ἡμῶν
3801 1364 3974 1432 ’θησοῦ

2306 1452 2539 1522 Χριστοῦ
2557 1494 2570 1516 ,
2606 1452 2723 1522 μεθ’
2753 1446 2814 1503 οὗ
2843 1450 2920 1520 τῷ
2950 1450 3122 1520 Πατρὶ
3151 1449 3266 1520 ἅμα
3294 1448 3389 1501 καὶ
3417 1449 3497 1518 τῷ
3522 1451 3664 1519 ἁγίῳ
3694 1449 3974 1518 Πνεύματι

2304 1539 2450 1605 δόξα,
2476 1541 2630 1610 τιμὴ,
2663 1541 2859 1610 κράτος
2883 1538 2976 1590 νῦν
3001 1538 3094 1591 καὶ
3120 1537 3222 1601 ἀεὶ,
3253 1537 3348 1590 καὶ
3376 1539 3455 1601 είς
3478 1537 3604 1600 τοὺς
3630 1537 3838 1600 αἰῶνας
3866 1540 3973 1588 τῶν

2304 1627 2534 1681 αἰώνων.
2584 1629 2773 1697 Ἀμήν.

2932 1713 3172 1766 υΜῐΛῘΔ
3205 1713 3328 1767 KA'.

2315 1800 2637 1880 ἐγέννηίτε
2676 1801 2745 1880 ίῖὲ
2773 1799 2904 1880 Νῶε
2929 1799 3095 1880 ερεῖςί
3111 1798 3301 1880 νιρὺεν
3329 1799 3436 1880 τὸν
3472 1798 3637 1880 Σίνιν
3673 1798 3784 1880 τείν
3810 1800 3967 1880 ἕάιιι

2373 1872 2480 1924 τὸν
2524 1871 2717 1938 Ἰάφεθ
2741 1886 2754 1900 ο
2797 1870 3020 1939 ἐφθάρη
3060 1869 3128 1922 δὲ
3153 1870 3190 1938 ἠ
3218 1869 3292 1938 γῆ
3326 1871 3602 1922 ἐναντίον
3650 1869 3758 1923 τοῦ
3801 1870 3966 1928 Θεοῦ.

2374 1941 2468 1992 καί
2496 1940 2770 2007 ἐπλήσθη
2793 1942 2830 2007 ἠ
2863 1941 2935 2009 γῆ
2970 1939 3222 2004 ἀδικίας.

2375 2033 2441 2079 α’.
2460 2028 2533 2080 Οὐ
2556 2027 2622 2081 τά
2642 2030 2866 2097 τυχόντα
2891 2029 3034 2098 ἡμᾶς
3047 2026 3296 2098 ὠφέλησε
3316 2027 3485 2097 χθὲςὴ
3506 2025 3598 2079 τοῦ
3615 2027 3827 2080 δικαίου
3845 2027 3966 2078 Νῶε

2305 2112 2636 2180 γενεαλογία.
2679 2114 2787 2166 Καὶ
2827 2113 2934 2184 γάρ
2981 2113 3226 2184 ἔγνωμεν
3267 2113 3575 2183 θαυμαστὸν
3612 2113 3968 2182 γενεαλογίας

2303 2197 2520 2268 τρόπον,
2560 2198 2656 2252 καὶ
2701 2198 2914 2268 εἴδομεν
2953 2199 3043 2252 τὸν
3074 2200 3280 2252 δίκαιον
3320 2200 3832 2270 ἀνακηρυττόμενον
3873 2203 3970 2254 οὐκ

2305 2285 2411 2338 ἀπὸ
2436 2286 2532 2356 τῆς
2560 2285 2668 2339 τῶν
2702 2289 2979 2358 προγόνων
3009 2287 3366 2358 περιφανείας
3385 2328 3399 2351 ,
3432 2287 3548 2341 ἀλλ’
3583 2289 3692 2341 ἀπὸ
3721 2289 3825 2358 τῆς
3863 2291 3969 2340 τῶν

2304 2373 2516 2427 οἰκείων
2556 2375 2770 2445 τρόπων
2816 2376 3046 2445 ἀρετῆς,
3081 2376 3146 2428 δι’
3190 2378 3255 2447 ἦν
3299 2376 3395 2428 καὶ
3438 2375 3707 2446 τοσαύτην
3752 2376 3971 2441 ἐδέξατο

2309 2461 2613 2533 μαρτυρίαν
2652 2463 2801 2534 παρά
2834 2464 2933 2532 τῆς
2974 2463 3124 2526 θείας
3156 2463 3412 2535 Γραφῆς’
3453 2463 3580 2516 Νῶε
3618 2464 3749 2534 γάρ,
3781 2465 3967 2534 φησὶν,

2305 2548 2611 2615 ἄνθρωπος
2634 2549 2883 2615 δίκαιος,
2902 2549 3126 2616 τέλειος
3149 2549 3234 2601 ὢν
3251 2551 3322 2602 ἐν
3350 2548 3424 2618 τῇ
3447 2548 3624 2618 γενεᾷ
3643 2551 3836 2605 αὑτοῦ
3851 2568 3868 2582 ·
3893 2550 3973 2615 τῷ

2308 2632 2430 2699 Θεῷ
2460 2635 2831 2704 εὐηρέστησε
2863 2637 3006 2691 Νῶε.
3043 2639 3134 2702 El;
3165 2637 3336 2692 ταῦτα
3373 2637 3483 2709 γάρ
3525 2637 3733 2710 βραχέα
3762 2637 3830 2691 τὰ
3870 2640 3970 2708 ῥή-

2309 2737 2455 2791 ματα
2486 2721 2700 2776 ἅπασαν
2727 2722 3070 2777 διδασκαλίαν
3094 2725 3218 2794 χθὲς
3243 2723 3723 2795 κατηναλώσαμεν.
3771 2725 3834 2778 Ἢ
3863 2727 3972 2796 γάρ

2307 2808 2412 2860 τῶν
2449 2808 2606 2861 θείων
2633 2809 2826 2877 λογίων
2868 2811 3029 2878 φύσις
3071 2814 3128 2863 έν
3160 2810 3360 2879 ὀλίγοις
3395 2812 3600 2882 ῥήμασι
3632 2812 3802 2866 πολὺν
3836 2812 3971 2865 tm-

2304 2894 2574 2949 δείκνυται
2602 2896 2709 2950 τῶν
2737 2898 3021 2968 νοημάτων
3059 2898 3149 2951 τὸν
3176 2898 3423 2962 πλοῦτον,
3463 2901 3556 2954 καὶ
3582 2899 3790 2970 ἄφατον
3822 2904 3970 2971 χαρί-

2307 2981 2456 3044 ζεται
2496 2982 2584 3036 τὸν
2631 2982 2900 3056 θησαυρὸν
2942 2988 3052 3049 τοῖς
3094 2985 3232 3054 μετά
3277 2986 3561 3058 ἀκριϐείας
3606 2987 3703 3058 τὴν
3741 2989 3972 3059 ἔρευναν

2308 3068 2572 3122 ποιεῖσθαι
2607 3068 2967 3140 βουλομένοις.
3000 3072 3089 3125 Διὸ
3117 3071 3200 3142 δὴ,
3234 3073 3551 3145 παρακαλῶ,
3587 3074 3751 3145 μηδὲν
3783 3075 3972 3139 ἁπλῶς

2308 3153 2674 3226 διατρέχωμεν
2703 3158 2809 3209 τῶν
2836 3160 2892 3210 ὲν
2925 3163 2988 3228 τῇ
3016 3159 3136 3230 θείᾳ
3162 3160 3346 3230 Γραφῇ
3382 3158 3670 3229 κειμένων,
3705 3163 3840 3214 ἀλλά
3866 3163 3973 3215 κᾶν

2308 3240 2583 3310 ὀνομάτων
2608 3243 2905 3311 κατάλογος
2932 3242 2986 3318 ᾖ,
3010 3244 3111 3298 κᾶν
3136 3246 3372 3312 ἱστορίας
3407 3246 3676 3317 διήγησις,
3699 3247 3790 3299 τὸν
3815 3250 3974 3316 ἐγκε-

2311 3328 2623 3398 κρυμμένον
2646 3330 3010 3401 ἀνιχνεύωμεν
3039 3331 3330 3402 θησαυρόν.
3370 3333 3467 3387 Διά
3497 3333 3604 3405 γάρ
3644 3333 3801 3387 τοῦτο
3826 3338 3920 3388 καὶ
3944 3337 3972 3386 6

2311 3415 2540 3486 Χριστὸς
2579 3417 2759 3485 ἔλεγεν
2783 3435 2796 3449 ο
2853 3417 3165 3486 Ἐρευνᾶτε
3199 3419 3302 3486 τὰς
3337 3421 3604 3490 Γραφάς.
3652 3422 3870 3494 Ἐπειδὴ
3909 3424 3970 3476 οὐ

2311 3505 2580 3573 πανταχοῦ
2615 3504 2672 3571 έξ
2705 3505 2964 3576 ἐπιπολῆς
3003 3505 3149 3558 ἔστιν
3180 3507 3358 3578 εὑρεῖν
3389 3506 3479 3560 τὸν
3521 3507 3641 3561 νοῦν
3671 3509 3779 3563 τῶν
3812 3511 3972 3578 ὲγγε-

2309 3591 2661 3662 γραμμένων,
2692 3592 2826 3646 ἀλλά
2852 3594 3009 3662 χρεία
3039 3595 3132 3646 καὶ
3162 3595 3360 3664 πολλῆς
3391 3593 3619 3666 ἐρεύνης
3648 3597 3794 3650 ἐστὶν
3815 3602 3969 3669 ἡμῖν,

2311 3680 2447 3734 ὥστε
2483 3679 2646 3750 μηδὲν
2671 3681 2819 3751 ἡμᾶς
2850 3679 3031 3733 λαθεῖν
3066 3681 3173 3733 τῶν
3197 3683 3254 3736 ὲν
3286 3680 3362 3751 τῷ
3390 3680 3543 3750 βάθει
3587 3685 3877 3752 κειμένων.
3912 3689 3971 3741 Εἰ

2311 3765 2365 3818 δὲ
2397 3768 2430 3837 ἡ
2461 3767 2796 3838 προσηγορία
2834 3768 2968 3837 μόνη
2994 3768 3092 3838 τῆς
3115 3768 3346 3837 φύσεως,
3377 3769 3443 3822 ,τὸ
3469 3769 3778 3838 ἅνθρωπος
3800 3777 3972 3844 ὄνομα

2310 3852 2470 3920 λέγω,
2495 3853 2761 3922 τοσαύτην
2793 3854 2924 3924 ἡμῖν
2949 3854 3099 3906 ἔτεκε
3135 3853 3260 3925 χθὲς
3288 3854 3549 3922 ὠφελείας
3577 3857 3853 3924 ὑπόθεσιν,

2313 3956 2402 3992 σον
2425 3941 2485 3992 οὐ
2514 3959 2581 3993 κα
2593 3941 2916 4011 ρπωσόμεθα
2937 3941 3146 4011 κέρδος,
3171 3944 3217 3994 εί
3238 3943 3469 3996 ἕκαστον
3488 3943 3595 3998 τῶν
3617 3945 3672 3997 έν
3695 3949 3758 4016 τῇ
3783 3948 3968 4018 Γραφῇ

2313 4027 2449 4096 μετά
2485 4029 2754 4098 προσοχῆς
2795 4029 2889 4080 καὶ
2931 4027 3206 4098 ἀγρύπνου
3255 4029 3494 4092 διανοίας
3533 4032 3804 4102 έπίωμεν;
3860 4035 3968 4088 Καὶ

2312 4115 2418 4184 γάρ
2474 4115 2848 4185 φιλάνθρωπον
2890 4116 3083 4185 ἔχομεν
3131 4117 3440 4186 Δεσπότην,
3485 4120 3578 4173 καὶ
3624 4121 3842 4175 ἐπειδάν
3887 4123 3970 4196 ἴδῃ

2316 4201 2691 4270 μεριμνῶντας
2723 4202 2904 4270 ἡμᾶς,
2945 4202 3039 4254 καὶ
3085 4203 3247 4255 πόθον
3295 4204 3460 4258 πολὺν
3498 4205 3966 4277 ἐπιδεικνυμένους

2313 4287 2447 4358 πρὸς
2484 4286 2582 4357 τὴν
2619 4286 2725 4339 τῶν
2769 4286 2924 4338 θείων
2968 4287 3161 4354 λογίων
3195 4291 3555 4360 κατανόησιν,
3602 4293 3701 4344 οὐκ
3747 4295 3968 4366 ἀφίησιν

2313 4373 2495 4443 ἑτέρου
2519 4373 2658 4435 τινὸς
2687 4373 2961 4442 δεηθῆναι,
2985 4373 3097 4426 ἀλλ’
3123 4374 3321 4438 εὐθέως
3346 4377 3564 4444 φωτίζει
3587 4378 3677 4429 τὸν
3703 4381 3967 4451 ἡμέτεροι

2312 4461 2566 4530 λογισμὸν
2589 4502 2604 4524 ,
2640 4463 2732 4512 καὶ
2765 4463 2862 4530 τὴν
2892 4461 3017 4531 παρ’
3047 4461 3209 4514 αὐτοῦ
3239 4461 3501 4530 ἐλλαμψιν
3537 4464 3836 4534 χαρίζεται,
3876 4470 3969 4519 καὶ

2313 4547 2453 4600 κατά
2480 4548 2577 4617 τὴν
2603 4548 2905 4617 εὐμήχανον
2938 4549 3101 4601 αὐτοῦ
3133 4550 3323 4618 σοφίαν
3356 4553 3534 4604 πᾶσαν
3562 4553 3658 4622 τὴν
3688 4553 3858 4623 ἀληθῆ
3893 4555 3969 4607 δι-

2311 4635 2601 4687 δασκαλίαν
2619 4636 2800 4704 ’έντίθη
2810 4652 2860 4687 σι
2882 4639 2946 4707 τῇ
2973 4635 3215 4707 ἡμετέρᾳ
3232 4636 3393 4708 ψυχῇ.
3415 4636 3564 4710 [217]
3583 4639 3679 4691 Διά
3701 4640 3858 4693 τοῦτο
3876 4645 3968 4695 καὶ

2315 4722 2631 4791 προτρέπων
2654 4723 2798 4791 ἡμᾶς
2824 4723 2915 4774 ἐπὶ
2944 4723 3118 4783 τοῦτο,
3151 4723 3244 4777 καὶ
3282 4722 3722 4795 προθυμοτέρους
3749 4728 3970 4798 ἐργαζό-

2316 4824 2500 4876 μενος,
2547 4808 2911 4878 μακαρισμῶν
2941 4807 3122 4872 ἀξίους
3149 4808 3393 4878 ἀπέφηνε
3440 4813 3563 4873 τοὺς
3605 4813 3697 4866 τὸν
3734 4813 3969 4868 τοιοῦτον

2313 4893 2474 4947 πόθον
2501 4895 2993 4965 ἐπιδεικνυμένους,
3020 4895 3216 4963 λέγων,
3248 4896 3537 4964 Μακάριοι
3567 4902 3619 4952 οί
3651 4900 3969 4962 πεινῶντες

2313 4981 2404 5034 καὶ
2429 4980 2717 5049 διψῶντες
2747 4982 2859 5049 τὴν
2884 4969 3296 5050 δικαιοσύκην,
3329 4983 3415 5037 ὅτι
3440 4986 3606 5038 αὐτοὶ
3635 4991 3963 5055 lamna-0:}-

2311 5085 2538 5122 σονται.
2583 5071 2725 5140 Ὅρα
2758 5071 2947 5139 σοφίαν
2989 5070 3340 5122 διδασκάλουο
3387 5073 3445 5123 οὐ
3480 5072 3566 5124 διά
3604 5074 3696 5125 τοῦ
3738 5092 3966 5146 μακαρι-

2315 5157 2450 5227 σμοῦ
2475 5159 2633 5227 μόνον
2665 5156 3015 5227 προέτρεψεν,
3042 5155 3174 5210 ἀλλὰ
3200 5159 3289 5209 καὶ
3318 5157 3393 5227 τῷ
3415 5159 3607 5222 εἰπεῖν,
3634 5163 3697 5213 01
3722 5163 3967 5214 πεινῶν·

2311 5261 2407 5309 τες
2462 5245 2557 5298 καὶ
2614 5242 2908 5312 διψῶντες
2961 5242 3072 5310 τὴν
3121 5242 3545 5312 δικαιοσύνην,
3597 5246 3801 5313 ἐδίδαξε
3846 5250 3964 5312 τοὸς

2311 5331 2605 5395 ἀκούοντας
2635 5330 2753 5401 μεθ’
2778 5331 2908 5405 δσης
2934 5329 3238 5400 προθυμίας
3266 5333 3530 5403 προσήκει
3569 5331 3705 5402 πρὸς
3738 5337 3834 5406 τὴν
3861 5338 3964 5388 τῶν

2314 5419 2694 5490 πνευματικῶν
2745 5417 2940 5486 λογίων
2991 5417 3212 5487 ἔρευναν
3264 5420 3460 5489 ὁρμᾷν.
3519 5420 3785 5494 Καθάπερ
3840 5424 3961 5493 γὰρ,

2312 5507 2496 5576 φησὶν,
2526 5507 2573 5557 οἱ
2605 5504 2792 5574 πείνης
2825 5504 3283 5574 προηγησαμένης
3317 5505 3454 5574 μετά
3491 5507 3796 5577 προθυμίας
3832 5511 3964 5578 ἀφά-

2310 5611 2403 5647 του
2431 5595 2521 5646 ἐπὶ
2546 5593 2641 5662 τὴν
2671 5592 2878 5662 τροφὴν
2933 5592 3260 5660 ἐπείγονται,
3293 5593 3387 5645 καὶ
3421 5594 3469 5644 οί
3508 5595 3616 5646 ἀπὸ
3648 5595 3740 5648 τοῦ
3777 5596 3961 5650 πολλοῦ

2310 5682 2494 5752 δίψους
2521 5679 2863 5749 ἐκκαιόμενοι
2897 5680 2975 5751 τῷ
3017 5679 3216 5751 πόματι
3255 5681 3392 5749 μετά
3424 5682 3659 5750 σπουδῆς
3688 5685 3959 5751 προσίασι·

2311 5769 2450 5822 κατὰ
2473 5768 2561 5820 τὸν
2599 5767 2761 5820 αὐτὸν
2795 5767 2856 5837 δὴ
2899 5768 3094 5837 τρόπον
3123 5770 3419 5840 προσήκει,
3451 5768 3702 5838 καθάπερ
3743 5770 3959 5822 πενθῶν-

2310 5874 2407 5921 τας
2449 5857 2541 5911 καὶ
2580 5856 2864 5928 διψῶντας,
2896 5855 3034 5909 οὕτω
3056 5858 3120 5927 τῇ
3154 5856 3469 5926 διδασκαλίᾳ
3506 5859 3570 5926 τῇ
3631 5861 3963 5930 πνευματικῇ
