4152 6532
249 456 354 514 203

249 586 381 641 tem,
411 573 649 643 aspirare
677 571 743 627 ad
769 585 951 626 veram
979 569 1223 641 gloriam,
1259 577 1312 623 et
1334 581 1646 638 praeponere
1669 566 1844 620 visibi-

249 649 389 719 libtis
422 662 669 719 omnibus
707 661 918 717 laudem
956 676 1076 732 quze
1101 675 1131 715 a
1165 661 1273 716 Deo
1302 668 1386 715 est
1419 678 1432 713 :
1463 671 1639 712 nonne
1669 656 1845 711 mani-

248 757 444 813 festum
482 766 565 813 est
599 771 692 812 eos
724 797 738 821 ,
776 764 896 827 post
932 757 1155 826 gratiam
1191 754 1284 810 Dei
1320 796 1334 818 ,
1364 767 1462 808 suo
1501 751 1677 807 studio
1711 752 1846 807 bene

244 859 407 919 agere
438 861 595 920 posse
616 890 629 910 .
659 862 865 918 nosque
889 855 1069 903 nostra
1099 846 1305 918 ignavia
1335 852 1573 901 nostram
1598 843 1844 898 amittere

245 940 474 995 salutem
504 980 521 1005 ,
549 948 604 995 et
630 937 747 1009 ejus
773 937 942 1009 gratia
969 953 1067 993 nos
1097 939 1328 1007 spoliare
1353 936 1377 990 t

318 1031 373 1087 ϐ.
405 1027 622 1085 Herulis
648 1030 1358 1100 alimmum—Quapropter
1387 1027 1614 1084 obsecro
1646 1035 1703 1082 ut
1732 1026 1847 1084 ha'c

244 1123 541 1195 cogitantes
567 1165 582 1190 ,
625 1130 682 1178 et
719 1124 773 1177 in
800 1131 977 1179 mente
1023 1132 1202 1178 nostra
1245 1121 1500 1177 continuo
1524 1129 1800 1176 versantes
1828 1161 1843 1184 ,

245 1229 536 1286 numquam
562 1213 834 1270 diabolum
861 1253 878 1280 ,
906 1213 1000 1269 sed
1030 1222 1266 1269 nostram
1295 1213 1464 1269 levem
1496 1213 1845 1284 ignavamque

247 1316 479 1362 mentem
509 1320 815 1377 arguamus.
838 1305 906 1360 Et
932 1305 1047 1360 haec
1071 1305 1190 1360 dico
1220 1320 1326 1360 non
1347 1305 1488 1374 quod
1517 1303 1787 1358 diabolum
1814 1317 1843 1355 a

189 1412 192 1416 '
241 1411 347 1451 suo
369 1396 593 1451 crimine
617 1395 897 1452 absolvere
924 1396 1084 1452 velim
1108 1413 1122 1449 :
1154 1395 1292 1449 absit
1331 1411 1346 1448 :
1379 1394 1524 1449 vadit
1544 1395 1685 1449 enim
1710 1394 1847 1449 sicut

244 1486 334 1543 leo
353 1496 412 1542 ut
436 1489 626 1558 rapiat,
653 1497 707 1543 et
732 1490 964 1559 rugiens,
988 1498 1042 1543 et
1063 1503 1307 1558 quaerens
1328 1502 1486 1557 quem
1513 1487 1731 1543 devoret
1765 1487 1838 1559 (1.

247 1575 366 1632 Pet.
394 1579 446 1634 5.
476 1577 509 1633 8
536 1576 556 1650 )
589 1596 603 1632 :
634 1578 728 1633 sed
758 1587 813 1634 et
836 1595 933 1634 nos
954 1579 1220 1633 cautiores
1247 1577 1474 1633 reddere
1504 1578 1664 1644 volui,
1699 1588 1755 1632 ut
1778 1594 1845 1634 ne

245 1669 614 1725 existimemus
633 1687 818 1726 carere
849 1685 944 1725 nos
971 1672 1148 1740 culpa,
1177 1669 1437 1736 siquidem
1469 1679 1575 1724 tam
1604 1669 1755 1725 facile
1778 1670 1843 1724 ad

247 1762 506 1817 malitiam
548 1763 942 1834 prorumpimus
976 1805 990 1827 ,
1023 1772 1076 1817 et
1121 1777 1188 1817 ne
1237 1760 1422 1816 frivola
1475 1762 1562 1815 illa
1603 1761 1845 1816 dicamus

244 1854 408 1910 verba
433 1873 448 1910 :
475 1855 650 1924 Quare
683 1857 822 1911 Deus
848 1855 1050 1909 dimisit
1076 1855 1223 1908 illum
1252 1863 1357 1909 tam
1391 1855 1692 1924 improbum
1721 1896 1736 1919 ,
1785 1863 1844 1909 ut

243 1947 610 2017 supplantaret
644 1956 700 2002 et
735 1947 1143 2017 prosterneret?
1185 1945 1323 2001 Sunt
1349 1947 1491 2000 enim
1523 1945 1638 2001 hate
1684 1945 1843 2002 verba

242 2041 436 2111 ingrati
464 2040 752 2094 admodum
779 2040 961 2093 animi.
997 2039 1193 2094 Verum
1225 2046 1282 2093 tu
1325 2036 1426 2093 hoc
1454 2045 1629 2093 tecum
1661 2039 1842 2093 consi-

240 2130 396 2195 dera,
427 2130 573 2186 illum
600 2140 821 2202 propter
847 2130 950 2185 hoc
979 2131 1311 2199 potissimum
1343 2129 1587 2185 relictum
1611 2145 1752 2194 esse,
1787 2139 1844 2186 ut

241 2220 440 2276 timore
483 2221 788 2292 compulsi,
818 2230 870 2274 et
924 2221 1092 2276 hostis
1149 2220 1370 2275 insidias
1417 2230 1790 2290 exspectantes
1823 2263 1837 2288 ,

240 2312 412 2367 simus
439 2321 693 2382 perpetuo
717 2314 881 2368 sobrii
912 2322 967 2368 et
995 2313 1179 2383 vigiles
1200 2356 1214 2380 ,
1243 2313 1588 2384 laboremque
1631 2316 1842 2370 virtutis

240 2403 500 2459 leviorem
527 2403 784 2460 faciamus
810 2419 905 2474 spe
929 2405 1339 2461 retributionum
1367 2417 1424 2465 et
1441 2406 1841 2477 exspectatione

240 2504 568 2550 :cternorum
599 2506 653 2552 et
679 2496 1026 2552 ineffabilium
1055 2496 1264 2551 illorum
1305 2497 1592 2558 bonorum.
1622 2495 1690 2552 Et
1714 2498 1837 2568 quid

240 2585 489 2653 miraris,
527 2587 570 2641 si
607 2586 678 2641 ob
707 2586 844 2642 hanc
872 2602 1087 2641 causam
1118 2586 1333 2656 reliquit
1359 2587 1630 2643 diabolum
1660 2588 1799 2644 Deus
1822 2631 1834 2654 ,

237 2678 325 2732 cui
347 2687 487 2732 tanta
520 2686 717 2733 nostra:
746 2678 933 2732 salutis
953 2693 1101 2742 cura,
1130 2687 1185 2732 et
1213 2678 1302 2748 qui
1326 2677 1396 2732 ita
1429 2687 1667 2733 nostram
1689 2693 1834 2733 som-

239 2771 535 2826 nolentiam
575 2772 778 2826 excutit
811 2813 827 2838 ,
873 2771 1262 2840 materiamque
1304 2784 1628 2826 coronarum
1682 2771 1838 2826 nobis

239 2872 508 2932 praeparat
533 2862 556 2916 ἳ
582 2861 756 2932 Ipsam
783 2862 944 2918 etiam
972 2861 1273 2932 gehennam
1303 2869 1584 2931 propterea
1609 2861 1835 2930 paravit,

239 2963 300 3008 ut
328 2963 502 3009 metus
532 2969 701 3024 paena:
729 2955 1184 3024 intolerabilisque
1208 2953 1477 3010 cruciatus
1519 2953 1588 3008 ad
1615 2970 1834 3025 regnmn

238 3060 340 3119 nos
361 3047 623 3116 impellat.
669 3047 856 3102 Vidisti
885 3048 1139 3102 solertem
1168 3045 1372 3101 Domini
1406 3046 1787 3116 benignitatem
1814 3047 1837 3100 ?

236 3142 513 3209 quomodo
539 3143 715 3196 omnia
745 3141 906 3197 faciat
929 3149 985 3196 et
1012 3147 1206 3196 tractet
1243 3179 1259 3204 ,
1291 3148 1350 3193 ut
1393 3155 1500 3193 non
1534 3139 1708 3193 solum
1744 3154 1837 3194 eos

235 3231 327 3302 qui
353 3233 422 3286 ab
445 3247 504 3288 se
527 3231 727 3288 conditi
751 3240 1087 3298 suntservet,
1102 3229 1198 3286 sed
1228 3238 1282 3286 et
1309 3229 1661 3285 ineﬁ'abilibus
1684 3230 1837 3284 bonis

237 3324 411 3379 ditet?
442 3324 728 3395 Propterea
759 3324 985 3379 liberum
1008 3324 1286 3378 arbitrium
1328 3323 1483 3377 nobis
1523 3322 1714 3376 indidit
1743 3365 1757 3388 ,
1781 3333 1837 3378 et

239 3419 294 3472 in
340 3427 525 3473 natura
569 3418 1003 3487 conscientiaque
1047 3425 1228 3471 nostra
1279 3415 1519 3484 reposuit
1555 3415 1833 3470 scientiam

239 3508 364 3564 boni
394 3517 448 3563 ct
473 3509 596 3563 mali
615 3551 628 3574 ,
663 3508 1048 3579 diabolumque
1076 3522 1197 3562 esse
1225 3507 1465 3575 permisit
1497 3548 1510 3571 ,
1545 3521 1608 3561 ae
1629 3505 1834 3575 gehen-

239 3614 362 3655 nam
393 3600 623 3654 minatus
650 3610 752 3665 est,
782 3608 843 3654 ut
869 3615 988 3654 eam
1021 3614 1130 3654 non
1164 3600 1534 3668 experiremur
1564 3641 1577 3662 ,
1620 3598 1715 3654 sed
1750 3615 1834 3653 re-

237 3708 400 3763 gnum
428 3691 864 3763 adipisceremur.
891 3693 957 3747 Et
977 3692 1104 3764 quid
1134 3691 1347 3746 miraris
1375 3693 1416 3745 si
1451 3692 1549 3746 ista
1581 3693 1760 3746 omnia
1779 3700 1834 3747 et

240 3786 519 3840 innumera
541 3784 642 3838 alia
677 3784 796 3840 ideo
817 3783 1046 3839 fecerit?
1072 3782 1171 3850 Qui
1203 3784 1253 3837 in
1283 3783 1399 3836 sinu
1418 3782 1592 3837 Patris
1614 3792 1698 3837 est
1725 3782 1834 3838 for-

239 3894 385 3934 mam
409 3879 548 3934 servi
580 3879 855 3948 suscipere
880 3875 1329 3947 \'olttil(PItilipp.
1360 3875 1415 3928 2.
1445 3873 1500 3947 7)
1530 3917 1545 3943 ,
1573 3885 1628 3931 et
1654 3877 1834 3930 omnia

241 3970 344 4025 alia
374 3971 639 4025 sustinere
669 3985 788 4041 qua:
830 3969 897 4022 ad
933 3984 1130 4040 corpus
1161 3970 1432 4038 pertinent
1467 4009 1480 4031 ,
1513 3983 1578 4022 ex
1612 3969 1836 4024 muliere

240 4071 419 4117 ortum
447 4062 664 4128 habere,
695 4076 759 4117 ex
787 4060 1004 4130 Virgine
1031 4061 1213 4125 nasci,
1245 4073 1436 4114 novem
1475 4059 1752 4114 mensibus
1781 4060 1833 4114 in

241 4162 398 4208 utero
435 4154 631 4224 gestari
663 4195 679 4219 ,
729 4153 917 4222 pannis
947 4152 1141 4206 involvi
1175 4191 1192 4217 ,
1239 4160 1448 4222 patrem
1477 4168 1631 4207 suum
1661 4155 1835 4223 putari

240 4247 443 4318 Ioseph
461 4261 716 4315 sponsum
730 4246 930 4313 Marim,
950 4244 1200 4316 paulatim
1223 4260 1487 4310 crescere,
1504 4245 1835 4312 circumcidi,

242 4339 562 4395 sacrificium
593 4339 806 4402 offerre,
827 4338 1057 4405 esurire,
1087 4336 1257 4402 sitire,
1285 4336 1513 4407 fatigari,
1541 4345 1594 4392 et
1622 4338 1835 4393 tandem

243 4432 404 4485 etiam
433 4437 658 4485 martem
688 4429 953 4496 sustinere
992 4445 1004 4481 :
1037 4438 1092 4484 et
1121 4438 1350 4484 mortem
1383 4445 1490 4484 non
1520 4430 1791 4499 vulgarem
1821 4475 1834 4497 ,

243 4521 338 4577 sed
367 4536 486 4576 eam
503 4537 620 4590 quae
644 4520 1144 4590 ignominiosis-sima
1168 4520 1482 4586 habebatur,
1499 4522 1675 4578 crucis
1693 4524 1835 4588 dico;

244 4623 300 4667 et
323 4614 435 4667 lucc
461 4612 638 4666 omnia
660 4622 876 4680 propter
905 4626 1004 4666 nos
1025 4620 1373 4683 nostramque
1397 4612 1624 4667 salutem
1654 4628 1834 4668 susce-

247 4703 325 4772 pit
351 4702 588 4756 omnium
615 4700 877 4757 Conditor
901 4742 916 4767 ,
947 4701 1314 4768 immutabilis,
1343 4703 1432 4773 qui
1462 4704 1640 4757 omnia
1666 4718 1731 4758 ex
1755 4705 1836 4757 ni-

246 4794 356 4847 hilo
388 4803 442 4847 ut
468 4803 644 4847 essent
681 4793 926 4860 produin
954 4835 968 4858 ,
998 4793 1085 4863 qui
1115 4793 1332 4862 respicit
1362 4803 1557 4849 terram
1589 4836 1604 4861 ,
1633 4804 1686 4848 et
1716 4794 1842 4849 facit

244 4903 363 4942 eam
389 4895 616 4939 tremere
647 4884 818 4957 (Psal.
846 4887 967 4940 105.
991 4886 1085 4954 3?.)
1107 4903 1120 4948 ;
1144 4887 1297 4955 cujus
1323 4887 1512 4955 gloriae
1541 4887 1719 4957 fulgur
1747 4905 1838 4943 ne-

242 4993 347 5046 que
360 4975 668 5041 Chernbu‘n,
686 4978 1011 5045 incorporezc
1027 4977 1130 5031 illa;
1143 4977 1382 5043 virtutes,
1398 4977 1579 5032 videre
1594 4989 1837 5047 possunt,

244 5067 338 5122 sed
373 5067 623 5121 adversas
659 5068 819 5122 iacies
863 5077 1046 5136 tegunt
1088 5066 1311 5136 objectis
1349 5069 1450 5122 alis
1479 5109 1492 5130 ,
1522 5069 1839 5125 miraculum

247 5160 402 5212 nobis
432 5159 776 5225 exhibentes;
812 5176 967 5229 quem
999 5175 1212 5230 semper
1238 5160 1454 5215 laudant
1476 5163 1647 5232 angeli
1677 5174 1729 5218 et
1754 5180 1840 5217 ar-

245 5253 488 5321 cliangeli
523 5293 535 5316 ,
582 5263 635 5306 et
680 5253 958 5308 innumera
1009 5253 1170 5306 millia
1199 5271 1209 5306 :
1245 5253 1330 5307 hic
1378 5265 1597 5324 propter
1628 5270 1724 5310 nos
1751 5298 1763 5320 ,
1792 5268 1846 5312 et

249 5353 470 5412 promer
498 5353 734 5397 nostram
763 5344 989 5398 salutem
1011 5387 1024 5407 ,
1051 5344 1212 5396 homo
1240 5345 1354 5398 fieri
1385 5345 1548 5398 voluit
1574 5385 1587 5408 ,
1621 5356 1674 5399 et
1703 5349 1843 5415 opti-

248 5451 349 5488 tmc
379 5435 498 5488 vitze
527 5434 680 5488 nobis
708 5436 846 5489 viam
881 5437 1086 5504 paravit
1119 5478 1132 5499 ,
1167 5446 1221 5489 et
1266 5451 1361 5504 per
1398 5453 1457 5490 ea
1489 5437 1842 5493 sufficientem

251 5527 405 5579 nobis
445 5526 745 5580 doctrinam
777 5528 1111 5596 consignavit
1140 5568 1153 5591 ,
1190 5542 1284 5596 per
1323 5543 1441 5597 qua:
1473 5527 1572 5581 hac
1602 5529 1715 5597 ipsa
1745 5544 1838 5584 no-

251 5629 357 5671 stra
394 5627 576 5671 natura
607 5625 880 5686 assumpta
931 5619 1196 5672 transivit.
1243 5619 1374 5686 Qua:
1421 5619 1580 5689 igitur
1623 5620 1845 5689 posthac

250 5707 406 5761 nobis
437 5707 540 5760 erit
561 5709 837 5762 excusatio
857 5749 872 5770 ,
901 5711 942 5761 si
970 5722 1088 5763 cum
1121 5715 1199 5762 tot
1223 5715 1471 5780 tantaque
1501 5709 1728 5766 salutem
1753 5725 1848 5766 n0-

250 5805 416 5850 stram
441 5797 828 5864 jirmcesserittt,
851 5799 900 5852 in
916 5797 1075 5853 rebus
1099 5797 1372 5853 inutilibus
1387 5814 1486 5854 nos
1503 5814 1842 5870 occupemus,

255 5888 372 5945 sola
408 5887 547 5943 circa
598 5887 710 5944 h;rc
753 5889 1069 5963 negligentia
1102 5900 1337 5946 nostram
1364 5889 1669 5947 amittentes
1691 5890 1837 5945 salu-

1351 449 1416 508 IN
1442 449 1605 509 ’CAP.
1652 448 1737 505 VI.
1780 447 2022 507 GENES.
2065 448 2295 507 HOMIL.
2332 448 2522 506 XXIV.

3447 446 3556 504 206

1960 574 2067 621 tem
2095 566 2120 620 ἲ
2149 565 2379 621 Proinde
2418 566 2645 621 obsecro
2675 573 2733 620 ut
2779 565 3059 636 vigilemus
3093 606 3108 632 ,
3137 574 3192 621 et
3220 581 3326 622 non
3357 575 3559 623 temetc

1954 657 2180 712 aliorum
2212 672 2500 726 sequamur
2523 657 2989 720 consuetudinem,
3019 656 3115 713 sed
3134 666 3372 713 nostram
3393 657 3556 714 vitam

1953 748 2191 818 qu0tidie
2232 748 2517 819 diligenter
2555 749 2892 804 excutiamus
2925 792 2939 815 ,
2991 749 3374 821 videamusque
3429 751 3558 820 quid

1955 843 2232 909 peccatum
2257 881 2272 906 ,
2304 839 2500 911 quidve
2530 849 2676 896 recte
2706 855 2737 894 a
2782 840 2938 896 nobis
2981 849 3190 911 gestum
3225 840 3332 894 sit:
3376 849 3435 896 ut
3479 840 3558 896 sic

1955 940 2168 1000 peccata
2197 939 2380 985 nostra
2417 930 2765 987 emendemus
2786 974 2802 998 ,
2831 945 3228 1002 supernatnque
3255 930 3410 987 nobis
3436 946 3556 1017 gra.

1953 1025 2079 1078 tiam
2101 1023 2450 1079 conciliemus
2484 1066 2498 1089 ,
2535 1038 2598 1079 ac
2625 1024 2734 1078 Deo
2764 1023 3070 1094 placeamus
3105 1065 3120 1091 ,
3150 1021 3397 1093 exemplo
3425 1023 3558 1092 justi

1954 1114 2114 1180 illius,
2140 1125 2196 1169 et
2224 1114 2457 1185 denique
2482 1130 2705 1186 regnum
2732 1129 3086 1185 assequamur
3109 1114 3363 1170 cmlorum
3388 1156 3403 1178 ,
3433 1129 3558 1182 grao

1954 1208 2022 1261 tia
2054 1215 2109 1261 et
2144 1207 2511 1262 misericordia
2544 1207 2752 1262 Domini
2784 1207 2954 1262 nostri
2990 1206 3119 1262 Jesu
3159 1205 3359 1262 Christi
3386 1248 3401 1274 ,
3430 1221 3554 1261 cum

1951 1313 2058 1367 quo
2088 1298 2268 1365 Patri,
2299 1299 2459 1354 simul
2481 1309 2532 1355 et
2559 1299 2778 1369 Spiritui
2809 1311 2996 1355 sancto
3025 1301 3093 1353 sit
3121 1300 3286 1370 gloria
3312 1341 3326 1366 ,
3358 1300 3553 1364 honor.

1953 1390 2269 1460 imperium,
2301 1406 2441 1447 nunc
2464 1400 2516 1445 et
2542 1407 2786 1462 semper,
2819 1400 2874 1447 et
2905 1393 2954 1447 in
2983 1394 3178 1447 saecula
3206 1391 3552 1448 saeculorum.

1953 1483 2142 1537 Amen.

2496 1599 2772 1653 HOMILH
2819 1600 3008 1663 XXIV.

1951 1709 2135 1764 (ienuit
2167 1722 2337 1764 autem
2366 1711 2481 1765 Noe
2510 1721 2609 1765 tres
2639 1713 2774 1781 ﬁlios
2804 1755 2818 1779 ,
2849 1711 2973 1767 Sent
3006 1754 3021 1777 ,
3062 1712 3226 1766 Cham
3253 1756 3266 1777 ,
3312 1711 3506 1781 Jttphet
3534 1729 3549 1764 :

2022 1811 2264 1872 corrupta
2299 1813 2470 1858 autem
2495 1814 2604 1857 erat
2637 1815 2774 1857 terra
2795 1820 2966 1858 coram
2998 1803 3103 1857 Dea
3127 1845 3141 1869 ,
3188 1813 3234 1858 et
3263 1805 3456 1874 repleta
3482 1813 3554 1857 est

2021 1905 2153 1950 terra
2171 1898 2420 1968 injustitia
2448 1894 2603 1966 (Gen.
2635 1897 2686 1953 6.
2719 1898 2827 1967 l0).

2028 2034 2074 2088 Ι.
2117 2033 2392 2103 Scriptura
2418 2051 2519 2088 non
2545 2035 2705 2089 obiter
2732 2036 2963 2104 legenda.
2999 2066 3068 2075 —
3097 2036 3248 2091 llaud
3276 2036 3550 2106 vulgarem

1949 2126 2227 2181 utilitatem
2257 2125 2371 2180 heri
2391 2126 2545 2180 nobis
2565 2127 2740 2182 attulit
2763 2127 2890 2196 justi
2914 2126 3026 2182 Noe
3053 2127 3384 2199 genealogia.
3414 2127 3550 2182 Nam

1948 2229 2001 2271 et
2028 2219 2378 2288 cognovimus
2409 2219 2706 2274 mirabilem
2735 2220 3065 2291 genealogim
3088 2220 3307 2276 modum
3337 2262 3352 2288 ,
3384 2228 3439 2276 et
3468 2221 3550 2275 vi-

1946 2300 2131 2363 dimus’
2147 2309 2351 2378 justum
2383 2311 2611 2379 laudari,
2637 2327 2743 2366 non
2765 2327 2794 2366 a
2823 2321 3103 2383 parentum
3129 2313 3374 2368 claritate
3401 2354 3417 2380 ,
3453 2314 3547 2368 sed

1946 2415 2215 2455 amorum
2256 2400 2525 2471 probitate
2558 2445 2572 2467 ,
2619 2411 2837 2474 propter
2882 2419 3041 2474 quam
3088 2411 3294 2460 tantum
3340 2405 3552 2476 accepit

1947 2496 2308 2552 testimonium
2345 2511 2376 2551 a
2412 2498 2590 2552 divina
2619 2497 2896 2569 Scriptura
2936 2516 2949 2550 :
2982 2496 3101 2553 Noe
3124 2499 3297 2564 enim,
3334 2498 3508 2569 inquit
3533 2540 3546 2561 .

1946 2587 2095 2642 homo
2134 2591 2308 2658 justus
2331 2629 2347 2655 ,
2382 2591 2634 2660 perfectus
2671 2591 2915 2646 exsistam
2943 2591 2997 2645 in
3039 2591 3366 2662 generatione
3416 2606 3549 2646 sua:

1945 2677 2054 2732 Deo
2069 2680 2261 2749 placuit
2289 2679 2424 2735 Noe.
2443 2681 2636 2737 Totum
2651 2681 2798 2738 enim
2818 2697 3127 2737 sermonem
3157 2681 3209 2737 in
3239 2696 3406 2752 pauca
3429 2680 3549 2738 hare

1947 2768 2107 2824 verba
2145 2769 2530 2841 insumpsimus
2569 2770 2708 2827 heri.
2754 2770 3201 2844 Quandoquidem
3241 2771 3550 2828 divinorum

1943 2861 2279 2932 eloquiorum
2307 2871 2496 2919 natura
2524 2864 2576 2919 in
2605 2865 2788 2936 paucis
2814 2865 2994 2921 verbis
3025 2865 3221 2922 multas
3249 2866 3545 2922 sententia-

1944 2971 2060 3010 rum
2095 2955 2250 3012 affert
2275 2956 2488 3012 divitias
2515 2997 2531 3024 ,
2564 2964 2620 3012 et
2659 2955 2978 3014 incﬂ'abilem
3009 2957 3293 3030 diligenter
3320 2961 3548 3016 scrutari

1945 3048 2244 3105 volentibus
2267 3051 2578 3107 thesaurum
2603 3049 2845 3120 largitur.
2875 3050 3107 3108 Proinde
3132 3095 3147 3120 ,
3176 3052 3406 3110 obsecro
3428 3093 3445 3120 ,
3479 3069 3548 3110 ne

1942 3139 2069 3208 quid
2099 3139 2153 3194 in
2181 3138 2358 3196 sacris
2375 3137 2572 3197 Literis
2599 3139 2966 3211 perfunctorie
2993 3151 3082 3198 aut
3111 3144 3286 3200 obiter
3325 3153 3549 3214 prater-

1941 3237 2114 3298 eatur,
2145 3229 2239 3286 sed
2267 3230 2480 3287 etiamsi
2503 3232 2719 3287 nomina
2745 3243 3130 3290 recenseantur
3149 3277 3164 3302 ,
3193 3236 3274 3291 vel
3311 3235 3556 3294 historia:

1943 3331 2250 3390 narrentur,
2270 3322 2605 3378 reconditum
2637 3323 3020 3395 investigemus
3047 3326 3377 3383 thesaurum.
3411 3327 3546 3384 Nam

1943 3412 2063 3467 ideo
2106 3411 2352 3468 Christus
2398 3413 2646 3470 dicebat:
2681 3415 2998 3474 Scrutamini
3036 3417 3338 3488 Scriptura:
3364 3419 3549 3492 (Joau.

1941 3505 1994 3560 5.
2028 3503 2140 3575 59).
2165 3503 2300 3572 Quia
2327 3519 2433 3560 non
2463 3507 2658 3578 ubique
2687 3508 2740 3563 in
2767 3511 3054 3583 superficie
3078 3525 3232 3568 mens
3251 3511 3548 3584 Scriptura:

1943 3596 2212 3651 invenitur
2233 3637 2248 3661 ,
2295 3596 2391 3652 sed
2430 3611 2567 3668 opus
2591 3608 2674 3655 est
2711 3601 2971 3656 scrutinio
2999 3601 3168 3658 multo
3200 3645 3216 3669 ,
3250 3613 3306 3657 ut
3333 3603 3465 3658 nihil
3493 3603 3546 3658 in

1944 3687 2208 3758 profundo
2233 3688 2435 3756 latens,
2470 3690 2625 3746 nobis
2656 3703 2936 3749 remaneat
2958 3692 3359 3750 absconditum.
3390 3695 3546 3764 Quod

1942 3780 1986 3834 si
2017 3780 2129 3834 sola
2156 3788 2362 3836 naturae
2388 3782 2838 3852 appellatio,hoe,
2857 3783 3094 3855 inquam,
3120 3800 3340 3855 nomen,
3375 3783 3550 3843 Homo

1944 3868 2108 3938 (Gen.
2131 3869 2185 3926 6.
2210 3870 2283 3939 9)
2310 3913 2325 3940 ,
2358 3878 2520 3926 tanta:
2550 3873 2706 3928 nobis
2741 3873 2985 3930 utilitatis
3021 3884 3401 3947 argumentum
3427 3876 3547 3931 heri

1944 3960 2073 4016 fuit:
2101 3969 2358 4032 quantum
2390 3963 2596 4018 lucrum
2625 3978 2731 4019 non
2756 3966 3110 4035 percipiemus
3135 4007 3151 4033 ,
3183 3967 3228 4022 si
3255 3974 3456 4023 attenta
3483 3982 3546 4023 ac

1942 4053 2085 4124 vigili
2118 4061 2298 4110 mente
2325 4054 2553 4125 singula,
2586 4070 2706 4126 quae
2732 4057 2784 4111 in
2806 4072 2959 4114 sacra
2985 4056 3260 4130 Scriptura
3279 4057 3542 4125 feruntur,

1943 4144 2272 4200 audierimus
2298 4146 2321 4198 ?
2351 4146 2559 4200 Etenim
2589 4147 2914 4204 clementem
2947 4149 3207 4205 habemus
3230 4151 3539 4212 Dominum.

1944 4247 1998 4294 et
2023 4238 2236 4309 quando
2261 4238 2404 4294 \idet
2429 4253 2527 4294 nos
2548 4241 2826 4307 sollicitos,
2857 4252 2911 4298 et
2941 4258 3187 4313 magnum
3216 4243 3544 4300 desiderium

1944 4331 2012 4386 ad
2033 4331 2400 4402 cognoscenda
2427 4331 2618 4387 divina
2645 4332 2856 4404 eloquia
2890 4335 3116 4399 habere,
3149 4352 3255 4390 non
3286 4337 3551 4408 permittit

1946 4439 2044 4478 nos
2075 4425 2178 4478 ulla
2207 4439 2266 4480 re
2291 4423 2551 4495 indigere,
2575 4424 2669 4480 sed
2702 4425 2881 4481 statim
2921 4427 3150 4484 illustrat
3183 4437 3417 4485 mentem
3448 4446 3554 4483 no-

1945 4524 2110 4569 stram
2134 4557 2148 4582 ,
2174 4524 2229 4570 et
2255 4530 2409 4570 suum
2438 4515 2696 4585 fulgorem
2726 4517 2948 4588 largitur
2983 4562 2996 4583 ,
3043 4529 3098 4574 ct
3123 4536 3222 4589 pro
3249 4520 3550 4590 perspicaci

1945 4607 2205 4675 sapientia
2237 4606 2324 4660 illa
2342 4621 2437 4662 sua
2467 4621 2680 4665 omnem
2705 4623 2885 4662 veram
2909 4610 3208 4666 doctrinam
3236 4613 3431 4669 anima:
3456 4631 3554 4669 no.

1947 4709 2072 4754 stne
2105 4700 2308 4754 inserit.
2357 4700 2656 4772 Eapropter
2685 4719 2806 4758 cum
2847 4721 2944 4760 nos
2973 4706 3038 4760 ad
3071 4708 3210 4763 istud
3241 4710 3416 4780 ipsum
3449 4712 3547 4766 ad-

1951 4792 2254 4846 hortaretur
2274 4834 2286 4856 ,
2317 4804 2370 4846 et
2393 4793 2682 4849 alacriores
2714 4794 2914 4852 faceret
2947 4841 2958 4862 ,
2995 4800 3324 4857 beatitudine
3354 4803 3548 4875 dignos

1947 4881 2242 4936 declaravit
2263 4899 2357 4938 eos
2386 4885 2472 4953 qui
2496 4885 2599 4939 tale
2627 4886 2950 4943 desiderium
2983 4906 3093 4959 pra:
3121 4908 3179 4948 se
3211 4893 3435 4961 ferrent,
3470 4897 3549 4951 di-

1948 4991 2075 5031 cens
2098 4995 2110 5030 :
2135 4976 2278 5030 Beati
2306 4979 2392 5044 qui
2421 4981 2649 5032 csuriunt
2680 4992 2726 5035 et
2758 4982 2936 5036 sitiunt
2953 4986 3213 5055 justitiam
3245 5031 3256 5053 ,
3302 4992 3422 5062 quia
3453 4993 3550 5062 ipsi

1948 5069 2539 5139 saturabuntur(Maltlt.
2571 5073 2622 5126 5.
2655 5072 2732 5142 6).
2767 5073 2898 5130 Vide
2926 5079 3240 5147 sapientiam
3265 5082 3500 5140 doctoris
3535 5104 3550 5150 ;

1951 5176 2055 5215 non
2084 5163 2255 5214 solum
2286 5177 2382 5214 nos
2415 5177 2506 5230 per
2534 5162 2914 5220 beatitudinem
2950 5167 3320 5234 hortatur,sed
3347 5183 3401 5228 et
3431 5191 3550 5230 cum

1951 5252 2104 5314 dixit,
2139 5252 2239 5318 Qui
2261 5253 2488 5305 esuriant
2505 5263 2550 5305 et
2567 5254 3030 5324 sitiuntjustitiam,
3049 5259 3230 5316 docltit
3249 5264 3551 5327 audientes.

1951 5354 2144 5413 quanta
2192 5342 2466 5397 alacritate
2507 5345 2805 5414 spiritualia
2853 5349 3064 5419 eloquia
3107 5352 3428 5424 investigare
3459 5371 3555 5425 par

1954 5435 2128 5488 fuerit.
2155 5433 2617 5501 Quemadmodum
2651 5479 2664 5498 ,
2693 5437 2861 5507 inquit
2888 5482 2902 5503 ,
2931 5441 2965 5493 ii
2998 5458 3133 5510 quos
3165 5443 3333 5500 fames
3364 5446 3507 5501 ducit
3536 5488 3552 5506 .

1951 5519 2084 5571 mira
2111 5519 2386 5574 alacritate
2413 5521 2477 5574 ad
2505 5520 2656 5575 cibos
2703 5523 2970 5586 festinant.
3004 5536 3059 5581 et
3094 5530 3182 5597 qui
3224 5531 3309 5584 siti
3341 5532 3559 5595 ardent,

1951 5615 2015 5668 ad
2059 5625 2240 5684 potum
2287 5631 2480 5687 magno
2521 5617 2790 5674 desiderio
2829 5621 3091 5676 accedunt
3118 5641 3130 5676 :
3158 5624 3349 5679 eodem
3399 5627 3558 5681 modo

1951 5713 2016 5766 ad
2046 5712 2378 5781 spiritualem
2409 5712 2732 5782 doctrinam,
2765 5726 3036 5787 tamquam
3065 5721 3366 5775 esurientes
3403 5737 3456 5775 et
3483 5725 3555 5777 si—

1954 5797 2154 5854 tientes
2172 5803 2430 5860 accedere
2457 5821 2551 5876 par
2572 5815 2673 5860 est.
2706 5806 3021 5875 llujusmodi
3041 5811 3184 5865 enim
3213 5813 3308 5865 viri
3341 5827 3444 5866 non
3473 5830 3560 5869 so-

1960 5890 2069 5946 lum
2095 5891 2516 5952 beatitudinihus
2557 5897 2700 5962 digni
2743 5908 2868 5950 stitit
2901 5914 2916 5964 ;
2959 5899 3054 5954 sed
3095 5911 3146 5957 et
3177 5921 3297 5975 quae
3331 5904 3558 5973 cupiunt
