4080 6518
663 467 766 519 207

657 579 1027 640 assequuntur.
1057 568 1283 630 Etenim,
1313 566 1641 619 Sotiabnntur
1668 603 1682 628 ,
1713 561 1876 629 inquit
1914 605 1928 625 ,
1979 560 2076 613 hoc
2115 567 2196 611 est
2221 599 2233 620 ,

657 661 1010 732 explebuntur
1034 677 1046 712 :
1071 659 1351 728 explebunt
1395 655 1670 724 spirituale
1709 668 1861 705 suum
1895 650 2232 706 desiderium.

657 753 831 824 Igitur
849 755 974 822 quia
1001 765 1105 806 tam
1134 751 1331 812 bonus,
1359 758 1570 816 tamque
1599 746 1832 799 liberalis
1857 742 2109 797 Dominus
2133 755 2232 793 no-

658 846 740 900 bis
768 853 882 899 est:
913 857 1009 910 age
1036 852 1086 896 et
1108 855 1204 894 nos
1220 839 1285 892 ad
1313 839 1482 908 ipsum
1505 834 1895 905 confugiamus,
1918 843 1973 888 ct
1995 831 2113 902 ejus
2139 843 2237 883 no-

659 936 738 990 bis
766 935 987 1003 gratiam
1013 929 1376 995 conciliemus,
1409 939 1463 982 ut
1484 935 1538 981 et
1568 927 1679 996 ipse
1702 941 1798 994 pro
1819 940 1911 978 sua
1936 922 2236 977 misericor-

653 1025 740 1079 dia
772 1026 994 1078 illustrat
1018 1030 1252 1076 nostram
1280 1027 1508 1072 tuentem
1537 1015 1602 1070 ad
1627 1014 1904 1070 videndam
1935 1013 2230 1068 divinarum

655 1114 1047 1183 Scripturarutn
1081 1113 1326 1166 virtutem
1353 1127 1365 1164 :
1393 1119 1445 1162 et
1477 1124 1568 1162 vos
1591 1122 1805 1177 quoque
1843 1105 2006 1159 multa
2036 1103 2228 1156 alacri-

657 1217 762 1260 tate
791 1202 1114 1274 spiritualem
1145 1201 1436 1255 doctrinam
1465 1199 1612 1268 quasi
1645 1195 1939 1251 esurientes
1963 1204 2015 1249 et
2045 1192 2229 1248 sitien-

658 1309 737 1353 tes
761 1297 1031 1366 suscipite.
1053 1294 1210 1350 Forte
1235 1293 1377 1348 enim
1402 1335 1416 1355 ,
1461 1293 1593 1346 forte
1615 1290 1784 1346 bonus
1820 1300 1874 1343 et
1895 1287 2230 1357 omnipotens

658 1391 931 1454 Dominus,
954 1389 1112 1444 etiam
1137 1387 1178 1440 si
1210 1401 1306 1440 nos
1330 1383 1557 1440 humiles
1583 1383 1749 1438 simus
1777 1393 1829 1436 ct
1857 1379 2068 1449 abjecti,
2101 1392 2228 1446 pro-

655 1495 771 1556 pter
814 1499 908 1539 vos
957 1492 1009 1538 et
1055 1493 1288 1536 vestram
1337 1480 1614 1534 utititatem
1673 1474 2026 1544 suppeditabit
2077 1470 2228 1525 nobis

653 1593 953 1632 sermonem
1002 1577 1052 1629 in
1093 1575 1364 1644 apertione
1390 1572 1498 1626 oris
1528 1571 1578 1622 in
1609 1569 1829 1638 gloriam
1865 1581 2012 1619 suam
2049 1605 2063 1626 ,
2095 1575 2147 1615 et
2179 1565 2228 1616 in

653 1669 1058 1723 I‘tiiiiCQliOllClll
1091 1678 1321 1719 vestram
1355 1662 1564 1733 (Ep/tes.
1588 1659 1641 1716 6.
1668 1658 1777 1727 I9).
1805 1655 2042 1726 Projecta
2073 1655 2231 1724 igitur

655 1777 778 1814 cura
811 1773 992 1813 nostra
1021 1758 1164 1812 omni
1209 1758 1258 1809 in
1295 1768 1579 1824 supernam
1611 1737 1832 1822 gratiam
1860 1791 1873 1811 ,
1903 1756 1960 1804 et
1987 1747 2231 1801 invocato

655 1866 720 1904 eo
749 1851 836 1919 qui
868 1859 920 1901 ct
942 1847 1254 1918 sapientiam
1277 1846 1364 1900 dat
1390 1842 1644 1915 parvulis,
1674 1852 1728 1897 et
1753 1839 2015 1894 liluminat
2036 1852 2228 1900 eccos,

651 1955 702 1995 et
729 1942 1001 2012 expeditas
1025 1940 1193 1994 reddit
1217 1939 1420 2008 linguas
1449 1935 1745 1999 balborum,
1772 1934 1926 2003 paulo
1946 1942 2067 1986 ante
2096 1933 2231 1986 lecta

651 2040 968 2088 tractemus:
1000 2041 1055 2086 ut
1097 2047 1214 2099 qua:
1259 2033 1371 2098 ipse
1418 2042 1510 2094 pro
1553 2040 1647 2080 sua
1689 2023 2051 2081 miserEcordia
2080 2021 2231 2075 nobis

649 2123 1017 2193 suppeditarit,
1037 2121 1238 2175 caritati
1269 2129 1458 2174 vestrm
1487 2115 1977 2188 proponamus.Sed
2008 2116 2228 2177 intenta,

651 2216 895 2278 obsecro,
920 2211 1104 2265 ads-itis
1134 2221 1332 2273 mente,
1365 2219 1415 2262 et
1442 2208 1721 2277 diligenter
1752 2208 1814 2260 iis
1842 2222 1958 2275 qua:
1980 2206 2229 2259 dicuntur

647 2308 938 2370 attendite,
972 2318 1262 2374 nuntiosque
1313 2303 1468 2372 hujus
1511 2303 1631 2357 vita:
1657 2317 1811 2355 curas
1836 2301 2079 2370 seponite
2112 2341 2125 2362 ,
2171 2309 2228 2354 ut

646 2399 918 2468 spiritnatc
947 2412 1152 2457 semen,
1175 2396 1323 2465 quasi
1345 2396 1396 2449 in
1421 2397 1666 2463 pinguem
1689 2402 1740 2448 et
1769 2393 1996 2447 feracem
2017 2407 2223 2461 agrum,

649 2489 847 2546 evulsis
874 2489 1050 2542 herbis
1072 2497 1119 2542 et
1154 2487 1341 2556 spinis,
1374 2485 1733 2555 projicismus.
1781 2483 1876 2536 lim
1900 2494 2064 2537 autem
2095 2527 2108 2548 ,
2148 2485 2229 2536 in-

648 2581 781 2652 quit,
823 2581 1165 2649 generationcs
1216 2577 1362 2631 Noe:
1394 2576 1505 2630 Noe
1543 2577 1692 2630 homo
1731 2577 1900 2646 justus
1929 2615 1944 2637 ,
1978 2575 2228 2644 prrfertus

645 2674 887 2728 exsistam
916 2674 967 2723 in
994 2671 1312 2741 generatione
1346 2685 1437 2723 sua
1470 2685 1486 2721 .'
1517 2667 1624 2721 Deo
1666 2668 1852 2735 placuit
1883 2666 2013 2720 Noe.
2066 2666 2117 2717 In
2165 2664 2229 2718 iis

647 2781 814 2832 nopcr
845 2765 1000 2816 tinem
1031 2761 1256 2815 docendi
1302 2760 1624 2813 faciebamus
1655 2799 1668 2822 ,
1715 2758 1834 2812 ideo
1870 2756 2144 2826 sequentia
2175 2758 2225 2808 in

646 2857 876 2910 medium
908 2856 1247 2925 proponenda
1277 2861 1416 2908 sunt.
1451 2853 1533 2905 l0.
1569 2851 1749 2905 Genuit
1779 2861 1948 2904 autent
1970 2890 1983 2913 ,
2016 2851 2181 2918 inquit
2208 2890 2221 2912 ,

645 2945 761 3002 Noe
783 2956 880 3001 tres
907 2946 1069 3013 ﬁlios,
1099 2945 1222 3001 Setn
1242 2986 1256 3008 ,
1289 2944 1467 3008 Chatti,
1497 2941 1705 3012 Japlact.
1736 2941 1850 2997 Non
1876 2941 2078 3011 absque
2101 2957 2218 2996 cau-

643 3053 699 3092 sa
734 3037 908 3091 divina
950 3037 1219 3105 Scriptura
1247 3046 1300 3090 et
1330 3045 1537 3104 tempus
1565 3044 1620 3091 et
1649 3049 1924 3089 numerum
1956 3034 2107 3088 nobis
2129 3049 2217 3088 as-

646 3129 874 3198 signavit
919 3127 1148 3183 liliorum
1189 3127 1360 3196 justi:
1401 3127 1494 3182 sed
1538 3136 1590 3181 et
1636 3127 1758 3182 hinc
1801 3126 1955 3181 nobis
1998 3128 2224 3180 latenter

641 3220 911 3275 insinuare
930 3219 1037 3273 vult
1065 3220 1330 3290 ingentem
1352 3217 1800 3286 multiplicemque
1820 3218 1935 3285 ejus
1953 3219 2221 3270 virtutem.

639 3312 773 3368 Nam
800 3323 1076 3382 postquam
1107 3310 1356 3380 superius
1377 3308 1511 3364 dixit
1541 3327 1553 3365 :
1591 3307 1704 3364 Noe
1725 3310 2226 3378 eratquingentornm

637 3419 890 3459 annorum
917 3401 1067 3472 (Gen.
1096 3403 1148 3457 5.
1175 3401 1290 3471 32),
1321 3411 1444 3457 tunc
1469 3399 1702 3455 subdidit
1727 3418 1738 3452 :
1770 3397 1836 3452 Et
1856 3400 2026 3470 genuit
2054 3408 2150 3452 tres
2162 3399 2227 3466 ﬁ-

639 3493 775 3549 tios:
803 3491 1047 3548 docendo
1073 3507 1172 3548 nos
1192 3506 1454 3548 summam
1481 3490 1824 3547 continentia:
1852 3490 1994 3544 illius
2025 3491 2222 3560 magni

635 3585 874 3642 tudinem
907 3585 1066 3640 fuisse
1089 3626 1104 3650 ,
1137 3599 1259 3638 cum
1293 3592 1450 3638 tanta:
1488 3583 1909 3652 intemperantia:
1937 3581 2102 3639 dediti
2131 3596 2220 3636 es-

634 3688 754 3733 sent
769 3692 958 3732 omnes
979 3677 1239 3738 homines.
1257 3684 1507 3746 tantaque
1523 3674 1792 3730 salacitate
1806 3688 1993 3730 omnes
2013 3684 2217 3740 aetates,

640 3779 695 3824 ut
718 3770 788 3824 ita
817 3769 991 3824 dicam
1015 3810 1032 3836 ,
1053 3769 1119 3824 ad
1144 3768 1340 3823 malum
1372 3775 1589 3823 ruerent
1618 3785 1630 3820 :
1663 3765 1884 3822 audistis
1912 3767 2053 3820 enim
2079 3765 2218 3819 divi-

635 3875 758 3918 nam
786 3862 1114 3931 Scripturam
1145 3858 1408 3914 dicentem
1442 3877 1455 3912 :
1499 3857 1567 3912 Ut
1601 3867 1771 3911 autem
1811 3856 1933 3911 vidit
1973 3855 2219 3909 Dominus

634 3956 768 4024 quod
787 3954 1007 4023 impleta:
1027 3961 1141 4005 sunt
1165 3951 1374 4006 malitia
1401 3967 1552 4020 super
1573 3960 1754 4004 terram
1781 3990 1797 4012 ,
1824 3958 1869 4002 et
1900 3948 2105 4016 quilibet
2134 3963 2218 4000 co-

634 4047 812 4116 gitaret
844 4043 978 4094 uiola
1027 4043 1292 4113 diligenter
1334 4042 1384 4093 in
1429 4041 1582 4095 corde
1618 4057 1710 4094 suo
1757 4041 2103 4108 ojuventute:
2129 4036 2219 4091 ubi

634 4134 913 4189 manifeste
954 4132 1188 4188 declarat
1220 4175 1234 4197 ,
1268 4141 1322 4186 et
1361 4132 1586 4199 juvenes
1627 4130 1819 4186 vicisse
1857 4129 2220 4198 provectiores

633 4237 788 4282 aetate
813 4267 825 4289 ,
869 4235 922 4278 et
951 4237 1107 4279 senes
1127 4241 1234 4277 non
1258 4223 1430 4276 minus
1457 4236 1615 4291 quam
1633 4222 1859 4290 juvenes
1884 4221 2170 4276 insaniisse
2198 4261 2212 4284 ,

628 4328 683 4373 et
710 4317 775 4372 ad
802 4317 998 4370 malum
1027 4314 1190 4369 multa
1231 4313 1562 4383 proclivitate
1595 4327 1912 4382 propensam
1944 4310 2110 4372 fuisse
2133 4311 2214 4382 ip-

631 4425 744 4464 sam
778 4410 933 4462 etiam
966 4417 1174 4460 :etatcm
1197 4404 1460 4459 malorum
1487 4405 1837 4474 interpertam.

698 4499 751 4555 2.
783 4496 853 4554 Ut
897 4498 1050 4566 igitur
1080 4493 1362 4557 discamus,
1397 4509 1500 4565 quo
1527 4505 1680 4564 pacto
1723 4495 1784 4547 iis
1819 4493 2065 4550 omnibus
2095 4501 2213 4548 tau-

629 4605 739 4647 tam
781 4591 1035 4644 insaniam
1085 4605 1146 4642 ac
1195 4586 1392 4642 rabiem
1432 4603 1537 4656 pra:
1583 4601 1640 4642 se
1689 4585 1997 4652 fetentibus,
2042 4587 2215 4654 justus

629 4686 720 4741 ille
749 4683 1003 4739 manserit
1031 4681 1197 4747 solus,
1226 4680 1603 4735 continentiam
1631 4693 1748 4733 cum
1789 4677 1905 4731 aliis
1931 4677 2216 4732 virtutibus

626 4784 848 4832 strenue
884 4787 1121 4837 servans,
1167 4771 1338 4825 donec
1382 4768 1448 4822 ad
1497 4768 1973 4839 quingentesimum
2019 4780 2214 4823 annum

631 4867 872 4936 pervenit
904 4884 918 4919 :
945 4879 1066 4918 cum
1104 4861 1342 4923 dixisset,
1376 4858 1504 4914 Erat
1541 4859 1656 4914 Noe
1695 4861 2078 4932 quingentorum
2117 4875 2213 4914 an-

629 4974 832 5023 norum,
865 4965 990 5010 tunc
1017 4953 1185 5022 inquit
1215 4969 1227 5005 :
1259 4951 1324 5006 Et
1362 4953 1532 5022 genuit
1565 4949 1678 5006 Noe
1701 4961 1799 5006 tres
1837 4955 2214 5022 ﬁtios.Vidisti.

627 5049 842 5111 dilecte,
876 5046 1222 5102 excellentem
1245 5043 1371 5113 justi
1405 5043 1856 5112 temperantiam?
1898 5042 1971 5097 Ne
2012 5043 2113 5098 hoc
2137 5044 2212 5097 ita

630 5139 987 5211 perfunctorie
1031 5148 1383 5197 transeamus,
1407 5135 1501 5189 sed
1530 5142 1585 5188 et
1622 5143 1826 5203 tempus
1854 5133 1979 5188 illud
2007 5147 2211 5203 expen-

627 5232 833 5296 damus,
863 5238 918 5284 et
943 5227 1195 5283 malitiam
1221 5241 1339 5296 quae
1365 5224 1430 5279 ad
1457 5239 1615 5279 omne
1644 5224 1914 5278 hominum
1950 5238 2114 5294 genus
2143 5225 2212 5278 ob

627 5340 809 5379 eorum
864 5323 1119 5382 desidiam
1183 5334 1242 5376 se
1297 5319 1645 5379 extenderat,
1702 5326 1753 5371 et
1816 5319 2212 5374 consideremus

625 5427 838 5487 quanta:
869 5415 940 5470 sit
981 5416 1190 5469 virtutis
1219 5423 1272 5469 et
1299 5413 1507 5483 pietatis
1545 5427 1668 5481 erga
1712 5411 1897 5473 Deum.
1931 5413 1981 5466 in
2015 5423 2210 5468 tantam

629 5507 880 5576 temporis
910 5505 1289 5578 longitudinem
1335 5505 1773 5573 concupiscentia:
1804 5503 2002 5558 rabiem
2040 5505 2204 5559 reire-

631 5614 778 5664 nare,
827 5600 1069 5667 viamque
1117 5598 1272 5667 longe
1309 5597 1374 5649 ab
1418 5597 1532 5651 aliis
1575 5597 1835 5651 diversam
1868 5611 2108 5666 carpere.
2152 5610 2200 5652 et

629 5706 734 5745 non
768 5691 935 5742 solum
965 5691 1030 5742 ab
1059 5691 1237 5744 illicito
1264 5691 1402 5743 coitu
1430 5704 1488 5742 se
1530 5689 1796 5748 cohibere.
1828 5687 1920 5741 sed
1953 5696 2005 5742 et
2028 5704 2056 5741 a
2087 5690 2201 5759 legio

631 5783 832 5838 timo-.1
865 5783 1148 5849 inculpato.
1189 5783 1245 5833 ff:
1297 5783 1483 5849 genuit,
1539 5781 1718 5848 inquit.
1759 5778 1869 5832 Noe
1895 5789 1989 5832 tres
2029 5783 2160 5846 [alios
2191 5797 2208 5832 .'

621 5875 888 5941 θυηλήν
923 5894 944 5900 ·’
1000 5875 1212 5943 July/(UH;
1275 5877 1322 5927 ll

1451 5893 1486 5926 t't
1503 5883 1616 5942 etp-fu
1642 5884 1802 5925 autem
1830 5881 1933 5927 erat
1954 5883 2083 5926 terra
2109 5889 2195 5925 re-

1388 456 1443 513 S.
1475 450 1749 510 JU.\N.\"iS
1787 445 2261 506 (IIIRYSOSTOHI
2294 446 2609 506 ARCHIEP.
2642 448 3176 506 CONSTANTINOP.
3823 448 3915 503 Μ

2345 581 2454 616 rmn
2485 563 2606 620 Des.
2627 574 2672 617 et
2696 564 2885 632 repleta
2915 571 3020 614 erat
3044 573 3178 616 terra
3195 559 3458 630 injustitia.
3483 559 3608 614 Mihi
3631 560 3912 615 videtnrdi-

2345 655 2462 708 vina
2483 653 2877 724 dispensatione
2898 652 3117 714 factum,
3145 661 3200 704 ut
3223 652 3396 721 justus
3425 650 3514 706 ilie
3543 665 3687 705 nunc
3717 649 3910 705 tandem

2341 745 2405 798 ad
2441 760 2659 799 uxorem
2687 744 2984 809 accederet,
3018 743 3242 811 illosque
3270 742 3408 798 ﬁlios
3453 743 3770 813 susciperet.
3796 741 3912 808 Quia

2339 836 2483 890 enim
2515 837 2582 891 ob
2626 835 2838 890 malitiae
2886 834 3305 905 magnitudinem
3337 847 3390 888 et
3420 835 3688 905 ingentem
3735 834 3917 904 impro-

2341 925 2556 982 bitatem
2583 927 2817 995 generali
2863 925 3096 995 pernicie
3126 936 3266 979 totus
3306 924 3451 980 orbis
3491 925 3750 980 dolendus
3777 935 3911 988 erat,

2340 1018 2644 1072 misericors
2670 1018 2809 1073 Deus
2834 1017 2982 1089 quasi
3015 1017 3245 1071 radicem
3272 1015 3500 1086 aliquam
3531 1025 3585 1070 et
3611 1017 3913 1071 fermentum

2338 1107 2504 1160 voluit
2529 1107 2729 1174 justum
2762 1107 2911 1161 illum
2960 1121 3259 1176 superesse,
3293 1117 3349 1159 ut
3397 1105 3608 1159 abolitis
3657 1106 3758 1160 illis
3783 1106 3915 1173 origo

2335 1210 2387 1255 et
2417 1201 2663 1272 primitiae
2688 1200 2929 1270 qu'edam
2959 1210 3100 1254 esset
3144 1199 3461 1253 futurorum.
3495 1197 3662 1268 Hujus
3703 1198 3779 1252 rei
3807 1193 3917 1265 ira-

2339 1293 2430 1357 tia,
2460 1307 2579 1347 cum
2601 1291 2710 1361 jam
2741 1291 3152 1361 quingentorum
3194 1298 3338 1345 esset
3366 1305 3648 1356 annorum,
3682 1291 3914 1346 haberet-

2335 1397 2440 1452 que
2485 1393 2594 1438 tres
2638 1384 2766 1436 istos
2797 1383 2963 1445 tilias,
2995 1381 3097 1435 illis
3126 1389 3410 1435 contentus
3455 1380 3570 1441 fuit.
3604 1396 3662 1436 re
3691 1381 3802 1451 ipsa
3831 1381 3917 1436 de-

2336 1475 2544 1529 clarans
2576 1476 2678 1528 hoc
2712 1489 2770 1528 se
2800 1474 3008 1538 fecisse,
3053 1483 3108 1526 ut
3148 1472 3341 1526 divina:
3367 1471 3418 1524 in
3447 1471 3736 1526 humanum
3764 1487 3918 1541 genus

2338 1565 2528 1620 totum
2560 1565 2866 1635 benignitati
2890 1564 3133 1620 serviret.
3164 1563 3230 1618 Et
3253 1580 3359 1633 quo
3381 1564 3519 1618 scias
3550 1563 3652 1618 hoc
3682 1579 3787 1618 tum
3812 1578 3918 1618 esse

2339 1665 2620 1719 temeraria
2671 1664 2976 1731 canjectura
3029 1664 3266 1725 dictum,
3317 1661 3593 1715 considera
3643 1659 3920 1727 Scriptum

2337 1755 2684 1824 diligentiam.
2715 1754 2842 1807 Nam
2889 1762 3164 1820 postquam
3195 1752 3358 1814 dixit.
3387 1753 3585 1822 jusmm
3628 1752 3777 1805 illum
3825 1764 3920 1805 tres

2337 1848 2584 1903 habuisse
2611 1847 2748 1902 ﬁlios
2771 1889 2782 1908 ,
2808 1849 2986 1900 statim
3028 1845 3261 1900 subdidit
3291 1863 3303 1897 :
3335 1842 3586 1912 Corrupto
3625 1855 3729 1897 erat
3764 1853 3918 1895 autem

2338 1949 2470 1996 terra
2498 1957 2672 1993 coram
2720 1938 2848 2002 Deo,
2876 1949 2923 1994 et
2973 1940 3179 2008 impleto
3208 1948 3314 1992 erat
3364 1946 3495 1990 terra
3535 1937 3801 2004 injustitio.
3837 1935 3918 1988 κε-

2337 2034 2459 2088 disti
2489 2033 2540 2086 in
2569 2031 2756 2087 eadem
2787 2041 2974 2085 natura
3003 2045 3246 2100 magnam
3270 2038 3321 2084 et
3352 2027 3673 2083 ineffabilem
3701 2027 3920 2081 varieta-

2339 2124 2488 2179 tem?
2521 2124 2594 2178 Do
2638 2123 2783 2192 justo
2824 2123 2964 2176 enim
3019 2121 3229 2176 dicebat
3275 2121 3592 2190 Scriptura:
3621 2117 3741 2173 Noe
3783 2119 3921 2170 Ιιοειιη

2330 2220 2516 2287 justus,
2542 2217 2790 2285 perfectus
2809 2216 3048 2268 exsistens
3076 2215 3127 2267 in
3149 2213 3469 2283 generatione
3486 2228 3582 2265 sla
3597 2211 3694 2268 :de
3713 2211 3921 2280 reliquis

2339 2316 2515 2362 autem
2547 2307 2794 2361 omnibus
2826 2305 2992 2375 inquit
3025 2323 3036 2357 :
3067 2303 3319 2374 Corrupto
3341 2312 3504 2356 autern
3534 2313 3640 2356 erat
3682 2314 3816 2355 terra
3841 2317 3924 2354 ro.

2337 2417 2444 2452 ram
2471 2397 2602 2461 Deo,
2637 2408 2680 2450 et
2706 2398 2906 2466 impleto
2932 2406 3040 2451 erat
3067 2406 3201 2451 terra
3233 2395 3500 2466 injustitio.
3532 2393 3761 2449 Nomine
3786 2393 3922 2449 enim

2337 2501 2514 2554 terrae,
2545 2493 2817 2544 hominum
2850 2488 3243 2543 multitudinem
3271 2496 3443 2542 vocat.
3484 2485 3615 2553 Quia
3647 2486 3788 2538 enim
3816 2500 3924 2537 om-

2337 2585 2420 2636 nia
2450 2598 2632 2638 eorum
2661 2597 2823 2652 opera
2874 2581 3143 2634 terrestria
3187 2587 3373 2644 erant,
3400 2578 3601 2633 idcirco
3647 2587 3805 2631 terra:
3836 2592 3926 2630 no-

2336 2675 2478 2728 mine
2504 2685 2555 2727 et
2585 2689 2769 2728 eorum
2825 2672 3076 2726 vilitatem
3099 2712 3115 2737 ,
3147 2679 3201 2725 et
3243 2669 3458 2724 malitiae
3497 2667 3925 2738 exsuperantiam

2335 2763 2616 2835 signiﬁcat.
2645 2763 2776 2820 Nam
2796 2763 3019 2818 sicutde
3045 2761 3392 2831 prot0plasto,
3421 2759 3509 2830 qui
3553 2759 3728 2828 legem
3757 2769 3927 2811 trans-

2333 2874 2547 2931 gressus
2574 2859 2794 2930 gloriam
2821 2872 2922 2928 qua
2953 2855 3379 2912 circumdabatur
3407 2855 3604 2920 amisit,
3635 2853 3927 2920 mortisque

2335 2967 2505 3022 ptena':
2543 2951 2806 3005 obnoxius
2853 2949 3022 3005 factus
3052 2948 3168 3009 fuit.
3198 2947 3460 3014 dieebat_:
3494 2943 3648 2999 Terra
3687 2959 3760 3004 es,
3790 2954 3841 2998 et
3876 2944 3926 2995 in

2333 3055 2516 3097 terram
2544 3043 2702 3097 abibis
2729 3042 2879 3106 (Gen.
2909 3042 2960 3097 5.
2991 3041 3079 3110 19)
3111 3059 3124 3094 :
3156 3041 3228 3094 ita
3253 3049 3312 3094 et
3351 3038 3457 3101 hic,
3487 3037 3608 3107 quia
3637 3037 3925 3106 plurimum

2333 3137 2664 3190 invaluerant
2691 3135 2838 3197 vitia,
2872 3132 3062 3203 inquit,
3112 3130 3361 3199 Corrupto
3403 3141 3573 3182 antem
3615 3137 3722 3181 erat
3769 3140 3923 3181 terra.

2332 3229 2512 3298 Neque
2539 3227 2853 3296 simpliciter
2880 3225 3008 3280 dicit
3040 3243 3053 3278 :
3084 3223 3336 3292 Corrupto
3376 3231 3544 3276 autem
3588 3229 3696 3273 erat
3740 3228 3877 3271 terra
3908 3233 3924 3268 :

2330 3320 2445 3384 sed,
2476 3319 2661 3376 Coram
2704 3317 2812 3371 Deo
2837 3333 2856 3371 :
2883 3326 2932 3372 et
2970 3317 3177 3386 impleta
3205 3323 3313 3369 erat
3340 3322 3473 3368 terra
3513 3310 3783 3381 injustiril.
3837 3307 3923 3362 Di-

2329 3408 2502 3466 cenda
2527 3410 2690 3473 enim,
2724 3409 2973 3478 Corrupto
3019 3415 3142 3468 erat,
3173 3404 3510 3473 amnigenam
3553 3400 3765 3456 illorum
3809 3411 3925 3452 ma.

2330 3501 2498 3556 iitiam
2525 3499 2767 3570 emphasi
2798 3497 3024 3567 quadam
3055 3495 3207 3550 dixit.
3239 3494 3354 3549 Non
3399 3493 3542 3549 enim
3568 3489 3670 3545 dici
3705 3498 3882 3558 potest
3908 3530 3922 3548 .

2328 3607 2420 3648 eos
2449 3591 2605 3646 unius
2630 3591 2715 3645 vel
2735 3590 2961 3644 duorum
2985 3597 3322 3660 peccatorum
3349 3593 3555 3654 tantum
3581 3596 3706 3637 reos
3733 3580 3922 3644 fuissr.

2326 3683 2421 3739 sed
2444 3696 2634 3738 omnes
2657 3683 2959 3752 iniquitates
2985 3679 3186 3750 absque
3228 3675 3391 3732 modo
3413 3673 3748 3730 commisisse
3768 3690 3781 3724 :
3803 3669 3926 3726 ideo

2326 3776 2544 3844 subdit,
2580 3775 2647 3829 Et
2689 3775 2894 3844 impleta
2921 3783 3030 3829 erat
3070 3783 3204 3826 terra
3244 3769 3513 3841 injustitia.
3545 3765 3660 3820 Non
3705 3764 3884 3820 obiter
3907 3803 3922 3825 ,

2325 3885 2498 3940 neque
2522 3868 2809 3940 vuigariter
2837 3865 3049 3921 malitia:
3075 3863 3380 3928 studebant,
3410 3859 3504 3916 sed
3536 3867 3747 3930 peccata
3773 3874 3926 3928 qum-

2325 3975 2430 4029 que
2460 3958 2682 4014 ferventi
2724 3956 3070 4012 contentione
3098 3955 3345 4024 agebant.
3389 3951 3454 4005 Et
3497 3950 3617 4004 vide
3646 3949 3924 4015 quomodo

2328 4053 2448 4107 illos
2500 4059 2679 4121 postea
2713 4065 2778 4104 ne
2807 4050 2949 4104 tenui
2971 4047 3184 4118 quidem
3215 4043 3475 4100 memoria
3524 4042 3794 4112 dignatur,
3825 4041 3922 4096 sed

2327 4143 2545 4199 nomine
2597 4151 2754 4197 terrm
2812 4150 2985 4206 vocat,
3014 4140 3173 4194 simul
3215 4138 3452 4192 indicans
3482 4146 3534 4189 et
3574 4145 3921 4204 peccatorum

2325 4234 2635 4307 gravitatem
2667 4241 2722 4285 et
2753 4232 2842 4285 Dei
2870 4231 3306 4300 indignationem.
3337 4227 3589 4295 Corrupto
3615 4235 3722 4276 (rat
3750 4233 3922 4274 mrtem

2325 4339 2476 4393 terra,
2511 4327 2696 4394 inquit,
2721 4340 2887 4377 coram
2923 4323 3049 4384 Deo,
3075 4319 3175 4373 huc
3214 4329 3312 4381 est,
3344 4331 3498 4371 secus
3526 4331 3686 4384 quam
3715 4331 3920 4384 ιιι-,ραι-

2325 4429 2471 4488 ptum
2501 4425 2616 4471 erat
2644 4430 2671 4468 a
2703 4415 2810 4468 Deo
2840 4412 3014 4465 oninia
3067 4410 3345 4471 faciebant,
3383 4407 3625 4462 mandata
3654 4406 3750 4461 Dei
3789 4421 3924 4459 cnn-

2325 4511 2616 4569 culcantes.
2646 4518 2698 4563 et
2728 4508 3035 4576 magistrum
3065 4511 3266 4558 natura:
3296 4501 3541 4555 humana:
3570 4498 3787 4553 insitum
3845 4501 3924 4569 (α)

2330 4623 2423 4677 per
2447 4602 2706 4658 desidiam
2738 4599 3059 4654 amittentes.
3091 4594 3157 4648 Et
3184 4595 3387 4662 impleta
3414 4600 3520 4645 erat
3545 4601 3698 4650 terra.
3723 4591 3921 4658 inquit.

2320 4691 3018 4764 iniustitia.\‘idisti.dilecte,
3035 4694 3289 4756 quantum
3310 4683 3506 4738 malum
3523 4682 3588 4735 sit
3611 4690 3921 4749 peccatum,

2319 4787 2588 4860 quomodo
2631 4784 2678 4837 id
2726 4782 2938 4844 cfliciat,
2975 4789 3028 4832 ut
3058 4777 3300 4831 homines
3345 4790 3443 4828 suo
3486 4773 3704 4826 nomine
3733 4775 3922 4828 vocari

2321 4896 2424 4935 non
2457 4879 2565 4932 sint
2589 4875 2731 4944 digni
2759 4872 2781 4924 ?
2812 4871 2944 4925 Audi
2987 4881 3168 4922 rursus
3197 4879 3316 4934 qua:
3360 4873 3654 4934 sequuntur
3683 4880 3695 4914 :
3727 4861 3820 4916 12.
3858 4863 3927 4915 Et

2319 4972 2442 5025 vidit
2473 4967 2721 5023 Dominus
2745 4962 2882 5017 Deus
2910 4973 3112 5020 terram.
3137 4967 3184 5012 et
3217 4965 3325 5011 erat
3363 4966 3621 5025 corrupta.
3647 4953 3786 5009 Vide
3818 4956 3921 5007 ite-

2319 5077 2438 5117 rum
2485 5056 2753 5129 quomodo
2803 5069 2896 5108 eos
2945 5064 3138 5107 terram
3184 5059 3356 5104 vocet.
3407 5049 3473 5102 Et
3518 5058 3742 5116 postea,
3797 5061 3922 5102 cum

2322 5154 2486 5208 semel
2523 5158 2680 5220 atque
2711 5150 2899 5202 iterum
2929 5155 2979 5198 et
3010 5145 3163 5200 tertio
3191 5141 3485 5197 nominavit
3515 5151 3734 5206 terram,
3767 5150 3828 5195 ut
3857 5156 3928 5195 ne

2324 5247 2440 5315 quis
2469 5244 2536 5298 de
2565 5253 2699 5296 terra
2730 5238 2964 5294 sensibili
2993 5253 3113 5290 eum
3139 5235 3336 5290 dixisse
3363 5236 3679 5304 suspicetur,
3711 5235 3890 5303 inquit
3916 5254 3926 5284 :

2330 5338 2462 5402 Quia
2488 5343 2776 5402 corruperat
2821 5330 2981 5384 omnis
3019 5345 3138 5381 raro
3176 5328 3303 5381 viam
3343 5345 3484 5381 suam
3514 5343 3666 5396 super
3709 5336 3924 5380 terram.

2327 5429 2506 5498 Neque
2546 5440 2683 5479 nunc
2726 5421 2956 5476 hominis
2985 5419 3336 5490 appellatione
3380 5434 3475 5473 eos
3521 5419 3791 5486 dignatur,
3827 5418 3924 5472 sed

2321 5533 2534 5572 carnem
2562 5525 2713 5570 vocat
2745 5534 2757 5565 ς
2788 5527 2892 5581 quo
2917 5526 3012 5564 nos
3036 5510 3228 5564 docere
3253 5509 3440 5571 voluit.
3469 5523 3527 5564 se
3559 5525 3662 5562 non
3685 5510 3753 5562 de
3786 5523 3931 5567 terra

2326 5614 2436 5667 lucc
2466 5609 2663 5672 dicere,
2688 5606 2781 5659 sed
2825 5605 2890 5658 de
2933 5603 3234 5657 hominibus
3259 5617 3418 5656 carne
3444 5602 3674 5663 amictis.
3707 5610 3763 5654 rt
3812 5613 3926 5653 lcr-

2323 5703 2582 5758 restrtbus
2609 5697 2836 5769 negotiis
2857 5713 2971 5751 sese
3000 5705 3135 5750 totos
3162 5693 3606 5764 impendentibus.
3641 5698 3754 5747 Mos
3779 5694 3925 5746 enim

2389 5892 2459 5948 (ul
2494 5884 2840 5936 tinuit-iculum
2866 5881 2932 5929 ςίο
2959 5880 3215 5942 eleganter
3240 5882 3463 5942 designat.
3492 5876 3900 5936 (ῘΙιιχγςιιξεοιιιιις.
