4080 6482
119 510 226 564 909

119 623 409 692 Scriptura:
453 627 552 682 est,
585 623 642 669 ut
683 628 824 684 strpe
852 612 1057 668 caritati
1093 618 1282 664 Vestra:
1308 608 1438 671 dixi,
1478 605 1710 660 carnalia

116 715 413 784 sapientes,
443 720 496 765 et
527 707 656 762 nihil
698 707 923 760 sublime
948 705 1263 774 cogitantes,
1293 701 1469 754 carnis
1499 697 1713 752 nomine

115 804 413 875 appellare,
445 801 582 855 sicut
625 807 680 852 et
722 798 908 850 beatus
933 794 1130 850 Paulus
1172 791 1340 862 inquit
1371 807 1386 844 :
1425 789 1523 857 Qui
1546 799 1711 842 autem

115 897 172 950 in
217 911 370 951 carne
394 901 528 953 sunt,
563 890 669 944 Dee
713 889 910 960 placere
956 903 1055 940 non
1099 894 1308 954 possunt
1347 881 1519 951 (Rom.
1548 879 1600 936 8.
1633 879 1710 952 8).

117 987 259 1055 Quid
289 983 482 1054 igitur?
520 999 623 1036 nou
652 981 745 1035 fuit
773 981 824 1035 itt
853 994 1014 1034 carne
1037 987 1092 1032 ct
1123 979 1165 1030 is
1190 975 1279 1045 qui
1323 975 1438 1029 lucc
1463 973 1714 1028 dicebat?

119 1066 236 1134 Non
269 1078 370 1132 hoc
414 1075 567 1140 dixit,
599 1072 740 1144 quod
784 1071 872 1142 qui
918 1083 1082 1124 carne
1123 1066 1434 1124 circumdati
1473 1065 1578 1119 sint
1606 1064 1714 1118 Deo

120 1170 332 1242 placere
374 1183 481 1222 non
510 1167 735 1238 possint,
781 1163 874 1220 sed
904 1162 972 1218 de
1017 1161 1081 1214 iis
1113 1160 1346 1230 loquitur
1393 1159 1486 1229 qui
1514 1156 1713 1211 nullam

117 1261 328 1318 virtutis
357 1260 614 1314 rationem
647 1257 868 1321 habent,
900 1263 956 1310 et
988 1250 1117 1307 nihil
1141 1251 1242 1307 nisi
1267 1250 1480 1306 carnale
1505 1250 1716 1319 sapien-

119 1365 230 1416 tes,
261 1349 438 1407 carnis
495 1350 791 1417 voluptates
838 1354 1130 1410 sectantur,
1177 1343 1480 1411 nullamque
1524 1340 1715 1395 animae

121 1445 452 1512 incorporea:
480 1451 535 1496 et
579 1438 867 1509 spiritualis
907 1451 1090 1491 curam
1131 1444 1340 1506 gerunt.
1383 1433 1564 1503 Itaque
1592 1432 1712 1502 quia

121 1533 280 1588 dictis
323 1533 438 1588 istis
479 1531 652 1586 diiina
697 1530 970 1600 Scriptura
1012 1527 1191 1583 docuit
1231 1540 1329 1580 nos
1375 1533 1713 1594 peccatorum

123 1625 537 1690 multitudinem,
565 1623 783 1677 malitia:
803 1634 1106 1684 excessum,
1126 1615 1504 1687 indignationis
1522 1613 1714 1669 divina:

124 1717 566 1788 magnitudinem,
594 1727 650 1769 et
675 1713 815 1784 quod
841 1713 911 1767 ob
939 1709 1174 1766 studium
1206 1709 1465 1765 malorum
1492 1721 1713 1778 operum

123 1810 290 1865 semel
319 1818 477 1879 atque
508 1808 698 1862 iterum
744 1820 808 1861 ac
855 1803 1015 1860 tertio
1066 1813 1263 1858 terram
1313 1815 1408 1856 eos
1450 1801 1540 1871 qui
1591 1808 1718 1854 tunc

127 1900 375 1955 vivebant
421 1897 807 1962 nominaverit,
861 1894 1144 1964 carnisque
1184 1892 1403 1947 nomine
1451 1890 1718 1946 vocnverit

122 1990 378 2063 spoliatos
424 1989 724 2044 communis
766 1998 971 2042 natum.
1014 1983 1312 2040 vocabulo:
1348 1997 1486 2037 nunc
1517 1997 1612 2050 per
1653 1997 1716 2036 ea

123 2098 244 2154 qua:
268 2081 470 2149 subdit,
503 2079 822 2136 inetIaliilem
873 2079 963 2134 Dei
994 2075 1434 2140 miscricordiam,
1463 2085 1518 2130 et
1548 2074 1720 2129 indul-

124 2174 317 2246 gentiae
343 2173 459 2242 ejus
487 2170 904 2241 magnitudinem
933 2167 1168 2223 ostendit
1193 2165 1366 2222 nobis.
1395 2164 1531 2234 Quid
1575 2165 1717 2221 enim

124 2267 200 2321 ait
219 2266 244 2317 ἲ
272 2263 341 2318 Et
367 2264 496 2318 dixit
524 2263 766 2317 Dominus
794 2263 861 2314 ad
909 2260 1038 2314 Nec.

198 2358 252 2413 5.
284 2355 417 2410 Vide
441 2369 701 2409 summam
732 2353 1045 2408 bonitatem.
1088 2349 1361 2421 Siquidem
1384 2351 1529 2418 justo
1555 2348 1679 2405 buic
1703 2390 1717 2415 ,

127 2450 266 2505 sicut
293 2446 499 2501 amicus
525 2445 719 2508 amico,
761 2443 1118 2498 communicat
1145 2456 1262 2497 eam
1305 2455 1518 2511 ptenam
1560 2454 1718 2510 quam

130 2539 363 2593 humano
387 2535 568 2606 generi
595 2545 677 2588 cst
701 2535 1076 2601 iutentaturus,
1105 2541 1161 2588 et
1187 2532 1316 2587 dicit
1340 2551 1350 2586 :
1385 2533 1468 2587 15.
1501 2529 1722 2600 Tempus

130 2629 295 2684 onmis
322 2628 538 2681 hominis
567 2626 698 2680 venit
733 2641 904 2680 coram
942 2641 1039 2679 me.
1071 2625 1205 2692 Quia
1230 2625 1438 2694 impleta
1478 2632 1549 2678 est
1590 2631 1723 2677 terra

129 2721 380 2791 injustitia
417 2736 480 2773 ea:
501 2720 624 2773 illis.
660 2718 727 2773 Et
770 2735 881 2773 ecce
907 2735 996 2789 ego
1022 2718 1259 2786 disperde
1287 2717 1403 2772 illos
1443 2725 1488 2771 et
1513 2726 1718 2770 terram.

129 2811 268 2880 Quid
295 2820 376 2866 est
399 2852 412 2872 ,
441 2809 662 2881 Tempus
688 2811 850 2864 omnis
873 2809 1090 2863 hominis
1116 2809 1245 2863 venit
1271 2824 1442 2862 coram
1468 2809 1590 2862 me?
1617 2807 1724 2862 Ma-

112 2885 312 2976 gnam,
347 2903 538 2973 inquit,
577 2902 785 2958 ostendi
838 2902 1164 2971 patientiam,
1199 2916 1442 2972 magnam
1491 2893 1723 2956 toleran-

134 2999 279 3062 tiam,
333 2996 520 3050 uoleus
570 2994 708 3050 Itane
755 2993 953 3050 inferre
1001 3008 1233 3064 poenam,
1279 3008 1436 3064 quam
1481 2993 1726 3049 illaturus

133 3103 251 3145 sum
283 3105 296 3140 :
329 3086 422 3142 sed
451 3086 574 3155 quia
609 3085 890 3142 immodica
923 3095 1262 3156 peccatorum
1308 3086 1514 3140 illorum
1546 3087 1726 3141 multi-

135 3177 262 3233 tudo
288 3178 338 3232 in
370 3178 470 3232 hoc
517 3186 726 3248 tempus
753 3192 847 3232 eos
875 3176 1116 3241 adduxit,
1167 3177 1324 3230 finem
1357 3177 1420 3231 iis
1449 3177 1726 3246 imponere

133 3278 378 3340 oportet,
427 3267 769 3337 exscindique
807 3267 1020 3321 illorum
1073 3267 1351 3333 malitiam,
1391 3282 1460 3322 ne
1502 3267 1727 3324 ulterius

136 3355 791 3432 progrediatur:Tempus
842 3357 1027 3421 enim,
1076 3357 1265 3426 inquit,
1310 3358 1472 3412 omnis
1513 3358 1727 3413 hominis

136 3453 268 3509 venit
289 3467 460 3506 coram
500 3466 578 3504 me
618 3447 768 3521 (Gen.
796 3447 850 3503 6.
897 3447 972 3520 5).
1004 3447 1138 3503 Vide
1166 3457 1221 3503 et
1245 3447 1352 3516 hic,
1379 3448 1646 3520 quomodo
1675 3458 1728 3504 at

135 3543 384 3614 superius
425 3541 655 3606 dicebat,
689 3537 1040 3610 Unusquisque
1087 3541 1296 3612 cogitat,
1346 3541 1416 3594 ita
1446 3551 1500 3596 et
1546 3557 1685 3596 nunc
1710 3583 1725 3609 ,

139 3634 319 3690 Omnis
339 3633 575 3688 ltmmuis.
602 3631 801 3688 Omnes
825 3632 969 3686 enim
999 3634 1360 3696 consentiunt,
1386 3632 1452 3688 ad
1476 3634 1728 3704 iniquita-

136 3737 242 3783 tem
271 3725 692 3796 transfugerunt,
721 3723 908 3794 inquit,
935 3732 990 3779 et
1015 3724 1068 3778 in
1095 3732 1236 3779 tanta
1260 3723 1594 3780 multitudine
1625 3740 1728 3780 non

138 3819 363 3876 inveniri
408 3827 581 3888 potest
621 3817 845 3888 aliquis,
876 3817 961 3873 cui
992 3818 1202 3873 virtutis
1232 3818 1300 3873 sit
1329 3833 1475 3874 cura.
1514 3817 1731 3888 Tempus

138 3916 302 3977 enim,
331 3912 522 3982 inquit,
552 3911 716 3967 omnis
752 3911 971 3966 hominis
997 3912 1127 3964 venit
1165 3927 1336 3965 coram
1365 3927 1460 3965 me.
1491 3911 1728 3983 Tempus,

141 4005 242 4060 hoc
261 4013 365 4070 est,
394 4002 609 4059 advenit
634 4013 842 4073 tempus
863 4017 970 4072 quo
997 4001 1284 4058 secandum
1313 4004 1434 4069 erit,
1463 4013 1518 4058 et
1543 4003 1734 4060 ulceris

142 4096 380 4170 repentis
402 4097 482 4152 vis
505 4094 912 4166 compescenda.
933 4093 1152 4166 Tempus
1174 4096 1336 4149 omnis
1364 4096 1580 4150 hominis
1604 4096 1736 4150 venit

142 4206 316 4244 eorum
345 4206 423 4242 me
451 4204 468 4242 :
497 4188 646 4260 quasi
677 4201 834 4243 nemo
863 4185 1087 4254 videret,
1117 4187 1485 4256 rationemque
1509 4185 1734 4242 delicto-

146 4295 264 4335 rum
294 4279 362 4335 ab
387 4278 516 4348 ipsis
541 4286 830 4334 exacturus
855 4286 1020 4344 esset,
1051 4278 1127 4332 sic
1153 4291 1272 4332 sese
1299 4275 1454 4332 malis
1488 4277 1737 4347 operibus

145 4373 553 4444 manciparunt,
600 4388 706 4428 non
731 4372 1047 4442 cogitantes
1087 4370 1230 4442 quod
1269 4386 1352 4426 me
1395 4370 1526 4426 nihil
1572 4371 1739 4428 latere

148 4473 329 4536 queat,
374 4464 463 4535 qui
489 4464 650 4519 vitam
695 4464 1031 4535 animamque
1074 4470 1128 4517 et
1154 4477 1348 4532 corpus
1374 4461 1517 4527 dedi,
1560 4472 1741 4532 totque

150 4560 287 4614 bona
317 4557 665 4627 suppeditavi.
698 4554 918 4627 Tempus
963 4556 1122 4627 igitur
1155 4557 1316 4610 omnis
1358 4556 1575 4610 hominis
1612 4558 1742 4611 venit

150 4665 318 4704 coram
348 4642 443 4702 me.
481 4648 611 4702 Dein
637 4647 785 4718 quasi
815 4646 1202 4713 satisfacturos,
1231 4647 1598 4718 rationemque
1623 4649 1745 4703 red-

151 4741 362 4796 diturus
395 4740 562 4810 justo,
602 4739 872 4810 quomodo
910 4739 1075 4794 nimia
1125 4747 1462 4808 peccatorum
1489 4741 1745 4810 gravitate

151 4849 218 4890 ac
247 4832 586 4888 multitudine
629 4847 687 4888 se
717 4831 782 4887 ad
813 4841 1012 4886 tantam
1040 4833 1453 4900 indignationem
1487 4847 1744 4902 provoca-

154 4927 284 4992 riut,
311 4927 384 4980 ait
415 4943 427 4979 :
463 4926 592 4993 Quir.
617 4925 826 4995 impleta
852 4937 922 4980 est
949 4936 1080 4980 terra
1103 4927 1349 4996 injustitia
1379 4925 1581 4981 exiliis.
1612 4927 1746 4982 Num

156 5017 569 5089 prmtcrmissum
597 5025 678 5072 cst
697 5017 918 5086 aliquid,
945 5017 1133 5086 inquit,
1158 5017 1224 5067 ab
1247 5020 1341 5078 eis,
1369 5016 1509 5085 quod
1535 5017 1600 5070 ad
1623 5033 1743 5087 pec-

153 5120 332 5166 catum
362 5108 636 5163 tenderet?
657 5107 880 5162 Tantam
902 5107 1115 5162 malitiae
1138 5107 1550 5177 magnitudinem
1571 5109 1750 5165 videre

159 5201 306 5267 licet,
336 5211 392 5255 ut
415 5209 468 5256 et
493 5201 834 5269 superefﬂuat
873 5209 928 5255 et
955 5199 1207 5264 exundet,
1240 5211 1510 5271 totamque
1557 5211 1749 5260 terram

161 5291 381 5364 impleat
405 5309 416 5344 :
443 5299 720 5361 prepterea
741 5301 795 5345 et
817 5291 935 5345 illos
958 5289 1229 5358 disperde,
1256 5300 1310 5344 et
1339 5301 1530 5344 terram
1559 5291 1725 5360 ipsam

161 5387 317 5452 Ecce,
345 5386 536 5455 inquit,
567 5400 656 5455 ego
680 5383 918 5453 disperde
948 5383 1064 5437 illos
1088 5392 1132 5436 et
1162 5393 1365 5435 terram.
1396 5381 1508 5450 Qua
1550 5385 1753 5452 priores

164 5478 266 5548 ipsi
296 5476 450 5532 malis
477 5473 587 5529 suis
612 5475 864 5544 operibus
889 5474 1094 5543 seipsos
1123 5482 1481 5542 corruperunt
1509 5492 1520 5527 :
1556 5474 1756 5530 idcirco

165 5567 466 5639 generalem
514 5565 784 5620 interitum
837 5565 1102 5626 inducam,
1147 5563 1442 5633 deleboqne
1477 5564 1620 5632 ipsos
1661 5580 1753 5634 pa-

166 5660 298 5714 riter
325 5668 482 5727 atque
509 5667 724 5722 terram,
748 5665 804 5710 ut
829 5656 1193 5726 purgationem
1225 5655 1445 5724 accipiat
1469 5663 1628 5722 terra,
1654 5665 1706 5710 et
1727 5671 1756 5708 a

168 5760 243 5805 tot
275 5760 608 5819 peccatorum
657 5749 877 5804 maculis
914 5747 1253 5803 cmuudetur.
1300 5743 1502 5817 Cogita,
1532 5761 1714 5816 qumso
1741 5789 1755 5813 ,

171 5841 312 5909 quali
347 5848 474 5895 tunc
501 5838 665 5895 fuisse
709 5840 887 5894 animo
911 5839 1110 5909 justum
1143 5837 1299 5892 istum
1344 5836 1628 5891 verisimile
1654 5847 1755 5900 est,

167 5942 294 5983 cum
321 5931 434 5987 lucc
459 5947 484 5986 a
518 5931 740 5987 Domino
777 5930 1014 5986 audiret?
1043 5928 1176 5985 Nam
1220 5928 1341 5984 licet
1369 5928 1548 5984 multa:
1589 5927 1756 5984 virtu-

1225 495 1291 552 lN
1328 495 1480 551 CAP.
1526 489 1612 547 VI.
1655 489 1901 548 GENES.
1945 489 2178 546 HOMIL.
2222 489 2414 547 XXIV.

3322 497 3424 551 sm

1829 603 1895 657 tis
1925 603 2024 659 sibi
2056 603 2301 660 conscius
2323 613 2500 670 esset,
2535 619 2639 659 non
2660 616 2840 662 tamen
2874 605 3079 676 absque
3100 609 3288 666 dolore
3311 631 3426 685 qua:

1815 696 2126 750 dicebautur
2162 697 2386 766 accepit.
2437 695 2518 751 Ad
2543 696 2882 753 dilectionem
2929 704 3071 755 enim
3102 718 3427 774 propensum

1815 797 1897 840 est
1943 790 2206 855 justorum
2236 803 2402 857 genus
2425 829 2438 854 ,
2467 801 2520 842 ct
2549 805 2643 858 pro
2667 787 2894 843 aliorum
2934 793 3246 863 salutejusti
3277 814 3426 866 quae-

1816 891 1920 944 que
1943 877 2170 931 libenter
2217 879 2432 932 ferenda
2461 879 2816 948 susciperent.
2869 883 2986 948 Quo
3052 886 3209 956 igitur
3234 889 3428 944 affectu

1819 967 1979 1024 fuisse
2023 969 2313 1024 verisimile
2361 982 2440 1024 est
2475 972 2734 1027 exituium
2782 973 2926 1028 illum
2971 977 3181 1044 virum,
3232 983 3428 1036 cumiu

1835 1075 2015 1116 men'e
2043 1077 2137 1116 sua
2165 1063 2399 1117 omnimn
2430 1064 2700 1119 interitum
2745 1077 2798 1120 et
2834 1068 2995 1122 totius
3022 1078 3227 1126 natura:
3248 1076 3423 1142 perni-

1817 1152 1953 1206 ciem
2000 1163 2268 1219 versaret,
2314 1165 2368 1210 et
2409 1156 2647 1210 fortassis
2688 1171 2785 1211 nec
2834 1158 2933 1212 sibi
2990 1160 3088 1228 ipsi
3134 1161 3427 1230 jucundqu

1817 1242 2087 1314 quidpiam
2116 1245 2493 1314 polliceretur?
2515 1247 2758 1302 Nondum
2790 1250 2930 1304 enim
2958 1250 3210 1320 quiddam
3240 1252 3305 1307 de
3329 1254 3432 1309 hac

1818 1352 1876 1391 re
1896 1345 2226 1407 compertum
2250 1337 2502 1393 habebat.
2517 1339 2580 1394 llt
2597 1340 2755 1410 igitur
2776 1351 2954 1396 mente
2971 1358 3074 1396 non
3105 1345 3429 1408 turbaretur,

1818 1429 1910 1485 sed
1937 1445 2149 1499 parvam
2173 1429 2458 1501 quamdam
2484 1433 2900 1488 consolationem
2925 1434 2975 1488 in
3006 1443 3148 1490 tanta
3183 1438 3431 1492 maeroris

1781 1592 1784 1593 ν
1818 1520 2182 1590 magnitudine
2222 1523 2468 1592 accipere
2515 1533 2732 1592 posset,
2775 1535 3052 1595 postquam
3102 1526 3282 1582 docuit
3310 1543 3430 1584 eum

1819 1610 2034 1667 malitia:
2065 1613 2272 1668 illorum
2299 1615 2633 1684 gravitatem,
2656 1630 2718 1670 ac
2749 1624 2956 1686 tempus
2993 1634 3208 1687 urgere,
3235 1630 3291 1674 ιιι
3310 1636 3426 1690 pro-

1821 1703 1981 1759 funda
2013 1705 2086 1760 illi
2129 1707 2370 1762 sectione
2394 1707 2727 1774 incidantur,
2755 1709 2877 1764 dicit
2920 1710 2969 1766 ei
3005 1729 3018 1764 :
3049 1710 3173 1768 Illos
3216 1713 3430 1782 quidem

1819 1798 2118 1852 coummnis
2148 1798 2410 1868 pernicies
2431 1799 2659 1869 excipiet
2691 1819 2702 1853 :
2736 1803 2820 1856 14.
2849 1801 2924 1856 Tu
2963 1819 3079 1858 vero
3103 1804 3188 1874 [ac
3209 1807 3296 1860 tibi
3335 1805 3437 1875 ipsi

1818 1905 2014 1942 arcam.
2037 1887 2175 1957 Quid
2213 1898 2315 1956 est,
2343 1888 2419 1943 Tu
2440 1893 2597 1946 vero?
2615 1892 2747 1959 Quia
2772 1910 2874 1947 non
2902 1897 3307 1951 communicain
3335 1914 3430 1951 co-

1821 1993 1938 2033 rum
1957 1979 2226 2050 nequitize,
2249 1980 2342 2034 sed
2357 1996 2572 2036 omnem
2596 1982 2651 2036 in
2664 1984 2944 2038 virtutibus
2965 1987 3126 2039 vitam
3147 1987 3395 2058 peregisti
3418 2004 3433 2040 :

1823 2070 1942 2126 ideo
1987 2071 2082 2126 tibi
2121 2070 2360 2141 impero,
2385 2081 2443 2128 ut
2483 2081 2728 2129 cxstruas
2769 2091 2946 2130 arcam
2997 2074 3077 2131 Ea:
3115 2077 3266 2149 lignis
3301 2096 3431 2148 qua.

1821 2163 1980 2217 dratis
2026 2164 2350 2235 incorruptis.
2400 2163 2789 2221 Mansiuncuias
2823 2183 2911 2238 per
2964 2185 3137 2221 arcam
3181 2169 3362 2238 facies,
3390 2179 3433 2224 et

1823 2253 2098 2325 glutinabis
2139 2255 2440 2311 intrinsecus
2491 2265 2538 2310 et
2577 2257 2884 2314 extrinsecus
2928 2275 3039 2313 eam
3076 2260 3432 2318 bitumiuer'.

1825 2347 1908 2404 Sit
1927 2358 2096 2404 autent
2119 2359 2454 2405 trecentorum
2476 2350 2758 2405 cubitorum
2781 2352 3046 2422 longitude
3066 2393 3080 2418 ,
3118 2363 3164 2407 et
3185 2355 3434 2423 quinque-

1823 2441 1964 2512 ginta
2004 2441 2219 2506 latitudo
2238 2482 2253 2506 ,
2282 2451 2327 2495 et
2357 2443 2564 2513 triginta
2587 2443 2868 2497 cubitorum
2896 2444 3132 2498 altitude.
3167 2446 3253 2501 16.
3274 2445 3433 2500 Colli-

1825 2550 1946 2604 geus
1983 2533 2136 2602 facies
2159 2550 2353 2600 arcam,
2369 2545 2413 2588 et
2434 2536 2486 2589 in
2519 2537 2740 2590 cubitum
2767 2537 3137 2592 censummabis
3158 2539 3268 2610 ejus
3287 2556 3428 2594 sum-

1828 2625 2050 2679 mitatem
2073 2641 2092 2692 ;
2119 2627 2523 2698 januamautcm
2545 2628 2701 2697 facies
2738 2645 2768 2682 a
2794 2631 2947 2683 laure
2971 2673 2984 2696 ,
3016 2630 3261 2686 cubiculis
3298 2631 3438 2685 bicu-

1827 2719 2049 2783 merotis,
2085 2728 2131 2772 et
2167 2719 2499 2774 tricameratis
2541 2722 2697 2790 facies
2744 2737 2874 2774 eam.
2921 2722 3211 2778 Considera
3262 2723 3438 2779 indul-

1825 2811 2062 2881 geutiam
2093 2811 2220 2878 Dei,
2250 2821 2304 2867 ct
2350 2811 2674 2868 iueil‘abilem
2717 2813 2965 2869 virtutem
2993 2815 3442 2870 misetiCordiatu~

1826 2917 1932 2973 que
1960 2916 2174 2957 omnem
2202 2902 2460 2957 rationem
2489 2911 2678 2958 transeu
2701 2903 2786 2958 nd'
2809 2913 2976 2960 ntem.
3005 2903 3174 2960 Simul
3203 2905 3439 2961 declarat

1828 3003 1884 3050 et
1911 3009 2062 3048 suam
2101 3009 2226 3065 erga
2252 2994 2453 3064 justum
2475 2997 2623 3065 preti
2645 2996 2890 3060 leutiam,
2922 3006 2979 3050 ut
3008 2996 3227 3053 fabiich
3260 3013 3440 3052 arcam

1829 3086 1904 3140 illi
1931 3086 2198 3156 imperans
2231 3103 2246 3140 :
2279 3085 2642 3156 ordinaustue
2687 3087 2898 3142 interim
2942 3088 3157 3144 modum
3182 3091 3234 3144 iu
3277 3105 3440 3160 quem

1828 3178 2186 3234 construenda
2207 3219 2221 3241 ,
2242 3194 2434 3248 nempe
2466 3179 2516 3233 iu
2546 3196 2704 3248 quam
2752 3181 3134 3252 longitudinem
3158 3225 3171 3246 ,
3203 3182 3442 3239 latitudi-

1831 3281 1952 3322 nem
1993 3277 2046 3320 ct
2073 3267 2451 3323 sublimitatem
2473 3311 2488 3336 ,
2518 3281 2570 3324 et
2599 3271 2882 3324 maximam
2923 3272 2970 3325 ei
3020 3273 3443 3330 consolationem

1830 3357 2013 3424 affert,
2033 3374 2181 3429 spem
2194 3359 2382 3416 Salutis
2402 3375 2496 3430 per
2511 3377 2646 3414 arcir
2664 3363 3112 3416 con~tructionem
3132 3364 3441 3428 ostendens.

1833 3449 1952 3505 illos
1979 3465 2190 3520 quoque
2213 3450 2302 3521 qui
2332 3459 2438 3504 tam
2455 3452 2688 3521 graviter
2724 3453 3061 3521 peccaverint
3100 3453 3446 3511 fabricatione

1831 3557 1971 3597 arcte
2007 3541 2283 3598 admoneri
2335 3543 2555 3608 volens,
2589 3554 2644 3598 ut
2684 3560 2864 3599 secum
2908 3550 3201 3617 cogitarent
3228 3563 3346 3616 quce
3373 3547 3448 3603 fe-

1833 3635 2068 3698 cissent,
2109 3633 2582 3706 resipiscendoque
2625 3637 3042 3707 indignationem
3083 3654 3189 3694 non
3226 3643 3448 3710 experi-

1834 3734 2038 3780 rentur.
2068 3725 2249 3795 Neque
2277 3728 2419 3780 cnim
2446 3742 2664 3797 parvum
2696 3729 2801 3784 illis
2840 3739 3048 3800 tempus
3073 3730 3249 3786 denuo
3263 3731 3330 3785 ad
3357 3746 3446 3787 reo

1833 3817 2194 3886 sipiscentiam
2221 3832 2536 3873 concessum
2561 3828 2642 3874 cst
2673 3834 2766 3888 per
2787 3835 2926 3874 arca:
2951 3823 3404 3876 constructionem
3432 3842 3444 3877 :

1835 3909 1930 3964 sed
1970 3909 2126 3979 plane
2160 3909 2384 3965 multum
2421 3922 2475 3967 et
2519 3911 2790 3968 sufliciens
2829 3911 3043 3981 fuisset,
3072 3914 3171 3968 nisi
3199 3915 3334 3970 adeo
3366 3917 3446 3970 in-

1835 4003 1969 4073 grati
2002 4000 2223 4056 fuissent
2250 4011 2302 4057 et
2344 4003 2540 4073 stupidi
2565 4004 2630 4058 ad
2660 4015 2960 4060 crratorum
2995 4006 3445 4062 emendationem.

1839 4093 1941 4148 Par
1955 4092 2097 4148 enim
2126 4104 2268 4157 erat,
2289 4095 2526 4163 singulos
2556 4110 2740 4150 eorum
2785 4111 2906 4150 cum
2939 4096 3181 4150 viderent
3215 4097 3442 4166 jllelltm,

1838 4185 1928 4254 qui
1969 4183 2324 4239 fabricabatur
2340 4199 2516 4238 arcam
2545 4226 2558 4249 ,
2590 4201 2806 4240 causam
2823 4197 3092 4241 construct
3118 4189 3235 4242 ouis
3261 4189 3448 4243 scisci-

1841 4285 1979 4332 tatos
2023 4292 2178 4343 esse,
2208 4286 2263 4333 et
2296 4279 2505 4348 cognita
2559 4278 2736 4334 divina
2784 4280 3179 4350 indignatione,
3211 4281 3335 4336 inde
3384 4281 3450 4336 ad

1841 4383 2057 4425 sensum
2095 4378 2432 4438 peccatorum
2471 4386 2689 4424 suorum
2715 4372 2928 4435 venire,
2958 4370 3003 4425 si
3023 4371 3244 4440 quidem
3258 4372 3454 4427 voluis-

1843 4473 1982 4519 sent.
2023 4461 2222 4518 Verum
2267 4461 2383 4517 haec
2423 4461 2530 4517 illis
2569 4462 2768 4516 nullam
2800 4461 3084 4516 utilitatem
3133 4463 3450 4528 attulerunt,

1847 4570 1952 4609 non
1977 4556 2099 4624 quia
2131 4571 2235 4608 non
2267 4563 2574 4625 potuerunt,
2603 4552 2697 4607 sed
2719 4553 2842 4622 quia
2870 4554 3175 4608 noluerunt.

1918 4639 1971 4695 ι.
2003 4637 2139 4693 Deus
2156 4639 2423 4694 consilium
2445 4654 2589 4692 suum
2627 4637 2737 4690 Noe
2757 4640 3116 4690 conminuicat.
3153 4637 3254 4691 Cur
3273 4636 3452 4692 Euoclt

1849 4732 2123 4787 translatus
2148 4732 2319 4802 fuerit.
2344 4730 2487 4784 Solet
2511 4728 2646 4782 Deus
2678 4738 2879 4798 pr0pter
2891 4730 3060 4800 justos
3084 4746 3283 4784 servare
3303 4729 3450 4784 alios.

1845 4855 1919 4866 —
1948 4824 2110 4895 Igitur
2135 4831 2412 4893 postquam
2439 4821 2506 4877 de
2537 4821 2891 4876 construenda
2919 4837 3040 4876 arca
3077 4821 3222 4892 ju~to
3251 4839 3456 4893 praece-

1851 4918 1964 4988 pit,
2004 4913 2358 4970 communicat
2387 4924 2437 4967 et
2467 4922 2646 4966 narrat
2675 4913 2722 4966 ci
2765 4914 2924 4966 etiam
2980 4929 3151 4981 poena:
3191 4915 3424 4982 speciem

1851 5022 2007 5077 quam
2041 5007 2282 5059 illaturus
2303 5013 2457 5070 erat,
2485 5014 2538 5057 et
2582 5003 2710 5057 dicit
2741 5023 2754 5057 :
2784 5002 2862 5057 Tu
2893 5003 3106 5072 quidem
3135 5002 3270 5058 banc
3294 5020 3419 5074 para
3443 5046 3458 5068 ,

1852 5099 1989 5153 sicut
2020 5098 2245 5167 pr:rc0pi
2271 5113 2284 5148 :
2316 5111 2415 5164 ego
2445 5105 2622 5150 autem
2646 5135 2660 5159 ,
2706 5096 2792 5149 ubi
2825 5106 2878 5149 tu
2907 5095 3189 5151 :ttdiﬁcitnn
3223 5099 3459 5167 comple-

1855 5189 1994 5243 veris
2019 5230 2033 5254 ,
2065 5191 2224 5242 etiam
2255 5205 2315 5241 ca
2348 5203 2465 5256 quae
2492 5187 2556 5241 ad
2591 5196 2642 5242 te
2670 5187 2897 5241 attinent
2925 5189 2977 5242 in
3019 5197 3132 5244 tuto
3157 5190 3455 5246 collocabo.

1859 5283 1945 5336 17.
1972 5280 2081 5352 Ego
2107 5291 2273 5334 autem
2297 5321 2311 5344 ,
2340 5279 2503 5350 inquit
2523 5322 2536 5344 ,
2564 5279 2801 5332 inducam
2833 5280 3081 5334 diluvium
3107 5323 3121 5347 ,
3147 5299 3331 5352 aquam
3371 5301 3456 5337 su-

1858 5391 1944 5444 per
1961 5385 2166 5437 terram,
2186 5383 2237 5425 ut
2254 5382 2543 5439 corrumpat
2560 5387 2757 5424 omnem
2778 5387 3000 5434 carnem,
3020 5373 3073 5426 in
3094 5389 3193 5444 qua
3216 5384 3289 5427 est
3305 5375 3461 5443 spiri-

1861 5477 1937 5520 tus
1954 5466 2069 5519 vita:
2086 5463 2255 5518 subter
2275 5463 2474 5527 cwlum,
2495 5472 2540 5515 et
2561 5477 2886 5532 qutecumque
2906 5464 3094 5534 fuerint
3111 5480 3262 5534 super
3280 5475 3464 5518 terram

1858 5557 2154 5610 morientur.
2189 5553 2321 5608 Vide
2336 5552 2606 5623 quomodo
2636 5562 2688 5607 et
2718 5568 2810 5622 per
2851 5554 3021 5608 minas
3051 5553 3281 5608 ostendit
3306 5569 3466 5622 quam

1858 5648 2040 5720 gravia
2062 5645 2135 5700 illi
2163 5647 2518 5716 peccaverint,
2539 5655 2593 5700 et
2616 5646 2784 5714 inquit
2814 5662 2826 5699 :
2853 5645 3060 5699 Etenim
3083 5645 3326 5698 eamdem
3359 5662 3469 5715 pte-

1864 5757 1985 5796 nam
2029 5739 2274 5794 inducam
2310 5747 2414 5792 tam
2460 5737 2846 5800 rationalibus,
2894 5751 3052 5805 quam
3099 5737 3322 5790 rationis
3376 5754 3465 5791 cs-

1867 5831 2122 5903 pcrtibus.
2151 5829 2282 5898 Quia
2311 5830 2454 5883 enim
2501 5829 2852 5899 principatum
2883 5843 3041 5883 suum
3088 5830 3430 5898 prodiderunt
3456 5872 3468 5892 ,

1868 5938 1921 5982 et
1946 5927 1998 5980 id
2032 5923 2309 5979 bruturum
2353 5923 2600 5979 ferociam
2641 5922 3008 5988 declinarunt,
3039 5923 3179 5980 nulla
3227 5926 3327 5980 crit
3361 5941 3472 5994 p11;-
