  <div class='ocr_page' id='page_1' title='image "/cluster/home/n/w/nwhite01/storage/ocr_20150623/53/uva.x030486927/213.png"; bbox 0 0 4080 6498; ppageno 0'>
   <div class='ocr_carea' id='block_1_1' title="bbox 670 485 768 545">
    <p class='ocr_par' dir='ltr' id='par_1_1' title="bbox 670 485 768 545">
     <span class='ocr_line' id='line_1_1' title="bbox 670 485 768 545; baseline -0.01 -1"><span class='ocrx_word' id='word_1_1' title='bbox 670 485 768 545; x_wconf 66' lang='lat' dir='ltr'><strong>iii</strong></span> 
     </span>
    </p>
   </div>
   <div class='ocr_carea' id='block_1_2' title="bbox 657 595 2226 663">
    <p class='ocr_par' dir='ltr' id='par_1_2' title="bbox 657 595 2226 663">
     <span class='ocr_line' id='line_1_2' title="bbox 657 595 2226 663; baseline -0.006 -8"><span class='ocrx_word' id='word_1_2' title='bbox 657 615 843 656; x_wconf 83' lang='lat' dir='ltr'><strong>narunt</strong></span> <span class='ocrx_word' id='word_1_3' title='bbox 871 597 1184 654; x_wconf 78' lang='lat' dir='ltr'><strong>dill&#39;erentia.</strong></span> <span class='ocrx_word' id='word_1_4' title='bbox 1226 595 1472 653; x_wconf 65' lang='lat' dir='ltr'><strong>induunt</strong></span> <span class='ocrx_word' id='word_1_5' title='bbox 1510 599 1651 660; x_wconf 79' lang='lat' dir='ltr'><strong>enim</strong></span> <span class='ocrx_word' id='word_1_6' title='bbox 1675 597 1919 652; x_wconf 65' lang='lat' dir='ltr'><strong>diluvium</strong></span> <span class='ocrx_word' id='word_1_7' title='bbox 1957 611 2136 663; x_wconf 68' lang='lat' dir='ltr'><strong>aqua,</strong></span> <span class='ocrx_word' id='word_1_8' title='bbox 2176 601 2226 646; x_wconf 71' lang='lat' dir='ltr'><strong>ut</strong></span> 
     </span>
    </p>
   </div>
   <div class='ocr_carea' id='block_1_3' title="bbox 657 685 2234 757">
    <p class='ocr_par' dir='ltr' id='par_1_3' title="bbox 657 685 2234 757">
     <span class='ocr_line' id='line_1_3' title="bbox 657 685 2234 757; baseline -0.003 -17"><span class='ocrx_word' id='word_1_9' title='bbox 657 699 945 753; x_wconf 78' lang='lat' dir='ltr'><strong>corrumpat</strong></span> <span class='ocrx_word' id='word_1_10' title='bbox 963 704 1158 742; x_wconf 82' lang='lat' dir='ltr'><strong>omnem</strong></span> <span class='ocrx_word' id='word_1_11' title='bbox 1186 704 1384 743; x_wconf 82' lang='lat' dir='ltr'><strong>cantem</strong></span> <span class='ocrx_word' id='word_1_12' title='bbox 1403 727 1420 755; x_wconf 95' lang='lat'><strong>,</strong></span> <span class='ocrx_word' id='word_1_13' title='bbox 1442 687 1611 757; x_wconf 84' lang='lat' dir='ltr'><strong>inqua</strong></span> <span class='ocrx_word' id='word_1_14' title='bbox 1635 695 1707 740; x_wconf 72' lang='lat' dir='ltr'><strong>est</strong></span> <span class='ocrx_word' id='word_1_15' title='bbox 1725 685 1932 753; x_wconf 80' lang='lat' dir='ltr'><strong>spiritus</strong></span> <span class='ocrx_word' id='word_1_16' title='bbox 1953 687 2066 739; x_wconf 74' lang='lat' dir='ltr'><strong>vita</strong></span> <span class='ocrx_word' id='word_1_17' title='bbox 2085 697 2234 753; x_wconf 73' lang='lat' dir='ltr'><strong>super</strong></span> 
     </span>
    </p>
   </div>
   <div class='ocr_carea' id='block_1_4' title="bbox 652 764 2232 847">
    <p class='ocr_par' dir='ltr' id='par_1_4' title="bbox 652 764 2232 847">
     <span class='ocr_line' id='line_1_4' title="bbox 652 764 2232 847; baseline -0.003 -15"><span class='ocrx_word' id='word_1_18' title='bbox 652 779 849 834; x_wconf 69' lang='lat' dir='ltr'><strong>celum.</strong></span> <span class='ocrx_word' id='word_1_19' title='bbox 880 778 943 832; x_wconf 79' lang='lat' dir='ltr'><strong>Et</strong></span> <span class='ocrx_word' id='word_1_20' title='bbox 976 777 1212 847; x_wconf 66' lang='lat' dir='ltr'><strong>iumenta</strong></span> <span class='ocrx_word' id='word_1_21' title='bbox 1236 820 1252 845; x_wconf 93' lang='lat'><strong>,</strong></span> <span class='ocrx_word' id='word_1_22' title='bbox 1285 778 1487 847; x_wconf 87' lang='lat' dir='ltr'><strong>inquit,</strong></span> <span class='ocrx_word' id='word_1_23' title='bbox 1520 785 1577 831; x_wconf 83' lang='lat' dir='ltr'><strong>et</strong></span> <span class='ocrx_word' id='word_1_24' title='bbox 1616 764 1842 831; x_wconf 81' lang='lat' dir='ltr'><strong>volatilia</strong></span> <span class='ocrx_word' id='word_1_25' title='bbox 1869 818 1882 836; x_wconf 89' lang='lat'><strong>.</strong></span> <span class='ocrx_word' id='word_1_26' title='bbox 1911 786 1965 832; x_wconf 88' lang='lat' dir='ltr'><strong>et</strong></span> <span class='ocrx_word' id='word_1_27' title='bbox 1993 775 2116 830; x_wconf 76' lang='lat' dir='ltr'><strong>fera:</strong></span> <span class='ocrx_word' id='word_1_28' title='bbox 2139 815 2153 838; x_wconf 92' lang='lat'><strong>,</strong></span> <span class='ocrx_word' id='word_1_29' title='bbox 2180 783 2232 828; x_wconf 89' lang='lat' dir='ltr'><strong>et</strong></span> 
     </span>
    </p>
   </div>
   <div class='ocr_carea' id='block_1_5' title="bbox 651 867 2233 938">
    <p class='ocr_par' dir='ltr' id='par_1_5' title="bbox 651 867 2233 938">
     <span class='ocr_line' id='line_1_5' title="bbox 651 867 2233 938; baseline 0 -18"><span class='ocrx_word' id='word_1_30' title='bbox 651 867 1038 938; x_wconf 84' lang='lat' dir='ltr'><strong>quadrupcdia,</strong></span> <span class='ocrx_word' id='word_1_31' title='bbox 1071 879 1123 924; x_wconf 91' lang='lat' dir='ltr'><strong>et</strong></span> <span class='ocrx_word' id='word_1_32' title='bbox 1165 883 1507 938; x_wconf 59' lang='lat' dir='ltr'><strong>quacumque</strong></span> <span class='ocrx_word' id='word_1_33' title='bbox 1545 867 1646 923; x_wconf 89' lang='lat' dir='ltr'><strong>sub</strong></span> <span class='ocrx_word' id='word_1_34' title='bbox 1673 867 1811 922; x_wconf 67' lang='lat' dir='ltr'><strong>celo</strong></span> <span class='ocrx_word' id='word_1_35' title='bbox 1850 875 2004 930; x_wconf 85' lang='lat' dir='ltr'><strong>sunt,</strong></span> <span class='ocrx_word' id='word_1_36' title='bbox 2042 880 2233 922; x_wconf 88' lang='lat' dir='ltr'><strong>consu-</strong></span> 
     </span>
    </p>
   </div>
   <div class='ocr_carea' id='block_1_6' title="bbox 655 952 2232 1026">
    <p class='ocr_par' dir='ltr' id='par_1_6' title="bbox 655 952 2232 1026">
     <span class='ocr_line' id='line_1_6' title="bbox 655 952 2232 1026; baseline -0.002 -15"><span class='ocrx_word' id='word_1_37' title='bbox 655 967 886 1015; x_wconf 89' lang='lat' dir='ltr'><strong>tnentnr.</strong></span> <span class='ocrx_word' id='word_1_38' title='bbox 920 958 985 1013; x_wconf 83' lang='lat' dir='ltr'><strong>Et</strong></span> <span class='ocrx_word' id='word_1_39' title='bbox 1019 968 1076 1015; x_wconf 92' lang='lat' dir='ltr'><strong>ut</strong></span> <span class='ocrx_word' id='word_1_40' title='bbox 1113 959 1286 1014; x_wconf 85' lang='lat' dir='ltr'><strong>discas</strong></span> <span class='ocrx_word' id='word_1_41' title='bbox 1317 957 1445 1014; x_wconf 85' lang='lat' dir='ltr'><strong>nihil</strong></span> <span class='ocrx_word' id='word_1_42' title='bbox 1489 959 1730 1013; x_wconf 89' lang='lat' dir='ltr'><strong>relictum</strong></span> <span class='ocrx_word' id='word_1_43' title='bbox 1779 957 1878 1022; x_wconf 90' lang='lat' dir='ltr'><strong>iri,</strong></span> <span class='ocrx_word' id='word_1_44' title='bbox 1930 958 2095 1026; x_wconf 87' lang='lat' dir='ltr'><strong>inquit</strong></span> <span class='ocrx_word' id='word_1_45' title='bbox 2120 973 2134 1009; x_wconf 88' lang='lat'><strong>:</strong></span> <span class='ocrx_word' id='word_1_46' title='bbox 2164 952 2232 1008; x_wconf 80' lang='lat' dir='ltr'><strong>Et</strong></span> 
     </span>
    </p>
   </div>
   <div class='ocr_carea' id='block_1_7' title="bbox 651 1045 2229 1121">
    <p class='ocr_par' dir='ltr' id='par_1_7' title="bbox 651 1045 2229 1121">
     <span class='ocr_line' id='line_1_7' title="bbox 651 1045 2229 1121; baseline 0 -22"><span class='ocrx_word' id='word_1_47' title='bbox 651 1064 973 1120; x_wconf 67' lang='lat' dir='ltr'><strong>quiscumque</strong></span> <span class='ocrx_word' id='word_1_48' title='bbox 996 1059 1112 1104; x_wconf 85' lang='lat' dir='ltr'><strong>sunt</strong></span> <span class='ocrx_word' id='word_1_49' title='bbox 1131 1067 1283 1121; x_wconf 82' lang='lat' dir='ltr'><strong>super</strong></span> <span class='ocrx_word' id='word_1_50' title='bbox 1307 1060 1489 1103; x_wconf 75' lang='lat' dir='ltr'><strong>terram</strong></span> <span class='ocrx_word' id='word_1_51' title='bbox 1511 1091 1527 1114; x_wconf 96' lang='lat'><strong>,</strong></span> <span class='ocrx_word' id='word_1_52' title='bbox 1557 1052 1853 1102; x_wconf 78' lang='lat' dir='ltr'><strong>morientur.</strong></span> <span class='ocrx_word' id='word_1_53' title='bbox 1884 1047 2013 1102; x_wconf 81' lang='lat' dir='ltr'><strong>Nam</strong></span> <span class='ocrx_word' id='word_1_54' title='bbox 2046 1045 2229 1116; x_wconf 79' lang='lat' dir='ltr'><strong>puriﬁ-</strong></span> 
     </span>
    </p>
   </div>
   <div class='ocr_carea' id='block_1_8' title="bbox 649 1135 2230 1210">
    <p class='ocr_par' dir='ltr' id='par_1_8' title="bbox 649 1135 2230 1210">
     <span class='ocr_line' id='line_1_8' title="bbox 649 1135 2230 1210; baseline -0.002 -17"><span class='ocrx_word' id='word_1_55' title='bbox 649 1139 855 1196; x_wconf 84' lang='lat' dir='ltr'><strong>catione</strong></span> <span class='ocrx_word' id='word_1_56' title='bbox 884 1140 1026 1194; x_wconf 88' lang='lat' dir='ltr'><strong>orbis</strong></span> <span class='ocrx_word' id='word_1_57' title='bbox 1052 1155 1183 1210; x_wconf 86' lang='lat' dir='ltr'><strong>opus</strong></span> <span class='ocrx_word' id='word_1_58' title='bbox 1214 1139 1369 1194; x_wconf 90' lang='lat' dir='ltr'><strong>habet</strong></span> <span class='ocrx_word' id='word_1_59' title='bbox 1389 1178 1409 1206; x_wconf 91' lang='lat'><strong>,</strong></span> <span class='ocrx_word' id='word_1_60' title='bbox 1447 1139 1540 1196; x_wconf 85' lang='lat' dir='ltr'><strong>sed</strong></span> <span class='ocrx_word' id='word_1_61' title='bbox 1587 1139 1687 1194; x_wconf 88' lang='lat' dir='ltr'><strong>hoc</strong></span> <span class='ocrx_word' id='word_1_62' title='bbox 1718 1149 1767 1194; x_wconf 89' lang='lat' dir='ltr'><strong>te</strong></span> <span class='ocrx_word' id='word_1_63' title='bbox 1791 1154 1895 1193; x_wconf 92' lang='lat' dir='ltr'><strong>non</strong></span> <span class='ocrx_word' id='word_1_64' title='bbox 1915 1135 2230 1201; x_wconf 84' lang='lat' dir='ltr'><strong>conturbet,</strong></span> 
     </span>
    </p>
   </div>
   <div class='ocr_carea' id='block_1_9' title="bbox 652 1225 2232 1298">
    <p class='ocr_par' dir='ltr' id='par_1_9' title="bbox 652 1225 2232 1298">
     <span class='ocr_line' id='line_1_9' title="bbox 652 1225 2232 1298; baseline -0.001 -15"><span class='ocrx_word' id='word_1_65' title='bbox 652 1242 825 1298; x_wconf 81' lang='lat' dir='ltr'><strong>neque</strong></span> <span class='ocrx_word' id='word_1_66' title='bbox 850 1240 1080 1290; x_wconf 84' lang='lat' dir='ltr'><strong>mentem</strong></span> <span class='ocrx_word' id='word_1_67' title='bbox 1111 1238 1251 1286; x_wconf 89' lang='lat' dir='ltr'><strong>tuam</strong></span> <span class='ocrx_word' id='word_1_68' title='bbox 1277 1229 1580 1287; x_wconf 77' lang='lat' dir='ltr'><strong>confundat.</strong></span> <span class='ocrx_word' id='word_1_69' title='bbox 1608 1228 1738 1284; x_wconf 81' lang='lat' dir='ltr'><strong>Nam</strong></span> <span class='ocrx_word' id='word_1_70' title='bbox 1759 1229 1880 1297; x_wconf 85' lang='lat' dir='ltr'><strong>quia</strong></span> <span class='ocrx_word' id='word_1_71' title='bbox 1907 1229 2060 1283; x_wconf 78' lang='lat' dir='ltr'><strong>video</strong></span> <span class='ocrx_word' id='word_1_72' title='bbox 2090 1225 2232 1282; x_wconf 77' lang='lat' dir='ltr'><strong>uice-</strong></span> 
     </span>
    </p>
   </div>
   <div class='ocr_carea' id='block_1_10' title="bbox 655 1319 2230 1386">
    <p class='ocr_par' dir='ltr' id='par_1_10' title="bbox 655 1319 2230 1386">
     <span class='ocr_line' id='line_1_10' title="bbox 655 1319 2230 1386; baseline 0 -16"><span class='ocrx_word' id='word_1_73' title='bbox 655 1332 709 1370; x_wconf 88' lang='lat' dir='ltr'><strong>ra</strong></span> <span class='ocrx_word' id='word_1_74' title='bbox 738 1332 921 1373; x_wconf 90' lang='lat' dir='ltr'><strong>eorum</strong></span> <span class='ocrx_word' id='word_1_75' title='bbox 970 1320 1273 1376; x_wconf 88' lang='lat' dir='ltr'><strong>ineurabilia</strong></span> <span class='ocrx_word' id='word_1_76' title='bbox 1300 1361 1316 1386; x_wconf 91' lang='lat'><strong>,</strong></span> <span class='ocrx_word' id='word_1_77' title='bbox 1361 1319 1550 1376; x_wconf 87' lang='lat' dir='ltr'><strong>sistere</strong></span> <span class='ocrx_word' id='word_1_78' title='bbox 1578 1319 1699 1374; x_wconf 77' lang='lat' dir='ltr'><strong>volo</strong></span> <span class='ocrx_word' id='word_1_79' title='bbox 1743 1319 1956 1374; x_wconf 67' lang='lat' dir='ltr'><strong>malitiae</strong></span> <span class='ocrx_word' id='word_1_80' title='bbox 2001 1319 2192 1372; x_wconf 82' lang='lat' dir='ltr'><strong>ﬂuenta</strong></span> <span class='ocrx_word' id='word_1_81' title='bbox 2213 1357 2230 1383; x_wconf 95' lang='lat'><strong>,</strong></span> 
     </span>
    </p>
   </div>
   <div class='ocr_carea' id='block_1_11' title="bbox 651 1407 2233 1481">
    <p class='ocr_par' dir='ltr' id='par_1_11' title="bbox 651 1407 2233 1481">
     <span class='ocr_line' id='line_1_11' title="bbox 651 1407 2233 1481; baseline 0.001 -20"><span class='ocrx_word' id='word_1_82' title='bbox 651 1416 708 1463; x_wconf 85' lang='grc' dir='ltr'><strong>ιιι</strong></span> <span class='ocrx_word' id='word_1_83' title='bbox 733 1423 801 1463; x_wconf 87' lang='lat' dir='ltr'><strong>ne</strong></span> <span class='ocrx_word' id='word_1_84' title='bbox 823 1410 1151 1478; x_wconf 85' lang='lat' dir='ltr'><strong>gravioribus</strong></span> <span class='ocrx_word' id='word_1_85' title='bbox 1173 1412 1344 1481; x_wconf 79' lang='lat' dir='ltr'><strong>pomis</strong></span> <span class='ocrx_word' id='word_1_86' title='bbox 1383 1409 1643 1466; x_wconf 79' lang='lat' dir='ltr'><strong>obnoxios</strong></span> <span class='ocrx_word' id='word_1_87' title='bbox 1669 1424 1729 1466; x_wconf 83' lang='lat' dir='ltr'><strong>se</strong></span> <span class='ocrx_word' id='word_1_88' title='bbox 1777 1409 1984 1465; x_wconf 78' lang='lat' dir='ltr'><strong>iaciant.</strong></span> <span class='ocrx_word' id='word_1_89' title='bbox 2036 1407 2233 1463; x_wconf 84' lang='lat' dir='ltr'><strong>Idcirco</strong></span> 
     </span>
    </p>
   </div>
   <div class='ocr_carea' id='block_1_12' title="bbox 645 1501 2229 1572">
    <p class='ocr_par' dir='ltr' id='par_1_12' title="bbox 645 1501 2229 1572">
     <span class='ocr_line' id='line_1_12' title="bbox 645 1501 2229 1572; baseline -0.001 -18"><span class='ocrx_word' id='word_1_90' title='bbox 645 1501 808 1557; x_wconf 89' lang='lat' dir='ltr'><strong>etlam</strong></span> <span class='ocrx_word' id='word_1_91' title='bbox 854 1518 992 1558; x_wconf 90' lang='lat' dir='ltr'><strong>nunc</strong></span> <span class='ocrx_word' id='word_1_92' title='bbox 1020 1517 1115 1572; x_wconf 89' lang='lat' dir='ltr'><strong>pro</strong></span> <span class='ocrx_word' id='word_1_93' title='bbox 1154 1503 1308 1558; x_wconf 87' lang='lat' dir='ltr'><strong>solita</strong></span> <span class='ocrx_word' id='word_1_94' title='bbox 1348 1518 1466 1558; x_wconf 83' lang='lat' dir='ltr'><strong>mea</strong></span> <span class='ocrx_word' id='word_1_95' title='bbox 1502 1503 1781 1565; x_wconf 85' lang='lat' dir='ltr'><strong>clementia</strong></span> <span class='ocrx_word' id='word_1_96' title='bbox 1819 1501 2229 1570; x_wconf 70' lang='lat' dir='ltr'><strong>indignationem</strong></span> 
     </span>
    </p>
   </div>
   <div class='ocr_carea' id='block_1_13' title="bbox 650 1590 2230 1663">
    <p class='ocr_par' dir='ltr' id='par_1_13' title="bbox 650 1590 2230 1663">
     <span class='ocr_line' id='line_1_13' title="bbox 650 1590 2230 1663; baseline 0 -20"><span class='ocrx_word' id='word_1_97' title='bbox 650 1591 882 1644; x_wconf 81' lang='lat' dir='ltr'><strong>bonitate</strong></span> <span class='ocrx_word' id='word_1_98' title='bbox 902 1602 1201 1662; x_wconf 74' lang='lat' dir='ltr'><strong>temperans</strong></span> <span class='ocrx_word' id='word_1_99' title='bbox 1218 1635 1233 1655; x_wconf 91' lang='lat'><strong>,</strong></span> <span class='ocrx_word' id='word_1_100' title='bbox 1263 1593 1420 1648; x_wconf 86' lang='lat' dir='ltr'><strong>talem</strong></span> <span class='ocrx_word' id='word_1_101' title='bbox 1443 1608 1652 1663; x_wconf 68' lang='lat' dir='ltr'><strong>prunam</strong></span> <span class='ocrx_word' id='word_1_102' title='bbox 1675 1593 1842 1648; x_wconf 79' lang='lat' dir='ltr'><strong>infero</strong></span> <span class='ocrx_word' id='word_1_103' title='bbox 1860 1607 1979 1662; x_wconf 61' lang='lat' dir='ltr'><strong>qua:</strong></span> <span class='ocrx_word' id='word_1_104' title='bbox 1998 1594 2113 1648; x_wconf 91' lang='lat' dir='ltr'><strong>sine</strong></span> <span class='ocrx_word' id='word_1_105' title='bbox 2131 1590 2230 1644; x_wconf 85' lang='lat' dir='ltr'><strong>do-</strong></span> 
     </span>
    </p>
   </div>
   <div class='ocr_carea' id='block_1_14' title="bbox 650 1680 2232 1755">
    <p class='ocr_par' dir='ltr' id='par_1_14' title="bbox 650 1680 2232 1755">
     <span class='ocr_line' id='line_1_14' title="bbox 650 1680 2232 1755; baseline 0.002 -20"><span class='ocrx_word' id='word_1_106' title='bbox 650 1680 763 1736; x_wconf 88' lang='lat' dir='ltr'><strong>lore</strong></span> <span class='ocrx_word' id='word_1_107' title='bbox 791 1683 892 1744; x_wconf 86' lang='lat' dir='ltr'><strong>sit.</strong></span> <span class='ocrx_word' id='word_1_108' title='bbox 925 1691 979 1738; x_wconf 91' lang='lat' dir='ltr'><strong>et</strong></span> <span class='ocrx_word' id='word_1_109' title='bbox 1009 1698 1111 1737; x_wconf 90' lang='lat' dir='ltr'><strong>non</strong></span> <span class='ocrx_word' id='word_1_110' title='bbox 1143 1683 1423 1740; x_wconf 81' lang='lat' dir='ltr'><strong>sentiatur.</strong></span> <span class='ocrx_word' id='word_1_111' title='bbox 1450 1683 1631 1753; x_wconf 79' lang='lat' dir='ltr'><strong>Neque</strong></span> <span class='ocrx_word' id='word_1_112' title='bbox 1656 1684 1797 1739; x_wconf 90' lang='lat' dir='ltr'><strong>enim</strong></span> <span class='ocrx_word' id='word_1_113' title='bbox 1826 1683 1892 1739; x_wconf 86' lang='lat' dir='ltr'><strong>ad</strong></span> <span class='ocrx_word' id='word_1_114' title='bbox 1921 1683 2232 1755; x_wconf 81' lang='lat' dir='ltr'><strong>magnitudi-</strong></span> 
     </span>
    </p>
   </div>
   <div class='ocr_carea' id='block_1_15' title="bbox 651 1771 2231 1843">
    <p class='ocr_par' dir='ltr' id='par_1_15' title="bbox 651 1771 2231 1843">
     <span class='ocr_line' id='line_1_15' title="bbox 651 1771 2231 1843; baseline 0.003 -21"><span class='ocrx_word' id='word_1_115' title='bbox 651 1783 772 1824; x_wconf 89' lang='lat' dir='ltr'><strong>nem</strong></span> <span class='ocrx_word' id='word_1_116' title='bbox 801 1781 1135 1840; x_wconf 76' lang='lat' dir='ltr'><strong>peccatorum</strong></span> <span class='ocrx_word' id='word_1_117' title='bbox 1165 1774 1243 1827; x_wconf 85' lang='lat' dir='ltr'><strong>vel</strong></span> <span class='ocrx_word' id='word_1_118' title='bbox 1273 1772 1336 1826; x_wconf 87' lang='lat' dir='ltr'><strong>ad</strong></span> <span class='ocrx_word' id='word_1_119' title='bbox 1369 1773 1554 1827; x_wconf 86' lang='lat' dir='ltr'><strong>merita</strong></span> <span class='ocrx_word' id='word_1_120' title='bbox 1581 1787 1762 1828; x_wconf 88' lang='lat' dir='ltr'><strong>eorum</strong></span> <span class='ocrx_word' id='word_1_121' title='bbox 1793 1772 2080 1843; x_wconf 86' lang='lat' dir='ltr'><strong>respiciens</strong></span> <span class='ocrx_word' id='word_1_122' title='bbox 2098 1813 2113 1838; x_wconf 94' lang='lat'><strong>,</strong></span> <span class='ocrx_word' id='word_1_123' title='bbox 2136 1771 2231 1827; x_wconf 85' lang='lat' dir='ltr'><strong>sed</strong></span> 
     </span>
    </p>
   </div>
   <div class='ocr_carea' id='block_1_16' title="bbox 652 1859 2227 1933">
    <p class='ocr_par' dir='ltr' id='par_1_16' title="bbox 652 1859 2227 1933">
     <span class='ocr_line' id='line_1_16' title="bbox 652 1859 2227 1933; baseline 0.005 -22"><span class='ocrx_word' id='word_1_124' title='bbox 652 1859 944 1927; x_wconf 62' lang='lat' dir='ltr'><strong>pra-videns</strong></span> <span class='ocrx_word' id='word_1_125' title='bbox 984 1860 1154 1917; x_wconf 77' lang='lat' dir='ltr'><strong>futura</strong></span> <span class='ocrx_word' id='word_1_126' title='bbox 1175 1905 1190 1928; x_wconf 97' lang='lat'><strong>,</strong></span> <span class='ocrx_word' id='word_1_127' title='bbox 1217 1871 1270 1916; x_wconf 85' lang='lat' dir='ltr'><strong>et</strong></span> <span class='ocrx_word' id='word_1_128' title='bbox 1309 1861 1404 1918; x_wconf 83' lang='lat' dir='ltr'><strong>hos</strong></span> <span class='ocrx_word' id='word_1_129' title='bbox 1440 1862 1748 1932; x_wconf 85' lang='lat' dir='ltr'><strong>congruenti</strong></span> <span class='ocrx_word' id='word_1_130' title='bbox 1777 1876 1934 1932; x_wconf 72' lang='lat' dir='ltr'><strong>{)th</strong></span> <span class='ocrx_word' id='word_1_131' title='bbox 1961 1862 2191 1933; x_wconf 82' lang='lat' dir='ltr'><strong>plectere</strong></span> <span class='ocrx_word' id='word_1_132' title='bbox 2213 1903 2227 1926; x_wconf 92' lang='lat'><strong>.</strong></span> 
     </span>
    </p>
   </div>
   <div class='ocr_carea' id='block_1_17' title="bbox 648 1951 2234 2022">
    <p class='ocr_par' dir='ltr' id='par_1_17' title="bbox 648 1951 2234 2022">
     <span class='ocr_line' id='line_1_17' title="bbox 648 1951 2234 2022; baseline 0.004 -19"><span class='ocrx_word' id='word_1_133' title='bbox 648 1959 703 2003; x_wconf 89' lang='lat' dir='ltr'><strong>et</strong></span> <span class='ocrx_word' id='word_1_134' title='bbox 722 1958 964 2018; x_wconf 80' lang='lat' dir='ltr'><strong>posteros</strong></span> <span class='ocrx_word' id='word_1_135' title='bbox 1007 1953 1075 2007; x_wconf 87' lang='lat' dir='ltr'><strong>ab</strong></span> <span class='ocrx_word' id='word_1_136' title='bbox 1117 1951 1412 2021; x_wconf 86' lang='lat' dir='ltr'><strong>hujnsmodi</strong></span> <span class='ocrx_word' id='word_1_137' title='bbox 1464 1952 1694 2022; x_wconf 87' lang='lat' dir='ltr'><strong>pernicie</strong></span> <span class='ocrx_word' id='word_1_138' title='bbox 1732 1953 1957 2009; x_wconf 87' lang='lat' dir='ltr'><strong>liberare</strong></span> <span class='ocrx_word' id='word_1_139' title='bbox 1987 1953 2125 2008; x_wconf 75' lang='lat' dir='ltr'><strong>volo.</strong></span> <span class='ocrx_word' id='word_1_140' title='bbox 2155 1953 2234 2009; x_wconf 81' lang='lat' dir='ltr'><strong>Ne</strong></span> 
     </span>
    </p>
   </div>
   <div class='ocr_carea' id='block_1_18' title="bbox 650 2039 2232 2109">
    <p class='ocr_par' dir='ltr' id='par_1_18' title="bbox 650 2039 2232 2109">
     <span class='ocr_line' id='line_1_18' title="bbox 650 2039 2232 2109; baseline 0.005 -17"><span class='ocrx_word' id='word_1_141' title='bbox 650 2039 806 2108; x_wconf 89' lang='lat' dir='ltr'><strong>igitur</strong></span> <span class='ocrx_word' id='word_1_142' title='bbox 846 2051 1067 2098; x_wconf 66' lang='lat' dir='ltr'><strong>mlestus</strong></span> <span class='ocrx_word' id='word_1_143' title='bbox 1099 2043 1208 2109; x_wconf 88' lang='lat' dir='ltr'><strong>sis,</strong></span> <span class='ocrx_word' id='word_1_144' title='bbox 1239 2058 1373 2099; x_wconf 86' lang='lat' dir='ltr'><strong>neve</strong></span> <span class='ocrx_word' id='word_1_145' title='bbox 1416 2043 1643 2100; x_wconf 87' lang='lat' dir='ltr'><strong>turberis</strong></span> <span class='ocrx_word' id='word_1_146' title='bbox 1677 2043 1790 2100; x_wconf 76' lang='lat' dir='ltr'><strong>bzee</strong></span> <span class='ocrx_word' id='word_1_147' title='bbox 1832 2045 2072 2100; x_wconf 87' lang='lat' dir='ltr'><strong>audiens.</strong></span> <span class='ocrx_word' id='word_1_148' title='bbox 2101 2045 2232 2100; x_wconf 81' lang='lat' dir='ltr'><strong>Nam</strong></span> 
     </span>
    </p>
   </div>
   <div class='ocr_carea' id='block_1_19' title="bbox 647 2130 2229 2204">
    <p class='ocr_par' dir='ltr' id='par_1_19' title="bbox 647 2130 2229 2204">
     <span class='ocr_line' id='line_1_19' title="bbox 647 2130 2229 2204; baseline 0.004 -20"><span class='ocrx_word' id='word_1_149' title='bbox 647 2130 747 2185; x_wconf 84' lang='lat' dir='ltr'><strong>etsi</strong></span> <span class='ocrx_word' id='word_1_150' title='bbox 786 2131 860 2187; x_wconf 84' lang='lat' dir='ltr'><strong>illi</strong></span> <span class='ocrx_word' id='word_1_151' title='bbox 901 2131 1112 2202; x_wconf 88' lang='lat' dir='ltr'><strong>dignam</strong></span> <span class='ocrx_word' id='word_1_152' title='bbox 1165 2134 1396 2204; x_wconf 74' lang='lat' dir='ltr'><strong>peccatis</strong></span> <span class='ocrx_word' id='word_1_153' title='bbox 1425 2135 1535 2188; x_wconf 84' lang='lat' dir='ltr'><strong>suis</strong></span> <span class='ocrx_word' id='word_1_154' title='bbox 1570 2150 1778 2204; x_wconf 73' lang='lat' dir='ltr'><strong>pmnant</strong></span> <span class='ocrx_word' id='word_1_155' title='bbox 1812 2136 1988 2200; x_wconf 88' lang='lat' dir='ltr'><strong>luent,</strong></span> <span class='ocrx_word' id='word_1_156' title='bbox 2017 2135 2110 2193; x_wconf 85' lang='lat' dir='ltr'><strong>sed</strong></span> <span class='ocrx_word' id='word_1_157' title='bbox 2145 2135 2229 2192; x_wconf 86' lang='lat' dir='ltr'><strong>l8.</strong></span> 
     </span>
    </p>
   </div>
   <div class='ocr_carea' id='block_1_20' title="bbox 651 2220 2235 2294">
    <p class='ocr_par' dir='ltr' id='par_1_20' title="bbox 651 2220 2235 2294">
     <span class='ocr_line' id='line_1_20' title="bbox 651 2220 2235 2294; baseline 0.007 -20"><span class='ocrx_word' id='word_1_158' title='bbox 651 2220 882 2275; x_wconf 75' lang='lat' dir='ltr'><strong>Statuam</strong></span> <span class='ocrx_word' id='word_1_159' title='bbox 922 2233 1266 2280; x_wconf 68' lang='lat' dir='ltr'><strong>testamentum</strong></span> <span class='ocrx_word' id='word_1_160' title='bbox 1298 2242 1460 2281; x_wconf 73' lang='lat' dir='ltr'><strong>meum</strong></span> <span class='ocrx_word' id='word_1_161' title='bbox 1507 2237 1688 2281; x_wconf 77' lang='lat' dir='ltr'><strong>tecum.</strong></span> <span class='ocrx_word' id='word_1_162' title='bbox 1739 2227 1999 2294; x_wconf 79' lang='lat' dir='ltr'><strong>Quoniam</strong></span> <span class='ocrx_word' id='word_1_163' title='bbox 2048 2243 2235 2285; x_wconf 85' lang='lat' dir='ltr'><strong>omnes</strong></span> 
     </span>
    </p>
   </div>
   <div class='ocr_carea' id='block_1_21' title="bbox 653 2312 2232 2386">
    <p class='ocr_par' dir='ltr' id='par_1_21' title="bbox 653 2312 2232 2386">
     <span class='ocr_line' id='line_1_21' title="bbox 653 2312 2232 2386; baseline 0.002 -19"><span class='ocrx_word' id='word_1_164' title='bbox 653 2312 854 2381; x_wconf 88' lang='lat' dir='ltr'><strong>priores</strong></span> <span class='ocrx_word' id='word_1_165' title='bbox 885 2314 1127 2385; x_wconf 88' lang='lat' dir='ltr'><strong>indignos</strong></span> <span class='ocrx_word' id='word_1_166' title='bbox 1161 2329 1281 2371; x_wconf 84' lang='lat' dir='ltr'><strong>sese</strong></span> <span class='ocrx_word' id='word_1_167' title='bbox 1307 2318 1662 2386; x_wconf 68' lang='lat' dir='ltr'><strong>praestiterunt</strong></span> <span class='ocrx_word' id='word_1_168' title='bbox 1682 2359 1696 2383; x_wconf 95' lang='lat'><strong>,</strong></span> <span class='ocrx_word' id='word_1_169' title='bbox 1725 2333 1895 2384; x_wconf 87' lang='lat' dir='ltr'><strong>neque</strong></span> <span class='ocrx_word' id='word_1_170' title='bbox 1921 2317 1989 2372; x_wconf 87' lang='lat' dir='ltr'><strong>de</strong></span> <span class='ocrx_word' id='word_1_171' title='bbox 2017 2317 2232 2374; x_wconf 89' lang='lat' dir='ltr'><strong>manda-</strong></span> 
     </span>
    </p>
   </div>
   <div class='ocr_carea' id='block_1_22' title="bbox 653 2404 2232 2477">
    <p class='ocr_par' dir='ltr' id='par_1_22' title="bbox 653 2404 2232 2477">
     <span class='ocr_line' id='line_1_22' title="bbox 653 2404 2232 2477; baseline 0.004 -20"><span class='ocrx_word' id='word_1_172' title='bbox 653 2405 717 2460; x_wconf 87' lang='lat' dir='ltr'><strong>tis</strong></span> <span class='ocrx_word' id='word_1_173' title='bbox 745 2404 880 2460; x_wconf 84' lang='lat' dir='ltr'><strong>meis</strong></span> <span class='ocrx_word' id='word_1_174' title='bbox 922 2406 1058 2461; x_wconf 83' lang='lat' dir='ltr'><strong>bene</strong></span> <span class='ocrx_word' id='word_1_175' title='bbox 1084 2415 1410 2475; x_wconf 89' lang='lat' dir='ltr'><strong>senserunt,</strong></span> <span class='ocrx_word' id='word_1_176' title='bbox 1450 2417 1618 2462; x_wconf 86' lang='lat' dir='ltr'><strong>tecum</strong></span> <span class='ocrx_word' id='word_1_177' title='bbox 1651 2408 1867 2477; x_wconf 85' lang='lat' dir='ltr'><strong>posthac</strong></span> <span class='ocrx_word' id='word_1_178' title='bbox 1891 2416 2115 2463; x_wconf 76' lang='lat' dir='ltr'><strong>statuam</strong></span> <span class='ocrx_word' id='word_1_179' title='bbox 2152 2417 2232 2463; x_wconf 87' lang='lat' dir='ltr'><strong>te-</strong></span> 
     </span>
    </p>
   </div>
   <div class='ocr_carea' id='block_1_23' title="bbox 655 2497 2232 2570">
    <p class='ocr_par' dir='ltr' id='par_1_23' title="bbox 655 2497 2232 2570">
     <span class='ocr_line' id='line_1_23' title="bbox 655 2497 2232 2570; baseline 0.004 -21"><span class='ocrx_word' id='word_1_180' title='bbox 655 2504 970 2551; x_wconf 81' lang='lat' dir='ltr'><strong>stamentum</strong></span> <span class='ocrx_word' id='word_1_181' title='bbox 984 2512 1179 2553; x_wconf 84' lang='lat' dir='ltr'><strong>meum.</strong></span> <span class='ocrx_word' id='word_1_182' title='bbox 1204 2497 1410 2556; x_wconf 83' lang='lat' dir='ltr'><strong>Etenim</strong></span> <span class='ocrx_word' id='word_1_183' title='bbox 1427 2497 1800 2570; x_wconf 77' lang='lat' dir='ltr'><strong>proleplastus,</strong></span> <span class='ocrx_word' id='word_1_184' title='bbox 1825 2509 1945 2570; x_wconf 82' lang='lat' dir='ltr'><strong>post</strong></span> <span class='ocrx_word' id='word_1_185' title='bbox 1967 2509 2039 2554; x_wconf 88' lang='lat' dir='ltr'><strong>tot</strong></span> <span class='ocrx_word' id='word_1_186' title='bbox 2064 2499 2232 2556; x_wconf 85' lang='lat' dir='ltr'><strong>bette-</strong></span> 
     </span>
    </p>
   </div>
   <div class='ocr_carea' id='block_1_24' title="bbox 655 2583 2236 2660">
    <p class='ocr_par' dir='ltr' id='par_1_24' title="bbox 655 2583 2236 2660">
     <span class='ocr_line' id='line_1_24' title="bbox 655 2583 2236 2660; baseline 0.004 -21"><span class='ocrx_word' id='word_1_187' title='bbox 655 2583 771 2640; x_wconf 83' lang='lat' dir='ltr'><strong>iicia</strong></span> <span class='ocrx_word' id='word_1_188' title='bbox 812 2585 1173 2655; x_wconf 85' lang='lat' dir='ltr'><strong>deceptionem</strong></span> <span class='ocrx_word' id='word_1_189' title='bbox 1207 2586 1390 2657; x_wconf 86' lang='lat' dir='ltr'><strong>passus</strong></span> <span class='ocrx_word' id='word_1_190' title='bbox 1413 2629 1427 2651; x_wconf 87' lang='lat'><strong>,</strong></span> <span class='ocrx_word' id='word_1_191' title='bbox 1456 2589 1698 2643; x_wconf 86' lang='lat' dir='ltr'><strong>mandata</strong></span> <span class='ocrx_word' id='word_1_192' title='bbox 1725 2604 1841 2644; x_wconf 81' lang='lat' dir='ltr'><strong>mea</strong></span> <span class='ocrx_word' id='word_1_193' title='bbox 1870 2597 2236 2660; x_wconf 71' lang='lat' dir='ltr'><strong>transgressus</strong></span> 
     </span>
    </p>
   </div>
   <div class='ocr_carea' id='block_1_25' title="bbox 650 2677 2232 2750">
    <p class='ocr_par' dir='ltr' id='par_1_25' title="bbox 650 2677 2232 2750">
     <span class='ocr_line' id='line_1_25' title="bbox 650 2677 2232 2750; baseline 0.004 -21"><span class='ocrx_word' id='word_1_194' title='bbox 650 2685 733 2730; x_wconf 81' lang='lat' dir='ltr'><strong>est</strong></span> <span class='ocrx_word' id='word_1_195' title='bbox 759 2693 774 2730; x_wconf 88' lang='lat'><strong>:</strong></span> <span class='ocrx_word' id='word_1_196' title='bbox 803 2687 856 2730; x_wconf 87' lang='lat' dir='ltr'><strong>et</strong></span> <span class='ocrx_word' id='word_1_197' title='bbox 875 2678 962 2747; x_wconf 84' lang='lat' dir='ltr'><strong>qui</strong></span> <span class='ocrx_word' id='word_1_198' title='bbox 984 2693 1050 2732; x_wconf 84' lang='lat' dir='ltr'><strong>ex</strong></span> <span class='ocrx_word' id='word_1_199' title='bbox 1074 2677 1166 2732; x_wconf 88' lang='lat' dir='ltr'><strong>illo</strong></span> <span class='ocrx_word' id='word_1_200' title='bbox 1197 2688 1346 2732; x_wconf 83' lang='lat' dir='ltr'><strong>natus</strong></span> <span class='ocrx_word' id='word_1_201' title='bbox 1366 2687 1466 2743; x_wconf 91' lang='lat' dir='ltr'><strong>est,</strong></span> <span class='ocrx_word' id='word_1_202' title='bbox 1497 2679 1683 2748; x_wconf 86' lang='lat' dir='ltr'><strong>ipsein</strong></span> <span class='ocrx_word' id='word_1_203' title='bbox 1711 2679 1846 2733; x_wconf 84' lang='lat' dir='ltr'><strong>idem</strong></span> <span class='ocrx_word' id='word_1_204' title='bbox 1873 2679 2086 2735; x_wconf 68' lang='lat' dir='ltr'><strong>malitia:</strong></span> <span class='ocrx_word' id='word_1_205' title='bbox 2114 2695 2232 2750; x_wconf 90' lang='lat' dir='ltr'><strong>pro-</strong></span> 
     </span>
    </p>
   </div>
   <div class='ocr_carea' id='block_1_26' title="bbox 651 2765 2236 2835">
    <p class='ocr_par' dir='ltr' id='par_1_26' title="bbox 651 2765 2236 2835">
     <span class='ocr_line' id='line_1_26' title="bbox 651 2765 2236 2835; baseline 0.005 -15"><span class='ocrx_word' id='word_1_206' title='bbox 651 2765 870 2823; x_wconf 83' lang='lat' dir='ltr'><strong>fundum</strong></span> <span class='ocrx_word' id='word_1_207' title='bbox 902 2768 1112 2835; x_wconf 87' lang='lat' dir='ltr'><strong>incidit;</strong></span> <span class='ocrx_word' id='word_1_208' title='bbox 1145 2769 1285 2824; x_wconf 89' lang='lat' dir='ltr'><strong>unde</strong></span> <span class='ocrx_word' id='word_1_209' title='bbox 1310 2779 1360 2823; x_wconf 90' lang='lat' dir='ltr'><strong>et</strong></span> <span class='ocrx_word' id='word_1_210' title='bbox 1387 2769 1690 2825; x_wconf 88' lang='lat' dir='ltr'><strong>continuam</strong></span> <span class='ocrx_word' id='word_1_211' title='bbox 1720 2785 1838 2826; x_wconf 91' lang='lat' dir='ltr'><strong>cum</strong></span> <span class='ocrx_word' id='word_1_212' title='bbox 1863 2771 2236 2830; x_wconf 87' lang='lat' dir='ltr'><strong>maledictione</strong></span> 
     </span>
    </p>
   </div>
   <div class='ocr_carea' id='block_1_27' title="bbox 653 2857 2232 2932">
    <p class='ocr_par' dir='ltr' id='par_1_27' title="bbox 653 2857 2232 2932">
     <span class='ocr_line' id='line_1_27' title="bbox 653 2857 2232 2932; baseline 0.004 -21"><span class='ocrx_word' id='word_1_213' title='bbox 653 2870 863 2925; x_wconf 58' lang='lat' dir='ltr'><strong>petitam</strong></span> <span class='ocrx_word' id='word_1_214' title='bbox 899 2857 1120 2929; x_wconf 85' lang='lat' dir='ltr'><strong>accepit.</strong></span> <span class='ocrx_word' id='word_1_215' title='bbox 1171 2858 1360 2914; x_wconf 80' lang='lat' dir='ltr'><strong>Verum</strong></span> <span class='ocrx_word' id='word_1_216' title='bbox 1412 2875 1584 2931; x_wconf 83' lang='lat' dir='ltr'><strong>neque</strong></span> <span class='ocrx_word' id='word_1_217' title='bbox 1632 2860 1772 2918; x_wconf 86' lang='lat' dir='ltr'><strong>illius</strong></span> <span class='ocrx_word' id='word_1_218' title='bbox 1817 2863 1988 2932; x_wconf 67' lang='lat' dir='ltr'><strong>prunis</strong></span> <span class='ocrx_word' id='word_1_219' title='bbox 2038 2866 2232 2932; x_wconf 88' lang='lat' dir='ltr'><strong>posteri</strong></span> 
     </span>
    </p>
   </div>
   <div class='ocr_carea' id='block_1_28' title="bbox 647 2948 2235 3016">
    <p class='ocr_par' dir='ltr' id='par_1_28' title="bbox 647 2948 2235 3016">
     <span class='ocr_line' id='line_1_28' title="bbox 647 2948 2235 3016; baseline 0.005 -13"><span class='ocrx_word' id='word_1_220' title='bbox 647 2949 1034 3004; x_wconf 76' lang='lat' dir='ltr'><strong>entendatiores</strong></span> <span class='ocrx_word' id='word_1_221' title='bbox 1077 2948 1198 3004; x_wconf 81' lang='lat' dir='ltr'><strong>facti</strong></span> <span class='ocrx_word' id='word_1_222' title='bbox 1239 2959 1394 3016; x_wconf 91' lang='lat' dir='ltr'><strong>sunt,</strong></span> <span class='ocrx_word' id='word_1_223' title='bbox 1421 2951 1513 3005; x_wconf 86' lang='lat' dir='ltr'><strong>sed</strong></span> <span class='ocrx_word' id='word_1_224' title='bbox 1553 2950 1686 3007; x_wconf 88' lang='lat' dir='ltr'><strong>mala</strong></span> <span class='ocrx_word' id='word_1_225' title='bbox 1717 2967 1812 3009; x_wconf 88' lang='lat' dir='ltr'><strong>sua</strong></span> <span class='ocrx_word' id='word_1_226' title='bbox 1857 2954 1926 3008; x_wconf 83' lang='lat' dir='ltr'><strong>ita</strong></span> <span class='ocrx_word' id='word_1_227' title='bbox 1954 2969 2235 3011; x_wconf 77' lang='lat' dir='ltr'><strong>coacerva-</strong></span> 
     </span>
    </p>
   </div>
   <div class='ocr_carea' id='block_1_29' title="bbox 651 3037 2235 3111">
    <p class='ocr_par' dir='ltr' id='par_1_29' title="bbox 651 3037 2235 3111">
     <span class='ocr_line' id='line_1_29' title="bbox 651 3037 2235 3111; baseline 0.004 -19"><span class='ocrx_word' id='word_1_228' title='bbox 651 3046 769 3092; x_wconf 85' lang='lat' dir='ltr'><strong>runt</strong></span> <span class='ocrx_word' id='word_1_229' title='bbox 829 3078 843 3101; x_wconf 94' lang='lat'><strong>,</strong></span> <span class='ocrx_word' id='word_1_230' title='bbox 876 3047 934 3092; x_wconf 91' lang='lat' dir='ltr'><strong>ut</strong></span> <span class='ocrx_word' id='word_1_231' title='bbox 980 3045 1036 3092; x_wconf 91' lang='lat' dir='ltr'><strong>et</strong></span> <span class='ocrx_word' id='word_1_232' title='bbox 1071 3037 1405 3108; x_wconf 81' lang='lat' dir='ltr'><strong>genealogias</strong></span> <span class='ocrx_word' id='word_1_233' title='bbox 1441 3040 1670 3110; x_wconf 89' lang='lat' dir='ltr'><strong>ipsorum</strong></span> <span class='ocrx_word' id='word_1_234' title='bbox 1700 3041 2063 3111; x_wconf 86' lang='lat' dir='ltr'><strong>reprobarem.</strong></span> <span class='ocrx_word' id='word_1_235' title='bbox 2098 3045 2235 3099; x_wconf 88' lang='lat' dir='ltr'><strong>Sane</strong></span> 
     </span>
    </p>
   </div>
   <div class='ocr_carea' id='block_1_30' title="bbox 649 3128 2234 3202">
    <p class='ocr_par' dir='ltr' id='par_1_30' title="bbox 649 3128 2234 3202">
     <span class='ocr_line' id='line_1_30' title="bbox 649 3128 2234 3202; baseline 0.003 -19"><span class='ocrx_word' id='word_1_236' title='bbox 649 3136 767 3197; x_wconf 72' lang='lat' dir='ltr'><strong>post</strong></span> <span class='ocrx_word' id='word_1_237' title='bbox 788 3128 904 3183; x_wconf 68' lang='lat' dir='ltr'><strong>haec</strong></span> <span class='ocrx_word' id='word_1_238' title='bbox 932 3138 990 3184; x_wconf 91' lang='lat' dir='ltr'><strong>ut</strong></span> <span class='ocrx_word' id='word_1_239' title='bbox 1014 3129 1191 3184; x_wconf 81' lang='lat' dir='ltr'><strong>inveni</strong></span> <span class='ocrx_word' id='word_1_240' title='bbox 1227 3129 1408 3184; x_wconf 81' lang='lat' dir='ltr'><strong>Euoch</strong></span> <span class='ocrx_word' id='word_1_241' title='bbox 1430 3173 1443 3196; x_wconf 96' lang='lat'><strong>,</strong></span> <span class='ocrx_word' id='word_1_242' title='bbox 1473 3132 1560 3199; x_wconf 90' lang='lat' dir='ltr'><strong>qui</strong></span> <span class='ocrx_word' id='word_1_243' title='bbox 1591 3132 1797 3187; x_wconf 89' lang='lat' dir='ltr'><strong>virtutis</strong></span> <span class='ocrx_word' id='word_1_244' title='bbox 1819 3133 2096 3202; x_wconf 81' lang='lat' dir='ltr'><strong>imaginem</strong></span> <span class='ocrx_word' id='word_1_245' title='bbox 2117 3148 2234 3188; x_wconf 85' lang='lat' dir='ltr'><strong>ser-</strong></span> 
     </span>
    </p>
   </div>
   <div class='ocr_carea' id='block_1_31' title="bbox 650 3220 2236 3292">
    <p class='ocr_par' dir='ltr' id='par_1_31' title="bbox 650 3220 2236 3292">
     <span class='ocr_line' id='line_1_31' title="bbox 650 3220 2236 3292; baseline 0.004 -23"><span class='ocrx_word' id='word_1_246' title='bbox 650 3221 820 3288; x_wconf 78' lang='lat' dir='ltr'><strong>vavit,</strong></span> <span class='ocrx_word' id='word_1_247' title='bbox 867 3221 987 3292; x_wconf 83' lang='lat' dir='ltr'><strong>quia</strong></span> <span class='ocrx_word' id='word_1_248' title='bbox 1024 3220 1176 3274; x_wconf 83' lang='lat' dir='ltr'><strong>valde</strong></span> <span class='ocrx_word' id='word_1_249' title='bbox 1212 3221 1340 3275; x_wconf 88' lang='lat' dir='ltr'><strong>utihi</strong></span> <span class='ocrx_word' id='word_1_250' title='bbox 1380 3235 1532 3274; x_wconf 89' lang='lat' dir='ltr'><strong>carus</strong></span> <span class='ocrx_word' id='word_1_251' title='bbox 1557 3221 1686 3288; x_wconf 90' lang='lat' dir='ltr'><strong>l&#39;uit,</strong></span> <span class='ocrx_word' id='word_1_252' title='bbox 1708 3237 1828 3277; x_wconf 89' lang='lat' dir='ltr'><strong>eum</strong></span> <span class='ocrx_word' id='word_1_253' title='bbox 1861 3222 2033 3277; x_wconf 85' lang='lat' dir='ltr'><strong>vivum</strong></span> <span class='ocrx_word' id='word_1_254' title='bbox 2067 3232 2236 3277; x_wconf 86' lang='lat' dir='ltr'><strong>trans-</strong></span> 
     </span>
    </p>
   </div>
   <div class='ocr_carea' id='block_1_32' title="bbox 653 3311 2236 3383">
    <p class='ocr_par' dir='ltr' id='par_1_32' title="bbox 653 3311 2236 3383">
     <span class='ocr_line' id='line_1_32' title="bbox 653 3311 2236 3383; baseline 0.002 -19"><span class='ocrx_word' id='word_1_255' title='bbox 653 3312 747 3367; x_wconf 80' lang='lat' dir='ltr'><strong>tuli</strong></span> <span class='ocrx_word' id='word_1_256' title='bbox 772 3352 788 3378; x_wconf 95' lang='lat'><strong>,</strong></span> <span class='ocrx_word' id='word_1_257' title='bbox 836 3319 1135 3365; x_wconf 87' lang='lat' dir='ltr'><strong>monstrans</strong></span> <span class='ocrx_word' id='word_1_258' title='bbox 1155 3312 1400 3366; x_wconf 89' lang='lat' dir='ltr'><strong>omnibus</strong></span> <span class='ocrx_word' id='word_1_259' title='bbox 1447 3311 1656 3366; x_wconf 87' lang='lat' dir='ltr'><strong>virtutis</strong></span> <span class='ocrx_word' id='word_1_260' title='bbox 1680 3312 1972 3368; x_wconf 80' lang='lat' dir='ltr'><strong>cultoribus</strong></span> <span class='ocrx_word' id='word_1_261' title='bbox 2012 3324 2236 3383; x_wconf 78' lang='lat' dir='ltr'><strong>quantas</strong></span> 
     </span>
    </p>
   </div>
   <div class='ocr_carea' id='block_1_33' title="bbox 655 3401 2237 3473">
    <p class='ocr_par' dir='ltr' id='par_1_33' title="bbox 655 3401 2237 3473">
     <span class='ocr_line' id='line_1_33' title="bbox 655 3401 2237 3473; baseline 0 -15"><span class='ocrx_word' id='word_1_262' title='bbox 655 3402 926 3458; x_wconf 84' lang='lat' dir='ltr'><strong>mercedes</strong></span> <span class='ocrx_word' id='word_1_263' title='bbox 953 3411 1005 3457; x_wconf 89' lang='lat' dir='ltr'><strong>et</strong></span> <span class='ocrx_word' id='word_1_264' title='bbox 1025 3403 1396 3458; x_wconf 82' lang='lat' dir='ltr'><strong>retributiones</strong></span> <span class='ocrx_word' id='word_1_265' title='bbox 1432 3401 1906 3473; x_wconf 43' lang='lat' dir='ltr'><strong>adipiscantur,‘et</strong></span> <span class='ocrx_word' id='word_1_266' title='bbox 1933 3405 2150 3473; x_wconf 87' lang='lat' dir='ltr'><strong>cupiens</strong></span> <span class='ocrx_word' id='word_1_267' title='bbox 2181 3414 2237 3458; x_wconf 94' lang='lat' dir='ltr'><strong>ut</strong></span> 
     </span>
    </p>
   </div>
   <div class='ocr_carea' id='block_1_34' title="bbox 647 3493 2237 3564">
    <p class='ocr_par' dir='ltr' id='par_1_34' title="bbox 647 3493 2237 3564">
     <span class='ocr_line' id='line_1_34' title="bbox 647 3493 2237 3564; baseline -0.004 -15"><span class='ocrx_word' id='word_1_268' title='bbox 647 3493 823 3549; x_wconf 74' lang='lat' dir='ltr'><strong>cteteri</strong></span> <span class='ocrx_word' id='word_1_269' title='bbox 873 3493 1014 3548; x_wconf 85' lang='lat' dir='ltr'><strong>illius</strong></span> <span class='ocrx_word' id='word_1_270' title='bbox 1042 3493 1334 3548; x_wconf 85' lang='lat' dir='ltr'><strong>imitatores</strong></span> <span class='ocrx_word' id='word_1_271' title='bbox 1361 3496 1579 3559; x_wconf 87' lang='lat' dir='ltr'><strong>tierent,</strong></span> <span class='ocrx_word' id='word_1_272' title='bbox 1610 3493 1956 3564; x_wconf 86' lang='lat' dir='ltr'><strong>eamdemque</strong></span> <span class='ocrx_word' id='word_1_273' title='bbox 1981 3495 2116 3548; x_wconf 81' lang='lat' dir='ltr'><strong>viam</strong></span> <span class='ocrx_word' id='word_1_274' title='bbox 2159 3493 2237 3547; x_wconf 89' lang='lat' dir='ltr'><strong>in.</strong></span> 
     </span>
    </p>
   </div>
   <div class='ocr_carea' id='block_1_35' title="bbox 647 3579 2237 3655">
    <p class='ocr_par' dir='ltr' id='par_1_35' title="bbox 647 3579 2237 3655">
     <span class='ocr_line' id='line_1_35' title="bbox 647 3579 2237 3655; baseline -0.001 -17"><span class='ocrx_word' id='word_1_275' title='bbox 647 3585 1009 3655; x_wconf 84' lang='lat' dir='ltr'><strong>gredercntur.</strong></span> <span class='ocrx_word' id='word_1_276' title='bbox 1039 3579 1298 3636; x_wconf 66' lang='lat' dir='ltr'><strong>Caeterum</strong></span> <span class='ocrx_word' id='word_1_277' title='bbox 1321 3584 1441 3653; x_wconf 84' lang='lat' dir='ltr'><strong>quia</strong></span> <span class='ocrx_word' id='word_1_278' title='bbox 1463 3623 1477 3646; x_wconf 89' lang='lat'><strong>,</strong></span> <span class='ocrx_word' id='word_1_279' title='bbox 1506 3583 1625 3638; x_wconf 89' lang='lat' dir='ltr'><strong>aliis</strong></span> <span class='ocrx_word' id='word_1_280' title='bbox 1655 3583 1898 3638; x_wconf 86' lang='lat' dir='ltr'><strong>omnibus</strong></span> <span class='ocrx_word' id='word_1_281' title='bbox 1921 3593 2100 3654; x_wconf 85' lang='lat' dir='ltr'><strong>postea</strong></span> <span class='ocrx_word' id='word_1_282' title='bbox 2125 3597 2237 3638; x_wconf 87' lang='lat' dir='ltr'><strong>ma-</strong></span> 
     </span>
    </p>
   </div>
   <div class='ocr_carea' id='block_1_36' title="bbox 652 3675 2243 3741">
    <p class='ocr_par' dir='ltr' id='par_1_36' title="bbox 652 3675 2243 3741">
     <span class='ocr_line' id='line_1_36' title="bbox 652 3675 2243 3741; baseline 0.002 -13"><span class='ocrx_word' id='word_1_283' title='bbox 652 3677 816 3730; x_wconf 88' lang='lat' dir='ltr'><strong>litiam</strong></span> <span class='ocrx_word' id='word_1_284' title='bbox 860 3676 1218 3741; x_wconf 80' lang='lat' dir='ltr'><strong>sectantibus,</strong></span> <span class='ocrx_word' id='word_1_285' title='bbox 1247 3685 1298 3728; x_wconf 86' lang='lat' dir='ltr'><strong>te</strong></span> <span class='ocrx_word' id='word_1_286' title='bbox 1322 3676 1490 3729; x_wconf 88' lang='lat' dir='ltr'><strong>solum</strong></span> <span class='ocrx_word' id='word_1_287' title='bbox 1529 3675 1705 3730; x_wconf 88' lang='lat' dir='ltr'><strong>inveni</strong></span> <span class='ocrx_word' id='word_1_288' title='bbox 1738 3676 1789 3730; x_wconf 90' lang='lat' dir='ltr'><strong>in</strong></span> <span class='ocrx_word' id='word_1_289' title='bbox 1821 3684 1960 3732; x_wconf 86' lang='lat' dir='ltr'><strong>tanta</strong></span> <span class='ocrx_word' id='word_1_290' title='bbox 2007 3676 2243 3731; x_wconf 88' lang='lat' dir='ltr'><strong>multitu-</strong></span> 
     </span>
    </p>
   </div>
   <div class='ocr_carea' id='block_1_37' title="bbox 655 3767 2236 3838">
    <p class='ocr_par' dir='ltr' id='par_1_37' title="bbox 655 3767 2236 3838">
     <span class='ocr_line' id='line_1_37' title="bbox 655 3767 2236 3838; baseline 0.001 -17"><span class='ocrx_word' id='word_1_291' title='bbox 655 3768 812 3830; x_wconf 86' lang='lat' dir='ltr'><strong>tline,</strong></span> <span class='ocrx_word' id='word_1_292' title='bbox 869 3768 954 3838; x_wconf 85' lang='lat' dir='ltr'><strong>qui</strong></span> <span class='ocrx_word' id='word_1_293' title='bbox 981 3767 1133 3838; x_wconf 89' lang='lat' dir='ltr'><strong>primi</strong></span> <span class='ocrx_word' id='word_1_294' title='bbox 1189 3767 1420 3835; x_wconf 82' lang='lat' dir='ltr'><strong>parentis</strong></span> <span class='ocrx_word' id='word_1_295' title='bbox 1459 3768 1930 3836; x_wconf 81' lang='lat' dir='ltr'><strong>transgressionem</strong></span> <span class='ocrx_word' id='word_1_296' title='bbox 1986 3783 2236 3822; x_wconf 85' lang='lat' dir='ltr'><strong>revocare</strong></span> 
     </span>
    </p>
   </div>
   <div class='ocr_carea' id='block_1_38' title="bbox 649 3857 2234 3926">
    <p class='ocr_par' dir='ltr' id='par_1_38' title="bbox 649 3857 2234 3926">
     <span class='ocr_line' id='line_1_38' title="bbox 649 3857 2234 3926; baseline 0 -15"><span class='ocrx_word' id='word_1_297' title='bbox 649 3859 857 3926; x_wconf 88' lang='lat' dir='ltr'><strong>possis,</strong></span> <span class='ocrx_word' id='word_1_298' title='bbox 919 3867 1089 3910; x_wconf 87' lang='lat' dir='ltr'><strong>tecum</strong></span> <span class='ocrx_word' id='word_1_299' title='bbox 1139 3866 1364 3909; x_wconf 80' lang='lat' dir='ltr'><strong>statuam</strong></span> <span class='ocrx_word' id='word_1_300' title='bbox 1425 3864 1794 3911; x_wconf 80' lang='lat' dir='ltr'><strong>testamentum</strong></span> <span class='ocrx_word' id='word_1_301' title='bbox 1847 3871 2042 3911; x_wconf 86' lang='lat' dir='ltr'><strong>meum.</strong></span> <span class='ocrx_word' id='word_1_302' title='bbox 2101 3857 2234 3911; x_wconf 78' lang='lat' dir='ltr'><strong>Nam</strong></span> 
     </span>
    </p>
   </div>
   <div class='ocr_carea' id='block_1_39' title="bbox 656 3949 2234 4017">
    <p class='ocr_par' dir='ltr' id='par_1_39' title="bbox 656 3949 2234 4017">
     <span class='ocr_line' id='line_1_39' title="bbox 656 3949 2234 4017; baseline 0.001 -15"><span class='ocrx_word' id='word_1_303' title='bbox 656 3956 805 4005; x_wconf 73' lang='lat' dir='ltr'><strong>hortm</strong></span> <span class='ocrx_word' id='word_1_304' title='bbox 834 3958 934 4004; x_wconf 71' lang='lat' dir='ltr'><strong>tute</strong></span> <span class='ocrx_word' id='word_1_305' title='bbox 956 3950 1073 4003; x_wconf 74' lang='lat' dir='ltr'><strong>vita:</strong></span> <span class='ocrx_word' id='word_1_306' title='bbox 1095 3963 1252 4017; x_wconf 76' lang='lat' dir='ltr'><strong>Opera</strong></span> <span class='ocrx_word' id='word_1_307' title='bbox 1275 3949 1546 4003; x_wconf 86' lang='lat' dir='ltr'><strong>declarant</strong></span> <span class='ocrx_word' id='word_1_308' title='bbox 1569 3949 1776 4002; x_wconf 88' lang='lat' dir='ltr'><strong>lldelem</strong></span> <span class='ocrx_word' id='word_1_309' title='bbox 1802 3959 1849 4001; x_wconf 84' lang='lat' dir='ltr'><strong>te</strong></span> <span class='ocrx_word' id='word_1_310' title='bbox 1870 3949 1919 4002; x_wconf 90' lang='lat' dir='ltr'><strong>in</strong></span> <span class='ocrx_word' id='word_1_311' title='bbox 1943 3949 2234 4016; x_wconf 65' lang='lat' dir='ltr'><strong>suscipien-</strong></span> 
     </span>
    </p>
   </div>
   <div class='ocr_carea' id='block_1_40' title="bbox 648 4040 2237 4109">
    <p class='ocr_par' dir='ltr' id='par_1_40' title="bbox 648 4040 2237 4109">
     <span class='ocr_line' id='line_1_40' title="bbox 648 4040 2237 4109; baseline -0.001 -15"><span class='ocrx_word' id='word_1_312' title='bbox 648 4044 727 4098; x_wconf 78' lang='lat' dir='ltr'><strong>tlis</strong></span> <span class='ocrx_word' id='word_1_313' title='bbox 773 4043 1032 4097; x_wconf 86' lang='lat' dir='ltr'><strong>mandatis</strong></span> <span class='ocrx_word' id='word_1_314' title='bbox 1059 4043 1212 4098; x_wconf 89' lang='lat' dir='ltr'><strong>meis.</strong></span> <span class='ocrx_word' id='word_1_315' title='bbox 1246 4042 1477 4109; x_wconf 79' lang='lat' dir='ltr'><strong>Denique</strong></span> <span class='ocrx_word' id='word_1_316' title='bbox 1507 4055 1574 4096; x_wconf 88' lang='lat' dir='ltr'><strong>ne</strong></span> <span class='ocrx_word' id='word_1_317' title='bbox 1612 4042 1784 4094; x_wconf 84' lang='lat' dir='ltr'><strong>adhuc</strong></span> <span class='ocrx_word' id='word_1_318' title='bbox 1807 4040 1978 4109; x_wconf 84' lang='lat' dir='ltr'><strong>justus</strong></span> <span class='ocrx_word' id='word_1_319' title='bbox 2009 4040 2119 4094; x_wconf 68' lang='lat' dir='ltr'><strong>hare</strong></span> <span class='ocrx_word' id='word_1_320' title='bbox 2144 4056 2237 4094; x_wconf 86' lang='lat' dir='ltr'><strong>an-</strong></span> 
     </span>
    </p>
   </div>
   <div class='ocr_carea' id='block_1_41' title="bbox 652 4130 2233 4202">
    <p class='ocr_par' dir='ltr' id='par_1_41' title="bbox 652 4130 2233 4202">
     <span class='ocr_line' id='line_1_41' title="bbox 652 4130 2233 4202; baseline -0.004 -15"><span class='ocrx_word' id='word_1_321' title='bbox 652 4135 802 4190; x_wconf 82' lang='lat' dir='ltr'><strong>tliens</strong></span> <span class='ocrx_word' id='word_1_322' title='bbox 830 4143 1050 4190; x_wconf 68' lang='lat' dir='ltr'><strong>mmreat</strong></span> <span class='ocrx_word' id='word_1_323' title='bbox 1069 4175 1084 4198; x_wconf 94' lang='lat'><strong>,</strong></span> <span class='ocrx_word' id='word_1_324' title='bbox 1113 4134 1261 4202; x_wconf 77' lang='lat' dir='ltr'><strong>quasi</strong></span> <span class='ocrx_word' id='word_1_325' title='bbox 1289 4131 1883 4202; x_wconf 75' lang='lat' dir='ltr'><strong>solusipseitherandus</strong></span> <span class='ocrx_word' id='word_1_326' title='bbox 1908 4130 1978 4183; x_wconf 84' lang='lat' dir='ltr'><strong>sit</strong></span> <span class='ocrx_word' id='word_1_327' title='bbox 2002 4173 2015 4192; x_wconf 87' lang='lat'><strong>,</strong></span> <span class='ocrx_word' id='word_1_328' title='bbox 2046 4131 2233 4184; x_wconf 88' lang='lat' dir='ltr'><strong>iterum</strong></span> 
     </span>
    </p>
   </div>
   <div class='ocr_carea' id='block_1_42' title="bbox 647 4217 2240 4287">
    <p class='ocr_par' dir='ltr' id='par_1_42' title="bbox 647 4217 2240 4287">
     <span class='ocr_line' id='line_1_42' title="bbox 647 4217 2240 4287; baseline -0.006 -6"><span class='ocrx_word' id='word_1_329' title='bbox 647 4226 1008 4281; x_wconf 85' lang='lat' dir='ltr'><strong>consolatione</strong></span> <span class='ocrx_word' id='word_1_330' title='bbox 1056 4239 1176 4277; x_wconf 82' lang='lat' dir='ltr'><strong>eunt</strong></span> <span class='ocrx_word' id='word_1_331' title='bbox 1200 4265 1212 4287; x_wconf 93' lang='lat'><strong>,</strong></span> <span class='ocrx_word' id='word_1_332' title='bbox 1244 4232 1300 4276; x_wconf 86' lang='lat' dir='ltr'><strong>ut</strong></span> <span class='ocrx_word' id='word_1_333' title='bbox 1327 4222 1533 4286; x_wconf 87' lang='lat' dir='ltr'><strong>dicam,</strong></span> <span class='ocrx_word' id='word_1_334' title='bbox 1581 4221 1923 4282; x_wconf 86' lang='lat' dir='ltr'><strong>demnlcens,</strong></span> <span class='ocrx_word' id='word_1_335' title='bbox 1952 4218 2116 4273; x_wconf 89' lang='lat' dir='ltr'><strong>dicit:</strong></span> <span class='ocrx_word' id='word_1_336' title='bbox 2148 4217 2240 4271; x_wconf 86' lang='lat' dir='ltr'><strong>In-</strong></span> 
     </span>
    </p>
   </div>
   <div class='ocr_carea' id='block_1_43' title="bbox 649 4314 2238 4388">
    <p class='ocr_par' dir='ltr' id='par_1_43' title="bbox 649 4314 2238 4388">
     <span class='ocr_line' id='line_1_43' title="bbox 649 4314 2238 4388; baseline -0.006 -17"><span class='ocrx_word' id='word_1_337' title='bbox 649 4319 885 4388; x_wconf 78' lang='lat' dir='ltr'><strong>gredieris</strong></span> <span class='ocrx_word' id='word_1_338' title='bbox 915 4327 1080 4370; x_wconf 85' lang='lat' dir='ltr'><strong>autent</strong></span> <span class='ocrx_word' id='word_1_339' title='bbox 1103 4317 1156 4368; x_wconf 90' lang='lat' dir='ltr'><strong>in</strong></span> <span class='ocrx_word' id='word_1_340' title='bbox 1193 4331 1362 4368; x_wconf 87' lang='lat' dir='ltr'><strong>arcam</strong></span> <span class='ocrx_word' id='word_1_341' title='bbox 1391 4325 1472 4382; x_wconf 84' lang='lat' dir='ltr'><strong>tu,</strong></span> <span class='ocrx_word' id='word_1_342' title='bbox 1505 4324 1550 4370; x_wconf 84' lang='lat' dir='ltr'><strong>et</strong></span> <span class='ocrx_word' id='word_1_343' title='bbox 1572 4314 1665 4382; x_wconf 81' lang='lat' dir='ltr'><strong>ﬁlii</strong></span> <span class='ocrx_word' id='word_1_344' title='bbox 1706 4314 1775 4364; x_wconf 85' lang='lat' dir='ltr'><strong>tui</strong></span> <span class='ocrx_word' id='word_1_345' title='bbox 1801 4354 1814 4376; x_wconf 92' lang='lat'><strong>,</strong></span> <span class='ocrx_word' id='word_1_346' title='bbox 1837 4322 1884 4364; x_wconf 79' lang='lat' dir='ltr'><strong>et</strong></span> <span class='ocrx_word' id='word_1_347' title='bbox 1914 4328 2042 4365; x_wconf 71' lang='lat' dir='ltr'><strong>uxor</strong></span> <span class='ocrx_word' id='word_1_348' title='bbox 2063 4319 2170 4374; x_wconf 85' lang='lat' dir='ltr'><strong>tua,</strong></span> <span class='ocrx_word' id='word_1_349' title='bbox 2193 4319 2238 4362; x_wconf 76' lang='lat' dir='ltr'><strong>et</strong></span> 
     </span>
    </p>
   </div>
   <div class='ocr_carea' id='block_1_44' title="bbox 651 4395 2238 4478">
    <p class='ocr_par' dir='ltr' id='par_1_44' title="bbox 651 4395 2238 4478">
     <span class='ocr_line' id='line_1_44' title="bbox 651 4395 2238 4478; baseline -0.006 -15"><span class='ocrx_word' id='word_1_350' title='bbox 651 4427 833 4465; x_wconf 74' lang='lat' dir='ltr'><strong>uxores</strong></span> <span class='ocrx_word' id='word_1_351' title='bbox 859 4410 1078 4477; x_wconf 81' lang='lat' dir='ltr'><strong>ﬁliorum</strong></span> <span class='ocrx_word' id='word_1_352' title='bbox 1117 4417 1334 4462; x_wconf 84' lang='lat' dir='ltr'><strong>tuorum.</strong></span> <span class='ocrx_word' id='word_1_353' title='bbox 1367 4405 1496 4460; x_wconf 80' lang='lat' dir='ltr'><strong>Nam</strong></span> <span class='ocrx_word' id='word_1_354' title='bbox 1546 4395 1670 4478; x_wconf 78' lang='lat' dir='ltr'><strong>licet</strong></span> <span class='ocrx_word' id='word_1_355' title='bbox 1716 4405 1936 4459; x_wconf 87' lang='lat' dir='ltr'><strong>multum</strong></span> <span class='ocrx_word' id='word_1_356' title='bbox 1963 4418 1991 4457; x_wconf 86' lang='lat' dir='ltr'><strong>a</strong></span> <span class='ocrx_word' id='word_1_357' title='bbox 2044 4401 2238 4456; x_wconf 82' lang='lat' dir='ltr'><strong>virtute</strong></span> 
     </span>
    </p>
   </div>
   <div class='ocr_carea' id='block_1_45' title="bbox 649 4493 2238 4570">
    <p class='ocr_par' dir='ltr' id='par_1_45' title="bbox 649 4493 2238 4570">
     <span class='ocr_line' id='line_1_45' title="bbox 649 4493 2238 4570; baseline -0.006 -15"><span class='ocrx_word' id='word_1_358' title='bbox 649 4503 776 4570; x_wconf 85' lang='lat' dir='ltr'><strong>justi</strong></span> <span class='ocrx_word' id='word_1_359' title='bbox 805 4502 942 4555; x_wconf 91' lang='lat' dir='ltr'><strong>illius</strong></span> <span class='ocrx_word' id='word_1_360' title='bbox 967 4498 1259 4562; x_wconf 79' lang='lat' dir='ltr'><strong>abfuerint,</strong></span> <span class='ocrx_word' id='word_1_361' title='bbox 1286 4497 1443 4552; x_wconf 89' lang='lat' dir='ltr'><strong>alieni</strong></span> <span class='ocrx_word' id='word_1_362' title='bbox 1469 4505 1643 4550; x_wconf 89' lang='lat' dir='ltr'><strong>tamen</strong></span> <span class='ocrx_word' id='word_1_363' title='bbox 1670 4503 1822 4549; x_wconf 83' lang='lat' dir='ltr'><strong>erant</strong></span> <span class='ocrx_word' id='word_1_364' title='bbox 1849 4510 1876 4546; x_wconf 92' lang='lat' dir='ltr'><strong>a</strong></span> <span class='ocrx_word' id='word_1_365' title='bbox 1907 4493 2238 4564; x_wconf 68' lang='lat' dir='ltr'><strong>gravioribus</strong></span> 
     </span>
    </p>
   </div>
   <div class='ocr_carea' id='block_1_46' title="bbox 652 4583 2238 4660">
    <p class='ocr_par' dir='ltr' id='par_1_46' title="bbox 652 4583 2238 4660">
     <span class='ocr_line' id='line_1_46' title="bbox 652 4583 2238 4660; baseline -0.006 -12"><span class='ocrx_word' id='word_1_366' title='bbox 652 4592 860 4648; x_wconf 89' lang='lat' dir='ltr'><strong>illorum</strong></span> <span class='ocrx_word' id='word_1_367' title='bbox 908 4589 1158 4660; x_wconf 85' lang='lat' dir='ltr'><strong>peccatis.</strong></span> <span class='ocrx_word' id='word_1_368' title='bbox 1198 4587 1344 4643; x_wconf 82' lang='lat' dir='ltr'><strong>Alias</strong></span> <span class='ocrx_word' id='word_1_369' title='bbox 1367 4601 1576 4657; x_wconf 87' lang='lat' dir='ltr'><strong>quoque</strong></span> <span class='ocrx_word' id='word_1_370' title='bbox 1599 4585 1667 4644; x_wconf 89' lang='lat' dir='ltr'><strong>ob</strong></span> <span class='ocrx_word' id='word_1_371' title='bbox 1694 4584 1828 4640; x_wconf 89' lang='lat' dir='ltr'><strong>duas</strong></span> <span class='ocrx_word' id='word_1_372' title='bbox 1861 4583 2020 4639; x_wconf 79' lang='lat' dir='ltr'><strong>hasce</strong></span> <span class='ocrx_word' id='word_1_373' title='bbox 2050 4597 2238 4638; x_wconf 81' lang='lat' dir='ltr'><strong>causas</strong></span> 
     </span>
    </p>
   </div>
   <div class='ocr_carea' id='block_1_47' title="bbox 651 4674 2235 4752">
    <p class='ocr_par' dir='ltr' id='par_1_47' title="bbox 651 4674 2235 4752">
     <span class='ocr_line' id='line_1_47' title="bbox 651 4674 2235 4752; baseline -0.007 -14"><span class='ocrx_word' id='word_1_374' title='bbox 651 4683 820 4738; x_wconf 85' lang='lat' dir='ltr'><strong>salute</strong></span> <span class='ocrx_word' id='word_1_375' title='bbox 862 4682 1010 4752; x_wconf 88' lang='lat' dir='ltr'><strong>potiti</strong></span> <span class='ocrx_word' id='word_1_376' title='bbox 1039 4689 1180 4734; x_wconf 88' lang='lat' dir='ltr'><strong>sunt.</strong></span> <span class='ocrx_word' id='word_1_377' title='bbox 1210 4679 1358 4743; x_wconf 89' lang='lat' dir='ltr'><strong>Una,</strong></span> <span class='ocrx_word' id='word_1_378' title='bbox 1383 4678 1434 4732; x_wconf 92' lang='lat' dir='ltr'><strong>in</strong></span> <span class='ocrx_word' id='word_1_379' title='bbox 1463 4677 1718 4732; x_wconf 87' lang='lat' dir='ltr'><strong>honorem</strong></span> <span class='ocrx_word' id='word_1_380' title='bbox 1743 4676 1890 4744; x_wconf 90' lang='lat' dir='ltr'><strong>justi.</strong></span> <span class='ocrx_word' id='word_1_381' title='bbox 1922 4674 2067 4730; x_wconf 87' lang='lat' dir='ltr'><strong>Solet</strong></span> <span class='ocrx_word' id='word_1_382' title='bbox 2094 4675 2235 4730; x_wconf 90' lang='lat' dir='ltr'><strong>enim</strong></span> 
     </span>
    </p>
   </div>
   <div class='ocr_carea' id='block_1_48' title="bbox 649 4767 2233 4831">
    <p class='ocr_par' dir='ltr' id='par_1_48' title="bbox 649 4767 2233 4831">
     <span class='ocr_line' id='line_1_48' title="bbox 649 4767 2233 4831; baseline -0.007 -1"><span class='ocrx_word' id='word_1_383' title='bbox 649 4775 886 4830; x_wconf 88' lang='lat' dir='ltr'><strong>clemens</strong></span> <span class='ocrx_word' id='word_1_384' title='bbox 922 4771 1060 4826; x_wconf 91' lang='lat' dir='ltr'><strong>Deus</strong></span> <span class='ocrx_word' id='word_1_385' title='bbox 1088 4769 1342 4825; x_wconf 87' lang='lat' dir='ltr'><strong>honorem</strong></span> <span class='ocrx_word' id='word_1_386' title='bbox 1373 4768 1513 4823; x_wconf 86' lang='lat' dir='ltr'><strong>hunc</strong></span> <span class='ocrx_word' id='word_1_387' title='bbox 1553 4767 1678 4822; x_wconf 89' lang='lat' dir='ltr'><strong>dare</strong></span> <span class='ocrx_word' id='word_1_388' title='bbox 1703 4767 1870 4822; x_wconf 86' lang='lat' dir='ltr'><strong>servis</strong></span> <span class='ocrx_word' id='word_1_389' title='bbox 1893 4767 2003 4821; x_wconf 86' lang='lat' dir='ltr'><strong>suis</strong></span> <span class='ocrx_word' id='word_1_390' title='bbox 2022 4808 2036 4831; x_wconf 93' lang='lat'><strong>,</strong></span> <span class='ocrx_word' id='word_1_391' title='bbox 2063 4776 2118 4821; x_wconf 94' lang='lat' dir='ltr'><strong>ut</strong></span> <span class='ocrx_word' id='word_1_392' title='bbox 2139 4780 2233 4820; x_wconf 60' lang='lat' dir='ltr'><strong>eo.</strong></span> 
     </span>
    </p>
   </div>
   <div class='ocr_carea' id='block_1_49' title="bbox 653 4855 2241 4934">
    <p class='ocr_par' dir='ltr' id='par_1_49' title="bbox 653 4855 2241 4934">
     <span class='ocr_line' id='line_1_49' title="bbox 653 4855 2241 4934; baseline -0.005 -16"><span class='ocrx_word' id='word_1_393' title='bbox 653 4879 768 4918; x_wconf 88' lang='lat' dir='ltr'><strong>runt</strong></span> <span class='ocrx_word' id='word_1_394' title='bbox 797 4861 963 4934; x_wconf 87' lang='lat' dir='ltr'><strong>gratia</strong></span> <span class='ocrx_word' id='word_1_395' title='bbox 991 4868 1046 4915; x_wconf 91' lang='lat' dir='ltr'><strong>et</strong></span> <span class='ocrx_word' id='word_1_396' title='bbox 1083 4859 1170 4914; x_wconf 88' lang='lat' dir='ltr'><strong>alii</strong></span> <span class='ocrx_word' id='word_1_397' title='bbox 1198 4858 1420 4914; x_wconf 89' lang='lat' dir='ltr'><strong>salutent</strong></span> <span class='ocrx_word' id='word_1_398' title='bbox 1470 4857 1860 4911; x_wconf 87' lang='lat' dir='ltr'><strong>nanciseantur.</strong></span> <span class='ocrx_word' id='word_1_399' title='bbox 1893 4855 1951 4910; x_wconf 96' lang='lat' dir='ltr'><strong>id</strong></span> <span class='ocrx_word' id='word_1_400' title='bbox 1994 4855 2133 4926; x_wconf 86' lang='lat' dir='ltr'><strong>quod</strong></span> <span class='ocrx_word' id='word_1_401' title='bbox 2184 4866 2241 4910; x_wconf 89' lang='lat' dir='ltr'><strong>et</strong></span> 
     </span>
    </p>
   </div>
   <div class='ocr_carea' id='block_1_50' title="bbox 654 4943 2238 5017">
    <p class='ocr_par' dir='ltr' id='par_1_50' title="bbox 654 4943 2238 5017">
     <span class='ocr_line' id='line_1_50' title="bbox 654 4943 2238 5017; baseline -0.008 -7"><span class='ocrx_word' id='word_1_402' title='bbox 654 4956 808 5010; x_wconf 85' lang='lat' dir='ltr'><strong>beato</strong></span> <span class='ocrx_word' id='word_1_403' title='bbox 851 4951 1012 5007; x_wconf 84' lang='lat' dir='ltr'><strong>Paulo</strong></span> <span class='ocrx_word' id='word_1_404' title='bbox 1050 4963 1361 5006; x_wconf 80' lang='lat' dir='ltr'><strong>concessum</strong></span> <span class='ocrx_word' id='word_1_405' title='bbox 1389 4957 1500 5014; x_wconf 87' lang='lat' dir='ltr'><strong>est,</strong></span> <span class='ocrx_word' id='word_1_406' title='bbox 1544 4945 1902 5017; x_wconf 42' lang='lat' dir='ltr'><strong>magistratui;</strong></span> <span class='ocrx_word' id='word_1_407' title='bbox 1946 4943 2129 5011; x_wconf 66' lang='lat' dir='ltr'><strong>orbis,</strong></span> <span class='ocrx_word' id='word_1_408' title='bbox 2151 4945 2238 5015; x_wconf 90' lang='lat' dir='ltr'><strong>qui</strong></span> 
     </span>
    </p>
   </div>
   <div class='ocr_carea' id='block_1_51' title="bbox 653 5038 2249 5117">
    <p class='ocr_par' dir='ltr' id='par_1_51' title="bbox 653 5038 2249 5117">
     <span class='ocr_line' id='line_1_51' title="bbox 653 5038 2249 5117; baseline -0.006 -15"><span class='ocrx_word' id='word_1_409' title='bbox 653 5048 848 5117; x_wconf 87' lang='lat' dir='ltr'><strong>ubique</strong></span> <span class='ocrx_word' id='word_1_410' title='bbox 872 5059 982 5098; x_wconf 68' lang='lat' dir='ltr'><strong>sua:</strong></span> <span class='ocrx_word' id='word_1_411' title='bbox 1007 5042 1258 5098; x_wconf 72' lang='lat' dir='ltr'><strong>doctrinm</strong></span> <span class='ocrx_word' id='word_1_412' title='bbox 1282 5040 1458 5096; x_wconf 83' lang='lat' dir='ltr'><strong>radios</strong></span> <span class='ocrx_word' id='word_1_413' title='bbox 1485 5041 1785 5098; x_wconf 84' lang='lat' dir='ltr'><strong>emittebat.</strong></span> <span class='ocrx_word' id='word_1_414' title='bbox 1804 5038 2249 5111; x_wconf 84' lang='lat' dir='ltr'><strong>Quandoquidem</strong></span> 
     </span>
    </p>
   </div>
   <div class='ocr_carea' id='block_1_52' title="bbox 651 5130 2241 5202">
    <p class='ocr_par' dir='ltr' id='par_1_52' title="bbox 651 5130 2241 5202">
     <span class='ocr_line' id='line_1_52' title="bbox 651 5130 2241 5202; baseline -0.006 -8"><span class='ocrx_word' id='word_1_415' title='bbox 651 5153 772 5195; x_wconf 90' lang='lat' dir='ltr'><strong>cum</strong></span> <span class='ocrx_word' id='word_1_416' title='bbox 817 5135 906 5191; x_wconf 88' lang='lat' dir='ltr'><strong>ille</strong></span> <span class='ocrx_word' id='word_1_417' title='bbox 933 5133 1152 5190; x_wconf 78' lang='lat' dir='ltr'><strong>Romam</strong></span> <span class='ocrx_word' id='word_1_418' title='bbox 1183 5133 1491 5202; x_wconf 82' lang='lat' dir='ltr'><strong>navigaret,</strong></span> <span class='ocrx_word' id='word_1_419' title='bbox 1519 5141 1632 5184; x_wconf 81' lang='lat' dir='ltr'><strong>orta</strong></span> <span class='ocrx_word' id='word_1_420' title='bbox 1677 5131 1726 5184; x_wconf 91' lang='lat' dir='ltr'><strong>in</strong></span> <span class='ocrx_word' id='word_1_421' title='bbox 1768 5130 1898 5183; x_wconf 89' lang='lat' dir='ltr'><strong>mari</strong></span> <span class='ocrx_word' id='word_1_422' title='bbox 1929 5136 2241 5199; x_wconf 82' lang='lat' dir='ltr'><strong>tempestate</strong></span> 
     </span>
    </p>
   </div>
   <div class='ocr_carea' id='block_1_53' title="bbox 655 5219 2240 5298">
    <p class='ocr_par' dir='ltr' id='par_1_53' title="bbox 655 5219 2240 5298">
     <span class='ocr_line' id='line_1_53' title="bbox 655 5219 2240 5298; baseline -0.006 -15"><span class='ocrx_word' id='word_1_423' title='bbox 655 5240 841 5298; x_wconf 86' lang='lat' dir='ltr'><strong>magna</strong></span> <span class='ocrx_word' id='word_1_424' title='bbox 861 5265 877 5291; x_wconf 93' lang='lat'><strong>,</strong></span> <span class='ocrx_word' id='word_1_425' title='bbox 907 5225 978 5279; x_wconf 87' lang='lat' dir='ltr'><strong>ita</strong></span> <span class='ocrx_word' id='word_1_426' title='bbox 1004 5233 1059 5278; x_wconf 91' lang='lat' dir='ltr'><strong>ut</strong></span> <span class='ocrx_word' id='word_1_427' title='bbox 1080 5237 1268 5276; x_wconf 87' lang='lat' dir='ltr'><strong>omnes</strong></span> <span class='ocrx_word' id='word_1_428' title='bbox 1303 5222 1458 5275; x_wconf 87' lang='lat' dir='ltr'><strong>saluti</strong></span> <span class='ocrx_word' id='word_1_429' title='bbox 1489 5234 1596 5272; x_wconf 77' lang='lat' dir='ltr'><strong>sua:</strong></span> <span class='ocrx_word' id='word_1_430' title='bbox 1625 5219 1898 5281; x_wconf 85' lang='lat' dir='ltr'><strong>timerent,</strong></span> <span class='ocrx_word' id='word_1_431' title='bbox 1940 5219 2240 5288; x_wconf 87' lang='lat' dir='ltr'><strong>nullamth</strong></span> 
     </span>
    </p>
   </div>
   <div class='ocr_carea' id='block_1_54' title="bbox 655 5306 2238 5386">
    <p class='ocr_par' dir='ltr' id='par_1_54' title="bbox 655 5306 2238 5386">
     <span class='ocr_line' id='line_1_54' title="bbox 655 5306 2238 5386; baseline -0.008 -13"><span class='ocrx_word' id='word_1_432' title='bbox 655 5321 845 5374; x_wconf 87' lang='lat' dir='ltr'><strong>bonam</strong></span> <span class='ocrx_word' id='word_1_433' title='bbox 863 5329 1012 5386; x_wconf 87' lang='lat' dir='ltr'><strong>spem</strong></span> <span class='ocrx_word' id='word_1_434' title='bbox 1036 5321 1250 5383; x_wconf 83' lang='lat' dir='ltr'><strong>propter</strong></span> <span class='ocrx_word' id='word_1_435' title='bbox 1277 5311 1519 5382; x_wconf 67' lang='lat' dir='ltr'><strong>procella:</strong></span> <span class='ocrx_word' id='word_1_436' title='bbox 1539 5308 1924 5363; x_wconf 69' lang='lat' dir='ltr'><strong>vehementiam</strong></span> <span class='ocrx_word' id='word_1_437' title='bbox 1945 5306 2202 5364; x_wconf 86' lang='lat' dir='ltr'><strong>baberent</strong></span> <span class='ocrx_word' id='word_1_438' title='bbox 2225 5352 2238 5374; x_wconf 92' lang='lat'><strong>,</strong></span> 
     </span>
    </p>
   </div>
   <div class='ocr_carea' id='block_1_55' title="bbox 653 5401 2240 5467">
    <p class='ocr_par' dir='ltr' id='par_1_55' title="bbox 653 5401 2240 5467">
     <span class='ocr_line' id='line_1_55' title="bbox 653 5401 2240 5467; baseline -0.004 -5"><span class='ocrx_word' id='word_1_439' title='bbox 653 5410 858 5466; x_wconf 82' lang='lat' dir='ltr'><strong>vocatis</strong></span> <span class='ocrx_word' id='word_1_440' title='bbox 881 5407 1126 5462; x_wconf 88' lang='lat' dir='ltr'><strong>omnibus</strong></span> <span class='ocrx_word' id='word_1_441' title='bbox 1159 5405 1284 5460; x_wconf 90' lang='lat' dir='ltr'><strong>dicit</strong></span> <span class='ocrx_word' id='word_1_442' title='bbox 1309 5423 1321 5456; x_wconf 92' lang='lat'><strong>:</strong></span> <span class='ocrx_word' id='word_1_443' title='bbox 1353 5403 1494 5457; x_wconf 83' lang='lat' dir='ltr'><strong>Bono</strong></span> <span class='ocrx_word' id='word_1_444' title='bbox 1519 5404 1687 5454; x_wconf 88' lang='lat' dir='ltr'><strong>animo</strong></span> <span class='ocrx_word' id='word_1_445' title='bbox 1717 5411 1868 5455; x_wconf 81' lang='lat' dir='ltr'><strong>estote</strong></span> <span class='ocrx_word' id='word_1_446' title='bbox 1891 5443 1905 5467; x_wconf 93' lang='lat'><strong>,</strong></span> <span class='ocrx_word' id='word_1_447' title='bbox 1934 5402 2048 5456; x_wconf 75' lang='lat' dir='ltr'><strong>uiri.</strong></span> <span class='ocrx_word' id='word_1_448' title='bbox 2074 5401 2240 5456; x_wconf 81' lang='lat' dir='ltr'><strong>Amis-</strong></span> 
     </span>
    </p>
   </div>
   <div class='ocr_carea' id='block_1_56' title="bbox 654 5493 2239 5561">
    <p class='ocr_par' dir='ltr' id='par_1_56' title="bbox 654 5493 2239 5561">
     <span class='ocr_line' id='line_1_56' title="bbox 654 5493 2239 5561; baseline -0.008 -5"><span class='ocrx_word' id='word_1_449' title='bbox 654 5501 730 5556; x_wconf 88' lang='lat' dir='ltr'><strong>sio</strong></span> <span class='ocrx_word' id='word_1_450' title='bbox 762 5501 893 5554; x_wconf 81' lang='lat' dir='ltr'><strong>enim</strong></span> <span class='ocrx_word' id='word_1_451' title='bbox 918 5498 1101 5551; x_wconf 68' lang='lat' dir='ltr'><strong>anima:</strong></span> <span class='ocrx_word' id='word_1_452' title='bbox 1117 5497 1304 5548; x_wconf 83' lang='lat' dir='ltr'><strong>nullius</strong></span> <span class='ocrx_word' id='word_1_453' title='bbox 1329 5497 1418 5547; x_wconf 80' lang='lat' dir='ltr'><strong>erit</strong></span> <span class='ocrx_word' id='word_1_454' title='bbox 1439 5509 1502 5548; x_wconf 80' lang='lat' dir='ltr'><strong>ea:</strong></span> <span class='ocrx_word' id='word_1_455' title='bbox 1525 5493 1666 5546; x_wconf 82' lang='lat' dir='ltr'><strong>nobis</strong></span> <span class='ocrx_word' id='word_1_456' title='bbox 1683 5533 1697 5556; x_wconf 93' lang='lat'><strong>,</strong></span> <span class='ocrx_word' id='word_1_457' title='bbox 1732 5502 2059 5561; x_wconf 57' lang='lat' dir='ltr'><strong>praemuniit</strong></span> <span class='ocrx_word' id='word_1_458' title='bbox 2083 5494 2239 5547; x_wconf 78' lang='lat' dir='ltr'><strong>naris.</strong></span> 
     </span>
    </p>
   </div>
   <div class='ocr_carea' id='block_1_57' title="bbox 660 5582 2243 5654">
    <p class='ocr_par' dir='ltr' id='par_1_57' title="bbox 660 5582 2243 5654">
     <span class='ocr_line' id='line_1_57' title="bbox 660 5582 2243 5654; baseline -0.006 -8"><span class='ocrx_word' id='word_1_459' title='bbox 660 5592 860 5646; x_wconf 81' lang='lat' dir='ltr'><strong>Adstitit</strong></span> <span class='ocrx_word' id='word_1_460' title='bbox 883 5594 1014 5644; x_wconf 85' lang='lat' dir='ltr'><strong>enim</strong></span> <span class='ocrx_word' id='word_1_461' title='bbox 1039 5587 1160 5641; x_wconf 82' lang='lat' dir='ltr'><strong>mihi</strong></span> <span class='ocrx_word' id='word_1_462' title='bbox 1199 5586 1290 5639; x_wconf 79' lang='lat' dir='ltr'><strong>hac</strong></span> <span class='ocrx_word' id='word_1_463' title='bbox 1319 5593 1457 5639; x_wconf 74' lang='lat' dir='ltr'><strong>nocte</strong></span> <span class='ocrx_word' id='word_1_464' title='bbox 1484 5583 1578 5636; x_wconf 88' lang='lat' dir='ltr'><strong>Dei</strong></span> <span class='ocrx_word' id='word_1_465' title='bbox 1603 5625 1613 5646; x_wconf 92' lang='lat'><strong>,</strong></span> <span class='ocrx_word' id='word_1_466' title='bbox 1645 5585 1790 5654; x_wconf 80' lang='lat' dir='ltr'><strong>cujus</strong></span> <span class='ocrx_word' id='word_1_467' title='bbox 1818 5600 1927 5636; x_wconf 83' lang='lat' dir='ltr'><strong>sunt</strong></span> <span class='ocrx_word' id='word_1_468' title='bbox 1969 5592 2017 5635; x_wconf 88' lang='lat' dir='ltr'><strong>et</strong></span> <span class='ocrx_word' id='word_1_469' title='bbox 2045 5582 2127 5636; x_wconf 83' lang='lat' dir='ltr'><strong>cui</strong></span> <span class='ocrx_word' id='word_1_470' title='bbox 2154 5583 2243 5636; x_wconf 80' lang='grc' dir='ltr'>ιιε-</span> 
     </span>
    </p>
   </div>
   <div class='ocr_carea' id='block_1_58' title="bbox 658 5672 2248 5750">
    <p class='ocr_par' dir='ltr' id='par_1_58' title="bbox 658 5672 2248 5750">
     <span class='ocr_line' id='line_1_58' title="bbox 658 5672 2248 5750; baseline -0.009 -12"><span class='ocrx_word' id='word_1_471' title='bbox 658 5683 815 5738; x_wconf 74' lang='lat' dir='ltr'><strong>servio</strong></span> <span class='ocrx_word' id='word_1_472' title='bbox 838 5720 854 5744; x_wconf 93' lang='lat'><strong>,</strong></span> <span class='ocrx_word' id='word_1_473' title='bbox 880 5679 1088 5750; x_wconf 81' lang='lat' dir='ltr'><strong>angelus</strong></span> <span class='ocrx_word' id='word_1_474' title='bbox 1117 5679 1286 5732; x_wconf 78' lang='lat' dir='ltr'><strong>dicens</strong></span> <span class='ocrx_word' id='word_1_475' title='bbox 1319 5691 1337 5728; x_wconf 90' lang='lat'><strong><em>:</em></strong></span> <span class='ocrx_word' id='word_1_476' title='bbox 1366 5673 1447 5728; x_wconf 76' lang='lat' dir='ltr'><strong>Ne</strong></span> <span class='ocrx_word' id='word_1_477' title='bbox 1486 5675 1680 5736; x_wconf 82' lang='lat' dir='ltr'><strong>timeas,</strong></span> <span class='ocrx_word' id='word_1_478' title='bbox 1723 5672 1884 5727; x_wconf 82' lang='lat' dir='ltr'><strong>Paule</strong></span> <span class='ocrx_word' id='word_1_479' title='bbox 1913 5689 1931 5727; x_wconf 88' lang='lat'><strong><em>:</em></strong></span> <span class='ocrx_word' id='word_1_480' title='bbox 1958 5674 2094 5726; x_wconf 82' lang='lat' dir='ltr'><strong>dedit</strong></span> <span class='ocrx_word' id='word_1_481' title='bbox 2118 5673 2248 5726; x_wconf 85' lang='lat' dir='ltr'><strong>enim</strong></span> 
     </span>
    </p>
   </div>
   <div class='ocr_carea' id='block_1_59' title="bbox 661 5764 2244 5838">
    <p class='ocr_par' dir='ltr' id='par_1_59' title="bbox 661 5764 2244 5838">
     <span class='ocr_line' id='line_1_59' title="bbox 661 5764 2244 5838; baseline -0.004 -11"><span class='ocrx_word' id='word_1_482' title='bbox 661 5774 753 5827; x_wconf 81' lang='lat' dir='ltr'><strong>tibi</strong></span> <span class='ocrx_word' id='word_1_483' title='bbox 781 5770 917 5825; x_wconf 83' lang='lat' dir='ltr'><strong>Deus</strong></span> <span class='ocrx_word' id='word_1_484' title='bbox 949 5786 1116 5823; x_wconf 84' lang='lat' dir='ltr'><strong>omnes</strong></span> <span class='ocrx_word' id='word_1_485' title='bbox 1147 5771 1231 5838; x_wconf 84' lang='lat' dir='ltr'><strong>qui</strong></span> <span class='ocrx_word' id='word_1_486' title='bbox 1271 5778 1432 5820; x_wconf 80' lang='lat' dir='ltr'><strong>tecum</strong></span> <span class='ocrx_word' id='word_1_487' title='bbox 1470 5766 1705 5832; x_wconf 82' lang='lat' dir='ltr'><strong>navigant</strong></span> <span class='ocrx_word' id='word_1_488' title='bbox 1736 5764 1868 5831; x_wconf 80' lang='lat' dir='ltr'><strong>(Act.</strong></span> <span class='ocrx_word' id='word_1_489' title='bbox 1897 5765 1986 5818; x_wconf 73' lang='grc'><strong>27.</strong></span> <span class='ocrx_word' id='word_1_490' title='bbox 2018 5764 2244 5836; x_wconf 62' lang='grc' dir='ltr'><strong>ΞΞ-Ξι).</strong></span> 
     </span>
    </p>
   </div>
   <div class='ocr_carea' id='block_1_60' title="bbox 670 5853 2244 5932">
    <p class='ocr_par' dir='ltr' id='par_1_60' title="bbox 670 5853 2244 5932">
     <span class='ocr_line' id='line_1_60' title="bbox 670 5853 2244 5932; baseline -0.003 -20"><span class='ocrx_word' id='word_1_491' title='bbox 670 5858 855 5918; x_wconf 70' lang='lat' dir='ltr'><strong>Vidisti</strong></span> <span class='ocrx_word' id='word_1_492' title='bbox 882 5858 1151 5932; x_wconf 86' lang='lat' dir='ltr'><strong>quomodo</strong></span> <span class='ocrx_word' id='word_1_493' title='bbox 1177 5860 1340 5912; x_wconf 85' lang='lat' dir='ltr'><strong>virtus</strong></span> <span class='ocrx_word' id='word_1_494' title='bbox 1370 5855 1463 5911; x_wconf 83' lang='lat' dir='ltr'><strong>viri</strong></span> <span class='ocrx_word' id='word_1_495' title='bbox 1510 5856 1735 5909; x_wconf 86' lang='lat' dir='ltr'><strong>salutent</strong></span> <span class='ocrx_word' id='word_1_496' title='bbox 1780 5853 1884 5910; x_wconf 90' lang='lat' dir='ltr'><strong>illis</strong></span> <span class='ocrx_word' id='word_1_497' title='bbox 1904 5853 2244 5912; x_wconf 78' lang='lat' dir='ltr'><strong>conciliavit?</strong></span> 
     </span>
    </p>
   </div>
   <div class='ocr_carea' id='block_1_61' title="bbox 1373 474 3187 542">
    <p class='ocr_par' dir='ltr' id='par_1_61' title="bbox 1373 474 3187 542">
     <span class='ocr_line' id='line_1_61' title="bbox 1373 474 3187 542; baseline -0.003 -2"><span class='ocrx_word' id='word_1_498' title='bbox 1373 483 1428 540; x_wconf 87' lang='lat' dir='ltr'><strong>S.</strong></span> <span class='ocrx_word' id='word_1_499' title='bbox 1470 481 1745 539; x_wconf 68' lang='lat' dir='ltr'><strong>JOANNIS</strong></span> <span class='ocrx_word' id='word_1_500' title='bbox 1778 474 2253 542; x_wconf 63' lang='lat' dir='ltr'><strong>CHRYSOSTOLII</strong></span> <span class='ocrx_word' id='word_1_501' title='bbox 2297 475 2612 535; x_wconf 77' lang='lat' dir='ltr'><strong>ARCHIEP.</strong></span> <span class='ocrx_word' id='word_1_502' title='bbox 2653 478 3187 538; x_wconf 74' lang='lat' dir='ltr'><strong>CONSTANTINOP.</strong></span> 
     </span>
    </p>
   </div>
   <div class='ocr_carea' id='block_1_62' title="bbox 3811 485 3908 540">
    <p class='ocr_par' dir='ltr' id='par_1_62' title="bbox 3811 485 3908 540">
     <span class='ocr_line' id='line_1_62' title="bbox 3811 485 3908 540; baseline 0 0"><span class='ocrx_word' id='word_1_503' title='bbox 3811 485 3908 540; x_wconf 62' lang='grc' dir='ltr'>εισι</span> 
     </span>
    </p>
   </div>
   <div class='ocr_carea' id='block_1_63' title="bbox 2347 593 3905 662">
    <p class='ocr_par' dir='ltr' id='par_1_63' title="bbox 2347 593 3905 662">
     <span class='ocr_line' id='line_1_63' title="bbox 2347 593 3905 662; baseline 0.006 -18"><span class='ocrx_word' id='word_1_504' title='bbox 2347 593 2454 646; x_wconf 91' lang='lat' dir='ltr'><strong>imo</strong></span> <span class='ocrx_word' id='word_1_505' title='bbox 2508 607 2612 647; x_wconf 91' lang='lat' dir='ltr'><strong>non</strong></span> <span class='ocrx_word' id='word_1_506' title='bbox 2666 593 2834 649; x_wconf 86' lang='lat' dir='ltr'><strong>virtus</strong></span> <span class='ocrx_word' id='word_1_507' title='bbox 2863 605 3100 662; x_wconf 83' lang='lat' dir='ltr'><strong>tantum,</strong></span> <span class='ocrx_word' id='word_1_508' title='bbox 3139 595 3230 650; x_wconf 85' lang='lat' dir='ltr'><strong>sed</strong></span> <span class='ocrx_word' id='word_1_509' title='bbox 3281 604 3333 648; x_wconf 76' lang='lat' dir='ltr'><strong>et</strong></span> <span class='ocrx_word' id='word_1_510' title='bbox 3379 596 3657 650; x_wconf 83' lang='lat' dir='ltr'><strong>clementia</strong></span> <span class='ocrx_word' id='word_1_511' title='bbox 3691 596 3905 653; x_wconf 76' lang='lat' dir='ltr'><strong>Domini.</strong></span> 
     </span>
    </p>
   </div>
   <div class='ocr_carea' id='block_1_64' title="bbox 2339 682 3902 755">
    <p class='ocr_par' dir='ltr' id='par_1_64' title="bbox 2339 682 3902 755">
     <span class='ocr_line' id='line_1_64' title="bbox 2339 682 3902 755; baseline 0.003 -17"><span class='ocrx_word' id='word_1_512' title='bbox 2339 682 2508 738; x_wconf 88' lang='lat' dir='ltr'><strong>Simili</strong></span> <span class='ocrx_word' id='word_1_513' title='bbox 2559 686 2717 740; x_wconf 87' lang='lat' dir='ltr'><strong>modo</strong></span> <span class='ocrx_word' id='word_1_514' title='bbox 2757 696 2812 740; x_wconf 89' lang='lat' dir='ltr'><strong>et</strong></span> <span class='ocrx_word' id='word_1_515' title='bbox 2853 685 2953 740; x_wconf 91' lang='lat' dir='ltr'><strong>hoc</strong></span> <span class='ocrx_word' id='word_1_516' title='bbox 3001 685 3116 740; x_wconf 83' lang='lat' dir='ltr'><strong>loco</strong></span> <span class='ocrx_word' id='word_1_517' title='bbox 3146 685 3338 740; x_wconf 80' lang='lat' dir='ltr'><strong>factum</strong></span> <span class='ocrx_word' id='word_1_518' title='bbox 3364 695 3483 751; x_wconf 86' lang='lat' dir='ltr'><strong>est,</strong></span> <span class='ocrx_word' id='word_1_519' title='bbox 3516 696 3567 740; x_wconf 92' lang='lat' dir='ltr'><strong>et</strong></span> <span class='ocrx_word' id='word_1_520' title='bbox 3599 684 3712 740; x_wconf 73' lang='lat' dir='ltr'><strong>hrcc</strong></span> <span class='ocrx_word' id='word_1_521' title='bbox 3751 689 3902 755; x_wconf 76' lang='lat' dir='ltr'><strong>prima</strong></span> 
     </span>
    </p>
   </div>
   <div class='ocr_carea' id='block_1_65' title="bbox 2339 776 3908 833">
    <p class='ocr_par' dir='ltr' id='par_1_65' title="bbox 2339 776 3908 833">
     <span class='ocr_line' id='line_1_65' title="bbox 2339 776 3908 833; baseline 0.001 -5"><span class='ocrx_word' id='word_1_522' title='bbox 2339 790 2496 828; x_wconf 84' lang='lat' dir='ltr'><strong>causa</strong></span> <span class='ocrx_word' id='word_1_523' title='bbox 2528 776 2623 832; x_wconf 83' lang='lat' dir='ltr'><strong>fuit</strong></span> <span class='ocrx_word' id='word_1_524' title='bbox 2651 795 2663 831; x_wconf 90' lang='lat'><strong><em>:</em></strong></span> <span class='ocrx_word' id='word_1_525' title='bbox 2693 777 2855 832; x_wconf 84' lang='lat' dir='ltr'><strong>altera</strong></span> <span class='ocrx_word' id='word_1_526' title='bbox 2886 793 3011 833; x_wconf 91' lang='lat' dir='ltr'><strong>vero</strong></span> <span class='ocrx_word' id='word_1_527' title='bbox 3064 780 3160 832; x_wconf 82' lang='lat' dir='ltr'><strong>ista</strong></span> <span class='ocrx_word' id='word_1_528' title='bbox 3193 797 3205 832; x_wconf 91' lang='lat'><strong>:</strong></span> <span class='ocrx_word' id='word_1_529' title='bbox 3235 779 3444 833; x_wconf 80' lang='lat' dir='ltr'><strong>volebat</strong></span> <span class='ocrx_word' id='word_1_530' title='bbox 3487 778 3802 833; x_wconf 70' lang='lat' dir='ltr'><strong>iurulentum</strong></span> <span class='ocrx_word' id='word_1_531' title='bbox 3822 779 3908 833; x_wconf 84' lang='lat' dir='ltr'><strong>ali-</strong></span> 
     </span>
    </p>
   </div>
   <div class='ocr_carea' id='block_1_66' title="bbox 2340 865 3903 938">
    <p class='ocr_par' dir='ltr' id='par_1_66' title="bbox 2340 865 3903 938">
     <span class='ocr_line' id='line_1_66' title="bbox 2340 865 3903 938; baseline 0.003 -21"><span class='ocrx_word' id='word_1_532' title='bbox 2340 865 2479 935; x_wconf 86' lang='lat' dir='ltr'><strong>quod</strong></span> <span class='ocrx_word' id='word_1_533' title='bbox 2511 875 2564 921; x_wconf 89' lang='lat' dir='ltr'><strong>et</strong></span> <span class='ocrx_word' id='word_1_534' title='bbox 2584 867 2812 923; x_wconf 87' lang='lat' dir='ltr'><strong>radicem</strong></span> <span class='ocrx_word' id='word_1_535' title='bbox 2839 869 2906 923; x_wconf 86' lang='lat' dir='ltr'><strong>ad</strong></span> <span class='ocrx_word' id='word_1_536' title='bbox 2936 869 3258 938; x_wconf 86' lang='lat' dir='ltr'><strong>posteritatis</strong></span> <span class='ocrx_word' id='word_1_537' title='bbox 3280 868 3712 924; x_wconf 86' lang='lat' dir='ltr'><strong>constitutionem</strong></span> <span class='ocrx_word' id='word_1_538' title='bbox 3751 867 3903 923; x_wconf 85' lang='lat' dir='ltr'><strong>relin-</strong></span> 
     </span>
    </p>
   </div>
   <div class='ocr_carea' id='block_1_67' title="bbox 2337 959 3907 1030">
    <p class='ocr_par' dir='ltr' id='par_1_67' title="bbox 2337 959 3907 1030">
     <span class='ocr_line' id='line_1_67' title="bbox 2337 959 3907 1030; baseline 0.003 -21"><span class='ocrx_word' id='word_1_539' title='bbox 2337 974 2504 1028; x_wconf 89' lang='lat' dir='ltr'><strong>quere</strong></span> <span class='ocrx_word' id='word_1_540' title='bbox 2533 977 2546 1012; x_wconf 90' lang='lat'>:</span> <span class='ocrx_word' id='word_1_541' title='bbox 2580 977 2684 1015; x_wconf 91' lang='lat' dir='ltr'><strong>non</strong></span> <span class='ocrx_word' id='word_1_542' title='bbox 2702 960 2841 1030; x_wconf 83' lang='lat' dir='ltr'><strong>quod</strong></span> <span class='ocrx_word' id='word_1_543' title='bbox 2864 961 3186 1029; x_wconf 75' lang='lat' dir='ltr'><strong>impossibth:</strong></span> <span class='ocrx_word' id='word_1_544' title='bbox 3209 971 3352 1014; x_wconf 81' lang='lat' dir='ltr'><strong>esset</strong></span> <span class='ocrx_word' id='word_1_545' title='bbox 3370 959 3480 1015; x_wconf 88' lang='lat' dir='ltr'><strong>Deo</strong></span> <span class='ocrx_word' id='word_1_546' title='bbox 3502 959 3694 1014; x_wconf 87' lang='lat' dir='ltr'><strong>iterum</strong></span> <span class='ocrx_word' id='word_1_547' title='bbox 3725 959 3907 1014; x_wconf 67' lang='lat' dir='ltr'><strong>fortna-</strong></span> 
     </span>
    </p>
   </div>
   <div class='ocr_carea' id='block_1_68' title="bbox 2338 1049 3904 1123">
    <p class='ocr_par' dir='ltr' id='par_1_68' title="bbox 2338 1049 3904 1123">
     <span class='ocr_line' id='line_1_68' title="bbox 2338 1049 3904 1123; baseline 0 -19"><span class='ocrx_word' id='word_1_548' title='bbox 2338 1065 2395 1104; x_wconf 91' lang='lat' dir='ltr'><strong>re</strong></span> <span class='ocrx_word' id='word_1_549' title='bbox 2417 1049 2706 1113; x_wconf 88' lang='lat' dir='ltr'><strong>hominem.</strong></span> <span class='ocrx_word' id='word_1_550' title='bbox 2735 1062 2788 1106; x_wconf 83' lang='lat' dir='ltr'><strong>et</strong></span> <span class='ocrx_word' id='word_1_551' title='bbox 2806 1069 2872 1108; x_wconf 80' lang='lat' dir='ltr'><strong>ex</strong></span> <span class='ocrx_word' id='word_1_552' title='bbox 2902 1068 3006 1108; x_wconf 90' lang='lat' dir='ltr'><strong>uno</strong></span> <span class='ocrx_word' id='word_1_553' title='bbox 3027 1052 3235 1123; x_wconf 83' lang='lat' dir='ltr'><strong>generis</strong></span> <span class='ocrx_word' id='word_1_554' title='bbox 3264 1052 3452 1106; x_wconf 84' lang='lat' dir='ltr'><strong>iterum</strong></span> <span class='ocrx_word' id='word_1_555' title='bbox 3467 1061 3807 1122; x_wconf 82' lang='lat' dir='ltr'><strong>augmentum</strong></span> <span class='ocrx_word' id='word_1_556' title='bbox 3837 1051 3904 1104; x_wconf 73' lang='grc' dir='ltr'>ιι.</span> 
     </span>
    </p>
   </div>
   <div class='ocr_carea' id='block_1_69' title="bbox 2335 1141 3904 1212">
    <p class='ocr_par' dir='ltr' id='par_1_69' title="bbox 2335 1141 3904 1212">
     <span class='ocr_line' id='line_1_69' title="bbox 2335 1141 3904 1212; baseline 0.003 -18"><span class='ocrx_word' id='word_1_557' title='bbox 2335 1153 2479 1204; x_wconf 87' lang='lat' dir='ltr'><strong>cere;</strong></span> <span class='ocrx_word' id='word_1_558' title='bbox 2497 1141 2588 1196; x_wconf 88' lang='lat' dir='ltr'><strong>sed</strong></span> <span class='ocrx_word' id='word_1_559' title='bbox 2614 1141 2736 1210; x_wconf 85' lang='lat' dir='ltr'><strong>quia</strong></span> <span class='ocrx_word' id='word_1_560' title='bbox 2761 1143 2840 1199; x_wconf 87' lang='lat' dir='ltr'><strong>sic</strong></span> <span class='ocrx_word' id='word_1_561' title='bbox 2867 1143 2963 1212; x_wconf 90' lang='lat' dir='ltr'><strong>ipsi</strong></span> <span class='ocrx_word' id='word_1_562' title='bbox 2992 1143 3159 1196; x_wconf 79' lang='lat' dir='ltr'><strong>visum</strong></span> <span class='ocrx_word' id='word_1_563' title='bbox 3176 1152 3258 1196; x_wconf 83' lang='lat' dir='ltr'><strong>est</strong></span> <span class='ocrx_word' id='word_1_564' title='bbox 3273 1156 3368 1211; x_wconf 91' lang='lat' dir='ltr'><strong>pro</strong></span> <span class='ocrx_word' id='word_1_565' title='bbox 3390 1142 3546 1196; x_wconf 86' lang='lat' dir='ltr'><strong>solita</strong></span> <span class='ocrx_word' id='word_1_566' title='bbox 3572 1141 3904 1210; x_wconf 72' lang='lat' dir='ltr'><strong>benignitate.</strong></span> 
     </span>
    </p>
   </div>
   <div class='ocr_carea' id='block_1_70' title="bbox 2407 1230 3905 1301">
    <p class='ocr_par' dir='ltr' id='par_1_70' title="bbox 2407 1230 3905 1301">
     <span class='ocr_line' id='line_1_70' title="bbox 2407 1230 3905 1301; baseline -0.001 -15"><span class='ocrx_word' id='word_1_567' title='bbox 2407 1230 2461 1286; x_wconf 83' lang='grc'><strong>5.</strong></span> <span class='ocrx_word' id='word_1_568' title='bbox 2504 1230 2732 1285; x_wconf 79' lang='lat' dir='ltr'><strong>Attende</strong></span> <span class='ocrx_word' id='word_1_569' title='bbox 2760 1231 2920 1301; x_wconf 87' lang='lat' dir='ltr'><strong>igitur</strong></span> <span class='ocrx_word' id='word_1_570' title='bbox 2955 1231 3044 1286; x_wconf 85' lang='lat' dir='ltr'><strong>Dei</strong></span> <span class='ocrx_word' id='word_1_571' title='bbox 3074 1231 3360 1285; x_wconf 86' lang='lat' dir='ltr'><strong>bonitatem</strong></span> <span class='ocrx_word' id='word_1_572' title='bbox 3387 1230 3546 1285; x_wconf 86' lang='lat' dir='ltr'><strong>etiam</strong></span> <span class='ocrx_word' id='word_1_573' title='bbox 3584 1245 3677 1297; x_wconf 88' lang='lat' dir='ltr'><strong>per</strong></span> <span class='ocrx_word' id='word_1_574' title='bbox 3701 1246 3763 1284; x_wconf 84' lang='lat' dir='ltr'><strong>ea</strong></span> <span class='ocrx_word' id='word_1_575' title='bbox 3794 1246 3905 1299; x_wconf 59' lang='lat' dir='ltr'><strong>quae</strong></span> 
     </span>
    </p>
   </div>
   <div class='ocr_carea' id='block_1_71' title="bbox 2336 1319 3902 1389">
    <p class='ocr_par' dir='ltr' id='par_1_71' title="bbox 2336 1319 3902 1389">
     <span class='ocr_line' id='line_1_71' title="bbox 2336 1319 3902 1389; baseline -0.001 -17"><span class='ocrx_word' id='word_1_576' title='bbox 2336 1329 2650 1389; x_wconf 88' lang='lat' dir='ltr'><strong>sequuntur.</strong></span> <span class='ocrx_word' id='word_1_577' title='bbox 2705 1319 2836 1374; x_wconf 82' lang='lat' dir='ltr'><strong>Nam</strong></span> <span class='ocrx_word' id='word_1_578' title='bbox 2890 1321 3026 1374; x_wconf 86' lang='lat' dir='ltr'><strong>sicut</strong></span> <span class='ocrx_word' id='word_1_579' title='bbox 3074 1319 3464 1374; x_wconf 75' lang='lat' dir='ltr'><strong>interminando</strong></span> <span class='ocrx_word' id='word_1_580' title='bbox 3508 1333 3743 1388; x_wconf 69' lang='lat' dir='ltr'><strong>penam.</strong></span> <span class='ocrx_word' id='word_1_581' title='bbox 3791 1333 3902 1373; x_wconf 84' lang='lat' dir='ltr'><strong>cum</strong></span> 
     </span>
    </p>
   </div>
   <div class='ocr_carea' id='block_1_72' title="bbox 2337 1407 3905 1479">
    <p class='ocr_par' dir='ltr' id='par_1_72' title="bbox 2337 1407 3905 1479">
     <span class='ocr_line' id='line_1_72' title="bbox 2337 1407 3905 1479; baseline -0.001 -15"><span class='ocrx_word' id='word_1_582' title='bbox 2337 1407 2613 1464; x_wconf 84' lang='lat' dir='ltr'><strong>hominum</strong></span> <span class='ocrx_word' id='word_1_583' title='bbox 2643 1426 2838 1477; x_wconf 76' lang='lat' dir='ltr'><strong>genere</strong></span> <span class='ocrx_word' id='word_1_584' title='bbox 2865 1419 2919 1465; x_wconf 90' lang='lat' dir='ltr'><strong>et</strong></span> <span class='ocrx_word' id='word_1_585' title='bbox 2944 1411 3207 1479; x_wconf 85' lang='lat' dir='ltr'><strong>jutnenta.</strong></span> <span class='ocrx_word' id='word_1_586' title='bbox 3238 1419 3291 1465; x_wconf 84' lang='lat' dir='ltr'><strong>et</strong></span> <span class='ocrx_word' id='word_1_587' title='bbox 3320 1410 3548 1477; x_wconf 86' lang='lat' dir='ltr'><strong>reptilia,</strong></span> <span class='ocrx_word' id='word_1_588' title='bbox 3575 1419 3631 1465; x_wconf 86' lang='lat' dir='ltr'><strong>et</strong></span> <span class='ocrx_word' id='word_1_589' title='bbox 3658 1408 3905 1472; x_wconf 84' lang='lat' dir='ltr'><strong>volatilia.</strong></span> 
     </span>
    </p>
   </div>
   <div class='ocr_carea' id='block_1_73' title="bbox 2336 1500 3905 1572">
    <p class='ocr_par' dir='ltr' id='par_1_73' title="bbox 2336 1500 3905 1572">
     <span class='ocr_line' id='line_1_73' title="bbox 2336 1500 3905 1572; baseline 0.001 -17"><span class='ocrx_word' id='word_1_590' title='bbox 2336 1509 2392 1555; x_wconf 92' lang='lat' dir='ltr'><strong>et</strong></span> <span class='ocrx_word' id='word_1_591' title='bbox 2418 1500 2557 1558; x_wconf 77' lang='lat' dir='ltr'><strong>feras</strong></span> <span class='ocrx_word' id='word_1_592' title='bbox 2591 1501 2820 1569; x_wconf 80' lang='lat' dir='ltr'><strong>peritura</strong></span> <span class='ocrx_word' id='word_1_593' title='bbox 2852 1501 3020 1556; x_wconf 80' lang='lat' dir='ltr'><strong>dixit:</strong></span> <span class='ocrx_word' id='word_1_594' title='bbox 3051 1503 3120 1555; x_wconf 86' lang='lat' dir='ltr'><strong>ita</strong></span> <span class='ocrx_word' id='word_1_595' title='bbox 3148 1511 3205 1556; x_wconf 89' lang='lat' dir='ltr'><strong>et</strong></span> <span class='ocrx_word' id='word_1_596' title='bbox 3231 1502 3317 1556; x_wconf 89' lang='lat' dir='ltr'><strong>hic</strong></span> <span class='ocrx_word' id='word_1_597' title='bbox 3345 1512 3562 1572; x_wconf 85' lang='lat' dir='ltr'><strong>propter</strong></span> <span class='ocrx_word' id='word_1_598' title='bbox 3580 1503 3781 1570; x_wconf 83' lang='lat' dir='ltr'><strong>justum</strong></span> <span class='ocrx_word' id='word_1_599' title='bbox 3813 1503 3905 1556; x_wconf 85' lang='lat' dir='ltr'><strong>im-</strong></span> 
     </span>
    </p>
   </div>
   <div class='ocr_carea' id='block_1_74' title="bbox 2338 1591 3908 1662">
    <p class='ocr_par' dir='ltr' id='par_1_74' title="bbox 2338 1591 3908 1662">
     <span class='ocr_line' id='line_1_74' title="bbox 2338 1591 3908 1662; baseline 0.001 -18"><span class='ocrx_word' id='word_1_600' title='bbox 2338 1600 2507 1660; x_wconf 84' lang='lat' dir='ltr'><strong>perat,</strong></span> <span class='ocrx_word' id='word_1_601' title='bbox 2537 1603 2592 1646; x_wconf 89' lang='grc' dir='ltr'><strong>ιιι</strong></span> <span class='ocrx_word' id='word_1_602' title='bbox 2623 1593 2984 1648; x_wconf 61' lang='lat' dir='ltr'><strong>introducitur</strong></span> <span class='ocrx_word' id='word_1_603' title='bbox 3021 1593 3072 1645; x_wconf 92' lang='lat' dir='ltr'><strong>in</strong></span> <span class='ocrx_word' id='word_1_604' title='bbox 3099 1607 3275 1646; x_wconf 79' lang='lat' dir='ltr'><strong>arcam</strong></span> <span class='ocrx_word' id='word_1_605' title='bbox 3314 1607 3380 1648; x_wconf 70' lang='lat' dir='ltr'><strong>es</strong></span> <span class='ocrx_word' id='word_1_606' title='bbox 3427 1606 3748 1662; x_wconf 82' lang='lat' dir='ltr'><strong>unoquoque</strong></span> <span class='ocrx_word' id='word_1_607' title='bbox 3792 1591 3908 1646; x_wconf 60' lang='lat' dir='ltr'><strong>illo.</strong></span> 
     </span>
    </p>
   </div>
   <div class='ocr_carea' id='block_1_75' title="bbox 2337 1665 3908 1753">
    <p class='ocr_par' dir='ltr' id='par_1_75' title="bbox 2337 1665 3908 1753">
     <span class='ocr_line' id='line_1_75' title="bbox 2337 1665 3908 1753; baseline 0.001 -17"><span class='ocrx_word' id='word_1_608' title='bbox 2337 1698 2452 1736; x_wconf 88' lang='lat' dir='ltr'><strong>rum</strong></span> <span class='ocrx_word' id='word_1_609' title='bbox 2482 1665 2677 1752; x_wconf 76' lang='lat' dir='ltr'><strong>genere</strong></span> <span class='ocrx_word' id='word_1_610' title='bbox 2701 1699 2794 1752; x_wconf 89' lang='lat' dir='ltr'><strong>par</strong></span> <span class='ocrx_word' id='word_1_611' title='bbox 2813 1701 2998 1752; x_wconf 89' lang='lat' dir='ltr'><strong>unnnt,</strong></span> <span class='ocrx_word' id='word_1_612' title='bbox 3025 1694 3080 1735; x_wconf 90' lang='lat' dir='ltr'><strong>ut</strong></span> <span class='ocrx_word' id='word_1_613' title='bbox 3103 1685 3174 1738; x_wconf 91' lang='lat' dir='ltr'><strong>sit</strong></span> <span class='ocrx_word' id='word_1_614' title='bbox 3197 1698 3378 1739; x_wconf 87' lang='lat' dir='ltr'><strong>semen</strong></span> <span class='ocrx_word' id='word_1_615' title='bbox 3400 1693 3451 1738; x_wconf 89' lang='lat' dir='ltr'><strong>et</strong></span> <span class='ocrx_word' id='word_1_616' title='bbox 3470 1685 3714 1753; x_wconf 67' lang='lat' dir='ltr'><strong>pritnitiz</strong></span> <span class='ocrx_word' id='word_1_617' title='bbox 3732 1683 3908 1740; x_wconf 88' lang='lat' dir='ltr'><strong>multi-</strong></span> 
     </span>
    </p>
   </div>
   <div class='ocr_carea' id='block_1_76' title="bbox 2341 1771 3911 1844">
    <p class='ocr_par' dir='ltr' id='par_1_76' title="bbox 2341 1771 3911 1844">
     <span class='ocr_line' id='line_1_76' title="bbox 2341 1771 3911 1844; baseline -0.001 -19"><span class='ocrx_word' id='word_1_618' title='bbox 2341 1773 2538 1826; x_wconf 83' lang='lat' dir='ltr'><strong>tudinis</strong></span> <span class='ocrx_word' id='word_1_619' title='bbox 2563 1782 2744 1842; x_wconf 80' lang='lat' dir='ltr'><strong>postea</strong></span> <span class='ocrx_word' id='word_1_620' title='bbox 2774 1772 2982 1827; x_wconf 73' lang='lat' dir='ltr'><strong>ftttnrze.</strong></span> <span class='ocrx_word' id='word_1_621' title='bbox 3021 1773 3104 1829; x_wconf 83' lang='lat' dir='ltr'><strong>l9.</strong></span> <span class='ocrx_word' id='word_1_622' title='bbox 3144 1772 3208 1826; x_wconf 74' lang='lat' dir='ltr'><strong>Et</strong></span> <span class='ocrx_word' id='word_1_623' title='bbox 3233 1789 3298 1826; x_wconf 82' lang='lat' dir='ltr'><strong>ea:</strong></span> <span class='ocrx_word' id='word_1_624' title='bbox 3320 1773 3568 1837; x_wconf 76' lang='lat' dir='ltr'><strong>omnibus,</strong></span> <span class='ocrx_word' id='word_1_625' title='bbox 3611 1771 3802 1842; x_wconf 84' lang='lat' dir='ltr'><strong>inquit,</strong></span> <span class='ocrx_word' id='word_1_626' title='bbox 3823 1773 3911 1844; x_wconf 71' lang='lat' dir='ltr'><strong>ju-</strong></span> 
     </span>
    </p>
   </div>
   <div class='ocr_carea' id='block_1_77' title="bbox 2338 1863 3911 1933">
    <p class='ocr_par' dir='ltr' id='par_1_77' title="bbox 2338 1863 3911 1933">
     <span class='ocr_line' id='line_1_77' title="bbox 2338 1863 3911 1933; baseline 0.001 -18"><span class='ocrx_word' id='word_1_627' title='bbox 2338 1865 2534 1930; x_wconf 79' lang='lat' dir='ltr'><strong>mentis,</strong></span> <span class='ocrx_word' id='word_1_628' title='bbox 2575 1874 2621 1918; x_wconf 89' lang='lat' dir='ltr'><strong>et</strong></span> <span class='ocrx_word' id='word_1_629' title='bbox 2650 1880 2714 1919; x_wconf 77' lang='lat' dir='ltr'><strong>ea:</strong></span> <span class='ocrx_word' id='word_1_630' title='bbox 2745 1865 2973 1918; x_wconf 78' lang='lat' dir='ltr'><strong>omnibus</strong></span> <span class='ocrx_word' id='word_1_631' title='bbox 3009 1867 3151 1933; x_wconf 77' lang='lat' dir='ltr'><strong>feris,</strong></span> <span class='ocrx_word' id='word_1_632' title='bbox 3183 1872 3230 1917; x_wconf 84' lang='lat' dir='ltr'><strong>et</strong></span> <span class='ocrx_word' id='word_1_633' title='bbox 3255 1879 3316 1917; x_wconf 69' lang='lat' dir='ltr'><strong>et:</strong></span> <span class='ocrx_word' id='word_1_634' title='bbox 3344 1863 3482 1916; x_wconf 80' lang='lat' dir='ltr'><strong>omni</strong></span> <span class='ocrx_word' id='word_1_635' title='bbox 3509 1880 3679 1928; x_wconf 83' lang='lat' dir='ltr'><strong>carne,</strong></span> <span class='ocrx_word' id='word_1_636' title='bbox 3707 1863 3825 1916; x_wconf 76' lang='lat' dir='ltr'><strong>bina</strong></span> <span class='ocrx_word' id='word_1_637' title='bbox 3852 1878 3911 1917; x_wconf 72' lang='lat' dir='ltr'><strong>es</strong></span> 
     </span>
    </p>
   </div>
   <div class='ocr_carea' id='block_1_78' title="bbox 2338 1956 3912 2027">
    <p class='ocr_par' dir='ltr' id='par_1_78' title="bbox 2338 1956 3912 2027">
     <span class='ocr_line' id='line_1_78' title="bbox 2338 1956 3912 2027; baseline -0.002 -16"><span class='ocrx_word' id='word_1_638' title='bbox 2338 1958 2565 2012; x_wconf 86' lang='lat' dir='ltr'><strong>omnibus</strong></span> <span class='ocrx_word' id='word_1_639' title='bbox 2586 1956 2790 2011; x_wconf 77' lang='lat' dir='ltr'><strong>induces</strong></span> <span class='ocrx_word' id='word_1_640' title='bbox 2817 1959 2866 2009; x_wconf 79' lang='lat' dir='ltr'><strong>in</strong></span> <span class='ocrx_word' id='word_1_641' title='bbox 2888 1973 3079 2016; x_wconf 81' lang='lat' dir='ltr'><strong>arcam.</strong></span> <span class='ocrx_word' id='word_1_642' title='bbox 3106 1967 3161 2010; x_wconf 75' lang='lat' dir='ltr'><strong>ut</strong></span> <span class='ocrx_word' id='word_1_643' title='bbox 3187 1972 3366 2026; x_wconf 80' lang='lat' dir='ltr'><strong>pascas</strong></span> <span class='ocrx_word' id='word_1_644' title='bbox 3389 1957 3531 2027; x_wconf 79' lang='lat' dir='ltr'><strong>apud</strong></span> <span class='ocrx_word' id='word_1_645' title='bbox 3547 1965 3593 2009; x_wconf 83' lang='lat' dir='ltr'><strong>te</strong></span> <span class='ocrx_word' id='word_1_646' title='bbox 3615 1971 3636 2018; x_wconf 88' lang='lat'><strong><em>;</em></strong></span> <span class='ocrx_word' id='word_1_647' title='bbox 3663 1957 3912 2010; x_wconf 67' lang='lat' dir='ltr'><strong>tumulas</strong></span> 
     </span>
    </p>
   </div>
   <div class='ocr_carea' id='block_1_79' title="bbox 2338 2045 3913 2117">
    <p class='ocr_par' dir='ltr' id='par_1_79' title="bbox 2338 2045 3913 2117">
     <span class='ocr_line' id='line_1_79' title="bbox 2338 2045 3913 2117; baseline 0 -17"><span class='ocrx_word' id='word_1_648' title='bbox 2338 2057 2383 2100; x_wconf 87' lang='lat' dir='ltr'><strong>et</strong></span> <span class='ocrx_word' id='word_1_649' title='bbox 2403 2048 2589 2117; x_wconf 74' lang='lat' dir='ltr'><strong>[cnsilia</strong></span> <span class='ocrx_word' id='word_1_650' title='bbox 2609 2057 2769 2100; x_wconf 82' lang='lat' dir='ltr'><strong>erunt.</strong></span> <span class='ocrx_word' id='word_1_651' title='bbox 2788 2045 2970 2101; x_wconf 69' lang='lat'><strong>20.81:</strong></span> <span class='ocrx_word' id='word_1_652' title='bbox 2988 2047 3219 2101; x_wconf 83' lang='lat' dir='ltr'><strong>omnibus</strong></span> <span class='ocrx_word' id='word_1_653' title='bbox 3237 2045 3410 2100; x_wconf 71' lang='lat' dir='ltr'><strong>avibus</strong></span> <span class='ocrx_word' id='word_1_654' title='bbox 3431 2047 3714 2101; x_wconf 73' lang='lat' dir='ltr'><strong>volatilibus</strong></span> <span class='ocrx_word' id='word_1_655' title='bbox 3741 2063 3913 2102; x_wconf 51' lang='lat' dir='ltr'><strong>secuti.</strong></span> 
     </span>
    </p>
   </div>
   <div class='ocr_carea' id='block_1_80' title="bbox 2338 2138 3913 2210">
    <p class='ocr_par' dir='ltr' id='par_1_80' title="bbox 2338 2138 3913 2210">
     <span class='ocr_line' id='line_1_80' title="bbox 2338 2138 3913 2210; baseline 0 -18"><span class='ocrx_word' id='word_1_656' title='bbox 2338 2139 2459 2192; x_wconf 85' lang='lat' dir='ltr'><strong>dum</strong></span> <span class='ocrx_word' id='word_1_657' title='bbox 2487 2155 2661 2210; x_wconf 84' lang='lat' dir='ltr'><strong>genus,</strong></span> <span class='ocrx_word' id='word_1_658' title='bbox 2685 2147 2731 2192; x_wconf 86' lang='lat' dir='ltr'><strong>et</strong></span> <span class='ocrx_word' id='word_1_659' title='bbox 2760 2155 2821 2192; x_wconf 75' lang='lat' dir='ltr'><strong>ea:</strong></span> <span class='ocrx_word' id='word_1_660' title='bbox 2847 2139 3074 2192; x_wconf 80' lang='lat' dir='ltr'><strong>omnibus</strong></span> <span class='ocrx_word' id='word_1_661' title='bbox 3091 2139 3338 2209; x_wconf 68' lang='lat' dir='ltr'><strong>iumentis</strong></span> <span class='ocrx_word' id='word_1_662' title='bbox 3366 2138 3640 2193; x_wconf 78' lang='lat' dir='ltr'><strong>secundum</strong></span> <span class='ocrx_word' id='word_1_663' title='bbox 3669 2155 3845 2208; x_wconf 64' lang='lat' dir='ltr'><strong>grues,</strong></span> <span class='ocrx_word' id='word_1_664' title='bbox 3867 2149 3913 2192; x_wconf 81' lang='lat' dir='ltr'><strong>et</strong></span> 
     </span>
    </p>
   </div>
   <div class='ocr_carea' id='block_1_81' title="bbox 2339 2229 3909 2300">
    <p class='ocr_par' dir='ltr' id='par_1_81' title="bbox 2339 2229 3909 2300">
     <span class='ocr_line' id='line_1_81' title="bbox 2339 2229 3909 2300; baseline 0.001 -18"><span class='ocrx_word' id='word_1_665' title='bbox 2339 2246 2400 2283; x_wconf 75' lang='lat' dir='ltr'><strong>ex</strong></span> <span class='ocrx_word' id='word_1_666' title='bbox 2428 2229 2655 2284; x_wconf 85' lang='lat' dir='ltr'><strong>omnibus</strong></span> <span class='ocrx_word' id='word_1_667' title='bbox 2679 2229 2936 2298; x_wconf 85' lang='lat' dir='ltr'><strong>reptilibtts</strong></span> <span class='ocrx_word' id='word_1_668' title='bbox 2960 2230 3243 2298; x_wconf 83' lang='lat' dir='ltr'><strong>repentibus</strong></span> <span class='ocrx_word' id='word_1_669' title='bbox 3260 2247 3410 2300; x_wconf 81' lang='lat' dir='ltr'><strong>super</strong></span> <span class='ocrx_word' id='word_1_670' title='bbox 3426 2241 3610 2285; x_wconf 81' lang='lat' dir='ltr'><strong>terram</strong></span> <span class='ocrx_word' id='word_1_671' title='bbox 3636 2230 3909 2284; x_wconf 80' lang='lat' dir='ltr'><strong>secundum</strong></span> 
     </span>
    </p>
   </div>
   <div class='ocr_carea' id='block_1_82' title="bbox 2337 2321 3915 2392">
    <p class='ocr_par' dir='ltr' id='par_1_82' title="bbox 2337 2321 3915 2392">
     <span class='ocr_line' id='line_1_82' title="bbox 2337 2321 3915 2392; baseline 0 -19"><span class='ocrx_word' id='word_1_672' title='bbox 2337 2339 2513 2392; x_wconf 73' lang='lat' dir='ltr'><strong>genus.</strong></span> <span class='ocrx_word' id='word_1_673' title='bbox 2555 2321 2671 2375; x_wconf 85' lang='lat' dir='ltr'><strong>bina</strong></span> <span class='ocrx_word' id='word_1_674' title='bbox 2708 2337 2770 2376; x_wconf 74' lang='lat' dir='ltr'><strong>ea:</strong></span> <span class='ocrx_word' id='word_1_675' title='bbox 2810 2322 3038 2376; x_wconf 79' lang='lat' dir='ltr'><strong>omnibus</strong></span> <span class='ocrx_word' id='word_1_676' title='bbox 3074 2324 3331 2375; x_wconf 80' lang='lat' dir='ltr'><strong>intrabunt</strong></span> <span class='ocrx_word' id='word_1_677' title='bbox 3365 2321 3434 2374; x_wconf 78' lang='lat' dir='ltr'><strong>ad</strong></span> <span class='ocrx_word' id='word_1_678' title='bbox 3461 2331 3527 2384; x_wconf 82' lang='lat' dir='ltr'><strong>te,</strong></span> <span class='ocrx_word' id='word_1_679' title='bbox 3561 2331 3615 2373; x_wconf 80' lang='lat' dir='ltr'><strong>ut</strong></span> <span class='ocrx_word' id='word_1_680' title='bbox 3643 2329 3915 2389; x_wconf 74' lang='lat' dir='ltr'><strong>pascantur</strong></span> 
     </span>
    </p>
   </div>
   <div class='ocr_carea' id='block_1_83' title="bbox 2338 2408 3914 2482">
    <p class='ocr_par' dir='ltr' id='par_1_83' title="bbox 2338 2408 3914 2482">
     <span class='ocr_line' id='line_1_83' title="bbox 2338 2408 3914 2482; baseline 0 -18"><span class='ocrx_word' id='word_1_681' title='bbox 2338 2411 2478 2482; x_wconf 74' lang='lat' dir='ltr'><strong>apud</strong></span> <span class='ocrx_word' id='word_1_682' title='bbox 2516 2412 2848 2476; x_wconf 76' lang='lat' dir='ltr'><strong>temetipsum,</strong></span> <span class='ocrx_word' id='word_1_683' title='bbox 2893 2410 3146 2466; x_wconf 79' lang='lat' dir='ltr'><strong>masculus</strong></span> <span class='ocrx_word' id='word_1_684' title='bbox 3183 2420 3229 2464; x_wconf 82' lang='lat' dir='ltr'><strong>et</strong></span> <span class='ocrx_word' id='word_1_685' title='bbox 3258 2411 3464 2481; x_wconf 66' lang='lat' dir='ltr'><strong>(carina.</strong></span> <span class='ocrx_word' id='word_1_686' title='bbox 3496 2409 3573 2464; x_wconf 78' lang='lat' dir='ltr'><strong>Ne</strong></span> <span class='ocrx_word' id='word_1_687' title='bbox 3597 2408 3770 2466; x_wconf 84' lang='lat' dir='ltr'><strong>obiter</strong></span> <span class='ocrx_word' id='word_1_688' title='bbox 3799 2409 3914 2464; x_wconf 66' lang='lat' dir='ltr'><strong>iure</strong></span> 
     </span>
    </p>
   </div>
   <div class='ocr_carea' id='block_1_84' title="bbox 2340 2499 3916 2570">
    <p class='ocr_par' dir='ltr' id='par_1_84' title="bbox 2340 2499 3916 2570">
     <span class='ocr_line' id='line_1_84' title="bbox 2340 2499 3916 2570; baseline -0.001 -16"><span class='ocrx_word' id='word_1_689' title='bbox 2340 2501 2680 2570; x_wconf 58' lang='lat' dir='ltr'><strong>praterieris,</strong></span> <span class='ocrx_word' id='word_1_690' title='bbox 2703 2500 2932 2566; x_wconf 88' lang='lat' dir='ltr'><strong>dilecte;</strong></span> <span class='ocrx_word' id='word_1_691' title='bbox 2962 2501 3135 2569; x_wconf 88' lang='lat' dir='ltr'><strong>cogita</strong></span> <span class='ocrx_word' id='word_1_692' title='bbox 3165 2511 3417 2568; x_wconf 90' lang='lat' dir='ltr'><strong>quantum</strong></span> <span class='ocrx_word' id='word_1_693' title='bbox 3445 2501 3749 2570; x_wconf 80' lang='lat' dir='ltr'><strong>pepercrint</strong></span> <span class='ocrx_word' id='word_1_694' title='bbox 3773 2499 3916 2566; x_wconf 88' lang='lat' dir='ltr'><strong>justo</strong></span> 
     </span>
    </p>
   </div>
   <div class='ocr_carea' id='block_1_85' title="bbox 2338 2589 3917 2662">
    <p class='ocr_par' dir='ltr' id='par_1_85' title="bbox 2338 2589 3917 2662">
     <span class='ocr_line' id='line_1_85' title="bbox 2338 2589 3917 2662; baseline -0.002 -15"><span class='ocrx_word' id='word_1_695' title='bbox 2338 2607 2584 2648; x_wconf 84' lang='lat' dir='ltr'><strong>curarunt</strong></span> <span class='ocrx_word' id='word_1_696' title='bbox 2624 2592 2930 2658; x_wconf 87' lang='lat' dir='ltr'><strong>tumultum,</strong></span> <span class='ocrx_word' id='word_1_697' title='bbox 2969 2592 3219 2662; x_wconf 74' lang='lat' dir='ltr'><strong>cogitanti</strong></span> <span class='ocrx_word' id='word_1_698' title='bbox 3253 2591 3392 2660; x_wconf 89' lang='lat' dir='ltr'><strong>apud</strong></span> <span class='ocrx_word' id='word_1_699' title='bbox 3433 2606 3489 2644; x_wconf 80' lang='lat' dir='ltr'><strong>se</strong></span> <span class='ocrx_word' id='word_1_700' title='bbox 3525 2601 3776 2660; x_wconf 86' lang='lat' dir='ltr'><strong>quantam</strong></span> <span class='ocrx_word' id='word_1_701' title='bbox 3803 2589 3917 2644; x_wconf 75' lang='lat' dir='ltr'><strong>lucc</strong></span> 
     </span>
    </p>
   </div>
   <div class='ocr_carea' id='block_1_86' title="bbox 2339 2681 3915 2752">
    <p class='ocr_par' dir='ltr' id='par_1_86' title="bbox 2339 2681 3915 2752">
     <span class='ocr_line' id='line_1_86' title="bbox 2339 2681 3915 2752; baseline -0.001 -14"><span class='ocrx_word' id='word_1_702' title='bbox 2339 2685 2515 2739; x_wconf 88' lang='lat' dir='ltr'><strong>omnia</strong></span> <span class='ocrx_word' id='word_1_703' title='bbox 2539 2699 2718 2738; x_wconf 85' lang='lat' dir='ltr'><strong>curam</strong></span> <span class='ocrx_word' id='word_1_704' title='bbox 2745 2682 3038 2752; x_wconf 82' lang='lat' dir='ltr'><strong>exigerent.</strong></span> <span class='ocrx_word' id='word_1_705' title='bbox 3069 2681 3189 2737; x_wconf 82' lang='lat' dir='ltr'><strong>Non</strong></span> <span class='ocrx_word' id='word_1_706' title='bbox 3217 2682 3358 2736; x_wconf 90' lang='lat' dir='ltr'><strong>enim</strong></span> <span class='ocrx_word' id='word_1_707' title='bbox 3394 2681 3694 2739; x_wconf 69' lang='lat' dir='ltr'><strong>sufficiebat</strong></span> <span class='ocrx_word' id='word_1_708' title='bbox 3719 2681 3769 2737; x_wconf 79' lang='lat' dir='ltr'><strong>ei</strong></span> <span class='ocrx_word' id='word_1_709' title='bbox 3789 2695 3915 2738; x_wconf 88' lang='lat' dir='ltr'><strong>cura</strong></span> 
     </span>
    </p>
   </div>
   <div class='ocr_carea' id='block_1_87' title="bbox 2293 2774 3918 2838">
    <p class='ocr_par' dir='ltr' id='par_1_87' title="bbox 2293 2774 3918 2838">
     <span class='ocr_line' id='line_1_87' title="bbox 2293 2774 3918 2838; baseline -0.001 -8"><span class='ocrx_word' id='word_1_710' title='bbox 2293 2789 2296 2793; x_wconf 79' lang='lat'><strong><em>&#39;</em></strong></span> <span class='ocrx_word' id='word_1_711' title='bbox 2341 2774 2578 2831; x_wconf 83' lang='lat' dir='ltr'><strong>mulieris</strong></span> <span class='ocrx_word' id='word_1_712' title='bbox 2616 2783 2669 2830; x_wconf 89' lang='lat' dir='ltr'><strong>et</strong></span> <span class='ocrx_word' id='word_1_713' title='bbox 2710 2774 2956 2836; x_wconf 75' lang='lat' dir='ltr'><strong>(illorum.</strong></span> <span class='ocrx_word' id='word_1_714' title='bbox 3004 2782 3059 2828; x_wconf 88' lang='lat' dir='ltr'><strong>et</strong></span> <span class='ocrx_word' id='word_1_715' title='bbox 3094 2789 3346 2838; x_wconf 82' lang='lat' dir='ltr'><strong>auruum,</strong></span> <span class='ocrx_word' id='word_1_716' title='bbox 3387 2774 3481 2828; x_wconf 89' lang='lat' dir='ltr'><strong>sed</strong></span> <span class='ocrx_word' id='word_1_717' title='bbox 3515 2784 3571 2830; x_wconf 88' lang='lat' dir='ltr'><strong>et</strong></span> <span class='ocrx_word' id='word_1_718' title='bbox 3615 2774 3918 2828; x_wconf 81' lang='lat' dir='ltr'><strong>sollicitudo</strong></span> 
     </span>
    </p>
   </div>
   <div class='ocr_carea' id='block_1_88' title="bbox 2340 2863 3916 2935">
    <p class='ocr_par' dir='ltr' id='par_1_88' title="bbox 2340 2863 3916 2935">
     <span class='ocr_line' id='line_1_88' title="bbox 2340 2863 3916 2935; baseline -0.001 -15"><span class='ocrx_word' id='word_1_719' title='bbox 2340 2875 2417 2920; x_wconf 90' lang='lat' dir='ltr'><strong>tot</strong></span> <span class='ocrx_word' id='word_1_720' title='bbox 2441 2865 2712 2923; x_wconf 88' lang='lat' dir='ltr'><strong>brutorunt</strong></span> <span class='ocrx_word' id='word_1_721' title='bbox 2739 2875 2794 2918; x_wconf 90' lang='lat' dir='ltr'><strong>et</strong></span> <span class='ocrx_word' id='word_1_722' title='bbox 2821 2864 3065 2918; x_wconf 75' lang='lat' dir='ltr'><strong>educatio</strong></span> <span class='ocrx_word' id='word_1_723' title='bbox 3090 2863 3402 2920; x_wconf 83' lang='lat' dir='ltr'><strong>addebatur.</strong></span> <span class='ocrx_word' id='word_1_724' title='bbox 3427 2864 3619 2920; x_wconf 72' lang='lat' dir='ltr'><strong>Verum</strong></span> <span class='ocrx_word' id='word_1_725' title='bbox 3647 2865 3916 2935; x_wconf 70' lang='lat' dir='ltr'><strong>paulisper</strong></span> 
     </span>
    </p>
   </div>
   <div class='ocr_carea' id='block_1_89' title="bbox 2339 2953 3918 3024">
    <p class='ocr_par' dir='ltr' id='par_1_89' title="bbox 2339 2953 3918 3024">
     <span class='ocr_line' id='line_1_89' title="bbox 2339 2953 3918 3024; baseline -0.002 -15"><span class='ocrx_word' id='word_1_726' title='bbox 2339 2963 2611 3023; x_wconf 79' lang='lat' dir='ltr'><strong>exspecta,</strong></span> <span class='ocrx_word' id='word_1_727' title='bbox 2659 2953 2967 3023; x_wconf 85' lang='lat' dir='ltr'><strong>videbisqne</strong></span> <span class='ocrx_word' id='word_1_728' title='bbox 3014 2953 3107 3008; x_wconf 87' lang='lat' dir='ltr'><strong>Dei</strong></span> <span class='ocrx_word' id='word_1_729' title='bbox 3160 2953 3472 3016; x_wconf 88' lang='lat' dir='ltr'><strong>bonitatem,</strong></span> <span class='ocrx_word' id='word_1_730' title='bbox 3518 2953 3786 3024; x_wconf 85' lang='lat' dir='ltr'><strong>quomodo</strong></span> <span class='ocrx_word' id='word_1_731' title='bbox 3832 2954 3918 3008; x_wconf 84' lang='lat' dir='ltr'><strong>iu-</strong></span> 
     </span>
    </p>
   </div>
   <div class='ocr_carea' id='block_1_90' title="bbox 2337 3043 3915 3114">
    <p class='ocr_par' dir='ltr' id='par_1_90' title="bbox 2337 3043 3915 3114">
     <span class='ocr_line' id='line_1_90' title="bbox 2337 3043 3915 3114; baseline -0.003 -15"><span class='ocrx_word' id='word_1_732' title='bbox 2337 3046 2675 3102; x_wconf 78' lang='lat' dir='ltr'><strong>ctnnbentem</strong></span> <span class='ocrx_word' id='word_1_733' title='bbox 2703 3045 2846 3114; x_wconf 80' lang='lat' dir='ltr'><strong>justo</strong></span> <span class='ocrx_word' id='word_1_734' title='bbox 2874 3059 3056 3100; x_wconf 87' lang='lat' dir='ltr'><strong>curam</strong></span> <span class='ocrx_word' id='word_1_735' title='bbox 3087 3045 3241 3098; x_wconf 72' lang='lat' dir='ltr'><strong>levet.</strong></span> <span class='ocrx_word' id='word_1_736' title='bbox 3268 3045 3359 3100; x_wconf 72' lang='lat' dir='ltr'><strong>2i.</strong></span> <span class='ocrx_word' id='word_1_737' title='bbox 3392 3043 3466 3097; x_wconf 79' lang='lat' dir='ltr'><strong>Tu</strong></span> <span class='ocrx_word' id='word_1_738' title='bbox 3488 3054 3654 3097; x_wconf 79' lang='lat' dir='ltr'><strong>autem</strong></span> <span class='ocrx_word' id='word_1_739' title='bbox 3678 3044 3915 3112; x_wconf 76' lang='lat' dir='ltr'><strong>accipies,</strong></span> 
     </span>
    </p>
   </div>
   <div class='ocr_carea' id='block_1_91' title="bbox 2341 3134 3914 3207">
    <p class='ocr_par' dir='ltr' id='par_1_91' title="bbox 2341 3134 3914 3207">
     <span class='ocr_line' id='line_1_91' title="bbox 2341 3134 3914 3207; baseline -0.002 -17"><span class='ocrx_word' id='word_1_740' title='bbox 2341 3138 2527 3207; x_wconf 84' lang='lat' dir='ltr'><strong>inquit,</strong></span> <span class='ocrx_word' id='word_1_741' title='bbox 2575 3135 2662 3190; x_wconf 81' lang='lat' dir='ltr'><strong>tibi</strong></span> <span class='ocrx_word' id='word_1_742' title='bbox 2687 3136 2783 3202; x_wconf 80' lang='lat' dir='ltr'><strong>ipsi</strong></span> <span class='ocrx_word' id='word_1_743' title='bbox 2809 3135 2876 3189; x_wconf 82' lang='lat' dir='ltr'><strong>de</strong></span> <span class='ocrx_word' id='word_1_744' title='bbox 2905 3136 3133 3189; x_wconf 78' lang='lat' dir='ltr'><strong>omnibus</strong></span> <span class='ocrx_word' id='word_1_745' title='bbox 3161 3136 3303 3200; x_wconf 82' lang='lat' dir='ltr'><strong>cibis,</strong></span> <span class='ocrx_word' id='word_1_746' title='bbox 3330 3136 3392 3188; x_wconf 83' lang='lat' dir='ltr'><strong>de</strong></span> <span class='ocrx_word' id='word_1_747' title='bbox 3413 3134 3589 3204; x_wconf 75' lang='lat' dir='ltr'><strong>quibus</strong></span> <span class='ocrx_word' id='word_1_748' title='bbox 3622 3135 3882 3189; x_wconf 64' lang='lat' dir='ltr'><strong>comeditis</strong></span> <span class='ocrx_word' id='word_1_749' title='bbox 3900 3174 3914 3197; x_wconf 88' lang='lat'><strong>,</strong></span> 
     </span>
    </p>
   </div>
   <div class='ocr_carea' id='block_1_92' title="bbox 2339 3225 3915 3298">
    <p class='ocr_par' dir='ltr' id='par_1_92' title="bbox 2339 3225 3915 3298">
     <span class='ocr_line' id='line_1_92' title="bbox 2339 3225 3915 3298; baseline -0.001 -18"><span class='ocrx_word' id='word_1_750' title='bbox 2339 3239 2383 3282; x_wconf 78' lang='lat' dir='ltr'><strong>rt</strong></span> <span class='ocrx_word' id='word_1_751' title='bbox 2413 3228 2742 3298; x_wconf 80' lang='lat' dir='ltr'><strong>congregabis</strong></span> <span class='ocrx_word' id='word_1_752' title='bbox 2766 3233 2904 3293; x_wconf 76' lang='lat' dir='ltr'><strong>apud</strong></span> <span class='ocrx_word' id='word_1_753' title='bbox 2934 3228 3171 3294; x_wconf 84' lang='lat' dir='ltr'><strong>teipsum.</strong></span> <span class='ocrx_word' id='word_1_754' title='bbox 3203 3235 3248 3276; x_wconf 77' lang='lat' dir='ltr'><strong>et</strong></span> <span class='ocrx_word' id='word_1_755' title='bbox 3269 3236 3412 3279; x_wconf 75' lang='lat' dir='ltr'><strong>erant</strong></span> <span class='ocrx_word' id='word_1_756' title='bbox 3450 3225 3538 3278; x_wconf 81' lang='lat' dir='ltr'><strong>tibi</strong></span> <span class='ocrx_word' id='word_1_757' title='bbox 3567 3234 3615 3278; x_wconf 83' lang='lat' dir='ltr'><strong>et</strong></span> <span class='ocrx_word' id='word_1_758' title='bbox 3641 3225 3742 3278; x_wconf 86' lang='lat' dir='ltr'><strong>illis</strong></span> <span class='ocrx_word' id='word_1_759' title='bbox 3767 3225 3819 3278; x_wconf 83' lang='lat' dir='ltr'><strong>iu</strong></span> <span class='ocrx_word' id='word_1_760' title='bbox 3839 3226 3915 3278; x_wconf 77' lang='lat' dir='ltr'><strong>ci-</strong></span> 
     </span>
    </p>
   </div>
   <div class='ocr_carea' id='block_1_93' title="bbox 2341 3316 3917 3386">
    <p class='ocr_par' dir='ltr' id='par_1_93' title="bbox 2341 3316 3917 3386">
     <span class='ocr_line' id='line_1_93' title="bbox 2341 3316 3917 3386; baseline -0.004 -12"><span class='ocrx_word' id='word_1_761' title='bbox 2341 3323 2476 3374; x_wconf 83' lang='lat' dir='ltr'><strong>imm.</strong></span> <span class='ocrx_word' id='word_1_762' title='bbox 2507 3319 2583 3376; x_wconf 81' lang='lat' dir='ltr'><strong>Ne</strong></span> <span class='ocrx_word' id='word_1_763' title='bbox 2611 3319 2905 3383; x_wconf 82' lang='lat' dir='ltr'><strong>existimes,</strong></span> <span class='ocrx_word' id='word_1_764' title='bbox 2942 3316 3132 3386; x_wconf 89' lang='lat' dir='ltr'><strong>inquit,</strong></span> <span class='ocrx_word' id='word_1_765' title='bbox 3163 3316 3472 3371; x_wconf 88' lang='lat' dir='ltr'><strong>destitutum</strong></span> <span class='ocrx_word' id='word_1_766' title='bbox 3511 3327 3562 3371; x_wconf 90' lang='lat' dir='ltr'><strong>te</strong></span> <span class='ocrx_word' id='word_1_767' title='bbox 3590 3331 3708 3370; x_wconf 53' lang='lat' dir='ltr'><strong>mea</strong></span> <span class='ocrx_word' id='word_1_768' title='bbox 3742 3317 3917 3384; x_wconf 59' lang='grc' dir='ltr'>ιιι-ονί-</span> 
     </span>
    </p>
   </div>
   <div class='ocr_carea' id='block_1_94' title="bbox 2341 3406 3916 3477">
    <p class='ocr_par' dir='ltr' id='par_1_94' title="bbox 2341 3406 3916 3477">
     <span class='ocr_line' id='line_1_94' title="bbox 2341 3406 3916 3477; baseline -0.001 -16"><span class='ocrx_word' id='word_1_769' title='bbox 2341 3410 2514 3464; x_wconf 74' lang='grc' dir='ltr'>ιιρηιὶει</span> <span class='ocrx_word' id='word_1_770' title='bbox 2552 3411 2799 3477; x_wconf 82' lang='lat' dir='ltr'><strong>relinqui.</strong></span> <span class='ocrx_word' id='word_1_771' title='bbox 2846 3407 2979 3462; x_wconf 85' lang='lat' dir='ltr'><strong>Ecce</strong></span> <span class='ocrx_word' id='word_1_772' title='bbox 3019 3406 3159 3460; x_wconf 79' lang='lat' dir='ltr'><strong>enim</strong></span> <span class='ocrx_word' id='word_1_773' title='bbox 3189 3407 3458 3477; x_wconf 67' lang='lat' dir='ltr'><strong>praccipio,</strong></span> <span class='ocrx_word' id='word_1_774' title='bbox 3488 3417 3543 3460; x_wconf 90' lang='lat' dir='ltr'><strong>ut</strong></span> <span class='ocrx_word' id='word_1_775' title='bbox 3572 3422 3690 3474; x_wconf 76' lang='lat' dir='ltr'><strong>quze</strong></span> <span class='ocrx_word' id='word_1_776' title='bbox 3724 3415 3916 3460; x_wconf 70' lang='lat' dir='ltr'><strong>vestra:</strong></span> 
     </span>
    </p>
   </div>
   <div class='ocr_carea' id='block_1_95' title="bbox 2341 3487 3911 3569">
    <p class='ocr_par' dir='ltr' id='par_1_95' title="bbox 2341 3487 3911 3569">
     <span class='ocr_line' id='line_1_95' title="bbox 2341 3487 3911 3569; baseline -0.006 -12"><span class='ocrx_word' id='word_1_777' title='bbox 2341 3487 2603 3558; x_wconf 78' lang='lat' dir='ltr'><strong>alimonia:</strong></span> <span class='ocrx_word' id='word_1_778' title='bbox 2633 3500 2922 3564; x_wconf 78' lang='lat' dir='ltr'><strong>sufﬁciunt,</strong></span> <span class='ocrx_word' id='word_1_779' title='bbox 2949 3507 3002 3554; x_wconf 93' lang='lat' dir='ltr'><strong>et</strong></span> <span class='ocrx_word' id='word_1_780' title='bbox 3027 3513 3145 3569; x_wconf 70' lang='lat' dir='ltr'><strong>qua:</strong></span> <span class='ocrx_word' id='word_1_781' title='bbox 3171 3499 3235 3553; x_wconf 80' lang='lat' dir='ltr'><strong>ad</strong></span> <span class='ocrx_word' id='word_1_782' title='bbox 3263 3499 3450 3554; x_wconf 86' lang='lat' dir='ltr'><strong>alenda</strong></span> <span class='ocrx_word' id='word_1_783' title='bbox 3471 3501 3620 3553; x_wconf 83' lang='lat' dir='ltr'><strong>hrnta</strong></span> <span class='ocrx_word' id='word_1_784' title='bbox 3653 3505 3911 3566; x_wconf 84' lang='lat' dir='ltr'><strong>spectant,</strong></span> 
     </span>
    </p>
   </div>
   <div class='ocr_carea' id='block_1_96' title="bbox 2341 3587 3914 3652">
    <p class='ocr_par' dir='ltr' id='par_1_96' title="bbox 2341 3587 3914 3652">
     <span class='ocr_line' id='line_1_96' title="bbox 2341 3587 3914 3652; baseline -0.004 -4"><span class='ocrx_word' id='word_1_785' title='bbox 2341 3593 2518 3649; x_wconf 89' lang='lat' dir='ltr'><strong>omnia</strong></span> <span class='ocrx_word' id='word_1_786' title='bbox 2549 3592 2599 3646; x_wconf 93' lang='lat' dir='ltr'><strong>in</strong></span> <span class='ocrx_word' id='word_1_787' title='bbox 2630 3606 2808 3646; x_wconf 88' lang='lat' dir='ltr'><strong>arcam</strong></span> <span class='ocrx_word' id='word_1_788' title='bbox 2839 3591 3162 3645; x_wconf 68' lang='lat' dir='ltr'><strong>inferantur:</strong></span> <span class='ocrx_word' id='word_1_789' title='bbox 3193 3591 3263 3643; x_wconf 91' lang='lat' dir='ltr'><strong>ita</strong></span> <span class='ocrx_word' id='word_1_790' title='bbox 3290 3599 3343 3642; x_wconf 87' lang='grc' dir='ltr'><strong>ιιι</strong></span> <span class='ocrx_word' id='word_1_791' title='bbox 3371 3589 3568 3643; x_wconf 85' lang='lat' dir='ltr'><strong>nullam</strong></span> <span class='ocrx_word' id='word_1_792' title='bbox 3589 3589 3672 3643; x_wconf 83' lang='lat' dir='ltr'><strong>vel</strong></span> <span class='ocrx_word' id='word_1_793' title='bbox 3698 3587 3914 3652; x_wconf 79' lang='lat' dir='ltr'><strong>famem,</strong></span> 
     </span>
    </p>
   </div>
   <div class='ocr_carea' id='block_1_97' title="bbox 2341 3679 3914 3752">
    <p class='ocr_par' dir='ltr' id='par_1_97' title="bbox 2341 3679 3914 3752">
     <span class='ocr_line' id='line_1_97' title="bbox 2341 3679 3914 3752; baseline -0.004 -16"><span class='ocrx_word' id='word_1_794' title='bbox 2341 3685 2421 3738; x_wconf 80' lang='lat' dir='ltr'><strong>vel</strong></span> <span class='ocrx_word' id='word_1_795' title='bbox 2465 3682 2742 3752; x_wconf 82' lang='lat' dir='ltr'><strong>penuriam</strong></span> <span class='ocrx_word' id='word_1_796' title='bbox 2795 3679 3159 3750; x_wconf 80' lang='lat' dir='ltr'><strong>experiamini,</strong></span> <span class='ocrx_word' id='word_1_797' title='bbox 3212 3687 3266 3734; x_wconf 86' lang='lat' dir='ltr'><strong>et</strong></span> <span class='ocrx_word' id='word_1_798' title='bbox 3321 3694 3419 3735; x_wconf 83' lang='lat' dir='ltr'><strong>nec</strong></span> <span class='ocrx_word' id='word_1_799' title='bbox 3469 3679 3619 3732; x_wconf 86' lang='lat' dir='ltr'><strong>bruta</strong></span> <span class='ocrx_word' id='word_1_800' title='bbox 3668 3687 3914 3747; x_wconf 82' lang='lat' dir='ltr'><strong>pereant,</strong></span> 
     </span>
    </p>
   </div>
   <div class='ocr_carea' id='block_1_98' title="bbox 2342 3765 3915 3845">
    <p class='ocr_par' dir='ltr' id='par_1_98' title="bbox 2342 3765 3915 3845">
     <span class='ocr_line' id='line_1_98' title="bbox 2342 3765 3915 3845; baseline -0.005 -17"><span class='ocrx_word' id='word_1_801' title='bbox 2342 3783 2523 3845; x_wconf 87' lang='lat' dir='ltr'><strong>utpote</strong></span> <span class='ocrx_word' id='word_1_802' title='bbox 2550 3773 2726 3828; x_wconf 84' lang='lat' dir='ltr'><strong>cibum</strong></span> <span class='ocrx_word' id='word_1_803' title='bbox 2751 3787 2853 3826; x_wconf 90' lang='lat' dir='ltr'><strong>non</strong></span> <span class='ocrx_word' id='word_1_804' title='bbox 2879 3770 3128 3825; x_wconf 85' lang='lat' dir='ltr'><strong>habentia</strong></span> <span class='ocrx_word' id='word_1_805' title='bbox 3154 3769 3252 3822; x_wconf 88' lang='lat' dir='ltr'><strong>sibi</strong></span> <span class='ocrx_word' id='word_1_806' title='bbox 3275 3769 3700 3823; x_wconf 83' lang='lat' dir='ltr'><strong>convenientem.</strong></span> <span class='ocrx_word' id='word_1_807' title='bbox 3724 3768 3815 3822; x_wconf 71' lang='lat'><strong>2‘2.</strong></span> <span class='ocrx_word' id='word_1_808' title='bbox 3851 3765 3915 3820; x_wconf 78' lang='lat' dir='ltr'><strong>Et</strong></span> 
     </span>
    </p>
   </div>
   <div class='ocr_carea' id='block_1_99' title="bbox 2340 3861 3914 3938">
    <p class='ocr_par' dir='ltr' id='par_1_99' title="bbox 2340 3861 3914 3938">
     <span class='ocr_line' id='line_1_99' title="bbox 2340 3861 3914 3938; baseline -0.003 -19"><span class='ocrx_word' id='word_1_809' title='bbox 2340 3867 2475 3938; x_wconf 83' lang='lat' dir='ltr'><strong>fecit,</strong></span> <span class='ocrx_word' id='word_1_810' title='bbox 2507 3864 2693 3934; x_wconf 88' lang='lat' dir='ltr'><strong>inquit,</strong></span> <span class='ocrx_word' id='word_1_811' title='bbox 2730 3861 2844 3916; x_wconf 83' lang='lat' dir='ltr'><strong>Noe</strong></span> <span class='ocrx_word' id='word_1_812' title='bbox 2875 3863 3045 3918; x_wconf 85' lang='lat' dir='ltr'><strong>omnia</strong></span> <span class='ocrx_word' id='word_1_813' title='bbox 3068 3877 3388 3931; x_wconf 68' lang='lat' dir='ltr'><strong>quotcumque</strong></span> <span class='ocrx_word' id='word_1_814' title='bbox 3418 3861 3513 3914; x_wconf 87' lang='lat' dir='ltr'><strong>sibi</strong></span> <span class='ocrx_word' id='word_1_815' title='bbox 3537 3862 3774 3932; x_wconf 77' lang='lat' dir='ltr'><strong>pt&#39;wrepit</strong></span> <span class='ocrx_word' id='word_1_816' title='bbox 3805 3861 3914 3914; x_wconf 82' lang='lat' dir='ltr'><strong>Da-</strong></span> 
     </span>
    </p>
   </div>
   <div class='ocr_carea' id='block_1_100' title="bbox 2340 3950 3910 4023">
    <p class='ocr_par' dir='ltr' id='par_1_100' title="bbox 2340 3950 3910 4023">
     <span class='ocr_line' id='line_1_100' title="bbox 2340 3950 3910 4023; baseline -0.005 -13"><span class='ocrx_word' id='word_1_817' title='bbox 2340 3958 2505 4010; x_wconf 85' lang='lat' dir='ltr'><strong>tniuus</strong></span> <span class='ocrx_word' id='word_1_818' title='bbox 2530 3953 2772 4022; x_wconf 76' lang='lat' dir='ltr'><strong>Deus,sic</strong></span> <span class='ocrx_word' id='word_1_819' title='bbox 2793 3952 3131 4023; x_wconf 70' lang='lat' dir='ltr'><strong>[eciLVideas</strong></span> <span class='ocrx_word' id='word_1_820' title='bbox 3154 3961 3204 4006; x_wconf 90' lang='lat' dir='ltr'><strong>cl</strong></span> <span class='ocrx_word' id='word_1_821' title='bbox 3229 3951 3313 4006; x_wconf 83' lang='lat' dir='ltr'><strong>hic</strong></span> <span class='ocrx_word' id='word_1_822' title='bbox 3333 3965 3415 4006; x_wconf 81' lang='lat' dir='ltr'><strong>ent</strong></span> <span class='ocrx_word' id='word_1_823' title='bbox 3434 3953 3632 4005; x_wconf 81' lang='lat' dir='ltr'><strong>o:t.ittm</strong></span> <span class='ocrx_word' id='word_1_824' title='bbox 3655 3950 3910 4020; x_wconf 83' lang='lat' dir='ltr'><strong>amplum.</strong></span> 
     </span>
    </p>
   </div>
   <div class='ocr_carea' id='block_1_101' title="bbox 2343 4040 3914 4118">
    <p class='ocr_par' dir='ltr' id='par_1_101' title="bbox 2343 4040 3914 4118">
     <span class='ocr_line' id='line_1_101' title="bbox 2343 4040 3914 4118; baseline -0.006 -16"><span class='ocrx_word' id='word_1_825' title='bbox 2343 4047 2506 4112; x_wconf 77' lang='lat' dir='ltr'><strong>Fecit,</strong></span> <span class='ocrx_word' id='word_1_826' title='bbox 2537 4046 2726 4118; x_wconf 88' lang='lat' dir='ltr'><strong>inquit,</strong></span> <span class='ocrx_word' id='word_1_827' title='bbox 2766 4046 2936 4099; x_wconf 87' lang='lat' dir='ltr'><strong>omnia</strong></span> <span class='ocrx_word' id='word_1_828' title='bbox 2967 4058 3290 4113; x_wconf 70' lang='lat' dir='ltr'><strong>quttcumque</strong></span> <span class='ocrx_word' id='word_1_829' title='bbox 3317 4044 3556 4114; x_wconf 74' lang='lat' dir='ltr'><strong>pra‘cepit</strong></span> <span class='ocrx_word' id='word_1_830' title='bbox 3585 4043 3631 4096; x_wconf 80' lang='lat' dir='ltr'><strong>ei</strong></span> <span class='ocrx_word' id='word_1_831' title='bbox 3661 4040 3914 4095; x_wconf 78' lang='lat' dir='ltr'><strong>Dominus</strong></span> 
     </span>
    </p>
   </div>
   <div class='ocr_carea' id='block_1_102' title="bbox 2342 4131 3915 4206">
    <p class='ocr_par' dir='ltr' id='par_1_102' title="bbox 2342 4131 3915 4206">
     <span class='ocr_line' id='line_1_102' title="bbox 2342 4131 3915 4206; baseline -0.005 -13"><span class='ocrx_word' id='word_1_832' title='bbox 2342 4138 2498 4193; x_wconf 85' lang='lat' dir='ltr'><strong>Deus.</strong></span> <span class='ocrx_word' id='word_1_833' title='bbox 2537 4137 2652 4193; x_wconf 80' lang='lat' dir='ltr'><strong>Non</strong></span> <span class='ocrx_word' id='word_1_834' title='bbox 2692 4134 2832 4191; x_wconf 85' lang='lat' dir='ltr'><strong>aliud</strong></span> <span class='ocrx_word' id='word_1_835' title='bbox 2877 4135 3088 4206; x_wconf 83' lang='lat' dir='ltr'><strong>quidem</strong></span> <span class='ocrx_word' id='word_1_836' title='bbox 3117 4149 3278 4205; x_wconf 84' lang='lat' dir='ltr'><strong>opere</strong></span> <span class='ocrx_word' id='word_1_837' title='bbox 3315 4134 3725 4201; x_wconf 76' lang='lat' dir='ltr'><strong>exsequebatur,</strong></span> <span class='ocrx_word' id='word_1_838' title='bbox 3770 4131 3915 4186; x_wconf 76' lang='lat' dir='ltr'><strong>aliud</strong></span> 
     </span>
    </p>
   </div>
   <div class='ocr_carea' id='block_1_103' title="bbox 2342 4223 3917 4296">
    <p class='ocr_par' dir='ltr' id='par_1_103' title="bbox 2342 4223 3917 4296">
     <span class='ocr_line' id='line_1_103' title="bbox 2342 4223 3917 4296; baseline -0.003 -16"><span class='ocrx_word' id='word_1_839' title='bbox 2342 4236 2516 4281; x_wconf 84' lang='lat' dir='ltr'><strong>autent</strong></span> <span class='ocrx_word' id='word_1_840' title='bbox 2539 4226 2852 4296; x_wconf 82' lang='lat' dir='ltr'><strong>negligebat,</strong></span> <span class='ocrx_word' id='word_1_841' title='bbox 2890 4225 2982 4280; x_wconf 87' lang='lat' dir='ltr'><strong>sed</strong></span> <span class='ocrx_word' id='word_1_842' title='bbox 3016 4225 3191 4279; x_wconf 82' lang='lat' dir='ltr'><strong>omnia</strong></span> <span class='ocrx_word' id='word_1_843' title='bbox 3220 4239 3338 4295; x_wconf 67' lang='lat' dir='ltr'><strong>qum</strong></span> <span class='ocrx_word' id='word_1_844' title='bbox 3367 4234 3626 4295; x_wconf 59' lang='lat' dir='ltr'><strong>praecepta</strong></span> <span class='ocrx_word' id='word_1_845' title='bbox 3656 4237 3807 4278; x_wconf 79' lang='lat' dir='ltr'><strong>erant</strong></span> <span class='ocrx_word' id='word_1_846' title='bbox 3840 4223 3917 4277; x_wconf 82' lang='lat' dir='ltr'><strong>ie-</strong></span> 
     </span>
    </p>
   </div>
   <div class='ocr_carea' id='block_1_104' title="bbox 2341 4315 3916 4386">
    <p class='ocr_par' dir='ltr' id='par_1_104' title="bbox 2341 4315 3916 4386">
     <span class='ocr_line' id='line_1_104' title="bbox 2341 4315 3916 4386; baseline -0.003 -15"><span class='ocrx_word' id='word_1_847' title='bbox 2341 4318 2433 4382; x_wconf 90' lang='lat' dir='ltr'><strong>cit,</strong></span> <span class='ocrx_word' id='word_1_848' title='bbox 2473 4327 2527 4372; x_wconf 92' lang='lat' dir='ltr'><strong>et</strong></span> <span class='ocrx_word' id='word_1_849' title='bbox 2562 4315 2651 4370; x_wconf 88' lang='lat' dir='ltr'><strong>Sic</strong></span> <span class='ocrx_word' id='word_1_850' title='bbox 2682 4317 2821 4386; x_wconf 81' lang='lat' dir='ltr'><strong>fecit,</strong></span> <span class='ocrx_word' id='word_1_851' title='bbox 2848 4325 2905 4368; x_wconf 89' lang='lat' dir='ltr'><strong>ut</strong></span> <span class='ocrx_word' id='word_1_852' title='bbox 2932 4323 3194 4384; x_wconf 70' lang='lat' dir='ltr'><strong>praecepta</strong></span> <span class='ocrx_word' id='word_1_853' title='bbox 3221 4325 3374 4370; x_wconf 88' lang='lat' dir='ltr'><strong>erant</strong></span> <span class='ocrx_word' id='word_1_854' title='bbox 3395 4316 3443 4370; x_wconf 87' lang='lat' dir='ltr'><strong>ei</strong></span> <span class='ocrx_word' id='word_1_855' title='bbox 3470 4332 3487 4380; x_wconf 88' lang='lat'><strong>;</strong></span> <span class='ocrx_word' id='word_1_856' title='bbox 3513 4316 3646 4370; x_wconf 87' lang='lat' dir='ltr'><strong>nihil</strong></span> <span class='ocrx_word' id='word_1_857' title='bbox 3673 4315 3916 4369; x_wconf 81' lang='lat' dir='ltr'><strong>intermi-</strong></span> 
     </span>
    </p>
   </div>
   <div class='ocr_carea' id='block_1_105' title="bbox 2343 4403 3919 4476">
    <p class='ocr_par' dir='ltr' id='par_1_105' title="bbox 2343 4403 3919 4476">
     <span class='ocr_line' id='line_1_105' title="bbox 2343 4403 3919 4476; baseline -0.003 -13"><span class='ocrx_word' id='word_1_858' title='bbox 2343 4409 2433 4475; x_wconf 71' lang='grc' dir='ltr'><strong>εει,</strong></span> <span class='ocrx_word' id='word_1_859' title='bbox 2471 4405 2562 4460; x_wconf 90' lang='lat' dir='ltr'><strong>sed</strong></span> <span class='ocrx_word' id='word_1_860' title='bbox 2590 4407 2769 4460; x_wconf 88' lang='lat' dir='ltr'><strong>omnia</strong></span> <span class='ocrx_word' id='word_1_861' title='bbox 2799 4403 3054 4475; x_wconf 87' lang='lat' dir='ltr'><strong>implevit,</strong></span> <span class='ocrx_word' id='word_1_862' title='bbox 3077 4416 3129 4458; x_wconf 88' lang='lat' dir='ltr'><strong>et</strong></span> <span class='ocrx_word' id='word_1_863' title='bbox 3155 4405 3405 4474; x_wconf 75' lang='lat' dir='ltr'><strong>operibus</strong></span> <span class='ocrx_word' id='word_1_864' title='bbox 3431 4406 3540 4459; x_wconf 86' lang='lat' dir='ltr'><strong>suis</strong></span> <span class='ocrx_word' id='word_1_865' title='bbox 3572 4405 3837 4476; x_wconf 85' lang='lat' dir='ltr'><strong>probavit,</strong></span> <span class='ocrx_word' id='word_1_866' title='bbox 3861 4419 3919 4459; x_wconf 84' lang='lat' dir='ltr'><strong>se</strong></span> 
     </span>
    </p>
   </div>
   <div class='ocr_carea' id='block_1_106' title="bbox 2337 4494 3919 4568">
    <p class='ocr_par' dir='ltr' id='par_1_106' title="bbox 2337 4494 3919 4568">
     <span class='ocr_line' id='line_1_106' title="bbox 2337 4494 3919 4568; baseline -0.003 -16"><span class='ocrx_word' id='word_1_867' title='bbox 2337 4497 2480 4568; x_wconf 89' lang='lat' dir='ltr'><strong>juste</strong></span> <span class='ocrx_word' id='word_1_868' title='bbox 2505 4495 2874 4552; x_wconf 87' lang='lat' dir='ltr'><strong>benevolentia</strong></span> <span class='ocrx_word' id='word_1_869' title='bbox 2909 4494 3003 4549; x_wconf 88' lang='lat' dir='ltr'><strong>Dei</strong></span> <span class='ocrx_word' id='word_1_870' title='bbox 3031 4494 3303 4565; x_wconf 88' lang='lat' dir='ltr'><strong>dignatum</strong></span> <span class='ocrx_word' id='word_1_871' title='bbox 3346 4494 3524 4549; x_wconf 73' lang='lat' dir='ltr'><strong>inisse.</strong></span> <span class='ocrx_word' id='word_1_872' title='bbox 3556 4494 3784 4562; x_wconf 84' lang='lat' dir='ltr'><strong>Quantis</strong></span> <span class='ocrx_word' id='word_1_873' title='bbox 3813 4509 3919 4548; x_wconf 83' lang='lat' dir='ltr'><strong>nou</strong></span> 
     </span>
    </p>
   </div>
   <div class='ocr_carea' id='block_1_107' title="bbox 2343 4583 3920 4656">
    <p class='ocr_par' dir='ltr' id='par_1_107' title="bbox 2343 4583 3920 4656">
     <span class='ocr_line' id='line_1_107' title="bbox 2343 4583 3920 4656; baseline -0.002 -13"><span class='ocrx_word' id='word_1_874' title='bbox 2343 4587 2555 4643; x_wconf 88' lang='lat' dir='ltr'><strong>coronis</strong></span> <span class='ocrx_word' id='word_1_875' title='bbox 2574 4586 2790 4656; x_wconf 84' lang='lat' dir='ltr'><strong>dignum</strong></span> <span class='ocrx_word' id='word_1_876' title='bbox 2826 4583 2986 4639; x_wconf 79' lang='lat' dir='ltr'><strong>fuerit</strong></span> <span class='ocrx_word' id='word_1_877' title='bbox 3014 4585 3115 4639; x_wconf 90' lang='lat' dir='ltr'><strong>hoc</strong></span> <span class='ocrx_word' id='word_1_878' title='bbox 3143 4586 3526 4652; x_wconf 87' lang='lat' dir='ltr'><strong>testimonium,</strong></span> <span class='ocrx_word' id='word_1_879' title='bbox 3553 4602 3658 4656; x_wconf 90' lang='lat' dir='ltr'><strong>quo</strong></span> <span class='ocrx_word' id='word_1_880' title='bbox 3685 4601 3715 4640; x_wconf 86' lang='lat' dir='ltr'><strong>a</strong></span> <span class='ocrx_word' id='word_1_881' title='bbox 3740 4585 3920 4640; x_wconf 79' lang='lat' dir='ltr'><strong>divina</strong></span> 
     </span>
    </p>
   </div>
   <div class='ocr_carea' id='block_1_108' title="bbox 2341 4674 3918 4747">
    <p class='ocr_par' dir='ltr' id='par_1_108' title="bbox 2341 4674 3918 4747">
     <span class='ocr_line' id='line_1_108' title="bbox 2341 4674 3918 4747; baseline -0.001 -14"><span class='ocrx_word' id='word_1_882' title='bbox 2341 4678 2610 4747; x_wconf 88' lang='lat' dir='ltr'><strong>Scriptura</strong></span> <span class='ocrx_word' id='word_1_883' title='bbox 2651 4674 2843 4731; x_wconf 79' lang='lat' dir='ltr'><strong>fruitur</strong></span> <span class='ocrx_word' id='word_1_884' title='bbox 2867 4675 3041 4746; x_wconf 86' lang='lat' dir='ltr'><strong>justus</strong></span> <span class='ocrx_word' id='word_1_885' title='bbox 3070 4674 3196 4730; x_wconf 79' lang='lat' dir='ltr'><strong>ille?</strong></span> <span class='ocrx_word' id='word_1_886' title='bbox 3221 4675 3350 4743; x_wconf 81' lang='lat' dir='ltr'><strong>Quis</strong></span> <span class='ocrx_word' id='word_1_887' title='bbox 3380 4676 3481 4732; x_wconf 90' lang='lat' dir='ltr'><strong>hoc</strong></span> <span class='ocrx_word' id='word_1_888' title='bbox 3504 4675 3662 4731; x_wconf 79' lang='lat' dir='ltr'><strong>fuerit</strong></span> <span class='ocrx_word' id='word_1_889' title='bbox 3690 4678 3918 4737; x_wconf 85' lang='lat' dir='ltr'><strong>beatior.</strong></span> 
     </span>
    </p>
   </div>
   <div class='ocr_carea' id='block_1_109' title="bbox 2341 4764 3921 4839">
    <p class='ocr_par' dir='ltr' id='par_1_109' title="bbox 2341 4764 3921 4839">
     <span class='ocr_line' id='line_1_109' title="bbox 2341 4764 3921 4839; baseline 0 -18"><span class='ocrx_word' id='word_1_890' title='bbox 2341 4768 2432 4839; x_wconf 92' lang='lat' dir='ltr'><strong>qni</strong></span> <span class='ocrx_word' id='word_1_891' title='bbox 2464 4767 2645 4821; x_wconf 90' lang='lat' dir='ltr'><strong>omnia</strong></span> <span class='ocrx_word' id='word_1_892' title='bbox 2671 4780 2832 4835; x_wconf 76' lang='lat' dir='ltr'><strong>opera</strong></span> <span class='ocrx_word' id='word_1_893' title='bbox 2863 4764 3168 4833; x_wconf 65' lang='lat' dir='ltr'><strong>complevit,</strong></span> <span class='ocrx_word' id='word_1_894' title='bbox 3195 4781 3312 4835; x_wconf 73' lang='lat' dir='ltr'><strong>quae</strong></span> <span class='ocrx_word' id='word_1_895' title='bbox 3341 4766 3441 4820; x_wconf 87' lang='lat' dir='ltr'><strong>sibi</strong></span> <span class='ocrx_word' id='word_1_896' title='bbox 3461 4783 3490 4819; x_wconf 85' lang='lat' dir='ltr'><strong>a</strong></span> <span class='ocrx_word' id='word_1_897' title='bbox 3514 4766 3624 4820; x_wconf 86' lang='lat' dir='ltr'><strong>Deo</strong></span> <span class='ocrx_word' id='word_1_898' title='bbox 3653 4777 3921 4837; x_wconf 55' lang='lat' dir='ltr'><strong>praecepta</strong></span> 
     </span>
    </p>
   </div>
   <div class='ocr_carea' id='block_1_110' title="bbox 2344 4855 3919 4925">
    <p class='ocr_par' dir='ltr' id='par_1_110' title="bbox 2344 4855 3919 4925">
     <span class='ocr_line' id='line_1_110' title="bbox 2344 4855 3919 4925; baseline -0.003 -11"><span class='ocrx_word' id='word_1_899' title='bbox 2344 4859 2572 4922; x_wconf 81' lang='lat' dir='ltr'><strong>inerant,</strong></span> <span class='ocrx_word' id='word_1_900' title='bbox 2630 4865 2681 4911; x_wconf 89' lang='lat' dir='ltr'><strong>et</strong></span> <span class='ocrx_word' id='word_1_901' title='bbox 2736 4865 2935 4910; x_wconf 87' lang='lat' dir='ltr'><strong>tantant</strong></span> <span class='ocrx_word' id='word_1_902' title='bbox 2975 4855 3028 4909; x_wconf 92' lang='lat' dir='ltr'><strong>in</strong></span> <span class='ocrx_word' id='word_1_903' title='bbox 3079 4855 3144 4908; x_wconf 88' lang='lat' dir='ltr'><strong>iis</strong></span> <span class='ocrx_word' id='word_1_904' title='bbox 3181 4871 3300 4925; x_wconf 83' lang='lat' dir='ltr'><strong>qua:</strong></span> <span class='ocrx_word' id='word_1_905' title='bbox 3338 4855 3438 4911; x_wconf 88' lang='lat' dir='ltr'><strong>sibi</strong></span> <span class='ocrx_word' id='word_1_906' title='bbox 3474 4856 3732 4924; x_wconf 85' lang='lat' dir='ltr'><strong>imperata</strong></span> <span class='ocrx_word' id='word_1_907' title='bbox 3766 4866 3919 4912; x_wconf 85' lang='lat' dir='ltr'><strong>erant</strong></span> 
     </span>
    </p>
   </div>
   <div class='ocr_carea' id='block_1_111' title="bbox 2344 4945 3920 5016">
    <p class='ocr_par' dir='ltr' id='par_1_111' title="bbox 2344 4945 3920 5016">
     <span class='ocr_line' id='line_1_111' title="bbox 2344 4945 3920 5016; baseline -0.003 -11"><span class='ocrx_word' id='word_1_908' title='bbox 2344 4947 2700 5005; x_wconf 86' lang='lat' dir='ltr'><strong>obedientiam</strong></span> <span class='ocrx_word' id='word_1_909' title='bbox 2731 4945 3061 5000; x_wconf 81' lang='lat' dir='ltr'><strong>declaravit?</strong></span> <span class='ocrx_word' id='word_1_910' title='bbox 3094 4945 3158 4998; x_wconf 83' lang='lat' dir='ltr'><strong>Et</strong></span> <span class='ocrx_word' id='word_1_911' title='bbox 3189 4952 3245 4999; x_wconf 86' lang='grc' dir='ltr'><strong>ιιι</strong></span> <span class='ocrx_word' id='word_1_912' title='bbox 3288 4946 3427 5001; x_wconf 66' lang='lat' dir='ltr'><strong>scias</strong></span> <span class='ocrx_word' id='word_1_913' title='bbox 3459 4956 3652 5016; x_wconf 83' lang='lat' dir='ltr'><strong>quanta</strong></span> <span class='ocrx_word' id='word_1_914' title='bbox 3679 4949 3920 5001; x_wconf 79' lang='lat' dir='ltr'><strong>omnium</strong></span> 
     </span>
    </p>
   </div>
   <div class='ocr_carea' id='block_1_112' title="bbox 2345 5034 3923 5107">
    <p class='ocr_par' dir='ltr' id='par_1_112' title="bbox 2345 5034 3923 5107">
     <span class='ocr_line' id='line_1_112' title="bbox 2345 5034 3923 5107; baseline -0.004 -11"><span class='ocrx_word' id='word_1_915' title='bbox 2345 5037 2599 5101; x_wconf 87' lang='lat' dir='ltr'><strong>Conditor</strong></span> <span class='ocrx_word' id='word_1_916' title='bbox 2632 5036 2730 5106; x_wconf 85' lang='lat' dir='ltr'><strong>ipsi</strong></span> <span class='ocrx_word' id='word_1_917' title='bbox 2768 5034 2978 5107; x_wconf 73' lang='lat' dir='ltr'><strong>prazl’ari</strong></span> <span class='ocrx_word' id='word_1_918' title='bbox 3003 5034 3249 5104; x_wconf 87' lang='lat' dir='ltr'><strong>dignatus</strong></span> <span class='ocrx_word' id='word_1_919' title='bbox 3273 5035 3362 5099; x_wconf 88' lang='lat' dir='ltr'><strong>sit,</strong></span> <span class='ocrx_word' id='word_1_920' title='bbox 3391 5035 3512 5089; x_wconf 86' lang='lat' dir='ltr'><strong>audi</strong></span> <span class='ocrx_word' id='word_1_921' title='bbox 3539 5052 3659 5104; x_wconf 75' lang='lat' dir='ltr'><strong>qua:</strong></span> <span class='ocrx_word' id='word_1_922' title='bbox 3689 5052 3923 5107; x_wconf 87' lang='lat' dir='ltr'><strong>sequun-</strong></span> 
     </span>
    </p>
   </div>
   <div class='ocr_carea' id='block_1_113' title="bbox 2347 5123 3926 5198">
    <p class='ocr_par' dir='ltr' id='par_1_113' title="bbox 2347 5123 3926 5198">
     <span class='ocr_line' id='line_1_113' title="bbox 2347 5123 3926 5198; baseline -0.002 -14"><span class='ocrx_word' id='word_1_923' title='bbox 2347 5139 2450 5185; x_wconf 83' lang='lat' dir='ltr'><strong>tur.</strong></span> <span class='ocrx_word' id='word_1_924' title='bbox 2479 5127 2534 5184; x_wconf 78' lang='grc' dir='ltr'><strong>Ι.</strong></span> <span class='ocrx_word' id='word_1_925' title='bbox 2558 5126 2621 5180; x_wconf 77' lang='lat' dir='ltr'><strong>Et</strong></span> <span class='ocrx_word' id='word_1_926' title='bbox 2647 5126 2798 5193; x_wconf 73' lang='lat' dir='ltr'><strong>dixit,</strong></span> <span class='ocrx_word' id='word_1_927' title='bbox 2818 5126 3007 5195; x_wconf 89' lang='lat' dir='ltr'><strong>inquit,</strong></span> <span class='ocrx_word' id='word_1_928' title='bbox 3031 5123 3281 5179; x_wconf 81' lang='lat' dir='ltr'><strong>Dominus</strong></span> <span class='ocrx_word' id='word_1_929' title='bbox 3309 5124 3448 5179; x_wconf 79' lang='lat' dir='ltr'><strong>Deus</strong></span> <span class='ocrx_word' id='word_1_930' title='bbox 3466 5127 3534 5177; x_wconf 84' lang='lat' dir='ltr'><strong>ad</strong></span> <span class='ocrx_word' id='word_1_931' title='bbox 3564 5123 3677 5178; x_wconf 79' lang='lat' dir='ltr'><strong>Noe</strong></span> <span class='ocrx_word' id='word_1_932' title='bbox 3694 5142 3712 5179; x_wconf 92' lang='lat'><em>:</em></span> <span class='ocrx_word' id='word_1_933' title='bbox 3738 5126 3926 5198; x_wconf 79' lang='lat' dir='ltr'><strong>Ingre-</strong></span> 
     </span>
    </p>
   </div>
   <div class='ocr_carea' id='block_1_114' title="bbox 2347 5215 3925 5290">
    <p class='ocr_par' dir='ltr' id='par_1_114' title="bbox 2347 5215 3925 5290">
     <span class='ocr_line' id='line_1_114' title="bbox 2347 5215 3925 5290; baseline 0.001 -19"><span class='ocrx_word' id='word_1_934' title='bbox 2347 5218 2464 5272; x_wconf 81' lang='lat' dir='ltr'><strong>dere</strong></span> <span class='ocrx_word' id='word_1_935' title='bbox 2485 5227 2539 5271; x_wconf 83' lang='lat' dir='ltr'><strong>tu</strong></span> <span class='ocrx_word' id='word_1_936' title='bbox 2565 5228 2610 5290; x_wconf 70' lang='lat' dir='ltr'><strong>et</strong></span> <span class='ocrx_word' id='word_1_937' title='bbox 2638 5217 2800 5270; x_wconf 84' lang='lat' dir='ltr'><strong>omnis</strong></span> <span class='ocrx_word' id='word_1_938' title='bbox 2823 5215 3004 5270; x_wconf 84' lang='lat' dir='ltr'><strong>domus</strong></span> <span class='ocrx_word' id='word_1_939' title='bbox 3030 5225 3116 5266; x_wconf 79' lang='lat' dir='ltr'><strong>tua</strong></span> <span class='ocrx_word' id='word_1_940' title='bbox 3144 5216 3196 5267; x_wconf 86' lang='lat' dir='ltr'><strong>in</strong></span> <span class='ocrx_word' id='word_1_941' title='bbox 3217 5230 3389 5267; x_wconf 83' lang='lat' dir='ltr'><strong>arcam</strong></span> <span class='ocrx_word' id='word_1_942' title='bbox 3414 5215 3577 5287; x_wconf 80' lang='lat' dir='ltr'><strong>(Cap.</strong></span> <span class='ocrx_word' id='word_1_943' title='bbox 3603 5215 3688 5285; x_wconf 84' lang='grc'><strong>⁸1).</strong></span> <span class='ocrx_word' id='word_1_944' title='bbox 3724 5216 3925 5273; x_wconf 83' lang='lat' dir='ltr'><strong>Deinde</strong></span> 
     </span>
    </p>
   </div>
   <div class='ocr_carea' id='block_1_115' title="bbox 2350 5296 3924 5377">
    <p class='ocr_par' dir='ltr' id='par_1_115' title="bbox 2350 5296 3924 5377">
     <span class='ocr_line' id='line_1_115' title="bbox 2350 5296 3924 5377; baseline 0 -13"><span class='ocrx_word' id='word_1_945' title='bbox 2350 5320 2407 5377; x_wconf 88' lang='lat' dir='ltr'><strong>ut</strong></span> <span class='ocrx_word' id='word_1_946' title='bbox 2423 5311 2653 5365; x_wconf 89' lang='lat' dir='ltr'><strong>sciamus</strong></span> <span class='ocrx_word' id='word_1_947' title='bbox 2672 5296 2845 5376; x_wconf 74' lang='lat' dir='ltr'><strong>ipsum</strong></span> <span class='ocrx_word' id='word_1_948' title='bbox 2865 5321 2969 5360; x_wconf 88' lang='lat' dir='ltr'><strong>non</strong></span> <span class='ocrx_word' id='word_1_949' title='bbox 2991 5307 3155 5375; x_wconf 89' lang='lat' dir='ltr'><strong>gratia</strong></span> <span class='ocrx_word' id='word_1_950' title='bbox 3179 5305 3449 5360; x_wconf 77' lang='lat' dir='ltr'><strong>dumtaxat</strong></span> <span class='ocrx_word' id='word_1_951' title='bbox 3466 5306 3666 5375; x_wconf 86' lang='lat' dir='ltr'><strong>justum</strong></span> <span class='ocrx_word' id='word_1_952' title='bbox 3685 5323 3924 5372; x_wconf 74' lang='lat' dir='ltr'><strong>servare,</strong></span> 
     </span>
    </p>
   </div>
   <div class='ocr_carea' id='block_1_116' title="bbox 2351 5393 3926 5468">
    <p class='ocr_par' dir='ltr' id='par_1_116' title="bbox 2351 5393 3926 5468">
     <span class='ocr_line' id='line_1_116' title="bbox 2351 5393 3926 5468; baseline -0.002 -14"><span class='ocrx_word' id='word_1_953' title='bbox 2351 5398 2442 5454; x_wconf 83' lang='lat' dir='ltr'><strong>sed</strong></span> <span class='ocrx_word' id='word_1_954' title='bbox 2490 5406 2544 5452; x_wconf 76' lang='lat' dir='ltr'><strong>et</strong></span> <span class='ocrx_word' id='word_1_955' title='bbox 2586 5397 2826 5452; x_wconf 87' lang='lat' dir='ltr'><strong>laborum</strong></span> <span class='ocrx_word' id='word_1_956' title='bbox 2880 5393 3153 5449; x_wconf 84' lang='lat' dir='ltr'><strong>mercedes</strong></span> <span class='ocrx_word' id='word_1_957' title='bbox 3192 5395 3313 5465; x_wconf 87' lang='lat' dir='ltr'><strong>ipsi,</strong></span> <span class='ocrx_word' id='word_1_958' title='bbox 3357 5406 3411 5450; x_wconf 88' lang='lat' dir='ltr'><strong>et</strong></span> <span class='ocrx_word' id='word_1_959' title='bbox 3454 5395 3668 5451; x_wconf 80' lang='lat' dir='ltr'><strong>virtutis</strong></span> <span class='ocrx_word' id='word_1_960' title='bbox 3708 5399 3926 5468; x_wconf 76' lang='lat' dir='ltr'><strong>przcmia</strong></span> 
     </span>
    </p>
   </div>
   <div class='ocr_carea' id='block_1_117' title="bbox 2353 5486 3927 5555">
    <p class='ocr_par' dir='ltr' id='par_1_117' title="bbox 2353 5486 3927 5555">
     <span class='ocr_line' id='line_1_117' title="bbox 2353 5486 3927 5555; baseline -0.001 -10"><span class='ocrx_word' id='word_1_961' title='bbox 2353 5492 2600 5554; x_wconf 83' lang='lat' dir='ltr'><strong>tribuere,</strong></span> <span class='ocrx_word' id='word_1_962' title='bbox 2646 5488 2792 5544; x_wconf 89' lang='lat' dir='ltr'><strong>dicit:</strong></span> <span class='ocrx_word' id='word_1_963' title='bbox 2837 5486 2964 5542; x_wconf 86' lang='lat' dir='ltr'><strong>ideo</strong></span> <span class='ocrx_word' id='word_1_964' title='bbox 3005 5487 3093 5540; x_wconf 89' lang='lat' dir='ltr'><strong>tibi</strong></span> <span class='ocrx_word' id='word_1_965' title='bbox 3123 5487 3344 5555; x_wconf 88' lang='lat' dir='ltr'><strong>impero,</strong></span> <span class='ocrx_word' id='word_1_966' title='bbox 3374 5499 3430 5542; x_wconf 93' lang='lat' dir='ltr'><strong>ut</strong></span> <span class='ocrx_word' id='word_1_967' title='bbox 3461 5498 3518 5542; x_wconf 77' lang='lat' dir='ltr'><strong>tu</strong></span> <span class='ocrx_word' id='word_1_968' title='bbox 3541 5498 3597 5544; x_wconf 89' lang='lat' dir='ltr'><strong>et</strong></span> <span class='ocrx_word' id='word_1_969' title='bbox 3626 5489 3820 5544; x_wconf 89' lang='lat' dir='ltr'><strong>domus</strong></span> <span class='ocrx_word' id='word_1_970' title='bbox 3842 5501 3927 5545; x_wconf 87' lang='lat' dir='ltr'><strong>tua</strong></span> 
     </span>
    </p>
   </div>
   <div class='ocr_carea' id='block_1_118' title="bbox 2350 5577 3928 5648">
    <p class='ocr_par' dir='ltr' id='par_1_118' title="bbox 2350 5577 3928 5648">
     <span class='ocr_line' id='line_1_118' title="bbox 2350 5577 3928 5648; baseline -0.003 -12"><span class='ocrx_word' id='word_1_971' title='bbox 2350 5582 2526 5636; x_wconf 89' lang='lat' dir='ltr'><strong>omnis</strong></span> <span class='ocrx_word' id='word_1_972' title='bbox 2554 5581 2604 5633; x_wconf 92' lang='lat' dir='ltr'><strong>iu</strong></span> <span class='ocrx_word' id='word_1_973' title='bbox 2635 5593 2812 5633; x_wconf 85' lang='lat' dir='ltr'><strong>arcam</strong></span> <span class='ocrx_word' id='word_1_974' title='bbox 2841 5577 3229 5646; x_wconf 83' lang='lat' dir='ltr'><strong>ingrediamini.</strong></span> <span class='ocrx_word' id='word_1_975' title='bbox 3266 5577 3397 5640; x_wconf 74' lang='lat' dir='ltr'><strong>Quia</strong></span> <span class='ocrx_word' id='word_1_976' title='bbox 3423 5588 3468 5630; x_wconf 86' lang='lat' dir='ltr'><strong>te</strong></span> <span class='ocrx_word' id='word_1_977' title='bbox 3490 5578 3590 5630; x_wconf 77' lang='lat' dir='ltr'><strong>vidi</strong></span> <span class='ocrx_word' id='word_1_978' title='bbox 3615 5580 3815 5648; x_wconf 70' lang='lat' dir='ltr'><strong>justum</strong></span> <span class='ocrx_word' id='word_1_979' title='bbox 3839 5595 3928 5633; x_wconf 80' lang='lat' dir='ltr'><strong>co-</strong></span> 
     </span>
    </p>
   </div>
   <div class='ocr_carea' id='block_1_119' title="bbox 2350 5665 3930 5740">
    <p class='ocr_par' dir='ltr' id='par_1_119' title="bbox 2350 5665 3930 5740">
     <span class='ocr_line' id='line_1_119' title="bbox 2350 5665 3930 5740; baseline -0.002 -15"><span class='ocrx_word' id='word_1_980' title='bbox 2350 5688 2462 5725; x_wconf 86' lang='lat' dir='ltr'><strong>ram</strong></span> <span class='ocrx_word' id='word_1_981' title='bbox 2487 5687 2564 5724; x_wconf 80' lang='lat' dir='ltr'><strong>me</strong></span> <span class='ocrx_word' id='word_1_982' title='bbox 2589 5669 2642 5722; x_wconf 80' lang='lat' dir='ltr'><strong>in</strong></span> <span class='ocrx_word' id='word_1_983' title='bbox 2675 5667 2992 5740; x_wconf 79' lang='lat' dir='ltr'><strong>generatione</strong></span> <span class='ocrx_word' id='word_1_984' title='bbox 3027 5667 3144 5720; x_wconf 82' lang='lat' dir='ltr'><strong>ista.</strong></span> <span class='ocrx_word' id='word_1_985' title='bbox 3185 5665 3429 5736; x_wconf 77' lang='lat' dir='ltr'><strong>Magnum</strong></span> <span class='ocrx_word' id='word_1_986' title='bbox 3473 5675 3528 5722; x_wconf 90' lang='lat' dir='ltr'><strong>et</strong></span> <span class='ocrx_word' id='word_1_987' title='bbox 3570 5667 3675 5722; x_wconf 75' lang='lat' dir='ltr'><strong>fide</strong></span> <span class='ocrx_word' id='word_1_988' title='bbox 3711 5667 3930 5739; x_wconf 86' lang='lat' dir='ltr'><strong>dignum</strong></span> 
     </span>
    </p>
   </div>
   <div class='ocr_carea' id='block_1_120' title="bbox 2354 5759 3931 5832">
    <p class='ocr_par' dir='ltr' id='par_1_120' title="bbox 2354 5759 3931 5832">
     <span class='ocr_line' id='line_1_120' title="bbox 2354 5759 3931 5832; baseline -0.002 -12"><span class='ocrx_word' id='word_1_989' title='bbox 2354 5762 2735 5820; x_wconf 84' lang='lat' dir='ltr'><strong>testimonium.</strong></span> <span class='ocrx_word' id='word_1_990' title='bbox 2767 5759 2902 5828; x_wconf 83' lang='lat' dir='ltr'><strong>Quid</strong></span> <span class='ocrx_word' id='word_1_991' title='bbox 2945 5759 3084 5815; x_wconf 88' lang='lat' dir='ltr'><strong>enim</strong></span> <span class='ocrx_word' id='word_1_992' title='bbox 3127 5759 3226 5814; x_wconf 88' lang='lat' dir='ltr'><strong>hoc</strong></span> <span class='ocrx_word' id='word_1_993' title='bbox 3263 5761 3432 5828; x_wconf 83' lang='lat' dir='ltr'><strong>majus</strong></span> <span class='ocrx_word' id='word_1_994' title='bbox 3471 5771 3634 5824; x_wconf 88' lang='lat' dir='ltr'><strong>esset,</strong></span> <span class='ocrx_word' id='word_1_995' title='bbox 3660 5775 3785 5816; x_wconf 89' lang='lat' dir='ltr'><strong>cum</strong></span> <span class='ocrx_word' id='word_1_996' title='bbox 3818 5762 3931 5832; x_wconf 86' lang='lat' dir='ltr'><strong>ipse</strong></span> 
     </span>
    </p>
   </div>
   <div class='ocr_carea' id='block_1_121' title="bbox 2355 5849 3935 5925">
    <p class='ocr_par' dir='ltr' id='par_1_121' title="bbox 2355 5849 3935 5925">
     <span class='ocr_line' id='line_1_121' title="bbox 2355 5849 3935 5925; baseline -0.008 -13"><span class='ocrx_word' id='word_1_997' title='bbox 2355 5855 2628 5925; x_wconf 87' lang='lat' dir='ltr'><strong>Conditor,</strong></span> <span class='ocrx_word' id='word_1_998' title='bbox 2658 5862 2715 5911; x_wconf 89' lang='lat' dir='ltr'><strong>et</strong></span> <span class='ocrx_word' id='word_1_999' title='bbox 2736 5853 2826 5924; x_wconf 80' lang='lat' dir='ltr'><strong>qui</strong></span> <span class='ocrx_word' id='word_1_1000' title='bbox 2853 5867 2974 5908; x_wconf 86' lang='lat' dir='ltr'><strong>eum</strong></span> <span class='ocrx_word' id='word_1_1001' title='bbox 3002 5862 3058 5908; x_wconf 90' lang='lat' dir='ltr'><strong>ut</strong></span> <span class='ocrx_word' id='word_1_1002' title='bbox 3076 5863 3219 5909; x_wconf 87' lang='lat' dir='ltr'><strong>esset</strong></span> <span class='ocrx_word' id='word_1_1003' title='bbox 3251 5852 3517 5923; x_wconf 78' lang='lat' dir='ltr'><strong>produxit,</strong></span> <span class='ocrx_word' id='word_1_1004' title='bbox 3549 5851 3671 5908; x_wconf 81' lang='lat' dir='ltr'><strong>talia</strong></span> <span class='ocrx_word' id='word_1_1005' title='bbox 3697 5852 3766 5908; x_wconf 89' lang='lat' dir='ltr'><strong>de</strong></span> <span class='ocrx_word' id='word_1_1006' title='bbox 3779 5849 3935 5920; x_wconf 80' lang='lat' dir='ltr'><strong>justo</strong></span> 
     </span>
    </p>
   </div>
  </div>
