4080 6502
227 474 338 531 ῑιδ

227 584 571 654 pronuntiat?
604 584 735 651 Quia
773 593 820 637 te
855 581 954 634 vidi
989 580 1206 650 justum,
1259 578 1447 648 inquit,
1490 591 1662 630 coram
1706 589 1804 627 me.

232 681 370 732 Vera
418 677 534 732 lucc
577 677 743 730 virtus
779 682 881 738 est,
914 670 1130 742 quando
1167 684 1348 725 coram
1382 668 1493 724 Deo
1521 668 1639 737 quis
1669 667 1808 720 illam

224 766 468 826 exhibet.
497 765 710 834 quando
751 762 938 817 oculus
974 761 1064 816 ille
1092 762 1181 830 qui
1213 758 1386 828 decipi
1419 758 1619 826 nequit,
1655 771 1809 810 suum

225 856 331 912 fert
361 855 643 910 calculum.
676 854 809 908 Exin
837 853 1035 908 docens
1069 865 1166 906 nos
1199 849 1457 919 benignus
1489 849 1626 902 Deus
1654 861 1806 899 tuen-

222 962 405 1002 suram
446 946 674 1009 virtutis,
702 955 894 1014 quanta
923 953 1048 998 tunc
1072 943 1139 998 ab
1163 942 1307 1011 justo
1335 939 1644 1010 exigebatur
1665 938 1685 1003 (
1704 953 1811 992 non

223 1038 369 1093 enim
409 1024 652 1093 eamdem
690 1036 900 1090 virtutis
937 1049 1240 1090 mensuram
1269 1031 1339 1086 ab
1363 1031 1610 1087 omnibus
1634 1029 1811 1084 θίγω-ι

227 1130 359 1194 vult,
388 1129 482 1184 sed
511 1144 608 1199 pro
651 1128 906 1182 varietate
957 1137 1254 1193 temporum
1298 1123 1511 1176 virtutis
1553 1120 1812 1176 ὤσει-επι-

225 1221 354 1274 tiam
378 1218 643 1288 requirit),
673 1218 837 1272 dicit:
872 1215 1006 1282 Qui:
1035 1225 1080 1269 te
1101 1213 1201 1267 vidi
1219 1221 1420 1284 justum
1455 1228 1627 1266 coram
1658 1226 1736 1264 me
1758 1211 1811 1263 in

224 1308 550 1380 generatione
577 1308 694 1370 ista,
726 1322 846 1377 qna:
875 1316 979 1360 tam
1011 1304 1168 1367 mala,
1201 1319 1319 1374 qua:
1350 1304 1402 1357 iu
1435 1311 1633 1356 tantam
1662 1300 1814 1355 mali-

224 1404 354 1454 tiam
404 1397 708 1463 declinavit,
743 1412 863 1467 qua:
903 1405 1008 1450 tam
1053 1395 1317 1463 ingratum
1345 1393 1580 1447 animum
1610 1407 1721 1461 pne
1755 1404 1814 1444 so

226 1490 348 1545 l‘ert.
377 1488 450 1544 Te
477 1489 579 1543 vidi
598 1490 818 1561 justum,
850 1496 902 1542 te
928 1488 1099 1541 solum
1141 1486 1318 1540 inveni
1357 1493 1590 1554 gratum,
1629 1490 1680 1537 te
1706 1481 1811 1537 vidi

226 1581 437 1635 virtutis
480 1580 738 1635 rationem
772 1577 1003 1632 habere:
1036 1585 1090 1630 tu
1122 1575 1271 1630 solus
1308 1588 1490 1629 coram
1531 1588 1616 1626 me
1635 1571 1813 1642 justus

221 1672 536 1744 apparuisti,
583 1669 830 1726 omnibus
871 1669 990 1723 aliis
1036 1667 1413 1737 pereuntibus,
1443 1664 1685 1733 tejubeo
1727 1663 1812 1716 iti-

223 1764 376 1834 gredi
405 1777 526 1820 cum
551 1763 698 1817 omni
734 1761 894 1816 domo
931 1769 1017 1814 tua
1059 1760 1108 1812 in
1139 1774 1359 1818 aream;
1393 1772 1459 1812 ex
1495 1755 1812 1810 animalibus

225 1855 372 1924 puris
393 1853 558 1923 jubeo
588 1864 638 1907 te
668 1849 1006 1906 introducere
1048 1859 1286 1917 septena.
1319 1848 1451 1916 Quia
1483 1847 1628 1916 prius
1657 1845 1811 1901 inde-

225 1945 374 2000 ﬁnite
408 1949 732 2014 praeceperat
764 1957 832 1995 ex
886 1939 1135 1994 omnibus
1167 1954 1262 2009 par
1304 1953 1466 1992 unum
1506 1935 1810 1991 introduci:

226 2046 449 2108 propter
480 2036 582 2091 hoc
609 2049 749 2089 nunc
769 2033 928 2089 dicit:
959 2031 1012 2086 2.
1043 2030 1125 2086 Ea:
1146 2030 1286 2100 puris
1308 2040 1476 2084 autent
1497 2039 1722 2101 septena,
1751 2046 1813 2084 ea:

223 2128 437 2198 impuris
465 2142 581 2181 vero
618 2125 758 2190 bina,
810 2123 1090 2177 masculum
1130 2131 1178 2176 et
1211 2122 1472 2192 feminam.
1506 2121 1694 2176 Postea
1717 2136 1814 2176 au-

227 2232 336 2275 tem
377 2233 591 2274 causam
634 2216 855 2279 docens,
886 2212 1094 2268 subdit:
1128 2213 1180 2268 3.
1214 2210 1281 2267 Ut
1310 2214 1503 2266 nutrias
1529 2227 1694 2266 semen
1723 2229 1813 2266 su-

227 2329 317 2382 per
345 2327 539 2366 onmem
568 2321 773 2363 tetram.
824 2306 1013 2376 Opera:
1064 2304 1291 2374 pretium
1335 2313 1513 2358 autem
1554 2302 1657 2358 hoc
1693 2303 1814 2357 loco

228 2405 388 2460 fuerit
432 2403 699 2473 inquirere
740 2410 796 2457 et
839 2399 1020 2455 videre
1053 2397 1193 2452 unde
1220 2396 1644 2466 sciebatjustns,
1667 2412 1814 2466 qna:-

229 2513 352 2552 nam
385 2511 536 2566 pura,
570 2509 813 2566 quamam
841 2493 1069 2561 impura.
1101 2489 1347 2545 Nondum
1388 2489 1532 2543 enim
1575 2498 1694 2543 erat
1722 2487 1809 2542 di-

227 2588 443 2643 stinetio
473 2588 586 2642 haec
615 2586 773 2648 facta,
803 2599 963 2655 quam
993 2591 1177 2653 postea
1209 2581 1382 2636 Moses
1415 2578 1618 2637 Judtnis
1648 2580 1703 2634 in
1730 2580 1810 2636 le-

227 2680 383 2750 gibus
414 2678 525 2734 suis
552 2677 754 2732 statuit.
781 2675 931 2732 Unde
956 2689 1004 2728 ei
1019 2688 1085 2743 go
1114 2671 1349 2726 sciebat?
1371 2672 1414 2724 Α
1436 2670 1638 2741 seipse,
1671 2669 1813 2724 etab

229 2771 388 2824 insita
425 2780 627 2822 natura:
675 2782 786 2822 suae
830 2765 1092 2829 doctrina,
1123 2778 1281 2833 quam
1313 2770 1368 2815 et
1405 2761 1542 2816 ratio
1571 2760 1809 2816 dictavit.

229 2861 368 2918 Nihil
395 2861 536 2914 enim
565 2857 892 2914 immundum
910 2872 978 2912 ex
1009 2855 1072 2910 iis
1103 2870 1221 2922 qua:
1246 2854 1385 2908 Deus
1411 2851 1554 2908 fecit.
1580 2853 1697 2919 Quo
1718 2869 1812 2923 pa-

228 2965 317 3010 cto
349 2953 492 3008 enim
545 2947 869 3004 immundam
924 2959 1239 3001 vocaremus
1281 2945 1442 2998 ullam
1489 2958 1811 3008 creaturam,

227 3062 350 3116 qua:
376 3043 541 3100 semel
573 3056 803 3110 superne
830 3055 859 3093 a
885 3038 1172 3094 Conditore
1200 3036 1490 3106 approbata
1514 3034 1646 3089 fuit?
1675 3035 1816 3089 Dixit

227 3137 373 3192 enim
402 3135 579 3188 divina
607 3133 914 3203 Scriptura:
957 3129 1090 3181 Vidit
1123 3127 1255 3179 Deus
1291 3127 1461 3180 omnia
1489 3141 1817 3195 quwcumquc

230 3229 385 3299 fecit,
419 3235 464 3278 et
512 3241 621 3278 ecce
663 3223 793 3276 bona
837 3221 983 3275 valde
1019 3219 1170 3286 (Gen.
1219 3220 1266 3272 i.
1319 3217 1432 3285 51).
1477 3215 1581 3270 Sed
1631 3222 1813 3284 postea

230 3331 419 3374 natura
450 3333 478 3370 a
505 3317 678 3385 Scipsa
717 3315 855 3368 hanc
891 3312 1243 3367 differentiam
1270 3309 1528 3366 exhibuit.
1564 3307 1628 3362 Et
1658 3314 1714 3360 ut
1736 3307 1812 3359 vi-

229 3412 362 3466 deas
402 3409 502 3462 hoc
555 3423 674 3462 esse
716 3422 923 3467 verum,
958 3403 1234 3460 considera
1270 3401 1539 3472 quomodo
1584 3401 1635 3454 in
1678 3415 1814 3452 non-

233 3505 395 3558 nullis
423 3502 552 3556 locis
573 3500 639 3553 ab
661 3498 924 3568 aliquibus
955 3497 1224 3551 abstinent
1253 3493 1414 3563 aliqui
1443 3501 1498 3546 ιιι
1525 3489 1815 3546 immundis

230 3605 290 3653 et
321 3611 425 3650 non
463 3593 719 3663 probatis,
752 3590 910 3660 aliqui
953 3589 1055 3643 illis
1099 3586 1225 3657 ipsis
1255 3593 1559 3648 vescuntur,
1588 3596 1816 3637 consue-

234 3686 420 3743 tudine
451 3686 590 3754 ipsos
623 3683 686 3736 ad
722 3682 821 3736 hoc
853 3680 1156 3736 inducente.
1201 3678 1290 3733 Sic
1337 3686 1392 3732 ct
1440 3685 1565 3730 tunc
1605 3687 1817 3744 quoque

233 3779 349 3851 ipsa
378 3777 597 3833 scientia
625 3775 767 3846 justo
792 3774 968 3836 insita,
995 3770 1218 3824 docebat
1243 3783 1486 3838 q-nenztm
1522 3765 1590 3820 ad
1632 3764 1814 3820 cibum

231 3867 596 3930 accommoda,
629 3876 681 3920 et
715 3879 833 3935 qua:
861 3860 1152 3926 immundi,
1186 3875 1290 3913 ιιοι
1321 3859 1462 3929 quod
1504 3859 1577 3911 ita
1606 3862 1813 3920 essent,

237 3961 336 4017 sed
356 3957 498 4028 quod
515 3973 611 4026 pro
631 3955 1288 4011 immundishaberentur.
1316 3952 1435 4019 Qua
1451 3948 1594 4003 enim
1607 3947 1672 4001 de
1694 3961 1820 4001 cau-

237 4066 322 4114 sa,
354 4050 457 4114 die,
490 4063 608 4112 oro,
640 4049 846 4101 asinum
888 4043 1216 4099 immundum
1243 4056 1544 4102 censemus,
1576 4038 1819 4109 quamvis

233 4141 530 4198 seminibus
562 4147 760 4192 tantum
801 4144 1066 4207 pascatur,
1097 4134 1195 4188 alia
1239 4141 1414 4188 autem
1456 4128 1814 4201 quadrnpedia

235 4233 360 4289 cibo
403 4228 772 4286 convenientia
825 4237 1090 4296 putamus,
1142 4223 1352 4280 etiamsi
1398 4219 1672 4276 imnmndo
1718 4219 1817 4273 ali-

238 4329 421 4379 mento
446 4318 763 4391 pascantur?
785 4316 858 4372 Ita
887 4315 1110 4370 scientia
1139 4329 1167 4368 a
1207 4316 1315 4369 Deo
1343 4321 1546 4367 natura
1565 4309 1818 4380 suppedi-

238 4422 349 4470 tata
372 4412 488 4467 hmc
512 4411 756 4467 docebat.
796 4409 982 4464 Posset
1020 4416 1195 4460 autem
1237 4415 1290 4460 ct
1329 4404 1486 4458 aliter
1514 4403 1616 4457 dici
1645 4421 1656 4457 :
1686 4401 1819 4470 Quia

240 4506 381 4559 heus
407 4502 492 4572 qui
521 4497 1019 4570 praceperamdem
1042 4496 1201 4550 etiam
1227 4495 1433 4548 illorum
1462 4493 1818 4561 cognitionem

235 4597 286 4650 ci
313 4594 521 4649 indidit.
550 4592 814 4647 Caeterum
844 4589 912 4645 de
937 4588 1151 4642 mundis
1178 4603 1240 4642 ac
1268 4585 1557 4640 immundis
1587 4587 1717 4640 satis
1742 4583 1813 4639 div

237 4697 385 4742 ctum
414 4693 515 4739 εει.

311 4779 364 4834 6.
409 4777 581 4843 Quare
598 4790 659 4828 ea:
679 4771 951 4827 immundis
971 4769 1107 4834 bina,
1125 4785 1189 4823 ea:
1202 4768 1400 4822 mundis
1415 4776 1578 4822 autem
1595 4775 1819 4836 septena.

239 4873 526 4928 -—-\'erum
556 4869 766 4923 interim
797 4867 898 4920 alia
933 4882 1052 4920 sese
1091 4860 1247 4918 utiert
1283 4863 1507 4933 qtucstio
1535 4879 1547 4916 :
1571 4876 1735 4930 quare
1757 4875 1822 4915 ex

241 4962 531 5022 immundis
562 4960 704 5025 bina,
754 4974 818 5013 ex
851 4956 1059 5010 mundis
1077 4964 1253 5008 autem
1277 4962 1524 5022 septena;
1551 4952 1663 5006 lucc
1692 4967 1824 5021 quo-

239 5072 345 5127 quc
373 5072 386 5110 :
422 5067 587 5122 quare
616 5065 721 5105 non
751 5048 835 5102 vel
864 5062 987 5110 sex,
1022 5045 1103 5099 vel
1135 5053 1273 5108 octo,
1293 5043 1384 5097 sed
1417 5053 1619 5110 septem
1649 5042 1824 5109 paria?

243 5147 503 5205 Fortassis
529 5143 736 5213 longius
757 5140 993 5196 excurrit
1011 5137 1181 5192 oratio
1206 5155 1218 5190 ε
1242 5135 1333 5191 ενι]
1363 5136 1406 5188 si
1444 5152 1546 5188 non
1579 5136 1738 5203 piget,
1771 5143 1826 5189 et

241 5245 284 5295 si
314 5239 493 5300 vultis,
527 5233 706 5304 paucis
750 5233 864 5285 luce
910 5230 1183 5283 caritatem
1216 5234 1444 5280 vestram
1474 5225 1784 5279 docebimus
1811 5265 1823 5288 ,

247 5348 308 5386 ea
340 5330 544 5384 scilicet
574 5341 692 5394 quae
721 5323 875 5378 nobis
902 5321 1080 5374 divina
1111 5318 1277 5388 gratia
1305 5317 1648 5372 concesserit.
1679 5317 1825 5371 Multi

245 5423 388 5477 enim
418 5418 588 5472 varias
610 5416 676 5470 de
699 5414 762 5468 iis
792 5412 995 5467 fabulas
1021 5420 1258 5472 narrant,
1284 5417 1339 5462 et
1371 5407 1493 5461 hinc
1544 5408 1828 5463 occasione

246 5521 476 5580 sumpta,
506 5505 902 5561 observationes
926 5515 1262 5555 numerorum
1294 5506 1583 5553 ostentant.
1617 5500 1682 5550 At
1723 5513 1826 5552 nou

246 5599 574 5663 observatio,
610 5595 701 5650 sed
731 5595 1106 5662 intempesuva
1135 5590 1408 5644 hominum
1436 5587 1724 5648 cuiiositas
1747 5597 1797 5641 ta

248 5699 315 5752 lia
346 5695 544 5764 ﬁngere
590 5689 826 5754 molitur,
858 5685 997 5740 unde
1038 5693 1092 5739 et
1139 5683 1318 5738 nmine
1365 5682 1597 5736 hzcrcses
1643 5695 1777 5737 ortae
1809 5723 1825 5748 ,

246 5788 390 5860 quod
417 5784 593 5841 statim
623 5781 820 5837 scietis.
858 5774 1070 5833 Etenim
1099 5775 1404 5845 frequenter
1433 5774 1528 5841 (ut
1557 5773 1830 5830 videamur

245 5876 407 5953 quasi
427 5893 494 5936 ex
509 5872 832 5934 abundantia
856 5884 969 5938 eos,
997 5870 1082 5940 qui
1107 5885 1168 5927 ex
1194 5869 1304 5926 suis
1326 5869 1676 5940 Opinionibus
1692 5883 1826 5926 nova

1260 464 1323 519 IN
1361 461 1514 518 CAP.
1549 460 1636 515 Vl.
1665 455 1908 516 GENES.
1947 456 2177 514 IIOJIIL.
2213 459 2401 516 XXIV.

3409 476 3512 530 ΕΗ

1928 575 2176 644 aderunt,
2196 581 2580 654 compescere)
2602 585 2897 641 invenimus
2920 585 2972 640 lu
2996 586 3288 658 Scripturis
3310 595 3514 664 copulas

1921 684 2202 724 numerum
2230 683 2520 728 servatum.
2546 676 2751 746 Quippe
2774 678 2990 745 quando
3015 681 3157 735 misit
3183 683 3475 753 discipulos
3495 727 3509 748 ,

1924 760 2076 816 limes
2095 777 2188 817 eos
2211 765 2376 831 misit,
2405 767 2502 836 ipsi
2529 779 2704 823 autem
2731 785 2920 826 omnes
2941 771 3222 827 duodecim
3251 785 3430 840 erant,
3455 787 3509 829 et

1921 851 2210 926 Evangelia
2240 867 2467 927 quatuor
2495 874 2736 914 numero.
2774 863 2842 915 At
2871 865 3325 930 supervacaneum
3353 865 3511 919 fuerit

1923 944 2036 998 haec
2057 945 2194 1016 apud
2216 951 2492 1003 caritatem
2517 958 2746 1005 vestram
2773 966 3214 1018 commemorare,
3236 971 3354 1024 qua:
3376 958 3509 1011 satis

1919 1034 2103 1091 didicit
2132 1037 2432 1107 hujnsmodi
2460 1040 2616 1096 dictis
2643 1045 2894 1099 obturare
2914 1060 3072 1101 aures
3118 1047 3219 1119 (α).
3250 1047 3512 1103 Necessa-

1921 1130 2058 1182 rium
2080 1138 2256 1186 antetn
2291 1142 2345 1186 nt
2369 1133 2589 1202 posthac
2614 1135 2920 1200 doceamus,
2966 1153 3131 1208 quare
3185 1149 3405 1208 septena
3441 1156 3504 1194 ex

1921 1219 2070 1288 puris
2099 1220 2364 1278 introduci
2396 1225 2446 1276 in
2478 1240 2654 1279 arcam
2687 1230 3020 1297 prmccperit.
3076 1229 3232 1283 Plura
3286 1229 3503 1300 quidem

1921 1313 2259 1379 prteccpitex
2290 1309 2890 1381 mundisintroduci,ut
2934 1319 3108 1389 justus
3155 1319 3264 1385 ille,
3320 1331 3375 1376 et
3416 1322 3505 1389 qui

1917 1417 2041 1457 cum
2073 1402 2162 1457 illo
2181 1411 2354 1469 erant,
2378 1420 2444 1461 ex
2467 1405 2679 1461 illorum
2708 1425 2804 1463 usu
2825 1409 3056 1479 aliquam
3083 1411 3506 1467 consolationem

1916 1493 2222 1563 acciperent
2253 1511 2266 1550 :
2295 1497 2436 1566 quod
2481 1507 2657 1555 autem
2689 1511 2905 1569 septena
2945 1513 2999 1556 et
3028 1513 3266 1572 septena,
3309 1514 3364 1559 et
3405 1483 3507 1561 hoc

1917 1602 2130 1658 quoque
2159 1590 2203 1644 si
2246 1604 2458 1645 causam
2494 1592 2803 1657 disceretis,
2834 1609 3099 1649 summum
3134 1595 3384 1650 indicium
3425 1607 3509 1651 est

1920 1683 2019 1748 pia:
2057 1682 2250 1736 mentis
2279 1682 2408 1752 justi
2450 1685 2570 1739 viri.
2621 1685 2750 1740 Nam
2793 1687 2915 1756 quia
2959 1687 3202 1758 cognovit
3247 1688 3508 1760 benignus

1919 1772 2060 1826 Deus
2089 1773 2184 1828 viri
2212 1773 2480 1840 virtutem,
2504 1784 2556 1831 ct
2583 1777 2720 1846 quod
2741 1786 2798 1832 ut
2821 1779 3020 1848 justus,
3041 1788 3094 1833 ct
3121 1788 3263 1834 tanta
3295 1780 3504 1836 Domini

1918 1864 2084 1924 fretus
2124 1867 2520 1934 misericordia,
2561 1870 2648 1924 uhi
2682 1881 2839 1925 tanta:
2877 1873 3210 1941 tempestatis
3237 1873 3507 1943 eﬂugisset

1920 1959 2232 2027 periculum,
2261 1961 2620 2031 liberatusque
2651 1961 2838 2018 fuisset
2864 1978 2892 2017 a
2917 1965 3174 2033 periculo,
3197 1974 3251 2020 et
3276 1966 3344 2020 ab
3359 1981 3498 2022 arca:

1917 2050 2271 2105 incommodis
2296 2052 2519 2119 solutus,
2546 2063 2752 2123 gratum
2778 2055 3011 2109 animum
3043 2055 3430 2121 declaraturus,
3450 2066 3506 2112 et

1920 2156 2015 2210 pro
2043 2142 2332 2210 gratiarum
2355 2144 2783 2199 actioueltostias
2828 2155 2882 2200 et
2925 2146 3186 2201 sacrificia
3230 2147 3504 2204 oblaturus

1917 2242 2082 2299 esset,
2115 2246 2166 2288 ut
2199 2250 2266 2288 ne
2295 2235 2395 2288 hoc
2427 2235 2672 2292 faciendo
2701 2237 2970 2292 mutilarct
3001 2239 3144 2308 paria
3170 2254 3182 2290 :
3217 2237 3338 2293 ideo
3394 2238 3500 2293 Do-

1918 2325 2091 2379 minus
2134 2329 2389 2396 pra-scius
2434 2328 2589 2395 lmjns
2635 2336 2799 2398 grata:
2841 2330 3054 2397 mentis,
3090 2329 3244 2399 jubet
3285 2337 3503 2396 septena

1918 2427 1972 2471 et
2014 2427 2236 2488 septena
2277 2419 2539 2474 introduci
2587 2435 2652 2474 ex
2701 2420 2923 2490 singulis
2965 2422 3138 2475 avium
3176 2422 3502 2491 generibus,

1919 2520 2014 2572 ut,
2071 2526 2192 2566 cum
2245 2519 2486 2567 cessaret
2539 2512 2853 2566 universalis
2905 2513 3190 2579 interitus,
3248 2521 3302 2566 et
3350 2526 3501 2566 suam

1915 2612 2151 2657 mentem
2185 2603 2508 2668 declararet,
2541 2605 2685 2673 paria
2723 2603 3048 2666 volatilium.
3081 2613 3506 2674 ceterorumque

1916 2696 2226 2749 animalium
2272 2712 2375 2749 non
2428 2696 2750 2750 lmdcrentur
2791 2713 2804 2749 :
2851 2697 2901 2751 id
2948 2695 3087 2766 quod
3142 2697 3194 2750 in
3240 2695 3506 2751 sermonis

1918 2801 2202 2857 progressu
2253 2786 2503 2855 discetis,
2557 2788 2645 2843 tibi
2695 2788 2748 2842 in
2792 2803 2913 2842 eum
2964 2789 3138 2842 locum
3197 2786 3505 2856 pervencri-

1918 2895 2055 2933 mus.
2086 2878 2341 2935 Videbitis
2365 2881 2508 2935 enim
2526 2880 2725 2950 justum
2754 2879 2902 2934 illum
2929 2879 3045 2934 tunc
3073 2879 3278 2935 fecisse.
3306 2877 3503 2933 Didici-

1918 2973 2014 3028 5tis
2059 2988 2274 3028 causam
2321 2974 2390 3029 ob
2430 2989 2588 3042 quam
2633 2984 2851 3043 septena
2896 2982 3114 3042 septena
3168 2971 3506 3026 introducere

1918 3076 2243 3136 pra-ceptum
2275 3066 2391 3122 fuit.
2423 3067 2500 3122 Ne
2527 3066 2749 3136 posthac
2772 3067 3009 3122 tolerelis
3025 3082 3119 3121 eos
3134 3067 3225 3137 qui
3253 3065 3497 3125 fabulari,

1917 3159 2280 3229 adversusque
2305 3158 2538 3214 divinam
2565 3158 2894 3229 Scripturam
2944 3158 3236 3230 insurgere,
3283 3167 3336 3212 et
3387 3173 3507 3227 qua:

1919 3266 1982 3306 ex
2003 3266 2101 3306 suo
2115 3251 2287 3321 capite
2309 3250 2594 3315 finxerunt,
2623 3259 2680 3304 ut
2701 3264 2851 3304 sacra
2875 3249 3144 3319 dogmata,
3169 3247 3506 3304 introducere

1920 3344 2176 3398 nituntur.
2206 3343 2367 3413 Igitur
2394 3353 2670 3413 postquam
2702 3341 2880 3396 omnia
2907 3341 3051 3396 clare
3099 3340 3346 3395 mandata
3396 3339 3509 3394 fne-

1921 3447 2065 3500 runt,
2094 3437 2238 3492 etde
2266 3438 2473 3498 avibus,
2506 3445 2560 3491 et
2579 3436 2647 3490 de
2675 3433 2909 3499 mundis,
2932 3442 2987 3488 et
3014 3433 3083 3489 de
3109 3431 3418 3497 immundis,
3449 3442 3504 3486 et

1920 3533 1987 3587 de
2007 3531 2297 3596 alimentis,
2326 3531 2450 3586 dicit
2471 3530 2616 3601 justo
2650 3547 2663 3583 :
2694 3530 2748 3584 ι.
2782 3529 2961 3583 Adhuc
2996 3528 3128 3581 enim
3170 3537 3359 3595 septem
3403 3526 3509 3578 dies

1919 3637 2057 3692 sunt,
2087 3635 2132 3679 et
2155 3643 2246 3695 ego
2273 3625 2458 3678 induco
2487 3624 2710 3693 pluviam
2749 3638 2904 3689 super
2941 3631 3126 3675 terram
3171 3619 3509 3688 quadraginta

1921 3719 2092 3771 diebus
2123 3728 2165 3770 ct
2193 3717 2531 3786 quadraginta
2569 3714 2798 3767 noctibus
2818 3753 2832 3777 ,
2863 3721 2907 3778 ct
2935 3713 3106 3766 delebo
3137 3726 3333 3764 onmem
3386 3709 3506 3762 sub-

1921 3809 2159 3864 stantiam
2192 3824 2342 3873 quam
2369 3805 2484 3878 feci,
2513 3822 2543 3856 α
2564 3805 2694 3877 facie
2721 3814 2890 3870 terrae,
2916 3801 2977 3854 ab
3016 3802 3218 3855 [tantine
3261 3815 3416 3867 usque
3443 3800 3511 3852 ad

1913 3903 2222 3970 jumentum.
2279 3897 2530 3962 Attende,
2558 3897 2804 3957 obsecro.
2837 3894 2998 3949 etiam
3029 3908 3092 3948 ex
3127 3893 3191 3946 iis
3217 3905 3335 3961 qua:
3367 3905 3508 3944 nunc

1921 3995 2061 4050 dicta
2096 4003 2218 4049 sunt
2264 3992 2516 4048 bonitatis
2561 3991 2757 4046 divinte
2802 3989 3195 4053 excellentiam,
3241 3985 3510 4056 quomodo

1925 4096 2043 4157 post
2074 4095 2273 4140 tantam
2305 4083 2640 4140 tolerantiam
2663 4081 2824 4136 etiam
2855 4094 2995 4134 nunc
3019 4087 3142 4132 ante
3166 4085 3370 4146 septem
3397 4074 3512 4129 dies

1926 4176 2166 4247 prmdicit
2196 4193 2209 4228 :
2243 4175 2427 4229 volens
2457 4183 2600 4229 metu
2623 4171 3018 4226 emendatiores
3050 4170 3165 4223 illos
3205 4165 3431 4223 reddere
3458 4175 3514 4219 et

1924 4269 1990 4325 ad
2021 4267 2386 4338 paenitentiam
2415 4264 2688 4320 reducere.
2720 4261 2850 4317 Nam
2880 4260 3020 4330 quod
3053 4259 3173 4313 ideo
3215 4257 3472 4327 prtcdicat
3493 4296 3509 4319 ,

1926 4377 1991 4415 ne
2012 4376 2071 4415 ea
2098 4374 2218 4429 qua:
2239 4357 2386 4419 dicit,
2409 4370 2572 4424 super
2597 4369 2691 4408 eos
2735 4354 2968 4416 inducat,
2998 4349 3275 4405 considera
3304 4347 3509 4402 Ninivi-

1927 4464 2028 4515 tas,
2058 4460 2109 4505 et
2135 4449 2352 4506 attende
2380 4457 2574 4519 quanta
2605 4445 2795 4500 horum
2840 4456 2892 4498 et
2920 4444 3127 4498 illorum
3159 4442 3228 4496 sit
3256 4438 3510 4494 dili'ereu-

1928 4547 2017 4599 tia.
2047 4544 2179 4610 Quia
2208 4557 2326 4596 cum
2354 4550 2430 4594 tot
2455 4538 2610 4593 anuis
2632 4538 2927 4600 audissent,
2958 4543 3081 4590 ante
3109 4531 3252 4586 fores
3275 4545 3397 4586 esse
3424 4543 3506 4584 ca-

1928 4635 2212 4698 lamitates,
2242 4647 2412 4704 neque
2432 4631 2508 4684 sic
2529 4646 2556 4682 a
2583 4629 2782 4682 malitia
2811 4643 2904 4681 sua
2944 4633 3242 4680 cessarunt.
3301 4621 3514 4676 Etenim

1924 4727 2303 4782 consuevimus
2323 4722 2735 4794 negligentiores
2760 4734 2902 4781 esse,
2931 4717 3144 4786 quando
3193 4713 3435 4768 differtur
3463 4721 3516 4765 et

1930 4819 2256 4890 protrahitur
2268 4817 2470 4887 punitio
2494 4833 2508 4880 ;
2531 4830 2592 4869 ac
2613 4829 2730 4868 cmn
2756 4813 2994 4881 proxime
3017 4811 3213 4864 instant
3235 4819 3521 4869 :crumnm,

1929 4921 2056 4965 tunc
2083 4908 2444 4972 liumiliamttr,
2477 4916 2529 4961 et
2560 4905 2845 4974 plurimam
2899 4913 3231 4956 Ostentamus
3283 4915 3512 4956 convero

1929 5005 2134 5058 sionem
2166 5021 2178 5057 :
2211 5002 2260 5056 id
2288 5001 2429 5072 quod
2459 5008 2513 5053 et
2542 4997 2856 5052 inNiuivitis
2884 4995 3124 5064 contigit.
3171 4994 3519 5062 Quandoqui-

1930 5094 2050 5150 dem
2081 5095 2168 5149 tibi
2184 5093 2484 5155 audierunt,
2507 5091 2686 5144 Adhuc
2709 5100 2806 5142 tres
2832 5090 2956 5152 dies,
2985 5098 3030 5140 et
3063 5085 3247 5139 Ninire
3269 5079 3518 5140 subverte-

1932 5199 2013 5240 tur
2044 5186 2214 5258 (Jona:
2237 5187 2359 5256 5.4)
2379 5186 2477 5257 (ὁ),
2503 5200 2611 5238 non
2632 5184 2804 5241 solum
2831 5197 2935 5235 non
2958 5180 3394 5249 desperaverunt,
3420 5174 3516 5231 sed

1932 5289 1986 5334 ct
2005 5279 2070 5332 ad
2093 5279 2292 5333 dictum
2334 5278 2434 5332 hoc
2475 5288 2852 5337 cxsurrexere,
2909 5280 3215 5339 tantamque
3271 5264 3517 5320 vitiorum

1997 5541 2068 5602 (.t)
2103 5547 2198 5588 Non
2223 5538 2311 5602 abs
2328 5550 2389 5602 re
2408 5536 2484 5584 hic
2499 5533 2863 5602 gbrysostomus
2883 5532 2929 5580 in
2953 5528 3062 5578 illos
3084 5525 3450 5602 invehiturpqni
3475 5523 3522 5602 in

1937 5589 2220 5652 explicanda
2243 5599 2404 5647 divina
2426 5589 2664 5657 Scriptura
2698 5604 3259 5657 magnam__nutnerornut
3283 5589 3517 5657 rationem

1935 5648 2200 5714 habenam.
2225 5661 2396 5724 quales
2413 5648 2556 5724 erant
2576 5669 2671 5724 non
2690 5648 2831 5724 modo
2853 5654 2983 5702 Philo
3000 5657 3049 5700 et
3064 5652 3288 5720 (lle-mens
3311 5648 3518 5724 Alesatt.

1935 5709 2227 5778 ὲιὲιῐιιιδζέέέιι
2244 5709 2396 5772 ἐιὶίιιιι
2421 5720 2655 5768 Fuscbius
2677 5716 2859 5778 aliquot
2878 5728 2928 5779 in
2944 5723 3096 5779 iocis;
3122 5715 3217 5759 imo
3256 5721 3306 5760 et
3339 5709 3416 5757 alii
3441 5717 3516 5756 t‘a-

1938 5798 2058 5839 tres.
2087 5796 2186 5845 Qua
2207 5787 2269 5835 de
2293 5797 2350 5834 re
2375 5794 2601 5843 maguum
2626 5777 2802 5828 librum
2826 5777 2976 5827 edidit
2998 5782 3169 5823 Petrus
3191 5780 3395 5836 Bongus.

2001 5873 2075 5932 (ο)
2110 5874 2256 5921 vetus
2288 5867 2436 5916 lectio
2461 5866 2583 5918 LXX
2604 5864 2937 5927 lnterprclum
2965 5868 3064 5913 tres
3085 5870 3275 5915 tantum
3323 5863 3429 5911 dies
3456 5865 3514 5914 ad
