4080 6480
634 409 737 466 IIS

631 525 872 578 fecerunt
895 521 1302 585 abstinentiam,
1344 531 1398 577 et
1427 530 1533 584 tam
1576 521 1882 593 diiigentem
1913 524 2204 580 confessio-

631 628 752 667 nem
793 612 1173 675 esbihnerunt,
1209 622 1264 669 ut
1291 622 1345 667 et
1369 613 1434 666 ad
1467 614 1618 667 bruta
1657 629 1825 684 usque
1859 629 2206 670 extenderent

629 719 691 758 ea
717 720 834 772 quae
864 703 1154 758 attinebant
1171 703 1235 758 ad
1257 704 1678 777 confessionem;
1708 721 1813 759 non
1861 693 2002 777 quod
2055 709 2204 761 bruta

631 795 920 848 animantia
973 794 1360 848 tonfessionetn
1403 795 1704 851 ediderint:
1752 798 2017 867 quomodo
2060 801 2202 853 enim

630 894 865 952 possent.
898 900 1016 937 cum
1047 899 1292 938 sermone
1312 886 1564 939 careant?
1593 885 1686 940 sed
1718 896 1774 940 ut
1802 903 1896 956 per
1921 889 2021 943 hoc
2045 889 2206 943 mise-

630 973 908 1028 ricordiam
940 974 1063 1027 boni
1094 974 1301 1028 Domini
1348 976 1449 1029 sibi
1493 977 1859 1033 caueiliarent.
1912 979 2204 1034 Prtedicato

625 1065 767 1119 enim
791 1065 1016 1134 jejunio,
1048 1066 1238 1137 inquit,
1288 1083 1378 1122 rex
1429 1070 1541 1136 ipse
1586 1070 1874 1133 mandavit,
1929 1080 1985 1124 ut
2032 1085 2204 1138 neque

630 1170 778 1220 oves,
802 1171 974 1226 neque
1018 1157 1200 1225 boves,
1251 1175 1423 1229 neque
1472 1161 1575 1214 alia
1625 1161 1775 1216 bruta
1827 1163 2074 1232 pabulum
2119 1163 2201 1218 vel

624 1261 815 1316 aquam
852 1251 1153 1319 acciperent
1206 1249 1452 1321 (Ιοιιεὸ.
1484 1253 1538 1321 7)
1564 1271 1578 1318 ;
1609 1253 1701 1308 sed
1729 1268 1888 1308 emite
1928 1253 2200 1309 hominum

624 1353 792 1406 genus
809 1347 931 1395 tunc
953 1343 1122 1395 saccis
1145 1341 1420 1409 amictum,
1444 1351 1498 1396 et
1518 1345 1630 1412 ipse
1648 1360 1860 1414 quoque
1879 1361 1969 1401 res
1990 1345 2199 1402 sublimi

619 1429 754 1482 solio
777 1431 992 1497 sedens,
1024 1447 1268 1503 magnam
1291 1443 1343 1488 et
1375 1451 1554 1503 parem
1604 1451 1726 1491 cum
1751 1438 1873 1492 aliis
1898 1453 2058 1508 egere
2085 1453 2201 1510 pm-

621 1519 897 1575 nitentiam
927 1539 940 1574 :
971 1520 1321 1593 feceruntque
1349 1525 1485 1587 hinc,
1515 1527 1638 1580 licet
1662 1527 1966 1597 ignorarent
1986 1546 2054 1584 an
2082 1546 2196 1600 ιεω-

623 1626 743 1664 nam
765 1613 973 1667 evasuri
1003 1624 1204 1669 essent.
1230 1615 1484 1671 Dicebant
1501 1619 1643 1672 enim
1666 1638 1680 1674 :
1706 1619 1832 1684 Quis
1858 1622 1971 1687 scit,
2001 1622 2046 1676 si
2067 1627 2198 1694 forts

621 1705 856 1770 pauitant
884 1703 1019 1759 Deus
1043 1721 1197 1772 super
1224 1708 1438 1772 malitia,
1463 1726 1612 1778 quain
1643 1721 1696 1764 ut
1721 1713 1864 1766 nobis
1891 1713 2070 1782 faciat,
2118 1716 2195 1770 lo-

618 1802 800 1860 quutus
822 1805 895 1847 est
916 1793 1077 1863 (Ibid.
1107 1811 1154 1849 It.
1174 1796 1234 1860 9)
1250 1799 1276 1851 .’

691 1882 743 1935 7.
784 1880 1028 1936 Pra'dicit
1061 1882 1214 1951 Deus,
1247 1904 1311 1941 ne
1331 1888 1536 1944 inducat
1566 1892 1719 1945 mala.
1744 1922 1813 1933 --
1834 1893 2025 1951 Vidisti
2070 1897 2194 1951 bar-

621 1972 865 2031 barorum
905 1985 1111 2045 gratum
1159 1980 1433 2035 animum?
1483 1979 1657 2038 vidisti
1709 1988 1978 2055 quomodo
2027 2005 2196 2060 neque

617 2061 1090 2134 dicrnm‘angustia
1121 2069 1391 2138 segniores
1417 2069 1572 2135 fecit,
1605 2089 1780 2145 neque
1825 2075 1894 2131 ad
1937 2077 2193 2148 despera-

618 2153 814 2207 tionem
845 2154 1080 2211 induxit?
1103 2157 1228 2214 Vide
1255 2169 1309 2213 et
1329 2161 1450 2215 illos
1472 2172 1590 2230 post
1610 2180 1890 2221 numerum
1921 2176 1999 2222 ωι
2025 2184 2193 2224 anno-

617 2258 754 2307 rum,
784 2244 1198 2304 nbiaudiverunt
1226 2268 1239 2302 :
1265 2250 1450 2304 Adhuc
1467 2262 1672 2322 septem
1693 2254 1826 2321 dies,
1857 2267 1912 2312 et
1937 2257 2191 2316 diluvium

615 2331 907 2397 inducetur.
938 2351 1110 2407 neque
1134 2339 1212 2394 sic
1234 2354 1542 2406 conversos.
1571 2345 1665 2399 sed
1687 2347 1928 2416 stupidos
1974 2359 2029 2404 et
2071 2352 2188 2408 sine

610 2423 796 2480 dolore
821 2429 1110 2483 mansisse:
1137 2431 1277 2487 unde
1305 2433 1356 2486 in
1373 2435 1621 2492 confesso
1648 2437 1828 2507 fuerit,
1861 2443 2188 2500 voluntatem

605 2522 844 2568 nostram
872 2517 1131 2573 malorum
1161 2523 1398 2578 omnium
1427 2539 1642 2580 causam
1673 2544 1814 2584 esse.
1865 2533 2003 2588 Ecce
2048 2536 2188 2590 enim

612 2613 661 2657 et
688 2603 838 2670 lii,et
869 2608 952 2662 isti
971 2608 1183 2667 fuerunt
1209 2613 1470 2682 homines,
1515 2628 1567 2673 et
1617 2620 1854 2690 ejusdem
1898 2627 2049 2696 cujus
2097 2629 2186 2684 alii

611 2705 836 2762 natura,
881 2701 975 2754 sed
1016 2717 1118 2757 non
1146 2706 1386 2773 ejusdem
1418 2709 1724 2768 voluntatis.
1757 2713 2040 2785 Propterea
2091 2737 2190 2776 nec

610 2785 796 2839 eadem
823 2803 1008 2844 eorum
1039 2807 1155 2848 sors
1180 2795 1297 2860 fuit,
1352 2798 1446 2852 sed
1493 2800 1738 2875 Niiiiritte
1783 2808 2185 2865 subt‘ersiom-m

606 2876 1058 2950 subterfugerant.
1084 2899 1203 2938 cuiu
1235 2886 1405 2942 bonus
1435 2891 1574 2944 Deus
1603 2903 1819 2961 propter
1871 2913 2022 2953 suam
2074 2902 2184 2954 eli--

609 2973 857 3022 mcutiam
879 2987 1064 3027 eorum
1086 2987 1365 3032 contentus
1387 2993 1526 3034 esset
1575 2986 1881 3050 poenitentia
1914 3006 1927 3040 :
1955 2991 2051 3046 sed
2099 2994 2181 3046 isll

602 3056 885 3121 snlnuersi,
905 3063 957 3114 in
979 3069 1246 3120 communi
1273 3068 1489 3123 interitu
1513 3073 1805 3138 perierunt.
1826 3078 2004 3132 Adhuc
2025 3084 2180 3148 enim,

604 3144 792 3213 inquit,
811 3160 996 3219 septeni
1021 3154 1147 3218 dies,
1177 3167 1224 3208 et
1247 3175 1336 3227 ego
1362 3159 1544 3213 induco
1563 3164 1780 3231 pluviam
1801 3186 1954 3235 super
1974 3181 2180 3226 terrain.

608 3235 806 3292 Deinde
837 3249 892 3293 ut
939 3244 1106 3312 magis
1149 3257 1337 3316 augeat
1379 3259 1658 3315 terrorem,
1714 3255 1918 3325 inquit:
1951 3259 2184 3326 Quadra-

602 3331 741 3398 ginta
762 3332 933 3388 diebus
960 3345 1007 3388 et
1038 3338 1377 3409 quadraginta
1407 3347 1654 3400 noctibus.
1685 3347 1819 3414 Quid
1863 3353 2044 3408 enim?
2082 3371 2180 3410 an-

600 3436 704 3475 non
729 3433 953 3492 poterat,
986 3428 1029 3482 si
1061 3430 1329 3494 voluisset,
1365 3451 1470 3488 uno
1500 3437 1584 3490 die
1608 3448 1768 3493 totam
1814 3444 2042 3510 pluviam
2097 3448 2179 3501 in-

600 3512 836 3568 ducere?
859 3515 993 3583 Quid
1022 3518 1142 3574 dieo
1172 3539 1277 3576 uno
1303 3524 1432 3578 die?
1483 3527 1597 3582 Uno
1643 3543 1912 3586 momento
1959 3547 2138 3602 posset
2162 3555 2174 3590 :

597 3605 689 3657 sed
722 3604 821 3658 hoc
845 3607 1020 3662 dedita
1050 3625 1210 3680 Opera
1234 3613 1378 3679 facit,
1408 3618 1592 3673 Vulelts
1635 3621 1791 3676 simul
1837 3633 1888 3678 et
1929 3625 2173 3682 timorem

599 3695 853 3759 incutere,
884 3708 936 3752 et
961 3701 1294 3758 occasionem
1323 3718 1593 3775 prazstare,
1644 3727 1746 3780 qua
1798 3727 2011 3784 possent
2065 3735 2177 3788 ρωο

598 3802 743 3851 uam,
765 3805 884 3858 qua:
909 3791 1017 3859 jam
1048 3793 1101 3848 in
1133 3794 1335 3852 foribus
1369 3811 1534 3868 esset,
1566 3803 1819 3873 effugere.
1857 3807 1921 3861 Et
1959 3809 2133 3865 delebo
2155 3853 2172 3878 ,

597 3877 787 3947 inquit,
817 3895 1011 3934 omnem
1038 3885 1389 3952 substantiam,
1418 3907 1568 3955 quant
1600 3896 1716 3960 feci,
1745 3913 1777 3948 a
1807 3897 1937 3964 facie
1977 3910 2123 3954 terra:
2155 3944 2170 3966 ,

595 3970 658 4018 ab
681 3969 881 4023 homine
907 3988 1061 4041 usque
1079 3977 1147 4028 ad
1175 3993 1343 4042 pecus.
1377 3977 1508 4034 Vide
1537 3981 1804 4050 quomodo
1833 4001 1884 4040 et
1915 3992 2078 4044 semel
2122 4001 2176 4046 et

597 4057 788 4112 iterum
819 4063 1086 4131 praedicit,
1110 4075 1162 4119 et
1190 4082 1361 4136 neque
1382 4069 1458 4124 sic
1480 4071 1600 4125 illos
1629 4078 1810 4144 tangit.
1843 4078 2031 4133 Omnia
2077 4097 2174 4134 au-

594 4157 700 4204 tem
735 4151 847 4206 base
877 4153 1123 4222 faciebat,
1156 4165 1210 4212 ut
1232 4173 1328 4213 nos
1349 4160 1584 4228 doceret,
1619 4180 1676 4219 se
1696 4168 1841 4234 juste
1868 4171 1946 4224 eis
1973 4182 2171 4227 tantam

553 4238 560 4244 ’
595 4243 1116 4315 pmnaminllixisse;
1148 4259 1200 4305 ct
1227 4261 1282 4304 ut
1322 4254 1496 4309 nullus
1543 4256 1897 4326 insipientiam
1947 4279 2174 4334 arguere

590 4342 645 4388 et
668 4334 848 4391 dicere
893 4347 1109 4407 posset:
1143 4341 1197 4396 Si
1257 4348 1769 4413 procrastinavissct,
1816 4351 1952 4409 forte
2003 4357 2176 4424 poeni-

595 4425 812 4480 tentiam
841 4430 1093 4495 egissent,
1120 4433 1256 4487 forte
1282 4451 1311 4488 a
1338 4436 1478 4491 vitiis
1505 4438 1850 4507 abstitissent,
1891 4454 1946 4500 et
1963 4447 2033 4502 ad
2059 4449 2172 4503 vir-

595 4525 758 4570 tutem
793 4518 1099 4574 rediissem.
1136 4523 1313 4592 anue
1358 4525 1425 4580 de
1477 4543 1635 4584 causa
1664 4546 1926 4591 annorum
1956 4551 2169 4608 quoque

589 4621 869 4662 numerum
902 4608 1191 4667 declaravit
1214 4613 1386 4679 nobis,
1419 4626 1467 4671 et
1497 4633 1672 4674 aream
1704 4621 1948 4682 fabricari
1986 4627 2166 4696 jussit.

590 4696 659 4752 Et
689 4707 808 4767 post
833 4699 948 4754 inec
970 4704 1148 4757 omnia
1179 4706 1337 4759 etiam
1369 4717 1492 4763 ante
1521 4709 1636 4766 dies
1665 4725 1870 4782 septem
1903 4719 2164 4786 praedicit,

590 4800 644 4844 ut
691 4793 927 4846 omnium
981 4803 1179 4850 temere
1217 4796 1544 4867 loquentium
1585 4802 1916 4872 impudentes
1961 4809 2168 4880 linguas

583 4893 909 4950 compescat.
940 4885 992 4939 5.
1029 4885 1090 4939 Et
1115 4889 1256 4957 fecit,
1284 4891 1474 4957 inquit,
1508 4889 1560 4944 Ν
1565 4909 1622 4946 oc
1642 4896 1811 4948 omnia
1843 4914 2168 4971 quaecumque

589 4973 843 5027 mandavit
864 4977 906 5028 ei
926 4974 1172 5031 Dominus
1199 4977 1355 5034 Deus.
1393 4979 1524 5038 Vide
1551 4985 1819 5052 quomodo
1845 4999 1897 5042 et
1924 5006 2060 5045 nunc
2077 4993 2165 5060 ju-

584 5064 650 5116 sti
671 5073 880 5134 gratum
910 5067 1144 5122 animum
1175 5078 1228 5124 et
1265 5069 1622 5128 obedientiam
1669 5075 1844 5131 divina
1892 5079 2165 5152 Scriptura

583 5154 861 5224 przedicat,
891 5156 1090 5214 docens
1119 5175 1215 5214 nos
1241 5177 1362 5216 eum
1393 5164 1520 5218 nihil
1547 5166 1686 5235 quod
1707 5169 2022 5240 imperatum
2049 5185 2164 5230 erat

584 5247 1026 5314 praetermisisse;
1058 5250 1150 5306 sed
1182 5253 1428 5308 omnibus
1457 5256 1707 5326 impletis,
1728 5262 1884 5315 etiam
1917 5280 2009 5332 per
2036 5265 2158 5332 hoc,

583 5485 965 5554 resiphcendnm
1006 5487 1218 5554 Ninivitis
1237 5489 1374 5539 datos
1413 5503 1754 5545 eonnnemorst
1786 5511 1798 5544 :
1838 5499 1882 5546 in
1926 5499 2160 5554 Hebraico

582 5553 893 5618 textumque
933 5549 982 5596 in
1006 5549 1205 5618 Vulgata
1248 5554 1560 5615 quadraginta
1581 5556 1689 5606 dies
1728 5557 1972 5618 leguntur.
2000 5549 2159 5614 tibi-ii;

582 5608 763 5685 riorum
807 5608 968 5685 lapsus
1005 5623 1054 5685 in
1097 5608 1202 5685 exs
1245 5608 1594 5685 interiectibus
1627 5617 1740 5685 inte
1778 5608 2158 5685 brtusrvpu—tatu—r,

734 5667 959 5742 ttcsdies
1002 5678 1140 5745 Jonas
1165 5675 1209 5745 lo
1233 5683 1409 5745 ventre
1445 5679 1536 5745 ceti
1575 5683 1751 5740 egi-rit.

584 5729 774 5782 dierum
793 5733 1045 5784 occasione
1069 5733 1145 5784 hic
1163 5743 1264 5786 tres
1291 5740 1433 5786 etiam
1451 5739 1558 5789 dies
1578 5729 1716 5803 positi
1743 5729 1941 5801 iugi-iiii

1333 369 1698 461 5:10.“le
1733 406 2202 467 CHRYSOSTOMI
2242 409 2562 470 ARCBIEP.
2602 416 3135 480 CONSTANTINOP.

3795 433 3895 489 9M

2320 550 2529 606 virtutis
2549 567 2660 609 sum
2681 558 2954 626 specimen
2977 562 3288 630 prmbuisse.

2389 643 2442 698 8.
2486 643 2699 700 Herulis
2718 649 3020 705 exhortatio.
3049 684 3119 694 —
3148 653 3298 710 Illum
3326 656 3487 728 igitur
3507 671 3558 714 et
3585 673 3687 717 nos
3721 663 3892 721 imite-

2318 750 2438 790 mur
2461 737 2683 806 justum,
2736 753 2789 796 et
2817 744 3066 801 mandata
3092 762 3120 801 a
3152 750 3261 803 Deo
3293 749 3484 806 tradita
3514 753 3742 824 implere
3785 770 3893 810 stu-

2313 824 2556 894 deamus,
2585 846 2648 885 ac
2685 833 2826 902 leges
2859 848 2890 890 a
2923 834 3135 893 Christo
3161 840 3314 895 nobis
3341 841 3473 898 latas
3502 859 3607 898 non
3637 845 3891 914 despicia-

2313 933 2465 986 mus;
2489 921 2584 976 sed
2605 937 2788 977 earnm
2818 937 3134 996 praesentem
3155 942 3430 988 servantes
3461 938 3796 999 memoriam.
3817 939 3892 993 fe.

2311 1012 2571 1070 stinemus
2617 1017 2683 1070 ad
2721 1015 2855 1071 bona
2886 1034 3068 1090 opera,
3123 1037 3222 1077 nec
3274 1038 3466 1094 segnes
3511 1027 3680 1082 simus
3736 1030 3787 1083 in
3835 1031 3894 1084 iis

2317 1105 2605 1160 tractandis
2629 1123 2748 1176 qua:
2772 1111 2838 1163 ad
2857 1111 3079 1167 salutem
3101 1124 3336 1168 nostraet
3357 1118 3645 1187 pertinent,
3663 1134 3891 1190 prmer-

2313 1193 2406 1247 tim
2435 1211 2556 1249 cum
2587 1214 2727 1252 nunc
2755 1200 2910 1270 longe
2956 1204 3128 1272 major
3157 1206 3362 1262 virtutis
3379 1223 3624 1264 mensura
3667 1225 3698 1265 a
3743 1212 3892 1270 nobis

2310 1285 2572 1353 exigatur,
2604 1299 2804 1357 quanto
2830 1299 2884 1344 et
2910 1294 3128 1348 meliora
3163 1296 3298 1350 bona
3327 1299 3498 1354 sortiti
3526 1316 3733 1356 sumus.
3770 1298 3892 1360 ideo

2307 1377 2628 1435 ethristns
2668 1381 2873 1438 dicebat
2907 1402 2920 1437 :
2957 1384 3073 1441 Nisi
3117 1388 3448 1444 abundaverit
3479 1393 3682 1465 justitia
3729 1409 3891 1451 vestra

2308 1468 2424 1536 plus
2450 1469 2896 1540 quam’scribarnrn
2919 1487 2967 1530 et
2998 1474 3397 1546 Pharisteoruin,
3423 1499 3522 1536 non
3541 1486 3794 1540 intrabitis
3843 1491 3891 1542 in

2306 1575 2514 1630 regnum
2541 1563 2776 1617 celarunt
2808 1564 3016 1635 (.llatth.
3045 1568 3100 1623 5.
3130 1569 3246 1640 20).
3280 1570 3694 1628 Considereinns
3739 1577 3891 1646 igitur

2305 1651 2406 1703 hoc
2444 1651 2643 1706 dictum
2669 1694 2685 1715 ,
2726 1663 2781 1709 et
2827 1672 2932 1710 non
2984 1658 3342 1726 perfunctorie
3385 1670 3741 1729 transeamus,
3800 1669 3892 1721 sed

2303 1742 2597 1811 cogitemus
2639 1754 2834 1814 quanta
2859 1763 3013 1817 pceua
3066 1751 3240 1806 futura
3292 1754 3357 1807 sit
3407 1770 3591 1810 eorum
3641 1759 3731 1828 qui
3786 1775 3890 1814 non

2302 1833 2473 1886 solum
2525 1851 2631 1889 non
2673 1852 2890 1906 cperam
2922 1838 3049 1896 dant
3074 1852 3129 1896 ut
3152 1843 3272 1900 illos
3301 1858 3575 1916 sumerent,
3605 1848 3700 1904 sed
3727 1853 3892 1907 etiam

2301 1925 2475 1978 minus
2491 1941 2647 1995 quam
2675 1927 2748 1984 illi
2777 1943 3031 2001 prmstant
3056 1951 3070 1998 ;
3099 1950 3270 2005 neque
3289 1949 3479 1992 civerit
3524 1950 3581 1995 ut
3627 1942 3760 1996 iram
3810 1961 3884 2000 re-

2302 2017 2513 2072 mittant
2560 2023 2824 2089 pruximo,
2873 2025 2951 2078 vel
2978 2026 3208 2097 linguam
3238 2043 3267 2081 a
3309 2029 3629 2100 juratnentis
3676 2047 3891 2092 srrvcnt

2303 2123 2508 2176 puram.
2540 2113 2618 2164 vel
2640 2114 2852 2168 omium
2876 2117 3115 2173 muniant
3135 2137 3165 2174 a
3194 2124 3495 2190 pernicioso
3543 2128 3890 2199 spectaculo;

2298 2210 2498 2254 etcum
2528 2200 2785 2258 Dominus
2809 2208 3106 2278 przeeipiat,
3134 2227 3240 2267 non
3286 2215 3464 2270 solum
3488 2215 3701 2272 fortiter
3749 2217 3891 2276 ferre

2296 2291 2338 2344 si
2383 2306 2488 2362 qua
2537 2290 2727 2362 injuria
2771 2295 3031 2355 fuerimus
3068 2302 3264 2368 aﬂ'ecti,
3301 2306 3749 2366 sedetbeuelicia
3791 2313 3890 2367 inl-

2297 2373 2449 2439 miéis
2473 2384 2692 2455 largiter
2713 2389 2982 2458 praebere;
3013 2394 3086 2447 ait
3107 2397 3268 2460 enim,
3303 2393 3372 2450 Et
3399 2400 3486 2469 qui
3539 2411 3703 2456 tecum
3751 2403 3891 2469 puli.

2296 2476 2375 2528 cio
2405 2478 2705 2533 contendere
2723 2491 2782 2558 et
2800 2484 3021 2538 tunicam
3041 2487 3215 2544 tollere
3230 2491 3356 2557 vult,
3374 2492 3571 2547 dimitte
3583 2503 3629 2549 et
3673 2498 3888 2565 pallium

2294 2567 2583 2636 (Matt/n5.
2601 2573 2713 2641 40).
2739 2573 2848 2628 Nos
2873 2587 3052 2631 autem
3080 2594 3223 2649 saepe
3248 2582 3492 2650 proximo
3519 2586 3768 2657 injuriam
3799 2591 3884 2643 in-

2299 2661 2436 2718 ferre
2483 2664 2720 2730 nitimur,
2753 2677 2842 2720 aut
2869 2667 3151 2725 la‘dentem
3197 2673 3401 2742 ulcisci,
3448 2678 3692 2746 quamvis
3731 2681 3889 2736 nobis

2297 2752 2389 2820 inq
2411 2766 2619 2809 eratum
2659 2758 2729 2810 sit
2760 2773 2867 2812 non
2899 2759 3070 2814 solum
3099 2761 3384 2832 diligentes
3435 2766 3659 2837 diligere
3696 2768 3721 2842 [
3748 2769 3886 2826 Nam

2293 2845 2406 2910 hoc,
2439 2845 2629 2914 inquit,
2659 2856 2707 2900 et
2736 2851 2991 2916 publicani
3016 2851 3209 2921 faciunt
3235 2854 3448 2924 (Matth.
3469 2859 3522 2914 5.
3543 2859 3681 2933 46)],
3712 2863 3808 2918 sed
3831 2877 3886 2920 rt

2292 2937 2428 2992 bene
2457 2946 2511 2990 et
2536 2939 2707 2992 amice
2729 2939 2949 2995 affectos
2978 2957 3096 2998 esse
3127 2944 3180 2998 in
3207 2960 3302 3001 eos
3331 2949 3419 3016 qui
3469 2965 3568 3004 nos
3616 2952 3886 3012 hostiliter

2292 3030 2541 3083 infestant
2573 3051 2584 3082 :
2621 3047 2717 3085 nos
2748 3042 2926 3088 tamen
2954 3049 3020 3089 ne
3047 3037 3231 3092 amicis
3262 3040 3476 3109 quidem
3507 3059 3688 3112 parem
3737 3052 3882 3103 eari-

2290 3131 2449 3176 tatem
2479 3124 2813 3178 exhibemus.
2845 3126 3140 3198 Eaprupter
3160 3129 3317 3186 doleo
3338 3142 3392 3187 et
3422 3135 3596 3206 lugeo,
3627 3140 3752 3207 quia
3786 3142 3869 3194 vi-

2289 3215 2389 3268 deo
2421 3217 2472 3270 in
2496 3218 2648 3271 nobis
2668 3227 2867 3273 tantam
2887 3221 3098 3275 virtutis
3131 3228 3442 3292 raritatem;
3472 3229 3729 3283 malitiam
3778 3249 3876 3288 au-

2289 3316 2396 3362 tem
2441 3311 2680 3378 quotidie
2727 3312 3053 3368 iuvalescere
3084 3334 3098 3369 ε
3131 3331 3306 3386 tneque
3347 3332 3587 3376 moratur
3612 3323 3878 3393 gebeuna:

2290 3399 2448 3454 timor
2476 3410 2716 3456 nostrum
2748 3403 2798 3457 in
2825 3406 2964 3459 mala
2985 3422 3218 3473 cursum,
3249 3425 3420 3480 neque
3467 3415 3611 3483 regni
3660 3415 3876 3472 deside-

2287 3495 2421 3544 rium
2441 3491 2644 3559 incitat,
2668 3504 2718 3547 ut
2748 3495 2798 3548 in
2815 3495 2894 3549 via
2918 3498 3127 3553 virtutis
3143 3499 3480 3556 ambulemus
3506 3523 3518 3558 :
3549 3505 3642 3559 sed
3661 3522 3873 3571 omnes,

2286 3591 2340 3634 ut
2370 3582 2438 3636 ita
2471 3585 2668 3650 dicam,
2691 3600 2819 3654 quas
2869 3589 3100 3655 pecudes
3126 3589 3441 3648 abducimur
3467 3611 3480 3645 :
3513 3605 3566 3649 et
3591 3613 3764 3666 neque
3785 3616 3874 3654 eo-

2283 3673 2514 3742 gitamus
2536 3675 2826 3732 terribilem
2855 3677 2996 3732 illam
3027 3678 3233 3747 horam,
3268 3684 3350 3738 vel
3409 3685 3553 3756 leges
3582 3705 3611 3742 a
3646 3689 3873 3746 Domino

2286 3765 2441 3820 nobis
2470 3765 2622 3821 datas
2656 3787 2668 3822 :
2701 3770 2794 3823 sed
2821 3785 3011 3826 omnes
3037 3772 3103 3825 ad
3134 3774 3410 3829 hominum
3438 3779 3723 3847 Opinioues
3745 3798 3869 3852 spe-

2283 3867 2510 3923 ctamus,
2539 3867 2592 3911 et
2621 3859 2898 3930 gloriolam
2921 3861 2991 3915 ab
3021 3862 3122 3916 illis
3149 3880 3424 3932 venamur,
3457 3884 3632 3938 neque
3682 3873 3869 3931 audire

2283 3948 2523 4003 volumus
2556 3947 2906 4020 Evangelium
2940 3951 3125 4007 dicens
3166 3974 3178 4008 :
3225 3957 3490 4019 Quomodo
3537 3977 3622 4016 vos
3667 3969 3869 4032 potestis

2284 4043 2486 4097 credere
2511 4043 2721 4112 gloriam
2746 4043 2808 4096 ali
2839 4043 3122 4101 hominibus
3138 4049 3456 4117 accipientes,
3510 4064 3554 4105 et
3607 4056 3825 4123 gloriam
3850 4100 3865 4124 ,

2278 4151 2392 4204 qua!
2410 4152 2442 4188 a
2463 4135 2570 4188 solo
2604 4134 2708 4189 Deo
2724 4148 2816 4198 rst.
2840 4154 2938 4191 non
2956 4151 3231 4208 qumcntes
3244 4139 3424 4207 (Joau.
3443 4145 3495 4199 5.
3516 4145 3610 4216 Η)
3631 4147 3866 4214 ?Queai-

2280 4225 2564 4280 admodum
2597 4229 2737 4282 enim
2767 4230 2854 4296 qui
2887 4230 3030 4283 illam
3074 4231 3360 4288 humanam
3403 4234 3732 4302 desiderant,
3783 4240 3866 4294 di-

2287 4318 2407 4371 vina
2439 4331 2657 4386 prorsus
2680 4320 2929 4371 excidunt
2960 4336 2972 4370 :
3006 4319 3074 4373 ita
3104 4322 3194 4389 qui
3218 4323 3450 4377 divinam
3472 4331 3728 4382 continuo
3773 4347 3863 4386 sc-

2284 4416 2517 4472 ctantur,
2541 4422 2713 4476 neque
2740 4409 2834 4462 hac
2854 4409 3148 4478 pritantur.
3172 4411 3227 4466 ld
3254 4415 3394 4483 quod
3419 4417 3532 4487 ipse
3561 4419 3707 4487 prius
3738 4439 3861 4492 pro-

2277 4499 2421 4553 tnisit
2447 4516 2458 4550 :
2490 4499 2708 4567 anrite
2728 4501 2976 4569 primum‘
3006 4519 3215 4572 regnum
3241 4503 3352 4571 Dei,
3383 4518 3428 4561 et
3459 4511 3566 4564 hcc
3591 4515 3763 4568 omnia
3777 4531 3860 4569 ro-

2274 4591 2350 4643 bis
2367 4592 2668 4662 adjiciantur
2696 4591 2919 4660 (Matth.
2949 4595 3000 4647 6.
3033 4594 3125 4665 53)
3153 4611 3170 4647 :
3199 4598 3394 4652 etenim
3421 4617 3541 4654 cum
3575 4605 3666 4671 qui
3705 4605 3862 4676 hujus

2274 4683 2544 4740 desiderio
2575 4694 2803 4758 tenetur,
2836 4697 3132 4753 sequuntur
3174 4689 3287 4744 hzec
3338 4695 3538 4747 omnia.
3595 4696 3728 4751 Nam
3770 4700 3858 4769 qui

2274 4776 2400 4832 illuc
2419 4777 2608 4832 mentis
2629 4791 2741 4832 sua:
2767 4777 2865 4832 alis
2884 4779 3175 4836 inSll'llt'lllS
3199 4784 3360 4846 Volat,
3381 4803 3594 4841 omnem
3620 4806 3856 4858 prmerit-

2276 4876 2381 4921 tem
2409 4869 2816 4939 prosperitatem
2839 4871 2987 4940 quasi
3013 4887 3116 4924 non
3148 4885 3312 4938 esset,
3341 4881 3654 4934 contemnit.
3701 4882 3852 4939 Oculi

2272 4958 2410 5012 enim
2443 4958 2588 5023 litiei,
2620 4960 2835 5027 quando
2866 4960 3041 5016 vident
3099 4965 3380 5020 inell'ahilia
3415 4970 3500 5022 illa
3560 4971 3695 5026 bona
3722 5016 3737 5038 ,
3791 4991 3858 5030 ne

2271 5054 2503 5104 sentiunt
2523 5050 2736 5120 quidem
2768 5051 2883 5106 htec
2912 5053 3136 5108 visibilia
3164 5071 3177 5107 :
3210 5065 3413 5112 tantum
3459 5060 3600 5116 inter
3645 5065 3761 5122 hac
3802 5078 3856 5121 et

2271 5138 2359 5194 illa
2380 5140 2621 5196 interest.
2649 5141 2752 5197 Sed
2775 5143 3042 5198 neminem
3069 5145 3223 5201 video
3251 5149 3339 5218 qui
3364 5148 3645 5207 invisibilia
3674 5155 3845 5212 visibi-

2271 5230 2405 5284 libus
2433 5232 2699 5300 praeferat.
2727 5232 2926 5288 idcirco
2952 5236 3080 5290 mibi
3112 5253 3312 5293 mmror
3335 5251 3436 5304 est,
3457 5253 3510 5297 et
3539 5246 3847 5306 iudesineus

2269 5321 2419 5377 dolor
2449 5324 2596 5380 cordi
2625 5338 2783 5378 meo:
2815 5327 2937 5396 quia
2984 5344 3088 5381 non
3120 5344 3298 5385 rerum
3339 5336 3669 5403 experientia
3709 5343 3849 5398 docti

2267 5431 2470 5479 sumus,
2524 5431 2696 5485 neque
2746 5417 2837 5472 Dei
2891 5419 3293 5488 promissiones,
3344 5439 3517 5494 neque
3565 5444 3847 5488 munerum

2267 5507 2594 5579 magnitudo,
2623 5510 2773 5580 regni
2805 5510 3126 5568 desiderium
3149 5522 3204 5568 et
3226 5528 3466 5570 amorem
3497 5518 3648 5575 nobis
3696 5514 3845 5585 insc-

2273 5675 2349 5787 Η·
2382 5674 2506 5735 Vos,
2530 5671 2737 5736 primum
2767 5673 3013 5736 (πρῶτον),
3043 5674 3178 5724 deest
3215 5673 3265 5723 ili
3300 5672 3449 5722 Savil.
3485 5678 3537 5722 et
3564 5676 3614 5723 in
3649 5680 3844 5736 septem

2320 5751 2386 5786 ss.

2320 5751 2386 5786 58.
