4146 6510
489 409 590 466 217

491 524 586 579 τοῦ
619 522 883 592 παρόντος
918 519 1034 590 βίου
1064 518 1187 572 ιτῶν
1234 518 1606 586 ἀτελευτήτων
1632 512 1844 568 αἰώνων
1895 511 2143 579 ἐκείνων.

492 609 622 665 Οἶδα
657 612 738 664 ὅτι
769 610 955 663 δάκνει
984 611 1082 679 τὴν
1116 606 1281 677 ἀκοὴν
1308 623 1466 658 ταυτι
1491 620 1560 657 τα
1587 606 1830 674 ῥήματα,
1854 599 1990 654 ἀλλά
2019 597 2153 667 σύγ--

495 715 690 764 γνωτε.
720 696 1030 768 Ἐπιθυμῶν
1051 695 1147 765 τὴν
1170 694 1321 764 ὑμῶν
1344 695 1617 764 σωτηρίαν
1635 692 1805 745 ταῦτα
1823 687 2152 758 φθέγγομαι,

497 785 592 837 καὶ
647 783 965 853 βουλόμενος
1015 779 1246 834 ἐνταῦθα
1296 781 1492 850 μικρὸν
1541 780 1684 848 ὑμᾶς
1717 776 2014 847 δηχθέντας
2056 771 2154 845 τήν

494 871 711 926 αἰώνιον
743 870 960 923 κόλασιν
989 868 1340 938 διαφυγεῖν,ἢ
1374 867 1510 938 πρὸς
1531 867 1708 933 ὀλίγον
1726 859 2157 934 ψυχαγωγηθέν-

500 976 598 1020 τας
650 956 870 1028 διηνεκῆ
904 957 1004 1024 τὴν
1035 955 1304 1026 τιμωρίαν
1334 955 1573 1024 ὑπέχειν.
1612 953 1673 1005 Et
1707 951 1815 1021 γάρ
1842 946 2152 1019 ἀνάσχησθε

494 1044 602 1098 τῶν
629 1043 775 1114 ἐμῶν
807 1043 1000 1112 λόγων,
1051 1045 1145 1096 καὶ
1174 1044 1274 1112 τὴν
1325 1039 1701 1112 προλαϐοῦσαν
1748 1035 1987 1108 ἀθυμίαν
2017 1036 2156 1090 ἀπο-

497 1133 737 1185 σείσεσοε
783 1145 841 1198 ι,
882 1132 978 1185 καὶ
1033 1130 1265 1201 μάλιστα
1302 1129 1397 1181 νῦν
1433 1128 1508 1192 ῶς
1547 1128 1627 1181 ἐτι
1663 1129 1693 1181 ό
1742 1127 1944 1199 βραχὺς
1998 1117 2155 1186 οὗτος

495 1223 686 1292 καιρὸς
735 1221 833 1292 τῆς
884 1220 1045 1288 ἁγίας
1093 1219 1218 1288 ὑμῖν
1251 1216 1634 1269 ὑπολέλειπται
1667 1213 2150 1284 τεσσαρακοστῆς,

493 1307 786 1378 δυνήσεσθε
821 1307 914 1360 καὶ
942 1307 1010 1360 τά
1036 1305 1403 1377 ἡμαρτημένα
1430 1302 1814 1371 ἀπονίψασθαι,
1844 1302 1936 1354 καὶ
1957 1299 2155 1370 πολλὴν

493 1396 644 1468 παρὰ
670 1393 763 1448 τοῦ
810 1392 942 1446 Θεοῦ
981 1393 1077 1464 τὴν
1113 1391 1525 1462 φιλανθρωπίαν
1572 1387 2004 1450 ἐπισπάσασθαι,
2033 1386 2154 1440 οῦδὲ

494 1485 601 1555 γάρ
643 1480 853 1535 πολλῶν
903 1480 1128 1551 ἡμερῶν
1156 1480 1326 1532 δεῖται
1356 1480 1384 1530 ό
1435 1479 1731 1546 Δεσπότης,
1774 1477 1897 1530 οὐδὲ
1939 1475 2152 1546 χρόνου,

495 1571 608 1623 ἀλλ’
642 1570 737 1622 ἐὰν
762 1568 1090 1638 θελήσωμεν
1121 1568 1215 1618 καὶ
1247 1569 1305 1618 ἐν
1327 1567 1446 1627 ταῖς
1472 1564 1590 1616 δυσὶ
1619 1565 1845 1626 ταύταις
1894 1561 2153 1632 ἑϐδομάσι

497 1661 696 1730 πολλὴν
738 1659 834 1730 τὴν
893 1654 1041 1728 [229]
1081 1655 1367 1726 διόρθωσιν
1424 1652 1532 1706 τῶν
1587 1652 1967 1724 ἐπταισμένων
2023 1653 2154 1721 ἡμῖν

497 1747 854 1818 ποιησόμεθα.
891 1747 950 1797 Εἰ
985 1745 1094 1814 γάρ
1123 1745 1247 1806 τοῦς
1269 1743 1574 1805 Νινευττας,
1603 1742 1789 1812 ἐπειδὴ
1825 1740 1994 1812 τριῶν
2014 1741 2153 1810 ἡμε-

497 1835 606 1905 ρῶν
635 1833 732 1903 τὴν
765 1832 1054 1902 μετάνοιαν
1103 1829 1446 1894 ἐπεδείξαντο
1471 1868 1484 1890 ,
1528 1828 1794 1900 τοσαύτης
1833 1827 2034 1897 ἠξίωσε
2065 1844 2154 1896 φιο

495 1919 865 1991 λανθρωπίας,
903 1919 1085 1989 πολλῷ
1134 1919 1200 1989 δὴ
1258 1919 1456 1989 μᾶλλον
1488 1921 1636 1989 ήμὶς
1681 1919 1744 1970 οὑ
1790 1917 2153 1988 περιόψεταιο

499 2010 658 2079 μόνον
693 2007 787 2060 ἐὰν
824 2007 921 2078 τὴν
951 2006 1128 2077 ἀληθῆ
1159 2006 1446 2076 μετάνοιαν
1493 2004 1909 2076 ἐπιδειξώμεθα,
1935 2004 2027 2056 καὶ
2057 2003 2156 2073 τῆς

497 2095 695 2158 κακίας
724 2093 1056 2156 ἀποστάντες
1087 2093 1354 2163 ἁψώμεθα
1386 2094 1483 2163 τῆς
1500 2095 1592 2145 ἐπὶ
1613 2092 1710 2163 τὴν
1732 2091 1929 2162 ἀρετήν
1959 2090 2154 2162 φερού-

498 2200 597 2252 σης
625 2182 765 2236 ὁδοῦ.
809 2183 918 2235 Καὶ
947 2182 1054 2250 γάρ
1080 2181 1204 2251 περὶ
1241 2181 1487 2243 ἐκείνων,
1519 2180 1628 2232 τῶν
1659 2178 1954 2234 Νινευῖτῶν
1987 2177 2149 2245 λέγω,

497 2267 848 2338 μαρτυροῦσα
875 2269 906 2336 ἡ
933 2267 1052 2320 θεία
1069 2267 1279 2338 Γραφή,
1295 2266 1450 2320 τοῦτό
1473 2284 1656 2338 φησιν,
1673 2268 1755 2319 ὅτι
1772 2263 1991 2320 Εἷόενό
2010 2265 2153 2331 Θεὸς

493 2357 583 2408 ὅτι
616 2356 850 2422 ἀπέστη
889 2355 1149 2420 ἕκαστος
1170 2354 1289 2408 ἀπὸ
1318 2353 1428 2422 τῆς
1452 2354 1592 2408 ὀδοῦ
1617 2353 1802 2407 αὑτοῦ
1835 2351 1942 2418 τῆς
1972 2365 2154 2416 πονη-

486 2443 621 2512 ρᾶς.
663 2443 787 2496 Ἐάν
826 2444 1004 2494 τοίνυν
1037 2443 1132 2500 καὶ
1174 2443 1323 2512 ἡμᾶς
1375 2441 1460 2514 ἴδῃ
1510 2442 1984 2511 μεταταξαμένους
2018 2440 2155 2509 πρὸς

495 2533 594 2598 τὴν
635 2532 858 2602 ἀρετὴν,
891 2533 983 2583 καὶ
1023 2529 1373 2592 ἐκκλίναντας
1407 2531 1507 2599 μὲν
1540 2530 1646 2582 ἀπὸ
1682 2531 1779 2599 τῆς
1811 2529 2028 2591 κακίας,
2062 2528 2154 2578 ἐπὶ

495 2619 552 2671 δὲ
592 2620 690 2689 τὴν
727 2618 834 2671 τῶν
869 2619 1088 2684 ἀγαθῶν
1121 2618 1382 2689 ἐργασίαν
1419 2616 1763 2680 σπεύδοντας.
1800 2616 2008 2681 δέξεται
2058 2615 2154 2666 καὶ

491 2705 652 2775 ⁴ἡμῶν
697 2707 797 2775 τὴν
832 2707 1188 2775 ἐπιστροφὴν,
1238 2705 1329 2757 καὶ
1364 2705 1472 2757 τῶν
1515 2705 1748 2774 φορτίων
1783 2701 2153 2772 ἐλευθερώσας

497 2794 605 2846 τῶν
641 2794 1054 2862 ἁμαρτημάτων
1095 2789 1321 2862 παρέξει
1359 2792 1456 2853 τὰς
1498 2793 1628 2861 παρ’
1677 2790 1872 2842 ἐαυτοῦ
1921 2790 2152 2860 δωρεάς.

493 2881 631 2933 (ὶὺδέ
658 2881 765 2951 γὰρ
792 2882 950 2949 ἡμεῖς
979 2878 1119 2932 οὕτω
1139 2879 1238 2948 τῆς
1258 2878 1366 2930 τῶν
1387 2877 1802 2948 ἁμαρτημάτων
1832 2876 2154 2945 ἀπαλλαγῆς

494 2966 890 3036 ἐπιθυμοῦμεν,
922 2968 1016 3018 καὶ
1047 2965 1322 3035 σωτηρίας
1351 2965 1730 3034 ἐφιέμεθα,ὡς
1749 2964 1909 3025 αὐτὸς
1931 2963 2152 3016 σπεύδει

495 3056 588 3108 καὶ
618 3053 898 3120 ἐπείγεται
929 3052 1199 3105 κάκείνων
1238 3054 1368 3121 ἡμῖν
1402 3052 1500 3121 τὴν
1555 3051 1875 3120 ἀπαλλαγὴν
1903 3050 2150 3120 δωρήσαο

497 3141 640 3202 σθαι,
668 3141 760 3193 καὶ
797 3140 894 3209 τῆς
925 3139 1200 3209 σωτηρίας
1229 3138 1325 3209 τὴν
1373 3137 1673 3192 ἀπόλαυσιν
1701 3138 2021 3208 παρασχεῖν.
2056 3135 2154 3189 Διά

494 3229 674 3294 τοῦτο,
697 3227 1016 3299 παρακαλῶ,
1039 3226 1390 3297 διεγείρωμεν
1421 3227 1629 3280 ἑαυτῶν
1654 3225 1743 3277 τὸν
1765 3223 2044 3293 λογισμὸν,
2060 3224 2156 3276 καὶ

493 3316 721 3377 ἕκαστος
770 3313 1058 3383 ἐξεταστὴς
1108 3313 1283 3382 ἐαυτῷ
1331 3311 1585 3380 γινέσθω,
1641 3311 1694 3363 εί
1721 3327 1772 3364 τι
1815 3310 1979 3362 πλέον
2005 3308 2153 3379 αύτῷ

494 3402 851 3474 κατώρθωται
905 3404 961 3454 ἐν
990 3401 1068 3471 τῷ
1106 3400 1426 3470 παρελθόντι
1479 3401 1678 3470 χρόνῳ,
1731 3399 1784 3451 εἴ
1816 3415 1937 3450 τινα
1969 3397 2152 3466 δνησιν

492 3492 648 3561 ἔσχεν
678 3493 740 3543 ἐκ
772 3491 870 3560 τῆς
905 3489 1163 3559 συνεχοῦς
1199 3488 1401 3558 ταύτης
1426 3487 1794 3550 διδασκαλίας,
1821 3485 1875 3538 εί
1899 3503 1950 3538 τι
1982 3486 2152 3554 ἐκαρ-

494 3580 713 3634 πώσατο
743 3582 821 3642 εἰς
854 3580 951 3651 τήν
977 3579 1071 3632 τοῦ
1122 3580 1348 3649 πλησίον
1389 3579 1744 3639 κατάστασιν,
1798 3577 1849 3629 εἷ
1894 3594 2016 3629 τινα
2043 3576 2150 3628 τῶν

491 3667 884 3736 ἐλαττωμάτων
924 3665 1199 3735 διώρθωσε
1226 3665 1332 3717 τῶν
1358 3664 1574 3725 ἑαυτοῦ,
1607 3665 1659 3716 εἴ
1682 3681 1803 3718 τινα
1839 3664 1977 3734 πρὸς
2004 3662 2152 3731 φιλο-

495 3753 687 3823 σοφίαν
727 3752 1038 3824 προτροπὴν
1073 3751 1288 3814 ἐδέξατο
1337 3753 1401 3803 ἐκ
1431 3754 1526 3820 τῆς
1569 3750 1943 3821 καθημερινῆς
1993 3750 2148 3818 ήμῶν

495 3841 896 3913 παραινέσεωςο
929 3841 1022 3892 καὶ
1072 3841 1184 3900 τοῖς
1215 3839 1311 3908 μὲν
1364 3839 1465 3906 ἠδη
1494 3837 1944 3908 κατωρθωμένοις
1981 3853 2152 3905 προσ-

493 3927 665 3999 θήκην
717 3927 1020 3990 ἐπινοείτω,
1071 3927 1164 3978 καὶ
1212 3924 1481 3994 μηδέποτε
1533 3924 1786 3976 παυέσθω
1837 3923 1936 3990 τῆς
1983 3924 2154 3989 καλῆς

493 4013 696 4082 ταύτης
721 4013 1002 4083 ἐργασίας.
1033 4013 1094 4064 El
1127 4012 1181 4063 δέ
1205 4029 1284 4074 τις
1314 4011 1418 4063 ὑπὸ
1439 4012 1535 4080 τῆς
1566 4009 1854 4080 συνηθείας
1881 4010 1978 4077 τῆς
2027 4011 2154 4080 περὶ

493 4100 652 4154 αὑτὸν
682 4101 1087 4170 κεκρατημένος
1108 4101 1209 4168 όρᾷ
1239 4090 1430 4150 ἐαυτὸν
1457 4100 1568 4160 τοῖς
1593 4097 1776 4160 αὐτοῖς
1805 4097 2149 4166 ἐπιμένοντα,

494 4186 768 4256 βιασάσθω
831 4187 1025 4239 ἐαυτοῦ
1073 4186 1162 4237 τόν
1207 4186 1485 4255 λογισμὸν,
1528 4184 1684 4254 δίκην
1708 4184 2021 4253 ἀπαιτήσας
2054 4184 2152 4252 τῆς

491 4275 757 4343 τοσαύτης
815 4273 1121 4344 ῥᾳθυμίας,
1178 4273 1273 4325 καὶ
1321 4273 1394 4341 μὴ
1451 4272 1736 4341 ἀνάσχοιτο
1783 4272 1810 4310 δ
1849 4270 2154 4341 περαιτέρω

494 4363 798 4433 προελθεῖν,
853 4361 987 4414 ἀλλά
1042 4363 1202 4432 μέχρι
1233 4361 1421 4414 τούτου
1451 4361 1654 4430 στήσας
1682 4360 1749 4413 τά
1779 4363 1876 4430 τῆς
1908 4359 2152 4429 πονηρᾶς

495 4450 781 4518 συνηθείας
811 4487 824 4510 ,
877 4450 1188 4500 ἐκκοπτέτω
1220 4447 1315 4516 τὴν
1353 4447 1548 4517 ὁρμὴν,
1607 4446 2004 4515 ἀναχαιτιζέτω
2061 4447 2151 4498 τὸν

492 4535 768 4605 λογισμὸν,
795 4536 873 4597 εἰς
892 4533 1097 4586 ἔννοιαν
1125 4535 1312 4586 ἑαυτὸν
1338 4534 1514 4598 ἀγέτω
1537 4533 1634 4601 τῆς
1669 4533 1903 4602 φοϐερᾶς
1939 4533 2152 4603 ἐκείνης

494 4620 723 4690 ἡμέρας,
759 4617 1157 4684 ἀναλογιξέσθω
1206 4618 1306 4685 τῆς
1356 4620 1587 4687 φρικτῆς
1642 4618 1844 4686 ταύτης
1876 4617 2152 4687 τραπέζης

492 4708 590 4777 τὴν
615 4708 928 4769 ἀπόλαυσιν,
963 4707 1054 4758 καὶ
1081 4704 1171 4757 τοῦ
1194 4705 1441 4758 ἐντεῦθεν
1477 4705 1823 4774 ἐκπηδῶντος
1861 4703 2029 4774 πυρὸς
2054 4704 2153 4773 τὴν

495 4795 846 4865 φαιδρότητα,
879 4793 972 4845 καὶ
996 4793 1088 4862 τὴν
1123 4794 1418 4861 καυστικὴν
1450 4792 1696 4860 δύναμιν,
1722 4791 1812 4842 καὶ
1844 4791 1962 4842 οἵαν
1988 4792 2154 4844 ἀπαι-

493 4883 574 4933 τεῖ
617 4881 711 4932 τοῦ
759 4879 1069 4950 προσιόντος
1099 4874 1234 4932 εἶναι
1288 4880 1383 4948 τὴν
1411 4879 1668 4937 διάνοιαν,
1725 4877 1920 4940 παντὸς
1956 4877 2148 4946 ῥύπου,

494 4967 673 5036 πάσης
699 4967 907 5036 κηλῖδος
941 4965 1369 5035 καθαρεύουσαν,
1388 4967 1479 5018 καὶ
1503 4965 1607 5016 τῶν
1633 4965 1849 5017 ἀτόπων
1879 4965 2152 5034 λογισμῶν

491 5055 590 5123 τὴν
624 5055 906 5106 συνουσίαν
937 5053 1363 5122 ἐκτρεπομένην,
1397 5053 1460 5104 ἶν’
1489 5053 1660 5116 οὕτως
1709 5055 1934 5114 ἑαυτοὺς
1966 5054 2153 5121 εὑτρε-

493 5143 749 5204 πίσαντες
779 5144 897 5204 ταῖς
929 5141 1130 5204 μεταξὺ
1163 5140 1383 5201 ταύταις
1408 5139 1636 5210 ἡμέραις
1653 5141 1994 5210 δυνηθῶμεν,
2030 5141 2153 5191 καθ’

491 5230 613 5281 ὅσον
640 5226 749 5281 οἷόν
783 5247 840 5280 τε
877 5228 1277 5297 ἐκκαθάραντες
1323 5229 1564 5289 ἑαυτοὺς,
1619 5230 1709 5279 καὶ
1753 5228 1851 5295 τῆς
1903 5227 2150 5279 ἐντεῦθεν

493 5314 840 5376 ἀπολαύσεως
896 5317 1204 5382 μετασχεῖν,
1258 5315 1350 5365 καὶ
1395 5315 1501 5366 τῶν
1554 5315 1878 5384 ἀπορρήτων
1925 5314 2151 5365 ἐκείνων

493 5401 711 5467 ἀγαθῶν
737 5400 1054 5468 ἀξιωθῆναι,
1087 5392 1158 5450 ὧν
1191 5401 1551 5467 ἐπηγγείλατο
1577 5403 1689 5461 τοῖς
1737 5400 2022 5466 ἀγαπῶσιν
2054 5421 2150 5455 αυο

493 5489 603 5550 τὸν,
641 5489 820 5558 χάριτι
852 5488 945 5540 καὶ¹
976 5486 1355 5556 φιλανθρωπία
1387 5487 1476 5538 τοῦ
1520 5487 1722 5556 Κύριου
1777 5487 1931 5555 ἡμῶν
1975 5488 2142 5556 ’ίησοῑ

494 5575 766 5646 Χριστοῦ,
803 5575 919 5644 μεθ’
968 5569 1033 5628 οὗ
1073 5573 1149 5643 τῷ
1195 5575 1366 5642 Πατρὶ
1411 5575 1526 5642 ἅμα
1572 5574 1646 5644 τῷ
1691 5573 1828 5643 ἁγίῳ
1875 5573 2148 5643 Πνεύματι

489 5762 514 5807 ἁ
552 5697 568 5719 ⁸
606 5697 734 5772 ngil
755 5760 773 5804 ε
796 5698 918 5759 conj.
959 5697 1197 5760 ῥᾳθυμίαν.
1224 5697 1356 5745 [dom
1384 5695 1432 5744 in
1459 5703 1593 5745 textu
1617 5698 1894 5755 ἀπώσασθε,
1917 5696 1962 5744 in
1999 5711 2145 5759 marg.

522 5775 750 5807 πἰσεισεσ
769 5771 817 5805 ιε.

522 5775 817 5807 πἰσεισεσυε.

555 5827 578 5862 h
605 5821 751 5889 διινὶί.
783 5821 1004 5889 λογισμὸίθ
1047 5820 1177 5873 δίκην
1221 5819 1459 5889 ἀπαιτήσῃ
1503 5825 1584 5875 τῆς
1625 5819 1856 5874 τοσαύτης
1910 5820 2148 5880 ῥᾳθυμίας,

489 5881 926 5941 μήτεάνάσχηται.
973 5881 1077 5928 Duo
1112 5893 1223 5926 MSS.
1259 5881 1497 5938 λογισμὸν.
1527 5884 1604 5936 Μὴ
1645 5882 1777 5936 δίκην
1801 5881 2039 5940 ἀπαιτήσῃ
2068 5888 2149 5936 τῆς

488 5940 721 5997 τοσαύτης
744 5940 980 6005 ῥᾳθυμίας,
1003 5942 1084 5988 καὶ
1109 5942 1168 6001 μὴ
1193 5941 1470 6002 ἀνάσχηται.

1285 402 1342 458 S.
1380 397 1662 456 JOANNIS
1698 390 2178 453 CIIBYSOSTOMI
2220 390 2538 447 Αιιοηιερ.
2578 387 3122 447 CONSTANTINOP.

3827 381 3926 441 ιιι

2256 508 2404 574 δόξα,
2428 508 2822 579 κράτος,τιμή,
2839 506 2936 560 νῦν
2961 505 3055 560 καὶ
3082 505 3191 569 ἀεὶ,
3226 504 3316 557 καὶ
3339 503 3419 567 είς
3445 503 3574 565 τοὺς
3601 503 3804 567 αἰῶνας
3827 504 3931 555 τῶν

2257 597 2490 651 αιώνων.
2525 597 2718 666 ’Δμήν.

2816 663 2965 736 [τσο]
3002 663 3244 717 ΟΜΙΛΙΛ
3276 663 3402 715 κεν.

2258 752 2385 807 Νῶε
2414 753 2483 808 δὲ
2512 749 2592 825 ἦν
2614 752 2765 825 ἐτῶν
2793 751 3157 825 ἑξακοσίων..
3185 749 3281 825 καί
3303 753 3336 825 ό
3357 748 3792 825 κατέικλυσμές
3822 749 3924 804 τοῦ

2630 824 2850 889 ὕδατος
2876 819 3232 890 ἐγένετο-ἐπί
3262 819 3375 887 τῆς
3413 819 3546 889 γῆς.

2327 916 2395 964 α’.
2426 911 2536 982 Τῆς
2569 911 2881 981 ὑποθέσεως
2907 908 3166 980 βούλομαι
3223 907 3384 962 πάλιν
3410 907 3675 977 ἅψασθαι,
3711 909 3837 978 περὶ
3861 903 3928 980 ἧς

2257 995 2450 1068 πρώην
2501 997 2783 1068 διελέχθην
2816 996 2971 1068 ὑμῶν
3001 999 3067 1066 τῇ
3099 995 3287 1065 ἀγάπῃ
3311 1033 3328 1057 ,
3377 996 3470 1048 καὶ
3519 993 3618 1065 τὴν
3654 995 3798 1048 κατὰ
3842 995 3931 1047 τὸν

2255 1085 2461 1139 δίκαιον
2502 1085 2625 1137 Νῶε
2665 1085 2825 1139 πάλιν
2861 1075 3109 1152 ἱστορίαν
3145 1084 3224 1145 είς
3267 1083 3430 1152 μέσον
3469 1083 3721 1151 ἀγαγεῖν.
3757 1081 3929 1144 Πολὺς

2257 1173 2364 1240 γάρ
2391 1175 2420 1225 ό
2451 1172 2550 1242 τῆς
2591 1172 2792 1242 ἀρετῆς
2829 1170 2923 1224 τοῦ
2970 1171 3180 1224 δικαίου
3219 1169 3445 1233 πλοῦτος
3470 1211 3482 1230 ,
3537 1170 3632 1224 καὶ
3662 1172 3931 1241 προσήκει

2258 1261 2403 1330 ἡμᾶς
2425 1259 2566 1314 κατά
2588 1259 2815 1330 δύναμιν
2836 1259 3108 1330 ἡμετέραν
3131 1257 3308 1311 πάντα
3334 1259 3476 1310 κατα
3505 1258 3704 1328 μικρὸν
3725 1258 3933 1330 διερευ-

2259 1347 2597 1418 νησαμένους
2629 1347 2831 1419 πολλὴν
2855 1347 2983 1416 ὑμῖν
3013 1347 3113 1416 τήν
3141 1345 3401 1416 εὐπορίαν
3447 1344 3699 1398 ἐντεῦθεν
3751 1361 3930 1415 παρα-

2259 1436 2424 1502 σχεῖν.
2473 1433 2634 1487 Ἀλλά
2663 1434 2976 1486 συντείνατε
3003 1451 3114 1503 μοι,
3167 1431 3491 1502 παρακαλῶ,
3535 1432 3636 1502 τὴν
3662 1431 3926 1492 διάνοιαν,

2259 1518 2344 1571 ῐνα
2404 1521 2570 1591 μηδὲν
2600 1522 2744 1591 ὑμᾶς
2778 1519 3016 1591 διαφύγῃ
3043 1529 3064 1558 ε
3105 1519 3212 1573 τῶν
3247 1519 3586 1590 ἐγκειμένων
3618 1519 3926 1589 νοημάτων.

2271 1607 2593 1675 Ἀναγκαῖον
2621 1609 2679 1661 δέ
2711 1610 2976 1677 πρότερον
3007 1607 3314 1677 ὑπομνῆσαι
3349 1607 3502 1676 ὑμῶν
3543 1607 3641 1677 τὴν
3670 1609 3894 1678 ἀγάπην
3914 1647 3928 1669 ,

2262 1692 2425 1765 μέχρι
2458 1694 2601 1759 τίνος
2633 1697 2765 1766 ἡμῖν
2801 1693 2996 1766 πρώην
3033 1692 3189 1762 ἔληξε
3221 1693 3290 1746 τὰ
3319 1693 3419 1763 τῆς
3451 1693 3828 1758 διδασκαλίας,
3847 1694 3932 1746 ἴνα

2260 1781 2468 1834 ἐκεῖθεν
2502 1780 2682 1834 πάλινν
2698 1780 3059 1844 ἀναλαϐόντες
3089 1781 3331 1852 σήμερον
3362 1780 3454 1832 τὸν
3506 1781 3668 1848 λόγον
3692 1820 3708 1844 ,
3762 1779 3931 1843 οὕτως

2260 1869 2550 1940 ύφάνωμεν
2579 1870 2691 1931 τοῖς
2721 1869 3035 1939 εἰρημένοις
3058 1869 3150 1921 καὶ
3175 1868 3242 1921 τά
3272 1867 3367 1921 νῦν
3395 1867 3657 1938 μέλλοντα
3693 1867 3931 1940 ῥηθήσε-

2262 1955 2404 2008 σθαι.
2468 1955 2622 2009 Οῠτω
2672 1955 2782 2026 γὰρ
2835 1956 2964 2025 ὑμῖν
3013 1953 3319 2007 εὐσύνοπτοι
3374 1954 3527 2007 ἐσται
3576 1955 3671 2007 καὶ
3721 1955 3790 2008 τὰ
3839 1952 3933 2006 νῦν

2259 2042 2548 2113 λεγόμενα.
2587 2042 2697 2096 Ποῦ
2725 2039 2818 2095 οὖν
2844 2043 2905 2096 τὸ
2929 2042 3081 2106 τέλος
3102 2042 3260 2112 ἔσχεν
3288 2043 3420 2112 ἡμῖν
3441 2041 3509 2095 τά
3541 2045 3640 2112 τῆς
3669 2042 3931 2096 διδασκα-

2260 2124 2376 2188 λίας
2402 2144 2417 2190 ;
2445 2122 2612 2188 Εἶπε,
2653 2127 2807 2194 φησι,
2841 2127 3059 2192 Κύριος
3090 2127 3122 2178 ὀ
3155 2125 3298 2191 Θεὸς
3332 2123 3412 2189 τῷ
3453 2123 3578 2178 Νῶε
3610 2141 3623 2153 ·
3675 2125 3933 2178 Εἶσελθε

2259 2210 2340 2264 σὺ
2369 2211 2465 2265 καὶ
2481 2210 2601 2277 πᾶς
2626 2215 2658 2265 ό
2682 2208 2845 2275 οἶκός
2863 2228 2980 2264 σου
2996 2214 3084 2277 εἰς
3117 2211 3231 2279 τὴν
3254 2210 3524 2273 κιϐωτόν,
3556 2211 3644 2263 ὅτι
3673 2227 3748 2263 σε
3767 2206 3935 2264 εἶδον

2257 2299 2491 2354 δίκαιον
2516 2299 2794 2352 ἐναντίον
2829 2297 2975 2367 ἐμοῦ
3015 2298 3177 2365 ἐντιῖ
3213 2296 3387 2367 γενεᾷ
3438 2298 3624 2365 ταύτῃ
3647 2315 3659 2327 ο
3710 2296 3833 2350 ἀπὸ
3865 2295 3934 2349 δὲ

2257 2386 2373 2439 τῶν
2427 2383 2663 2452 κτηνῶν
2707 2383 2828 2438 τῶν
2851 2383 3127 2452 καθαρῶν
3165 2385 3448 2451 εἰσάγαγε
3489 2383 3640 2451 πρὸς
3666 2383 3744 2436 σὲ
3779 2383 3931 2436 ἑπτὰ

2257 2473 2423 2537 ἑπτὰ,
2445 2473 2542 2526 καὶ
2564 2471 2684 2527 ἀπὸ
2719 2472 2837 2526 τῶν
2861 2472 3098 2539 κτηνῶν
3123 2469 3240 2524 τῶν
3258 2473 3344 2540 μὴ
3373 2471 3644 2539 καθαρῶν
3663 2470 3774 2525 δύο
3796 2470 3928 2523 δύο.

2262 2562 2388 2614 Ἔτι
2425 2561 2533 2629 γὰρ
2574 2558 2724 2612 ἑπτὰ
2753 2558 3004 2628 ἡμερῶν,
3040 2558 3239 2628 ἐπάγω
3291 2557 3469 2611 ὑετόν
3507 2557 3607 2610 ἐπὶ
3663 2556 3780 2623 τὴν
3814 2556 3932 2626 γῆν

2257 2647 2707 2715 τεσσαράκοντα
2755 2649 2978 2716 ἡμέρας
3026 2646 3123 2698 καὶ
3186 2645 3642 2713 τεσσαράκοντα
3679 2646 3928 2708 νύκτας,

2260 2736 2353 2788 καί
2377 2734 2678 2801 ἐξαλείψω
2699 2732 2898 2787 πᾶσαν
2941 2733 3055 2800 τὴν
3074 2733 3505 2796 ἐξανάστασιν,
3541 2730 3620 2798 ἢν
3645 2732 3928 2798 ἐποίησα,

2257 2820 2375 2874 ἀπὸ
2415 2819 2738 2888 προσώπου
2773 2817 3052 2890 τῆς-τῆς,
3107 2818 3224 2872 ἀπὸ
3275 2818 3588 2886 ἀνθρώπου
3627 2819 3738 2884 ἓως
3788 2820 3929 2884 κτή-

2256 2927 2423 2976 νους.
2447 2909 2555 2965 Καὶ
2586 2908 2836 2974 ἐποίησε
2865 2905 2993 2960 Νῶε
3022 2907 3219 2960 πάντα
3252 2906 3369 2959 ὅσα
3398 2907 3738 2960 ἐνετείλατο
3766 2905 3930 2970 αῖ·τῷ

2257 2998 2476 3064 Κύριος
2513 2997 2546 3048 ὁ
2577 2995 2738 3059 Θεός.
2769 2993 2946 3064 Μέχρι
2984 2993 3174 3046 τούτου
3207 2995 3502 3063 στήσαντες
3535 2993 3626 3045 τὸν
3664 2992 3822 3060 λόγον
3846 2993 3932 3045 ἐν-

2256 3085 2432 3138 ταῦθα
2467 3082 2894 3153 κατεπαύσαμεν
2939 3081 3038 3152 τὴν
3083 3081 3453 3134 διδασκαλίαν.
3482 3081 3779 3152 Μέμνησθε
3814 3081 3928 3151 γὰρ

2260 3170 2388 3231 ἴσως
2437 3169 2529 3221 καὶ
2565 3169 2738 3229 αὐτοὶ,
2773 3169 2859 3220 ὅτε
2909 3168 3006 3237 τὴν
3053 3167 3232 3220 αἰτίαν
3291 3167 3594 3237 εἰρήκαμεν
3648 3165 3804 3235 ὑμῶν
3860 3170 3924 3237 τῇ

2257 3257 2464 3327 ἀγάπῃ,
2505 3256 2647 3317 τίνος
2680 3256 2864 3307 ἐνεκεν
2891 3254 2997 3307 ἀπὸ
3035 3253 3133 3323 μὲν
3163 3254 3271 3306 τῶν
3298 3253 3553 3324 καθαρῶν
3581 3254 3720 3306 ἐπτά
3753 3270 3922 3324 προσ-

2257 3344 2442 3410 έταξεν
2472 3340 2808 3412 είσαχθῆναι,
2838 3339 2945 3394 ἀπὸ
2976 3341 3031 3393 δέ
3057 3341 3161 3394 τῶν
3187 3340 3516 3412 ἀκαθάρτων
3540 3338 3634 3394 δύο
3658 3339 3771 3392 δύο.
3786 3340 3926 3410 Φέρε

2256 3427 2347 3484 οὖν
2379 3430 2562 3484 λοιπὸν
2591 3430 2828 3500 σήμερον
2850 3430 2962 3490 τοῖς
2991 3427 3119 3497 ἐξῆς
3160 3427 3586 3494 ἀναγνωσθεῖσιν
3619 3425 3918 3490 ἐπεξέλθω-

2259 3535 2378 3588 μεν,
2407 3517 2499 3570 καὶ
2549 3516 2747 3585 ἴδωμεν
2776 3515 2825 3567 τί
2857 3515 3126 3586 διηγεῖται
3159 3515 3290 3585 ήμῖν
3315 3517 3348 3584 ή
3382 3513 3502 3566 θεία
3549 3513 3740 3584 Γραφὴ
3783 3516 3925 3582 μετὰ

2254 3606 2353 3675 τὴν
2387 3603 2590 3656 εῖσοδον
2618 3601 2712 3654 τοῦ
2750 3601 2872 3654 Νῶε
2912 3602 2992 3663 εἰς
3024 3601 3119 3672 τὴν
3149 3600 3402 3655 κιϐωτόν.
3440 3600 3556 3653 Νῦν
3590 3600 3718 3672 γὰρ,
3756 3600 3802 3651 εί
3832 3602 3926 3653 καί

2261 3709 2390 3744 ποτε
2415 3691 2628 3751 ἄλλοτε,
2659 3690 2891 3759 μάλιστα
2919 3688 3118 3758 πολλὴν
3169 3685 3576 3740 ἐπιδείκνυσθαι
3599 3686 3744 3756 ἡμᾶς
3763 3702 3927 3756 προσ-

2257 3781 2380 3849 ήκει
2414 3779 2510 3847 τὴν
2546 3778 2802 3846 σπουδὴν,
2836 3777 2924 3830 ὅτε
2955 3776 3042 3829 διά
3063 3776 3155 3829 τὸν
3199 3775 3298 3846 τῆς
3327 3774 3582 3845 νηστείας
3609 3775 3798 3844 καιρὸν
3833 3777 3925 3828 καί

2256 3865 2355 3934 τῆς
2391 3866 2611 3935 ἡδίστης
2635 3865 2788 3933 ὑμῶν
2823 3862 3113 3932 συντυχίας
3141 3861 3378 3931 συνεχῶς
3410 3859 3778 3930 ἀπολαύομεν,
3831 3865 3925 3914 καί

2256 3952 2355 4020 τῆς
2405 3953 2531 4020 περὶ
2584 3952 2680 4020 τὴν
2726 3951 2938 4022 τρυφὴν
2987 3949 3295 4020 ἀδηφαγίας
3355 3947 3778 4018 ἀπηλλάγμεθα,
3830 3952 3924 4001 καὶ

2258 4037 2693 4108 διεγηγερμένων
2727 4038 2940 4107 ἔχοντες
2994 4038 3085 4090 τὸν
3134 4036 3396 4106 λογισμὸν
3449 4035 3729 4105 δυνάμεθα
3787 4037 3924 4104 μετᾶ

2259 4125 2544 4194 ἀκριϐείας
2571 4125 2857 4194 προσέχειν
2885 4128 2999 4188 τοῖς
3037 4125 3376 4194 λεγομένοις.
3404 4121 3576 4176 Πόθεν
3606 4118 3697 4176 οὖν
3727 4124 3861 4192 ἡμῖν
3895 4125 3925 4192 ἡ

2259 4213 2401 4283 ἀρχὴ
2447 4212 2638 4279 γέγονε
2672 4213 2780 4264 τῶν
2829 4213 3069 4282 σήμερον
3107 4211 3589 4279 ἀναγνωσθέντων,
3625 4213 3925 4279 ἀναγκαῖον

2259 4303 2454 4353 εἰπεῖν.
2480 4298 2604 4353 Νῶε
2634 4299 2701 4351 δὲ
2726 4296 2804 4367 ἦν
2831 4300 2982 4353 ἐτῶν
3013 4299 3366 4361 ἑξακοσίων,
3384 4298 3536 4366 φησὶ,
3563 4298 3659 4350 καί
3683 4301 3716 4350 ὁ
3748 4315 3924 4350 κατα-

2258 4384 2533 4453 κλυσμὸς
2555 4384 2663 4436 τοῦ
2691 4384 2908 4450 ὓδατος
2935 4384 3171 4452 ἐγένετο
3196 4384 3293 4436 ἐπὶ
3324 4382 3432 4450 τῆς
3447 4382 3577 4451 γῆς.
3599 4383 3924 4453 Προσέχετε,

2257 4473 2578 4544 παρακαλῶ,
2611 4473 2703 4526 καὶ
2729 4474 2801 4543 μὴ
2834 4472 3019 4535 άπλῶς
3036 4472 3482 4544 παραόράμωμεν
3508 4471 3568 4522 τὸ
3596 4473 3888 4542 εἰρημένον
3909 4488 3922 4500 ·

2257 4556 2368 4626 ἔχει
2398 4557 2506 4624 γάρ
2528 4571 2648 4606 τινα
2675 4554 2901 4608 πλοῦτον
2932 4556 3380 4626 ἐγκεκρυμμένον
3402 4558 3562 4606 ταυτὶ
3582 4554 3649 4606 τά
3675 4555 3882 4624 βραχέα
3899 4556 3922 4593 ι¹

2259 4644 2498 4711 ῥήματα,
2535 4641 2628 4694 καὶ
2656 4642 2752 4694 ἐάν
2793 4647 3155 4710 συντείνωμεν
3211 4641 3368 4711 ήμῶν
3393 4643 3493 4712 τήν
3537 4642 3796 4706 διάνοιαν,
3829 4649 3924 4697 καὶ

2257 4727 2315 4793 ἐξ
2335 4727 2498 4781 αὐτοῦ
2531 4727 2720 4780 τούτου
2749 4727 3092 4796 δυνησόμεθα
3133 4727 3472 4796 καταμαθεῖν
3502 4729 3599 4799 τῆς
3631 4746 3689 4780 τε
3739 4731 3918 4797 φιλανι

2259 4814 2501 4885 θρωπίας
2534 4815 2626 4868 τοῦ
2650 4815 2919 4868 Δεσπότου
2953 4816 3052 4884 τὴν
3083 4815 3183 4866 ύπε
3195 4814 3410 4884 ρϐολὴν,
3430 4817 3524 4868 καὶ
3552 4815 3651 4884 τῆς
3672 4817 3782 4868 τῶν
3803 4819 3922 4870 τότε

2256 4903 2556 4973 ἀνθρώπων
2603 4903 2801 4964 κακίας
2849 4902 2948 4971 τήν
3004 4901 3202 4970 πολλὴν
3243 4902 3512 4954 ἐπίτασιν.
3567 4901 3692 4954 Νῶε
3735 4903 3802 4954 δὲ
3845 4899 3924 4973 ἦν

2256 4988 2422 5050 ἑτῶν,
2450 4989 2634 5058 φησὶν,
2654 4989 3006 5052 ἑξακοσίων.
3048 4989 3159 5057 Ούχ
3187 4987 3372 5050 ἁπλῶς
3408 4989 3553 5057 ἡμᾶς
3573 4988 3663 5040 τὸν
3692 4989 3924 5059 ἀριθμὸν

2255 5075 2360 5126 τῶν
2397 5078 2532 5128 ἐτῶν
2568 5075 2771 5138 ἐδίδαξε
2813 5074 2904 5127 τοῦ
2929 5075 3160 5134 δικαίου,
3203 5075 3323 5127 οὐδὲ
3351 5075 3437 5128 ἴνα
3471 5075 3600 5127 αύτὺ
3623 5075 3780 5128 τοῦτο
3815 5077 3921 5146 μά-

2257 5163 2459 5232 θωμεν,
2517 5163 2698 5214 πόσων
2748 5158 2813 5230 ἦν
2846 5162 2979 5214 ἐτῶν
3032 5164 3059 5213 ὁ
3107 5160 3348 5224 δίκαιος,
3404 5160 3515 5212 ἀλλ’
3546 5161 3699 5232 [251]
3735 5163 3921 5231 ἐπειδὴ

2258 5249 2602 5319 προλαϐοῦσα
2635 5244 2868 5310 ἐδίδαξεν
2902 5251 3046 5317 ἡμᾶς
3077 5249 3109 5318 ή
3143 5248 3261 5300 θεία
3299 5247 3490 5318 Γραφὴ
3535 5249 3635 5318 ήδη
3667 5248 3918 5310 εἰποῦσα,

2253 5343 2335 5394 ὅτι
2364 5339 2486 5396 Νῶε
2507 5340 2573 5390 δὲ
2601 5339 2679 5406 ἦν
2701 5336 2851 5390 ἐτῶν
2870 5338 3305 5403 πεντακοσίων,
3348 5339 3444 5390 κα)⁵
3475 5338 3611 5406 μετά
3633 5338 3696 5390 τὸ
3727 5337 3918 5406 γνώρι-

2257 5446 2355 5497 μον
2381 5427 2513 5496 ήμῖν
2531 5427 2750 5495 ποιῆσαι
2773 5425 2881 5477 τῶν
2908 5425 3044 5476 ἐτῶν
3072 5425 3161 5478 τὸν
3190 5425 3446 5495 ἀριθμὸν,
3475 5426 3594 5478 τότε
3622 5425 3921 5494 διηγήσατο

2254 5517 2360 5569 τῶν
2390 5514 2687 5584 ἀνθρώπων
2718 5515 2814 5583 τὴν
2845 5514 3046 5584 πολλὴν
3082 5515 3210 5584 περὶ
3235 5515 3336 5584 τὴν
3375 5513 3573 5567 κακίαν
3605 5513 3803 5583 ῥοπὴν,
3826 5514 3921 5568 καὶ

2251 5602 2338 5655 ὅτι
2372 5601 2614 5668 ἔγκειται
2645 5602 2675 5668 η
2715 5599 2920 5652 διάνοια
2953 5599 3046 5652 τοῦ
3083 5599 3368 5671 ἀνθρώπου
3400 5599 3672 5670 ἐπιμελῶς
3708 5599 3800 5651 ἐπὶ
3850 5602 3918 5652 τα

2257 5688 2464 5758 πονηρά
2495 5688 2560 5738 ἐκ
2588 5686 2836 5756 νεότητος
2860 5704 2874 5718 ·
2907 5688 2988 5741 διό
3028 5705 3192 5758 φησιν
3237 5691 3264 5740 ὁ
3311 5688 3471 5751 Θεὸς,
3507 5690 3587 5740 οὐ
3618 5687 3703 5756 μὴ
3736 5703 3888 5740 κατα

2249 5777 2426 5845 μείνῃ
2459 5774 2524 5826 τὸ
2564 5773 2803 5842 Πνεῦμα
2831 5794 2950 5844 μου
3000 5776 3068 5829 ἐν
3118 5775 3242 5840 τοῖς
3293 5776 3625 5843 ἀνθρώποις
3659 5777 3918 5841 τούτοις,

2318 5881 2339 5907 ο
2377 5877 2457 5925 Sic
2492 5878 2641 5939 Savjl.
2669 5884 2718 5924 el.
2741 5887 2930 5938 srplom
2957 5893 3068 5928 mss.
3096 5877 3158 5926 Αι
3187 5877 3356 5926 Morel.
3383 5878 3578 5939 ἐκφύγῃ.

2316 5940 2343 5978 ιι
2370 5943 2446 5987 Ην
2483 5937 2629 5987 Savil.
2667 5947 2718 5986 el
2741 5937 2822 5985 svi
2862 5955 2975 5986 mss.
3016 5939 3066 5986 In
3099 5939 3269 5988 Morel.
3297 5937 3472 6003 βραχέα
3494 5941 3655 5986 deost.
