4080 6506
257 438 367 496 1|?
1453 429 1520 486 IN
1557 425 1712 486 CAP.
1757 426 1847 482 VII

253 564 449 612 nerant
475 575 488 613 :
519 570 703 614 verum
727 553 900 612 adhuc
921 553 1067 609 humi
1091 559 1362 622 reptantes
1385 547 1720 618 praeferimus
1733 555 1845 601 ter-

251 663 382 703 retia
404 648 732 714 easlestibus,
753 643 1037 717 prmsentia
1069 636 1302 698 futuris:
1336 651 1392 697 et
1427 655 1489 696 ea
1542 653 1664 710 qum
1699 637 1846 707 prius

247 740 491 807 avolant,
525 755 686 810 quam
715 744 1045 808 spectentur.
1078 736 1144 791 iis
1195 751 1316 806 qua:
1354 732 1606 788 omnibus
1649 729 1846 785 durant

245 831 500 886 smeulis:
531 838 586 887 et
614 838 1014 901 tetnporaneam
1047 829 1370 898 voluptatem
1419 831 1691 896 perpetua:
1746 835 1841 876 vo-

244 921 436 991 luptati
483 939 496 970 Ï„
561 923 782 978 brevem
840 922 977 976 hanc
1027 918 1308 990 przcseutis
1357 917 1481 972 vita:
1526 913 1839 971 felicitatem

242 1013 468 1068 aeternis
491 1013 614 1082 illis,
648 1023 703 1070 et
730 1013 835 1071 line
871 1011 1177 1070 carentibus
1231 1010 1465 1066 steculis.
1510 1008 1636 1064 Scio
1680 1019 1841 1061 aures

242 1114 452 1161 vestras
484 1106 567 1162 his
619 1107 798 1170 verbis
849 1105 1111 1170 vellicari,
1167 1103 1261 1160 sed
1306 1102 1583 1174 ignoscite.
1630 1097 1839 1155 Avidus

244 1207 436 1253 vestra:
455 1199 645 1256 salutis
669 1199 784 1254 luce
809 1198 1023 1269 loquor,
1065 1196 1271 1254 malens
1295 1212 1392 1251 vos
1415 1195 1502 1250 hic
1526 1191 1839 1264 aliquantis-

240 1307 339 1362 per
367 1293 663 1350 lancinatos
691 1302 950 1348 :eternam
976 1306 1188 1363 pinnam
1219 1290 1476 1360 effugere,
1503 1300 1661 1358 quam
1709 1299 1832 1340 cum

239 1397 403 1452 parva
431 1382 815 1441 refocillatione
843 1393 1156 1455 perpetuam
1176 1381 1318 1437 ferre
1342 1394 1576 1451 poenam.
1603 1377 1735 1433 Nam
1787 1375 1832 1430 si

234 1489 423 1530 sermo
452 1491 603 1531 meus
624 1475 675 1531 itt
701 1475 854 1532 vobis
880 1476 1127 1547 prolicit,
1173 1481 1603 1544 prteconccptum
1633 1482 1834 1524 maero-

232 1580 352 1622 rem
371 1568 656 1638 repelletis,
672 1577 727 1623 et
745 1583 881 1624 nunc
895 1568 1124 1623 maxime
1139 1567 1266 1623 dum
1281 1565 1455 1622 adhuc.
1471 1572 1672 1619 sanetzr
1688 1563 1830 1630 Qua-

231 1657 551 1730 dragesintzn
584 1671 795 1733 tempus
821 1659 974 1716 vobis
999 1650 1264 1730 reliquum
1312 1667 1397 1714 est
1432 1658 1682 1729 pusillum
1711 1656 1790 1727 (a)
1810 1697 1825 1721 ,

230 1751 477 1820 poteritis
507 1763 719 1821 peccata
743 1752 1082 1824 abstergere,
1122 1767 1474 1824 magnamque
1498 1766 1526 1805 a
1554 1751 1666 1806 Deo
1718 1749 1828 1807 elo;

228 1843 482 1897 mcntiam
523 1843 676 1898 vobis
717 1844 1022 1900 conciliare.
1062 1845 1176 1899 Non
1213 1844 1355 1899 enim
1404 1842 1587 1899 multis
1633 1842 1826 1898 diebus

225 1946 364 2002 opus
388 1933 547 1988 hahet
575 1933 853 2000 Dominus,
881 1950 1055 2004 neque
1087 1944 1332 2003 tempore
1357 1951 1371 1987 :
1399 1933 1493 1988 sed
1516 1934 1560 1988 si
1584 1932 1825 1988 volueri-

223 2039 367 2090 mus,
391 2025 515 2079 etin
539 2023 742 2080 duabus
770 2025 916 2082 hisee
935 2025 1286 2081 hebdomadis
1311 2025 1582 2096 corrigere
1606 2035 1822 2095 peccata

224 2128 407 2172 nostra
428 2117 741 2186 poterimus.
769 2117 900 2174 Nam
923 2119 965 2174 si
992 2117 1254 2174 Ninivitas
1276 2119 1434 2174 trium
1473 2118 1682 2174 dierum
1710 2132 1824 2187 pte-

223 2207 506 2263 niteutiam
535 2221 754 2280 agentes
782 2218 923 2266 tanta
972 2209 1222 2280 dignatus
1268 2218 1352 2265 est
1400 2209 1766 2265 misericordia
1800 2248 1817 2276 ,

220 2299 393 2355 multo
413 2301 583 2372 magis
610 2315 708 2358 nos
732 2316 836 2357 non
869 2301 1162 2374 chpieiet:
1188 2312 1391 2358 tantum
1422 2302 1466 2357 si
1494 2317 1621 2359 vere
1643 2303 1816 2372 pinni-

221 2401 454 2459 teamus,
483 2402 537 2447 et
552 2393 876 2451 desistentes
901 2409 931 2449 a
965 2404 1203 2464 peccato,
1235 2396 1375 2450 viam
1415 2410 1534 2466 qua:
1559 2395 1625 2449 ad
1647 2396 1817 2449 virtu-

218 2494 332 2542 tem
353 2486 499 2543 ducit
525 2487 909 2558 ingraliamur.
940 2488 1233 2558 Enimvero
1261 2489 1329 2544 de
1369 2490 1493 2554 illis,
1547 2488 1815 2544 Ninivitas

216 2575 361 2642 dico,
385 2576 660 2649 Scriptura
689 2589 932 2646 testatur,
950 2580 1136 2637 dicens
1169 2598 1183 2636 :
1216 2581 1351 2649 Quia
1365 2581 1489 2634 vidit
1511 2581 1654 2636 Deus
1681 2581 1817 2651 quod

215 2669 447 2724 discessit
473 2673 814 2742 unusquisque
838 2691 869 2727 a
898 2675 980 2729 via
1004 2691 1099 2729 sua
1119 2675 1257 2730 mala
1289 2674 1435 2750 (lion.
1467 2675 1520 2730 3.
1553 2674 1676 2748 l0).
1711 2674 1810 2746 lgi-

217 2771 308 2814 tur
331 2750 376 2814 si
403 2760 614 2829 viderit,
647 2761 789 2833 quod
815 2773 873 2819 et
899 2779 998 2820 nos
1020 2780 1164 2821 nunc
1207 2766 1386 2820 virtuti
1434 2764 1810 2835 junxerimus,

213 2859 320 2918 cla
352 2850 494 2906 malo
519 2853 923 2922 destiterimus,
974 2855 1392 2926 festiuemnsque
1435 2856 1503 2911 ad
1548 2857 1810 2913 bonorum

213 2943 610 3012 operationem,
640 2945 960 3016 approbabit
1002 2957 1240 3003 nostram
1271 2949 1702 3014 conversionem,
1755 2958 1811 3006 et

212 3035 424 3089 sarcina
443 3044 782 3105 peccatorum
811 3037 1050 3094 liberatis
1070 3054 1167 3094 sua
1194 3041 1448 3110 largietur
1492 3041 1653 3096 dona.
1700 3041 1810 3098 Ne-

211 3141 318 3196 que
340 3141 437 3180 nos
459 3127 537 3182 sic
557 3137 895 3197 peccatorum
923 3130 1284 3200 expiationem
1307 3141 1362 3186 et
1381 3131 1608 3188 salutem
1652 3133 1806 3204 cupi-

211 3234 356 3286 mus,
387 3221 526 3274 sicut
545 3220 660 3291 ipse
687 3221 836 3292 cupit
858 3229 912 3277 et
933 3222 1124 3278 adesse
1139 3222 1378 3291 festinat,
1407 3235 1462 3279 ut
1485 3234 1539 3280 et
1585 3225 1654 3281 ab
1701 3225 1807 3281 illis

209 3309 413 3366 liberos
443 3326 540 3368 nos
567 3310 749 3380 faciat,
780 3322 837 3369 et
883 3314 1057 3370 salute
1097 3316 1256 3386 potiri
1283 3317 1562 3374 comedat.
1597 3317 1806 3388 Eapro-

211 3409 352 3472 pter,
381 3402 630 3470 obsecro,
655 3405 950 3460 excitemus
979 3418 1192 3462 nostras
1215 3417 1446 3475 mentes,
1469 3421 1523 3464 et
1548 3411 1632 3465 sui
1654 3411 1804 3479 quis-

207 3508 317 3565 que
335 3503 603 3551 scrutator
629 3495 720 3563 sit,
747 3495 948 3568 anquid
976 3499 1206 3568 amplius
1225 3514 1256 3554 a
1283 3514 1342 3556 se
1371 3503 1646 3570 praeterito
1677 3513 1806 3559 tem-

208 3599 343 3656 pore
365 3602 487 3642 eum
512 3587 670 3644 laude
691 3598 901 3660 gestum
927 3589 1018 3658 sit,
1046 3591 1129 3647 vel
1155 3606 1315 3662 quam
1367 3594 1650 3649 utilitatem
1701 3593 1802 3650 ha-

211 3679 386 3735 buerit
411 3695 481 3735 ex
517 3680 769 3736 continua
804 3681 904 3738 hac
923 3683 1168 3739 doctrina
1195 3704 1208 3740 :
1235 3687 1279 3740 si
1316 3686 1466 3756 quid,
1498 3686 1639 3758 quod
1674 3703 1804 3758 pro-

208 3769 356 3826 ximo
377 3772 596 3836 serviat,
619 3771 888 3828 fructuum
910 3774 1207 3847 collegerit,
1231 3776 1275 3832 si
1296 3778 1538 3848 quaedam
1558 3779 1684 3835 vitia
1707 3795 1803 3834 sua

205 3862 540 3929 correxerit;
586 3864 632 3919 si
673 3866 816 3935 quod
844 3865 912 3920 ad
938 3881 1118 3924 veram
1147 3868 1541 3941 philosOphiam
1595 3872 1804 3928 adeun-

203 3952 333 4008 dam
367 3953 771 4012 incitamentum
798 3972 865 4013 ex
889 3958 974 4014 his
997 3961 1198 4017 nostris
1222 3963 1550 4034 quotidianis
1572 3979 1799 4037 accepe-

206 4047 277 4101 rit
295 4045 770 4104 admonitionibus.
800 4049 960 4107 Bonis
986 4053 1201 4124 quidem
1229 4057 1484 4126 operibus
1529 4059 1801 4115 accessio-

205 4139 806 4209 ncmliericuraudum,
837 4151 892 4199 et
941 4161 1231 4217 numquam
1274 4149 1660 4218 quiescendum
1715 4164 1800 4208 est

203 4232 275 4287 ab
300 4233 405 4289 hoc
434 4234 577 4291 bono
601 4235 791 4305 agendi
814 4235 1097 4294 instituto:
1129 4249 1185 4294 at
1213 4243 1258 4295 si
1289 4244 1408 4312 quis
1435 4244 1629 4298 viderit
1670 4259 1801 4300 con-

203 4328 546 4384 suetudinem
566 4343 716 4386 suam
742 4329 919 4386 adhuc
944 4333 1256 4401 praevalere,
1290 4345 1346 4390 ct
1399 4351 1460 4391 se
1508 4337 1560 4392 in
1608 4337 1798 4394 iisdem

204 4433 579 4490 perseverare,
601 4429 762 4493 cogat
787 4432 1027 4481 mentem
1049 4439 1202 4479 suam
1225 4441 1336 4481 sum
1356 4427 1581 4484 desidit:
1635 4433 1800 4487 ratio-

205 4527 330 4567 nem
357 4511 586 4595 reddere
610 4529 624 4565 :
656 4528 755 4568 nec
771 4513 914 4570 sinat
942 4517 1191 4587 progredi
1221 4520 1469 4586 ulterius,
1493 4521 1591 4578 sed
1619 4537 1796 4595 pravae

200 4575 609 4658 consuetudinis
638 4602 796 4660 linem
821 4575 1013 4674 faciat;
1039 4575 1322 4664 exscindat
1343 4575 1802 4682 intpetum,â€˜coer.

202 4701 326 4748 eeat
368 4694 743 4763 cogitationes,
768 4696 819 4750 itt
843 4709 1025 4753 mente
1045 4700 1630 4760 revolvathorrendum
1649 4706 1798 4762 illum

202 4784 372 4849 diem,
393 4785 591 4856 cogitet
616 4801 817 4858 mensa:
842 4787 1002 4868 hujus
1024 4793 1318 4848 tremendae
1333 4796 1797 4868 participationem

198 4884 255 4931 et
271 4874 613 4952 splendorem
640 4877 778 4948 ignis
802 4867 928 4936 inde
945 4881 1238 4940 resilientis
1261 4884 1357 4957 (á½),
1379 4901 1442 4942 ac
1459 4867 1798 4961 conï¬‚agran-

201 4975 313 5022 tem
343 4967 544 5032 vim,et
569 4968 779 5040 qualem
825 4973 1109 5028 conveniat
1131 4981 1255 5031 esse
1297 4979 1600 5037 aeeedentis
1645 4998 1800 5038 men-

200 5058 632 5123 tem;ab_omni
682 5075 876 5132 nempe
926 5064 1156 5134 macula,
1192 5067 1424 5124 abomni
1447 5071 1566 5129 labe
1585 5089 1794 5144 puram,

199 5163 258 5210 et
272 5153 576 5210 illicitarnm
589 5157 970 5234 cogitationum
989 5157 1341 5231 frequentiam
1354 5165 1756 5225 subvertentem
1781 5188 1794 5224 :

199 5244 360 5300 utsic
381 5244 594 5301 interim
620 5246 812 5303 diebus
835 5248 953 5303 istis
970 5251 1217 5322 nosipsos
1247 5269 1634 5327 prteparantes,
1667 5277 1799 5333 pos-

201 5337 395 5402 simus,
443 5349 735 5410 expurgata
771 5358 868 5412 pro
895 5344 1038 5400 virili
1083 5347 1260 5402 anima
1285 5360 1490 5417 nostra,
1512 5355 1799 5426 participes

202 5427 320 5486 ï¬eri
345 5429 627 5499 pra:sentis
658 5432 813 5488 istius
839 5436 1185 5504 sumptionis,
1217 5449 1273 5496 et
1302 5442 1668 5500 iuell'abilibus
1689 5447 1796 5502 illis

208 5523 372 5579 bonis
394 5517 578 5595 p0tiri,
611 5539 730 5597 qua:
759 5529 1007 5598 promisit
1024 5529 1373 5604 diligentibus
1398 5551 1490 5602 se;
1528 5538 1696 5609 gratia
1745 5548 1802 5598 et

267 5677 354 5760 Sel
367 5679 718 5760 [multationem
734 5695 845 5732 cum
861 5682 972 5736 dum
997 5691 1180 5740 tantum
1203 5692 1590 5760 Quadrageslma:
1613 5697 1805 5751 hebdo-

201 5740 357 5810 Ï‰Î¹á½³á¼“Ï†
373 5749 712 5810 salutassent-

267 5802 341 5877 (lt)
374 5801 572 5877 Savilius
595 5806 966 5877 suâ€˜spieaturâ€˜blc
1000 5810 1167 5877 ignem
1205 5817 1491 5870 sensibilem
1537 5822 1587 5872 in
1631 5837 1802 5877 mensa

205 5875 342 5912 sacra
359 5866 570 5926 positum
583 5865 896 5933 subindlcari,
910 5865 1090 5936 nempe
1113 5865 1367 5930 lucernam
1378 5865 1588 5936 itiiiini'Ã©

1856 465 1870 480 .
1911 423 2156 486 GENES.
2199 429 2426 489 llOMlL.
2473 434 2638 491 XXV.

3455 429 3563 485 218

1963 545 2293 618 benignitate
2324 552 2530 608 Domini
2560 557 2729 612 nostri
2759 554 2889 612 Jesu
2912 555 3136 622 Christi,
3160 572 3285 613 cum
3318 572 3426 628 quo
3453 555 3556 612 Pa-

1959 643 2048 706 trl,
2077 640 2320 699 simulet
2353 647 2574 716 Spiritui
2628 660 2818 705 saneto
2857 649 2931 705 sit
2980 650 3174 722 gloria,
3225 649 3554 721 imperium.

1957 732 2150 800 honor,
2181 752 2324 794 nunc
2370 750 2426 794 et
2463 753 2723 813 semper,
2778 750 2835 798 et
2881 741 2935 798 in
2983 742 3180 799 saecula
3210 742 3554 798 seculorum.

1955 827 2148 881 Amen.

2498 945 2639 1001 11Î¿Îœ
2647 946 2774 1003 ILIA
2829 947 2998 1003 XXV.

1951 1052 2067 1109 Noe
2111 1069 2278 1111 autem
2327 1077 2577 1115 amtorunt
2616 1071 2723 1117 erat
2773 1051 3161 1126 sexcentarum,
3212 1073 3258 1117 et
3301 1063 3550 1120 diluvium

2125 1166 2272 1215 aqua:
2294 1154 2484 1222 factum
2509 1165 2580 1207 est
2606 1170 2760 1226 super
2786 1164 2972 1210 terram
3004 1152 3157 1226 (Gen.
3193 1155 3244 1209 7.
3291 1154 3368 1225 6).

2019 1288 2068 1342 1.
2112 1288 2496 1359 Argumentum
2525 1289 2594 1345 de
2614 1306 2721 1360 quo
2748 1292 2862 1346 heri
2902 1292 3112 1347 caritati
3145 1302 3337 1346 vestrm
3377 1291 3551 1348 disse-

1942 1381 2046 1445 rui,
2071 1380 2246 1436 denuo
2275 1384 2554 1453 attingam,
2587 1393 2642 1439 et
2661 1385 2790 1455 justi
2822 1385 2931 1440 Noe
2961 1386 3238 1440 historiam
3271 1385 3464 1441 iterum
3494 1386 3545 1440 in

1941 1472 2174 1527 medium
2201 1473 2440 1528 afferam.
2483 1474 2686 1545 Magum
2715 1477 2860 1530 enim
2889 1477 3144 1532 virtutum
3179 1477 3309 1546 justi
3345 1477 3544 1530 divitias

1939 1573 2085 1629 sunt,
2134 1565 2411 1634 nostrique
2460 1564 2621 1620 ollicii
2667 1577 2750 1621 est
2787 1568 3038 1622 omnibus
3064 1585 3160 1637 pro
3187 1580 3368 1623 nostra
3401 1568 3543 1624 virili

1936 1655 2253 1727 disquisitis,
2285 1673 2476 1713 curare
2501 1668 2558 1713 ut
2589 1669 2779 1715 vestrae.
2803 1675 2936 1731 opes
2958 1661 3082 1716 hinc
3102 1661 3372 1715 auctiores
3391 1661 3540 1716 lianl.

1935 1748 2222 1810 thterum,
2259 1750 2504 1810 obsecro.
2537 1759 2733 1806 attenta
2765 1762 2944 1808 mente
2986 1753 3174 1808 adsitis
3198 1796 3213 1818 ,
3241 1745 3306 1806 ut'
3326 1768 3391 1806 ne
3413 1767 3540 1807 seu-

1935 1842 2114 1896 tentia:
2139 1840 2226 1896 bie
2248 1843 2539 1898 reconditte
2560 1858 2592 1898 a
2616 1843 2766 1899 vobis
2780 1844 3077 1914 dillâ€˜ugiant.
3099 1844 3287 1914 Operm
3307 1843 3537 1913 pretium

1931 1943 2111 1988 autem
2165 1933 2344 1998 fuerit,
2393 1934 2545 2005 prius
2579 1935 2788 1990 caritati
2846 1946 3042 1992 vestra:
3086 1951 3534 2001 commemorare,

1933 2021 2147 2076 ubinam
2181 2022 2295 2078 heri
2326 2022 2553 2080 docendi
2578 2027 2737 2081 linem
2768 2025 3052 2086 fecerimus
3075 2031 3178 2091 ,ut
3225 2027 3347 2083 inde
3378 2027 3538 2083 hodie

1930 2127 2183 2170 sermone
2223 2116 2479 2187 repetito,
2506 2117 2729 2174 dicenda
2770 2118 2929 2174 dictis
2965 2129 3112 2175 recte
3160 2131 3534 2176 contexamus.

1927 2204 2016 2261 Sic
2040 2209 2185 2262 enim
2205 2207 2572 2288 manifestiora
2595 2211 2750 2265 nobis
2777 2222 2939 2266 erunt
2967 2223 3014 2266 et
3028 2211 3132 2266 iam
3159 2227 3220 2266 ea
3247 2229 3366 2283 qua:
3393 2226 3536 2267 nunc

1925 2297 2196 2355 dicuntur.
2231 2299 2332 2357 Ubi
2355 2317 2485 2372 ergo
2508 2319 2625 2374 qutc
2646 2303 2975 2359 dttthDnmllS
2997 2304 3132 2368 lteri,
3160 2305 3320 2360 linem
3339 2304 3533 2361 habue-

1925 2389 2089 2444 runt?
2121 2389 2284 2458 Dixit,
2310 2384 2501 2462 inquit,
2535 2391 2787 2448 Dominus
2811 2393 2951 2449 Deus
2979 2395 3048 2448 ad
3077 2393 3193 2448 Noe
3221 2393 3534 2466 :Ingredere

1926 2489 2000 2547 tu,
2028 2490 2074 2534 et
2113 2481 2277 2536 omnis
2305 2482 2486 2536 domus
2511 2492 2600 2536 tua
2626 2483 2678 2536 in
2707 2500 2881 2537 arcam
2910 2499 2929 2538 :
2956 2485 3077 2555 quin
3103 2496 3150 2538 te
3196 2485 3298 2538 vidi
3329 2485 3532 2556 justum

1923 2588 2094 2626 coram
2120 2589 2198 2626 nte
2224 2574 2275 2627 in
2305 2575 2628 2645 generatione
2651 2575 2766 2631 ista.
2793 2574 2877 2630 Ea:
2893 2577 3141 2646 jutnentis
3183 2593 3299 2632 rero
3329 2577 3532 2630 mundis

1921 2665 2076 2719 induc
2129 2665 2198 2718 ad
2242 2675 2291 2720 te
2330 2677 2537 2735 septena
2569 2681 2588 2719 :
2618 2677 2663 2720 et
2708 2683 2774 2722 ea:
2810 2667 3080 2738 iumentis,
3111 2685 3225 2739 quae
3263 2685 3364 2722 non
3410 2677 3530 2722 sunt

1920 2757 2132 2819 munda,
2166 2757 2304 2812 bina.
2335 2759 2515 2813 Adhuc
2558 2760 2691 2813 enim
2735 2769 2926 2828 septem
2955 2760 3095 2826 dies,
3146 2777 3238 2833 ego
3286 2760 3528 2815 inducam

1919 2850 2143 2921 pluviam
2171 2851 2323 2920 super
2347 2860 2531 2904 terram
2561 2851 2898 2921 quadraginta
2918 2851 3094 2906 diebus
3114 2863 3159 2907 et
3183 2853 3526 2924 quadraginta

1918 2939 2144 2994 noctibus
2171 2981 2187 3005 ,
2214 2948 2261 2994 et
2288 2940 2462 2994 delebo
2481 2957 2680 2994 onmem
2701 2939 3032 2994 substantiam
3050 2958 3200 3012 quam
3232 2942 3352 3013 feci,
3378 2959 3410 2995 a
3445 2943 3527 3008 [a-

1915 3031 1992 3085 cie
2015 3042 2181 3094 terrw,
2223 3031 2287 3085 ab
2343 3031 2547 3086 homine
2582 3048 2741 3098 usque
2786 3033 2856 3085 ad
2891 3049 3061 3103 pecus.
3115 3034 3182 3088 Et
3239 3034 3356 3106 fecit
3413 3032 3528 3089 Noe

1917 3123 2086 3176 omnia
2114 3138 2227 3190 quae
2251 3132 2557 3194 princeperat
2581 3125 2675 3178 sibi
2704 3123 2953 3178 Dominus
3002 3123 3136 3178 Deus
3165 3124 3317 3195 (Gen.
3366 3125 3420 3179 7.
3467 3126 3525 3181 l-

1917 3212 1998 3285 5).
2029 3211 2317 3283 [lucusque
2347 3212 2676 3283 procedebat
2713 3229 2928 3280 scroto,
2963 3213 3049 3270 hic
3088 3214 3314 3271 docendi
3357 3217 3521 3271 llnctn

1915 3303 2264 3359 faciebamus.
2291 3302 2563 3359 Fortassis
2587 3305 2730 3360 enim
2761 3314 2815 3360 et
2841 3306 2939 3376 ipsi
2961 3306 3282 3361 meministis
3302 3306 3518 3378 quando

1913 3395 2124 3451 caritati
2155 3403 2351 3450 vestra:
2403 3410 2621 3450 causam
2651 3395 3004 3462 reddidimus,
3064 3413 3232 3467 quare
3265 3398 3406 3454 Deus
3451 3414 3516 3454 ex

1913 3483 2130 3540 mundis
2155 3493 2400 3556 septena,
2427 3500 2495 3541 ex
2525 3485 2818 3541 immundis
2844 3486 2968 3562 bina
2985 3479 3248 3542 introduci
3273 3489 3516 3558 jusserit.

1912 3577 2027 3650 Age
2055 3592 2185 3648 ergo
2233 3575 2396 3632 hodie
2426 3577 2749 3633 accedamus
2773 3577 2840 3641 ad
2884 3594 2947 3635 ea
2974 3595 3094 3650 qua:
3124 3588 3520 3650 consequenter

1911 3667 2048 3722 lecta
2076 3675 2222 3733 sunt,
2250 3676 2306 3723 et
2345 3667 2622 3724 videamus
2662 3668 2790 3740 quid
2835 3669 2990 3725 nobis
3019 3670 3196 3727 divina
3240 3669 3516 3741 Scriptura

1911 3759 2199 3830 dicatpost
2224 3759 2526 3831 ingressum
2550 3759 2666 3817 Noe
2696 3761 2749 3819 itt
2774 3777 2978 3818 arcam.
3028 3763 3184 3820 Nune
3220 3763 3366 3820 enim
3405 3779 3518 3819 ma-

1911 3850 2076 3916 xime,
2107 3850 2154 3906 si
2180 3850 2291 3906 ullo
2315 3849 2424 3914 alio
2468 3859 2734 3923 tempore,
2778 3851 2934 3909 decet
2973 3861 3034 3909 ut
3061 3854 3390 3926 amplius-sit
3419 3870 3517 3910 no-

1910 3953 2082 3999 strum
2110 3943 2368 4010 studium,
2395 3957 2519 4000 cum
2549 3944 2621 4000 ob
2645 3945 2832 4018 jejunii
2863 3956 3076 4018 tempus
3114 3957 3167 4003 et
3206 3947 3515 4004 dulcissima

1911 4050 2085 4093 vestra
2134 4036 2525 4093 consuetudine
2570 4039 2740 4108 magis
2792 4038 3048 4112 fruimur,
3085 4050 3138 4095 et
3183 4055 3211 4094 a
3244 4041 3518 4110 voluptate

1909 4127 2146 4198 crapula:
2173 4127 2486 4194 liberamur,
2520 4129 2874 4199 excitatisque
2900 4128 3198 4195 mentibus,"
3218 4132 3378 4186 dictis
3403 4132 3519 4188 dili-

1909 4228 2095 4290 genter
2149 4217 2427 4275 attendere
2471 4233 2777 4289 possumus.
2827 4216 3121 4277 Dicendum
3169 4221 3328 4293 igitur
3376 4224 3518 4278 unde

1912 4312 2253 4368 hodiclectio
2278 4319 2454 4382 empta
2475 4319 2578 4366 est.
2633 4315 2688 4366 ti.
2722 4310 2840 4366 Noe
2885 4323 3057 4368 autem
3101 4323 3208 4367 erat
3261 4331 3516 4368 annorum

1909 4412 2291 4469 sexcentarum,
2313 4402 2504 4472 inquit,
2528 4413 2574 4456 et
2602 4402 2848 4458 diluvium
2871 4419 3017 4475 aqua
3041 4405 3232 4474 factum
3262 4415 3334 4459 est
3363 4422 3514 4475 super

1910 4505 2113 4551 terram.
2155 4495 2453 4560 Attendite,
2475 4496 2725 4563 obsecro,
2753 4507 2896 4553 etne
2924 4497 3286 4566 perfunctorie
3311 4500 3514 4554 dictum

1908 4601 2422 4660 prietcrcurranuts;
2468 4591 2480 4641 l
2506 4590 2671 4645 about
2694 4591 2836 4645 cnim
2866 4593 3092 4647 latentes
3108 4592 3513 4650 tlivitiasltrevia

1911 4683 2026 4738 Iure
2052 4684 2252 4744 verba;
2282 4681 2423 4752 quod
2456 4682 2499 4736 si
2531 4694 2765 4739 utet-tem
2788 4684 3198 4751 illlcndt'rillllls,
3234 4685 3416 4740 licebit
3447 4703 3513 4742 ex

1909 4774 2014 4829 isto
2043 4774 2158 4842 ipso
2194 4773 2576 4830 misericordia:
2609 4773 2817 4830 Domini
2843 4776 3239 4844 excellentiam,
3268 4779 3516 4834 malitia:-

1909 4881 2013 4934 que
2041 4865 2348 4931 hominum,
2378 4864 2470 4936 qui
2511 4874 2638 4920 tunc
2667 4875 2841 4932 erant,
2865 4869 3296 4938 exsuperantiam
3324 4869 3514 4940 depreo

1908 4955 2165 5011 ltendere.
2195 4954 2250 5010 N
2251 4972 2310 5011 oe
2329 4964 2498 5010 autem
2510 4972 2760 5011 annorum
2776 4965 2904 5023 erat,
2927 4957 3118 5029 inquit,
3141 4968 3512 5015 sescentorum.

1908 5045 2024 5102 Non
2057 5046 2262 5118 absque
2284 5061 2444 5102 causa
2471 5061 2737 5103 annorum
2754 5047 2884 5119 justi
2911 5064 3193 5105 numerum
3213 5066 3311 5106 nos
3333 5051 3516 5107 docuit

1907 5139 2089 5195 divina
2119 5138 2418 5210 Scriptura,
2473 5153 2652 5209 neque
2710 5149 2768 5194 ut
2811 5140 2951 5196 istud
2999 5141 3173 5211 ipsum
3222 5140 3510 5210 discamus,

1907 5240 2038 5302 quot
2062 5245 2325 5285 annorum
2356 5230 2512 5287 fuerit
2545 5231 2655 5297 ille,
2686 5230 2782 5286 sed
2824 5231 2950 5301 quia
2989 5232 3138 5302 prius
3181 5247 3280 5288 nos
3332 5232 3516 5291 docuit

1908 5327 2183 5398 Scriptura
2220 5325 2405 5381 dicens
2428 5367 2443 5390 ,
2477 5323 2531 5378 Î
2534 5323 2593 5380 5e
2615 5335 2784 5379 autent
2810 5334 2916 5379 erat
2941 5341 3190 5380 annorum
3211 5326 3514 5398 quingento-

1907 5436 2022 5474 rum
2052 5417 2206 5492 (Gen.
2235 5417 2290 5474 5.
2319 5417 2414 5487 5|)
2439 5433 2451 5469 Îµ
2476 5425 2531 5472 et
2579 5425 2862 5488 postquam
2921 5418 3074 5474 nobis
3114 5433 3378 5474 annorum
3423 5419 3517 5474 de.

1905 5509 2130 5567 claravit
2174 5523 2484 5573 numerum,
2517 5519 2646 5564 tunc
2688 5509 2929 5568 narravit
2959 5510 3298 5566 immodicam
3343 5510 3514 5566 homi-

1905 5618 2038 5658 num
2070 5603 2124 5659 in
2155 5602 2350 5658 malum
2384 5601 2821 5672 propensionem,
2852 5612 2906 5658 et
2933 5603 3055 5674 quia
3084 5603 3346 5659 incumbit
3371 5618 3514 5673 cogt-

1910 5706 2042 5753 tatto
2070 5699 2344 5752 homtnum
2363 5698 2647 5769 diligenter
2667 5699 2718 5752 in
2738 5699 2874 5754 mala
2894 5701 3258 5771 ajuventute;
3288 5701 3515 5771 ideoque

1902 5782 2046 5842 dixit
2068 5787 2244 5857 Dens,
2277 5790 2398 5850 Non
2431 5791 2740 5862 permanebit
2771 5793 2998 5863 Spiritus
3024 5811 3162 5848 meus
3197 5795 3255 5849 in
3289 5795 3510 5850 Immitti-

1908 5884 2002 5941 Î¿Ï…Ï‚
2021 5877 2158 5951 istis,
2187 5897 2247 5938 eo
2271 5890 2405 5954 quoa
2431 5879 2529 5953 ipsi
2557 5883 2658 5940 sint
2687 5897 2865 5939 carnes
2891 5883 3045 5956 (Gen.
3074 5887 3124 5940 6.
3150 5885 3237 5956 3):
3261 5899 3511 5957 prmnun-
