4080 6480
657 400 762 457 919

658 515 839 570 tiando
866 510 944 568 eis
984 508 1354 580 indignationis
1401 517 1498 555 sua
1549 497 1993 568 magnitudinem;
2021 490 2142 545 dein
2171 497 2225 541 ut

661 608 812 661 daret
839 605 915 658 eis
948 602 1194 657 idoneum
1223 610 1429 664 tempus
1448 634 1464 660 ,
1493 590 1631 662 quod
1662 587 1929 647 sufﬁceret
1950 584 2016 638 ad
2045 580 2231 649 resipi-

660 697 913 753 scendum
937 736 950 759 ,
977 704 1034 748 ut
1057 688 1466 758 indignationem
1498 697 1602 738 non
1631 680 2000 748 experirentur
2017 714 2030 738 ,
2058 671 2186 725 dicit
2213 686 2226 722 :

623 797 632 806 ’
666 787 824 841 Erunt
845 795 1010 838 autem
1027 782 1129 835 dies
1145 795 1314 833 eorum
1326 776 1446 830 anni
1460 783 1653 828 centum
1672 781 1719 825 et
1731 768 1904 842 uiginti
1917 763 2064 840 (Gen.
2083 762 2136 818 ϐ.
2151 762 2228 832 3):

663 883 761 933 hoc
785 885 884 935 est.
917 875 1100 948 Adhuc
1148 867 1543 940 procrastinabo
1568 865 1727 919 etiam
1758 872 1876 932 post
1921 859 2232 930 quingentos

663 967 780 1020 illos
825 945 1010 1028 annos,
1063 964 1112 1015 in
1165 959 1353 1030 quibus
1393 957 1566 1025 justus
1591 955 1690 1008 iste
1721 967 1816 1006 suo
1842 949 2057 1004 nomine
2104 945 2232 998 satis

662 1069 850 1108 omnes
877 1054 992 1104 illos
1017 1048 1334 1104 admonebat
1353 1056 1407 1102 et
1434 1043 1736 1108 inducebat,
1757 1041 1801 1094 si
1823 1038 2034 1110 quidem
2064 1043 2233 1088 atten—

663 1150 792 1204 dere
823 1145 1130 1200 voluissent.
1162 1151 1216 1200 ut
1266 1148 1319 1195 et
1362 1153 1390 1192 a
1446 1137 1643 1193 malitia
1703 1132 2038 1193 desisterent,
2067 1136 2122 1181 et
2167 1125 2232 1178 ad

663 1240 912 1294 virtutem
943 1251 1000 1290 se
1028 1231 1391 1287 transferrent.
1426 1229 1796 1281 Verumtamen
1824 1230 1878 1277 et
1907 1232 2046 1274 nunc
2082 1216 2236 1287 polli-

662 1344 790 1384 ceor
819 1343 904 1383 me
946 1340 1114 1381 annos
1164 1333 1374 1377 centum
1427 1319 1608 1387 viginti
1657 1314 1736 1387 (α)
1786 1315 2150 1373 toleraturum,
2178 1317 2236 1362 ut

667 1431 910 1490 tempore
961 1417 1097 1487 quod
1141 1411 1477 1473 intercedet,
1525 1405 1966 1480 quemadmodum
2019 1419 2114 1473 par
2153 1410 2236 1457 est

667 1521 901 1572 utantur.
935 1510 1291 1576 malitiamque
1319 1504 1538 1572 frigiant.
1579 1510 1633 1555 et
1661 1500 1906 1552 virtutem
1932 1494 2238 1564 ample-xen-

667 1612 774 1657 tur.
831 1602 896 1656 Et
921 1615 1026 1655 non
1053 1600 1225 1652 solum
1272 1603 1552 1648 contentus
1589 1590 1683 1644 fuit
1724 1596 1934 1643 centum
1975 1593 2028 1638 et
2055 1583 2236 1652 viginti

667 1705 924 1746 annorum
970 1688 1338 1758 promissione.
1384 1682 1476 1737 sed
1518 1682 1661 1750 justo
1703 1676 1946 1747 prmcepit
1977 1682 2031 1727 ut
2059 1685 2236 1726 arcam
2299 1745 2306 1750 _

665 1791 1014 1843 construeret,
1049 1793 1149 1850 quo
1172 1787 1224 1832 et
1251 1776 1362 1845 ipse
1387 1784 1628 1842 aspectus
1643 1786 1780 1825 arcta
1807 1770 1868 1824 iis
1889 1766 2235 1821 sufﬁcientem

668 1873 980 1928 memoriam
1003 1876 1328 1938 suggereret,
1351 1875 1396 1919 et
1428 1864 1602 1918 nullus
1641 1863 1905 1931 ignoraret
1951 1854 2238 1912 inferendae

672 1979 842 2034 plena
866 1960 1298 2032 magnitudinem.
1329 1956 1458 2013 Nam
1487 1953 1624 2009 istud
1665 1953 1834 2021 ipsum
1853 1991 1866 2014 ,
1895 1946 2034 2017 quod
2064 1945 2240 2015 justus

671 2057 783 2118 ille,
812 2065 865 2110 et
891 2054 978 2123 qui
1008 2055 1059 2107 in
1086 2065 1349 2104 summum
1377 2049 1587 2102 virtutis
1615 2049 1925 2114 pervenerat
1947 2037 2235 2107 ias!igium.

671 2155 817 2210 tanto
843 2145 1018 2199 studio
1043 2141 1345 2197 exstrneliat
1373 2151 1548 2192 arcam
1577 2177 1592 2199 ,
1623 2134 1750 2186 satis
1776 2145 1895 2186 esse
1916 2127 2144 2183 debebat
2170 2124 2237 2178 ad

672 2235 1014 2304 injiciendum
1061 2233 1327 2298 omnibus,
1372 2227 1561 2300 quibus
1611 2240 1761 2278 mens
1804 2229 1916 2274 erat
1944 2259 1960 2285 ,
1989 2229 2236 2286 angorem

671 2337 728 2383 et
771 2325 1124 2387 formidinem,
1170 2334 1224 2378 et
1268 2319 1683 2391 persuadendum
1716 2323 1771 2366 ιιι
1820 2310 2085 2378 placarent
2133 2316 2236 2358 tam

673 2425 1002 2472 mansuetum
1031 2424 1082 2468 ct
1122 2413 1436 2467 cletuentem
1476 2405 1770 2459 Dominum.
1809 2399 1936 2454 Nam
1968 2399 2009 2452 si
2033 2395 2239 2450 barbari

674 2511 749 2564 illi
772 2507 865 2579 (b),
907 2505 1161 2560 Ninivitas
1180 2503 1299 2556 dico
1321 2541 1336 2567 ,
1363 2515 1494 2570 quos
1519 2499 1706 2551 iterum
1735 2495 1788 2548 in
1811 2491 2040 2547 medium
2079 2487 2241 2540 addu-

678 2614 804 2652 cere
833 2611 1010 2664 Operte
1037 2592 1259 2662 pretium
1290 2598 1390 2653 est,
1421 2588 1653 2642 utetiam
1686 2584 1782 2637 hac
1830 2584 2032 2635 ratione
2077 2579 2241 2645 magis

676 2686 1068 2742 demonstretur
1112 2691 1167 2736 et
1203 2679 1391 2734 borum
1439 2677 1621 2746 ingens
1672 2674 1886 2732 malitia.
1921 2679 1974 2723 et
2027 2669 2238 2722 illorum

677 2792 865 2846 magna
895 2773 1144 2844 probitas.
1187 2770 1392 2826 Etenim
1445 2766 1697 2822 Dominus
1734 2771 1912 2816 noster
1948 2763 1998 2812 in
2035 2759 2122 2813 die
2153 2759 2243 2810 illo

679 2869 921 2932 terribili,
939 2865 1142 2936 iudicii.
1178 2864 1411 2932 inquam,
1443 2871 1627 2914 servos
1650 2864 1704 2910 et
1723 2868 1904 2909 servos
1931 2853 1978 2905 in
2011 2850 2242 2905 medium

677 2962 1008 3031 produccns,
1056 2958 1134 3012 sic
1180 2953 1670 3010 condemnationem
1715 2946 1978 3017 proferet,
2034 2939 2244 3012 quando

677 3050 1112 3105 monstrabuntur
1160 3047 1192 3099 ii
1224 3046 1310 3112 qui
1353 3042 1536 3097 eadem
1585 3041 1721 3093 bona
1763 3037 1935 3092 sortiti
1978 3043 2151 3097 erant,
2194 3042 2247 3083 et

678 3138 983 3194 earumdem
1009 3137 1263 3191 bonorum
1295 3130 1572 3201 participes
1597 3145 1704 3183 non
1728 3126 1966 3184 eamdem
1982 3136 2243 3177 exercue-

683 3241 802 3284 rant
846 3229 1139 3281 virtutem:
1179 3239 1321 3294 sa'pe
1365 3232 1541 3276 autem
1591 3221 1750 3276 etiam
1791 3234 1854 3272 ex
1904 3214 2246 3285 inmqualibus

685 3315 1109 3388 comparationes
1144 3311 1270 3369 facit
1294 3352 1311 3378 ,
1350 3319 1411 3368 ut
1454 3311 1709 3380 majorem
1753 3306 2247 3362 condemnationem

685 3410 885 3480 ignavis
911 3407 1120 3464 inferat.
1159 3410 1489 3478 Ouaprnpter
1515 3414 1569 3460 et
1596 3404 1646 3457 in
1683 3399 1760 3455 Ev
1794 3399 1966 3467 ngelio
1996 3398 2202 3452 dicebat
2231 3411 2246 3449 :

688 3489 802 3546 l'iri
821 3485 1362 3549 Ninirttcexsurgent
1388 3483 1647 3545 aquilicia
1660 3496 1778 3534 cum
1808 3485 2260 3550 generationeltac,

682 3589 730 3631 et
782 3576 1175 3634 condenth
1224 3592 1368 3641 eain,
1409 3575 1528 3644 quia
1571 3575 1907 3644 penitentiam
1953 3585 2156 3646 egerunt
2202 3575 2255 3628 in

687 3665 1042 3734 pradicntione
1066 3665 1213 3720 Jona!
1235 3676 1312 3720 :et
1333 3683 1381 3718 ec
1391 3683 1443 3718 re
1459 3667 1734 3735 plusquam
1753 3665 1913 3720 Jonas
1942 3667 2020 3719 hic
2041 3665 2252 3734 (Matth.

691 3757 776 3810 Η.
807 3755 899 3825 41)
926 3773 938 3806 :
964 3757 1112 3824 quasi
1160 3755 1636 3810 diceretzBarbai-i
1680 3771 1901 3825 quorum
1947 3757 2083 3810 nulla
2129 3771 2254 3810 cura

687 3857 767 3900 est
787 3845 981 3909 habita,
1001 3847 1088 3914 qui
1121 3847 1490 3912 pwphetarum
1512 3845 1802 3898 doctrinam
1827 3861 1929 3898 non
1955 3846 2253 3910 audierunt,

689 3935 780 4005 qui
805 3937 951 4004 signa
978 3949 1081 3988 non
1110 3933 1371 3998 viderunt,
1398 3934 1483 4001 qui
1507 3935 1755 3988 miracula
1787 3933 1889 3987 rion
1915 3946 2213 4002 speetarunt
2238 3975 2253 3998 ,

689 4024 783 4080 sed
805 4024 998 4078 auditis
1026 4034 1226 4077 tantum
1259 4025 1410 4077 unius
1433 4024 1660 4078 hominis
1684 4027 1731 4075 in
1765 4023 2037 4093 naufragio
2063 4025 2257 4078 servati

687 4115 864 4169 verbis
884 4157 896 4175 ,
925 4131 1042 4185 qum
1093 4129 1212 4178 eos,
1240 4129 1480 4184 magnam
1508 4114 1926 4183 desperationem
1969 4114 2257 4178 atl'erenda,

687 4205 893 4258 consilii
927 4207 1108 4272 inopes
1128 4205 1298 4258 facere
1328 4214 1585 4272 poterant,
1609 4207 1676 4257 ita
1702 4207 1929 4259 utetiam
1950 4216 2256 4260 contemne-

692 4307 807 4349 rent
855 4313 971 4365 quiu
1027 4296 1355 4358 dicebantur,
1387 4311 1490 4348 non
1541 4298 1710 4350 solum
1753 4313 1853 4351 non
1907 4297 2260 4367 despeXerunt

691 4386 964 4455 propheta:
989 4390 1169 4449 verba,
1201 4387 1292 4441 scd
1343 4397 1395 4440 et
1451 4389 1500 4440 in
1554 4389 1710 4441 trium
1764 4389 1968 4444 dierum
2020 4392 2258 4460 angustia

691 4476 1032 4546 deprehensi,
1063 4489 1166 4531 tam
1215 4477 1516 4546 diligentem
1545 4490 1598 4532 et
1636 4479 1922 4533 studiosam
1949 4478 2120 4534 iecere
2147 4495 2260 4549 pm—

691 4567 988 4628 nitcntiain,
1019 4577 1152 4620 utet
1204 4570 1516 4621 sententiam
1564 4569 1768 4622 Domini
1817 4580 2144 4624 revocarent.
2197 4571 2258 4624 lli

690 4658 867 4726 igitur,
921 4659 1120 4726 inquit,
1171 4658 1596 4712 condemnalmnt
1643 4663 2034 4728 generationem
2087 4663 2256 4728 lianc,

688 4748 828 4802 circa
857 4764 1012 4817 quam
1045 4761 1185 4802 tanta
1213 4766 1336 4804 cura
1370 4749 1466 4803 fuit
1486 4751 1872 4822 aditibita,qu:e
1891 4752 2260 4824 prophetarum

692 4839 842 4893 libris
871 4843 1096 4893 euutrita
1135 4851 1234 4904 est,
1266 4857 1382 4910 qum
1431 4842 1577 4911 signa
1631 4851 1684 4895 ct
1730 4843 1979 4897 miracula
2029 4845 2262 4914 quotidie

692 4932 969 5000 spectavit.
1016 4933 1211 4987 Deinde
1235 4946 1288 4986 ut
1314 4943 1363 4986 et
1396 4935 1611 4988 istorum
1635 4949 1875 5004 magnam
1923 4936 2262 4990 incredulita-

693 5023 760 5076 tis
785 5024 1124 5077 eminentiam
1155 5023 1493 5081 ostenderet.
1524 5030 1683 5077 etiam
1711 5025 1916 5078 illorum
1947 5025 2261 5079 incll‘abiletn

696 5113 1007 5181 probitatem
1036 5114 1212 5166 subdit
1244 5131 1258 5167 :
1291 5115 1417 5176 Quia
1450 5115 1785 5182 paenitentiam
1815 5125 2017 5184 egerunt
2041 5117 2108 5167 ad
2134 5131 2264 5178 pra:-

696 5204 990 5256 dicationem
1021 5204 1168 5256 J0me
1194 5246 1208 5268 ,
1237 5215 1280 5256 et
1309 5222 1416 5257 ecce
1445 5206 1558 5274 plus
1587 5221 1736 5272 quam
1763 5203 1921 5258 Jonas
1955 5206 2025 5258 In't
2067 5223 2080 5256 .'
2111 5206 2261 5260 Nini-

753 5383 825 5441 (a)
854 5381 1103 5451 titlequm
1127 5384 1349 5443 superius
1368 5383 1574 5431 diximus
1603 5381 1694 5431 col.
1724 5383 1825 5440 100,
1852 5385 1972 5431 circa
2019 5383 2125 5432 illos
2147 5396 2262 5430 cen-

695 5449 796 5491 tum
822 5447 986 5502 viginti
1013 5455 1176 5490 annos.

755 5503 824 5560 (b)
857 5501 1130 5551 Orationem
1151 5501 1276 5552 solet
1300 5504 1654 5566 t‘itrysostonms
1675 5503 1959 5566 frequenter
1980 5505 2259 5565 interpella-

692 5576 766 5616 re.
783 5575 1211 5627 acnonmtmquavn
1236 5573 1330 5611 tarn
1355 5564 1522 5627 longas
1546 5566 1723 5614 inducit
1739 5564 2074 5627 p’ai'enthescs.
2103 5564 2154 5613 ut
2177 5579 2263 5614 sa:-

690 5638 753 5689 pe
779 5624 995 5672 videatur
1021 5624 1189 5689 prioris
1213 5627 1360 5672 seriei
1386 5624 1561 5672 oblitus
1578 5640 1590 5677 ;
1609 5628 1692 5672 sed
1714 5624 1953 5689 n'eseioan
1971 5630 2262 5689 uspiamtna-
2337 5648 2340 5650 ·

692 5687 843 5745 iorem
861 5698 1001 5744 quam
1027 5687 1102 5734 hic
1121 5689 1433 5747 parenthesin
1461 5689 1729 5735 adhibui-rit
1755 5703 1763 5732 :
1791 5688 2009 5749 paginam
2036 5691 2161 5736 enim
2186 5687 2263 5737 illa

690 5755 792 5802 fere
819 5756 1056 5812 integrant
1080 5759 1294 5817 oceupar

1349 389 1404 445 S.
1444 380 1719 442 JOANNIS
1753 370 2226 434 ειιιιγδυδτοὶιι
2266 369 2584 428 ARCHIEP.
2623 370 3154 428 CONSTANTlNOP.

3805 366 3908 423 220

2338 489 2460 543 vita-
2483 487 2716 558 quidem,
2769 490 2956 558 inquit,
3009 490 3123 543 viso
3161 488 3369 555 abiecto
3417 486 3631 541 limine
3677 486 3829 552 30m,
3857 504 3902 544 et

2334 581 2448 647 ejus
2487 591 2832 648 susceperunt
2858 581 3309 651 praedicationem.
3356 591 3413 635 et
3460 582 3906 635 nocentissimum

2337 671 2571 730 fecerunt
2617 671 2980 740 pcniwntlam
3033 689 3045 724 :
3098 670 3184 726 isti
3231 680 3408 726 autem
3461 670 3704 725 videntes
3750 672 3908 726 multo

2336 762 2589 830 majorem
2611 776 2766 829 quam
2788 759 2950 816 Jonas
2974 771 3083 814 erat
3114 802 3128 824 ,
3163 761 3438 831 ipsumque
3467 760 3698 816 universi
3742 762 3906 815 Domi-

2338 869 2463 907 num
2492 867 2672 908 secum
2702 851 2861 906 simul
2884 864 3202 916 versantem,
3230 860 3480 921 tantaque
3505 867 3565 906 ac
3593 851 3715 905 talia
3744 852 3909 921 quoti-

2336 943 2424 999 die
2447 945 2697 998 miracuta
2728 953 3056 1012 operantem.
3088 945 3326 1015 leprosos
3356 944 3699 999 mandantem
3721 985 3738 1008 ,
3769 957 3900 997 mor-

2339 1043 2457 1088 tuos
2498 1035 2841 1089 suscitantem
2866 1073 2884 1098 ,
2915 1035 3037 1088 vitia
3064 1046 3266 1089 natura:
3293 1033 3651 1104 corrigentem
3674 1075 3687 1096 ,
3716 1033 3913 1085 da-mo-

2339 1139 2434 1179 nes
2461 1125 2838 1194 expellentem,
2866 1125 3083 1180 morbos
3129 1135 3426 1186 curantem,
3458 1132 3720 1193 potestate
3752 1122 3909 1179 multa

2335 1227 2672 1285 peccatorum
2700 1217 3062 1271 remissionem
3081 1215 3401 1283 prementem
3424 1231 3441 1270 :
3468 1229 3571 1270 non
3595 1215 3740 1269 illam
3757 1229 3910 1284 qtiam

2339 1306 2544 1360 barbari
2580 1306 2737 1360 [idem
2761 1307 3132 1361 exhibuerunt.

2407 1399 2459 1451 2.
2507 1395 2758 1449 Patientia
2810 1406 2855 1448 ct
2900 1397 3177 1464 benignitas
3202 1395 3291 1450 Dei
3345 1396 3397 1448 in
3443 1396 3555 1461 ipso
3585 1395 3813 1454 diluvio;
3859 1406 3921 1446 ex

2341 1488 2568 1554 pruenti
2608 1503 2752 1555 paena
2791 1487 3106 1555 peccantibus
3143 1485 3284 1538 illata
3336 1483 3576 1536 minuitur
3603 1494 3811 1536 Merita.
3845 1511 3908 1521 -ο

2346 1575 2537 1630 Verum
2568 1577 2632 1630 ad
2663 1578 2925 1630 seruitutis
2954 1575 3120 1629 nostri
3170 1576 3364 1628 seriem
3406 1573 3703 1634 redeamus,
3731 1582 3787 1625 ut
3837 1573 3916 1624 vi-

2341 1666 2466 1721 deas
2509 1681 2666 1733 quam
2713 1665 2989 1718 immodica
3038 1664 3257 1717 istormn
3299 1663 3818 1730 lueritimprobitas,
3865 1671 3916 1715 ct

2343 1771 2499 1824 quam
2538 1754 2794 1806 laboriosa
2844 1753 3049 1807 illorum
3096 1753 3454 1821 reSipiscentia
3481 1751 3761 1808 :Ninivitzc
3798 1752 3916 1822 qui-

2341 1846 2462 1900 dem
2490 1846 2540 1897 in
2584 1844 2813 1898 triduum
2853 1843 3127 1910 enare—tati,
3153 1857 3327 1914 neque
3375 1844 3452 1898 sic
3501 1842 3567 1896 de
3613 1844 3785 1896 salute
3827 1857 3917 1895 sua

2341 1937 2708 2006 desperarunt.
2731 1935 2823 1989 sed
2838 1936 2901 1986 ad
2927 1934 3289 2002 pwnitentiam
3312 1943 3670 2002 properantes,
3706 1940 3916 2002 peccata

2343 2031 2639 2089 abluerunt,
2670 2028 3133 2096 misericordiaque
3165 2026 3368 2081 Domini
3394 2040 3513 2081 sese
3551 2024 3744 2096 dignos
3768 2025 3920 2078 exhi-

2344 2122 2571 2174 buerunt
2602 2137 2614 2172 :
2648 2121 2731 2173 isti
2759 2129 2938 2173 autem
2965 2161 2978 2178 .
3002 2118 3067 2173 de
3095 2118 3287 2188 quibus
3314 2132 3449 2172 nunc
3477 2133 3682 2181 sermo,
3712 2127 3922 2184 tempus

2342 2222 2554 2268 centum
2586 2221 2638 2266 et
2668 2209 2848 2281 viginti
2885 2226 3145 2264 annorum
3196 2210 3259 2262 ad
3293 2209 3650 2281 penitentiam
3697 2223 3924 2276 accepe-

2344 2314 2485 2367 rant,
2508 2319 2677 2374 nvque
2706 2303 2900 2371 aliquid
2932 2301 3054 2356 inde
3081 2300 3471 2354 luctilecerunt.
3501 2298 3728 2354 Proinde
3749 2299 3924 2352 Domi—

2346 2410 2445 2449 nus
2471 2393 2653 2448 videns
2676 2394 2725 2446 in
2757 2391 2973 2446 multam
3003 2391 3120 2444 illos
3139 2390 3399 2444 etcidivse
3435 2388 3751 2458 nequitiam,
3780 2387 3922 2442 cele—

2346 2501 2458 2539 rem
2484 2485 2610 2554 ipsis
2636 2484 2834 2537 indncit
2869 2482 3250 2536 correctionem
3275 2521 3288 2544 ,
3314 2479 3590 2545 aboletque
3612 2489 3662 2531 et
3693 2493 3723 2531 e
3745 2477 3924 2530 medio

2350 2576 2486 2628 tollit
2519 2575 2642 2627 mali
2689 2589 2875 2626 eorum
2927 2571 3169 2624 l'ermenti
3225 2570 3428 2623 vitium.
3460 2567 3581 2622 Ideo
3608 2568 3778 2621 dicit:
3816 2567 3926 2620 Noe

2348 2677 2513 2717 autem
2563 2673 2667 2716 erat
2712 2679 2959 2715 annorum
3004 2671 3377 2723 serrentorunt,
3407 2670 3450 2713 et
3491 2659 3733 2712 dilurium
3779 2675 3926 2728 aqua

2347 2760 2532 2827 factum
2554 2766 2623 2809 est
2653 2770 2804 2822 super
2824 2764 3027 2805 terram.
3059 2749 3174 2805 Jam
3202 2750 3481 2804 didicimus
3505 2792 3517 2811 ,
3545 2749 3757 2820 quando
3786 2749 3926 2802 indi-

2345 2848 2524 2917 gnatio
2577 2853 2631 2898 ct
2681 2844 2950 2909 prmdictio
3000 2842 3205 2896 Domini
3263 2842 3394 2896 facta
3448 2849 3548 2902 est,
3601 2840 3712 2895 Noe
3763 2841 3928 2894 fuisse

2347 2953 2604 2990 aunormn
2635 2936 3044 3002 quingentorum
3071 2950 3084 2984 :
3115 2932 3326 3002 quando
3351 2942 3528 2984 autem
3556 2930 3828 2984 inductum
3849 2940 3928 2983 est

2347 3028 2618 3080 diluvium.
2645 3035 3010 3078 seret-litorum
3086 3022 3154 3074 ita
3186 3021 3414 3075 inti-rce:
3443 3028 3596 3074 erunt
3639 3020 3761 3072 anui
3793 3019 3929 3071 inter

2353 3118 2784 3185 pra-dicationem
2817 3125 2867 3170 et
2889 3115 3142 3167 diluvium
3176 3125 3386 3167 centum
3420 3128 3433 3162 :
3461 3121 3515 3166 ct
3566 3112 3619 3166 in
3666 3111 3732 3165 iis
3773 3109 3926 3165 annis

2355 3225 2418 3262 ue
2447 3209 2707 3262 tantillum
2737 3206 2946 3276 quidem
2980 3205 3338 3276 proiecerunt,
3371 3205 3492 3258 licet
3521 3214 3796 3272 tantopere
3836 3203 3929 3256 dn-

2351 3307 2596 3352 cereutur
2626 3312 2654 3350 a
2683 3295 2792 3350 Noe
2817 3311 2994 3349 arcam
3026 3293 3335 3348 lubricante.
3375 3294 3479 3348 Sed
3525 3293 3749 3348 fortasse
3778 3310 3928 3363 quam
3971 3334 3978 3339 .

2354 3400 2432 3441 ret
2481 3386 2905 3455 aliquiszouare
2949 3400 3064 3437 cum
3121 3381 3317 3438 dixerit
3373 3381 3668 3450 DOtttiltth'.
3716 3382 3936 3438 Ceniam

2361 3472 2844 3544 rigintiannierunt
2873 3475 2984 3528 dies
2997 3488 3211 3536 eorum;
3230 3475 3645 3548 promiseritque
3674 3492 3733 3530 se
3782 3487 3931 3530 tanto

2361 3566 2910 3642 temporetolerantia
2954 3579 3190 3628 usurum,
3233 3574 3518 3634 antequam
3576 3569 3926 3638 implerentur

2357 3659 2482 3712 anni
2511 3656 2785 3725 promissi.
2817 3655 3117 3711 universale
3139 3655 3420 3711 introducit
3437 3657 3738 3712 excidium?
3759 3659 3930 3714 Etiam

2360 3745 2462 3800 hoc
2509 3747 2669 3814 ipsius
2697 3745 2993 3800 clementia:
3042 3744 3327 3799 maximum
3361 3755 3446 3799 est
3481 3758 3852 3817 argumentum
3883 3762 3932 3803 et

2362 3835 2632 3891 indicium.
2669 3835 2796 3891 Nam
2825 3834 3071 3904 quoniam
3112 3835 3242 3889 vidit
3288 3835 3522 3905 quotidie
3575 3839 3933 3893 incurabiiiter

2362 3929 2479 3982 illos
2509 3942 2745 3996 peccare,
2773 3935 2826 3980 et
2859 3942 2963 3981 non
3013 3926 3183 3980 solum
3229 3928 3452 3980 nihilex
3501 3928 3752 3983 ineffabili
3795 3931 3930 3984 tole-

2363 4020 2526 4071 rantia
2581 4032 2674 4071 sua
2730 4016 3005 4085 proficere,
3057 4015 3151 4070 sed
3203 4025 3260 4070 et
3308 4017 3679 4071 incrudescere
3730 4019 3930 4077 ulcera.

2365 4118 2638 4176 propterea
2669 4106 2891 4160 succidit
2910 4115 3142 4174 tempus,
3161 4114 3306 4158 utne
3333 4105 3520 4173 majori
3545 4103 3742 4160 scilicet
3763 4121 3934 4174 pense

2363 4213 2422 4250 se
2448 4196 2706 4252 obnoxios
2733 4195 2986 4250 facerent.
3021 4195 3087 4248 Et
3112 4210 3263 4264 qum,
3285 4195 3426 4249 dicet
3455 4196 3662 4261 aliquis,
3693 4195 3794 4250 hac
3821 4212 3934 4248 ma-

2359 4287 2447 4356 jor
2466 4296 2606 4341 esset
2630 4285 2819 4353 pinna?
2842 4285 2933 4339 Est
2961 4283 3135 4354 plane,
3164 4295 3245 4337 est
3265 4324 3280 4349 ,
3301 4281 3495 4338 dilecte
3514 4325 3527 4345 .
3559 4299 3712 4355 paena
3745 4297 3798 4338 et
3822 4301 3930 4338 ma-

2358 4376 2466 4447 jor,
2494 4389 2546 4431 et
2575 4376 2872 4436 terribilior.
2901 4384 2953 4429 et
2982 4383 3253 4443 perpetua,
3285 4389 3478 4443 nempe
3511 4390 3628 4444 qua:
3667 4375 3721 4428 in
3759 4374 3937 4428 I‘utnrn

2365 4470 2582 4524 saeculo.
2613 4467 2835 4533 Quidam
2889 4467 3030 4521 enim
3059 4465 3264 4519 etiamsi
3309 4464 3394 4520 hic
3438 4480 3644 4534 pinnam
3691 4464 3936 4531 subeant,

2365 4561 2473 4615 illic
2497 4568 2672 4615 tamen
2734 4575 2838 4613 non
2864 4557 3119 4627 effugiunt
3148 4597 3163 4620 ,
3196 4556 3291 4610 scd
3337 4557 3587 4611 leviorem
3628 4555 3934 4618 sortientur,

2364 4652 2434 4706 ob
2453 4667 2567 4706 eam
2599 4664 2753 4720 quam
2777 4649 2859 4703 hic
2877 4649 3108 4702 tulerunt
3124 4647 3536 4717 magnitudinem
3555 4647 3935 4716 suppliciorum

2367 4743 2490 4799 hinc
2516 4743 2826 4797 minuentes.
2857 4741 2993 4795 Audi
3019 4741 3288 4795 Christum
3307 4741 3594 4803 dicentem,
3617 4750 3670 4794 et
3689 4743 3936 4796 miseram

2368 4841 2643 4890 vocantem
2693 4831 2966 4886 Bethsaida
2998 4849 3012 4885 :
3049 4829 3137 4885 γω
3166 4830 3285 4898 tibi,
3311 4829 3598 4896 Cltorasint,
3635 4831 3823 4900 inquit,
3870 4848 3943 4887 ut:

2369 4925 2473 4986 tibi,
2503 4922 2773 4975 Bethsaida
2794 4937 2814 4976 :
2836 4921 2954 4991 quia
2973 4922 3016 4974 si
3044 4921 3095 4973 in
3124 4919 3362 4974 Sodomis
3383 4923 3530 4991 facta:
3555 4930 3715 4974 essent
3739 4921 3942 4975 uirtutes

2367 5011 2470 5065 illa:
2496 5026 2612 5081 qua
2641 5014 2789 5079 [αι-ιω
2826 5009 3015 5064 suntin
3064 5008 3216 5072 vobis,
3246 5009 3367 5062 olim
3415 5009 3466 5061 in
3495 5025 3639 5063 sacco
3682 5022 3730 5063 es
3779 5012 3945 5065 cinere

2370 5101 2706 5168 penitentiam
2731 5103 2960 5167 egissent.
3007 5097 3131 5150 Ideo
3161 5099 3273 5150 dico
3314 5098 3453 5152 vobis
3481 5101 3598 5168 quia
3636 5101 3948 5155 tolerabilius

2367 5197 2460 5246 erit
2503 5203 2650 5246 terra
2695 5193 3033 5246 Sodomorum
3079 5199 3125 5242 et
3177 5188 3471 5244 Comm/ta:
3518 5192 3570 5243 in
3614 5192 3698 5244 die
3738 5193 3937 5263 iudicii,

2369 5301 2518 5348 quam
2562 5283 2695 5335 voltis
2744 5281 2957 5351 (Matth.
3011 5279 3090 5333 ll.
3145 5279 3234 5333 2t.
3284 5279 3391 5346 22;
3437 5278 3560 5334 Luc.
3596 5281 3679 5335 t0.
3713 5281 3937 5348 13.”).

2374 5376 2552 5439 Vides,
2581 5373 2794 5437 dilecte,
2824 5373 3088 5441 quomodo
3113 5388 3230 5426 cum
3259 5373 3386 5427 dicit
3409 5413 3424 5435 ,
3449 5372 3783 5428 Tolerabilius
3811 5378 3902 5427 erit
3925 5417 3939 5440 ,

2337 5512 2342 5517 .
2371 5464 2603 5519 ostendit
2631 5480 2722 5520 eos
2741 5466 2861 5518 licet
2889 5473 3086 5517 tantam
3116 5463 3199 5518 hic
3242 5479 3450 5534 ptenam
3485 5466 3750 5532 dederint,
3780 5477 3832 5519 et
3863 5469 3938 5519 in-

2371 5556 2615 5611 cendium
2658 5557 2782 5608 illud
2811 5569 3002 5609 novum
3031 5564 3084 5607 et
3118 5570 3293 5608 rarum
3322 5556 3534 5609 tulerint
3558 5598 3571 5618 ,
3606 5556 3712 5609 illic
3738 5571 3942 5625 «ιιιοῳιθ

2373 5664 2578 5718 poenam
2605 5649 2802 5700 laturos
2835 5661 2971 5709 esse,
3008 5646 3678 5710 verumtamcnleviorem.
3715 5664 3782 5702 eo
3811 5651 3941 5718 quod

2374 5739 2522 5808 prius
2543 5737 2628 5791 llic
2651 5749 2844 5793 tantam
2883 5739 3085 5807 experti
3111 5739 3213 5792 sint
3243 5736 3694 5807 indignationem?
3738 5738 3814 5795 Ne
3859 5741 3936 5793 ἰαὶ·
