4080 6506
239 432 336 488 itit

245 574 332 621 tur
362 577 416 622 et
454 569 491 624 ii
527 578 743 640 peccata
791 581 1191 638 coacervantcs,
1224 576 1514 645 majoribus
1552 592 1610 632 se
1660 579 1834 649 pennis

237 654 500 715 obnoxios
525 659 810 717 redderent
831 703 845 728 ,
879 663 1134 719 Dominus
1162 666 1331 722 bonus
1361 678 1414 722 ct
1439 667 1700 740 benignus
1726 673 1832 725 du-

237 748 411 805 ritiam
435 752 648 808 illorum
673 755 935 823 pmnitere
963 757 1199 811 nesciam
1235 756 1453 826 videns,
1491 767 1701 831 tempus
1725 776 1832 832 quo

231 852 292 893 se
321 842 610 910 patientem
640 843 870 899 futurum
904 847 1186 917 promisit,
1220 848 1503 904 imminuit.
1528 849 1660 905 Nam
1691 852 1832 908 sicut

231 943 420 986 eorum
451 947 609 988 causa
640 933 729 1003 qui
766 933 1222 992 admonitionibus
1275 939 1388 994 suis
1438 951 1682 1010 prompte
1729 956 1828 1013 pa-

229 1029 371 1090 rent,
403 1022 474 1077 ob
507 1021 798 1080 bonitatem
842 1026 943 1082 sibi
989 1029 1310 1097 peculiarem
1355 1033 1651 1088 sententias
1702 1048 1828 1089 suas

227 1122 478 1180 revocat,
505 1125 559 1170 et
584 1114 652 1170 ad
676 1132 735 1172 sc
757 1132 1052 1174 conversos
1082 1119 1337 1187 admittit,
1363 1131 1526 1193 atque
1550 1124 1620 1178 ab
1649 1124 1828 1181 immi-

227 1213 392 1260 nente
411 1206 671 1276 supplicio
698 1207 888 1263 liberat
915 1225 929 1261 :
964 1211 1034 1265 ita
1062 1225 1275 1282 quoque
1308 1227 1428 1268 cum
1449 1216 1710 1285 promittit
1739 1217 1823 1272 vel

223 1291 365 1350 bona
403 1297 576 1368 aliqua
605 1313 664 1353 se
712 1299 1080 1369 praebiturum,
1110 1303 1192 1358 vel
1221 1305 1547 1374 pcenitentizn
1571 1316 1780 1380 tempus
1803 1352 1818 1378 ,

224 1385 368 1441 videt
395 1399 574 1443 autem
617 1390 738 1444 illos
781 1391 1039 1463 indignos,
1070 1395 1233 1450 etiam
1276 1405 1401 1451 tunc
1444 1412 1654 1468 quoque
1697 1414 1821 1455 suas

224 1479 613 1548 promissiones
637 1493 872 1543 revocat.
904 1483 1163 1552 Qus‘circa
1200 1495 1250 1540 et
1278 1502 1374 1556 per
1404 1489 1714 1559 prophetam
1739 1491 1819 1545 di-

218 1569 372 1623 cebat
401 1587 414 1622 :
447 1570 526 1624 Ad
552 1588 800 1628 summam
838 1574 1017 1645 loquar
1039 1593 1193 1646 super
1225 1587 1417 1649 gentes,
1464 1590 1511 1634 et
1555 1598 1707 1651 super
1734 1598 1819 1637 rc-

218 1673 342 1727 gna,
379 1669 432 1712 ut
459 1661 670 1729 perdam
697 1672 743 1716 et
772 1674 988 1719 evertant
1027 1680 1047 1720 :
1072 1676 1119 1720 et
1145 1668 1189 1722 si
1222 1670 1566 1738 paenitentiam
1595 1673 1812 1743 egerint,

221 1762 372 1818 agam
401 1759 447 1802 et
485 1767 577 1830 ego
605 1754 945 1821 paenitentiam
982 1773 1136 1826 super
1177 1759 1238 1813 iis
1271 1777 1386 1829 qua:
1430 1762 1666 1831 loquutus
1701 1781 1814 1819 sum

218 1850 273 1892 ut
299 1844 514 1912 [arerem
535 1845 604 1899 eis
629 1844 765 1916 (ler.
793 1847 878 1903 18.
909 1849 961 1903 7.
994 1851 1052 1921 8)
1086 1865 1103 1905 :
1128 1860 1183 1906 et
1202 1853 1394 1908 iterum
1419 1869 1432 1907 :
1459 1855 1538 1907 Ad
1564 1873 1815 1911 sumntum

214 1933 397 2003 loquar
420 1952 574 2005 super
598 1949 767 2009 gentes
792 1949 838 1993 ct
867 1957 1018 2011 super
1043 1959 1217 2014 regna,
1249 1954 1305 1998 ut
1334 1947 1633 2014 rewdiﬁcem
1659 1964 1677 2002 :
1703 1949 1814 2004 etsi

217 2029 568 2096 peccaverint,
606 2031 946 2101 pmuitentiam
968 2044 1015 2087 et
1035 2051 1125 2105 ego
1152 2053 1300 2106 agam
1327 2054 1479 2106 super
1502 2040 1563 2093 iis
1590 2057 1702 2111 qua:
1730 2045 1809 2096 lo-

220 2127 408 2186 quutus
447 2136 560 2173 sum
602 2130 656 2174 ut
702 2122 918 2190 facerem
970 2125 1040 2179 eis
1074 2124 1231 2196 (Ibid.
1286 2142 1334 2184 υ.
1376 2128 1428 2184 9.
1477 2129 1588 2200 10).
1621 2131 1807 2188 Vidisti

209 2208 482 2275 quomodo
500 2224 529 2264 a
560 2210 713 2266 nobis
737 2214 1049 2270 occasiones
1067 2217 1257 2286 accipit
1275 2228 1380 2273 tam
1402 2219 1805 2290 misericordia,

208 2315 370 2369 quam
392 2316 517 2370 erga
548 2318 644 2358 nos
664 2303 932 2366 declarat.
965 2323 1125 2377 quam
1157 2309 1576 2380 indignationis?
1604 2313 1806 2370 Idcirco

206 2392 368 2445 etiam
400 2409 541 2449 nunc
572 2405 781 2466 tempus
800 2400 1199 2469 resccagcujus
1218 2401 1290 2454 illi
1319 2402 1648 2473 longitudine
1676 2406 1807 2461 abu-

205 2483 477 2540 tebantur.
519 2487 713 2543 Beatus
739 2505 952 2560 quoque
983 2491 1176 2547 Paulus
1203 2492 1531 2564 adstupidos
1553 2496 1692 2564 illos,
1711 2499 1802 2568 qui

201 2574 429 2629 salutem
457 2590 552 2646 per
578 2579 942 2647 penitentiam
969 2581 1123 2637 nobis
1148 2582 1325 2638 datam
1354 2601 1459 2641 non
1490 2586 1798 2656 admittunt,

199 2665 413 2723 diccbat
445 2685 459 2723 :
488 2668 569 2722 Au
599 2671 799 2725 divitias
824 2673 1062 2727 bonitatis
1097 2677 1209 2746 ejus
1249 2686 1295 2729 et
1323 2678 1581 2746 patientia:
1616 2689 1662 2733 et
1682 2681 1796 2734 lano

199 2757 510 2826 gauimitatis
536 2762 835 2828 contemnis,
861 2763 1101 2833 ignorans
1127 2768 1265 2835 quod
1287 2765 1572 2838 benignitas
1599 2767 1696 2822 Dei
1726 2772 1799 2823 ad

195 2847 540 2916 paenitentiam
583 2860 629 2905 te
676 2864 911 2922 provocat
936 2853 962 2907 ?
1008 2853 1301 2909 Secundum
1345 2867 1512 2911 autem
1557 2859 1798 2913 duritiam

195 2949 371 3004 tuam,
395 2950 443 2994 et
469 2943 782 3013 impaenitens
797 2961 903 3012 cor,
937 2946 1249 3001 thesaurizas
1279 2948 1569 3019 tibimetipsi
1589 2952 1718 3003 iram
1743 2953 1796 3004 in

193 3029 278 3084 die
305 3030 393 3084 ire
417 3041 464 3085 et
493 3033 810 3089 reuelationis
828 3037 959 3106 justi
989 3036 1168 3099 iudicii
1196 3037 1291 3093 Dei
1328 3039 1501 3109 (Rom.
1529 3039 1582 3093 2.
1613 3042 1665 3095 4.
1694 3040 1794 3114 5)?

193 3118 390 3176 Vidisti
412 3123 683 3193 quomodo
734 3135 791 3180 et
815 3127 1044 3183 eximius
1083 3129 1171 3183 ille
1215 3129 1406 3186 doctor
1455 3132 1602 3187 orbis
1646 3132 1794 3190 clare

191 3227 293 3267 nos
321 3211 519 3282 docuit,
550 3229 643 3270 cos
667 3216 755 3286 qui
782 3217 1037 3287 patientia
1067 3219 1157 3274 Dei
1188 3220 1253 3274 ad
1284 3223 1656 3291 peenitentiam
1689 3240 1788 3279 no-

188 3302 274 3358 bis
325 3318 582 3361 concessa
626 3307 936 3374 abutuntur,
969 3309 1156 3378 majori
1205 3324 1380 3381 paena:
1427 3321 1481 3366 et
1527 3313 1790 3384 supplicio

189 3397 508 3466 semctipsos
529 3397 798 3454 obnoxios
827 3400 1091 3456 reddere?
1116 3401 1186 3456 Et
1211 3403 1308 3459 hac
1332 3403 1398 3460 de
1425 3420 1584 3460 causa
1625 3407 1788 3463 etiam

188 3503 330 3542 nunc
363 3489 626 3561 benignus
653 3491 814 3557 Deus,
846 3493 996 3563 quasi
1027 3508 1148 3550 sese
1181 3510 1453 3566 purgans,
1488 3500 1786 3556 rationem-

186 3593 292 3648 que
338 3579 603 3647 reddens,
652 3597 818 3652 quare
862 3584 1150 3655 antequam
1197 3588 1520 3656 promissum
1577 3601 1786 3662 tempus

186 3669 520 3738 impleretur,
549 3671 809 3730 diluvium
840 3675 1130 3744 induxerit,
1155 3693 1416 3735 annorum
1435 3681 1564 3751 justi
1597 3701 1786 3742 nume-

182 3775 300 3814 rum
352 3760 606 3830 dcclarat,
649 3772 704 3818 et
750 3765 930 3820 dicit:
985 3764 1101 3822 Noe
1147 3780 1315 3824 autem
1369 3782 1475 3825 erat
1530 3790 1782 3830 annorum

179 3862 550 3907 setcentorum.
597 3854 728 3910 Nam
753 3857 840 3928 qui
891 3859 943 3913 in
975 3870 1189 3916 centum
1220 3863 1375 3918 annis
1403 3870 1646 3922 converti
1675 3884 1776 3924 no-

181 3944 397 4011 luerint,
431 3949 556 4020 quid
600 3952 827 4022 amplius
880 3955 1202 4022 proficerent
1244 3973 1310 4013 ex
1360 3959 1516 4015 annis
1570 3963 1776 4032 viginti,

177 4053 336 4106 quam
384 4041 526 4110 quod
585 4044 732 4112 plura
793 4044 1090 4115 adjicerent
1143 4049 1395 4116 peccata?
1448 4051 1604 4107 Enim
1647 4068 1778 4109 vero

178 4140 485 4184 tnonstrans
516 4131 834 4188 ineffabilem
866 4149 1016 4189 suam
1041 4136 1465 4194 miscricordiam
1496 4152 1550 4197 et
1587 4144 1772 4198 excel-

176 4215 374 4272 lentem
404 4220 712 4287 bonitatem,
745 4240 851 4279 non
897 4227 1166 4282 recusavit
1223 4229 1382 4284 etiam
1421 4241 1544 4288 ante
1565 4244 1770 4303 septem

174 4305 291 4364 dics
319 4311 607 4380 praadicere
632 4313 710 4368 eis
734 4315 992 4371 diluvium
1027 4332 1153 4373 mox
1190 4318 1574 4390 inducendum,
1600 4333 1656 4379 ut
1684 4325 1768 4380 vel

172 4404 416 4473 angustia
479 4408 736 4479 temporis
791 4413 1029 4481 correpti
1073 4415 1483 4472 conversionem
1534 4419 1767 4490 aliquam

172 4494 538 4552 ostenderent.

241 4585 298 4639 3.
336 4584 470 4642 Deus
501 4589 728 4657 pradicit
752 4609 951 4665 poenas,
976 4610 1039 4648 ne
1064 4595 1270 4665 inferat.
1300 4628 1370 4638 -—
1393 4597 1461 4654 Et
1484 4598 1606 4656 vide
1657 4601 1769 4656 cle-

173 4677 426 4732 mentiam
457 4679 686 4746 Domini,
718 4684 986 4753 quomodo
1025 4687 1174 4756 quasi
1218 4688 1389 4743 bonus
1430 4691 1621 4762 aliquis
1647 4707 1764 4749 me-

169 4766 341 4833 dicns,
367 4769 527 4824 variis
555 4772 656 4827 viis
686 4774 928 4829 morbum
959 4791 1145 4832 eorum
1177 4793 1367 4835 curare
1410 4791 1598 4837 tentat.
1630 4783 1764 4840 Nam

169 4857 421 4927 quoniam
453 4860 760 4918 incnrabilia
790 4880 975 4920 eorum
1003 4877 1159 4922 erant
1190 4870 1434 4938 vulnera,
1463 4880 1570 4927 tam
1598 4875 1764 4944 proli—

170 4963 295 5003 xnm
324 4949 402 5002 eis
433 4960 642 5020 tempus
669 4956 1013 5024 prurscripsit,
1043 4957 1426 5023 volens,ctiam
1454 4962 1499 5014 si
1534 4963 1582 5015 in
1617 4973 1765 5020 tanto

168 5049 409 5108 tempore
430 5043 821 5113 resipiscerent,
837 5061 1091 5102 revocare
1105 5048 1481 5119 indignationis
1506 5067 1616 5107 suae
1642 5071 1763 5109 sen-

168 5131 405 5185 tentiam.
437 5132 660 5205 Semper
688 5137 828 5190 enim
859 5152 977 5192 mos
1004 5139 1120 5208 ejus
1146 5148 1252 5207 est,
1280 5143 1531 5210 quoniam
1564 5156 1761 5203 nostra:

166 5219 355 5274 salutis
369 5236 550 5276 curam
582 5226 710 5302 agit,
729 5226 1019 5294 prmdicerc
1040 5244 1170 5297 quas
1193 5245 1378 5299 pinnas
1399 5233 1466 5286 sit
1493 5234 1760 5303 illaturus,

87 5337 100 5344 ρ
165 5313 235 5368 ob
270 5313 404 5367 hanc
445 5322 649 5369 tantum
689 5332 927 5386 causam,
956 5334 1023 5374 ne
1074 5320 1292 5386 inferat;
1321 5337 1454 5393 quas
1489 5327 1534 5380 si
1559 5326 1760 5385 inferre

167 5404 359 5472 vellet,
385 5407 690 5475 neutiquam
738 5408 940 5464 diceret
967 5426 981 5464 :
1012 5409 1108 5466 sed
1144 5412 1383 5469 studiose
1421 5416 1683 5487 praedicit,
1708 5426 1765 5473 ut

166 5510 289 5551 cum
351 5511 449 5550 nos
499 5496 867 5566 didicerimus,
904 5502 1096 5557 timore
1151 5505 1548 5563 emendatiores
1597 5510 1759 5578 facti,

165 5594 470 5641 atcrtamus
519 5586 686 5657 ipsius
727 5590 1163 5662 indignationem,
1193 5605 1248 5652 et
1271 5599 1563 5654 sententias
1585 5599 1764 5657 irritas

167 5675 445 5739 faciamus.
472 5677 612 5733 Nihil
641 5681 784 5736 enim
816 5691 919 5748 est,
950 5684 1092 5754 quod
1121 5686 1192 5741 ita
1222 5687 1373 5743 illum
1402 5690 1682 5752 exbilaret,
1709 5701 1765 5744 ut

167 5770 449 5826 conversio
479 5763 680 5838 nostra,
699 5782 753 5828 et
777 5789 805 5829 a
835 5785 1056 5845 peccato
1084 5779 1150 5834 ad
1181 5779 1432 5837 virtutem
1460 5799 1758 5855 regressus.

167 5850 551 5914 Animadverte
579 5863 726 5935 igitur
760 5868 1032 5939 quomodo
1058 5880 1112 5926 ct
1133 5870 1358 5930 istorum
1386 5850 1756 5950 agritudinem

1263 436 1305 491 Ν
1343 438 1495 494 CAP.
1522 440 1630 495 VII.
1673 441 1913 498 GENES.
1959 443 2187 500 ιιυλῖιι.
2233 444 2396 502 XXV.

3438 463 3543 521 23‘}.

1943 558 2198 615 industria
2231 562 2455 632 quadam
2481 579 2671 624 curare
2700 569 2887 626 nititur
2915 591 2930 632 :
2965 575 3139 645 primo
3173 586 3374 634 tantum
3399 593 3539 636 tem-

1939 649 2084 719 poris
2104 651 2169 705 ad
2194 653 2565 722 penitentiam
2607 657 2787 727 dedit;
2822 661 2945 718 dein
2995 666 3083 721 ubi
3110 667 3241 724 vidit
3266 684 3360 726 eos
3385 675 3538 742 quasi

1939 738 2191 796 insensati
2241 755 2442 813 essent,
2489 747 2560 803 ita
2603 764 2662 806 se
2706 767 2933 823 gerere,
2981 759 3222 831 nihilque
3273 765 3536 832 prolicere

1938 832 2192 900 temporis
2223 833 2574 906 longitudine,
2595 840 2706 910 jam
2732 860 2852 898 cum
2902 852 3290 917 propemodum
3321 854 3374 910 in
3403 856 3535 913 lori-

1931 919 2032 976 bus
2077 923 2205 992 ipsis
2254 938 2397 984 esset
2441 929 2719 1002 diluvium,
2767 936 2959 993 iterum
3008 943 3368 1014 praenuntiat,
3423 965 3533 1004 non

1930 1023 2056 1069 ante
2084 1026 2190 1072 tres
2229 1017 2366 1088 dies,
2413 1022 2549 1078 sicut
2589 1025 2853 1095 Ninivitis,
2895 1033 2987 1087 scd
3035 1046 3159 1091 ante
3205 1050 3431 1108 septem.
3469 1043 3531 1097 Et

1930 1102 2160 1178 fidenter
2202 1109 2450 1181 dixerim,
2497 1119 2914 1188 magnitudinem
2958 1102 3283 1186 clementia;
3319 1133 3529 1191 Dotnini

1929 1209 1998 1248 no
2031 1197 2096 1250 tri
2122 1199 2318 1266 sciens,
2350 1204 2394 1257 si
2425 1207 2508 1260 vel
2535 1207 2586 1262 in
2607 1222 2810 1279 septem
2831 1213 3020 1272 diebus
3050 1234 3229 1274 veram
3260 1227 3528 1293 pmniten-

1930 1285 2054 1340 tiam
2085 1303 2245 1358 agere
2289 1294 2600 1360 voluissent,
2628 1299 2939 1372 effugissent
2969 1309 3148 1378 utique
3176 1285 3355 1368 diluvii
3388 1320 3528 1385 peri-

1925 1376 2125 1431 culum.
2159 1379 2340 1452 Itaque
2387 1389 2639 1455 quoniam
2672 1408 2845 1462 neque
2884 1376 3169 1465 productio
3213 1407 3344 1459 tanti
3388 1376 3498 1462 tem

1924 1466 2089 1533 poris,
2120 1483 2294 1540 neque
2311 1478 2602 1530 coarctatin
2627 1494 2656 1532 a
2690 1483 2842 1538 malis
2886 1500 2980 1542 eos
3025 1489 3291 1566 abducere
3331 1499 3524 1567 patuit,

1922 1558 2133 1615 induxit
2175 1563 2431 1622 diluvium
2461 1571 2512 1623 in
2542 1578 2934 1634 sexcentesimo
2979 1596 3121 1638 anno
3148 1563 3280 1641 Noe.
3405 1558 3521 1647 Noe

1921 1665 2106 1718 autem,
2139 1653 2327 1725 inquit,
2371 1673 2718 1718 sexcentarum
2760 1684 3011 1726 annorum
3048 1687 3174 1741 erat,
3204 1689 3253 1732 et
3277 1681 3522 1738 diluvium

1919 1756 2066 1811 aqua:
2093 1746 2284 1816 factum
2300 1757 2372 1803 est
2394 1767 2549 1821 super
2578 1763 2783 1828 terram.
2815 1759 3051 1832 Vidistis,
3081 1766 3281 1836 dilecti,
3307 1783 3522 1843 quanta:

1918 1833 2073 1888 nobis
2104 1836 2345 1895 utilitatis
2376 1845 2596 1899 materia
2628 1845 2766 1904 facta
2810 1851 2899 1918 sit,
2945 1833 3277 1925 cognoscere
3325 1833 3522 1921 nume?

1916 1939 2036 1978 rum
2081 1943 2342 1987 annorum
2385 1934 2537 2003 justi,
2567 1948 2616 1993 et
2659 1951 2790 2010 quot
2833 1959 3092 2003 annorum
3140 1961 3276 2019 erat,
3307 1958 3518 2026 quando

1914 2015 2170 2074 diluvium
2201 2024 2383 2078 venit?
2408 2028 2519 2097 Age
2547 2034 2950 2101 progrediamur
2978 2039 3044 2094 ad
3070 2056 3133 2097 ca
3179 2059 3298 2115 qua:
3320 2015 3515 2105 conse-

1914 2121 2142 2179 quenter
2186 2114 2455 2172 dicuntum
2485 2120 2618 2177 Nam
2653 2134 2708 2178 ut
2735 2129 2900 2198 cmpit
2927 2114 3206 2201 diluvium,
3236 2137 3428 2208 inquit,
3457 2144 3510 2197 7.

1913 2200 2183 2272 Ingressus
2220 2218 2293 2262 est
2323 2223 2494 2266 autem
2527 2212 2662 2284 Noe,
2697 2229 2744 2272 et
2770 2221 2870 2288 ﬁlii
2893 2224 3022 2294 ejus,
3049 2235 3095 2279 ct
3120 2243 3249 2283 uxor
3283 2200 3441 2302 illius,
3467 2247 3511 2289 et

1909 2309 2091 2351 uxores
2115 2299 2339 2368 ﬁliorum
2380 2306 2517 2360 illius
2542 2310 2592 2362 in
2615 2327 2810 2380 arcam;
2837 2327 3046 2388 prapter
3087 2338 3271 2390 aquam
3311 2327 3508 2382 dilui-ii.

1908 2384 1962 2439 8.
1988 2386 2055 2440 Et
2084 2406 2148 2443 ea:
2175 2393 2462 2450 volatilibus
2503 2401 2706 2456 mundis
2735 2412 2782 2456 ct
2808 2384 2872 2459 ea:
2901 2384 3183 2466 volatilibus
3212 2415 3504 2488 inmundis,

1905 2485 1952 2530 et
1980 2493 2044 2531 ea:
2082 2482 2347 2552 jumentis,
2400 2498 2448 2540 et
2485 2506 2548 2543 ea:
2592 2494 2859 2560 reptilibus
2902 2499 3040 2555 bina.
3069 2502 3122 2557 9.
3148 2502 3234 2558 Ea:
3277 2482 3508 2567 omnibui

1905 2569 2216 2668 intraverunt
2245 2577 2314 2630 ad
2337 2578 2466 2647 Noe,
2492 2582 2545 2636 in
2573 2600 2766 2651 arcam,
2796 2593 3048 2648 masculus
3076 2593 3376 2668 et'fozmina,
3407 2607 3505 2660 sic-

1903 2671 1958 2712 ut
1974 2651 2286 2735 'pm'ceperat
2317 2669 2564 2729 Dominus
2589 2675 2723 2730 Noe.
2755 2679 2871 2735 Non
2898 2684 3101 2756 absque
3148 2651 3308 2746 causa
3349 2651 3504 2751 ἐρωε-

1900 2751 1996 2818 dit,
2021 2755 2168 2810 Sicut
2188 2775 2494 2832 prleceperat
2523 2764 2773 2824 Dominus
2802 2772 2916 2828 Noe
2938 2791 2956 2828 :
2984 2751 3076 2833 sed
3105 2788 3163 2835 ut
3193 2781 3383 2839 iterum
3405 2804 3502 2843 au-

1900 2853 2050 2913 geret
2073 2848 2281 2905 laudent
2305 2852 2614 2926 justi,quod
2644 2863 2820 2917 omnia
2850 2867 3168 2939 impleverit,
3189 2875 3325 2930 sicut
3357 2892 3495 2947 ιιι-ιη-

1899 2949 2112 3006 ceperat
2145 2940 2420 3011 Dominus,
2453 2957 2506 3001 ct
2525 2950 2666 3019 quod
2699 2953 2829 3009 nihil
2858 2971 2926 3012 ex
2955 2959 3111 3017 dictis
3140 2940 3500 3032 prmtermise-

1896 3027 1986 3080 rit.
2017 3029 2101 3083 lD.
2133 3029 2200 3084 Et
2228 3036 2420 3103 factum
2445 3048 2518 3091 est
2545 3050 2656 3109 post
2693 3043 2800 3099 dies
2824 3058 3032 3118 septem,
3065 3027 3205 3109 sicut
3229 3060 3496 3126 promise-

1896 3125 1997 3182 rat,
2032 3120 2221 3190 inquit,
2256 3124 2542 3192 Dominus,
2583 3142 2629 3184 et
2649 3149 2783 3201 aqua
2823 3137 3004 3194 diluvii
3049 3145 3188 3214 facta
3224 3120 3297 3202 cst
3343 3167 3497 3222 super

1895 3218 2102 3276 terram,
2135 3214 2221 3269 11.
2255 3216 2306 3269 in
2335 3223 2699 3278 sexcentesimo
2724 3243 2861 3282 anno
2908 3232 2960 3285 in
3002 3235 3102 3288 vita
3145 3236 3279 3305 Noe,
3327 3259 3496 3300 mense

1892 3305 2133 3371 secundo,
2179 3307 2412 3363 vicesimo
2440 3315 2724 3384 etseptimo
2773 3321 2977 3375 mensis.
3031 3323 3164 3381 Vide
3201 3329 3491 3402 Scriptum

1894 3392 2267 3466 diligentiam,
2322 3404 2592 3470 quomodo
2640 3423 2748 3462 non
2795 3411 2969 3467 solum
3013 3432 3110 3472 nos
3162 3392 3344 3477 docuit
3387 3442 3493 3495 quo

1889 3497 2032 3538 anno
2075 3486 2273 3542 factum
2301 3491 2373 3545 sit
2408 3492 2691 3566 diluvium,
2720 3500 2815 3556 scd
2843 3513 2892 3557 et
2922 3520 3030 3574 quo
3075 3524 3261 3568 mense
3291 3524 3345 3570 et
3383 3486 3490 3573 die.

1893 3575 2093 3632 Deinde
2137 3588 2191 3633 nt
2234 3598 2298 3636 ex
2345 3587 2654 3645 narratione
2677 3594 3074 3654 emendatiores
3100 3603 3290 3660 reddat
3314 3619 3490 3676 poste-

1888 3683 1999 3732 rus,
2032 3677 2401 3745 terroremque
2431 3679 2506 3732 rei
2547 3691 2712 3750 gesta:
2748 3696 2956 3756 augeat,
2987 3691 3114 3746 dicit
3144 3711 3157 3748 :
3185 3693 3251 3749 In
3281 3700 3364 3753 die
3400 3702 3489 3754 illo

1885 3762 2022 3828 rupti
2051 3772 2166 3816 sunt
2192 3779 2364 3820 omnes
2393 3771 2558 3839 fontes
2587 3771 2774 3844 abyssi,
2795 3787 3129 3838 etcataracta:
3153 3788 3266 3841 cali
3293 3803 3487 3859 aperta:

1882 3861 2032 3918 sunt,
2080 3855 2165 3908 12.
2214 3867 2261 3910 et
2309 3860 2447 3927 facta
2494 3873 2568 3916 est
2613 3866 2784 3930 pluvia
2838 3887 2993 3940 super
3033 3885 3218 3931 terram
3258 3855 3483 3950 quadra-

1881 3945 2022 4013 ginta
2051 3948 2224 4002 diebus
2249 3959 2294 4003 et
2319 3954 2656 4026 quadraginta
2687 3962 2932 4020 noctibus.
2982 3965 3116 4024 Vide
3155 3945 3349 4040 quanta
3399 3977 3482 4033 di-

1881 4036 2032 4089 eendi
2062 4044 2505 4111 attemperatione
2548 4063 2688 4105 nunc
2718 4051 2878 4107 etiam
2927 4058 3093 4114 utitur
3137 4036 3292 4135 sacra
3333 4069 3480 4123 Scri-

1881 4139 2033 4196 ptura
2060 4149 2072 4184 :
2097 4135 2274 4188 omnia
2322 4138 2464 4192 enim
2497 4142 2789 4200 secundum
2819 4145 3106 4206 lmmanam
3137 4152 3482 4218 conslietudi-

1879 4235 2000 4276 nem
2041 4222 2290 4293 loquitur.
2335 4227 2451 4284 Non
2497 4233 2638 4301 quod
2674 4245 2956 4295 cataractae
2975 4243 3084 4298 sint
3113 4245 3165 4301 in
3191 4250 3348 4316 caelo,
3383 4254 3476 4310 sed

1877 4313 2051 4367 omnia
2079 4329 2176 4386 per
2195 4317 2475 4376 familiaria
2498 4325 2652 4380 nobis
2683 4330 2843 4386 verba
2866 4332 3122 4403 loquitur,
3152 4344 3302 4410 quasi
3325 4313 3473 4402 dice-

1875 4414 1957 4459 ret
1991 4423 2004 4459 :
2039 4406 2302 4479 Prmcepit
2344 4420 2546 4469 tantum
2589 4417 2866 4486 Dominus,
2911 4433 2965 4479 et
2989 4406 3182 4484 statim
3216 4447 3475 4503 aquarum

1875 4505 2063 4552 natura
2096 4500 2348 4556 mandato
2372 4503 2679 4564 Conditoris
2717 4511 2975 4583 obedivit,
3001 4527 3057 4574 et
3081 4529 3140 4576 ut
3175 4500 3435 4584 conﬂuxit
3456 4571 3473 4599 ,

1874 4599 2042 4644 totum
2067 4591 2252 4647 orbem
2279 4594 2572 4652 inundavit.
2592 4597 2710 4655 Jam
2741 4605 2882 4672 quod
2903 4609 3254 4682 quadraginta
3283 4591 3474 4676 diebus

1877 4682 1931 4730 et
1944 4677 2300 4750 quadraginta
2317 4684 2568 4741 noctibus
2581 4685 2861 4746 inductum
2879 4705 2960 4748 est
2973 4677 3312 4766 diluvium,et
3325 4707 3468 4762 istud

1876 4759 2056 4832 ipsum
2077 4762 2342 4822 bonitatis
2361 4770 2660 4826 maximum
2681 4774 2956 4843 specimen
2973 4759 3470 4845 est.Volebatenim

1877 4861 2099 4922 propter
2120 4870 2371 4927 magnam
2388 4859 3053 4934 misericordiam,saltcm
3079 4875 3294 4948 aliquos
3311 4895 3375 4935 ex
3389 4882 3470 4938 eis

1877 4943 2177 5013 castigatos
2211 4951 2524 5017 generalem
2568 4954 2709 5011 banc
2736 4943 3189 5021 internecionem
3205 4967 3464 5043 eﬂ'ugere,

1874 5046 1998 5088 cum
2012 5044 2141 5090 ante
2157 5038 2349 5097 oculos
2372 5042 2620 5102 viderent
2634 5056 2686 5103 et
2697 5064 3034 5122 congcneres
3051 5074 3184 5116 suos
3203 5038 3464 5132 perire,ct

1873 5125 2272 5186 immineresibi
2302 5150 2647 5195 connnunem
2664 5142 3290 5211 interitum.Verisitnile
3315 5160 3459 5216 enim

1869 5227 1953 5274 est
1969 5221 2147 5290 primo
2165 5224 2254 5280 die
2272 5227 2466 5284 bonam
2486 5232 2723 5304 aliquam
2750 5248 2960 5307 partem
2976 5242 3184 5300 diluvio
3206 5249 3457 5317 periisse,

1868 5317 1921 5364 et
1944 5313 2192 5368 secundo
2212 5316 2300 5373 die
2318 5322 2630 5378 accrevisse
2654 5326 2861 5398 aliquid
2879 5332 3070 5388 diluvii
3091 5346 3184 5392 :et
3205 5313 3460 5398 similiter

1867 5399 1957 5455 die
1986 5405 2172 5497 tertio,
2191 5416 2247 5461 et
2269 5410 2702 5485 reliquis.Atque
2729 5416 2850 5475 ideo
2872 5421 2926 5475 in
2951 5423 3317 5497 quadraginta
3339 5430 3459 5488 dies

1865 5501 1920 5546 et
1950 5493 2318 5565 quadraginta
2339 5509 2532 5558 noctes
2555 5507 2837 5575 produxit,
2858 5519 2918 5564 ut
2944 5493 3456 5575 omnem'defensio-

1866 5582 1953 5636 nis
1967 5583 2252 5642 obtentum
2279 5590 2563 5650 adimeret.
2586 5595 2720 5654 Nam
2751 5600 2797 5655 si
2819 5604 3266 5680 voluissetatque
3291 5612 3458 5683 impe-

1863 5685 2060 5740 rasset,
2085 5680 2357 5749 potuisset
2383 5687 2567 5742 omnia
2593 5689 2647 5744 in
2687 5707 2795 5748 uno
2819 5707 3099 5752 momento
3137 5680 3406 5759 inundare
3436 5723 3452 5760 :

1864 5768 1958 5823 sed
1975 5783 2075 5839 pro
2093 5786 2192 5826 sua
2219 5773 2510 5833 sternentis
2535 5789 2686 5836 tanta
2701 5783 2916 5841 dierum
2930 5787 3293 5850 diuturnitate
3318 5810 3453 5852 usus

1861 5869 1967 5917 est.
2002 5859 2206 5923 Deinde
2235 5867 2368 5926 dicit
2402 5889 2415 5926 :
2452 5872 2537 5928 l3.
2568 5871 2632 5930 In
2667 5875 2753 5933 die
2778 5877 2876 5934 illa
2902 5879 3256 5942 intravitNoe
3279 5887 3335 5941 in
3361 5905 3454 5943 ar-
