4080 6480
641 391 747 448 ἥδ

636 535 761 581 cum.
795 527 840 572 et
865 517 1070 582 8ιιιι,ει
1093 515 1274 583 Citam,
1303 514 1610 586 etlaphctlt,
1643 521 1692 569 ct
1712 528 1840 569 osor
1873 511 2008 577 Nos,
2036 519 2086 566 ct
2117 519 2214 568 ma

633 621 815 663 eum
855 608 1080 678 ﬁliorum
1121 605 1400 675 “(iub-li.
1443 613 1492 659 et
1532 619 1706 659 omnes
1739 601 1909 659 bestia
1947 602 2203 658 secundum

635 715 812 769 μηδ.
844 699 930 756 l6.
965 700 1095 754 sicut
1121 707 1427 770 pra-ceperat
1456 694 1702 751 Dominus
1728 693 1870 753 Data
1889 692 2219 764 Ποιοωο-

631 790 742 858 do,
789 791 993 862 inquit,
1042 789 1203 860 cmpit
1249 789 1507 844 diluviu
1549 785 1843 842 secundo
1891 794 2214 858 prmi-cptum

634 883 864 950 Domini,
897 881 1107 938 intravit
1129 879 1242 937 Noe
1257 882 1309 935 in
1331 895 1507 936 arcam
1535 893 1657 934 cum
1685 878 1811 934 llliis
1834 886 1890 934 et
1912 891 2077 934 uxore
2097 891 2214 941 sua,

629 981 685 1030 et
711 973 962 1030 uxoribus
989 971 1215 1027 ﬁliorum
1253 985 1491 1037 auorum,
1524 979 1578 1026 et
1602 983 1791 1024 omnes
1823 967 2006 1025 bestia:
2028 980 2218 1022 secun-

629 1064 758 1119 dum
781 1078 971 1135 genus.
1007 1059 1078 1118 Et
1100 1061 1302 1129 clausit,
1329 1061 1520 1130 inquit.
1547 1060 1801 1116 Desinas
1845 1057 1984 1115 Data
2025 1055 2214 1128 deforis

629 1154 956 1224 ήκω-ιω.
1527 1190 1531 1193 .
2045 1188 2050 1192 .
2156 1193 2163 1201 .

691 1242 755 1298 .t.
786 1242 1161 1300 Animadverte
1205 1252 1367 1298 etiam
1397 1241 1484 1298 hic
1523 1243 1671 1298 verbi
1697 1239 1764 1296 ad
1793 1247 2031 1297 nostram
2061 1237 2214 1294 inﬁr-

633 1334 868 1389 mitatem
895 1333 1461 1390 accommodationem.
1491 1331 1695 1389 Clausit
1733 1331 1874 1387 Deus
1920 1329 2216 1385 forinsecus

633 1424 772 1480 illius
792 1439 992 1490 arcam,
1023 1433 1082 1480 ut
1121 1423 1310 1480 doceat
1352 1439 1412 1480 se
1451 1425 1503 1479 in
1550 1437 1738 1494 magna
1782 1421 2067 1478 securitate
2116 1434 2217 1490 νο·

631 1516 802 1574 sitisse
841 1516 1063 1587 justum.
1098 1515 1221 1572 Ideo
1245 1517 1340 1582 ait,
1373 1514 1584 1586 Clausit,
1615 1513 1857 1580 et'addit,
1889 1511 2110 1583 Drforia,
2142 1512 2213 1567 ita

635 1617 691 1666 at
705 1625 818 1666 non
847 1616 1027 1680 posset
1050 1610 1230 1666 videre
1252 1608 1429 1678 jtuuts
1455 1607 1760 1680 generalem
1785 1605 2023 1661 omnium
2072 1603 2212 1660 inte-

633 1702 814 1768 ritum,
846 1700 986 1756 unde
1020 1699 1208 1772 njori
1252 1697 1449 1755 dolora‘
1468 1699 1583 1768 ipse
1605 1695 1977 1752 conﬁceretur.
2003 1691 2139 1750 Nam
2165 1693 2215 1749 si

630 1808 812 1851 secum
837 1794 1012 1848 animo
1031 1799 1330 1862 reputasset
1348 1789 1734 1852 atrocissimam
1758 1788 1901 1842 illam
1923 1795 2213 1858 tempesta-

633 1881 1250 1954 tem,descripsissetque
1294 1882 1349 1936 in
1375 1887 1556 1936 mente
1595 1877 1808 1935 humani
1838 1879 2050 1950 generis
2089 1890 2212 1948 per-

630 1975 907 2042 ditionem,
935 1988 1272 2030 communem
1295 1971 1567 2028 brutorum
1596 1971 1834 2036 omnium
1863 1970 2132 2026 interitum
2159 1981 2212 2025 et

632 2066 907 2122 hominum
949 2074 1002 2120 et
1039 2063 1423 2135 jumentorum,
1465 2071 1521 2119 et
1545 2061 1710 2133 ipsius
1737 2071 1914 2128 terrm,
1946 2069 2004 2116 ut
2033 2061 2104 2122 ita
2133 2060 2216 2115 di-
2257 2069 2260 2072 ’

629 2172 772 2224 eam,
800 2155 1168 2222 abolitionem,
1198 2152 1452 2210 minuitis
1492 2161 1788 2222 correptus,
1820 2161 1873 2206 et
1903 2151 2060 2208 valde
2103 2162 2214 2206 tur-

629 2249 782 2303 batus
823 2246 1032 2302 fuisset.
1079 2243 1407 2316 Quamquam
1453 2242 1594 2299 enim
1644 2250 1798 2299 erant
1839 2239 2095 2315 improbi,
2123 2241 2211 2310 qui

629 2339 891 2412 peribant,
929 2347 1163 2394 attamen
1211 2337 1471 2393 bonorum
1508 2335 1742 2390 virorum
1789 2334 1980 2390 anima:
2021 2346 2210 2405 magna

628 2431 1094 2487 commiseratione
1132 2427 1272 2485 aflici
1298 2427 1492 2496 solent,
1519 2427 1564 2483 si
1586 2424 1802 2497 quando
1831 2423 2012 2482 vident
2037 2423 2212 2494 ptmiri

631 2523 904 2586 homines;
929 2531 984 2577 et
1005 2521 1244 2577 invenies
1269 2534 1458 2576 omnes
1488 2519 1771 2589 prOphetas
1797 2526 1852 2573 et
1872 2516 2046 2587 justus
2090 2515 2210 2587 plu-

630 2615 822 2670 rimum
847 2627 944 2685 pro
970 2613 1076 2668 illis
1105 2612 1215 2668 Deo
1242 2611 1566 2683 supplicare,
1611 2610 1748 2666 sicut
1789 2606 2084 2679 patriarcha
2117 2610 2214 2678 pro

625 2703 918 2762 Sodomitis
962 2703 1188 2760 faciebat
1212 2702 1366 2777 (Gen.
1415 2700 1503 2758 t8.
1549 2700 1663 2771 25),
1704 2698 1844 2755 sicut
1883 2698 2044 2756 etiam
2083 2711 2214 2770 pro-

627 2795 800 2866 pheta
822 2795 1074 2851 continuo
1099 2793 1275 2850 facere
1299 2791 1558 2849 solebant.
1590 2789 1803 2846 Etenim
1831 2804 1970 2846 unus
1995 2788 2211 2861 quidem

626 2887 836 2944 diccbat
865 2905 879 2941 :
915 2884 1033 2940 Heu
1059 2885 1201 2950 mihi,
1229 2883 1463 2951 Domina,
1492 2881 1681 2945 delatis
1702 2893 1756 2936 ιιι
1779 2882 2016 2952 reliquias
2042 2879 2214 2936 laud

627 2975 836 3049 (Bacch.
863 2976 914 3033 9.
936 2975 1032 3047 8)?
1060 2975 1196 3031 alius
1217 2985 1396 3029 autem
1443 2973 1518 3028 ait
1546 2991 1560 3026 :
1591 2970 1772 3027 Facies
1815 2972 2041 3027 homines
2081 2971 2212 3026 sicut

629 3069 788 3137 pisces
812 3067 989 3133 utaris,
1012 3083 1113 3120 non
1141 3065 1377 3120 habentes
1403 3063 1578 3118 ducem
1605 3063 1786 3135 (Aliae.
1813 3064 1864 3119 t.
1896 3061 2028 3133 li)?
2052 3061 2213 3135 Igitur

625 3157 752 3228 quia
797 3157 1027 3228 alioquin
1068 3156 1244 3226 justus
1283 3153 1706 3210 eonfundebatur
1725 3163 1923 3218 mente,
1951 3163 2005 3208 et
2035 3153 2213 3208 turba-

627 3249 802 3314 hatur,
835 3265 903 3305 ne
927 3265 994 3304 ex
1021 3250 1136 3305 visu
1155 3256 1211 3304 et
1229 3247 1536 3319 spectaculo
1563 3245 1750 3316 majori
1779 3247 1988 3302 tristitia
2036 3244 2214 3301 allice-

627 3353 794 3406 netur,
842 3343 896 3396 in
940 3355 1060 3396 arca
1103 3340 1249 3395 illum
1287 3339 1438 3410 quasi
1485 3341 1538 3394 in
1585 3351 1800 3394 carcere
1845 3338 2104 3400 includit,
2158 3349 2234 3395 ut.

627 3448 696 3488 ne
718 3432 887 3487 oculis
908 3431 1322 3502 prospicientem
1369 3439 1541 3484 metus
1587 3429 1882 3484 invaderet.
1917 3426 2212 3484 Verisimile

637 3523 784 3579 cnim‘
810 3510 912 3584 est.
941 3522 988 3575 si
1019 3521 1237 3576 vidisset
1276 3519 1673 3575 inundationem
1714 3528 1792 3573 tot
1816 3533 2092 3589 aquarum,
2118 3534 2214 3573 an-

630 3613 934 3677 xiumfure,
964 3628 1032 3668 ne
1057 3621 1111 3667 et
1138 3613 1252 3682 ipse
1271 3611 1421 3682 aquis
1450 3610 1669 3682 periret.
1703 3611 1828 3680 Ejus
1856 3610 2014 3682 igitur
2032 3624 2214 3666 curam

627 3720 820 3778 gerens
848 3705 1109 3774 benignus
1140 3702 1304 3769 Deus,
1338 3718 1446 3758 non
1474 3702 1713 3771 permisit
1741 3702 1912 3772 ipsum
1945 3702 2027 3756 vel
2053 3716 2216 3772 aqua-

631 3811 749 3852 rum
764 3805 1011 3866 spectare
1024 3793 1304 3857 szcvitiem,
1324 3792 1407 3847 vel
1426 3793 1605 3849 videre
1623 3791 1895 3846 hominum
1923 3792 2210 3858 excidium,

629 3895 686 3944 et
701 3900 1036 3943 communem
1054 3884 1199 3946 orbis
1212 3882 1652 3940 internecionem.
1674 3883 1782 3953 Ego
1804 3892 1978 3938 autem
2000 3882 2214 3954 quando

632 3987 822 4049 nepote
846 3990 1055 4032 mecum
1091 3975 1218 4046 justi
1245 3973 1407 4044 hujus
1434 3973 1594 4029 vitam
1627 3974 1677 4028 in
1704 3974 1827 4028 arca
1849 4014 1864 4038 ,
1897 3973 2216 4043 obstupesco

632 4081 686 4126 ct
712 4070 899 4148 miror,
929 4068 1226 4139 iterumque
1253 4065 1347 4122 Dei
1369 4065 1690 4130 clementia:
1737 4074 1905 4120 totum
1945 4065 2211 4121 adscribo.

632 4162 895 4236 ﬂammai
913 4161 1013 4218 «illo
1037 4161 1406 4222 conﬁrmasset
1434 4158 1572 4214 illius
1615 4167 1871 4226 mentem,
1901 4167 1952 4214 et
1980 4157 2215 4214 difﬁcilia

636 4252 784 4308 levia.
811 4248 1048 4316 fecisset,
1096 4246 1386 4319 quomodo,
1435 4247 1540 4316 die,
1590 4261 1708 4314 oro,
1757 4247 1894 4303 ferre
1937 4248 2214 4318 potuisset,

635 4341 707 4397 ibi
735 4339 970 4398 inclusus
994 4337 1142 4410 quasi
1175 4339 1228 4392 in
1256 4336 1496 4393 custodia
1521 4335 1746 4407 quadam
1773 4347 1827 4392 et
1855 4338 1906 4392 in
1940 4347 2076 4394 tctro
2097 4353 2217 4394 car-

634 4434 800 4490 cere?
845 4431 1142 4503 quomodo,
1192 4443 1395 4500 quaeso,
1438 4428 1698 4499 potuisset
1738 4429 1992 4485 adversus
2039 4439 2216 4486 tantos

637 4523 890 4580 ﬂuctuum
939 4525 1166 4592 impetus
1205 4519 1496 4574 obsistere?
1541 4517 1793 4573 llom'nes
1839 4519 1979 4574 enim
2026 4521 2114 4590 qui
2161 4521 2212 4574 in

636 4615 754 4670 uari
785 4623 928 4680 sunt,
956 4626 1010 4670 et
1045 4611 1166 4667 velo
1215 4621 1451 4675 utuntur,
1498 4617 1556 4666 et
1579 4611 1984 4679 gubernatorem
2015 4612 2081 4664 ad
2109 4613 2216 4665 cla-

638 4720 763 4760 vum
811 4702 1082 4759 sedentum
1131 4700 1350 4762 vident,
1401 4707 1455 4754 et
1501 4713 1605 4754 sua
1633 4710 1749 4755 arte
1794 4708 2072 4755 ventorum
2099 4703 2114 4734 ¹
2147 4701 2193 4755 vi

634 4795 979 4851 obsistentem
1006 4833 1020 4856 .
1062 4791 1318 4863 siquando
1374 4789 1627 4844 fluctuum
1673 4791 1851 4844 rident
1909 4790 2166 4845 insaniam
2197 4833 2210 4854 ,

638 4897 928 4943 enecantnr
951 4896 1121 4950 metu,
1148 4892 1202 4939 et
1229 4883 1296 4938 de
1341 4883 1512 4938 salute
1560 4897 1654 4936 sua
1694 4884 2072 4952 propemodum
2115 4884 2216 4940 de-

637 4985 899 5047 sperant:
941 4975 1067 5045 quid
1116 4975 1274 5044 igitur
1319 4972 1515 5028 dixerit
1549 4973 1740 5043 aliquis
1760 4973 1838 5028 ade
1875 4973 2022 5042 justo
2063 4973 2216 5030 hoc?

633 5068 766 5126 Nam
806 5067 956 5138 quasi
998 5067 1049 5121 in
1089 5080 1324 5127 carcere,
1359 5075 1416 5120 ut
1442 5063 1573 5129 dixi,
1615 5064 1828 5126 sedens,
1874 5064 1996 5120 hinc
2013 5074 2066 5121 et
2094 5067 2216 5122 inde

637 5158 1131 5223 t-ii-cumierebatur,
1159 5170 1333 5226 neque
1356 5157 1544 5212 ctelum
1583 5155 1766 5211 sidere
1787 5196 1802 5221 ,
1827 5172 1995 5227 neque
2039 5158 2216 5228 aliquo

639 5251 821 5307 oculos
866 5258 1075 5306 vertere
1105 5248 1309 5312 valens,
1340 5247 1434 5304 sed
1467 5248 1607 5302 intus
1647 5248 1942 5314 tenebatur,
1981 5249 2216 5319 nihilque

639 5353 857 5412 prorsus
883 5340 1070 5394 videre-
1093 5347 1320 5410 p0terat,
1350 5338 1490 5407 quod
1527 5339 1939 5394 consolationem
1981 5341 2214 5396 εισι-ποι.

644 5431 706 5485 Et
737 5431 768 5484 ii
795 5429 1005 5501 quidem
1035 5429 1123 5498 qui
1159 5428 1210 5482 in
1251 5429 1382 5482 mari
1425 5429 1710 5500 navigant,
1735 5429 1942 5484 etiamsi
1974 5431 2024 5485 in
2048 5431 2214 5485 altum

631 5529 930 5593 exsurgant
961 5521 1186 5585 ﬂuctus,
1225 5529 1446 5589 possunt
1480 5519 1704 5575 subinde
1735 5520 1786 5574 in
1815 5522 2003 5575 caelum
2047 5523 2219 5593 suspi-

638 5628 780 5675 cere,
807 5624 860 5667 et
886 5611 1159 5668 cacumina
1180 5612 1437 5667 montium
1459 5612 1657 5678 videre,
1674 5620 1728 5668 et
1741 5613 1980 5669 civitates
1999 5629 2218 5685 magnas

641 5714 880 5773 spectare
901 5741 917 5766 ,
963 5702 1145 5772 sicque
1182 5703 1503 5771 aliquantam
1540 5703 1956 5760 consolationem
1984 5717 2214 5777 eam;

705 5817 720 5849 ⁸
749 5823 894 5876 unus,
917 5816 1187 5878 tatarum;
1210 5813 1355 5872 alius.
1374 5813 1620 5875 (tum.

1355 395 1411 453 S.
1459 391 1727 454 ΡΟᾹΝΝΒ
1759 390 2240 453 οιιιιγεοδτοιιι
2281 388 2595 448 Αιιαιιειι.
2635 389 3174 450 ωκετλιιτιιιοι».

2324 509 2468 580 quod
2485 511 2530 565 si
2552 509 2766 581 gravior
2787 522 2839 566 et
2863 509 3244 566 intolerabilia
3267 506 3425 564 fuerit
3451 516 3764 578 tempestas,
3792 518 3906 579 post

2321 601 2506 659 decem
2532 602 2617 659 rei
2643 601 2800 673 paulo
2827 603 3005 672 plures
3024 600 3159 668 dies,
3183 611 3236 658 et
3262 609 3381 672 post
3403 600 3602 658 multas
3626 601 3747 658 illas
3778 612 3904 658 teat-

2324 700 2558 762 postates
2589 702 2645 749 et
2680 693 2914 765 pericula
2937 733 2952 758 ,
2987 694 3041 749 in
3083 701 3282 748 terram
3319 691 3474 763 ejecti
3499 734 3518 759 ,
3551 701 3608 749 ct
3637 691 3903 762 paululum

2323 781 2508 855 unca
2530 826 2548 855 ,
2587 785 2828 842 omnium
2860 785 3068 841 illarum
3108 781 3469 840 molestiarum
3500 781 3901 839 obliviscuntur.

2320 871 2622 948 llic-autent
2651 876 2786 934 nihil
2811 876 2937 941 tale,
2961 875 3056 934 sed
3082 889 3224 931 anno
3250 883 3362 931 toto
3389 889 3584 931 novum
3609 884 3666 931 et
3692 885 3904 946 stupeti-

2320 966 2447 1024 dum
2473 967 2622 1026 illum
2650 983 2921 1029 carcerem
2952 966 3305 1035 inbabitabat,
3329 981 3501 1038 neque
3525 981 3709 1024 aerem
3736 966 3902 1037 resin-

2321 1075 2444 1118 rare
2472 1060 2677 1116 valens.
2716 1059 2996 1128 Quomodo
3019 1059 3162 1116 enim
3193 1058 3455 1130 potuisset
3476 1099 3495 1124 ,
3523 1071 3648 1114 cum
3674 1058 3907 1128 malique

2318 1166 2442 1214 ινα
2457 1152 2636 1209 clausa
2655 1153 2837 1212 esset?
2855 1151 3155 1222 Quomodo,
3173 1165 3375 1221 quaso,
3391 1149 3588 1207 restitit
3600 1149 3627 1203 ?
3639 1148 3906 1221 quando

2315 1231 2528 1322 duravit
2610 1239 2742 1302 Rath
2777 1245 2826 1300 si
2865 1243 3042 1300 ferrea
3077 1253 3138 1310 et
3167 1242 3506 1299 adamantina
3545 1239 3654 1296 illis
3681 1240 3906 1296 fuissent

2320 1351 2546 1408 corpora
2570 1378 2583 1402 ,
2613 1335 2880 1408 quomodo
2915 1336 3252 1407 potuissent,
3281 1334 3375 1407 qui
3403 1347 3579 1406 neque
3607 1345 3736 1389 aere
3766 1329 3904 1388 frue-

2318 1427 2511 1483 bantur
2535 1440 2706 1498 neque
2734 1435 2895 1502 vento
2915 1467 2932 1494 ,
2961 1426 3051 1496 qui
3079 1441 3190 1482 nrn
3220 1414 3394 1480 minus
3415 1439 3574 1494 quam
3602 1439 3697 1479 aer
3723 1423 3793 1478 ad
3824 1439 3906 1478 re-

2319 1516 2599 1575 focillauda
2643 1531 2867 1591 corpora
2912 1529 3094 1577 nostra
3133 1516 3307 1575 factus
3345 1525 3472 1582 est,
3518 1530 3692 1588 neque
3721 1517 3907 1571 oculos

2318 1623 2539 1681 pascere
2567 1619 2855 1678 poterant,
2884 1619 2976 1667 aut
3003 1608 3121 1665 call
3143 1650 3159 1676 ,
3185 1619 3282 1664 aut
3311 1618 3472 1664 terra
3501 1605 3722 1663 ﬂoribus
3754 1607 3906 1678 picta:

2317 1699 2663 1774 spectaculo?
2686 1700 2965 1771 Qum-do
2986 1717 3092 1764 non
3115 1701 3368 1759 excmcati
3396 1700 3539 1758 oeuli
3561 1714 3747 1756 eorum
3770 1741 3788 1768 ,
3815 1699 3906 1771 qui

2319 1792 2518 1848 tatudiu
2539 1793 2610 1848 ibi
2632 1793 2896 1865 egerunt?
2919 1791 3053 1848 Etsi
3076 1789 3327 1848 humanis
3350 1789 3650 1847 rationibus
3675 1787 3793 1844 hac
3812 1787 3907 1845 dc-

2319 1883 2652 1954 prehcndere
2682 1885 2926 1940 volumus
2947 1923 2965 1950 ,
2995 1894 3050 1938 et
3075 1881 3204 1938 illud
3228 1880 3566 1953 cogitandum
3591 1921 3606 1946 ,
3636 1879 3781 1935 unde
3806 1878 3906 1933 lu-

2318 1975 2469 2033 vialis
2494 1987 2549 2032 ct
2576 1975 2825 2046 potabilis
2850 1989 3001 2050 aqua
3032 1973 3240 2044 copiam
3277 1971 3547 2028 habebant
3583 1969 3638 2025 in
3667 1983 3792 2024 alca
3833 1970 3907 2023 vio

2316 2079 2523 2126 ventes.
2554 2067 2621 2124 Et
2648 2076 2705 2122 ut
2733 2067 2848 2123 lure
2875 2074 3210 2139 prateream,
3239 2062 3507 2137 quomodo
3536 2062 3707 2134 potuit
3730 2061 3908 2132 justus

2317 2161 2408 2218 ille
2428 2175 2550 2218 eum
2575 2161 2697 2217 filiis
2713 2167 2772 2216 et
2793 2159 3047 2215 uxoribus
3068 2157 3529 2215 conversationem
3551 2158 3673 2211 enim
3703 2153 3832 2210 feria
3855 2164 3909 2209 et

2315 2252 2433 2306 aliis
2461 2250 2776 2306 animalibus
2806 2251 2988 2305 ferret
3015 2249 3288 2320 quomodo
3313 2247 3432 2302 tulit
3457 2245 3704 2303 fetorem
3724 2243 3749 2296 τ
3769 2258 3905 2316 quo-

2315 2339 2476 2397 modo
2495 2340 2613 2395 tulit
2631 2337 2735 2396 eoh
2773 2339 3079 2396 bitationcm
3095 2338 3120 2391 ἲ
3139 2337 3207 2394 ει
3224 2352 3322 2395 cur
3337 2336 3438 2392 ista
3456 2335 3611 2392 dico?
3625 2334 3908 2404 Quomodo

2317 2431 2469 2487 bruta
2499 2432 2611 2500 ipsa
2646 2437 2931 2500 potuerunt
2959 2430 3187 2496 durare,
3217 2436 3274 2485 et
3311 2443 3420 2483 non
3456 2426 3632 2498 perire
3664 2427 3720 2482 in
3761 2435 3906 2482 mnta

2316 2521 2569 2590 tt-mporis
2599 2517 2949 2591 longitudine,
2973 2533 3094 2590 qua:
3115 2533 3287 2591 neque
3315 2531 3494 2574 aerem
3521 2515 3791 2574 attrahere
3817 2529 3910 2572 va-

2316 2612 2514 2674 lebant.
2545 2625 2718 2683 neque
2742 2611 2966 2678 moveri,
2997 2610 3092 2666 sed
3123 2610 3176 2666 in
3200 2625 3309 2666 uno
3334 2609 3456 2666 loco
3481 2607 3909 2664 cocrechantur!

2315 2703 2479 2760 Scitis
2505 2703 2648 2758 enim
2671 2744 2686 2770 ,
2720 2711 2774 2758 et
2805 2701 2970 2772 probe
2998 2701 3149 2757 scitis
3178 2699 3338 2756 talem
3362 2713 3482 2757 esse
3509 2705 3750 2754 nostram
3775 2698 3905 2755 huc

2316 2803 2598 2864 torumque
2623 2805 2885 2858 naturam,
2917 2803 2974 2850 ut
2998 2792 3207 2848 etiamsi
3236 2805 3363 2849 aere
3388 2789 3648 2856 fruamur,
3677 2789 3906 2860 aliisque

2314 2887 2562 2942 omnibus
2583 2927 2600 2952 ,
2621 2885 2878 2948 continuo
2908 2894 3087 2941 autem
3124 2883 3179 2940 in
3201 2897 3311 2940 uno
3340 2883 3462 2940 loco
3485 2882 3654 2938 simus
3677 2879 3871 2940 incltrsi
3887 2920 3904 2943 ο

2314 2977 2445 3033 nihil
2481 2975 2757 3047 prohibeat
2792 2974 3077 3046 quominus
3104 2987 3402 3046 pereamus.
3436 2971 3592 3030 Unde
3620 2971 3781 3044 igitur
3807 2983 3904 3042 po-

2315 3069 2414 3123 tuit
2432 3064 2607 3136 justus
2625 3080 2748 3122 cum
2772 3065 3022 3121 omnibus
3050 3064 3139 3136 qui
3178 3064 3233 3120 in
3269 3077 3394 3120 arca
3422 3071 3576 3119 erant
3599 3101 3616 3126 ,
3637 3071 3788 3118 tanto
3810 3060 3908 3118 do-

2315 3172 2434 3213 rare
2460 3158 2742 3228 tempore?
2765 3155 2881 3211 Non
2910 3155 3126 3212 aliunde
3148 3171 3310 3227 quam
3334 3169 3403 3212 ex
3436 3169 3665 3227 superna
3696 3154 3864 3226 gratia
3885 3195 3904 3220 .

2316 3249 2401 3304 cui
2431 3249 2608 3302 omnia
2637 3255 2764 3302 sunt
2791 3246 3086 3319 possibilia.
3117 3249 3309 3304 Annon
3343 3261 3523 3304 aream
3549 3246 3675 3302 hinc
3700 3258 3754 3303 et
3783 3245 3908 3303 inde

2317 3340 2540 3406 moveri,
2564 3348 2617 3394 et
2640 3356 2745 3394 non
2771 3339 3040 3412 subtnergi
3060 3355 3092 3394 a
3114 3348 3258 3396 tanta
3279 3354 3534 3411 aquarum
3557 3339 3629 3406 vi,
3649 3354 3775 3395 cum
3794 3337 3909 3395 nul-

2316 3433 2399 3489 ius
2423 3442 2570 3490 esset
2609 3434 2954 3505 gubernator,
2985 3448 3232 3506 superna:
3273 3443 3384 3489 erat
3415 3433 3575 3504 opis!
3607 3431 3729 3489 Non
3765 3434 3908 3489 enim

2314 3526 2494 3582 dicere
2534 3537 2686 3596 potes
2730 3527 2894 3583 fuisse
2927 3540 3104 3581 arcam
3136 3525 3203 3581 ad
3245 3526 3464 3582 modum
3493 3527 3644 3582 navis
3667 3568 3683 3593 ,
3715 3535 3771 3581 ut
3796 3534 3910 3581 arte

2314 3616 2542 3687 quadam
2583 3617 2725 3679 illius
2768 3616 2871 3672 iter
2897 3615 3053 3688 dirigi
3084 3615 3334 3686 potuerit.
3367 3617 3505 3673 Area
3533 3627 3648 3673 erat
3674 3615 3910 3689 undique

2318 3710 2516 3764 munita
2542 3727 2556 3764 :
2578 3718 2630 3763 et
2658 3715 2874 3780 prepter
2902 3715 3225 3778 prmeeptum
3242 3703 3569 3773 Conditoris,
3597 3721 3704 3764 non
3733 3707 3907 3762 solum

2317 3817 2434 3856 eam
2457 3799 2653 3856 Ludere
2679 3815 2785 3855 non
2810 3799 2981 3870 potuit
3005 3813 3262 3870 aquarum
3290 3797 3544 3868 impetus.
3571 3798 3665 3854 scd
3697 3809 3751 3853 et
3779 3796 3908 3852 sub-

2319 3894 2496 3948 limior
2566 3893 2671 3948 illis
2734 3889 2874 3947 facta
2921 3890 3277 3947 inhabitantes
3323 3888 3611 3946 admodum
3690 3902 3911 3945 securos

2317 3983 2567 4040 reddidit.

2389 4075 2641 4130 Creatoris
2669 4073 2891 4144 potantia
2909 4070 3744 4142 incomprehensibilia—Quando
3772 4071 3911 4127 ῡωι

2320 4173 2572 4236 operatur
2595 4165 2794 4235 aliquid
2817 4206 2835 4230 ,
2865 4163 3082 4232 dilecte,
3105 4164 3215 4219 noli
3245 4162 3477 4218 humana
3509 4150 3911 4218 ratiOcinatione

2319 4255 2437 4324 ejus
2473 4268 2640 4324 opera
2686 4254 2967 4322 exquirere
3008 4271 3023 4308 :
3057 4253 3440 4309 transcendunt
3483 4253 3628 4311 enim
3674 4261 3909 4309 mentem

2321 4356 2556 4402 nostram
2577 4388 2592 4411 ,
2623 4354 2678 4401 et
2701 4359 2989 4416 numquam
3017 4353 3191 4415 potest
3217 4343 3446 4399 humana
3476 4345 3730 4415 cogitatio
3754 4343 3913 4402 attin-

2319 4455 2446 4509 gere
2486 4448 2541 4494 et
2566 4437 3024 4508 comprehendere
3061 4451 3246 4492 eorum
3271 4476 3288 4503 ,
3333 4451 3452 4507 qua:
3489 4449 3518 4489 a
3550 4435 3660 4491 Deo
3696 4433 3910 4490 condita

2319 4536 2460 4595 sunt,
2490 4529 2767 4584 rationem.
3821 4530 3850 4547 ’

2390 4625 2444 4678 5.
2487 4622 2712 4678 Proinde
2737 4638 2831 4692 par
2849 4636 2882 4678 e
2899 4631 2952 4688 .t,
2985 4634 3083 4676 nos
3107 4620 3386 4677 audientes
3411 4619 3551 4692 quod
3579 4620 3718 4675 Deus
3745 4621 3914 4690 impe-

2326 4717 2551 4782 raverit,
2584 4714 2803 4771 obedire
2841 4725 2896 4770 et
2923 4715 3145 4769 credere
3178 4714 3242 4768 iis
3269 4729 3388 4782 qua:
3431 4712 3616 4768 abillo
3641 4711 3910 4770 dicuntur.

2319 4808 2449 4862 Nam
2477 4821 2595 4861 cum
2626 4805 2880 4862 Conditor
2907 4805 2974 4858 sit
3019 4813 3220 4857 natum
3246 4844 3259 4866 ,
3292 4801 3468 4856 omnia
3505 4811 3821 4857 transmutat
3859 4811 3910 4856 et

2323 4897 2658 4956 transformat
2689 4904 2846 4966 prout
2892 4895 2992 4949 sibi
3039 4893 3264 4948 videtur.
3324 4891 3390 4948 Et
3433 4895 3616 4948 clausit
3663 4893 3912 4950 Dominus

2322 4989 2458 5044 Deus
2500 4989 2691 5057 deforis
2740 4986 2878 5039 illius
2917 5002 3109 5040 arma.
3143 4985 3326 5055 Magna
3374 4984 3532 5054 hujus
3569 4987 3700 5056 justi
3745 4989 3913 5042 virtus

2324 5081 2420 5136 fuit
2439 5123 2452 5145 ,
2481 5090 2532 5135 et
2560 5080 2680 5134 ﬁdei
2710 5079 3044 5134 excellentia.
3082 5077 3167 5131 Illa
3201 5079 3312 5146 ipsa
3339 5077 3483 5131 enim
3504 5116 3521 5142 ,
3550 5085 3609 5132 ut
3632 5091 3754 5132 arra
3778 5094 3908 5134 con-

2320 5181 2614 5227 strueretur
2631 5212 2647 5238 ,
2678 5170 2754 5226 eli
2780 5170 2871 5234 cit,
2897 5178 2953 5222 ut
2975 5169 3129 5224 talem
3155 5167 3532 5223 habitationem
3560 5184 3712 5240 mque
3731 5172 3910 5224 animo

2322 5265 2520 5320 ferrent
2545 5263 3084 5330 coarotationemque,
3108 5270 3163 5314 et
3188 5260 3347 5314 vitam
3370 5274 3493 5314 cum
3513 5259 3643 5314 feris
3667 5259 3908 5332 reliquis-

2322 5371 2423 5426 que
2449 5356 2617 5411 brutis
2644 5352 2962 5408 animalibus
2985 5352 3328 5406 sustinerent.
3358 5351 3493 5406 llinc
3513 5361 3596 5405 est
3619 5351 3758 5419 quod
3787 5353 3909 5406 beao

2323 5459 2408 5500 tus
2434 5445 2630 5500 Paulus
2659 5443 2774 5511 ejus
2813 5443 3080 5497 mentione
3106 5442 3234 5496 facta
3266 5441 3562 5510 praedicans-
3589 5441 3738 5495 illum
3763 5484 3777 5503 ,
3804 5444 3907 5507 cla-

2323 5537 2500 5592 mabat
2525 5537 2710 5590 dicens
2739 5552 2752 5589 :
2787 5531 2919 5590 Fide
2942 5535 3147 5588 oraculo
3171 5532 3460 5588 admonitus
3488 5532 3602 5586 Noe
3633 5535 3694 5586 de
3718 5533 3781 5588 iis
3800 5549 3909 5602 qua

2321 5628 2550 5683 nondum
2577 5625 2890 5692 ridebantur,
2923 5637 3142 5679 metuens
3168 5624 3359 5694 optauit
3393 5639 3564 5677 arcam
3594 5623 3665 5677 ad
3696 5625 3906 5679 salutem

2322 5718 2503 5774 donius
2525 5733 2672 5782 sum;
2702 5731 2790 5786 per
2818 5733 2968 5786 quam
3018 5714 3365 5770 condemnauit
3402 5713 3642 5767 mundum
3667 5755 3680 5779 ,
3728 5727 3774 5769 et
3803 5718 3908 5785 ejus

2323 5827 2436 5886 qua
2490 5809 2764 5866 secundum
2830 5808 2981 5876 [idem
3028 5816 3102 5863 est
3131 5804 3359 5876 justitia:
3421 5807 3585 5877 fectus
3642 5822 3716 5865 est
3773 5816 3905 5864 Ita-trs
