4092 6510
459 465 563 520 πε

459 578 681 644 κόσμον,
712 571 806 626 καὶ
834 572 931 641 τῆς
957 569 1099 625 κατά
1138 568 1319 623 πίστιν
1348 565 1690 638 δικαιοσύνης
1729 565 1944 633 ἐγένετο
1977 563 2105 634 κλη.

460 663 702 732 ρονόμος.
747 654 896 720 Εἶδες
937 655 1129 726 πῶςοή
1164 654 1344 719 πίστις
1384 656 1418 725 ή
1457 655 1535 718 είς
1575 653 1667 709 τὸν
1698 653 1829 705 Θεὸν
1862 651 2103 721 καθάπερ

458 748 672 816 ἄγκυρά
709 762 792 808 τις
825 742 1068 814 ἀσφαλής
1108 741 1513 814 παρεσκεύασεν
1547 739 1728 803 αὐτὸν,
1762 739 1855 793 καὶ
1898 738 1995 809 τῆς
2022 754 2098 791 κιο

455 833 629 888 ϐωτοῦ
677 832 776 903 τήν
819 828 1156 900 κατασκευήν
1197 828 1541 900 ποιήσασθαι,
1577 827 1668 880 καὶ
1711 827 1811 897 τῆς
1849 827 2106 897 οἰκήσεως

455 920 816 992 ἁνασχέσθαις
853 916 1005 988 Δῦτη
1021 917 1133 988 γὰρ
1153 917 1298 987 αὐτῷ
1324 917 1534 987 καὶτῆς
1560 915 1832 986 σωτηρίας
1860 913 2105 976 ὑπόθεσις

456 1010 669 1078 γέγονε,
704 1025 723 1058 ι
760 1006 836 1058 Δι’
858 999 945 1074 ἦς,
992 1003 1146 1074 φησὶ,
1185 1002 1472 1074 κατέκρινε
1505 1000 1594 1054 τὸν
1641 1001 1866 1070 κόσμον,
1892 999 1984 1053 καὶ
2012 999 2105 1069 τῆς

456 1096 598 1151 κατὰ
667 1094 848 1147 πίστιν
891 1089 1234 1161 δικαιοσύνης
1285 1090 1497 1158 ἐγένετο
1547 1087 1904 1158 κληρονόμος·
1942 1103 1961 1137 ι
2009 1085 2103 1139 οὐκ

456 1183 640 1254 ὲπειδὴ
685 1180 847 1244 αὐτὸς
1112 1177 1344 1250 ἔκρινεν,
1385 1175 1500 1230 ἀλλ’
1532 1174 1719 1244 ἐπειδὴ
1769 1174 1797 1226 6
1834 1172 2103 1242 Δεσπότης

456 1267 789 1340 συγκρίσεως
838 1265 939 1337 τήν
985 1262 1313 1335 κατάκρισιν
1356 1259 1586 1332 ἐπάγειο
1643 1259 1750 1313 τῶν
1779 1259 1887 1329 γὰρ
1929 1257 2102 1312 αὐτῶν

451 1354 855 1417 ἀπολαύσαντες
886 1352 962 1424 τῷ
991 1351 1204 1422 δικαίῳ,
1233 1351 1294 1404 ού
1324 1350 1424 1420 τὴν
1451 1347 1619 1420 αὐτὴν
1651 1346 1800 1417 αύτῷ
1845 1343 2105 1417 μετῆλθον

450 1444 549 1513 τῆς
582 1442 782 1513 ἀρετῆς
813 1440 931 1494 όδόν
957 1457 969 1470 ·
1001 1438 1091 1493 διὰ
1116 1439 1214 1511 τῆς
1239 1437 1473 1500 πίστεως
1504 1437 1601 1508 μὲν
1625 1445 1646 1468 ·
1678 1431 1791 1498 οὖν,
1815 1436 1880 1505 ἦν
1903 1432 2107 1486 ἐπεδεί-

452 1533 600 1600 ξατο,
651 1530 968 1601 κατέκρινεν
1009 1528 1249 1591 ἐκείνους
1293 1528 1419 1589 τοὺς
1468 1523 1665 1595 πολλὴν
1710 1523 1810 1596 τὴν
1854 1520 2107 1589 ἀπιστίαν

451 1619 916 1689 ἐπιδειξαμένους,
975 1615 1071 1669 καὶ
1111 1614 1186 1686 μή
1229 1613 1621 1675 πιστεύσαντας
1667 1613 1734 1682 τῇ
1782 1610 2102 1682 προρρήσει.

463 1705 603 1775 Ἐγὼ
639 1705 697 1758 δέ
750 1705 888 1774 μετά
932 1702 1146 1756 πάντων
1188 1701 1281 1754 καὶ
1334 1699 1425 1754 τοῦ
1481 1699 1688 1753 δικαίου
1735 1697 2108 1766 ἐκπλήττομαι

448 1794 548 1866 τήν
585 1793 804 1862 ἀρετὴν,
840 1793 935 1845 καὶ
964 1789 1054 1842 τοῦ
1086 1788 1355 1841 Δεσπότου
1396 1786 1492 1857 τήν
1530 1785 1838 1855 ἀγαθότητα
1877 1783 1970 1836 καὶ
2007 1780 2106 1850 τήν

448 1881 652 1950 ἄφατον
668 1877 857 1948 φιλανθ
867 1877 1093 1949 ρωπίαν.
1107 1877 1231 1928 ὅταν
1255 1876 1489 1945 ἐννοήσω
1511 1873 1627 1936 πῶς
1646 1870 1883 1943 ἠδυνήθη
1904 1869 2104 1940 μεταξὺ

446 1967 556 2021 τῶν
587 1965 787 2037 θηρίων
837 1965 1064 2033 διάγειν,
1101 1963 1212 2016 τῶν
1243 1963 1469 2016 λεόντων
1497 1961 1660 2028 λέγω,
1695 1959 1791 2014 καὶ
1821 1958 1932 2040 τῶν
1965 1974 2106 2027 παρ-

447 2054 668 2117 δάλεων,
699 2054 791 2107 καί⁵
836 2053 946 2106 τῶν
976 2052 1214 2125 ἄρκτων,
1262 2049 1357 2104 καὶ
1395 2047 1506 2103 τῶν
1531 2046 1735 2101 λοιπῶν
1760 2047 1867 2100 τῶν
1899 2043 2104 2116 ἀγρίων

450 2144 545 2198 καὶ
578 2141 899 2196 ἀτιθάσσων.

534 2227 933 2300 Ἀναμνήσθητί
976 2241 1067 2297 μοι
1107 2223 1361 2288 ἐνταῦθα,
1389 2221 1658 2294 ἀγαπητέ,
1699 2220 1801 2291 τῆς
1834 2219 1991 2283 ἀξίας
2035 2212 2104 2289 ἧς

447 2320 724 2389 ἀπήλαυεν
751 2320 778 2370 ό
818 2314 1240 2387 πρωτόπλαστος
1271 2313 1378 2382 πρὸ
1407 2311 1502 2380 τῆς
1542 2310 1847 2381 παρακοῆς,
1891 2310 1985 2362 καὶ
2017 2309 2098 2361 λοο

447 2404 599 2472 γίζου
643 2403 736 2456 τοῦ
776 2401 910 2455 Θεοῦ
946 2401 1046 2470 τήν
1090 2400 1417 2468 ἀγαθότητα.
1455 2396 1671 2465 Ἐπειδὴ
1701 2395 1808 2465 γάρ
1852 2396 1886 2466 ἠ
1926 2395 2101 2466 παρά-

448 2491 604 2554 ϐασις
626 2490 832 2543 ἐκείνου
852 2487 1234 2558 ἠκρωτηρίασε
1253 2485 1349 2556 τὴν
1364 2483 1654 2554 δεδομένην
1675 2480 1941 2546 ἐξουσίαν,
1978 2478 2102 2553 εὗρε

445 2578 504 2634 δὲ
537 2578 566 2630 6
596 2575 798 2644 ἀγαθὸς
822 2574 1097 2643 Δεσπότης
1123 2573 1307 2642 ἕτερον
1329 2570 1496 2640 ἄνδρα
1524 2570 1821 2640 δυνάμενον
1848 2567 2104 2622 ἀνακαλέο

449 2662 641 2719 σασθαι
653 2661 750 2733 τὴν
763 2659 993 2732 ἀρχαίαν
1008 2659 1306 2721 είκόνα,καὶ
1316 2653 1646 2720 διασώζοντα
1659 2655 1759 2725 τῆς
1770 2656 1968 2727 ἀρετῆς
1978 2657 2103 2718 τοὺς

447 2750 816 2822 χαρακτῆρας,
848 2747 942 2801 καὶ
966 2744 1164 2816 πολλὴν
1205 2746 1331 2814 περὶ
1361 2743 1459 2806 τὰς
1481 2743 1697 2805 ἐντολάς
1731 2743 1828 2811 τὴν
1859 2740 2102 2811 ὑπακοὴν

448 2835 902 2904 ἐπιδεικνύμενον,
919 2833 1078 2886 πάλιν
1095 2835 1173 2894 είς
1188 2831 1285 2900 τήν
1301 2829 1531 2900 ἀρχαίαν
1543 2846 1593 2881 τι
1600 2829 1704 2898 μὴν
1721 2828 1878 2882 αὐτὸν
1890 2828 2100 2895 ἀνάγει,

449 2923 728 2996 μονονουχὶ
757 2921 1020 2976 διδάσκων
1040 2921 1188 2989 ἡμᾶς
1210 2918 1276 2970 δι’
1304 2915 1484 2970 αὐτῶν
1515 2916 1623 2968 τῶν
1645 2915 1982 2987 πραγμάτων
2005 2914 2104 2984 τῆς

445 3010 691 3076 ἐξουσίας
705 3008 799 3062 τοῦ
815 3007 984 3076 Ἀδὰμ
997 3006 1057 3058 τὸ
1082 3004 1330 3076 μέγεθος,
1346 3003 1415 3073 ήν
1434 2997 1547 3072 εἶχε
1565 3003 1672 3073 πρὸ
1684 3002 1783 3072 τῆς
1802 3000 2100 3072 παρακοῆς.

458 3096 523 3150 Ἡ
534 3095 702 3168 ἀρετὴ
714 3095 890 3149 τοίνυν
899 3092 991 3146 τοῦ
1008 3091 1216 3145 δικαίου
1233 3089 1595 3159 ἐπιλαϐομένη
1617 3088 1718 3156 τῆς
1737 3087 1828 3140 τοῦ
1845 3086 1980 3140 Θεοῦ
1993 3086 2105 3156 φιλ·

445 3182 773 3255 ανθρωπίας,
808 3177 1168 3233 ἀνεκαλέσατο
1187 3177 1284 3246 τὴν
1324 3175 1591 3246 προτέραν
1612 3175 1805 3244 ἀρχὴν,
1829 3174 1922 3226 καὶ
1944 3173 2103 3227 πάλιν

445 3271 515 3326 τά
539 3269 702 3339 θηρία
728 3266 826 3337 τὴν
869 3263 1145 3333 ὑποταγὴν
1177 3263 1556 3330 ἐπεγίνωσκον.
1595 3259 1762 3312 Ἔνθα
1791 3259 1898 3331 γὰρ
1925 3259 1990 3311 ἂν
2021 3260 2103 3329 ἴδῃ

449 3357 611 3428 θηρία
629 3354 853 3418 δίκαιον,
868 3348 1275 3404 ἐπιλανθάνεται
1296 3348 1397 3418 τῆς
1418 3345 1623 3410 οίκείας
1648 3346 1880 3414 φύσεως,
1909 3345 2105 3416 μᾶλλον

445 3443 504 3498 δέ
531 3443 592 3495 ού
620 3440 718 3509 τῆς
758 3437 989 3506 φύσεως,
1017 3434 1150 3486 ἀ).λά
1185 3435 1283 3503 τῆς
1310 3431 1620 3503 θηριωδίας,
1663 3433 1756 3484 καὶ
1791 3431 2018 3502 μένοντα
2048 3433 2106 3485 ἐν

447 3531 513 3599 τῇ
539 3525 696 3595 φύσει
721 3523 820 3593 τήν
850 3519 1138 3594 θηριωδίαν
1179 3520 1258 3581 εἰς
1288 3515 1385 3589 τήν
1416 3519 1726 3589 ἡμερότητα
1757 3518 2100 3588 μεταϐάλλει.

451 3615 556 3668 Καὶ
584 3614 686 3683 ὅρα
715 3609 870 3662 τοῦτο
896 3607 986 3658 ἐπὶ
1013 3605 1105 3658 τοῦ
1135 3604 1328 3674 Δανιὴλ
1365 3604 1661 3673 γινόμενον.
1695 3603 1829 3655 Ὑπὸ
1858 3604 1964 3675 γάρ
1996 3605 2104 3658 τῶν

449 3701 671 3754 λεόντων
704 3694 1083 3764 κυκλούμενος,
1114 3691 1302 3760 ὥσπερ
1339 3691 1442 3744 ὑπὸ
1469 3689 1753 3762 προϐάτων
1779 3691 2105 3762 δορυφορού-

451 3804 627 3858 μενος,
654 3783 822 3846 οὕτως
849 3779 1016 3842 ἀδεῶς
1042 3779 1222 3849 διῆγεν
1242 3795 1254 3807 ·
1286 3779 1318 3848 ή
1347 3776 1451 3848 γὰρ
1474 3776 1568 3829 τοῦ
1589 3777 1798 3830 δικαίου
1825 3778 2103 3848 παρρησία

449 3873 692 3945 ἐχαλίνου
741 3868 846 3922 τῶν
886 3865 1088 3937 θηρίων
1124 3864 1220 3932 τὴν
1256 3865 1444 3932 φύσιν,
1487 3863 1581 3918 καὶ
1623 3864 1724 3917 οὐκ
1768 3866 1854 3918 εἴα
1894 3865 1961 3918 τά
1996 3866 2103 3920 τῶν

450 3959 653 4031 θηρίων
703 3954 895 4017 αὐτοὺς
952 3949 1373 4005 ἐπιδείκνυσθαι.
1426 3950 1528 4002 Τὸν
1570 3951 1732 4006 αὑτὸν
1793 3951 1857 4022 δή
1905 3952 2104 4022 τρόπον

447 4048 478 4100 6
510 4044 806 4116 θαυμάσιος
831 4033 985 4102 οὗτος
1010 4037 1108 4109 τήν
1143 4037 1279 4108 μετὰ
1316 4037 1421 4090 τῶν
1453 4036 1656 4108 θηρίων
1682 4038 1954 4109 διαγωγὴν
1988 4042 2105 4110 μετ.

447 4133 695 4195 εὐκολίας
719 4130 899 4200 ἔφερε,
935 4126 1026 4181 καὶ
1059 4123 1181 4177 οὕτε
1207 4125 1238 4194 ή
1275 4125 1622 4195 στενοχωρία,
1651 4124 1772 4178 οὔτε
1796 4127 1828 4194 ή
1860 4125 1952 4178 τοῦ
1978 4127 2106 4198 χρό-

447 4236 539 4273 νου
571 4217 894 4288 παράτασις,
925 4212 1046 4266 οὗτε
1085 4212 1147 4264 τὸ
1185 4209 1356 4274 οὕτως
1389 4211 1796 4279 ἐγκεκλεῖσθαι,
1833 4214 1926 4266 καὶ
1968 4216 2104 4284 μήτε

446 4306 536 4360 τὸν
563 4305 697 4374 ἀέρα
720 4303 976 4356 ἀναπνεῖν
1007 4298 1282 4368 ναρκῆσαι
1322 4297 1482 4351 αὑτὸν
1513 4298 1940 4368 παρεσκεύασεν.
1970 4301 2104 4355 ἀλλά

446 4390 513 4460 τῇ
548 4386 726 4439 πίστει
749 4387 814 4454 τῇ
839 4385 918 4446 είς
941 4381 1032 4434 τὸν
1057 4381 1188 4432 Θεὸν
1219 4380 1430 4434 ἅπαντα
1457 4381 1630 4450 κοῦφα
1659 4383 1806 4454 αύτῷ
1834 4382 2100 4452 ἐφαίνετο,

449 4477 543 4531 καὶ
589 4473 729 4529 οὕτω
759 4472 942 4542 διῆγεν
986 4471 1044 4523 ἐν
1081 4467 1158 4538 τῷ
1206 4468 1425 4538 χαλεπῷ
1474 4471 1663 4540 ἐκείνῳ
1711 4472 2100 4543 δεσμωτηρίῳ,

447 4564 645 4618 ὡσανεὶ
672 4563 832 4632 ἡμεῖς
866 4561 924 4612 ἐν
949 4556 1176 4628 λειμῶσι
1216 4557 1310 4610 καὶ
1336 4556 1629 4627 δενδρικοῖς
1653 4559 1852 4622 τόποις.
1891 4559 1964 4612 Τὸ
1997 4560 2103 4632 γάρ

447 4651 726 4719 ἐπίταγμα
753 4645 847 4699 τοῦ
881 4644 1147 4697 Δεσπότου
1179 4641 1247 4695 τά
1285 4642 1516 4714 δυσχερῆ
1550 4645 1707 4715 ῥᾴδια
1735 4646 1884 4716 αὐτῷ
1917 4647 2103 4715 φαίνε-

447 4732 572 4786 σθαι
603 4727 1001 4802 παρεσκεύασε.
1027 4724 1279 4778 Τοιοῦτον
1310 4725 1418 4796 γάρ
1453 4726 1560 4778 τῶν
1595 4727 1815 4782 δικαίων
1850 4729 1912 4781 τὸ
1949 4729 2069 4794 ἔθος
2088 4748 2102 4762 ·

446 4821 574 4874 ὅταν
604 4835 658 4870 τι
681 4817 747 4868 δι’
775 4813 935 4870 αὑτὸν
959 4813 1337 4882 ὑπομένουσιν,
1370 4813 1430 4864 ού
1452 4816 1518 4883 τῇ
1538 4812 1654 4882 ὄψει
1676 4815 1782 4867 τῶν
1806 4816 2106 4886 γινομένων

446 4905 822 4976 προσέχουσιν,
857 4899 994 4955 ἀλλά
1027 4899 1124 4971 τήν
1154 4898 1409 4953 ὑπόθεσιν
1437 4899 1772 4972 λογιζόμενοι
1799 4905 1915 4966 μετ’
1947 4904 2105 4958 εύκο-

448 4989 568 5053 λίας
597 4989 814 5043 ἅπαντα
832 4987 1106 5058 φέρουσιν.
1154 4987 1307 5039 Ἐπεὶ
1334 4987 1427 5039 καὶ
1465 4986 1691 5051 Παῦλος,
1731 4990 1759 5041 ό
1800 4989 1906 5042 τῶν
1935 4990 2107 5044 ἐθνῶν

444 5075 778 5141 διδάσκαλος,
808 5073 877 5127 τὰ
921 5073 1287 5144 δεσμωτήρια,
1321 5073 1418 5138 τάς
1450 5075 1770 5144 ἀπαγωγὰς,
1804 5078 1930 5142 τοὺς
1958 5078 2108 5131 καο-

445 5161 737 5233 ημερινοὺς
765 5159 1060 5222 κινδύνους,
1091 5159 1189 5224 τὰς
1218 5159 1415 5224 πολλάς
1447 5162 1658 5226 ἐκείνας
1683 5165 1775 5217 καὶ
1798 5165 2106 5237 ἀφορήτους

445 5247 650 5318 θλίψεις
689 5248 929 5318 ἐλαφρὰς
960 5245 1162 5308 ἐκάλει,
1190 5247 1288 5299 ούκ
1331 5247 1517 5320 ἐπειδὴ
1557 5253 1622 5320 τῇ
1655 5249 1814 5317 φύσει
1861 5253 2105 5308 τοιαῦται

443 5330 605 5407 ἦσαν,
638 5333 749 5387 ἀλλ’
782 5332 971 5404 ἐπειδὴ
1006 5336 1040 5402 ή
1076 5332 1329 5398 ὑπόθεσις
1362 5333 1469 5386 τῶν
1507 5337 1802 5405 γινομένων
1836 5340 2105 5412 τοσαύτην

443 5422 594 5494 αύτῷ
621 5421 720 5492 τὴν
753 5419 976 5492 γνώμην
1008 5419 1406 5485 κατεσκεύαζεν
1428 5423 1477 5483 δ,
1508 5423 1583 5486 ὼς
1614 5425 1748 5496 μηδὲ
1784 5427 2105 5499 ἐπιστρέφε-

447 5509 567 5564 σθαι
593 5509 728 5581 πρὸς
754 5507 822 5560 τὰ
846 5508 1071 5562 ἐπιόντα
1090 5507 1256 5561 δεινά.
1276 5509 1473 5561 ’Δκουε
1501 5509 1604 5581 γὰρ
1632 5511 1794 5565 αὑτοῦ
1823 5513 2066 5580 λέγοντος
2085 5533 2100 5548 ο

451 5597 518 5652 Τὸ
544 5595 654 5667 γὰρ
687 5595 1019 5664 παραυτίκα
1051 5593 1313 5664 ἐλαφρὸν
1339 5594 1446 5664 τῆς
1481 5598 1740 5666 θλίψεως
1776 5599 1943 5670 ἡμῶν
1974 5605 2104 5658 καθ’

443 5682 785 5752 ὑπερϐολὴν
815 5681 1054 5738 αίώνιον
1069 5681 1258 5751 βάρος
1286 5672 1469 5751 δόξης
1497 5684 1642 5752 ἡμῖν
1677 5689 2102 5758 κατεργάζεται.

453 5773 512 5826 ἸΙ
540 5771 855 5842 προσδοκία,
880 5773 1032 5842 φησὶ,
1059 5772 1159 5840 τῆς
1182 5770 1479 5842 μελλούσης
1498 5761 1898 5846 καταλήψεσθαι
1923 5778 2102 5851 δόξης,

439 5857 588 5932 βὸθῖ
625 5859 719 5914 καὶ
752 5861 850 5930 τῆς
881 5858 1158 5930 διηνεκοῦς
1189 5859 1404 5932 ἐκείνης
1442 5860 1676 5929 ἀνέσεως
1705 5861 1922 5934 κούφως
1956 5868 2103 5940 ima;

498 6000 522 6027 ⁸
551 5999 763 6048 Accessi!
792 5999 872 6047 οὖν
897 6013 924 6047 c
949 5999 1147 6047 Savilio.
1178 5998 1310 6050 lion.

500 6059 532 6101 ³
556 6060 723 6110 λίθεοι.
752 6059 1110 6121 παρεσκεύαζεν.

1227 457 1285 511 8.
1321 448 1605 510 IOANNIS
1639 445 2124 507 CIIRYSOSTOMI
2163 445 2484 506 AKCIIIEP.
2523 445 3068 506 CONSTANTINOP.

3779 449 3885 507 216

2219 567 2361 617 ποιεῖ
2381 563 2565 634 φέρειν
2583 562 2680 628 τὰς
2702 564 3034 636 ἐπαλλήλους
3057 565 3257 628 ταύτας
3285 563 3510 636 θλίψεις,
3529 567 3620 620 καὶ
3645 565 3886 636 ἐλαςράς

2217 647 2387 712 αύτάς
2415 646 2680 718 ήγεῖσθαι.
2701 642 2855 712 Εἶδες
2874 649 3021 711 ὅπως
3042 647 3397 720 ὑποτέμνεται
3423 649 3454 699 6
3483 648 3616 718 πρὸς·
3636 649 3734 702 τὸν
3754 649 3887 702 Θεὸν

2217 731 2379 794 πόθος
2411 730 2508 801 τήν
2539 729 2645 784 τῶν
2671 730 2859 783 δεινῶν
2890 733 3160 803 ἐπίτασιν,
3185 733 3277 785 καὶ
3317 731 3436 784 ούδέ
3458 730 3716 801 αἴσθησιν
3753 748 3883 798 συγ-

2218 813 2385 885 χωρεῖ
2412 811 2596 864 λαϐεῖν
2629 811 2739 864 τῶν
2770 811 3072 877 ἐπιόντωνς
3106 813 3206 866 Διά
3241 830 3320 866 τοι
3345 812 3501 866 τοῦτο
3525 813 3620 866 καὶ
3651 815 3680 865 ὀ
3709 813 3884 882 μακά-

2220 887 2526 967 ριοςοῦτος
2565 894 2740 949 πάντα
2783 894 2973 965 πράως
3003 894 3202 966 ἔφερε,
3246 897 3312 965 τῇ
3348 894 3526 947 πίστει
3575 897 3640 966 τῇ
3682 896 3762 957 εἰς
3793 895 3890 947 τὸν

2220 977 2347 1030 Θεὸν
2371 977 2464 1031 καλ⁵
2483 979 2549 1049 τῇ
2585 975 2759 1029 ἐλπίδι
2783 977 3133 1048 τρεφόμενος.
3152 977 3259 1031 Καὶ
3288 977 3548 1040 ἔκλεισε,
3577 977 3734 1048 φησὶ,
3769 979 3887 1031 Κύ-

2221 1077 2341 1128 ριος
2361 1062 2394 1114 ό
2422 1060 2567 1125 Θεὸς
2595 1058 2815 1124 ἔξωθεν
2843 1059 3028 1114 αὑτοῦ
3057 1059 3170 1127 τὴν
3206 1061 3472 1114 κιϐωτόν.
3512 1059 3622 1115 Καὶ
3647 1060 3889 1130 ἐγένετο

2223 1145 2250 1197 ὁ
2279 1142 2707 1212 κατακλυσμὸς
2733 1142 3185 1223 τεσσαράκοντα
3212 1141 3435 1211 ἡμέρας
3463 1142 3562 1196 καί
3590 1141 3888 1210 τεσσαρὰ-

2221 1245 2399 1283 ιιοντα
2423 1230 2646 1295 νύκτας
2667 1229 2765 1282 ἐπὶ
2791 1229 2902 1298 τῆς
2925 1229 3057 1298 γῆς,
3085 1229 3182 1283 καὶ
3214 1228 3531 1298 ἐπεφέρετο
3552 1228 3590 1295 ἠ
3616 1229 3886 1294 κιϐωτός.

2216 1311 2410 1364 Σκόπει
2440 1312 2598 1365 πάλιν
2620 1311 2738 1375 πῶς
2771 1314 2836 1383 τῇ
2868 1312 3117 1382 διηγήσει
3145 1309 3298 1377 αὔξει
3326 1313 3420 1366 τὸν
3461 1313 3644 1381 φόϐον,
3675 1313 3771 1365 καὶ
3800 1311 3885 1374 ἐξα

2213 1396 2365 1461 ογκοῖ
2407 1393 2469 1448 τὸ
2516 1393 2897 1464 γεγενημένον.
2951 1393 3212 1462 Ἐγένετο
3241 1394 3371 1464 γάρ,
3413 1394 3596 1465 φησὶν,
3631 1397 3663 1449 ὀ
3702 1409 3884 1447 κατα-

2214 1474 2488 1545 κλυσμὸς
2524 1474 2978 1544 τεσσαράκοντα
3023 1475 3248 1544 ἡμέρας
3285 1475 3383 1529 καὶ
3429 1474 3888 1542 τεσσαράκοντα

2212 1559 2457 1624 νύκτας,
2493 1557 2591 1610 καί
2617 1556 2967 1625 ἐπληθύνθη
2994 1556 3062 1610 τὸ
3091 1557 3269 1625 ὕδωρ,
3303 1555 3401 1612 καί
3426 1557 3620 1628 ,ἐπῆρε
3656 1556 3774 1626 τὴν
3798 1575 3884 1609 κι-

2213 1637 2421 1704 ϐωτὸν,
2466 1639 2565 1694 καὶ
2604 1639 2813 1708 ὑψώθη
2845 1639 2967 1695 ἀπὸ
2994 1638 3103 1707 τῆς
3131 1639 3266 1710 τῆς.
3315 1640 3426 1694 Καὶ
3468 1640 3783 1708 ἐπεκράτει
3816 1640 3885 1692 τὸ

2212 1720 2388 1789 ὕδωρ,
2420 1720 2518 1774 καὶ
2538 1721 2907 1786 ἐπληθύνετο
2943 1721 3178 1789 σφόδρα
3207 1721 3307 1774 ἐπὶ
3344 1721 3454 1790 τῆς
3481 1719 3614 1790 τῆς,
3641 1720 3742 1775 καί
3781 1721 3890 1774 ἐκ·

2211 1799 2450 1872 εφέρετο
2487 1803 2526 1871 ἠ
2558 1801 2800 1868 κιϐωτὸς
2842 1802 3042 1856 ἐπάνω
3075 1803 3180 1858 τοῦ
3220 1803 3438 1870 ὕδατος
3460 1820 3476 1836 ο
3522 1804 3591 1858 τὸ
3632 1803 3701 1857 δὲ
3727 1803 3888 1872 ὕδωρ

2211 1883 2517 1953 ἐπεκράτει
2544 1885 2781 1953 σφόδρα
2806 1882 3082 1953 σφοδρῶς
3109 1885 3204 1938 ἐπὶ
3231 1884 3341 1952 τῆς
3361 1884 3492 1956 γῆς.

2283 1973 2357 2032 ς’.
2393 1969 2535 2037 Ὅρα
2567 1965 2684 2030 πῶς
2707 1966 2947 2037 ἀκριϐῶς
2973 1969 3105 2037 ήμῖν
3133 1967 3400 2037 διηγεῖται
3424 1967 3522 2037 τήν
3543 1966 3746 2038 πολλὴν
3773 1969 3892 2022 τῶν

2211 2047 2422 2104 ὑδάτων
2450 2048 2642 2119 φοράν,
2659 2048 2753 2102 καὶ
2779 2049 2860 2101 ὅτι
2892 2050 2976 2117 ἐφ’
3001 2048 3235 2119 ἐκάστης
3262 2048 3488 2119 αὔξησιν
3515 2049 3820 2119 ἐλάμϐανεν
3853 2053 3890 2119 ή

2211 2129 2518 2202 πλημμύρα
2541 2129 2648 2182 τῶν
2682 2130 2908 2199 ύδάτῳν.
2941 2129 3278 2198 Ἐπεκράτει
3297 2131 3406 2200 γὰρ
3431 2132 3497 2184 τὸ
3521 2131 3701 2199 ὕδωρ,
3727 2134 3887 2201 φησι,

2211 2211 2445 2281 σφόδρα
2471 2209 2769 2280 σφοδρῶς,
2814 2212 2911 2266 καί
2951 2211 3300 2280 ὲπεκάλυψε
3332 2211 3528 2267 πάντα
3561 2211 3634 2266 τὰ
3673 2213 3781 2281 ὄρη
3817 2215 3892 2267 τὰ

2211 2293 2442 2363 ὑψηλὰ,
2473 2291 2616 2365 ᾱ-ἦν
2647 2292 2928 2348 ὑποκάτω
2955 2293 3062 2348 τοῦ
3096 2295 3377 2363 οὐρανοῦ.
3414 2294 3747 2350 Δεκαπέντε
3773 2294 3889 2361 πή-

2209 2395 2337 2448 χεις
2364 2377 2565 2432 ἐπάνω
2587 2376 2796 2446 ὑψώθη
2821 2376 2890 2430 τὸ
2915 2377 3091 2445 ὕδωρ,
3120 2379 3219 2431 καὶ
3240 2375 3568 2439 ἐπέκλυᾱεν
3600 2378 3841 2434 ἅπαντα
3861 2392 3885 2420 ε

2211 2460 2281 2514 τὰ
2310 2459 2437 2528 ὄρη.
2470 2460 2711 2523 Εἰκότως
2753 2458 3103 2530 ιξ›κονόμησεν
3148 2462 3176 2513 ό
3204 2459 3582 2533 φιλάνθρωπος
3609 2461 3893 2533 Δεσπότης

2212 2540 2527 2614 κλεισθῆναι
2563 2540 2664 2611 τήν
2696 2539 2952 2606 κιϐωτὸν,
2984 2541 3126 2595 ὥστε
3167 2542 3244 2613 μή
3278 2543 3411 2613 όρᾷν
3452 2541 3544 2594 τὸν
3579 2541 3790 2595 δίκαιον
3819 2545 3894 2596 τὰ

2211 2622 2492 2692 γινόμενα.
2539 2622 2602 2675 Εἰ
2638 2623 2748 2692 γὰρ
2798 2623 2958 2693 ἡμεῖς
2995 2622 3134 2692 μετά
3165 2623 3420 2676 τοσοῦτον
3457 2623 3593 2678 ἐτῶν
3631 2624 3886 2695 ἀριθμὸν.

2210 2705 2304 2758 καὶ
2338 2704 2476 2776 μετὰ
2503 2704 2770 2768 τοσαύτας
2793 2706 2987 2773 γενεάς
3013 2704 3303 2768 ἀκούοντες
3339 2706 3498 2776 μόνον
3533 2706 3632 2775 τῆς
3661 2707 3894 2777 Γραφῆς

2209 2785 2309 2857 τήν
2330 2787 2581 2856 διήγησιν
2612 2786 3033 2857 συστελλόμεθα,
3067 2789 3161 2840 καὶ
3195 2789 3253 2840 ἐν
3289 2789 3568 2860 ἀμηχανία
3597 2788 3887 2860 γινόμεθα,

2201 2869 2264 2922 -τί
2309 2869 2454 2931 εἰκὸς
2513 2866 2580 2938 ῆν
2617 2869 2709 2922 τὸν
2765 2869 2970 2922 δίκαιον
3027 2871 3233 2923 ἐκεῖνον
3297 2872 3528 2934 παθεῖν,
3569 2872 3624 2924 εί
3665 2888 3730 2940 γε
3773 2875 3891 2935 τοῖς

2211 2951 2510 3022 ὀφθαλμοῖς
2527 2950 2673 3021 ἐώρα
2689 2949 2785 3021 τὴν
2807 2951 2906 3004 ἀϐυ
2917 2968 3040 3004 σσον
3067 2952 3282 3023 ἐκείνην
3303 2955 3402 3024 τὴν
3427 2954 3700 3025 ἀφόρητον
3722 2971 3738 3018 ;
3761 2953 3892 3016 Πῶς

2212 3033 2321 3105 γὰρ
2357 3033 2423 3085 ἂν
2451 3032 2687 3103 ήδυνήθη
2719 3031 2820 3086 κᾶν
2855 3032 2989 3102 πρὸς
3018 3032 3192 3103 β-ραχὺ
3225 3035 3531 3106 ἀντισχεῖν;
3563 3036 3684 3106 ούχὶ
3705 3035 3762 3088 δὲ
3799 3036 3891 3089 εὑ-

2211 3114 2348 3178 θέως
2370 3115 2434 3166 ἐκ
2458 3112 2680 3184 πρώτης
2707 3112 2883 3183 ὄψεως
2915 3113 2981 3167 ἂν
3002 3114 3193 3185 ἐξέστη
3214 3116 3312 3185 τῆς
3341 3116 3521 3186 ψυχῆς
3544 3115 3888 3186 ἀποστάσης,

2212 3196 2307 3250 καὶ
2348 3195 2545 3266 μηκέτι
2587 3195 2910 3264 δυνηθείσης
2947 3197 3193 3263 ἐνεγκεῖν
3241 3195 3352 3248 τῶν
3391 3197 3662 3250 τοσούτων
3695 3197 3892 3251 δεινῶν

2210 3276 2311 3345 τήν
2352 3275 2516 3341 θέαν;
2559 3275 2760 3328 Ἐννόει
2795 3276 2903 3346 γάρ
2938 3293 3049 3345 μοι,
3083 3277 3356 3348 ἀγαπητέ,
3392 3277 3510 3341 πῶς
3543 3277 3640 3332 νῦν
3682 3281 3890 3350 μικρᾶς·

2213 3357 2516 3429 ἐπομϐρίας
2544 3358 2840 3429 γενομένης
2864 3357 3144 3426 ἐναγώνιοι
3165 3359 3450 3430 γινόμεθα,
3477 3361 3718 3432 περὶτοῦ
3749 3380 3891 3416 mv-

2211 3440 2302 3502 τὸς
2337 3439 2674 3510 δεδοίκαμεν,
2709 3441 2837 3512 περὶ
2878 3441 3075 3512 αὐτῆς,
3108 3442 3184 3505 ὡς
3213 3443 3406 3506 εἰπεῖν,
3429 3443 3531 3513 τῆς
3560 3443 3708 3514 ζωῆς
3739 3443 3890 3498 ἀστα-

2212 3522 2532 3593 γορεύομεν.
2568 3523 2633 3575 Τί
2670 3523 2848 3576 τοίνυν
2881 3523 3026 3586 εἰκὸς
3073 3519 3140 3594 ῆν
3165 3524 3255 3578 τὸν
3289 3523 3496 3577 δίκαιον
3525 3527 3734 3581 ἐκεῖνον
3762 3527 3888 3581 τότε

2212 3606 2404 3658 παθεῖν
2429 3605 2564 3676 πρὸς
2599 3604 2851 3658 τοσοῦτον
2881 3604 3014 3674 ὕψος
3047 3606 3259 3676 ὁρῶντα
3305 3607 3374 3659 τά
3412 3606 3582 3660 ὕδατα
3615 3609 3890 3680 κορυφού-

2215 3705 2384 3757 μενα;
2429 3685 2656 3741 Ἐπάνω
2687 3687 2819 3756 γὰρ,
2861 3687 3015 3757 φησὶ,
3047 3687 3164 3740 τῶν
3186 3689 3370 3758 ὀρέων
3399 3689 3729 3744 δεκαπέντε
3769 3692 3890 3760 κή-

2215 3787 2338 3837 χεις
2361 3767 2569 3837 ὑψώθη
2602 3768 2666 3821 τὸ
2696 3768 2869 3837 ὕδωρ.
2913 3769 3316 3840 Ἀναμνήσθητί
3353 3787 3442 3841 μοι
3468 3771 3721 3838 ἐνταῦθα,
3749 3775 3888 3841 ἀγα-

2215 3852 2370 3921 πητὲ,
2399 3851 2508 3903 τῶν
2535 3851 2684 3921 παρᾶ
2711 3852 2803 3904 τοῦ
2831 3851 3102 3904 Δεσπότου
3127 3851 3420 3923 ῥηθέντων,
3443 3854 3530 3907 ὅτε
3558 3854 3742 3922 ἔλεγεν
3760 3871 3775 3886 ⁸
3801 3858 3889 3911 οὐ

2206 3933 2291 4003 μὴ
2349 3935 2674 4003 καταμείνῃ
2725 3935 2791 3987 τὸ
2837 3933 3080 4004 Πνεῦμά
3109 3952 3230 4003 μου
3273 3936 3343 3990 ἐν
3391 3937 3513 4003 τοῖς
3552 3936 3890 4006 ἀνθρώποις

2213 4018 2466 4082 τούτοις,
2514 4017 2612 4070 διὰ
2659 4015 2727 4070 τὸ
2769 4012 2922 4070 εἶναι
2975 4016 3198 4083 αὐτοὺς
3241 4017 3500 4087 σάρκαςο
3547 4020 3641 4072 καὶ
3681 4019 3888 4072 πάλιν·

2225 4099 2536 4167 Ἐφθάρηή
2575 4098 2673 4169 γῆ,
2704 4099 2800 4152 καί
2831 4098 3110 4168 ἐπλήσθη
3147 4101 3186 4170 ἠ
3225 4099 3300 4171 τῆ
3337 4100 3448 4170 τῆς
3472 4099 3726 4167 ἀδικίας-ο
3767 4102 3887 4167 καὶ,

2214 4178 2354 4236 Εἷδε
2372 4182 2588 4248 Κύριος
2613 4181 2726 4249 τὴν
2746 4181 2882 4250 γῆν,
2900 4182 2998 4235 καί
3024 4177 3106 4252 ἦν
3134 4183 3608 4254 κατεφθαρμένῃ,
3635 4184 3724 4238 ὅτι
3747 4201 3888 4238 κατ-

2213 4265 2446 4333 έφθειρε
2485 4261 2652 4319 πᾶσα
2692 4264 2848 4332 σὰρξ
2902 4265 3018 4333 τὴν
3055 4265 3198 4321 ὀδόν
3240 4266 3450 4336 αὐτῆς.
3509 4269 3663 4320 Ἐπεὶ
3705 4269 3889 4321 τοίνυν

2211 4348 2505 4418 ὁλοκλήρου
2534 4346 2830 4416 καθαρσίου
2861 4347 3030 4400 ἐδεῖτο
3056 4350 3088 4418 ή
3124 4350 3438 4422 οἰκουμένη,
3474 4351 3568 4404 καὶ⁵
3598 4351 3766 4421 ἐχρῆν
3793 4352 3890 4404 αύο

2211 4430 2310 4499 τήν
2343 4428 2557 4481 ἅπαντα
2585 4427 2677 4479 τὸν
2714 4427 2884 4494 ῥύπον
2914 4429 3390 4500 ἀποκαθάρασθαι,
3433 4431 3528 4485 καὶ
3563 4431 3663 4502 τήν
3699 4432 3888 4504 ζύμην

2213 4510 2430 4564 ἃπασαν
2473 4509 2572 4579 τῆς
2620 4508 2998 4582 προλαϐούσης
3045 4514 3310 4583 πονηρίας
3361 4514 3749 4585 ἀναιρεθῆναι,
3791 4520 3888 4570 καὶ⁵

2215 4593 2350 4664 μηδέ
2383 4593 2526 4662 ίχνος
2572 4592 2675 4661 τῆς
2718 4593 2915 4656 κακίας
2956 4595 3372 4666 ἀπολειφθῆναι,
3413 4595 3886 4670 ἀλλ’ὦσπεράνα·

2214 4677 2548 4747 στοιχείωσίν
2588 4692 2710 4729 τινα
2747 4677 3020 4744 γενέσθαι,
3061 4677 3312 4751 καθάπερ
3349 4682 3600 4753 τεχνίτης
3640 4684 3883 4752 ἄριστος,

2213 4763 2307 4814 ἐπε
2318 4760 2429 4813 ιδάν
2454 4758 2594 4831 λάὸῃ
2617 4758 2808 4823 σκεῦος
2840 4761 2945 4813 ὑπὸ
2973 4761 3067 4813 τοῦ
3105 4762 3297 4832 χρόνου
3324 4765 3633 4818 παλαιωθέν
3664 4766 3758 4818 καὶ
3787 4783 3887 4820 και

2211 4841 2583 4911 τσδαπανηθὲν
2606 4881 2620 4904 ,
2650 4840 2726 4903 ώς
2779 4843 2979 4905 εἰπεῖν,
3011 4843 3117 4896 ὑπὸ
3149 4844 3241 4896 τοῦ
3277 4846 3379 4910 ἰοῦ,
3424 4847 3518 4900 καὶ
3544 4849 3624 4911 είς
3660 4848 3726 4902 τὸ
3771 4848 3887 4921 πῦρ

2213 4924 2366 4999 [240]
2397 4925 2669 4995 ἐμϐαλὼν,
2693 4924 2788 4978 καὶ
2811 4927 3234 4997 παρασκευάσας
3262 4931 3438 4984 πάντα
3463 4932 3553 4985 τὸν
3582 4933 3658 4985 ίὸν
3683 4932 3886 4988 ἀποθέο

2213 5010 2354 5067 σθαι.
2382 5007 2744 5080 μεταπλάττει
2769 5009 2858 5061 καὶ
2877 5013 3292 5078 μετασκευάζει,
3315 5017 3409 5068 καὶ
3426 5016 3504 5078 είς
3531 5018 3626 5085 τήν
3647 5017 3890 5088 ἀρχαίαν

2211 5093 2511 5164 εὐμορφίαν
2543 5090 2836 5160 ἐπανάγει·
2878 5092 3021 5146 οὕτω
3061 5096 3152 5147 καὶ
3186 5096 3215 5146 6
3259 5099 3534 5168 Δεσπότης
3555 5101 3584 5152 6
3613 5101 3886 5172 ἡμέτερος

2211 5177 2429 5231 ἃπασαν
2469 5176 2568 5247 τήν
2596 5176 2920 5246 οἰκουμένην
2957 5175 3047 5229 διά
3081 5177 3176 5231 τοῦ
3203 5179 3325 5233 τότε
3365 5182 3752 5254 κατακλυσμοῦ
3785 5203 3887 5237 κα-

2214 5261 2404 5331 θάρας,
2435 5261 2529 5316 καὶ
2555 5260 2630 5324 ὡς
2662 5261 2859 5326 εἰπεῖν,
2894 5260 3268 5332 ἐλευθερώσας
3301 5265 3399 5335 τῆς
3429 5267 3627 5328 κακίας
3651 5266 3763 5319 τῶν
3791 5268 3887 5321 ἀνα

2213 5343 2466 5416 ορὼπων,
2496 5344 2592 5398 καὶ
2610 5342 2705 5397 τοῦ
2740 5342 3039 5414 μολυσμοῦ,
3059 5343 3154 5396 καὶ
3180 5344 3283 5414 τῆς
3312 5346 3517 5419 φθορᾶς
3537 5347 3638 5416 τῆς
3658 5348 3882 5418 πολλῆς,

2212 5427 2599 5500 λαμπροτέραν
2639 5425 2808 5495 αὐτὴν
2846 5426 3255 5495 ἀπειργάσατο,
3300 5429 3503 5482 ἄνωθεν
3543 5431 3675 5500 ήμῖν
3705 5429 3888 5495 δείξας

2211 5511 2378 5580 αὐτῆς
2405 5509 2625 5581 φαιδρὸν
2669 5506 2732 5561 τὸ
2769 5507 3080 5578 πρόσωπον,
3131 5510 3224 5562 καὶ
3269 5511 3327 5562 ού
3361 5513 3725 5584 συγχωρήσας
3761 5513 3884 5567 οὐδὲ

2214 5595 2358 5664 ἴχνος
2396 5592 2497 5662 τῆς
2536 5589 2806 5661 προτέρας
2836 5589 3114 5662 ἀμορφίας
3149 5591 3595 5664 καταλειφθῆναι.
3629 5594 3884 5664 Ὑψώθη,

2212 5677 2396 5746 φησὶν,
2418 5673 2618 5727 ἐπάνω
2649 5671 2767 5726 τῶν
2794 5673 2978 5741 ὀρέων
3003 5672 3330 5729 δεκαπέντε
3358 5675 3573 5745 πήχεις
3608 5677 3674 5729 τὸ
3703 5676 3883 5746 ὕδωρ.

2211 5760 2322 5825 Ούχ
2350 5755 2535 5819 ἅπλῶς
2559 5757 2691 5826 ἡμῖν
2712 5755 2884 5810 ταῦτα
2914 5757 3181 5827 διηγεῖται
3212 5760 3246 5830 ή
3279 5759 3492 5832 Γραφὴ,
3515 5759 3626 5814 ἀλλ’
3658 5759 3746 5814 ἴνα
3773 5761 3879 5831 μά-

2213 5842 2416 5911 θωμεν,
2457 5841 2538 5894 ὅτι
2567 5841 2625 5893 ού
2672 5841 2832 5910 μόνον
2863 5841 3160 5911 ἄνθρωποι,
3191 5841 3288 5895 καὶ
3333 5844 3528 5914 κτήνη,
3555 5843 3650 5896 καὶ
3686 5843 3880 5914 τετρά-

2212 5923 2366 5991 ποδα,
2389 5921 2482 5976 καὶ
2524 5922 2727 5994 ἐρπετά
2754 5922 3060 5994 ὑποϐρύχια
3091 5924 3335 5994 γέγονεν,
3384 5924 3522 5980 ἀλλά
3563 5926 3654 5979 καὶ
3682 5925 3750 5980 τὰ
3791 5941 3880 5981 πε-

2272 6061 2293 6090 θ
2323 6065 2422 6120 Lm
2461 6077 2572 6116 cum
2599 6064 2728 6118 ιιιω.
2759 6068 2837 6116 καὶ
2873 6066 3164 6132 ἐπεκάλυψαν
3189 6069 3392 6118 ἅπαντα.
