4080 6494
258 472 361 527 Ξὶδ

255 601 276 658 ί
304 590 460 646 ΙΙοὸιο.
490 590 576 644 Η.
609 589 640 642 7
663 587 706 658 ).
743 581 925 640 Vidisti
955 575 1221 653 quomodo
1249 574 1381 632 ﬁdes
1407 575 1458 629 in
1488 574 1654 629 Deum
1683 586 1835 644 quasi

255 698 443 739 secura
470 680 710 753 quaedam
740 675 990 740 anchora,
1021 670 1162 734 fecit,
1196 675 1255 722 ut
1279 682 1455 722 arcam
1481 665 1714 720 construi
1741 678 1861 718 cu-.

253 785 400 831 raret
423 815 440 840 ,
470 782 521 828 et
546 772 664 839 ejus
695 765 1071 823 habitationem
1098 759 1426 816 sustineret?
1451 757 1582 813 Nam
1616 756 1731 809 lure
1766 753 1838 809 illi

254 878 309 922 vt
337 865 524 922 salutis
552 863 647 917 fuit
674 859 905 921 occasio,
938 856 1041 910 Per
1061 871 1214 926 quam
1233 895 1248 921 ,
1283 851 1472 922 inquit,
1496 847 1841 903 ‘condemnavit

255 960 520 1024 interdum,
547 966 594 1012 et
611 956 722 1026 ejus
748 967 858 1024 [μιαν
876 947 1152 1006 secuudum
1174 945 1327 1016 ﬁdem
1347 951 1421 998 est
1434 940 1651 1012 justitiae
1675 940 1841 1009 factus

253 1059 328 1106 est
366 1049 506 1104 lieres
534 1063 553 1103 :
580 1062 686 1102 non
725 1043 866 1114 quod
891 1041 1004 1112 ipse
1042 1038 1202 1094 fuerit
1239 1033 1400 1105 judex
1425 1075 1440 1100 ,
1487 1030 1582 1088 sed
1609 1031 1729 1100 quia
1775 1043 1842 1083 ex

255 1138 654 1211 comparatione
713 1130 1213 1190 condemnationem
1275 1126 1530 1180 Dominus
1590 1120 1837 1176 inducit:

252 1249 377 1290 cum
419 1233 562 1288 enim
589 1229 775 1286 eadem
817 1224 1097 1281 habuerint
1125 1235 1241 1291 qua:
1284 1219 1460 1289 justus
1485 1257 1498 1281 ,
1529 1230 1634 1268 non
1663 1222 1840 1266 tamen

255 1327 502 1383 eamdem
549 1322 761 1377 virtutis
809 1320 945 1372 viam
975 1314 1198 1386 ingressi
1229 1319 1352 1366 sunt
1383 1327 1398 1365 :
1433 1323 1526 1391 per
1556 1305 1712 1360 ﬁdem
1737 1319 1838 1375 qua

255 1418 507 1492 prmditus
533 1414 648 1483 fuit,
674 1408 1048 1474 condemnavit
1080 1420 1175 1462 eos
1202 1404 1289 1475 qui
1313 1410 1472 1456 tanta:
1509 1397 1723 1492 fuerunt
1756 1395 1839 1448 in-

249 1489 576 1565 credulitatis
593 1545 610 1571 ,
638 1512 696 1558 ut
723 1499 1045 1570 pra‘dictioni
1074 1511 1178 1551 non
1205 1493 1500 1549 crederent.
1525 1489 1637 1558 Ego
1662 1498 1838 1540 autem

248 1614 372 1654 cum
396 1597 514 1652 aliis
538 1594 784 1649 omnibus
812 1593 1060 1645 virtutem
1087 1587 1246 1641 etiam
1273 1583 1402 1652 justi
1428 1580 1668 1636 admiror
1686 1618 1701 1641 ,
1732 1577 1830 1630 Do-

255 1869 580 1932 sestiarum,
626 1863 842 1932 leonum
886 1862 1006 1918 dico
1029 1901 1044 1925 ,
1078 1857 1364 1930 pardorum
1390 1896 1407 1924 ,
1448 1867 1692 1908 ursorum
1718 1891 1735 1918 ,
1784 1857 1838 1904 et

248 1961 470 2016 aliarum
495 1957 774 2013 immittam
803 1953 1054 2008 ferarum.

321 2050 440 2107 Noe
478 2049 690 2104 restituit
738 2044 872 2116 quod
913 2043 1078 2097 Adam
1119 2039 1411 2095 abstulerat.
1437 2065 1508 2077 —
1533 2033 1836 2090 Recordare

249 2143 357 2207 die,
386 2143 610 2209 dilecte,
631 2138 880 2200 obsecro,
907 2140 1120 2204 quanta:
1145 2128 1416 2200 dignitatis
1448 2127 1604 2182 luerit
1634 2126 1835 2194 primus

249 2236 411 2290 homo
453 2243 577 2288 ante
621 2227 1034 2286 inobedientiam
1062 2242 1077 2278 :
1109 2233 1162 2279 et
1203 2223 1297 2276 Dei
1328 2221 1618 2276 bonitatem
1657 2216 1836 2270 animo

245 2329 496 2385 observa.
530 2318 1070 2392 Posteaquamenim
1116 2316 1259 2371 illius
1285 2311 1651 2384 praevaricatio
1697 2308 1835 2363 hanc

247 2428 564 2492 potestatem
596 2415 748 2471 nobis
787 2412 969 2468 datam
1011 2408 1381 2468 imminuerat,
1432 2401 1632 2458 invenit
1657 2407 1832 2492 autem

247 2512 422 2568 bonus
449 2509 702 2564 Dominus
727 2505 888 2558 alium
913 2501 1104 2561 virum.
1128 2498 1217 2569 qui
1241 2496 1406 2566 potuit
1425 2507 1677 2564 reparare
1706 2491 1834 2545 iu.a-

245 2605 425 2675 ginem
453 2598 750 2670 pristinam,
774 2601 828 2648 et
855 2606 1070 2648 servare
1099 2587 1308 2643 virtutis
1332 2586 1690 2649 characteres,
1725 2597 1832 2675 ma-

245 2674 512 2765 gnamque
545 2690 597 2744 in
630 2686 894 2743 mandatis
922 2683 1014 2738 Dei
1045 2679 1400 2736 obedientiam
1441 2692 1552 2747 prce
1591 2691 1651 2730 se
1677 2674 1830 2738 tulit;

243 2783 441 2838 iterum
463 2780 528 2835 ad
553 2779 778 2850 primum
803 2776 1059 2830 honorem
1075 2787 1195 2828 eum
1223 2769 1449 2835 reducit,
1469 2766 1617 2838 quasi
1635 2765 1835 2820 docens

246 2888 348 2928 nos
374 2870 642 2941 Operibus,
669 2874 920 2938 quantam
949 2869 1262 2932 potestatem
1293 2859 1462 2913 Adam
1492 2865 1614 2911 ante
1643 2855 1832 2910 iuobe-

245 2963 498 3018 dientiam
529 2957 795 3013 habuerit.
824 2954 1004 3010 Virtus
1031 2952 1208 3021 itaque
1229 2950 1358 3020 justi
1388 2948 1565 3003 divina
1593 2948 1833 3004 clemen-

248 3057 322 3112 tia
368 3053 546 3123 adjuta
583 3050 816 3120 primum
860 3043 1126 3116 reparavit
1166 3039 1500 3105 dominium,
1548 3038 1835 3108 bestiaeque

248 3151 441 3204 iterum
469 3143 856 3213 subiectionem
895 3143 1246 3208 agnoverunt.
1275 3129 1406 3187 Cum
1440 3132 1582 3187 enim
1624 3130 1727 3184 illa:
1757 3127 1832 3182 vi-

246 3239 424 3296 derint
457 3238 655 3307 justum
681 3273 696 3298 ,
728 3228 1112 3285 obliviscuntur
1151 3233 1355 3280 natum
1385 3237 1496 3277 sua:
1526 3241 1538 3275 :
1569 3223 1678 3275 imo
1726 3235 1831 3274 non

245 3342 452 3388 natura:
472 3372 487 3396 ,
513 3327 609 3383 sed
631 3324 840 3380 ferociae
861 3339 876 3387 ;
900 3329 954 3376 et
990 3327 1194 3373 natura:
1223 3317 1430 3371 insitam
1478 3313 1734 3368 feritatem
1781 3313 1832 3365 in

247 3419 704 3479 mansuetudinem
755 3421 1090 3470 convertunt.
1140 3409 1205 3463 Et
1252 3406 1370 3461 vide
1419 3403 1685 3475 quomodo
1736 3403 1835 3456 hoc

246 3517 418 3586 ipsum
462 3508 665 3565 Danicli
693 3504 930 3561 evenerit
958 3500 1132 3576 (Dan.
1166 3499 1217 3554 6.
1260 3496 1387 3568 22).
1419 3495 1516 3550 llic
1542 3494 1682 3549 enim
1712 3508 1833 3546 cum

243 3620 275 3660 a
310 3602 551 3660 leonibus
574 3595 1014 3660 circumdaretur,
1045 3590 1197 3661 quasi
1220 3590 1291 3644 ab
1311 3587 1498 3642 ovibus
1524 3587 1830 3654 stiparetnr,
1877 3635 1892 3652 ,

244 3695 325 3749 sic
353 3689 616 3761 intrepide
645 3687 838 3758 agebat
871 3703 882 3737 :
915 3679 1342 3754 quandoquidem
1383 3678 1509 3748 justi
1541 3677 1727 3730 ﬁducia
1759 3675 1836 3730 fe-

246 3799 426 3842 rarum
469 3791 710 3838 naturam
754 3776 1034 3840 frenabat,
1067 3789 1166 3828 nec
1190 3770 1398 3826 sinebat
1427 3778 1481 3823 ut
1509 3777 1729 3839 agerent
1771 3783 1832 3821 ea

243 3892 366 3947 quse
394 3875 517 3930 fera:
546 3873 736 3927 solent.
765 3868 933 3925 Simili
965 3866 1122 3921 modo
1145 3864 1304 3920 etiam
1333 3861 1576 3932 egregius
1603 3861 1690 3915 ille
1719 3875 1834 3914 ma-

245 3983 347 4039 gna
392 3965 640 4022 facilitate
679 3963 910 4017 ferarum
955 3957 1157 4014 ferebat
1199 3955 1498 4010 convictum
1523 3994 1538 4019 ,
1570 3963 1623 4009 et
1664 3966 1837 4022 neque

245 4059 346 4114 loci
373 4056 630 4126 angustia,
656 4067 829 4123 neque
851 4049 1105 4119 temporis
1121 4048 1482 4112 diuturnitate,
1502 4061 1672 4116 neque
1695 4045 1834 4115 quod

245 4151 325 4207 sic
355 4149 588 4204 inclusus
614 4153 757 4200 esset
794 4156 850 4196 ut
880 4155 1060 4197 aerem
1092 4140 1358 4209 respirare
1397 4155 1500 4193 non
1530 4147 1704 4208 posset
1733 4177 1749 4203 ,
1783 4136 1834 4191 in

246 4254 514 4311 torporem
544 4249 597 4295 et
620 4252 868 4292 nauseam
894 4236 1008 4306 ipse
1032 4233 1444 4302 conjiciebatur:
1467 4231 1560 4288 sed
1583 4232 1651 4287 ob
1679 4231 1838 4286 ﬁdem

246 4335 302 4390 in
333 4333 496 4388 Deum
525 4329 700 4384 omnia
728 4327 826 4399 ipsi
857 4325 1033 4382 facilia
1064 4316 1382 4380 videbantur
1404 4365 1418 4389 ,
1452 4331 1508 4378 et
1547 4321 1627 4377 sic
1651 4337 1832 4377 versa-

244 4426 400 4480 batur
423 4425 474 4479 in
507 4432 644 4478 tetro
674 4421 766 4475 illo
791 4434 1027 4482 carcere,
1051 4419 1188 4471 sicut
1212 4432 1309 4471 nos
1332 4420 1383 4470 in
1407 4415 1571 4486 pratis
1597 4424 1651 4470 et
1682 4415 1833 4469 lucis.

244 4519 576 4585 Praeceptum
616 4513 757 4569 enim
790 4510 997 4566 Domini
1030 4507 1330 4575 efﬁciebat,
1372 4517 1428 4562 nt
1457 4506 1692 4562 difﬁcilia
1734 4503 1832 4577 ipi

243 4609 418 4665 facilia
462 4607 788 4662 viderentur.
817 4603 962 4659 Talis
995 4602 1136 4657 enim
1166 4601 1430 4672 justorum
1476 4612 1592 4652 mos
1619 4605 1701 4652 est
1725 4637 1740 4656 .
1782 4605 1840 4651 ut

242 4703 460 4776 quando
482 4699 678 4770 aliquid
706 4707 918 4768 propter
941 4697 1106 4752 Deum
1136 4696 1426 4765 patiuntur,
1457 4707 1562 4747 non
1585 4704 1671 4746 res
1696 4691 1836 4760 ipsas

241 4811 363 4867 qua:
391 4795 519 4849 ﬁunt
545 4799 788 4862 spectent
811 4831 826 4856 ,
858 4789 950 4844 sed
979 4803 1191 4843 causam
1224 4801 1404 4842 secum
1431 4783 1797 4854 expendentes
1818 4824 1832 4849 ,

244 4887 400 4942 facile
426 4885 601 4938 omnia
632 4884 820 4937 lerant.
843 4879 1276 4949 Quandoquidem
1299 4887 1352 4932 et
1371 4877 1580 4942 Paulus,
1598 4876 1835 4946 gentium

249 4977 454 5040 doctor,
474 4973 704 5037 vincula,
727 4971 794 5026 ad
814 4970 1095 5024 tribunalia
1125 4968 1493 5029 abductiones,
1525 4966 1835 5035 quotidiana

249 5064 480 5136 pericula
509 5105 523 5128 ,
573 5064 765 5116 multas
808 5061 927 5116 illas
967 5067 1022 5114 ct
1067 5057 1433 5113 intolerabiles
1479 5057 1832 5122 afﬁictioues,

247 5159 390 5214 leves
415 5155 636 5212 vocabat
665 5170 680 5220 ;
709 5169 810 5208 non
834 5151 972 5223 quod
1002 5160 1189 5206 natura
1218 5150 1351 5206 tales
1371 5158 1569 5217 essent,
1594 5151 1686 5206 sed
1712 5149 1835 5221 quia

244 5265 424 5316 causa,
456 5257 670 5318 propter
695 5261 852 5316 quam
885 5244 1198 5299 accidebant
1218 5284 1232 5308 ,
1262 5243 1418 5298 talem
1444 5244 1490 5298 ei
1518 5243 1834 5299 sententiam

245 5341 589 5408 ingenerabat
609 5379 622 5402 .
657 5349 712 5392 ut
739 5339 912 5405 neque
940 5336 1275 5403 adverteret,
1306 5337 1349 5390 si
1377 5351 1479 5407 qua
1501 5337 1678 5406 gravia
1714 5338 1833 5390 talia

246 5430 579 5484 obveuirent.
612 5427 746 5480 Audi
776 5428 917 5482 enim
949 5426 1093 5480 illum
1116 5425 1380 5480 dicentem
1407 5445 1419 5480 :
1447 5425 1583 5478 Nam
1609 5443 1832 5479 momen-

248 5532 394 5574 tonea
411 5519 582 5573 levitas
602 5518 881 5588 aﬂlictionis
916 5527 1119 5582 nostrw,
1145 5517 1267 5569 inire
1287 5534 1444 5584 supra
1462 5517 1664 5570 modum
1687 5527 1834 5570 teter-

249 5631 365 5668 nun:
397 5613 593 5682 pondus
621 5611 798 5683 gloria
832 5620 1066 5680 aperatur
1098 5611 1150 5663 in
1178 5611 1320 5663 nobis
1353 5609 1444 5679 (2.
1473 5603 1590 5665 Cor:
1620 5611 1671 5664 4.
1707 5611 1767 5663 17
1792 5609 1832 5680 ).

244 5703 610 5774 Exspcctatio,
639 5704 824 5773 inquit,
857 5703 1038 5772 gloria:
1061 5718 1217 5771 quam
1241 5716 1605 5769 assequemur,
1636 5709 1689 5754 et
1716 5717 1833 5767 per-

253 5809 420 5870 petua:
451 5795 590 5849 illius
610 5795 873 5850 felicitatis
900 5793 952 5848 id
979 5794 1089 5862 agit
1114 5801 1170 5845 nt
1196 5792 1380 5847 leviter
1407 5796 1635 5845 teramus
1663 5790 1835 5844 Conti-

245 5904 383 5942 nuas
406 5887 520 5940 illas
547 5886 860 5944 altlictioncs
907 5885 1152 5955 levesque
1175 5884 1290 5940 illas
1312 5883 1619 5941 habeamus.
1649 5882 1834 5938 Vidisti

1416 457 1570 533 CAP.
1615 459 1726 514 VII.
1769 458 2012 516 GENES.
2057 459 2286 515 llOMIL.
2334 460 2503 514 XXV.

3443 464 3545 520 226

1949 571 2217 641 quomodo
2255 587 2404 628 amor
2434 572 2486 627 in
2517 573 2681 628 Deum
2705 582 3022 645 gravitatem
3051 573 3414 630 molestiarum
3442 576 3544 632 im-

1947 663 2166 730 minuit,
2196 680 2369 734 neqne
2408 665 2534 720 sinit
2565 675 2622 720 ut
2648 665 2757 721 ullo
2786 681 2972 721 earum
3011 680 3171 720 sensu
3201 667 3545 725 afﬁciantur?

1957 754 2100 811 Sane
2129 756 2200 810 ob
2230 757 2332 812 hoc
2374 769 2425 812 et
2462 759 2648 813 beatus
2693 759 2782 814 ille
2819 761 2999 815 omnia
3040 761 3276 814 suaviter
3303 760 3504 815 ferebat
3528 802 3543 825 ,

1948 855 2130 915 utpote
2158 848 2246 916 qui
2273 848 2376 902 ﬁde
2399 857 2452 902 et
2473 863 2566 918 spe
2595 851 2645 902 iu
2678 849 2844 903 Deum
2879 849 3213 919 pascebatur.
3249 849 3316 904 Et
3339 852 3545 918 clausit,

1948 937 2135 1010 inquit,
2161 937 2408 993 Dominus
2426 939 2564 994 Deus
2582 940 2771 1010 deforis
2793 941 2928 995 illius
2949 958 3140 995 arcam.
3164 943 3249 997 l7.
3266 939 3336 995 Et
3357 945 3547 1014 factum

1947 1039 2021 1083 est
2046 1031 2295 1085 diluvium
2319 1033 2659 1104 quadraginta
2685 1033 2856 1088 diebus
2877 1043 2924 1087 et
2944 1034 3284 1107 quadraginta
3313 1035 3543 1107 noctibus

1945 1134 2098 1190 super
2135 1129 2368 1175 terram:
2394 1131 2441 1181 et
2465 1103 2875 1194 superferebatur
2902 1103 3044 1177 arca.
3079 1103 3309 1180 Attende
3357 1103 3548 1180 iterum

1947 1212 2214 1280 quomodo
2245 1216 2548 1284 narratione
2597 1223 2787 1286 augeat
2836 1225 3138 1282 terrorem,
3190 1225 3244 1271 et
3288 1226 3542 1286 aggravet

1947 1300 2164 1355 factum.
2195 1300 2410 1357 Factum
2431 1315 2501 1358 est
2523 1305 2685 1370 enim,
2722 1306 2909 1375 inquit,
2935 1306 3179 1359 diluvium
3209 1307 3547 1378 quadraginta

1944 1391 2120 1445 diebus
2147 1408 2195 1446 et
2225 1395 2564 1463 quadraginta
2592 1396 2815 1450 noctibus
2836 1439 2850 1460 ,
2876 1398 3193 1466 muliplicata
3222 1407 3294 1451 est
3319 1415 3471 1468 aqua,
3497 1408 3544 1451 et

1945 1481 2148 1534 elevavit
2189 1498 2392 1548 arcum,
2421 1494 2465 1537 et
2495 1486 2716 1538 exultem
2751 1496 2824 1540 est
2857 1503 2888 1539 a
2918 1496 3072 1542 terra.
3120 1487 3206 1542 18.
3235 1486 3302 1540 Et
3333 1489 3544 1543 invaluit

1944 1587 2093 1641 aqua,
2126 1585 2172 1625 et
2199 1574 2537 1644 multiplicata
2566 1587 2636 1630 cst
2657 1576 2802 1631 valde
2825 1593 2976 1646 super
3008 1588 3215 1645 (errant,
3247 1588 3293 1632 et
3320 1581 3538 1650 superfe-

1943 1662 2145 1716 rebatur
2172 1680 2293 1717 arca
2319 1681 2470 1733 super
2493 1681 2703 1735 aquam;
2749 1668 2835 1722 i9.
2862 1685 2996 1739 aqua
3022 1681 3192 1723 autem
3211 1669 3543 1726 iiwalcscibat

1942 1751 2090 1807 ualde
2129 1754 2442 1808 vehementer
2466 1772 2619 1824 super
2645 1766 2851 1810 terram.

2022 1843 2074 1899 6.
2120 1845 2254 1900 Vide
2283 1847 2554 1916 quomodo
2574 1847 2858 1918 diligenter
2886 1857 3070 1904 narrat
3099 1865 3343 1920 magnam
3373 1867 3512 1922 aqua

1943 1950 2061 1989 rum
2089 1937 2218 2003 vim,
2245 1945 2300 1991 et
2324 1937 2690 2007 quotidianum
2719 1938 3106 1994 exundantium
3136 1941 3343 1994 illarum
3371 1941 3546 1996 incre-

1941 2035 2204 2081 mentum.
2233 2026 2580 2083 Invalescebat
2606 2029 2750 2105 enim
2792 2047 2925 2100 aqua
2947 2073 2964 2100 ,
2989 2031 3191 2104 inquit,
3223 2032 3371 2087 valde
3405 2035 3549 2088 velte-

1941 2127 2133 2173 menter
2159 2135 2179 2173 :
2205 2128 2253 2174 et
2277 2121 2540 2198 occupavit
2566 2137 2740 2175 omnes
2765 2132 2957 2182 montes
2986 2124 3212 2179 excelsos
3228 2165 3246 2193 ,
3291 2125 3381 2196 qui
3404 2135 3548 2179 erant

1944 2208 2036 2264 sub
2061 2210 2209 2265 cwlo.
2244 2210 2335 2268 20.
2364 2211 2663 2278 Quindecim
2689 2212 2870 2268 cubitis
2899 2214 2949 2267 in
2975 2213 3191 2269 sublime
3216 2217 3443 2270 exaltata
3473 2226 3549 2271 est

1940 2317 2090 2370 aqua,
2121 2312 2170 2356 et
2207 2305 2405 2373 operuit
2436 2320 2610 2359 omnes
2638 2314 2850 2359 montes.
2881 2304 3072 2360 Merito
3101 2304 3371 2362 ordinavit
3396 2307 3547 2363 beni-

1937 2407 2077 2463 gnus
2102 2394 2359 2450 Dominus
2379 2395 2553 2453 claudi
2587 2411 2787 2462 aream,
2819 2406 2872 2450 ut
2898 2413 2968 2452 ne
2998 2395 3200 2453 videret
3221 2397 3399 2467 justus
3427 2417 3548 2471 qua:

1941 2483 2159 2539 ﬁebant.
2205 2486 2339 2540 Nam
2382 2471 2427 2542 si
2457 2503 2558 2542 nos
2586 2497 2706 2558 post
2741 2497 2817 2542 tot
2840 2503 3104 2543 annorum
3134 2506 3415 2545 numerum
3438 2532 3452 2556 ,
3497 2502 3552 2547 ct

1945 2585 2068 2645 post
2095 2584 2170 2630 tet
2196 2576 2394 2631 sarcula
2427 2577 2714 2633 audientes
2742 2560 3021 2633 dumtaxat
3046 2577 3338 2649 Scriptum
3366 2595 3552 2635 narra-

1942 2666 2140 2721 tionem
2175 2679 2320 2722 metu
2361 2677 2413 2723 et
2441 2678 2661 2738 stupore
2705 2669 3030 2738 eorripimur
3060 2687 3076 2725 :
3106 2670 3232 2740 quid
3260 2671 3552 2728 verisimile

1940 2768 2023 2813 est
2043 2758 2246 2828 justum
2289 2759 2435 2812 illum
2483 2759 2651 2814 fuisse
2687 2775 3013 2830 passurum,
3042 2761 3087 2816 si
3131 2759 3349 2832 quidem
3380 2760 3552 2820 oculis

1940 2850 2160 2905 vidisset
2185 2851 2578 2906 intolerabilem
2607 2851 2750 2906 illam
2775 2852 3074 2924 abyssum?
3097 2852 3380 2920 Quomodo
3405 2855 3550 2910 enim

1940 2942 2200 3012 potuisset
2227 2942 2312 2996 vel
2335 2942 2401 2996 ad
2427 2941 2589 2996 breve
2617 2951 2825 3012 tempus
2846 2942 3138 2998 resistere?
3164 2959 3343 2998 annon
3369 2945 3550 3000 statim

1941 3036 2114 3104 primo
2154 3043 2372 3104 aspectu
2414 3033 2700 3089 defecisset
2746 3033 2925 3088 anima
2976 3035 3116 3092 illius
3164 3044 3270 3090 tota
3297 3076 3316 3104 ,
3361 3045 3416 3092 et
3443 3045 3549 3092 tam

1938 3139 2103 3194 grave
2147 3140 2211 3179 ac
2253 3125 2538 3180 molestum
2583 3125 2950 3195 spectaculum
2979 3124 3120 3182 ferre
3151 3126 3284 3181 ultra
3312 3141 3418 3181 non
3459 3141 3554 3196 po-

1942 3216 2128 3269 tuisset
2146 3215 2169 3266 ?
2189 3214 2374 3285 Cogita
2408 3230 2640 3285 namque
2667 3216 2752 3270 hic
2773 3257 2788 3282 ,
2835 3216 3028 3271 dilecte
3051 3259 3067 3284 ,
3115 3216 3387 3288 quomodo
3409 3232 3552 3272 nunc

1939 3321 2060 3360 cuni
2091 3321 2284 3375 parvus
2333 3306 2506 3362 imber
2537 3307 2735 3375 ingruit
2758 3346 2773 3371 ,
2805 3308 2856 3361 in
2887 3322 3088 3377 angore
3117 3324 3302 3364 sumus
3332 3351 3348 3376 ,
3378 3321 3430 3365 et
3477 3309 3545 3366 de

1944 3399 2195 3451 universo
2214 3439 2228 3464 ,
2259 3397 2433 3468 deque
2460 3398 2574 3467 ipsa
2613 3397 3010 3469 quodaminodo
3033 3400 3134 3455 vita
3171 3400 3541 3471 despcramus.

1940 3489 2076 3557 Quid
2119 3491 2276 3560 igitur
2303 3491 2595 3548 verisimile
2635 3501 2752 3547 erat
2788 3493 2991 3562 justum
3025 3493 3170 3548 illum
3214 3504 3340 3549 tunc
3384 3495 3551 3552 fuisse

1942 3596 2242 3650 passurum,
2269 3583 2313 3636 si
2336 3582 2399 3636 ad
2426 3591 2623 3636 tantam
2645 3583 3028 3638 sublimitatem
3052 3585 3273 3641 vidisset
3292 3586 3552 3644 exaltatas

1943 3685 2109 3740 aquas
2135 3673 2157 3723 ?
2181 3670 2353 3740 Super
2379 3682 2573 3726 montes
2600 3673 2742 3726 enim
2763 3715 2776 3740 ,
2813 3673 3013 3744 inquit,
3042 3675 3331 3745 quindecim
3369 3677 3549 3731 cubitis

1942 3762 2162 3815 exaltata
2189 3771 2259 3816 est
2285 3779 2437 3831 aqua.
2471 3764 2773 3818 Recordare
2798 3766 2956 3833 igitur
2987 3766 3072 3820 hic
3095 3808 3110 3831 ,
3140 3766 3337 3822 dilecte
3361 3808 3376 3832 ,
3425 3783 3546 3823 vero

1944 3851 2128 3906 borum
2161 3853 2390 3920 Domini,
2421 3855 2634 3924 quando
2661 3854 2910 3910 diccbat:
2947 3855 3068 3910 Non
3088 3859 3398 3928 permanebit
3423 3859 3550 3929 Spi-

1941 3946 2068 4001 ritus
2091 3963 2231 4000 meus
2259 3947 2310 4000 in
2339 3945 2623 4000 hominibus
2653 3947 2762 4001 istis
2783 3989 2796 4014 ,
2829 3964 2886 4001 eo
2927 3949 3062 4018 quod
3095 3951 3194 4020 ipsi
3217 3960 3333 4004 sunt
3371 3968 3550 4007 carnes

1947 4043 1966 4113 (
1990 4039 2117 4094 Gen.
2152 4041 2201 4095 ϐ.
2227 4040 2262 4094 5
2286 4039 2304 4110 )
2333 4056 2346 4104 ;
2370 4048 2424 4092 rt
2452 4039 2643 4092 iterum
2670 4059 2684 4092 :
2715 4039 2966 4110 Currupla
2997 4052 3069 4096 est
3091 4052 3244 4108 terra,
3268 4053 3314 4097 et
3342 4045 3550 4111 impleta

1942 4142 2013 4187 est
2061 4143 2194 4186 terra
2232 4132 2482 4203 injustltia
2515 4131 2693 4203 (Ibid.
2740 4148 2785 4185 υ.
2828 4134 2951 4205 ii);
2983 4143 3037 4189 et
3060 4175 3076 4200 ,
3115 4134 3252 4190 Vidit
3295 4136 3547 4192 Dominus

1942 4233 2164 4292 terram,
2193 4235 2240 4279 et
2264 4237 2373 4280 erat
2415 4234 2656 4296 corrupta
2689 4241 2709 4276 :
2747 4226 2866 4295 quia
2895 4237 3192 4297 corruperat
3223 4229 3386 4283 omnis
3427 4246 3548 4284 caro

1941 4319 2074 4372 siam
2104 4335 2249 4372 suam
2288 4317 2474 4390 (Ibid.
2519 4335 2569 4372 υ.
2617 4317 2686 4376 12
2714 4318 2757 4390 ).
2811 4319 2995 4389 itaque
3030 4323 3149 4390 quia
3183 4325 3450 4377 communi
3494 4333 3549 4379 et

1945 4409 2145 4479 integra
2175 4409 2544 4478 puriﬁcatione
2571 4411 2718 4465 orbis
2748 4409 3050 4480 indigebat,
3083 4419 3138 4465 et
3166 4425 3300 4481 opus
3323 4422 3440 4468 erat
3479 4414 3549 4468 ab

1943 4517 2007 4558 eo
2027 4518 2238 4557 onmem
2262 4503 2524 4557 maculam
2551 4501 2716 4571 ablui,
2742 4511 2795 4558 et
2818 4518 2978 4558 omne
3004 4503 3321 4559 fermentum
3353 4507 3547 4574 prioris

1944 4596 2159 4651 malitia:
2187 4596 2417 4660 sustolli,
2448 4605 2501 4651 et
2540 4610 2714 4666 neque
2739 4596 3016 4666 vestigium
3050 4597 3264 4650 malitia:
3289 4598 3544 4668 relinqui,

1943 4688 2038 4742 sed
2065 4689 2214 4758 quasi
2243 4688 2629 4743 elementorum
2663 4688 3060 4743 renovationem
3082 4689 3366 4760 quamdam
3387 4688 3502 4744 ﬁeri
3526 4708 3540 4744 :

1942 4780 2078 4835 sicut
2104 4779 2275 4835 bonus
2300 4779 2511 4847 artifex,
2544 4780 2589 4835 si
2619 4779 2833 4850 quando
2858 4780 2997 4834 videt
3031 4793 3125 4833 vas
3153 4779 3366 4849 aliquod
3396 4784 3547 4838 inve.

1945 4877 2174 4926 teratum
2195 4885 2224 4924 τι
2243 4869 2486 4943 rubigine
2505 4870 2656 4940 quasi
2677 4869 2940 4936 consumi,
2965 4868 3163 4938 injecto
3182 4884 3248 4926 eo
3271 4870 3322 4925 iu
3343 4871 3540 4942 ignem,

1945 4964 1995 5020 id
2019 4975 2162 5020 curat
2189 4975 2244 5018 ut
2261 4963 2516 5035 quidquid
2545 4963 2705 5018 habet
2734 4962 2993 5034 rubiginis
3015 4961 3269 5032 deponat,
3290 4973 3346 5019 et
3367 4973 3540 5020 trans-

1943 5055 2229 5112 furmatum
2263 5058 2313 5111 in
2346 5056 2624 5126 pristinum
2655 5055 2902 5134 decorem
2937 5054 3156 5110 reducat
3197 5061 3210 5110 ':
3251 5057 3323 5112 ita
3353 5066 3408 5112 et
3443 5060 3543 5114 Do-

1941 5149 2118 5204 minus
2144 5156 2328 5202 noster
2353 5155 2524 5200 totum
2551 5148 2734 5215 orbem
2760 5147 2860 5201 hoc
2885 5147 3088 5201 diluvio
3117 5150 3359 5220 purgavit
3377 5191 3393 5216 ,
3421 5160 3475 5206 et
3504 5166 3535 5205 a

1942 5239 2139 5295 malitia
2164 5238 2461 5299 hominum,
2493 5246 2551 5290 ut
2580 5237 2650 5291 ita
2678 5238 2871 5299 dicam,
2901 5246 2954 5293 et
2985 5254 3013 5292 a
3036 5240 3470 5310 coinquinatione
3491 5251 3546 5299 et

1941 5331 2282 5398 corruptione
2305 5329 2465 5383 multa
2490 5328 2756 5394 liberavit,
2780 5337 2834 5383 et
2853 5329 3031 5385 denuo
3051 5331 3166 5401 ejus
3190 5332 3434 5386 restituta
3467 5333 3544 5388 fa-

1940 5424 2042 5487 cie,
2065 5420 2420 5491 pulchriorem
2455 5419 2597 5484 fecit,
2623 5419 2691 5472 ita
2723 5427 2780 5472 ut
2808 5433 2913 5474 non
2936 5421 3241 5490 permiserit
3261 5423 3345 5477 vel
3376 5425 3542 5477 vesti-

1939 5515 2080 5584 gium
2115 5512 2304 5582 prioris
2325 5510 2676 5566 deformitatis
2696 5511 2946 5581 relinqui.
2971 5512 3212 5569 Exaltata
3233 5523 3320 5581 est,
3354 5515 3542 5584 inquit,

1939 5622 2090 5675 super
2115 5614 2302 5658 montes
2322 5604 2606 5674 quindecim
2634 5603 2814 5658 cubitis
2842 5620 2993 5673 aqua.
3018 5605 3131 5659 Non
3159 5605 3255 5660 abs
3277 5620 3333 5661 re
3365 5617 3544 5661 narrat

1945 5699 2056 5752 lucc
2087 5696 2360 5766 Scriptura
2383 5739 2398 5762 ,
2426 5696 2520 5752 sed
2551 5707 2604 5751 ut
2627 5695 2894 5752 discamus
2930 5712 3036 5751 non
3076 5699 3247 5752 solum
3277 5698 3543 5763 homines,

1936 5791 2177 5857 jnmcnta
2196 5831 2209 5853 ,
2239 5789 2636 5860 quadrupedes,
2667 5789 2874 5859 rrplilia
2903 5789 3179 5844 submersa
3211 5789 3374 5846 fuisse
3398 5831 3415 5856 ,
3445 5793 3540 5846 sed

1944 5894 1994 5939 ct
2019 5885 2262 5940 volucres
2280 5885 2421 5952 cali,
2446 5893 2499 5941 et
2519 5897 2867 5953 quantumque
2889 5881 2939 5937 in
2969 5883 3239 5940 montibus
3252 5877 3545 5955 degebant.
