4080 6480
621 429 720 484 ω

615 547 754 600 ferae
777 539 918 608 dico,
947 541 1122 598 etalio
1142 542 1292 596 bruta
1318 543 1583 598 animalia.
1609 540 1810 598 Idcirco
1837 541 1964 598 dicit
1985 557 2006 597 :
2028 538 2160 598 Eni
2175 569 2188 581 υ

1354 429 1411 486 8.
1451 427 1725 486 JOANNIS
1750 421 2220 486 cunmm
2272 421 2586 484 ARCIIIEP.
2618 424 3150 485 CONSTANTINOP.

3764 432 3868 493 ω

2299 537 2462 604 tiam,
2499 539 2718 608 justiti:
2763 540 3029 612 vigorem,
3072 540 3193 597 iidei
3231 541 3868 613 escelleutiam_;'deiade

617 646 726 686 tota
745 639 828 686 est
841 646 993 702 super
1011 643 1199 687 mentea
1223 627 1500 704 quindecim
1527 629 1704 686 curitis
1730 649 1861 702 aqua
1887 649 1906 687 :
1935 641 1992 688 ut
2014 631 2192 697 diatas
2294 642 2487 699 magna
2513 645 2633 685 cum
2662 629 2900 687 ubertate
2923 642 3242 703 assequutus
3260 642 3342 689 est
3367 648 3431 689 ea
3453 648 3572 705 quo
3596 649 3630 690 a
3647 634 3870 694 Domino

609 723 929 778 sententiam
965 721 1179 778 Domini
1211 739 1377 793 opere
1409 724 1719 794 impletatn;
1758 724 1967 780 dixerat
2004 724 2187 782 enim:

610 809 790 868 Adhuc
815 822 1002 885 septem
1024 810 1132 866 dies
1151 856 1170 882 ,
1200 823 1247 869 et
1271 814 1505 869 inducant
1523 813 1766 869 diluvium
1791 831 1943 885 super
1968 823 2187 876 terrm,

611 921 658 966 et
689 905 862 966 eam
881 911 1075 967 omnem
1101 906 1452 971 Munatium,
1479 921 1629 977 quam
1654 905 1780 974 feci,
1807 921 1840 958 α
1861 904 2186 971 facium,

610 1002 672 1056 ιο
698 1001 1073 1071 Δοκῶν-αισα
1097 1001 1168 1055 ad
1189 1013 1359 1072 mea,
1382 1006 1430 1051 et
1453 1013 1486 1050 ο
1505 995 1765 1064 reptilibus
1785 993 2025 1066 usquead
2045 995 2188 1048 sota-

611 1093 719 1147 tit‘itt
738 1092 886 1165 ωδ(
911 1093 1040 1149 Gai.
1069 1095 1124 1152 7.
1151 1091 1248 1162 Δ).
1279 1091 1406 1147 liae
1435 1090 1587 1146 nobis
1611 1103 1640 1142 a
1665 1088 1939 1158 scriptura
1965 1099 2187 1142 narran-

609 1194 694 1238 tur
715 1223 731 1249 ,
764 1199 869 1240 non
897 1193 1099 1240 tanta
1129 1191 1188 1239 ut
1224 1182 1454 1238 sciamus
1477 1180 1537 1235 in
1565 1189 1815 1251 quantam
1855 1177 2186 1235 altitudinem

606 1287 759 1344 aqua:
784 1276 1116 1344 pervenerint
1141 1293 1156 1329 :
1181 1273 1272 1329 sed
1295 1282 1353 1327 ut
1376 1272 1534 1326 simul
1557 1272 1827 1328 videamus
1846 1270 2044 1325 nullam
2067 1283 2185 1344 om:

608 1367 735 1420 nino
761 1365 978 1432 animal,
1015 1366 1093 1422 vel
1121 1366 1306 1427 ferunt,
1333 1364 1414 1417 vel
1443 1363 1740 1433 jumentum
1762 1361 2008 1418 relictum
2029 1374 2180 1426 esse.

606 1456 696 1510 sed
725 1458 897 1511 omnia
923 1470 1044 1513 cum
1069 1455 1302 1511 humano
1331 1469 1526 1525 genere
1549 1454 1745 1509 deleta.
1774 1453 2031 1521 Quoniam
2059 1467 2185 1524 pro-

608 1557 723 1617 pter
743 1549 911 1617 ipsum
934 1550 1110 1604 omnia
1137 1548 1389 1618 producta
1420 1555 1590 1611 erant,
1613 1538 1734 1601 inde
1752 1547 2014 1602 abolendo
2038 1561 2179 1606 eum.

611 1642 799 1696 merito
827 1653 874 1696 et
913 1640 1025 1697 haec
1053 1638 1315 1695 abolenda
1346 1628 1520 1692 erant?
1547 1637 1732 1692 Postea
1764 1636 1848 1690 ubi
1879 1636 2058 1691 docuit
2085 1651 2182 1694 nos

608 1731 658 1783 in
689 1743 937 1800 quamam
982 1731 1310 1784 altitudinem
1341 1728 1635 1783 accreverit
1667 1742 1924 1794 aquarum
1962 1738 2179 1796 natura,

605 1835 793 1887 nempe
815 1823 952 1890 quod
975 1821 1075 1874 alta
1097 1821 1359 1875 montium
1379 1819 1651 1873 cacumina
1674 1816 1971 1888 quindecim
1993 1818 2183 1874 cubitis

607 1904 1017 1969 transcenderit,
1031 1904 1243 1960 solitam
1257 1920 1413 1962 suam
1423 1905 1755 1980 diligentiam
1773 1913 1990 1963 servans
2015 1909 2141 1964 dicit
2165 1928 2178 1962 :

601 2000 689 2050 2i.
739 1997 799 2052 Et
838 2009 1034 2054 mortua
1073 1998 1327 2054 estomnir
1366 2015 1483 2051 caro
1509 2041 1522 2064 ,
1548 2013 1658 2063 qua
1703 2000 1995 2052 inore-batur
2035 2015 2184 2071 super

603 2099 810 2155 terram,
841 2090 1118 2143 volatiliunt
1141 2131 1156 2155 ,
1179 2099 1223 2142 et
1243 2090 1610 2157 juntcntorurn,
1637 2098 1686 2141 et
1724 2093 1945 2160 ferarum
1971 2100 2018 2143 et
2036 2104 2184 2144 omne

603 2183 778 2251 reptile
814 2182 948 2251 quod
985 2181 1267 2234 movebatur
1293 2193 1442 2245 super
1464 2190 1646 2230 terram
1669 2219 1684 2242 ,
1717 2189 1763 2231 et
1787 2177 1949 2233 omnis
1991 2179 2140 2232 homo
2162 2221 2177 2246 ,

600 2272 686 2326 2‘2.
711 2280 755 2325 et
775 2272 942 2325 munia
963 2287 1073 2339 qua
1093 2272 1272 2323 habent
1290 2273 1526 2328 spiritum
1545 2269 1674 2333 vita,
1695 2278 1739 2321 et
1760 2271 2058 2338 quicumque
2075 2279 2180 2322 erat

607 2381 758 2430 super
792 2363 989 2416 aridam
1009 2405 1023 2427 ,
1067 2373 1290 2414 mortuus
1319 2371 1407 2413 (si.
1445 2359 1624 2429 Neque
1652 2358 1752 2412 hoc
1782 2359 2092 2429 simpliciter
2128 2369 2181 2416 et

599 2455 797 2523 absque
821 2467 978 2508 causa
1009 2453 1140 2507 dixit
1171 2471 1182 2506 :
1219 2450 1282 2502 Et
1313 2452 1472 2502 omnis
1501 2453 1583 2518 qui
1625 2453 1730 2504 erat
1761 2467 1912 2518 super
1939 2455 2134 2506 aridam
2164 2468 2180 2504 :

601 2544 692 2599 scd
719 2555 776 2598 ut
802 2553 852 2598 te
876 2544 1065 2598 doceat
1083 2557 1267 2597 omnes
1288 2542 1498 2612 quidem
1521 2542 1762 2609 periisse,
1776 2531 1975 2612 justum
2007 2554 2180 2598 autem

598 2638 770 2691 solum
809 2651 926 2691 cum
967 2635 1210 2691 omnibus
1251 2635 1316 2690 iis
1346 2638 1432 2704 qui
1477 2637 1526 2688 in
1558 2649 1676 2690 arca
1721 2645 1870 2692 erant
1913 2648 2180 2692 servatum

604 2743 742 2783 esse.
788 2725 919 2782 Nam
949 2727 1035 2781 isti
1065 2725 1351 2782 secundum
1395 2726 1696 2779 mandatum
1729 2726 1934 2782 Domini
1955 2768 1969 2792 ,
1999 2729 2181 2782 relicta

597 2820 768 2885 arida,
797 2834 975 2874 arcam
1003 2817 1442 2874 conscenderant.
1470 2819 1556 2871 25.
1593 2816 1660 2872 Et
1695 2817 1869 2872 delevit
1899 2834 2044 2876 omne
2069 2835 2178 2872 sur-

595 2928 718 2984 gens
756 2911 887 2979 quod
909 2919 1017 2963 erat
1055 2925 1205 2980 super
1228 2908 1407 2979 faciem
1459 2907 1620 2962 omnia
1659 2903 1843 2973 teme,
1888 2907 1949 2960 ab
1982 2908 2186 2963 nomine

597 3017 749 3071 usque
767 3002 833 3054 ad
854 3016 1023 3071 pecus,
1045 3009 1090 3052 et
1111 2999 1330 3068 reptiiia,
1351 3009 1394 3051 ct
1418 2997 1640 3051 volatilia
1659 2996 1793 3062 ατε,
1812 3007 1862 3051 et
1883 2998 2046 3053 deleta
2063 3008 2182 3053 sunt

602 3096 668 3147 de
694 3105 847 3149 terra.
880 3091 1010 3146 Vide
1037 3090 1301 3162 quomodo
1324 3101 1373 3145 et
1402 3090 1564 3143 semel
1593 3098 1648 3144 et
1677 3089 1868 3144 iterum
1895 3097 2052 3159 atque
2072 3105 2176 3146 ste-

600 3187 717 3255 pius
757 3197 1095 3240 communem
1137 3182 1371 3236 omnium
1417 3181 1686 3235 interitum
1727 3176 1914 3235 doceat
1956 3180 2182 3245 factum,

599 3283 652 3328 et
679 3274 818 3346 quod
849 3272 977 3328 nihil
1007 3271 1294 3327 viventium
1320 3269 1596 3340 ell‘ugerit,
1629 3270 1721 3325 sed
1751 3269 1850 3326 sub
1878 3270 2030 3339 aquis
2075 3269 2182 3325 suf-

599 3365 826 3420 focatum
841 3366 910 3417 sit
925 3377 1082 3418 omne
1102 3371 1206 3416 tam
1224 3361 1518 3424 hominum,
1533 3360 1980 3431 quambrutorum
1995 3375 2179 3432 genus.

603 3456 667 3511 Et
685 3457 885 3511 relictus
905 3465 995 3519 est,
1022 3454 1209 3524 inquit,
1236 3454 1371 3506 solus
1403 3451 1533 3516 Noe,
1558 3460 1606 3504 et
1627 3451 1713 3520 qui
1732 3467 1843 3504 ram
1863 3451 1953 3505 illo
1970 3453 2020 3505 in
2041 3467 2178 3505 arca.

597 3551 688 3606 24.
723 3548 786 3603 Et
815 3547 1036 3604 mittito
1069 3557 1140 3601 est
1171 3562 1302 3615 aqua
1327 3559 1479 3614 super
1501 3554 1685 3598 terram
1709 3552 1905 3596 centum
1934 3545 2184 3610 quimma-

598 3642 738 3712 ginta
765 3637 958 3699 diebus.
987 3637 1088 3691 Tot
1115 3637 1304 3691 diebus
1327 3675 1340 3698 ,
1373 3635 1573 3703 inquit,
1602 3631 1805 3687 mansit
1833 3633 2072 3687 sublimis
2100 3634 2182 3688 illa

599 3745 852 3800 aquarum
881 3727 1121 3782 altitudo.
1156 3726 1348 3780 itentm
1399 3727 1554 3780 etiam
1590 3724 1673 3778 hic
1713 3727 1879 3794 cogita
1903 3724 2029 3793 justi
2067 3739 2182 3778 ma-

597 3823 1006 3894 gnanimitatem
1038 3829 1092 3874 et
1123 3819 1471 3874 excellentem
1500 3816 1884 3871 fortitudinem.
1910 3817 2044 3882 Quid
2079 3831 2183 3870 non

607 3928 796 3984 passus
821 3919 902 3966 cst
927 3911 1104 3971 animo
1128 3909 1435 3979 concipiens
1456 3949 1470 3971 ,
1503 3922 1564 3962 ac
1592 3908 1973 3976 propemodum
2008 3917 2184 3962 mente

605 4004 784 4059 videns
809 4017 1032 4073 corpora
1067 4002 1336 4054 hominum
1368 4009 1416 4053 ct
1441 3999 1825 4066 jtnnentorum,
1864 3999 2182 4054 mundorum

599 4106 654 4150 ct
683 4094 1072 4148 immundorunt
1095 4135 1108 4158 ,
1132 4106 1462 4146 communem
1492 4099 1717 4146 mortem
1746 4091 2057 4145 sustinentia
2079 4133 2093 4157 ,
2124 4101 2179 4145 et

604 4186 766 4240 simul
788 4183 1073 4240 commixta
1097 4223 1113 4248 ,
1148 4181 1456 4251 nullumque
1501 4180 1552 4235 in
1581 4181 1828 4235 omnibus
1854 4179 2185 4236 discrimen?

608 4279 890 4343 Praeterea,
913 4275 1039 4346 quid
1065 4287 1251 4344 passus
1271 4285 1371 4337 eSt,
1395 4272 1605 4342 quando
1628 4272 1765 4343 apud
1789 4288 1844 4327 se
1865 4273 2186 4342 recngitabat

604 4366 964 4429 solitudinem,
987 4365 1306 4429 vastitatem,
1321 4363 1480 4416 vitam
1499 4363 1640 4416 illam
1663 4361 1930 4417 doloribus
1949 4364 2181 4431 plenam,

605 4459 748 4514 omni
762 4457 948 4511 solatio
961 4453 1187 4524 undique
1199 4454 1497 4508 destitutam
1537 4467 1705 4523 neque
1717 4453 2001 4523 colloquio,
2015 4469 2184 4526 neque

606 4559 819 4620 aspectu
843 4547 1127 4618 jucundam
1152 4561 1302 4601 :cttm
1336 4561 1440 4599 non
1471 4546 1626 4615 plane
1653 4545 1810 4598 sciret
1829 4555 2025 4615 quanto
2048 4557 2182 4600 tem-

608 4656 733 4712 pore
753 4639 967 4694 ferenda
989 4646 1131 4694 esset
1161 4636 1248 4691 illa
1278 4638 1329 4690 iu
1363 4651 1575 4690 carcere
1600 4636 1738 4689 vita?
1765 4635 2022 4702 Quamdiu
2045 4639 2184 4692 enim

606 4733 856 4802 strepitus
878 4744 1152 4798 aquarum,
1171 4737 1224 4783 et
1238 4736 1398 4782 azstus
1422 4739 1595 4790 erant,
1618 4730 1857 4787 timorem
1877 4726 1926 4780 in
1947 4727 2035 4782 illo
2049 4741 2184 4797 quo-

608 4826 734 4886 tidie
759 4831 1091 4879 crescentem
1123 4818 1463 4891 generabant.
1515 4816 1651 4884 Quid
1678 4818 1816 4871 enim
1847 4817 2063 4886 jucundi
2089 4833 2181 4872 su-

608 4917 800 4988 spicari
828 4916 941 4985 ipse
966 4923 1190 4983 poterat,
1215 4913 1302 4982 qui
1334 4910 1544 4965 videbat
1571 4919 1780 4963 centum
1810 4909 2184 4980 quinquaginta

609 5010 724 5064 dies
749 5020 911 5077 aquas
933 5010 986 5060 in
1005 5004 1190 5059 eadem
1216 5004 1365 5071 copia
1381 5000 1688 5063 manentes.
1717 5002 1841 5056 etin
1871 5002 2034 5056 altum
2059 5002 2183 5055 sub-

610 5101 740 5153 latas
781 5112 848 5152 ne
889 5095 1160 5150 minimum
1199 5093 1410 5164 quidem
1443 5091 1762 5146 subsidere?
1805 5089 2181 5146 Verumtamen

611 5190 812 5244 ferebat
859 5188 1106 5251 fortiter,
1149 5187 1325 5241 sciens
1353 5183 1563 5238 Domini
1605 5182 2040 5268 omqipotentiam
2066 5224 2083 5246 ,
2123 5194 2180 5238 et

609 5283 782 5350 ipsum
832 5289 1017 5348 utpote
1058 5275 1395 5331 Conditorem
1445 5282 1646 5328 natura:
1693 5275 1865 5326 omnia
1896 5289 1992 5342 pro
2035 5274 2182 5327 Iibito

612 5375 804 5436 iacere,
828 5381 880 5426 ct
907 5369 1301 5434 transfortnare,
1328 5382 1494 5435 neque
1517 5380 1655 5434 agre
1686 5363 1885 5418 ferebat
1915 5365 2051 5432 quod
2077 5365 2181 5420 illic

611 5474 750 5518 esset
798 5460 1131 5516 versandum.
1182 5457 1310 5511 Nam
1363 5457 1452 5510 Dci
1495 5455 1661 5525 gratia
1713 5454 1991 5508 roborabat
2042 5454 2182 5509 illius

611 5552 954 5610 alacritatem,
979 5556 1033 5602 et
1057 5545 1405 5604 subicientem
1435 5543 1701 5614 pt-mbebat
1727 5543 2141 5598 consolationem
2164 5585 2180 5610 ,

615 5641 1015 5712 neque'sinebat
1056 5642 1162 5696 labi
1187 5647 1418 5692 mentem
1445 5678 1459 5698 .
1503 5646 1555 5689 et
1584 5636 1818 5704 cogitare
1857 5635 2052 5704 aliquid
2094 5646 2183 5688 aut

612 5748 795 5805 parum
825 5732 996 5796 virile,
1041 5743 1129 5786 aut
1153 5733 1327 5785 minus
1350 5742 1686 5800 generosum.
1720 5727 1848 5794 Quia
1873 5728 2010 5780 enim
2039 5726 2183 5795 prius

616 5827 754 5904 quod
791 5839 943 5880 suum
971 5832 1084 5878 erat
1122 5821 1432 5877 adhibuerat
1459 5865 1471 5887 ,
1500 5836 1692 5890 ncmpc
1723 5821 1926 5874 virtuti:-
1958 5821 2178 5889 diligen-

2291 720 2762 788 auppedilabantur
2782 721 3070 787 {nimirum
3101 723 3408 793 patientiam
3423 765 3438 789 ,
3466 723 3826 783 fortitudinem
3844 769 3862 785 .

2291 805 2597 868 facultatem
2639 812 2814 868 omnia
2866 824 3144 870 manatiete
3192 815 3437 882 ferendi,
3468 817 3867 892 “inertique

2291 908 2430 952 area:
2449 897 2884 958 iababitationem
2907 902 3039 958 citra
3063 903 3244 960 deum
3259 905 3727 978 corruptio-ianque
3745 923 3864 966 ses-

2288 1000 2428 1056 sum,
2455 1004 2638 1061 neque
2651 991 2938 1063 bestiarum
2955 995 3259 1052 convictum
3288 997 3615 1056 fastidia-di.

2370 1079 2423 1134 7.
2465 1079 2681 1138 lentis
2701 1083 3386 1158 exhortationinam
3415 1089 3864 1162 gutianiﬂbui

2288 1179 2439 1238 agere
2463 1184 2749 1241 pausantes.
2767 1203 2839 1214 —
2858 1172 3008 1231 Illum
3029 1176 3186 1247 igitur
3206 1177 3408 1248 justum
3426 1219 3443 1245 ,
3467 1179 3714 1246 obeam
3740 1181 3861 1238 imi-

2291 1266 2470 1314 temur
2502 1269 2559 1317 et
2598 1277 2728 1328 nos,
2751 1279 3076 1336 operamque
3097 1266 3302 1336 detaut,
3329 1276 3388 1325 ut
3425 1268 3710 1327 alet-alnus
3747 1287 3864 1343 qua

2291 1363 2468 1407 nostra
2495 1365 2618 1410 sunt
2637 1396 2651 1420 ,
2681 1365 2737 1410 ut
2776 1355 2964 1427 dignos
3002 1373 3104 1414 nos
3129 1360 3276 1430 ipsas
3322 1377 3568 1433 paremus
3601 1364 3667 1422 iis
3688 1380 3811 1437 qua:
3832 1383 3864 1420 ι

2287 1441 2400 1497 Deo
2423 1441 2634 1498 dantur.
2665 1445 2792 1500 Nam
2833 1448 3028 1504 idcirco
3053 1459 3325 1520 exspectat
3347 1455 3652 1512 occasione
3677 1471 3746 1518 ex
3771 1473 3868 1512 no-

2292 1533 2406 1603 bis,
2443 1545 2504 1590 ut
2567 1540 2784 1594 multam
2830 1541 3081 1598 eabibcat
3124 1541 3517 1602 liberalitatem.
3571 1548 3750 1620 Itaque
3797 1566 3864 1605 ne

2289 1637 2507 1699 propter
2535 1629 2791 1687 desidiam
2820 1635 3085 1702 privemus
3112 1652 3210 1692 nos
3234 1638 3378 1700 illius
3395 1639 3572 1708 donis,
3591 1641 3690 1696 sed
3715 1641 3864 1698 festi-

2287 1733 2476 1777 nemus
2500 1732 2556 1778 et
2577 1739 2860 1792 urgeamus
2883 1767 2896 1786 .
2933 1737 2988 1780 ut
3018 1728 3332 1798 principium
3366 1731 3864 1804 appret-ndustria.

2287 1822 2342 1869 et
2367 1815 2503 1869 viam
2531 1831 2650 1887 qua:
2674 1817 2740 1871 ad
2769 1817 3013 1872 virtutem
3060 1820 3261 1875 inducit
3290 1838 3306 1874 :
3340 1832 3397 1878 ut
3428 1838 3662 1894 superno
3702 1827 3868 1896 adjuti

2286 1905 2543 1972 subsidio,
2567 1909 2730 1962 etiam
2752 1907 2818 1963 ad
2846 1908 3006 1964 linem
3045 1914 3322 1980 pervenire
3351 1915 3642 1971 valeamus.
3680 1916 3894 1998 Nequa,

2287 1999 2426 2054 enim
2445 2000 2696 2070 possibile
2722 2013 2804 2057 est
2824 2002 3020 2058 bonum
3047 2005 3258 2076 aliquod
3280 2022 3374 2064 nos
3407 2019 3552 2066 recte
3577 2026 3738 2082 agere
3757 2029 3862 2070 nos

2286 2087 2498 2158 adiutos
2523 2083 2751 2161 superna
2777 2094 2969 2161 gratia.
2995 2093 3156 2164 Igitur
3187 2097 3318 2150 tales
3343 2099 3529 2166 simus,
3550 2101 3639 2170 qui
3665 2115 3867 2171 appen-

2284 2179 2473 2236 damus
2497 2196 2595 2236 nos
2623 2183 2673 2236 in
2699 2198 2849 2253 spem
2869 2199 2987 2253 qua:
3017 2187 3069 2240 in
3097 2186 3260 2242 Deum
3290 2199 3392 2256 est,
3411 2191 3560 2260 quasi
3587 2193 3639 2246 in
3668 2193 3866 2248 ancho-

2287 2285 2398 2326 ram
2423 2273 2652 2340 aliquam
2687 2281 2848 2328 tutam
2874 2286 2927 2331 et
2952 2277 3227 2343 stabilem,
3260 2288 3313 2333 et
3356 2293 3422 2334 ne
3468 2280 3536 2335 ad
3580 2283 3818 2337 laborem
3851 2289 3866 2316 ‘

2286 2361 2494 2416 virtutis
2511 2363 2858 2432 respiciamus
2875 2404 2888 2429 ,
2919 2363 3012 2418 sed
3038 2366 3436 2423 considerantes
3463 2371 3867 2426 rezributionem

2286 2465 2404 2518 quae
2436 2451 2668 2507 laborem
2697 2455 2956 2522 sequitur,
2987 2455 3175 2511 leviter
3197 2458 3374 2512 omnia
3397 2456 3648 2515 feramus.
3683 2461 3865 2533 Siqui-

2286 2541 2406 2596 dem
2435 2543 2752 2612 negotiator,
2782 2545 2824 2598 si
2849 2547 3062 2614 quando
3090 2559 3155 2601 ea
3194 2557 3351 2616 portu
3387 2563 3632 2620 egressus
3669 2552 3722 2606 in
3755 2569 3867 2610 ωε-

2286 2631 2430 2688 dium
2453 2637 2612 2689 maris
2642 2636 2885 2703 venerit,
2919 2651 3023 2692 non
3041 2637 3150 2706 jam
3176 2639 3548 2708 piratam—mon
3574 2644 3864 2715 naufragia,

2286 2740 2390 2779 non
2415 2728 2644 2780 marinas
2664 2728 2888 2794 beliuas,
2920 2743 3024 2783 non
3052 2739 3330 2786 ventorum
3358 2733 3629 2799 incursus,
3649 2745 3704 2790 et
3734 2752 3866 2791 eon-

2289 2817 2465 2871 tinuas
2485 2829 2844 2887 tempestates,
2867 2828 2920 2875 et
2941 2823 3106 2876 multa
3123 2822 3406 2877 infortunia
3434 2824 3629 2896 cngitat
3657 2828 3832 2881 solum
3853 2870 3869 2893 ,

2287 2907 2380 2962 sed
2407 2908 2565 2962 etiam
2615 2910 2758 2964 lucra
2783 2911 2904 2966 sibi
2949 2913 3276 2978 obventura,
3305 2929 3425 2970 eum
3452 2915 3540 2970 illa
3579 2917 3868 2988 eﬂ'uger.t:

2287 3011 2491 3068 speque
2517 2997 2703 3066 fultus,
2729 3014 2916 3056 omnes
2942 3002 3222 3072 praedictas
3245 3017 3514 3060 mramnas
3541 3006 3691 3062 facile
3719 3011 3869 3069 επὶ.

2289 3087 2385 3157 pit,
2417 3098 2473 3143 ut
2495 3092 2662 3145 auctis
2690 3091 2882 3160 opibus
2916 3092 3026 3146 suis
3060 3091 3275 3148 domum
3303 3094 3509 3150 redeat.
3539 3096 3606 3152 Et
3635 3100 3868 3168 agri-02a

2291 3193 2396 3233 non
2426 3180 2759 3249 agriculturae
2780 3188 2982 3236 tantum
3007 3181 3219 3237 labores
3245 3185 3463 3252 cogitat,
3488 3197 3541 3240 et
3567 3187 3785 3251 imbres,
3819 3200 3869 3243 et

2290 3279 2448 3324 terra:
2488 3271 2821 3326 sterilitatem
2847 3287 2958 3339 ,ac
3001 3272 3263 3344 rubiginis
3302 3275 3607 3343 incursum,
3639 3278 3868 3334 locusta-

2289 3373 2513 3430 runtque
2558 3359 2783 3430 "damna,
2809 3362 2904 3418 sed
2950 3373 3004 3419 et
3053 3378 3230 3420 aream
3259 3374 3312 3422 et
3347 3369 3648 3438 manipulos
3687 3372 3866 3428 animo

2288 3463 2470 3505 secum
2509 3449 2855 3521 describens,
2881 3453 3090 3510 fortiter
3112 3455 3214 3512 fert
3239 3459 3452 3526 omnia,
3483 3469 3538 3515 et
3565 3477 3672 3530 pra:
3709 3463 3864 3518 bono-

2289 3555 2408 3595 rum
2456 3545 2854 3612 easpectatione
2901 3560 3074 3616 neque
3121 3546 3333 3604 labores
3372 3550 3538 3606 sentit
3577 3568 3588 3603 :
3625 3556 3868 3621 quamvis

2290 3634 2460 3690 incert
2477 3655 2505 3688 te
2531 3652 2657 3704 spes
2693 3639 2820 3704 sint,
2845 3649 3206 3696 verumtamen
3237 3656 3332 3711 spe
3361 3642 3567 3698 meliori
3609 3647 3864 3714 pascitur,

2290 3740 2388 3781 nec
2415 3728 2683 3782 renuntiat
2718 3730 2988 3785 laboribus
3007 3771 3022 3797 ,
3049 3731 3143 3786 sed
3170 3731 3347 3788 omnia
3381 3749 3502 3804 quae
3529 3735 3596 3791 ad
3620 3751 3681 3792 se
3709 3742 3865 3808 perti-

2289 3829 2418 3872 nent
2442 3817 2669 3873 affcrens
2693 3860 2708 3885 ,
2737 3831 3016 3892 exspectat
3054 3831 3110 3877 ut
3138 3823 3419 3895 aliquando
3450 3825 3689 3883 laborum
3718 3833 3858 3886 acci-

2290 3909 2398 3977 piat
2425 3911 2720 3966 mereedes.
2754 3912 2816 3965 Et
2841 3913 2996 3968 miles
3015 3928 3224 3984 quoque
3251 3919 3342 3987 qui
3363 3922 3585 3974 assumit
3610 3935 3756 3976 arma
3777 3966 3794 3986 ,
3814 3935 3862 3978 et

2240 4042 2242 4044 .
2290 3999 2342 4052 in
2376 4000 2615 4068 prmlium
2643 4003 2913 4072 egreditur
2937 4045 2952 4071 ,
2986 4019 3090 4060 non
3129 4008 3326 4078 cogitat
3371 4009 3592 4066 vulnera
3624 4021 3822 4069 tantum
3847 4059 3862 4076 .

2291 4091 2484 4157 caedes,
2515 4103 2568 4148 et
2594 4092 2826 4149 hostium
2866 4096 3110 4152 incursus
3130 4139 3142 4162 ,
3177 4099 3414 4169 aliasque
3443 4116 3710 4159 aerumnas
3729 4147 3743 4172 ,
3772 4109 3862 4160 sed

2290 4183 2451 4238 etiam
2480 4185 2728 4240 victorias
2749 4227 2763 4251 ,
2794 4195 2849 4240 et
2879 4187 3175 4257 triumphos
3218 4189 3317 4244 sibi
3345 4193 3696 4264 przeiingens,
3720 4201 3863 4251 onmi

2290 4285 2560 4331 armatura
2579 4290 2637 4332 se
2661 4278 2831 4331 munit
2849 4319 2861 4342 ,
2895 4287 2948 4332 et
2976 4293 3096 4333 cum
3128 4281 3361 4336 incertus
3387 4284 3538 4341 valde
3563 4288 3633 4340 sit
3653 4289 3828 4344 exitus
3847 4331 3862 4353 ,

2290 4375 2344 4421 et
2372 4364 2566 4421 damna
2595 4368 2939 4432 immineant,
2963 4370 3190 4440 repulsis
3213 4372 3277 4428 iis
3304 4375 3549 4430 omnibus
3568 4391 3634 4431 ex
3664 4381 3861 4444 animo,

2290 4474 2352 4513 ac
2395 4459 2534 4514 bona
2575 4473 2670 4529 spe
2705 4462 3002 4532 proposita,
3027 4464 3178 4534 ponit
3215 4479 3429 4523 omnem
3477 4476 3743 4537 torporem
3766 4514 3782 4535 ,
3813 4485 3862 4526 et

2289 4552 2522 4622 acceptis.
2547 4553 2708 4607 armis
2729 4563 2909 4608 contra
2934 4554 3164 4610 hostium
3185 4556 3354 4612 aciem
3379 4572 3650 4629 properat.
3685 4562 3862 4631 igitur.

2290 4645 2466 4700 dilecti
2484 4685 2498 4707 ,
2525 4645 2568 4699 si
2597 4647 2912 4715 negotiator,
2941 4656 2991 4700 et
3018 4646 3201 4714 miles,
3227 4658 3281 4702 et
3307 4651 3558 4719 agricola,
3592 4653 3678 4708 ubi
3699 4665 3753 4707 et
3781 4655 3863 4709 in.

2291 4749 2432 4792 certa
2481 4752 2625 4808 spes,
2665 4747 2718 4793 et
2766 4739 2946 4808 plures
2991 4738 3381 4808 frustrationes,
3425 4752 3584 4813 atque
3634 4747 3862 4816 impedi-

2292 4839 2469 4883 menta
2493 4871 2506 4892 ,
2535 4831 2670 4884 sicut
2699 4830 2922 4885 audistis
2944 4872 2956 4894 ,
2988 4831 3151 4885 multa
3181 4841 3235 4886 et
3259 4833 3435 4898 varia,
3459 4849 3564 4888 non
3597 4836 3666 4892 ita
3697 4838 3865 4894 refor-

2291 4921 2458 4977 midat
2482 4921 2710 4982 labores,
2737 4930 2793 4975 ut
2839 4938 2868 4975 a
2907 4922 3114 4977 meliori
3157 4933 3436 4992 propterea
3465 4938 3562 4994 spe
3593 4927 3815 4984 desistat
3846 4949 3861 4984 :

2289 5012 2432 5082 quali
2454 5027 2548 5066 nos
2570 5014 2720 5067 venia
2737 5013 2880 5084 digni
2900 5013 3099 5068 erimus
3124 5014 3192 5067 ita
3220 5015 3551 5084 negligentes
3583 5019 3648 5074 ad
3673 5033 3858 5090 capes-

2288 5104 2508 5161 sendam
2536 5104 2804 5169 virtutem,
2827 5115 2880 5160 et
2901 5121 3005 5160 non
3027 5121 3241 5160 omnem
3269 5106 3506 5163 laborem
3527 5121 3716 5178 sponte
3739 5113 3858 5165 sub-

2290 5205 2511 5263 euntes,
2552 5213 2672 5252 cum
2703 5207 2810 5252 tam
2851 5213 3038 5252 secura
3068 5209 3246 5252 nostra
3292 5214 3418 5268 spes
3457 5202 3559 5266 sit,
3613 5213 3863 5274 tant.th

2289 5290 2427 5345 bona
2455 5292 2608 5345 nobis
2638 5290 2899 5360 reposita,
2927 5303 2989 5341 ac
3029 5290 3244 5358 praemia
3281 5303 3331 5345 et
3378 5293 3651 5348 mercedes
3685 5298 3859 5349 omnia

2289 5399 2405 5454 quae
2431 5401 2459 5437 a
2489 5385 2639 5437 nobis
2663 5392 2805 5437 recte
2831 5392 3084 5452 geruntur
3107 5383 3284 5438 multis
3305 5384 3544 5454 partibus
3566 5398 3814 5454 superent
3839 5388 3863 5441 ’ξ

2291 5475 2425 5528 Audi
2453 5476 2609 5543 igitur
2628 5476 2837 5529 beatum
2877 5472 3116 5536 Paulum,
3139 5485 3256 5541 post
3286 5483 3456 5529 lautas
3483 5486 3534 5530 et
3566 5480 3704 5532 tales
3729 5479 3860 5533 afﬂi-

2287 5569 2520 5631 ctiones,
2551 5578 2603 5621 ct
2628 5567 2692 5620 ad
2726 5565 3003 5619 tribunalia
3032 5565 3340 5621 abductionc

2355 5709 2368 5732 ι
2406 5701 2546 5768 savii.
2567 5711 2612 5751 cz
2636 5707 2845 5768 quatuor
2871 5707 2972 5748 Hm.
3012 5701 3080 5747 sic
3102 5699 3283 5747 habent
3309 5713 3329 5768 ε.
3354 5700 3501 5760 Igitur
3525 5700 3574 5768 in
3596 5715 3726 5761 spem
3753 5703 3851 5764 Dei,

2293 5773 2427 5820 Intus:
2464 5763 2512 5811 in
2537 5762 2796 5810 ιηιτΙιτ-ιηιηι
2836 5768 3001 5826 tatam,
3027 5773 3110 5809 nos
3140 5764 3480 5822 appendenlcs,
3506 5762 3575 5813 si:
3598 5778 3758 5814 omum
3775 5762 3850 5826 αιυζ

2293 5825 2590 5884 ςινέιίίηηυυχ
2616 5830 2659 5870 et
2683 5836 2739 5871 ne
2763 5827 2824 5869 ad
2849 5822 3072 5871 laborem.
