4080 6498
173 498 279 556 ἨΘ

171 619 377 666 mortes
412 604 751 678 quotidianas
793 601 1061 658 dicentem
1107 614 1122 652 :
1173 597 1296 654 Non
1335 606 1452 652 sunt
1503 593 1770 666 condigna:

175 694 438 765 passiones
469 693 732 764 presenti:
757 688 993 760 temporis
1021 687 1089 740 ad
1112 688 1335 758 futuram
1356 684 1572 757 gloriam
1598 683 1651 737 in
1679 696 1772 736 no-

161 787 248 849 lis
267 783 586 840 “uelandam
613 781 857 850 (Rom.8.
886 774 999 848 18).
1023 776 1243 833 Etiamsi
1268 773 1508 847 quotidie
1533 814 1559 840 ν
1577 772 1767 843 inquit,

172 876 340 930 rnorti
387 888 486 928 nos
524 885 937 942 exponeremus,
971 869 1023 924 id
1044 867 1187 939 quod
1228 877 1414 921 natura
1443 879 1551 920 non
1585 863 1767 933 capit,

171 965 302 1022 licet
324 977 476 1026 mens
502 962 722 1016 vincens
751 971 1016 1025 naturam,
1037 975 1130 1028 per
1151 955 1530 1027 benignitatem
1558 952 1768 1008 Domini

165 1061 459 1110 coronetur
477 1093 492 1118 ,
525 1052 678 1118 nihil,
703 1051 892 1121 inquit,
913 1048 1175 1104 ferremus
1201 1062 1295 1116 par
1316 1045 1502 1111 tantis,
1521 1059 1641 1116 qua:
1669 1058 1769 1099 nos

166 1153 487 1214 accepturos
515 1157 817 1213 speramus,
838 1141 1015 1208 bouis,
1031 1139 1324 1209 glorirequc
1349 1137 1404 1192 in
1425 1137 1579 1192 nobis
1609 1150 1768 1192 reve-

171 1234 366 1290 landm.
395 1234 526 1290 Vide
549 1242 746 1304 quanta
771 1232 958 1303 gloria:
986 1228 1350 1300 magnitudine
1380 1227 1626 1283 fruantur
1655 1228 1764 1283 vir-

170 1327 299 1383 tutis
327 1325 567 1391 asseclar,
583 1325 655 1378 ita
681 1333 738 1378 ut
763 1321 852 1376 illa
872 1321 1039 1392 gloria
1061 1329 1276 1390 superet
1297 1319 1478 1374 omnia
1498 1332 1770 1388 quaecum-

169 1434 276 1489 que
303 1419 558 1475 exhibere
586 1416 706 1486 quis
735 1415 929 1485 poterit
972 1430 986 1466 :
1035 1410 1245 1468 etiamsi
1271 1410 1415 1464 enim
1453 1410 1519 1464 ad
1550 1409 1765 1466 culmen

174 1510 424 1580 attingat,
445 1515 572 1562 tunc
593 1521 805 1576 quoque
836 1504 1058 1559 inferior
1083 1502 1206 1557 erit.
1235 1501 1372 1569 Quid
1399 1501 1539 1555 enim
1564 1509 1766 1555 tantum

170 1602 426 1657 exhibere
449 1609 626 1670 potest
655 1599 816 1652 homo
835 1639 851 1662 ,
875 1595 1014 1667 quod
1045 1603 1213 1651 certet
1239 1609 1361 1649 cum
1392 1595 1602 1649 Domini
1627 1595 1767 1650 libe-

172 1693 428 1749 ralitate?
458 1691 610 1760 Quod
643 1692 686 1745 si
716 1690 913 1746 Paulus
943 1689 1068 1743 talis
1093 1698 1145 1745 et
1175 1695 1352 1742 tantus
1377 1687 1585 1743 dicebat
1605 1731 1620 1754 ,
1647 1687 1768 1742 Non

164 1789 286 1830 sunt
305 1777 577 1847 condigna:
588 1776 861 1844 passiones
880 1775 1038 1844 hujus
1053 1776 1300 1845 temporis
1318 1773 1388 1828 ad
1401 1775 1636 1844 futuram
1649 1778 1755 1847 glo-

167 1871 302 1922 riam
323 1884 442 1937 qua:
465 1867 782 1922 revelabitur
797 1867 850 1920 in
873 1867 1020 1920 nobis
1039 1863 1396 1935 (Rom.8.l8),
1415 1864 1506 1934 qui
1528 1865 1662 1919 alias
1680 1864 1756 1917 di-

163 1961 259 2022 cit,
284 1960 530 2025 Quotidie
557 1959 757 2014 morior
785 1959 858 2027 (l.
887 1957 1014 2014 Cor.
1045 1957 1131 2013 l5.
1161 1958 1288 2028 3t);
1317 1965 1370 2011 et
1387 1970 1604 2018 rursus,
1631 1953 1763 2007 Plus

168 2050 412 2106 omnibus
437 2050 674 2104 laboravi
693 2049 923 2120 (lbid.v.
953 2047 1074 2119 10):
1097 2047 1230 2120 quid
1255 2062 1357 2103 nos
1373 2046 1640 2107 dicemus,
1666 2043 1764 2114 qui

167 2157 351 2212 neque
379 2142 652 2212 vulgarem
681 2141 923 2197 laborem
947 2155 1044 2212 pro
1076 2143 1280 2194 virtute
1300 2137 1581 2207 suscipere
1611 2137 1764 2190 volu-

170 2249 318 2298 mus,
337 2233 430 2289 sed
455 2233 741 2290 remissam
764 2233 933 2287 vitam
960 2240 1258 2296 sectamur,
1279 2241 1334 2286 et
1359 2230 1462 2287 hoc
1481 2243 1649 2284 unum
1671 2242 1766 2284 ca-‘

173 2343 386 2394 vemus,
405 2340 475 2381 ne
495 2326 626 2396 quid
647 2325 803 2381 triste
823 2323 984 2380 nobis
1003 2322 1503 2394 accidat,quamvis
1520 2321 1762 2378 sciamus

163 2438 275 2477 non
309 2435 434 2476 esse
462 2419 718 2490 possibile
749 2419 906 2473 aliter
930 2418 1146 2488 assequi
1175 2415 1566 2472 beatitudinem
1597 2416 1762 2470 cccle-

164 2523 329 2576 slem,
372 2511 481 2569 nisi
516 2527 613 2582 per
652 2519 952 2582 praesentes
989 2510 1312 2566 alllictiones
1343 2511 1408 2565 ad
1439 2525 1559 2565 eam
1604 2508 1759 2579 prius

163 2601 876 2661 anhelemusmmictiones
906 2604 1052 2658 enim
1076 2602 1129 2657 id
1152 2603 1313 2658 nobis
1345 2602 1664 2663 conciliant.
1696 2609 1760 2657 ut

159 2697 276 2752 Deo
315 2699 454 2769 grati
505 2698 712 2764 simus;
742 2705 798 2750 et
830 2696 917 2751 hic
953 2697 1038 2752 vel
1077 2711 1272 2768 parum
1324 2696 1595 2761 laborare,
1645 2696 1758 2750 illic

163 2789 328 2845 nobis
357 2804 610 2861 magnam
637 2789 892 2844 ﬁduciam
924 2789 1152 2859 praebet,
1188 2789 1486 2845 dummodo
1523 2789 1756 2846 velimus

159 2880 467 2938 secundum
493 2881 784 2937 consilium
817 2879 967 2934 illius
990 2881 1238 2951 magistri
1269 2881 1421 2935 orbis
1452 2879 1753 2935 ambulare.

163 2973 493 3036 Considera,
526 2973 745 3034 dilecte,
781 2973 908 3028 licet
941 2972 1120 3027 tristia
1156 2975 1268 3029 sint
1303 2989 1422 3043 quae
1471 2974 1754 3040 accidunt,

157 3081 288 3122 esse
321 3073 501 3121 tamen
527 3073 876 3134 temporanea
903 3082 917 3118 :
946 3065 1087 3118 bona
1121 3079 1251 3119 vero
1274 3080 1395 3135 qua:
1422 3064 1533 3119 illic
1560 3080 1750 3121 susce-

156 3157 306 3229 pturi
337 3172 549 3222 sumus,
588 3155 918 3231 immortalia
946 3170 1069 3209 esse
1099 3162 1151 3210 et
1185 3163 1408 3209 mtcrna.
1439 3155 1573 3221 Qua:
1611 3158 1749 3210 enim

155 3249 425 3316 videntur,
452 3249 649 3318 inquit,
673 3248 985 3317 temporalia
1021 3257 1182 3301 sunt:
1205 3263 1321 3318 qua:
1345 3257 1522 3301 autem
1549 3265 1651 3302 non
1677 3249 1750 3302 vi-

154 3341 373 3401 dentur,
393 3346 593 3390 (eterna
624 3336 699 3405 (2.
729 3334 856 3391 Cor.
880 3336 934 3390 4.
962 3335 1049 3403 18)
1088 3333 1351 3390 Feramus
1377 3350 1506 3405 ergo
1538 3334 1750 3391 fortiter

155 3428 274 3482 haec
308 3427 654 3497 temporalia,
697 3441 875 3496 neque
907 3426 1244 3483 desistamus
1275 3442 1304 3481 a
1338 3429 1598 3482 virtutum
1630 3437 1751 3484 stu-

155 3519 288 3581 diis,
305 3526 362 3572 ut
381 3517 604 3573 mternis
622 3525 675 3572 et
690 3532 907 3587 semper
929 3518 1280 3575 manentibus
1294 3518 1747 3578 bonisfruamur:

155 3626 279 3682 qua:
302 3612 459 3665 nobis
486 3609 742 3665 omnibus
771 3611 1146 3665 concedantur
1166 3611 1336 3682 gratia
1360 3617 1414 3666 et
1435 3613 1748 3668 misericor-

164 3701 254 3755 dia
277 3700 490 3756 Domini
512 3700 682 3756 nostri
705 3699 833 3756 Jesu
861 3701 1090 3765 Christi,
1118 3716 1242 3755 cum
1265 3717 1373 3772 quo
1396 3702 1561 3766 l’atri,
1586 3704 1748 3758 simul

154 3801 209 3847 et
235 3790 463 3859 Spiritui
495 3798 685 3846 sancto
715 3793 787 3846 sit
815 3792 1014 3863 gloria,
1039 3791 1350 3862 imperium,
1384 3795 1577 3859 honor,
1604 3811 1750 3849 nunc

153 3896 212 3939 et
245 3897 482 3953 semper,
515 3890 569 3939 et
596 3882 652 3938 in
680 3883 881 3938 sucula
913 3882 1258 3940 saeculorum.
1286 3884 1478 3941 Amen.

703 3972 984 4028 HOMILIA
1024 3973 1214 4030 XXVI.

164 4081 236 4137 Et
262 4081 552 4136 recordatus
576 4092 648 4136 est
677 4082 816 4138 Deus
845 4083 959 4138 Noe
981 4125 995 4150 ,
1040 4095 1090 4139 et
1132 4085 1356 4140 omnium
1383 4087 1676 4156 bestiarum,
1708 4101 1756 4144 et

236 4173 461 4225 omnium
491 4174 859 4242 jumentorum,
900 4183 945 4227 et
983 4176 1205 4228 omnium
1233 4175 1531 4246 volatilium,
1559 4189 1607 4234 et
1648 4197 1755 4234 om-

236 4260 378 4312 nium
397 4260 673 4329 reptilium,
701 4277 1023 4332 quaeautque
1041 4274 1182 4316 erant
1197 4281 1310 4317 cum
1330 4264 1420 4319 illo
1447 4269 1498 4319 in
1525 4283 1666 4321 arca.
1689 4269 1754 4323 Et

234 4350 448 4403 adduxit
474 4348 611 4405 Deus
636 4353 868 4421 spiritum
901 4369 1054 4422 super
1079 4362 1281 4419 terram,
1314 4366 1359 4409 et
1396 4359 1602 4411 cessavit
1623 4375 1755 4429 aqua

239 4441 394 4513 (Gen.
417 4443 470 4499 8.
507 4443 582 4514 1).

237 4554 290 4607 1.
331 4553 517 4622 Magna
537 4561 591 4608 et
617 4551 896 4607 inefl‘abilis
918 4553 1010 4608 Dei
1032 4555 1353 4625 benignitas,
1373 4557 1756 4628 excellensque

162 4645 282 4714 ejus
305 4644 515 4699 bonitas
535 4661 598 4698 ex
619 4643 728 4711 jam
753 4645 902 4698 lectis
926 4645 1244 4711 ostenditur,
1257 4663 1416 4716 quam
1447 4664 1553 4703 non
1581 4649 1754 4704 solum

161 4749 291 4805 erga
337 4735 595 4790 rationale
644 4736 745 4789 hoc
797 4735 1031 4802 animal,
1061 4736 1330 4791 hominem
1370 4737 1528 4805 dico,
1559 4739 1655 4793 sed
1703 4752 1758 4795 et

163 4842 292 4897 erga
320 4826 598 4881 brutorum
647 4828 956 4882 animalium
990 4839 1233 4883 naturam
1278 4829 1585 4885 declaravit.
1622 4832 1754 4887 Nam

160 4925 289 4967 cum
312 4911 550 4964 omnium
575 4911 646 4964 sit
671 4911 949 4976 Conditor,
969 4928 1092 4982 erga
1124 4913 1324 4981 omnia,
1349 4930 1467 4984 quae
1487 4930 1515 4967 a
1545 4931 1604 4970 se
1633 4927 1757 4972 sunt

163 4998 406 5066 condita,
437 5013 588 5053 suam
615 4999 849 5054 ostendit
889 5000 1182 5056 bonitatem
1217 5021 1231 5056 :
1261 5017 1356 5072 per
1381 5005 1560 5058 omnia
1601 5008 1755 5061 nobis

161 5101 350 5146 notum
380 5089 600 5154 faciens,
624 5100 874 5160 quantam
902 5090 1117 5147 humani
1141 5095 1353 5162 generis
1377 5110 1560 5152 curam
1583 5111 1752 5169 gerat,

161 5195 227 5234 ac
251 5194 310 5235 sc
330 5180 508 5234 omnia
537 5180 661 5234 olim
689 5190 741 5236 et
767 5180 835 5236 ab
858 5181 1005 5236 initio
1029 5191 1243 5251 propter
1263 5185 1486 5239 salutem
1516 5198 1752 5243 nostram

163 5269 564 5340 fecissc.ltaque
587 5271 685 5325 etsi
709 5272 912 5341 puniat,
933 5273 1033 5328 etsi
1060 5274 1113 5327 in
1141 5287 1239 5327 nos
1265 5275 1669 5343 animadvertat,
1689 5296 1752 5334 ex

161 5361 350 5417 eadem
377 5361 613 5416 bonitate
635 5377 727 5416 sua
751 5363 861 5416 haec
883 5373 937 5416 ct
955 5363 1039 5418 illa
1061 5363 1204 5418 facit.
1223 5364 1336 5418 Non
1353 5367 1495 5421 enim
1517 5369 1595 5422 vel
1628 5369 1757 5424 all'e-

161 5453 341 5509 ctione
371 5451 455 5506 vel
481 5451 556 5506 ira
579 5468 791 5522 pennam
820 5455 979 5509 infert
1010 5455 1139 5510 :sed
1159 5457 1413 5510 malitiam
1443 5459 1756 5516 exscindere

163 5543 297 5610 vult,
326 5558 393 5597 ne
410 5541 543 5597 ultra
566 5545 950 5613 progrediatur.
967 5546 1097 5612 Quia
1121 5557 1173 5601 et
1196 5563 1356 5614 nunc,
1373 5549 1509 5604 sicut
1537 5551 1751 5615 auditis,

163 5633 424 5690 diluvium
451 5633 519 5687 ob
549 5633 681 5687 nihil
707 5634 846 5688 aliud
867 5636 1266 5706 induxit,quam
1287 5647 1342 5693 ut
1363 5654 1543 5694 curam
1573 5651 1756 5710 ageret

166 5739 350 5781 eorum
369 5724 458 5794 qui
484 5725 745 5795 iniquitati
775 5741 834 5782 se
859 5727 1191 5783 dediderant.
1220 5729 1285 5782 Et
1312 5731 1502 5798 qualis,
1527 5730 1752 5800 inquies,

166 5830 294 5869 cura
313 5813 451 5881 hare,
478 5830 666 5870 omnes
689 5829 822 5886 aqua
861 5818 1106 5872 sull’ocari
1123 5819 1147 5872 ?
1167 5817 1242 5873 Ne
1269 5828 1468 5875 temere
1500 5819 1753 5890 loquaris,

167 5907 348 5973 homo,
387 5905 480 5964 sed
510 5916 659 5978 grato
690 5908 872 5964 animo
895 5910 1075 5980 accipe
1101 5926 1161 5966 ea
1183 5928 1301 5981 quae.
1323 5927 1350 5966 a
1381 5913 1606 5968 Dotuino
1631 5924 1752 5970 sunt

1235 485 1300 544 IN
1327 481 1482 542 CAP.
1526 480 1658 542 Vill.
1689 476 1933 545 CENES.
1975 469 2190 538 ιιυιιει.
2252 473 2340 536 ιι
2360 474 2442 538 τι.

3379 473 3485 531 εδο

1888 590 2046 657 facta,
2067 597 2120 645 et
2147 588 2285 644 scies
2304 588 2409 646 hoe
2429 589 2593 647 etiam
2621 601 2743 645 esse
2770 586 3016 643 maximae
3038 601 3183 643 cura:
3208 602 3484 659 argumen-

1882 692 2018 739 tum.
2046 681 2180 738 Nam
2211 697 2307 738 eos
2331 683 2422 753 qui
2454 682 2530 738 sic
2571 681 2943 736 incurabiliter
2973 688 3200 751 peccant
3221 720 3238 747 ,
3266 688 3320 734 et
3344 694 3480 750 quo-

1882 775 2010 831 tidie
2039 769 2260 829 vulnera
2289 774 2391 829 sibi
2422 773 2668 844 inﬂigunt
2689 815 2704 839 ,
2736 780 2792 828 et
2833 772 3016 828 ulcera
3042 771 3144 827 sibi
3171 771 3319 827 omni
3352 787 3482 827 cura

1879 867 2155 936 superiora
2185 864 2456 931 inferunt,
2485 879 2552 919 ex
2585 873 2736 919 tanto
2778 864 2923 918 malo
2971 863 3266 930 liberasse,
3303 878 3484 920 nonne

1877 972 2102 1014 summa:
2146 966 2263 1012 erat
2303 954 2640 1027 prudentim?
2672 954 2737 1008 Et
2776 954 2892 1024 ipse
2938 953 3194 1024 puniendi
3244 954 3439 1010 modus
3463 995 3484 1024 ,

1877 1063 2058 1104 nonne
2099 1048 2246 1102 omni
2299 1047 2629 1118 benignitate
2672 1046 2863 1117 plenus
2889 1045 3016 1101 est?
3056 1045 3167 1100 Eos
3216 1046 3360 1102 enim
3391 1047 3483 1118 qui

1876 1139 2116 1211 alioquin
2167 1149 2372 1194 natura:
2421 1139 2658 1195 debitum
2709 1138 2939 1193 soluturi
2980 1149 3154 1206 erant,
3183 1140 3263 1194 sic
3307 1154 3482 1210 pmnze

1878 1231 2000 1286 loco
2027 1231 2190 1285 vitam
2205 1230 2505 1300 1leponere
2531 1270 2546 1295 ,
2577 1238 2637 1285 ut
2666 1246 2734 1284 ne
2771 1246 2989 1286 sensum
3032 1231 3248 1301 quidem
3292 1233 3482 1288 mortis

1880 1321 2179 1391 haberent,
2233 1321 2327 1377 sed
2372 1322 2573 1391 absque
2616 1321 2818 1376 doloris
2853 1323 3097 1394 cruciatu
3148 1323 3479 1393 supplicium

1873 1412 2134 1480 subirent,
2164 1421 2377 1482 quanta:
2418 1427 2527 1466 non
2567 1412 2728 1468 fuerit
2759 1412 3038 1482 sapientia:
3069 1421 3123 1468 et
3166 1413 3429 1470 bonitatis
3451 1415 3478 1470 ἲ

1873 1503 2012 1572 Quin
2037 1503 2084 1558 si
2109 1503 2230 1573 quis
2260 1503 2443 1557 animo
2475 1502 2567 1574 pio
2598 1502 2865 1574 expendat
2893 1503 3090 1557 factum
3112 1545 3127 1568 ,
3154 1518 3259 1558 non
3298 1504 3475 1560 solum

1874 1608 2067 1663 nempe
2095 1595 2162 1650 iis
2190 1594 2280 1664 qui
2322 1595 2490 1664 puniti
2521 1603 2647 1648 sunt
2675 1595 2928 1649 benelicia
2958 1609 3080 1649 esse
3107 1595 3339 1662 collata,
3375 1596 3470 1652 sed

1873 1695 1929 1741 et
1969 1687 2220 1756 posteris,
2244 1687 2333 1757 qui
2379 1685 2488 1741 duo
2534 1688 2772 1741 maxima
2820 1686 2944 1742 inde
2987 1698 3344 1758 perceperunt
3379 1687 3476 1743 bo-

1872 1791 1939 1832 na
1961 1819 1975 1841 ,
2010 1776 2086 1849 (a)
2130 1776 2263 1849 [tum
2294 1777 2436 1848 quod
2467 1778 2655 1834 iisdem
2684 1780 2736 1833 in
2766 1780 2919 1833 malis
2950 1794 3054 1832 non
3088 1780 3198 1834 sint
3223 1779 3474 1849 involuti,

1872 1875 1984 1922 tum
2015 1868 2157 1938 quod
2189 1884 2254 1922 ex
2283 1867 2586 1938 hujusmodi
2615 1869 2766 1925 factis
2805 1871 3074 1926 cautiores
3115 1879 3169 1924 et
3209 1880 3474 1940 tempera-

1873 1953 2036 2015 tiores
2062 1961 2364 2036 evaserint]
2411 1973 2662 2035 quantum
2712 1966 3002 2036 gratiarum
3055 1967 3343 2021 actionem
3375 1983 3478 2038 pro

1871 2051 1977 2104 illis
2007 2051 2119 2107 Deo
2149 2068 2257 2108 non
2282 2053 2556 2110 debeant?
2581 2056 2788 2111 Etenim
2818 2056 3017 2126 posteri
3048 2072 3202 2127 paena
3232 2059 3470 2125 illorum,

1869 2151 1924 2196 et
1955 2152 2119 2205 metu,
2155 2159 2221 2197 ne
2242 2144 2428 2198 eadem
2455 2160 2576 2214 qua:
2606 2145 2681 2198 illi
2708 2154 3038 2214 paterentur,
3067 2147 3318 2203 meliores
3349 2148 3474 2204 facti

1867 2244 2020 2289 sunt:
2046 2249 2107 2288 ac
2132 2245 2388 2303 pratterea
2411 2251 2571 2291 omne
2598 2237 2812 2290 malitia:
2834 2235 3155 2293 fermentum
3176 2239 3466 2307 sublatum,

1870 2335 1925 2381 et
1954 2327 2133 2382 nullus
2157 2328 2377 2383 relictus
2404 2327 2501 2383 fuit
2531 2330 2609 2384 eis
2643 2328 2861 2382 malitia:
2900 2338 2953 2384 et
2985 2329 3276 2398 iniquitatis
3302 2333 3470 2402 magi-

1869 2425 1998 2472 ster.
2029 2418 2189 2473 Vides
2217 2419 2487 2490 quomodo
2517 2429 2572 2474 et
2603 2435 2776 2490 paenae
2822 2430 2870 2475 et
2915 2422 3173 2492 supplicia
3209 2422 3468 2479 benelicia

1867 2509 2011 2574 sint,
2035 2519 2089 2563 et
2120 2509 2212 2564 Dei
2241 2524 2364 2579 erga
2396 2509 2663 2565 hominem
2711 2511 3102 2581 providentiam
3148 2513 3469 2570 declarent?

1868 2599 1934 2652 Et
1963 2598 2006 2653 si
2031 2600 2150 2668 quis
2181 2599 2314 2654 velit
2342 2599 2459 2655 hzce
2484 2615 2513 2654 a
2547 2601 2732 2670 primis
2759 2609 2812 2657 et
2835 2601 2903 2657 ab
2932 2603 3081 2657 initio
3111 2619 3430 2662 enumerare
3450 2649 3465 2675 ,

1866 2689 2102 2745 inveniet
2130 2703 2317 2746 omnes
2361 2705 2546 2760 pmnas
2573 2690 2674 2746 hac
2707 2692 2776 2747 de
2802 2707 2958 2747 causa
2991 2697 3360 2765 pceatoribus
3388 2700 3466 2752 in-

1865 2789 2118 2835 tentatas.
2145 2779 2277 2835 Nam
2311 2789 2366 2835 et
2392 2781 2560 2835 Adam
2593 2791 2900 2850 peccantem
2931 2799 3038 2837 non
3087 2786 3312 2854 puniens
3344 2797 3464 2840 tau-

1867 2878 2005 2936 tum,
2039 2870 2134 2925 sed
2165 2880 2219 2925 et
2246 2871 2508 2926 beneﬁcio
2544 2887 2873 2944 prosequens
2903 2876 3149 2943 paradisi)
3172 2862 3350 2948 ejecit;
3400 2879 3465 2934 Et

1864 2962 2022 3034 quale
2052 2961 2186 3017 dicis
2212 2961 2551 3029 beneﬁcium,
2585 2965 2746 3019 etiam
2778 2964 3006 3033 paradisi
3038 2967 3140 3020 vita
3163 2968 3473 3025 excidisse?

1863 3050 1943 3107 Ne
1970 3052 2285 3121 simpliciter
2313 3053 2561 3108 attendas
2591 3053 2658 3108 ad
2685 3069 2745 3108 ea
2770 3068 2889 3124 quae
2913 3064 3175 3124 geruntur
3194 3099 3210 3124 ,
3247 3058 3460 3125 dilecte,

1863 3157 2039 3211 neque
2068 3143 2244 3197 obiter
2268 3159 2386 3212 quae
2418 3159 2446 3197 a
2480 3144 2593 3199 Deo
2635 3143 2769 3198 [lunt
2793 3144 3075 3202 addiscas:
3109 3147 3204 3204 sed
3241 3149 3480 3218 profun:

1862 3231 1989 3287 dum
2023 3232 2165 3288 illius
2190 3233 2447 3290 bonitatis
2476 3233 2702 3301 intuere,
2726 3244 2780 3291 et
2809 3237 3047 3293 invenies
3073 3239 3250 3294 omnia
3271 3240 3467 3297 eadem

1863 3323 1932 3379 de
1963 3316 2122 3378 causa
2147 3324 2215 3379 ab
2242 3326 2360 3395 ipso
2383 3325 2521 3380 ﬁeri.
2548 3327 2642 3382 Die
2669 3327 2812 3382 enim
2835 3327 2988 3394 mihi,
3012 3330 3056 3384 si
3081 3331 3274 3396 Adam,
3308 3343 3458 3402 post-

1860 3432 2019 3488 quam
2049 3417 2128 3472 sic
2153 3426 2519 3487 transgressus
2540 3427 2655 3484 est,
2691 3419 2880 3475 iisdem
2912 3420 3090 3478 adhuc
3121 3422 3222 3477 frui
3255 3426 3462 3495 potuis-

1861 3515 2112 3578 set,quo
2159 3523 2269 3563 non
2324 3509 2812 3566 excidisset?Nam
2867 3513 2911 3567 si
2970 3513 3130 3570 tantis
3183 3517 3460 3585 promissis

1867 3599 2127 3668 acceptis,
2161 3609 2465 3668 serpentem
2511 3599 2850 3670 deceptorem
2898 3603 3124 3670 audivit,
3148 3615 3203 3660 et
3241 3607 3459 3664 insidias

1860 3688 2097 3756 admisit,
2126 3703 2258 3758 quas
2285 3703 2380 3758 per
2405 3704 2526 3744 eum
2558 3689 2801 3745 diabolus
2847 3691 3056 3757 intulit,
3092 3709 3188 3764 spe
3213 3695 3461 3753 videlicet

1861 3776 2174 3832 obtinenda:
2218 3779 2540 3848 mqualitatis
2585 3794 2705 3834 cum
2759 3781 2868 3836 Deo
2921 3781 3146 3846 iullans,
3180 3793 3341 3855 atque
3404 3787 3464 3841 in

1861 3867 2314 3938 prmvarieationis
2344 3877 2620 3938 peccatum
2649 3870 2795 3924 illum
2821 3871 3084 3940 injicieus,
3116 3874 3160 3927 si
3189 3875 3240 3928 in
3269 3875 3459 3931 eadem

1862 3959 2121 4031 dignitate
2143 3975 2206 4015 ac
2254 3962 2376 4016 vitae
2421 3962 2629 4018 ratione
2669 3964 2991 4031 mansisset,
3030 3967 3301 4035 quomodo
3349 3983 3460 4024 non

1861 4052 2033 4106 multo
2061 4051 2167 4106 ﬁde
2191 4051 2486 4122 digniorem
2512 4062 2746 4122 putasset
2768 4055 3056 4126 malignum
3090 4058 3236 4112 illum
3255 4058 3459 4114 daemo-

1862 4158 2018 4206 nem,
2051 4158 2209 4212 quam
2264 4159 2442 4197 rerum
2491 4144 2728 4199 omnium
2775 4145 3154 4213 Conditorem,
3182 4148 3356 4219 deque
3400 4166 3466 4207 se

1861 4232 2198 4295 sublimiora,
2227 4248 2388 4303 quam
2417 4233 2647 4304 dignitas
2677 4251 2770 4290 sua
2805 4235 3032 4304 ferebat,
3055 4240 3236 4295 animo
3257 4255 3459 4298 conce-

1861 4323 2071 4391 pisset?
2123 4323 2334 4377 Etenim
2383 4324 2504 4378 talis
2559 4324 2834 4380 hominum
2893 4337 3082 4384 natura
3137 4339 3252 4398 est,
3306 4341 3362 4387 ut
3411 4333 3467 4388 si

1861 4412 2075 4481 quando
2119 4428 2348 4483 peccans
2401 4430 2507 4470 non
2556 4416 2890 4482 refrenatur.
2934 4419 3030 4475 sed
3077 4435 3267 4479 secure
3311 4425 3464 4495 agit,

1861 4502 2086 4558 ulterius
2110 4504 2408 4574 procedens
2429 4505 2480 4558 in
2504 4521 2741 4577 prmceps
2764 4507 2985 4563 feratur.
3019 4511 3135 4566 Alia
3164 4520 3342 4569 tamen
3372 4517 3466 4570 via

1863 4607 2079 4661 possum
2108 4595 2425 4660 ostendere,
2448 4597 2588 4664 quod
2618 4598 2958 4654 clementiam
2990 4617 3099 4670 pra:
3133 4617 3193 4658 se
3237 4602 3414 4661 ferens
3438 4648 3468 4674 ,.

1863 4683 2124 4738 Adamum
2150 4684 2394 4752 paradiso
2415 4686 2636 4754 jusserit
2662 4689 2946 4756 excedere,
2979 4702 3034 4746 et
3061 4695 3248 4748 mortis
3281 4711 3465 4766 pugnae-

1863 4774 2052 4830 fecerit
2078 4775 2371 4830 obnoxium
2397 4794 2411 4831 :
2437 4792 2558 4831 nam
2589 4779 2854 4848 ejectione
2881 4791 2937 4836 et
2975 4786 3271 4856 propinqua
3304 4788 3456 4843 habi-

1865 4864 2063 4919 tatione
2087 4865 2482 4935 castigatiorem
2506 4908 2520 4930 ,
2544 4877 2598 4922 et
2637 4869 2688 4922 in
2715 4880 2986 4938 posterum
3029 4877 3356 4932 securiorem
3385 4879 3469 4934 fa--

1864 4955 2045 5022 ciens,
2070 4970 2129 5010 re
2160 4955 2271 5026 ipsa
2303 4956 2483 5011 docuit
2510 4971 2742 5029 quantus
2763 4961 3016 5031 deceptor
3041 4966 3197 5021 luerit
3219 4968 3472 5026 dzenion..

1865 5046 2053 5102 Mortis
2081 5056 2259 5103 autem
2291 5049 2610 5118 supplicium
2651 5062 2869 5122 propter
2895 5053 2995 5109 hoc
3035 5056 3218 5111 intulit
3243 5101 3256 5122 ,
3291 5071 3347 5114 ut
3391 5079 3475 5117 ne

1864 5136 2087 5206 posthac
2130 5151 2226 5206 per
2249 5138 2662 5195 inobedientiam
2688 5153 2905 5211 peccato
2936 5145 3202 5203 obnoxius
3232 5150 3460 5207 ell‘ectus

1865 5236 2127 5297 perpetuo
2155 5241 2421 5298 peccaret.
2451 5230 2566 5286 Non
2596 5233 2849 5288 videntur
2875 5235 2968 5290 tibi
2996 5235 3110 5293 hare
3137 5255 3256 5296 esse
3283 5245 3460 5300 maxi-

1867 5333 1968 5373 mae
2003 5318 2325 5387 clementiae,
2347 5329 2401 5375 et
2426 5321 2622 5390 ejicere
2648 5339 2677 5377 a
2710 5324 2959 5393 paradiso
2997 5338 3051 5381 et
3085 5343 3240 5397 pmna
3271 5337 3479 5389 mortis.

1863 5410 2139 5477 plectere?
2167 5411 2390 5466 Possum
2420 5423 2596 5468 autem
2645 5423 2699 5469 et
2741 5417 2883 5470 aliud
2929 5431 3190 5487 praeterea
3240 5425 3452 5482 all‘crre.

1865 5500 2159 5568 Qualcnam
2195 5502 2335 5557 hoc?
2370 5503 2514 5558 Ilanc
2560 5505 2978 5576 indignationem
3022 5511 3097 5565 illi
3141 5513 3418 5570 inferendo
3439 5558 3468 5580 ,.

1864 5605 1970 5644 non
1993 5591 2130 5660 apud
2159 5591 2328 5661 ipsum
2357 5593 2632 5650 dumtaxat
2662 5597 2919 5653 benelicia
2947 5602 3252 5672 collocavit,
3276 5607 3369 5660 sed
3401 5619 3460 5663 et

1866 5692 2115 5752 posteros
2165 5685 2331 5755 ipsius
2363 5689 2612 5758 exemplo
2661 5692 2928 5762 corrigere
2977 5697 3165 5750 voluit.
3197 5697 3335 5752 Nam
3382 5703 3453 5772 si,

1928 5863 2002 5926 (a)
2037 5870 2144 5914 luce
2167 5879 2275 5977 qum
2299 5869 2432 5916 uncis
2473 5869 2757 5918 clauduntur
2783 5886 2845 5920 ex
2875 5887 2972 5923 uno
3007 5882 3192 5926 tantum
3215 5883 3297 5927 ηε.
3324 5881 3456 5931 erui!

1928 5938 1989 5977 ιε.
2014 5927 2103 5977 sed
2127 5929 2190 5977 Vit
2209 5936 2351 5977 ctttur
2376 5931 2432 5977 ad
2457 5934 2637 5977 seriem
2662 5934 2920 5977 (tuadrm'c.

1863 5938 1989 5987 mus,
2014 5927 2103 5977 sed
2127 5927 2351 5979 videntur
2376 5931 2432 5978 ad
2457 5934 2637 5982 seriem
2662 5934 2920 5994 quadrare.
