4080 6480
655 552 934 639 νόιφιω
981 557 1099 614 itare
1136 554 1512 622 evenerant,is
1553 551 1645 623 qui
1686 566 1752 609 ex
1801 564 1868 606 eo
1905 553 2061 605 natus
2103 551 2224 610 est,

652 653 798 712 Cain.
815 653 1051 725 inqttam,
1071 650 1167 722 qui.
1191 663 1304 720 prae
1315 639 1495 703 oculis
1519 645 1731 702 videbat
1757 652 1964 728 patrem
1981 655 2050 697 ex
2065 652 2194 709 pars
2206 667 2228 680 ο

657 744 782 802 also
816 743 1077 822 electum,
1121 733 1442 798 laetabiletu
1488 737 1636 793 illam
1674 734 1894 806 gloriam
1936 732 2224 796 sarissas,

650 829 1257 892 maledicum-illam
1283 832 1497 896 miram,
1527 842 1646 899 qua:
1674 825 1884 882 dicebat
1913 842 1928 878 :
1953 822 2118 880 Ter-ns
2140 836 2225 888 ss,

649 939 698 983 et
725 928 786 982 in
810 936 996 981 savus
1014 924 1172 982 abibis
1199 921 1352 998 (Cen.
1371 923 1427 978 3.
1448 922 1562 986 ιο).
1582 919 1772 975 melior
1799 916 1967 972 factus
1997 929 2102 972 non
2121 923 2225 980 est,

649 1017 746 1073 sed
783 1015 1116 1088 gravioribus
1164 1029 1222 1072 se
1259 1013 1477 1070 involvit
1513 1011 1667 1067 malis
1707 1027 1722 1065 :
1760 1009 1806 1063 si
1857 1022 1964 1064 non
2009 1007 2231 1062 vidisset

647 1120 772 1179 qua
801 1105 936 1176 patri
967 1097 1321 1178 contigerint,
1340 1103 1393 1159 lu
1413 1115 1570 1173 quam
1599 1114 1707 1156 non
1738 1098 2064 1170 pervenisset
2093 1098 2233 1150 insa-

651 1196 833 1252 niam?
853 1195 924 1253 Et
943 1196 1086 1269 quod
1110 1209 1242 1253 sane
1267 1193 1620 1249 admiratione
1640 1191 1797 1247 luerit
1823 1189 2062 1263 dignum,
2083 1189 2229 1244 illum

651 1286 812 1343 etiam
832 1287 921 1356 qui
945 1285 1334 1356 talia-peccavit
1361 1293 1415 1339 et
1441 1281 1645 1338 nefario
1674 1279 1963 1336 homicidio
1989 1279 2230 1335 dextram

654 1373 843 1445 polluit
866 1375 1092 1446 puniens
1114 1415 1131 1440 ,
1167 1373 1529 1429 misericordia
1551 1386 1764 1442 ponam
1789 1370 2027 1426 miscuit.

720 1460 777 1518 ι.
821 1463 887 1518 Et
914 1471 972 1518 ut
1000 1463 1279 1519 manifeste
1320 1463 1460 1518 scias
1493 1461 1688 1518 divina:
1713 1460 2000 1528 bonitatis,
2031 1475 2150 1531 quae
2177 1468 2233 1515 et

653 1553 736 1610 isti
766 1553 1000 1610 exhibita
1025 1562 1150 1620 est,
1192 1552 1604 1624 magnitudinem
1644 1561 1812 1606 :tum
1851 1549 2065 1622 quidem
2106 1565 2228 1606 cum

654 1646 819 1701 Deum
840 1644 985 1715 gravi
1005 1644 1322 1700 contumelia
1341 1640 1574 1698 alliceret
1594 1641 1868 1698 atterendo
1887 1639 2229 1707 sacriﬁcium,

654 1742 710 1789 et
739 1748 986 1806 magnum
1018 1748 1128 1804 pro
1153 1748 1214 1790 se
1253 1730 1473 1789 ferendo
1505 1740 1868 1801 contemptum
1915 1730 1935 1803 (
1953 1747 2060 1786 non
2086 1731 2232 1787 enim

652 1823 920 1880 dividebat
946 1823 1125 1892 iuste,
1174 1823 1272 1877 sed
1315 1820 1572 1877 oﬂereliat
1598 1821 1910 1892 simpliciter
1949 1831 2004 1876 et
2032 1820 2233 1890 absque

576 1894 582 1899 ’
652 1914 862 1970 delectu
883 1913 924 1983 ),
955 1912 1085 1968 nillil
1107 1911 1185 1968 vel
1211 1927 1373 1983 grave
1393 1912 1474 1966 vel
1499 1911 1779 1968 molestum
1805 1911 2057 1966 adversus
2085 1911 2234 1966 illum

653 2006 903 2073 loquutus
950 2012 1033 2059 est
1076 2003 1252 2070 Deus,
1299 2003 1542 2073 quamvis
1588 2012 1861 2072 peccatum
1906 2003 2080 2074 ipsum
2128 2017 2234 2058 non

653 2105 798 2151 esset
821 2099 1041 2165 parvum
1071 2102 1127 2149 et
1153 2092 1370 2164 vulgare
1387 2133 1404 2160 ,
1433 2092 1528 2149 sed
1556 2092 1707 2148 valde
1734 2108 2004 2163 magnum.
2031 2093 2160 2149 Nam
2187 2093 2234 2149 sl

657 2183 696 2243 il
723 2186 810 2256 qui
841 2200 1170 2256 coogeneres
1199 2184 1442 2241 homines
1469 2184 1718 2240 honorari
1750 2185 1954 2250 volunt,
1986 2187 2151 2256 prima
2179 2196 2237 2243 et

653 2275 920 2348 pmipun
937 2276 1041 2332 illis
1055 2274 1310 2339 tribuunt,
1331 2276 1524 2346 illaque
1541 2274 1734 2332 olerre
1754 2278 1983 2331 maxime
1997 2275 2232 2344 student,

652 2383 774 2437 quae
820 2365 1072 2422 omnibus
1117 2366 1431 2438 pretiosiora
1483 2366 1582 2421 sibi
1627 2366 1871 2422 videntur
1915 2385 1929 2420 :
1968 2367 2235 2438 quomodo

653 2456 924 2527 hominem
956 2455 1067 2512 Deo
1101 2457 1413 2512 oderentem
1457 2471 1561 2510 non
1591 2455 1870 2525 oportebat
1900 2457 2008 2510 Deo
2035 2456 2234 2527 pretio-

653 2524 796 2602 ἕξοι-ε
821 2557 876 2604 et
906 2547 1270 2616 praestantiora
1298 2544 1534 2600 olferre?
1563 2524 1724 2616 Igitur
1749 2561 1868 2599 cum
1889 2524 2089 2600 tantum
2115 2560 2236 2616 pec-

654 2646 820 2702 caret,
843 2645 899 2692 et
929 2646 1130 2722 tantuli
1161 2651 1266 2706 pra:
1294 2651 1354 2692 se
1380 2635 1542 2692 ferret
1566 2645 1930 2706 contemptum
1957 2636 2066 2700 ille,
2097 2636 2236 2692 Deus

657 2735 833 2782 tamen
866 2743 969 2782 non
1019 2727 1198 2796 petivit
1229 2742 1473 2797 pinnam,
1520 2742 1693 2796 neque
1719 2740 1815 2797 pro
1856 2727 2005 2782 lactis
2030 2728 2236 2797 suppli-

655 2818 794 2874 cium
822 2818 994 2889 exegit
1017 2836 1029 2872 :
1061 2817 1152 2872 sed
1176 2818 1325 2887 quasi
1352 2817 1554 2872 amicus
1574 2821 1766 2884 amico,
1793 2831 1914 2873 cum
1937 2819 2078 2873 omni
2107 2818 2237 2874 leni-

657 2915 763 2965 tate
792 2908 1014 2978 loquens
1043 2908 1119 2961 sic
1159 2907 1292 2962 dixit
1319 2926 1332 2962 :
1369 2905 1615 2974 Peccasti,
1637 2907 1832 2978 quiesce
1863 2905 2027 2980 (Gen.
2057 2909 2108 2963 ι.
2142 2909 2231 2978 7).

658 2999 940 3057 Peccatum
969 2999 1243 3054 dumtaxat
1271 2999 1344 3054 illi
1377 2999 1657 3066 indicavit,
1685 3008 1740 3054 et
1763 3001 2028 3055 consuluit
2063 3015 2129 3056 ne
2155 3001 2237 3056 ul-

656 3089 822 3146 (erius
851 3089 1276 3158 progrederetur.
1308 3089 1497 3145 Vidisti
1541 3090 1789 3145 bonitatis
1825 3091 2235 3146 excellentiam?

654 3180 760 3238 Sed
790 3182 909 3251 quia
942 3181 1028 3236 ille
1050 3197 1154 3236 non
1181 3183 1350 3235 solum
1384 3180 1511 3234 nihil
1538 3195 1601 3236 ex
1632 3191 1774 3234 tanta
1803 3181 2048 3251 patientia
2076 3181 2235 3235 lucri-

658 3270 815 3334 fecit,
845 3272 938 3327 scd
968 3280 1022 3326 et
1049 3271 1290 3341 graviora
1322 3271 1506 3340 primis
1533 3270 1748 3340 adjecit,
1775 3284 1935 3341 atque
1964 3270 2028 3326 ad
2059 3270 2235 3326 fratris

659 3377 842 3417 necem
872 3364 1209 3432 properavit,
1245 3363 1382 3416 Deus
1409 3362 1621 3432 quidem
1653 3363 1704 3416 in
1747 3377 1869 3419 eum
1911 3361 2082 3418 adhuc
2121 3379 2235 3417 ma-

656 3468 814 3523 gnam
840 3451 1156 3507 ostendebat
1183 3452 1471 3517 lenitatem,
1502 3454 1837 3522 interrogans
1861 3453 2006 3524 prius
2031 3465 2085 3508 et
2103 3455 2235 3508 dans

660 3543 735 3598 illi
771 3542 1150 3597 satisfactionis
1180 3541 1351 3596 locum
1381 3559 1393 3596 :
1422 3542 1515 3596 sed
1544 3543 1665 3612 quia
1697 3545 1890 3596 mansit
1935 3543 2232 3614 impudens,

657 3643 783 3688 tunc
805 3648 1014 3704 pinnam
1041 3633 1213 3686 intulit
1237 3633 1282 3685 ei
1309 3631 1695 3688 emendationis
1721 3633 1907 3702 gratia,
1931 3650 2051 3703 qua:
2073 3634 2232 3690 etiam

660 3727 772 3795 ipsa
802 3726 1021 3779 multum
1052 3724 1280 3780 habebat
1308 3725 1684 3781 misericordia:
1714 3725 2028 3782 admixtum.

737 3815 840 3882 Qui
881 3819 930 3870 in
974 3833 1064 3871 nos
1109 3828 1310 3884 peccat,
1359 3823 1591 3887 feratur;
1629 3821 1712 3890 qui
1757 3821 1808 3873 in
1837 3819 1999 3875 Deum
2041 3831 2231 3890 peccat,

665 3911 927 3980 puniatur.
951 3939 1017 3948 —
1046 3907 1205 3963 Vides
1241 3908 1507 3978 quomodo
1535 3910 1671 3963 Deus
1691 3951 1704 3974 ,
1744 3911 1955 3978 quando
1983 3913 2034 3966 in
2063 3913 2232 3981 ipsum

662 3999 920 4072 peccavit,
945 4007 1328 4068 peccatumque
1353 4014 1456 4054 non
1479 3999 1712 4068 vulgare,
1736 3999 1931 4063 dimisit
1962 4001 2007 4055 ei
2034 4019 2046 4054 :
2073 4017 2236 4070 quan-

660 4092 730 4145 do
755 4100 930 4144 autem
961 4088 1011 4142 it:
1055 4087 1271 4143 fratrem
1311 4088 1534 4141 armavit
1571 4089 1812 4143 dextram
1841 4131 1855 4152 ,
1898 4087 2234 4144 maledicmm

661 4181 836 4236 intulit
858 4190 910 4234 et
941 4177 1275 4244 increpant?
1305 4180 1391 4233 Sic
1417 4193 1555 4232 nunc
1581 4187 1636 4233 et
1666 4193 1764 4232 nos
1791 4177 2045 4234 faciamus
2065 4219 2079 4243 ,
2113 4179 2234 4233 imi-

665 4281 942 4341 temurqne
971 4271 1248 4324 Dominum
1283 4279 1562 4333 nostrum;
1595 4281 1643 4324 et
1673 4272 1714 4323 si
1741 4271 1865 4338 quid
1908 4273 1957 4324 in
1990 4286 2083 4326 nos
2117 4287 2254 4343 pecs

662 4370 839 4417 catum
869 4358 1044 4420 fuerit,
1075 4359 1279 4414 veniam
1307 4359 1515 4426 demus,
1545 4367 1601 4413 et
1628 4361 1956 4414 remittamus
1982 4361 2047 4414 iis
2067 4360 2155 4431 qui
2183 4361 2234 4415 in

665 4466 762 4505 nos
802 4450 1178 4517 deliquerunt:
1207 4448 1424 4518 quando
1465 4459 1640 4502 autem
1674 4449 1725 4502 in
1759 4449 1923 4504 Deum
1964 4461 2235 4519 peccatum

666 4544 923 4607 refertur,
966 4549 1092 4594 tunc
1133 4554 1319 4610 pauos
1361 4541 1650 4610 exigamus.
1696 4539 1803 4595 Sed
1835 4542 2015 4597 nescio
2042 4543 2130 4611 qui
2158 4542 2234 4608 lit,

670 4636 924 4686 ntomnia
967 4646 1119 4685 secus
1159 4631 1448 4694 faciamus,
1494 4632 1709 4687 omnino
1755 4643 1965 4702 peccata
2009 4650 2127 4704 qua:
2172 4634 2237 4690 ad

669 4723 833 4776 Deum
862 4722 1160 4791 pertingunt
1181 4760 1196 4786 ,
1225 4719 1386 4773 inulta
1416 4734 1533 4774 esse
1559 4721 1779 4775 sinimus
1809 4740 1820 4775 :
1849 4724 1890 4776 si
1919 4724 2036 4793 quis
2061 4736 2237 4780 autem

669 4829 850 4880 parum
884 4811 1006 4880 quid
1046 4811 1098 4864 in
1143 4824 1243 4864 nos
1287 4810 1616 4880 peccaverit,
1666 4812 1781 4881 ejus
1821 4829 2008 4882 graves
2055 4831 2238 4871 sumus

667 4903 867 4956 ultores
909 4912 959 4955 et
1009 4910 1383 4966 aecuSatorcs,
1437 4902 1739 4970 ignorantes
1784 4919 1881 4958 nos
1926 4920 1986 4960 ea
2034 4907 2240 4963 ratione

669 4991 1062 5046 misericordem
1083 4991 1358 5045 Dotninum
1381 4993 1546 5063 magis
1566 4993 1902 5050 exacerbare.
1927 4995 2075 5064 Quod
2095 4999 2236 5054 enim

669 5097 784 5138 mos
804 5084 872 5138 sit
895 5082 1002 5137 Deo
1029 5097 1169 5153 srepe
1189 5082 1455 5141 dimittere
1475 5101 1590 5155 qua-
1617 5086 1668 5142 in
1693 5103 1751 5143 se
1778 5099 1991 5158 peccata
2023 5090 2234 5159 fuerint,

669 5193 850 5232 verum
880 5191 1000 5247 quae
1030 5177 1081 5230 in
1117 5177 1411 5246 proximum
1432 5220 1447 5244 ,
1491 5194 1552 5234 ea
1583 5196 1920 5253 cummagna
1958 5187 2240 5241 severitate

666 5269 982 5338 exquirere,
1018 5268 1140 5322 audi
1186 5268 1393 5322 beatum
1428 5271 1644 5325 Paulum
1687 5274 1951 5330 dicentem
1981 5294 1994 5330 :
2026 5277 2084 5333 Si
2127 5279 2240 5349 quis

671 5375 876 5412 uxorem
901 5357 1045 5412 habet
1070 5356 1344 5424 inﬁdelem,
1369 5371 1414 5414 et
1439 5362 1536 5429 ipsi
1560 5374 1756 5433 gratum
1781 5366 1931 5433 fuerit
1957 5368 2240 5424 cohabitme

668 5451 765 5515 illi,
799 5465 896 5502 non
933 5449 1152 5503 dimittat
1193 5449 1352 5503 illam.
1386 5449 1448 5503 Et
1489 5453 1533 5507 si
1570 5470 1667 5524 qua
1707 5456 1885 5508 mulier
1913 5460 2054 5514 habet
2079 5463 2238 5515 tirnm

671 5543 940 5611 inﬁdelem,
975 5558 1020 5596 et
1049 5544 1128 5595 hic
1155 5543 1394 5598 consentit
1425 5546 1645 5601 habitare
1672 5565 1784 5601 cum
1810 5549 1919 5611 illa,
1948 5569 2045 5607 non
2072 5555 2239 5608 dimit-

671 5645 738 5686 tnt
768 5632 908 5684 illum
937 5635 1028 5703 (Ι.
1051 5632 1168 5687 Cor.
1193 5635 1246 5686 ’1.
1275 5635 1358 5688 η.
1388 5618 1454 5690 lli
1473 5638 1514 5705 ),
1541 5637 1725 5692 Vidisti
1753 5651 1946 5710 quanta
1973 5645 2038 5697 ibi
2068 5647 2239 5700 indul—

668 5723 887 5792 gentia?
919 5724 1136 5779 Etiamsi
1161 5727 1371 5792 gentilis
1401 5727 1573 5792 fuerit,
1602 5729 1806 5785 etiamsi
1839 5733 2084 5800 inﬁdelis,
2118 5752 2237 5804 pro-

672 5814 756 5870 bet
784 5825 954 5868 autem
983 5817 1424 5870 colialiitationetn
1444 5861 1457 5882 ,
1499 5835 1602 5872 non
1633 5821 1876 5891 refugiat.
1912 5823 1976 5880 Et
2007 5825 2193 5882 itermu
2220 5845 2232 5879 :

1365 436 1426 495 8.
1463 429 1743 494 105Nle
1777 419 2253 488 681118051⁵οᾶίί
2289 421 2608 485 ABCIIIEP.
2643 425 3180 490 CONSTANTlNOP.

3809 438 3905 496 23!

2338 536 2456 598 Etsi
2479 543 2680 612 amntis
2699 547 2855 616 [urit
2877 547 3060 602 milia
3074 590 3090 616 ,
3131 549 3228 604 aut
3250 549 3473 618 inﬁdelis
3492 595 3506 616 ,
3532 553 3738 623 vultque
3759 557 3901 612 colu-

2334 628 2513 698 bitsrc,
2535 649 2643 688 non
2659 635 2893 706 repellat.
2919 637 3022 704 0st
3040 639 3160 704 scis,
3184 639 3368 710 inquit,
3391 641 3590 704 mulier,
3614 660 3738 698 nam
3758 647 3905 702 sireis

2333 723 2591 779 animus
2614 725 2688 780 sis
2704 726 2731 780 l
2750 733 2842 786 "ut
2864 727 2954 797 qui
2977 728 3099 795 scis,
3123 729 3221 797 νὴ,
3250 746 3373 785 nant
3401 733 3662 788 mulierem
3690 738 3909 800 sulcas-

2315 827 2423 868 ,ηε
2447 815 2518 868 sis
2541 813 2616 888 (I.
2637 815 2828 874 υσνιτ.
2853 817 2983 888 id)?
2999 816 3132 875 Vide
3155 822 3544 891 quomodonou
3564 825 3817 894 mobiba
3842 829 3906 883 iu-

2333 901 2550 994 Ideiem
2567 908 2878 977 quempiam
2888 908 2976 965 vel
2991 911 3295 980 quampiam
3317 913 3371 968 in
3389 915 3728 994 considia-iiii
3749 919 3910 990 legem

2334 993 2553 1050 assumi.
2584 998 2720 1054 Audi
2749 1000 2942 1055 iterum
2970 1000 3140 1070 ipsum
3169 1001 3441 1060 Christum
3466 993 3737 1066 dicentem
3762 1011 3909 1068 disci-

2332 1084 2514 1153 pulis:
2554 1085 3053 1159 Dte-enimsatis,
3085 1095 3247 1151 omnis
3290 1097 3382 1168 qui
3420 1098 3672 1157 dimiseris
3712 1120 3913 1162 uere-

2331 1170 2508 1244 etisnt,
2533 1192 2749 1252 excepta
2769 1198 2927 1240 causa
2948 1186 3318 1256 fornicationis,
3345 1190 3468 1261 facit
3495 1192 3641 1250 illaut
3681 1198 3916 1253 maciei

2334 1266 2358 1340 (
2380 1268 2566 1326 lculi.
2594 1273 2651 1328 ὖ.
2681 1271 2750 1330 Si
2774 1274 2814 1344 ).
2853 1271 3049 1348 ingens
3075 1279 3408 1352 benignitas!
3438 1284 3661 1352 Etiamsi
3692 1287 3917 1346 inﬁdelis

2337 1358 2516 1428 fuerit,
2549 1363 2633 1419 vel
2662 1365 2873 1439 gentilis
2895 1406 2912 1433 ,
2948 1367 2993 1422 si
3021 1373 3386 1441 consenserit,
3431 1377 3604 1434 retine
3628 1395 3645 1434 :
3671 1379 3718 1434 si
3742 1393 3916 1438 autem

2337 1454 2389 1508 in
2416 1463 2469 1511 te
2495 1457 2826 1526 peccaverit,
2851 1467 2906 1515 et
2942 1455 3215 1532 pactorum
3249 1465 3593 1525 obliviscatur
3612 1511 3628 1535 ,
3660 1472 3916 1529 arvorum-

2337 1561 2440 1618 que
2468 1549 2760 1618 prretulerit
2783 1552 3108 1608 consortium
3131 1597 3146 1620 ,
3186 1555 3310 1613 licet
3353 1560 3446 1614 tibi
3478 1561 3620 1616 illam
3646 1565 3849 1635 ejicere
3867 1583 3916 1622 et

2338 1637 2621 1706 repellere.
2652 1638 2776 1696 Ιιπ
2800 1643 3127 1713 cogitantes,
3157 1646 3466 1705 studeamus
3495 1652 3656 1710 etiam
3699 1656 3922 1712 Dentium

2337 1741 2556 1802 propter
2597 1734 2734 1790 lianc
2762 1735 2815 1792 lu
2859 1750 2958 1792 nos
2996 1737 3418 1796 benevolentiam
3449 1745 3650 1812 pariter
3679 1747 3923 1806 referre:

2335 1830 2391 1876 et
2414 1821 2554 1878 sicut
2580 1823 2696 1903 ipse
2720 1827 2830 1881 vult
2851 1826 3121 1884 dimittere
3145 1845 3208 1885 ea
3233 1846 3353 1903 quae
3379 1835 3430 1888 in
3453 1849 3512 1889 se
3537 1846 3753 1904 peccata
3779 1847 3921 1903 sunt,

2337 1927 2453 1982 quae
2480 1923 2654 1970 autem
2681 1916 2733 1970 in
2764 1933 2882 1985 nos,
2905 1919 3194 1983 ulciscitur,
3221 1922 3379 1994 idque
3403 1940 3590 1996 magna
3615 1930 3921 1995 severitate,

2336 1997 2526 2060 eodem
2554 2021 2682 2064 sane
2722 2009 2884 2066 modo
2923 2021 2978 2067 et
3023 2013 3122 2084 ipsi
3161 2012 3416 2071 faciamus
3443 2035 3458 2072 :
3484 2035 3836 2093 quacunque
3868 2023 3923 2080 lu

2340 2109 2440 2150 nos
2469 2102 2690 2165 peccaui
2718 2100 2945 2169 proximi
2985 2105 3321 2161 remittamus
3339 2148 3354 2170 ,
3381 2123 3500 2178 qua:
3529 2121 3706 2164 autem
3736 2124 3923 2167 contra

2342 2185 2532 2252 Deutn,
2561 2203 2622 2243 ea
2647 2204 2842 2261 magno
2862 2193 3045 2250 studio
3065 2209 3314 2254 curemus
3336 2199 3536 2255 ulcisci.
3570 2202 3720 2268 Quod
3751 2214 3804 2258 et
3832 2222 3926 2259 no-

2339 2275 2420 2332 bis
2466 2279 2698 2344 ινιιυιιοήι
2723 2281 3008 2350 plurimum
3032 2326 3048 2352 ,
3078 2296 3133 2342 et
3172 2303 3270 2344 eos
3305 2293 3394 2361 qui
3438 2295 3780 2364 corriguntur
3817 2313 3925 2352 non

2341 2381 2524 2435 parum
2567 2371 2791 2438 juvabit.
2823 2373 3089 2432 Fortassis
3134 2379 3290 2436 bodie
3334 2382 3588 2452 prolixius
3612 2388 3760 2456 justo
3801 2406 3924 2459 pro-

2339 2460 2554 2514 mntium
2589 2461 2828 2518 ferimus.
2875 2465 2980 2521 Sed
3008 2468 3135 2538 quid
3176 2471 3373 2540 agam?
3413 2473 3522 2530 lloc
3563 2487 3756 2546 ιιι-τρια·
3802 2496 3926 2535 sen-

2341 2550 2556 2604 tentiam
2585 2552 2712 2606 mihi
2740 2555 2956 2624 contigit
2976 2598 2991 2621 ,
3024 2559 3306 2616 verborum
3340 2562 3484 2619 ﬂuxu
3515 2578 3684 2636 rapto.

2411 2637 2587 2694 Pinnae
2622 2659 2654 2694 η
2691 2642 2796 2698 Deo
2839 2645 3000 2701 illst.
3035 2648 3316 2706 clementia
3352 2656 3653 2723 conjuncta.
3676 2688 3751 2699 —
3778 2659 3926 2726 Quo-

2339 2730 2481 2784 niam
2514 2743 2690 2787 autem
2718 2737 2892 2790 omnis
2916 2753 3096 2794 sermo
3122 2751 3305 2798 noster
3328 2742 3395 2798 de
3421 2745 3619 2801 diluvio
3643 2759 3725 2803 est
3742 2792 3756 2814 ,
3792 2767 3927 2820 opus

2339 2821 2492 2875 nobis
2531 2833 2648 2878 erat
2684 2825 2894 2881 caritati
2939 2838 3130 2883 vestrm
3158 2833 3478 2900 Ostenderc,
3527 2852 3712 2906 pinnas
3744 2856 3776 2894 a
3819 2842 3927 2898 Deo

2342 2912 2495 2968 nobis
2527 2915 2699 2970 illatas
2727 2918 3106 2976 misericordia:
3137 2923 3304 2992 magis
3327 2939 3447 2980 esse
3467 2967 3482 2991 ,
3522 2943 3680 2998 quam
3709 2947 3888 3001 pmna:
3913 2955 3925 2988 :

2337 3002 2416 3058 sic
2457 3019 2672 3095 quoque
2716 3017 2832 3081 erat
2880 3017 2936 3064 et
2974 3010 3253 3068 diluvium.
3302 3014 3435 3070 Nam
3483 3020 3613 3074 sicut
3663 3022 3928 3095 benignus

2337 3106 2458 3164 erga
2487 3093 2623 3150 lilios
2650 3105 2831 3167 pater,
2863 3101 3041 3155 omnia
3082 3104 3151 3158 ob
3192 3119 3373 3160 curant
3408 3109 3456 3160 in
3483 3124 3657 3178 genus
3683 3093 3927 3172 nostrum

2341 3182 2482 3238 facit.
2515 3185 2582 3241 Ut
2607 3197 2781 3243 autem
2813 3205 2876 3245 ex
2905 3192 2968 3245 iis
2991 3233 3007 3258 ,
3051 3209 3172 3263 qua:
3201 3211 3341 3252 nunc
3371 3205 3639 3270 proposita
3668 3218 3721 3259 et
3772 3207 3929 3266 btuiie

2342 3274 2474 3330 lceta
2501 3276 2715 3333 discatis
2745 3281 3084 3352 benignitatis
3110 3285 3254 3342 illius
3274 3291 3712 3361 magnitudinem,
3745 3300 3928 3354 audia-

2340 3381 2458 3456 mus
2504 3367 2615 3436 ipsa
2662 3368 2854 3424 divina:
2897 3371 3185 3444 Scriptura:
3234 3380 3414 3434 verba.
3466 3382 3596 3437 Nam
3641 3387 3765 3456 quia
3811 3389 3926 3445 beri

2339 3455 2521 3513 docuit
2554 3476 2650 3514 nos
2687 3462 2874 3518 beatus
2900 3464 3070 3523 Moses
3095 3511 3109 3533 ,
3142 3470 3326 3527 dicens
3346 3515 3359 3537 ,
3408 3455 3750 3536 Emttataest
3794 3499 3926 3553 aqua

2337 3564 2490 3618 super
2519 3562 2706 3604 terram
2731 3554 2908 3611 diebus
2931 3567 3129 3612 centum
3151 3563 3561 3637 quinquagintal
3578 3568 3707 3624 Gen.
3738 3571 3792 3625 7.
3819 3571 3924 3645 ει)

2339 3637 2359 3707 (
2375 3647 2428 3693 et
2456 3654 2520 3694 eo
2546 3657 2713 3712 usque
2740 3645 2984 3702 docendo
3013 3652 3426 3725 processimus),
3459 3656 3613 3712 hodie
3635 3661 3705 3712 ait
3737 3678 3754 3716 :
3788 3664 3833 3717 ι.
3864 3637 3929 3718 εὶ

2337 3731 2631 3788 recordatus
2659 3745 2732 3789 cst
2759 3735 2901 3793 Dens
2923 3739 3040 3795 Noe
3061 3784 3076 3802 .
3102 3753 3148 3797 et
3181 3749 3408 3800 omnium
3449 3753 3693 3820 ferarum,
3740 3768 3787 3810 et
3811 3774 3924 3811 an-

2339 3822 2477 3874 nium
2506 3825 2876 3897 jumentorum,
2919 3841 2963 3885 et
3003 3835 3227 3891 omnium
3268 3840 3544 3895 volantium
3568 3887 3584 3911 ,
3617 3855 3665 3899 rt
3701 3852 3927 3905 omnium

2341 3913 2596 3981 reptiliuns
2618 3959 2633 3980 ,
2659 3935 2984 3988 quwcumqne
3005 3936 3147 3979 erant
3167 3943 3282 3981 cum
3308 3931 3397 3984 illo
3421 3933 3474 3985 in
3499 3950 3620 3988 arcu
3648 3936 3800 4004 (Cen.
3824 3941 3909 4013 8).

2412 4005 2464 4057 3.
2508 4005 2638 4062 Vide
2684 4009 2767 4064 hic
2803 4012 2992 4066 iterum
3019 4056 3032 4077 ,
3074 4031 3232 4084 quam
3273 4033 3330 4075 se
3370 4031 3686 4093 attempetet
3725 4005 3927 4086 nostrae

2343 4091 2631 4149 infirmitati
2661 4098 2834 4154 divina
2864 4101 3154 4174 Scriptura.
3189 4107 3252 4162 Et
3281 4091 3573 4168 recordatus
3603 4128 3694 4180 est,
3732 4120 3924 4191 inquit,

2345 4185 2500 4241 Deus.
2529 4189 2883 4257 Dilectissimi,
2911 4195 3266 4268 intelligamus
3293 4201 3405 4256 lucc
3433 4216 3487 4258 ut
3511 4207 3728 4278 dignum
3756 4185 3830 4266 est
3859 4217 3928 4269 de

2343 4277 2458 4340 Deo
2479 4280 2794 4350 intelligere,
2821 4299 2881 4337 ac
2909 4300 2974 4340 ne
3000 4289 3290 4344 secundum
3318 4303 3520 4349 natum
3549 4309 3747 4354 nostra
3775 4301 3929 4358 inﬁr-

2343 4369 2582 4425 mitatem
2616 4371 2730 4426 haec
2769 4388 2946 4428 crassa
2987 4377 3144 4432 verba
3189 4380 3570 4453 intelligamus.
3594 4387 3726 4444 Nam
3751 4406 3926 4462 quan-

2343 4469 2452 4514 tum
2483 4462 2549 4516 ad
2579 4462 2902 4519 inelfabiietn
2933 4468 3074 4521 illam
3101 4479 3344 4528 naturam
3382 4478 3569 4533 attinet
3591 4519 3610 4544 ,
3649 4482 3926 4554 indignum

2346 4551 2531 4608 luisset
2557 4554 2657 4610 hoc
2683 4557 2904 4612 verbum
2933 4577 2947 4613 :
2979 4571 3232 4630 quantum
3259 4574 3435 4621 autem
3462 4567 3527 4622 ad
3553 4551 3789 4628 nostram
3823 4577 3928 4633 im-

2346 4641 2718 4709 becillitatem,
2763 4650 3001 4718 apposite
3045 4661 3126 4705 est
3186 4653 3410 4710 dictum.
3459 4657 3770 4718 Rccordottu
3814 4679 3925 4734 est,

2347 4732 2546 4803 inquit,
2594 4733 2733 4790 Deus
2774 4735 2906 4791 Noe.
2956 4740 3216 4808 Quoniam
3247 4750 3478 4802 narravit
3523 4751 3676 4807 nobis
3717 4755 3770 4810 in
3811 4732 3926 4828 jam

2345 4825 2520 4891 dictis,
2565 4828 2697 4882 sicut
2741 4829 2886 4898 prius
2928 4834 3132 4887 caritati
3173 4846 3362 4892 vestrm
3400 4840 3648 4911 diximus,
3695 4825 3926 4918 quadra-

2344 4913 2486 4983 ginta
2508 4915 2692 4971 diebus
2713 4928 2768 4973 et
2788 4919 3003 4974 totidem
3027 4925 3270 4979 noctibus
3290 4925 3450 4984 fuisse
3473 4913 3792 5002 pluviam,‘et
3810 4940 3930 4997 (ne.

2347 5004 2445 5060 bus
2477 5017 2690 5063 centum
2728 5012 3100 5092 quinquaginta
3136 5017 3379 5072 eamdem
3417 5025 3674 5079 mansisse
3705 5042 3924 5096 aquam.

2346 5097 2644 5166 quindecim
2694 5100 2886 5157 cubitis
2928 5119 3089 5174 super
3115 5115 3326 5163 montes
3361 5111 3667 5179 exaltatum,
3708 5127 3763 5172 ct
3801 5134 3926 5175 cum

2348 5186 2462 5243 lucc
2493 5189 2710 5256 tierent,
2751 5192 2950 5260 justum
2993 5195 3254 5252 resedisse
3282 5199 3332 5252 in
3359 5215 3482 5256 arca
3503 5243 3518 5267 ,
3550 5219 3720 5274 neque
3745 5224 3924 5266 amis

2347 5279 2550 5349 spirare
2577 5280 2862 5348 valentem,
2893 5283 3356 5360 liabitantibusque
3381 5306 3498 5346 cum
3525 5308 3590 5349 eo
3617 5295 3786 5353 brutis
3810 5304 3926 5355 nni-

2349 5373 2535 5441 rersis,
2566 5374 2763 5431 idcirco
2830 5378 3034 5446 inquit,
3072 5373 3136 5433 Ei
3163 5385 3452 5438 recordatus
3495 5397 3570 5440 est
3608 5387 3749 5446 Dens
3787 5392 3922 5449 Nec.

2347 5463 2481 5532 Quid
2510 5476 2607 5531 est,
2643 5465 2959 5522 Recordatns
3001 5471 3119 5524 est!
3158 5471 3400 5542 Misenus
3438 5486 3538 5539 est,
3573 5480 3769 5548 inquit,
3795 5484 3922 5551 justi

2349 5557 2401 5610 in
2429 5571 2546 5609 arca
2575 5560 2779 5627 agentis
2811 5578 2821 5611 :
2856 5560 3104 5615 misertus
3131 5573 3210 5616 cst
3252 5565 3367 5632 ejus
3411 5565 3462 5619 in
3505 5575 3645 5622 tanta
3683 5574 3919 5642 sopistis

2349 5658 2400 5700 et
2432 5664 2606 5701 rerum
2636 5649 2947 5705 difficultate
2984 5655 3252 5708 canstituti
3280 5697 3294 5719 ,
3340 5657 3732 5731 ignorantisque
3761 5681 3920 5732 quan-

2352 5739 2542 5791 donnm
2577 5741 2828 5795 molestiae
2856 5742 2960 5797 illa:
3005 5744 3162 5799 linem
3209 5747 3467 5802 habitune
3503 5766 3706 5807 essent.
3736 5755 3916 5810 Crassi-

2349 5829 2471 5882 dera
2504 5828 2616 5884 bic.
2644 5845 2856 5901 qua-so,
2888 5837 3070 5904 quales
3102 5845 3223 5891 tunc
3273 5838 3389 5892 ilius
3426 5842 3615 5897 fuerint
3653 5847 3894 5917 mgilatic
