4092 6556
450 393 556 450 ὶδὸ

445 510 549 572 τὰς
581 505 991 579 τεσσαράκοντα
1020 503 1240 572 νύκτας,
1287 502 1352 568 ἀς
1378 507 1411 575 ή
1439 504 1547 558 τῶν
1581 505 1786 560 ὑδάτων
1814 507 1955 578 φορὰ
1990 524 2120 560 κατ-

447 590 694 665 εφέρετο,
737 591 884 664 όριῖιν
908 593 1001 647 ἰπὶ
1046 590 1240 646 ἑκατὸν
1287 591 1627 661 πεντήκοντα
1656 593 1868 664 ἡμέρας
1896 594 1989 646 ἐπὶ
2029 591 2121 644 τοῦ

447 678 614 734 αὑτοῦ
646 679 846 752 μέτρον
866 677 937 733 τά
957 667 1124 732 ὕδατα
1151 676 1398 749 μένοντα,
1423 678 1518 731 κα)⁸
1543 676 1664 732 οὑδὲ
1694 680 1828 743 ὅλως
1849 678 2082 751 λήγοντα
2103 694 2118 710 ·

451 759 545 820 καὶ
562 766 625 820 τὸ
651 766 716 838 δὴ
748 764 1146 837 χαλεπώτερον,
1171 765 1253 818 ὅτι
1280 764 1400 818 οὑδὲ
1431 765 1614 829 αὑτοῖς
1643 765 1942 836 ὀφθαλμοῖς
1976 761 2120 835 εἶχεν

452 852 583 906 ἰδεῖν
607 853 676 907 τὰ
703 851 1066 925 γεγενημένα,
1097 851 1214 904 ἀλλ’
1253 850 1721 922 ὲγκεκλεισμένος,
1757 852 1852 903 καὶ
1879 852 1941 904 οὑ
1970 851 2123 906 δυνά-

452 940 613 1011 μενός
639 940 801 993 ποθεν
827 941 892 1009 τῇ
933 937 1050 1008 ὕψει
1086 936 1380 992 ὑποϐαλεῖν
1424 937 1493 991 τὰ
1531 937 1896 1007 κατειληφότα
1935 938 2118 1003 δεινὰ,

453 1027 675 1097 μείζονα
695 1026 790 1098 τὴν
817 1024 1010 1097 ὀδύνην
1035 1024 1294 1095 ὑπέμενε,
1320 1024 1413 1078 καὶ
1442 1023 1716 1094 βαρύτερα
1742 1024 1865 1078 καθ’
1887 1024 2122 1096 ἑκάστην

451 1114 662 1182 ἀνελογί
713 1130 811 1167 -το,
862 1111 1008 1181 Ἐγὼ
1039 1112 1097 1164 δὲ
1141 1113 1234 1164 καὶ
1281 1109 1543 1181 θαυμάζω
1582 1111 1700 1175 πίις
1729 1111 1833 1166 ὑπὸ
1859 1112 1957 1183 τῆς
1991 1112 2120 1166 ἀθυ-

454 1200 582 1268 μίας
605 1198 774 1269 αὑτῆς
811 1200 872 1251 οὑ
915 1197 1209 1268 κατεπόθη,
1240 1198 1317 1260 εἰς
1346 1196 1550 1251 ἔννοιαν
1575 1199 1866 1269 ἐρχόμενος
1894 1200 1988 1252 καὶ
2016 1200 2116 1270 τῆς

451 1285 725 1349 ἀπωλείας
748 1286 842 1340 τοῦ
870 1287 976 1339 τῶν
1002 1284 1301 1356 ἀνθρώπων
1336 1285 1546 1354 γένους,
1580 1287 1672 1340 καὶ
1704 1286 1802 1357 τῆς
1835 1287 2122 1358 μονώσεως

449 1372 549 1443 τῆς
565 1373 791 1437 οἰκείας,
838 1372 933 1427 καὶ
968 1373 1070 1442 τῆς
1104 1372 1348 1443 χαλεπῆς
1389 1373 1605 1444 ἐκείνης
1637 1374 1932 1444 διαγωγῆς.
1983 1374 2121 1427 Ἀλλ’

450 1459 485 1528 ή
516 1459 664 1512 αἰτία
697 1459 913 1513 πάντων
938 1458 1086 1529 αὑτῷ
1117 1459 1225 1513 τῶν
1254 1460 1528 1530 ἀγαθῶνή
1563 1461 1741 1525 πίστις
1774 1456 1896 1532 ἦνή
1930 1463 2008 1524 είς
2031 1463 2122 1516 τὸν

454 1545 607 1611 Θεὸν,
634 1545 702 1598 δι’
733 1547 799 1616 ήν
833 1546 926 1599 καί
950 1547 1161 1617 ἀντεῖχε
1183 1549 1276 1601 καὶ
1309 1548 1486 1602 πάντα
1513 1547 1774 1615 γενναίως
1801 1549 1962 1621 ἔφερε
1979 1591 1995 1615 ,
2027 1549 2121 1602 καὶ

450 1632 519 1700 τῇ
560 1628 736 1682 ἐλπίδι
781 1631 1112 1700 τρεφόμενος
1151 1630 1360 1693 οὐδενὸς
1404 1629 1671 1700 ὲπῄσθετο
1699 1632 1807 1686 τῶν
1840 1631 2116 1703 λυπηρῶν.

463 1717 615 1771 Ἐπεὶ
651 1714 744 1771 οὖν
775 1719 843 1770 τά
883 1718 1014 1787 παρ’
1041 1716 1232 1770 ἑαυτοῦ
1263 1717 1529 1788 παρέσχε,
1571 1719 1664 1774 καὶ
1705 1718 1811 1790 τὴν·
1845 1719 2121 1791 ὑπομονὴν

455 1804 787 1870 ἐπεδείξατο,
809 1805 901 1857 καὶ
927 1803 1124 1876 δαψιλῆ
1145 1803 1243 1876 τὴν
1266 1804 1448 1858 πίστιν
1468 1806 1776 1876 εἰσήνεγκε,
1803 1806 2004 1877 πολλὴν
2023 1808 2122 1878 τὴν

451 1891 747 1965 καρτερίαν
774 1891 1213 1962 ἐπιδειξάμενος,
1247 1891 1436 1945 σκόπει
1471 1891 1564 1946 τοῦ
1606 1892 1813 1962 ἀγαθοῦ
1849 1892 1985 1947 Θεοῦ
2023 1895 2122 1967 τήν

452 1978 652 2049 πολλὴν
674 1978 802 2050 περὶ
834 1978 996 2032 αὑτὸν
1020 1976 1210 2047 φιλανθ
1220 1979 1452 2048 ρωπίαν.
1485 1979 1592 2034 Kal
1613 1979 1910 2049 ἐμνήσθη,
1936 1980 2120 2052 φησὶν,

451 2068 487 2122 ό
511 2064 656 2140 Θεὸς
680 2065 787 2120 τοῦ
821 2063 970 2119 Νῶε.
1003 2065 1116 2135 Ούχ
1145 2064 1330 2128 ἁπλῶς
1359 2059 1500 2129 εἰπε,
1535 2067 1649 2120 Kal
1672 2067 1944 2136 ἐμνήσθη
1966 2084 1978 2098 ·
2008 2068 2121 2122 ἀλλ’

455 2152 642 2224 ἐπειδὴ
692 2151 1036 2223 προλαϐοῦσα
1083 2153 1115 2223 ἡ
1171 2150 1292 2205 θεία
1324 2152 1515 2224 Γραφὴ
1547 2153 1647 2226 τὴν
1692 2154 1996 2225 μαρτυρίαν
2027 2155 2123 2226 τὴν

455 2240 604 2312 παρὰ
631 2238 725 2292 τοῦ
769 2238 918 2294 Θεοῦ
959 2237 1125 2308 δήλην
1161 2238 1294 2307 ἡμῖν
1325 2238 1548 2309 ἐποίησε
1588 2241 1715 2310 περὶ
1748 2243 1841 2294 τοῦ
1877 2241 2120 2306 δικαίου,

450 2327 720 2397 λέγοντος,
759 2327 1017 2381 Εῑσελθε
1044 2327 1131 2391 είς
1163 2325 1278 2394 τὴν
1300 2326 1570 2394 κιϐωτὸν,
1608 2326 1698 2382 ὅτι
1743 2344 1817 2382 σε
1841 2324 2005 2383 εῖδον
2032 2329 2120 2384 δι-

448 2433 622 2471 ιιαιον
648 2417 719 2470 ἐν
757 2414 834 2484 τῇ
875 2414 1051 2484 γενεᾷ
1091 2415 1280 2484 ταύτῃ
1302 2456 1318 2482 ,
1359 2415 1448 2469 διὰ
1475 2417 1633 2470 τοῦτο
1663 2419 1758 2477 νῦν
1801 2437 1935 2491 φησι
1958 2437 1972 2452 σ
2008 2419 2121 2475 Kal

447 2501 719 2573 ἐμνήσθη
747 2506 780 2557 ό
808 2503 953 2569 Θεὸς
977 2503 1085 2570 τοῦ
1114 2502 1262 2569 Νῶε,
1302 2501 1445 2557 τοῦτ’
1477 2503 1612 2570 εστι,
1648 2505 1746 2574 τῆς
1779 2508 2086 2580 μαρτυρίας
2104 2550 2120 2574 ,

448 2591 516 2662 ἦν
546 2591 672 2660 περί
704 2588 869 2645 αὑτοῦ
911 2589 1221 2659 ἐποιήσατο,
1255 2589 1588 2662 ἀνεμνήσθη,
1625 2591 1718 2644 καὶ
1748 2593 1810 2644 οὐ
1851 2593 2123 2664 περιεῖδεν

447 2679 543 2732 ἐπὶ
573 2677 705 2732 πολὺ
736 2677 826 2730 τὸν
877 2677 1122 2741 δίκαιον,
1169 2676 1306 2730 ἀλλά
1341 2677 1504 2748 μέχρι
1541 2677 1800 2732 τοσούτου
1849 2681 2124 2751 μακροθυ⁹

451 2770 660 2839 μησας.
688 2765 879 2836 μέχρις
915 2766 1003 2819 ὅτε
1033 2766 1304 2835 ἀντισχεῖν
1346 2763 1610 2834 ἠδύνατο,
1651 2767 1770 2820 τότε
1800 2768 1985 2823 λοιπὸν
2025 2772 2124 2840 τὴν

449 2855 582 2923 παρ’
613 2852 808 2906 ἑαυτοῦ
848 2853 1103 2922 δωρεῖται
1135 2851 1314 2922 χάριν.
1347 2844 1517 2914 Εἰδὼς
1549 2852 1657 2924 γὰρ
1696 2855 1852 2925 ἡμῶν
1881 2856 1981 2926 τῆς
2021 2857 2125 2927 φύ-

389 2984 398 2990 .
448 2956 588 3002 σεως
612 2940 712 3010 τὴν
733 2938 1040 3003 ἀσθένειαν,
1070 2939 1288 2991 ἐπειδὰν
1313 2940 1643 3012 συγχωρήσῃ
1675 2943 1977 3014 πειρασμόν
2004 2962 2124 2998 τινα

446 3026 842 3096 ἐπενεχθῆναι,
889 3026 1050 3095 μέχρι
1100 3024 1355 3081 τοσούτου
1395 3026 1620 3098 ἀφίησι,
1663 3028 1857 3099 μέχρις
1895 3030 1985 3083 ὅτε
2016 3026 2126 3084 οἶδε

447 3113 783 3184 δυναμένους
839 3113 1199 3182 ὑπενεγκεῖν,
1253 3114 1340 3167 ἵνα
1386 3113 1481 3167 καὶ¹
1511 3115 1643 3186 ἡμῖν
1688 3116 1787 3186 τῆς
1829 3118 2127 3189 καρτερίας

449 3200 728 3271 ἀρκοῦσαν
755 3201 855 3272 τὴν
879 3200 1114 3271 ἀμοιϐὴν
1143 3201 1457 3272 χαρίσηται,
1480 3203 1575 3256 καὶ
1594 3202 1693 3273 τὴν
1716 3204 1916 3257 οἰκείαν
1939 3206 2128 3275 φιλανη

448 3288 697 3360 θρωπίαιι
739 3287 1105 3358 ἐπιδείξηταιο
1141 3287 1396 3360 καθάπερ
1438 3289 1533 3344 καὶ
1575 3290 1789 3355 Παῦλὸς
1827 3310 1994 3364 φησιο
2025 3296 2127 3346 Πι-

447 3376 596 3440 στὸς
621 3374 689 3428 δὲ
709 3379 742 3429 ό
767 3374 935 3441 Θεὸς,
957 3374 1025 3441 ὃς
1051 3377 1162 3430 οὐκ
1179 3374 1345 3429 ἐάσει
1373 3375 1530 3444 ὑμᾶς
1554 3379 1947 3447 πειρασθῆναι
1972 3379 2126 3449 ὑπὲρ

449 3464 482 3517 δ
509 3461 792 3526 δύνασθε,
820 3463 980 3517 ἀλλὰ
1003 3462 1244 3531 ποιήσει
1276 3462 1399 3517 σὺν
1422 3463 1503 3530 τῷ
1539 3466 1846 3535 πειρασμῷ
1879 3469 1980 3521 καὶ
2011 3469 2125 3536 τὴν

448 3551 700 3604 ἔκϐασιν
719 3590 733 3615 ,
770 3549 875 3603 τοῦ
905 3549 1202 3605 δύνασθαι
1243 3549 1399 3620 ὑμᾶς
1425 3554 1796 3622 ὑπενεγκεῖν.
1845 3555 1998 3608 Ἐπεὶ
2030 3552 2123 3610 οὖν

453 3642 546 3694 καὶ
588 3643 614 3693 ό
647 3639 854 3702 δίκαιος
897 3631 1053 3702 οὗτος
1093 3640 1192 3710 τὴν
1249 3641 1545 3711 καρτερίαν
1581 3643 1673 3694 καὶ
1700 3642 1797 3713 τὴν
1848 3643 2125 3715 ὑπομονὴν

451 3727 798 3792 ἐπεδείξατο,
833 3726 1012 3779 πίστει
1046 3729 1110 3798 τῇ
1160 3729 1238 3790 εἰς
1275 3727 1366 3780 τὸν
1405 3726 1538 3781 Θεὸν
1579 3727 1674 3798 τὴν
1710 3730 1770 3781 ἐν
1807 3732 1872 3799 τῇ
1907 3730 2126 3801 κιϐωτῷ

451 3815 664 3884 οἴκησιν
704 3813 1103 3884 ἀνασχόμενος,
1150 3813 1302 3886 [248]
1341 3815 1450 3867 Kal
1486 3815 1795 3884 ἐμνήσθη,
1849 3818 2048 3886 φησὶν,
2093 3823 2126 3874 ὀ

455 3901 599 3967 Θεὸς
629 3901 735 3955 τοῦ
760 3900 905 3955 Νῶε.
937 3897 1068 3953 Εἶτα
1100 3902 1189 3954 ἵνα
1215 3902 1392 3973 μάθῃς
1417 3901 1576 3955 αὑτοῦ
1601 3903 1697 3972 τῆς
1719 3903 2125 3976 φιλανθρωπίας

451 3991 550 4060 τὴν
615 3989 870 4053 ἄϐυσσον,
904 3989 1247 4060 προσέθηκεν
1278 3991 1310 4060 ἡ
1355 3989 1475 4041 θεία
1502 3989 1542 4041 Γ
1548 3990 1722 4060 ραφή·
1747 3990 1856 4043 Kal
1884 3990 2127 4046 πάντων

451 4075 570 4131 τῶν
600 4076 837 4144 θηρίων,
874 4077 969 4129 καὶ
1005 4076 1245 4130 πάντων
1290 4077 1408 4131 τῶν
1441 4077 1706 4145 κτηνῶν,
1748 4077 1843 4131 καί
1883 4077 2126 4132 πάντων

452 4161 573 4216 τῶν
624 4159 941 4226 πετεινῶν,
992 4163 1088 4215 καὶ
1127 4162 1370 4240 πάντων
1413 4161 1532 4217 τῶν
1564 4161 1828 4232 ἑρπετῶν
1853 4203 1867 4230 ,
1900 4164 2019 4218 ὅσα
2047 4161 2124 4236 ἦν

447 4249 573 4318 μετ’
604 4248 790 4301 αὐτοῦ
827 4248 899 4300 ἐν
929 4247 1003 4315 τῇ
1033 4247 1276 4314 κιϐωτῷ.

526 4336 668 4404 Ὅρα
716 4335 832 4397 πῶς
880 4333 1096 4388 ἅπαντα
1130 4334 1218 4387 διὰ
1246 4333 1344 4404 τὴν
1386 4336 1467 4398 εἰς
1494 4334 1600 4388 τὸν
1643 4336 1930 4406 ἄνθρωπον
1960 4337 2124 4408 τιμὴν

453 4423 763 4492 ἐργάζεται.
793 4421 1061 4493 Καθάπερ
1089 4422 1197 4492 γάρ
1228 4422 1321 4474 ἐπὶ
1359 4423 1468 4474 τῶν
1510 4422 1865 4477 ἀπολωλότων
1897 4424 2001 4478 ὑπὸ
2028 4423 2124 4477 τοῦ

454 4509 838 4580 κατακλυσμοῦ
871 4509 966 4562 ἀνθ
978 4509 1194 4580 ρώπων,
1229 4510 1346 4579 μετ’
1370 4509 1592 4565 ἐκείνων
1618 4511 1714 4565 καί⁵
1741 4511 1838 4582 τὴν
1861 4511 1970 4565 τῶν
1999 4512 2124 4565 ἀλό-

453 4615 567 4665 γων
598 4596 751 4661 ζώων
791 4596 953 4666 φύσιν
981 4597 1200 4650 ἃπασαν
1225 4595 1549 4666 διέφθειρεν,
1583 4596 1726 4650 οὑτω
1755 4599 1847 4652 καὶ
1892 4599 2126 4654 ἐνταῦθα

456 4687 665 4756 μέλλων
706 4686 804 4757 τὴν
843 4686 1052 4739 οἰκείαν
1096 4684 1507 4756 φιλανθρωπίαν
1556 4687 1960 4741 ἐπιδείκνυσθαι
1999 4690 2127 4760 περὶ

452 4766 546 4820 τὸν
581 4767 806 4832 δίκαιον,
844 4766 933 4820 διὰ
963 4767 1061 4837 τὴν
1097 4767 1176 4829 εἰς
1197 4766 1357 4819 αὑτὸν
1382 4767 1579 4839 τιμήν,
1613 4769 1706 4822 καὶ
1737 4769 1865 4839 περί
1891 4770 1990 4840 τὴν
2021 4771 2128 4825 τῶν

450 4853 664 4922 ἀλόγων
696 4853 876 4922 φύσιν,
912 4855 1005 4907 καὶ
1037 4855 1104 4906 τά
1138 4853 1305 4925 θηρία
1343 4857 1440 4909 καὶ
1467 4855 1536 4908 τά
1565 4855 1790 4910 πετεινὰ
1819 4858 1912 4910 καὶ
1937 4857 2006 4911 τὰ
2034 4860 2128 4930 έρ-

455 4941 599 4995 ma:
650 4942 879 4995 ἐκτείνει
921 4940 1086 4995 αὑτοῦ
1137 4941 1235 5012 τὴν
1290 4942 1622 5014 ἀγαθότητα.
1669 4944 1778 4998 Kal
1829 4945 2127 5016 ἐμνήσθη,

454 5027 640 5099 φησὶν,
680 5030 712 5082 ό
741 5028 884 5095 Θεὸς
918 5029 1022 5083 τοῦ
1056 5029 1202 5092 Νῶε,
1232 5030 1330 5082 καί
1356 5030 1600 5085 πάντων
1624 5030 1742 5086 τῶν
1766 5034 2006 5101 θηρίων,
2030 5035 2127 5089 καί

458 5115 703 5169 πάντων
725 5115 843 5169 τῶν
867 5115 1123 5185 κτηνῶν,
1159 5116 1255 5171 καὶ
1291 5115 1411 5170 τῶν
1452 5118 1735 5187 ἑρπετῶν,
1771 5121 1870 5174 καὶ
1909 5121 2025 5176 ὅσα
2052 5117 2131 5192 ἦν

455 5204 581 5274 μετ’
620 5203 806 5259 αὑτοῦ
856 5203 928 5258 ἐν
977 5204 1050 5273 τῇ
1094 5203 1336 5269 κιϐωτῷ.
1383 5206 1495 5259 Kal
1555 5205 1856 5277 ἐπήγαγεν
1903 5212 1937 5264 ό
1986 5211 2131 5275 Θεὸς

458 5291 695 5361 πνεῦμα
730 5291 828 5347 ἐπί
883 5291 999 5361 τὴν
1036 5292 1174 5362 rﬁr,
1214 5293 1313 5346 καί
1359 5293 1626 5348 ἐκόπασε
1670 5294 1737 5350 τὸ
1769 5296 1943 5365 ὕδωρ.
1972 5295 2132 5369 Μνη-

460 5378 634 5444 σθείς,
667 5379 822 5449 φησὶ,
858 5376 952 5432 τοῦ
984 5379 1109 5432 Νῶε
1129 5418 1144 5444 ,
1181 5379 1276 5433 καὶ
1305 5379 1413 5434 τῶν
1447 5381 1565 5453 μετ’
1590 5381 1756 5436 αὑτοῦ
1789 5383 1956 5438 δντων
1977 5386 2034 5438 ἐν
2063 5387 2122 5458 τῇ

458 5465 674 5537 κιϐωτῷ
704 5466 1033 5539 προσέταξεν
1067 5467 1420 5537 ἐπισχεθῆναι
1448 5469 1555 5523 τῶν
1582 5469 1788 5524 ὑδάτων
1813 5471 1910 5544 τὴν
1935 5457 2124 5542 φορὰν,

459 5555 546 5608 ἵνα
575 5553 717 5607 κατά
753 5553 948 5625 μικρὸν
973 5552 1072 5625 τὴν
1098 5553 1304 5609 οἰκείαν
1333 5555 1670 5628 ἐπιδείξηται
1692 5557 2125 5630 φιλανθρωπίαν,

456 5641 550 5695 καὶ
580 5640 764 5695 λοιπὸν
791 5641 882 5695 τὸν
913 5641 1118 5696 δίκαιον
1143 5642 1479 5698 ἀναπνεῦσαι
1511 5648 1734 5721 ποιήσῃ,
1768 5647 1864 5701 καὶ
1900 5648 1995 5718 τῆς
2023 5647 2125 5702 τῶν

455 5726 730 5798 λογισμῶν
763 5726 1011 5799 ταραχῆς
1038 5729 1418 5801 ἐλευθερώσας
1451 5734 1531 5797 εἰς
1561 5734 1805 5807 γαλήνην
1843 5736 2003 5790 αὑτὸν
2033 5753 2127 5789 κα·

457 5817 720 5888 ταστήσῃ,
755 5815 1120 5888 χαρισάμενος
1153 5817 1250 5871 καὶ
1281 5817 1375 5873 τοῦ
1399 5819 1576 5890 φωτὸς
1595 5823 1692 5895 τὴν
1719 5822 2014 5877 ἀπόλαυσιν
2035 5823 2127 5877 καὶ

457 5900 550 5953 τοῦ
585 5901 744 5974 ἀέρος
777 5901 874 5974 τήν
903 5901 1194 5975 ἀναπνοήν.
1225 5903 1336 5959 Kal
1360 5904 1661 5978 ἐπήγαγεν
1689 5911 1723 5966 ό
1758 5909 1922 5978 Θεὸς,
1955 5910 2086 5981 φησί
2109 5947 2125 5975 .

585 6007 716 6054 mil.
745 6007 795 6056 in
828 6018 982 6071 marg.
1008 6018 1038 6058 e
1062 6019 1162 6059 var.
1191 6008 1311 6060 lect.
1347 6010 1569 6074 λέγουσα.

1242 390 1300 445 S.
1341 387 1628 445 JOANNIS
1666 389 2157 447 CIIRYSOSTOMI
2195 391 2519 448 ARCIIIEP.
2559 385 3110 446 CONSTANTINOP.

3799 382 3914 437 2:4

2225 507 2460 576 πνεῦμα
2486 505 2584 560 ἐ.τί
2611 504 2725 571 τὴν
2757 503 2897 574 γῆν,
2920 502 3016 558 καί
3037 501 3304 556 ἐκόπασε
3331 503 3397 557 τὸ
3438 500 3616 568 ὕδωρ.
3649 500 3762 555 Καὶ
3801 500 3920 553 ἐπ-

2220 596 2654 663 εκαλύςρθησαν
2694 594 2754 646 al
2793 591 2977 660 πηγαὶ
3017 589 3125 658 τῆς
3161 589 3440 646 ἀϐύσσου
3476 589 3574 642 καὶ
3606 590 3661 642 οι
3695 588 3916 653 καταῤ-

2215 677 2434 745 ίάκτιιι
2485 678 2592 733 τοῦ
2640 677 2922 745 οὐρανοῦ.
2983 676 3125 748 Ὅρα
3177 674 3295 740 πῶς
3349 673 3718 746 ἀνθρωπίνως
3778 672 3918 741 ἡμῖν

2224 765 2438 820 ᾶπαντα
2466 764 2798 833 διαλέγεται.
2845 764 3413 833 Ἐπεκαλύερθησαν,
3453 761 3584 833 γὰρ,
3627 760 3819 830 φησιν,
3850 760 3920 810 αι

2230 850 2410 922 πηγαὶ
2433 851 2544 920 τῆς
2557 852 2845 907 ἀϐύσσου
2865 851 2964 905 καί
2989 855 3042 904 οι
3065 850 3465 919 καταρράκται
3493 849 3602 904 τοῦ
3620 846 3912 916 οὐρανοῦ.

2230 941 2324 994 καὶ
2359 942 2702 1009 συνεσκέοη
2745 940 2776 994 ό
2803 937 2977 1002 ὑετὸς
3019 938 3127 992 τοῦ
3171 937 3464 1006 οὐρανοῦ,
3504 936 3798 1008 μονονουχὶ
3819 932 3916 986 λέ-

2231 1044 2396 1096 γουσα
2423 1030 2506 1082 ὅτι
2541 1028 2684 1094 ἔδοξε
2718 1026 2797 1096 τῷ
2826 1025 3092 1098 Δεσπότῃ,
3124 1024 3220 1078 καὶ
3253 1016 3418 1078 πάλιν
3445 1026 3537 1077 ἐπὶ
3575 1023 3680 1092 τῆς
3702 1022 3916 1082 οἰκείας

2221 1114 2414 1186 χώρας
2432 1114 2501 1168 τὰ
2534 1114 2704 1168 ὕδατα
2733 1113 2940 1184 ἔμεινε,
2961 1113 3055 1166 καὶ
3077 1098 3177 1166 οὑκ
3201 1110 3282 1165 ἐτι
3303 1111 3645 1180 πλεονασμὸς
3665 1110 3914 1176 ἐγένετο,

2229 1202 2365 1256 ἀλλά
2410 1201 2548 1256 κατά
2581 1201 2779 1272 μικρὸν
2808 1199 2992 1269 ἔληγε.
3035 1199 3141 1254 Kal
3181 1197 3454 1253 ἐνεδίδου
3491 1196 3560 1251 τὸ
3598 1196 3762 1264 ὕδωρ
3806 1210 3922 1271 πο-

2219 1289 2549 1357 ρευόμενον
2571 1287 2688 1340 ἀπὸ
2721 1285 2832 1355 τῆς
2856 1284 2984 1355 γῆς,
3008 1287 3104 1340 καὶ
3129 1285 3462 1354 ἠλαττοῦτο
3485 1285 3552 1337 τὸ
3575 1282 3738 1350 ὕδωρ
3760 1283 3920 1350 μετά

2223 1372 2598 1440 πεντήκοντα
2617 1375 2715 1428 καί
2743 1373 2964 1427 ἑκατὸν
2986 1372 3208 1443 ἡμέρας
3236 1410 3252 1427 .
3279 1371 3440 1434 Ποῖος
3465 1370 3732 1441 λογισμὸς
3756 1369 3920 1423 τοῦτο

2223 1461 2547 1516 καταλαϐεῖν
2577 1461 2641 1516 ἂν
2656 1460 2910 1532 δυνηθείη
2938 1461 3106 1527 ποτέ;
3140 1459 3340 1522 Ἔστω,
3375 1459 3404 1511 ό
3433 1449 3590 1519 ὑετὸς
3612 1457 3917 1527 ἐπεσχέθη,

2223 1551 2280 1603 αἱ
2311 1549 2485 1620 πηγαὶ
2509 1549 2689 1603 οὐκέτι
2717 1546 3056 1617 πλεονασμὸν
3079 1545 3435 1618 εἰργάσαντο,
3470 1545 3567 1598 καὶ
3597 1545 3658 1597 οἰ
3694 1545 3919 1614 καταρ-

2227 1637 2421 1706 ράκται
2452 1635 2547 1689 τοῦ
2570 1635 2802 1706 ούρανοῦ
2845 1633 3221 1704 ἐπεσχέθησαν
3243 1649 3256 1662 ·
3293 1631 3355 1685 τὸ
3389 1631 3535 1702 ὕδωρ
3563 1631 3626 1684 τὸ
3654 1629 3920 1683 τοσοῦτον

2226 1723 2341 1785 πῶς
2369 1721 2562 1792 ἔληξες
2593 1723 2776 1775 Πάντα
2802 1721 3036 1783 ἄϐυσσος
3061 1715 3149 1790 ἦν.
3178 1719 3302 1783 Πῶς
3323 1714 3416 1772 οῦν
3452 1720 3486 1789 ή
3518 1717 3763 1786 τοσαύτη
3802 1714 3919 1768 τῶν

2226 1810 2432 1864 ὑδάτων
2478 1809 2624 1880 ῥύμη
2681 1808 2877 1880 ἀθρόον
2923 1807 3163 1861 ἐλάττων
3217 1805 3460 1876 ὲγίνετος
3509 1804 3609 1867 Τίς
3646 1803 3715 1857 ἂν
3754 1801 3920 1856 τοῦτο

2223 1895 2549 1966 ἀνθρωπίνῳ
2578 1895 2826 1966 λογισμῷ
2854 1895 3034 1967 εὑρεῖν
3055 1892 3313 1964 δυνηθείη
3347 1891 3509 1957 ποτές
3541 1891 3608 1942 Τί
3637 1886 3732 1943 οῦν
3764 1889 3918 1941 ἔστιν

2224 1983 2430 2047 είπεῖν;
2465 1983 2538 2036 Τὸ
2568 1981 2662 2036 τοῦ
2693 1982 2829 2036 Θεοῦ
2858 1982 3190 2052 πρόσταγμα
3229 1975 3318 2054 ἦν,
3356 1977 3418 2033 τὸ
3445 1974 3814 2050 ἐργαζόμενον
3840 1977 3918 2028 τὰ

2225 2087 2402 2123 παντα
2409 2108 2422 2121 .

2293 2157 2352 2210 δ’.
2377 2157 2468 2228 Μὴ
2484 2157 2663 2210 τοίνυν
2679 2157 2840 2228 ἡμεῖς
2856 2154 3349 2228 περιεργαζώμεθα
3363 2154 3424 2208 τὸ
3447 2153 3581 2217 πῶς,
3597 2151 3738 2206 ἀλλά
3750 2149 3918 2204 τοῦτο

2227 2243 2386 2314 μόνον
2420 2244 2786 2314 πιστεύωμεν.
2818 2245 2900 2297 ὅτι
2935 2244 3190 2297 ἐκέλευσε
3222 2243 3317 2296 καὶ
3347 2239 3535 2311 ὑψώθη
3566 2243 3600 2311 ή
3631 2238 3875 2301 ἄϐυσσος
3897 2253 3914 2267 ·

2224 2331 2546 2401 προσέταξε,
2594 2332 2689 2383 καὶ
2739 2330 2900 2385 πάλιν
2939 2331 3036 2402 τὴν
3079 2328 3290 2383 οἰκείαν
3329 2328 3528 2396 ἐπέσχε
3567 2326 3776 2397 φορὰν,
3810 2324 3918 2375 καῖ.

2225 2415 2363 2488 πρὸς
2403 2417 2494 2472 τὸν
2534 2420 2735 2472 οἰκεῖον
2774 2417 2937 2471 τόπον
2984 2414 3435 2486 ὑπανεχώρησεν,
3473 2412 3535 2466 δν
3583 2410 3751 2473 αὑτὸς
3799 2405 3914 2462 οἶδε

2229 2506 2390 2575 μόνος
2426 2506 2454 2558 ό
2487 2504 2898 2576 δημιουργήσας
2945 2503 3113 2574 αὑτὴν
3151 2501 3448 2572 Δεσπότης.
3481 2499 3588 2554 Kal
3619 2497 3875 2551 ἐκάθισε
3897 2536 3915 2552 .

2225 2592 2410 2662 φησὶν,
2447 2592 2485 2659 ἠ
2507 2591 2752 2657 κιϐωτὸς
2783 2590 2852 2643 ἐν
2876 2590 2956 2655 τῷ
2988 2589 3217 2659 ἑϐδόμῳ
3231 2587 3413 2658 μηνί,
3446 2587 3666 2655 ἐϐδόμῃ
3696 2583 3798 2637 καί
3827 2584 3917 2636 ει-

2225 2679 2361 2732 κὰδι
2397 2679 2502 2733 τοῦ
2531 2677 2746 2748 μηνὸς,
2774 2677 2871 2730 ἐπὶ
2900 2677 2972 2730 τὰ
2998 2677 3104 2746 ὄρη
3132 2676 3204 2729 τὰ
3243 2673 3504 2744 Ἀραρὰτ.
3551 2673 3622 2726 Τὸ
3652 2669 3722 2724 δὲ
3750 2668 3919 2738 ὕδωρ

2225 2767 2558 2836 ἠλαττοῦτο
2588 2769 2697 2832 ἕως
2733 2767 2839 2820 τοῦ
2868 2765 3126 2819 δεκάτου
3145 2764 3340 2832 μηνός
3360 2780 3374 2795 ο
3404 2761 3502 2816 καὶ
3528 2759 3822 2830 ὤφθησαν
3851 2762 3916 2811 αι

2226 2856 2481 2926 κεφαλαὶ
2525 2857 2645 2909 τῶν
2673 2855 2858 2922 ὀρέων
2899 2853 2968 2906 ἐν
3003 2850 3082 2917 τῷ
3115 2850 3344 2914 δεκάτῳ
3369 2847 3549 2918 μηνί,
3592 2845 3670 2914 τῇ
3701 2843 3914 2916 πρώτῃ

2225 2944 2332 2998 τοῦ
2365 2943 2579 3013 μηνός.
2626 2942 2827 2995 Σκόπει
2869 2939 2986 3003 πῶς
3019 2939 3047 2979 δ
3082 2938 3278 3011 ἀθρόον
3309 2938 3344 3008 ή
3374 2933 3646 3008 μεταϐολὴ
3679 2934 3876 3001 γέγονε
3898 2974 3913 2998 ,

2226 3032 2319 3084 καὶ
2351 3032 2514 3084 πόσον
2559 3029 2746 3099 ἔληξεν
2781 3030 2814 3098 ἡ
2853 3026 2961 3080 τῶν
2993 3026 3203 3079 ὑδάτων
3235 3022 3430 3092 φύσις,
3474 3021 3549 3086 ὡς
3582 3020 3679 3074 ἐπὶ
3706 3020 3776 3072 τὰ
3808 3019 3916 3089 δρη

2213 3117 2321 3188 ’τὴν
2370 3116 2604 3170 κιϐωτὸν
2645 3114 2886 3168 καθίσαι.
2943 3111 3227 3182 Ἀνωτέρω
3270 3109 3379 3181 γάρ
3411 3106 3560 3180 [249]
3602 3105 3841 3160 εἰποῦσα
3880 3106 3915 3174 η

2227 3204 2438 3276 Γραφὴ,
2460 3205 2542 3257 ὅτι
2571 3203 2704 3256 δέκα
2740 3201 2901 3254 πέντε
2933 3200 3129 3271 πήχεις
3160 3198 3345 3251 ἐπάνω
3372 3195 3480 3248 τῶν
3509 3194 3683 3265 ὀρέων
3719 3191 3915 3260 ὑψώθη

2225 3295 2286 3348 τὸ
2312 3292 2474 3363 ὕδωρ,
2506 3290 2600 3343 νῦν
2633 3306 2796 3360 φησιν
2816 3328 2830 3352 ,
2858 3287 2940 3340 ὅτι
2966 3286 3220 3340 ὲκάθισεν
3248 3286 3283 3354 ἡ
3309 3281 3543 3345 κιϐωτὸς
3578 3283 3673 3334 ἐπὶ
3702 3281 3772 3332 τὰ
3805 3281 3911 3350 ὅρη

2225 3383 2293 3436 τὰ
2331 3379 2592 3449 Ἀραράτ,
2618 3378 2709 3430 καὶ
2734 3375 2878 3428 κατὰ
2900 3374 3094 3446 μικρὸν
3127 3373 3314 3425 λοιπὸν
3351 3370 3512 3441 μέχρι
3541 3369 3638 3422 τοῦ
3679 3367 3916 3421 δεκάτου

2229 3467 2396 3538 μηνὸς
2428 3464 2744 3535 ἠλαττοῦτο,
2775 3462 2871 3516 καὶ
2897 3462 3020 3514 τότε
3047 3459 3124 3532 τῷ
3154 3459 3367 3528 δεκάτῳ
3404 3456 3534 3528 μηνὶ
3560 3455 3828 3525 ὤφθησαν
3855 3456 3916 3507 αἰ

2225 3554 2459 3624 κεφαλαὶ
2479 3553 2588 3606 τῶν
2611 3551 2803 3621 ὁρέων.
2840 3550 3039 3602 Ἐννόει
3066 3565 3156 3618 μοι
3177 3547 3270 3600 τοῦ
3291 3544 3500 3599 δικαίου
3521 3543 3620 3614 τὴν
3637 3543 3913 3606 εὐτονίαν,

2226 3646 2340 3706 πῶς
2373 3643 2661 3713 διήρκεσεν
2693 3642 2751 3692 ὲν
2780 3638 3054 3700 τοσούτοις
3081 3635 3214 3706 μησί
3249 3634 3498 3703 καθάπερ
3519 3634 3579 3686 ὲν
3608 3634 3790 3702 σκότῳ
3820 3648 3919 3683 κσρ

2225 3724 2698 3794 τακεκλεισμένος.
2729 3721 2840 3774 Καὶ
2875 3719 3135 3789 ἐγένετο,
3170 3718 3325 3789 φησὶ,
3359 3716 3512 3786 μετὰ
3545 3717 3654 3780 τὰς
3682 3731 3914 3768 τεσσα-

2217 3809 2487 3875 ράκοντα
2524 3806 2771 3875 ἡμέρας,
2821 3803 2921 3856 καὶ
2957 3801 3188 3866 ἀνέῳξε
3233 3799 3364 3856 Νῶε
3403 3798 3520 3867 τὴν
3556 3797 3774 3866 θυρίδα
3803 3796 3917 3864 τῆς

2227 3890 2514 3954 κιϐωτοῦ,
2557 3887 2637 3956 ἣν
2686 3887 2975 3954 ἐποίησε,
3015 3885 3112 3938 καὶ
3160 3881 3483 3938 ἀπέστειλε
3522 3881 3631 3934 τὸν
3680 3880 3916 3948 κόρακα

2228 3973 2395 4035 ἰδεῖν,
2431 3975 2484 4026 εὶ
2518 3970 2817 4025 κεκόπακε
2847 3969 2915 4022 τὸ
2948 3968 3130 4035 ὕδωρ.
3167 3968 3312 4038 ὐρα
3337 3966 3430 4020 τὸν
3464 3964 3674 4031 δίκαιον
3695 3964 3916 4016 οὐδέπω

2224 4053 2509 4125 τολμῶντα
2555 4049 2919 4106 κατοπτεῦσαι
2963 4050 3032 4101 δι’
3085 4047 3317 4112 ἑαυτοῦ,
3377 4047 3513 4102 ἀλλά
3559 4047 3652 4101 τὸν
3697 4047 3915 4116 κόρακα

2227 4136 2534 4198 ἀπέστειλε,
2563 4135 2628 4187 δι’
2663 4132 2873 4186 ἐκείνου
2917 4130 3111 4202 μαθεῖν
3149 4129 3496 4202 βουλόμενος,
3541 4129 3597 4182 εί
3628 4146 3752 4181 τινα
3799 4130 3912 4182 ἔστι

2229 4220 2593 4291 προσδοκῆσαι
2625 4217 2870 4287 χρηστὴν
2898 4215 3233 4286 μεταϐολήν
3265 4213 3374 4270 Kal
3405 4212 3695 4278 ἐξελθὼν,
3723 4210 3914 4281 φησὶν,

2228 4308 2339 4359 οὐκ
2373 4301 2766 4368 ἀνέστρεψεν,
2796 4298 2908 4364 ἕως
2948 4298 3054 4352 τοῦ
3083 4295 3455 4366 ξηρανθῆναι
3495 4295 3562 4350 τὸ
3596 4294 3757 4363 ὕδωρ
3791 4294 3912 4348 ἀπὸ

2229 4386 2338 4454 τῆς
2366 4385 2498 4455 γῆς.
2529 4385 2641 4437 Οὑκ
2667 4381 2854 4452 ἐπειδὴ
2891 4380 3031 4453 μετὰ
3059 4379 3234 4433 τιῦτα
3265 4378 3587 4450 ἀνέστρεψε,
3616 4378 3696 4442 τὸ,
3731 4378 3909 4443 Ἕως.

2228 4469 2564 4541 προσέθηκεν
2595 4469 2628 4538 ή
2663 4466 2782 4520 θεία
2807 4466 2998 4538 Γραφή
3022 4481 3036 4496 ⁸
3071 4463 3190 4517 ἀλλ’
3227 4462 3426 4534 ἰδίωμα
3459 4460 3622 4514 τοῦτό
3661 4463 3779 4514 ἐστι
3810 4463 3912 4530 τῆς

2228 4555 2379 4616 θείας
2401 4553 2641 4623 Γραφῆς.
2692 4550 2802 4602 Καὶ
2847 4547 3117 4619 πολλαχοῦ
3160 4547 3226 4601 ἄν
3247 4565 3333 4611 τις
3388 4544 3536 4616 εῦροι
3577 4543 3785 4613 ταύτην
3815 4543 3914 4613 τὴν

2230 4636 2512 4706 συνήθειαν
2533 4677 2548 4701 ,
2575 4635 2668 4687 καὶ
2699 4633 2826 4702 ἐνῆν
2855 4631 3029 4684 πολλά
3058 4630 3283 4684 τοιαῦτα
3318 4629 3494 4701 εὑρεῖν
3523 4627 3620 4681 καὶ
3649 4642 3913 4695 παραγα-

2227 4724 2343 4789 γεῖν
2365 4722 2443 4782 εἰς
2473 4719 2635 4790 μέσον
2653 4734 2664 4746 ·
2694 4717 2810 4769 ἀλλ’
2839 4716 2925 4769 ἴνα
2953 4714 3026 4785 μὴ
3057 4714 3238 4767 πάντα
3266 4713 3397 4783 παρ’
3427 4710 3584 4783 ἡμῶν
3618 4709 3913 4780 μανθάνον-

2227 4821 2318 4866 τες
2347 4800 2709 4874 ρᾳθυμότεροι
2744 4797 2988 4867 γίνησθε.
3025 4797 3155 4866 ὑμῖν
3190 4794 3672 4865 καταλιμπάνομεν
3701 4792 3912 4861 διερευο

2229 4885 2422 4942 νᾶσθαι
2445 4887 2542 4957 τὴν
2571 4883 2816 4956 Γραφὴν,
2857 4882 2950 4934 καὶ
2979 4882 3160 4952 εὑρεῖν
3198 4880 3332 4932 ὅπου
3370 4881 3480 4941 τοῖς
3511 4876 3769 4948 ίδιώμασι
3795 4877 3912 4928 τού-

2228 4988 2341 5034 τοις
2361 4970 2646 5039 κέχρηται.
2669 4967 2817 5028 Τέως
2837 4964 2892 5017 δὲ
2909 4966 3056 5035 ἡμᾶς
3078 4963 3377 5030 ἀναγκαῖον
3401 4963 3567 5013 εἰπεῖν
3589 4957 3685 5029 τὴν
3708 4957 3908 5024 αἰτίαν,

2227 5053 2293 5107 δι’
2325 5055 2393 5124 ἥν
2421 5053 2522 5104 οὑκ
2559 5047 2860 5119 ἀνέστρεψε
2905 5047 2966 5099 τὸ
3013 5047 3223 5119 δρνεον.
3278 5044 3437 5108 Ἴσως
3477 5041 3760 5111 ληξάντων
3801 5042 3909 5093 τῶν

2233 5136 2439 5190 ὑδάτων
2484 5132 2794 5201 ἀκάθαρτον
2837 5129 2896 5183 ὃν
2925 5129 2986 5182 τὸ
3026 5130 3233 5200 ὄρνεον,
3261 5127 3356 5180 καί
3396 5125 3644 5196 σώμασιν
3685 5124 3910 5194 ὲντυχὸν

2228 5221 2341 5281 τοῖς
2374 5234 2433 5270 τε
2462 5213 2845 5285 ἀνθρωπίνοις,
2871 5215 2982 5276 τοῖς
3019 5229 3078 5266 τε
3107 5211 3217 5265 τῶν
3249 5209 3482 5278 ἀλόγων,
3512 5209 3608 5262 καί⁸
3651 5208 3754 5278 τὴν
3777 5224 3910 5261 κατι-

2232 5298 2462 5369 άλληλον
2506 5297 2666 5368 εὑρὸν
2707 5293 2885 5366 ἑαυτῷ
2934 5294 3171 5366 τροφὴν,
3209 5293 3598 5364 ὲναπέμεινενο
3631 5293 3772 5360 ὅπερ
3815 5293 3908 5343 καὶ

2231 5382 2447 5438 αὑτὸοὺ
2486 5380 2682 5452 μικρὸν
2717 5378 2926 5447 ἐγίνετο
2961 5379 3039 5450 τῷ
3063 5377 3259 5448 δικαίῳ
3288 5377 3586 5448 τεκμήριον
3621 5375 3724 5445 τῆς
3773 5391 3909 5446 χρη-

2233 5465 2364 5535 στῆς
2390 5465 2622 5526 ἐλπίδος.
2648 5464 2709 5516 Εἰ
2727 5463 2834 5533 γὰρ
2855 5461 2929 5532 μὴ
2955 5462 3111 5514 τοῦτο
3131 5456 3220 5531 ῆν,
3249 5460 3384 5530 μηδὲ
3404 5453 3531 5530 εὗρε
3556 5460 3761 5530 μικράν
3787 5475 3908 5511 τινα

2235 5549 2610 5620 παραμυθίαν,
2645 5545 2984 5617 ὑπέστρεψεν
3018 5546 3101 5600 ἀν.
3135 5544 3247 5598 Καὶ
3275 5544 3357 5596 ὃτι
3395 5541 3552 5595 τοῦτό
3590 5543 3740 5594 ἐστιν
3785 5541 3910 5612 ἁλη-

2235 5632 2326 5697 θὲς
2347 5675 2361 5699 ,
2391 5631 2643 5687 ἐντεῦθεν
2680 5630 2865 5683 λοιπὸν
2899 5629 2998 5700 τὴν
3028 5627 3270 5700 χρηστὴν
3300 5624 3628 5698 προσδοκίαν
3661 5622 3908 5694 ἐσχηκὼς

2235 5719 2263 5772 ὑ
2296 5717 2500 5781 δίκαιος
2526 5716 2806 5785 ἐκπέμπει
2840 5713 2937 5784 τὴν
2967 5710 3324 5784 περιστερὰν,
3354 5709 3540 5781 δρνεον
3565 5707 3775 5777 ἥμερον
3816 5707 3908 5761 καὶ

2239 5801 2621 5873 φιλοσύνηθες,
2646 5799 2740 5853 καὶ
2770 5798 2971 5870 πολλὴν
2999 5794 3418 5868 εὐγνωμοσύνην
3443 5791 3904 5861 ἐπιδεικνύμενον,

2237 5886 2328 5943 καὶ
2359 5887 2462 5940 οὑκ
2503 5883 2826 5953 ἀνεχόμενον
2873 5881 3057 5954 ἕτερόν
3106 5895 3158 5938 τί
3211 5879 3474 5934 σιτεῖσθαι
3510 5876 3545 5950 ἢ
3581 5874 3902 5947 σπέρματαο

2306 6022 2330 6063 ιι
2360 6022 2494 6071 l'nus
2518 6018 2683 6066 σκόπει
2706 6016 2848 6072 πόση.
