4080 6480
151 401 252 455 235

153 526 254 561 ιιι-ε
308 515 425 576 post
471 504 816 575 quadraginta
873 499 988 556 dies
1034 511 1086 555 et
1132 501 1478 571 quadraginta
1538 514 1747 567 noctes,

152 598 353 669 quibus
383 597 583 667 impetu
607 609 798 665 magno
825 593 1015 662 plut-ire
1039 590 1374 661 ingruebant.
1398 605 1520 646 cum
1545 594 1750 650 videret

152 687 348 742 diebus
377 695 591 742 centum
621 681 1000 754 quinquaginta
1029 681 1079 734 in
1110 679 1298 734 eadem
1325 681 1606 736 altitudine
1640 697 1752 736 tna-

155 793 288 834 nere
314 793 508 847 aquas,
539 789 714 844 neque
742 773 960 828 omnino
988 772 1247 828 desistere
1276 789 1288 826 :
1322 782 1375 826 et
1412 773 1552 843 quod
1586 773 1751 828 multo

154 870 398 939 gravius,
422 882 596 939 neque
622 867 792 921 oculis
813 866 993 920 videre
1017 864 1185 934 potuit
1212 879 1273 920 ea
1296 880 1413 934 qua:
1445 866 1576 920 facta
1604 875 1748 932 sunt,

149 959 253 1013 sed
283 958 539 1021 inclusus,
564 972 686 1011 cum
719 972 822 1011 non
853 965 1034 1026 posset
1062 970 1312 1027 umquam
1342 958 1513 1011 oculis
1537 958 1748 1028 assequi

150 1060 356 1118 quanta
399 1057 579 1103 essent
626 1047 801 1112 mala,
846 1046 1103 1114 majorem
1142 1047 1438 1101 sustinebat
1483 1047 1748 1116 dolorem,

154 1142 510 1211 gravioraque
531 1139 769 1211 quOtidie
795 1139 1185 1209 suspicabatur.
1221 1138 1334 1207 Ego
1359 1155 1488 1194 vero
1513 1138 1751 1195 admiror

149 1232 427 1302 quomodo
477 1247 586 1300 ιιι-ω
638 1232 849 1286 tristitia
896 1246 1000 1284 non
1052 1229 1211 1284 fuerit
1256 1231 1578 1300 absorptus,
1625 1247 1746 1288 cum

157 1333 398 1379 mentem
426 1323 565 1376 illius
593 1322 833 1378 subirent
864 1320 1077 1375 immani
1109 1322 1319 1391 generis
1346 1322 1624 1389 interitus,
1654 1338 1747 1377 sua

151 1413 412 1476 solitudo,
440 1420 494 1466 et
528 1411 762 1465 dtiiicilis
789 1411 872 1464 illa
898 1411 1025 1465 vita.
1057 1411 1123 1464 At
1144 1425 1302 1465 causa
1329 1411 1593 1466 bonorum
1626 1428 1745 1466 om~

152 1505 303 1558 nium
341 1503 414 1556 illi
450 1501 545 1556 fuit
583 1518 676 1556 sua
711 1501 761 1555 in
790 1502 955 1555 Deum
981 1499 1132 1565 fides,
1160 1517 1255 1571 per
1276 1516 1433 1571 quam
1457 1511 1511 1557 et
1532 1503 1746 1568 restitit,

155 1605 212 1648 et
241 1593 420 1648 omnia
451 1592 657 1647 fortiter
687 1592 805 1646 tulit
835 1607 849 1644 :
879 1606 1109 1660 cumque
1136 1607 1229 1661 spe
1257 1602 1585 1661 posceretur,
1619 1593 1748 1647 nihil

151 1685 313 1738 triste
340 1682 620 1739 sentiebat.
650 1681 911 1749 Quoniam
940 1682 1100 1752 igitur
1123 1682 1264 1750 quod
1288 1699 1440 1736 suum
1470 1693 1584 1738 erat
1612 1699 1749 1754 pra:-

150 1774 320 1839 stitit,
375 1784 480 1826 tant
533 1772 841 1840 patientiam
892 1771 1272 1840 monstrando,
1321 1789 1480 1842 quam
1526 1775 1746 1829 multam

154 1864 316 1918 Iidem
345 1863 622 1918 efferendo
645 1903 660 1929 ,
689 1877 898 1917 necnon
927 1862 1115 1916 miram
1147 1861 1510 1919 fortitudinem
1556 1879 1664 1934 pra:
1689 1878 1749 1919 se

153 1952 408 2014 ferendo,
438 1951 560 2006 vide
588 1960 783 2020 quanta
815 1953 882 2004 sit
917 1951 1008 2005 Dei
1035 1965 1161 2021 erga
1208 1952 1378 2021 ipsum
1424 1952 1743 2023 benignitas.

153 2040 222 2095 Et
250 2041 541 2095 recordatus
572 2051 677 2104 est,
718 2041 884 2111 inquit
909 2083 923 2103 ,
954 2040 1092 2095 Deus
1123 2040 1258 2095 Noe.
1290 2041 1404 2096 Non
1433 2044 1746 2113 simpliciter

153 2141 210 2186 et
238 2133 442 2199 absque
485 2145 643 2186 causa
677 2132 846 2197 dixit,
888 2131 956 2185 Et
994 2134 1288 2188 recordatus
1315 2145 1388 2188 est
1425 2152 1443 2189 :
1481 2137 1575 2192 sed
1622 2137 1744 2207 quia

148 2222 301 2290 prius
323 2222 496 2275 divina
522 2222 793 2290 Scriptura
817 2223 1184 2279 declaraverat
1206 2225 1357 2280 nobis
1382 2228 1743 2284 testimonium

148 2311 218 2364 dc
244 2310 391 2380 justo
422 2311 529 2376 illo,
559 2310 745 2366 dicens
770 2352 784 2375 ,
817 2310 1091 2381 Ingredere
1117 2315 1169 2366 in
1197 2331 1390 2376 arcam.
1424 2318 1541 2386 quia
1569 2328 1616 2372 te
1643 2319 1745 2373 vidi

145 2403 340 2470 justum
365 2403 417 2456 in
444 2405 765 2477 generatione
794 2404 889 2456 hac
917 2404 1066 2471 (Gen.
1091 2407 1142 2459 7.
1174 2407 1258 2476 l),
1291 2419 1576 2478 caprOpter
1604 2427 1745 2467 nunc

147 2493 362 2564 inquit:
396 2492 463 2546 Et
493 2493 785 2547 recordatus
813 2505 884 2547 est
918 2495 1055 2549 Deus
1084 2496 1197 2550 Noe
1218 2539 1232 2562 ,
1282 2499 1384 2553 hoc
1425 2509 1506 2554 est
1530 2541 1544 2564 ,
1589 2504 1742 2557 testi-

147 2584 316 2638 monii
343 2585 484 2654 quod
507 2584 575 2639 de
605 2585 695 2640 illo
719 2585 1084 2655 perhibuerat,
1114 2605 1286 2658 neque
1310 2592 1476 2646 multo
1504 2604 1743 2663 tempore

147 2679 387 2748 neglexit
425 2678 648 2747 justum,
683 2679 774 2732 sed
804 2679 1026 2745 distulit,
1073 2682 1324 2750 quamdiu
1359 2684 1444 2739 ille
1480 2686 1618 2740 ferre
1645 2703 1738 2756 po-

146 2773 273 2834 tuit,
304 2778 356 2823 et
399 2778 526 2823 tunc
565 2769 613 2823 ei
651 2784 805 2823 suum
834 2769 1153 2825 beneficium
1191 2783 1246 2827 et
1281 2776 1502 2844 gratiam
1541 2778 1742 2851 impar.

143 2860 278 2913 titus
319 2870 425 2915 est.
473 2860 604 2914 Nam
644 2861 822 2914 sciens
863 2861 1226 2918 infirmitatem
1272 2874 1470 2921 nostra:
1515 2857 1736 2937 naturm,

143 2950 411 3018 siquando
433 2951 697 3020 permittit
726 2952 1070 3007 tentationem
1096 2954 1302 3023 inferri,
1331 2973 1568 3028 eousque
1593 2964 1738 3032 sinit,

145 3054 429 3109 quousque
457 3041 558 3094 scit
600 3055 698 3095 nos
739 3057 894 3111 posse
933 3045 1218 3114 sustinere,
1263 3057 1318 3101 ut
1347 3058 1400 3103 ct
1431 3051 1740 3106 retributio-

143 3136 272 3185 nem
297 3147 418 3200 qua:
441 3141 638 3186 nostrae
662 3144 920 3204 congruat
945 3120 1240 3193 fortitudini
1274 3141 1489 3208 tribuat,
1514 3153 1567 3199 et
1588 3162 1738 3201 suam

146 3220 576 3276 miscricordiam
634 3222 870 3278 declaret
917 3243 932 3278 :
983 3228 1122 3281 sicut
1173 3239 1227 3282 et
1279 3231 1474 3286 Paulus
1524 3236 1738 3305 inquit:

148 3310 343 3366 Fidelis
367 3321 539 3366 autem
579 3312 712 3367 Deus
731 3355 745 3379 ,
778 3317 866 3384 qui
893 3333 992 3374 non
1030 3318 1157 3372 sinet
1186 3337 1271 3373 vos
1299 3325 1482 3377 tentari
1506 3343 1661 3394 supra
1687 3330 1742 3382 id

141 3402 280 3470 quod
308 3404 516 3472 potestis
543 3405 558 3434 ¹
581 3445 596 3469 ,
628 3405 716 3458 sed
760 3407 908 3474 faciet
949 3423 1062 3460 cum
1104 3413 1374 3466 tentatione
1422 3428 1736 3486 proventum,

137 3491 201 3545 ἰιι
230 3491 363 3561 ferre
389 3493 592 3562 possitis
621 3495 638 3565 (
664 3496 713 3548 l.
743 3494 861 3550 Cor.
893 3498 981 3553 10.
1013 3500 1140 3570 15).
1170 3502 1427 3567 Quoniam
1463 3509 1620 3577 igitur
1647 3511 1737 3580 ju-

145 3591 263 3634 stus
294 3582 383 3635 ille
429 3581 794 3639 fortitudinem
834 3595 886 3641 et
918 3589 1224 3656 patientiam
1271 3610 1379 3663 pra:
1407 3610 1466 3652 se
1513 3601 1735 3668 ferebat,

145 3686 243 3726 sua
274 3671 327 3726 in
355 3673 521 3727 Deum
550 3675 652 3729 fide
677 3692 815 3730 arcte
842 3679 998 3733 sedes
1025 3690 1076 3735 et
1103 3683 1257 3738 tzcdia
1289 3689 1580 3756 sustinens,
1610 3709 1738 3762 pro-

147 3773 264 3830 pter
305 3761 408 3817 hoc
451 3765 658 3834 inquit,
692 3765 752 3818 Et
787 3771 1078 3825 recordatus
1106 3783 1180 3826 est
1211 3773 1347 3831 Deus
1371 3777 1503 3833 Noe.
1539 3761 1738 3840 Deinde

148 3863 204 3907 ut
227 3855 404 3908 discas
433 3857 684 3927 abyssum
725 3858 918 3914 divina:
960 3863 1339 3923 misericordia:
1363 3911 1377 3935 ,
1410 3870 1615 3928 addidit
1651 3876 1736 3930 di-

149 3945 273 3997 vina
305 3944 576 4013 Scriptura
612 3964 626 4001 :
657 3947 724 4001 Et
766 3952 988 4005 omnium
1027 3957 1251 4024 ferarum
1271 3999 1288 4023 ,
1320 3969 1368 4012 et
1393 3965 1613 4017 omnium
1644 3969 1737 4036 ju-

140 4044 448 4101 mentorum,
477 4045 524 4090 ct
550 4040 772 4091 omnium
799 4041 1094 4110 volatilium,
1127 4057 1174 4099 ct
1201 4050 1426 4104 omnium
1455 4056 1731 4124 reptilium,

138 4141 468 4196 quaecumque
493 4141 635 4183 erant
664 4148 778 4185 cum
808 4134 899 4187 illo
929 4136 978 4189 in
1005 4153 1146 4193 arca.

219 4216 405 4271 Omnia
430 4220 480 4272 in
511 4221 753 4276 honorem
785 4226 1001 4281 hominis
1033 4233 1186 4299 facta.
1213 4263 1284 4276 —~
1306 4235 1438 4292 Vide
1467 4244 1735 4308 quomodo

140 4310 324 4364 omnia
376 4309 426 4364 in
477 4311 736 4368 honorem
785 4315 1016 4372 hominis
1064 4320 1208 4376 facit.
1256 4324 1388 4381 Nam
1434 4331 1570 4386 sicut
1611 4350 1733 4390 cum

144 4400 451 4456 hominibus
495 4404 585 4472 qui
645 4405 844 4461 diluvio
897 4413 1205 4480 perierunt,
1253 4433 1411 4474 omne
1453 4423 1732 4482 brutorum

141 4493 450 4548 animalium
473 4509 642 4563 genus
682 4499 932 4568 perdidit,
978 4503 1047 4556 ita
1090 4504 1174 4560 hic
1204 4523 1351 4563 suam
1379 4527 1503 4583 erga
1529 4517 1732 4585 justum

143 4583 294 4636 illum
339 4585 755 4642 miscricordiam
797 4591 1069 4648 declarare
1102 4598 1322 4666 Valens,
1374 4603 1427 4658 in
1473 4583 1732 4664 honorem

140 4674 281 4743 ejus,
326 4688 476 4728 suam
517 4678 677 4731 etiam
723 4679 1012 4737 bonitatem
1054 4700 1117 4740 ac
1159 4703 1341 4744 curam
1386 4694 1437 4747 in
1483 4697 1632 4752 bruta
1678 4711 1736 4756 et

142 4767 314 4829 feras,
357 4774 412 4821 et
452 4768 680 4824 volatilia
725 4783 776 4826 et
826 4777 1033 4843 reptilia
1080 4795 1248 4848 usque
1287 4789 1501 4842 extendi
1544 4792 1730 4849 voluit.

147 4855 214 4909 Et
244 4857 536 4912 recordatus
562 4869 655 4927 est,
691 4863 892 4932 inquit,
923 4863 1057 4921 Deus
1085 4868 1219 4939 Noe,
1252 4884 1298 4927 et
1335 4881 1559 4933 omnium
1590 4887 1732 4953 [era-

139 4965 290 5014 mn,
333 4961 380 5003 et
422 4952 646 5004 omnium
683 4954 1051 5024 jumentorum,
1097 4971 1142 5015 et
1179 4967 1405 5021 omnium
1451 4975 1728 5043 reptilium,

139 5055 467 5109 quacumque
495 5053 637 5097 erant
677 5059 792 5098 cum
839 5047 930 5101 illo
971 5051 1024 5103 in
1062 5069 1202 5108 arca.
1253 5055 1320 5111 Et
1348 5063 1563 5118 adduxit
1597 5066 1732 5124 Deus

139 5130 376 5200 spiritum
405 5149 558 5201 super
585 5145 806 5203 terram,
852 5151 901 5193 et
942 5148 1153 5199 cessauit
1192 5165 1344 5218 aqua.
1381 5154 1731 5231 Recordatus,

142 5222 334 5290 inquit,
367 5221 500 5288 Noe,
536 5234 588 5278 et
617 5229 855 5285 omnium
885 5247 1004 5301 qua:
1030 5249 1150 5289 cum
1197 5239 1287 5295 illo
1325 5257 1477 5302 erant
1508 5250 1557 5303 in
1585 5221 1730 5322 arca,

140 5313 397 5382 pnccepit
424 5329 575 5384 aqua;
621 5317 872 5388 impetum
901 5323 1164 5394 detineri,
1215 5340 1270 5384 ut
1299 5339 1553 5403 paulatim
1580 5313 1731 5402 suam

140 5414 590 5462 commonstraret
613 5408 1024 5482 benignitatem;
1053 5430 1106 5475 et
1130 5433 1310 5492 postea
1333 5427 1534 5497 justum
1563 5441 1735 5508 reSpi-

142 5508 268 5557 rare
290 5506 523 5559 curaret,
556 5508 615 5553 et
651 5515 678 5552 a
711 5503 1013 5562 turbatione
1043 5513 1423 5581 cogitationum
1455 5503 1731 5584 liberatum

143 5597 196 5637 m
224 5584 514 5654 tranquillo
540 5597 680 5643 statu
706 5596 1076 5667 constitueret,
1105 5609 1362 5664 concesso
1382 5619 1437 5665 et
1473 5613 1606 5673 lucis
1635 5634 1732 5675 usu

221 5752 236 5783 ⁸
267 5749 417 5799 Savll.
444 5756 494 5799 et
520 5751 689 5804 Morel.
700 5767 822 5820 ,nos
846 5758 1033 5819 (ἡμᾶς),
1061 5765 1132 5819 et,
1157 5775 1414 5824 possumus
1441 5771 1735 5844 (δυνάμεθα).

1150 385 1213 445 ΙΝ
1252 387 1404 446 CAP.
1452 384 1580 441 Vlll.
1622 383 1870 442 GENES.
1913 381 2137 438 llOMll-
2187 383 2374 439 XXVI.
3355 394 3454 450 Elii

1863 502 1917 550 et
1945 496 2086 549 aeris
2116 495 2489 565 respiratione.
2525 496 2588 550 Et
2615 499 2830 555 adduxit
2875 501 3042 568 Deus,
3079 505 3276 576 inquit,
3307 510 3462 574 spiri-

1861 595 1969 637 tum
1998 602 2150 656 super
2188 596 2396 654 terram,
2443 596 2489 641 et
2519 590 2730 643 cessavit
2773 608 2926 660 aqua.
2953 592 3008 646 2.
3041 593 3107 648 Et
3134 597 3313 652 obtecti
3341 611 3458 653 sunt

1861 680 2023 746 fontes
2054 678 2222 748 abyssi
2265 691 2312 732 et
2355 689 2630 736 cataractis
2664 683 2795 737 creti.
2839 685 2965 740 Vide
2991 689 3262 757 quomodo
3307 707 3456 746 more

1864 765 2098 820 humano
2138 769 2372 837 loquitur
2412 771 2565 825 nobis
2595 774 2793 826 omnia.
2829 773 3024 829 Obtecti
3061 787 3214 846 sunt,
3261 779 3452 851 inquit,

1859 860 2022 927 fontes
2053 858 2223 930 abyssi
2245 871 2292 913 et
2319 871 2588 917 cataracta!
2612 865 2742 930 cadi,
2787 876 2833 920 et
2860 869 3078 922 cohibita
3107 872 3280 940 pluvia
3305 874 3456 929 ccli:

1859 949 2008 1016 quasi
2036 950 2276 1017 diceret,
2311 952 2575 1020 placuisse
2605 955 2829 1011 Domino
2858 966 2914 1012 ut
2941 960 3131 1016 iterum
3163 963 3214 1017 in
3243 979 3336 1019 sua
3366 982 3450 1020 rc-

1856 1037 2015 1106 gione
2043 1050 2327 1095 manerent
2358 1058 2512 1113 aquae
2536 1085 2551 1110 ,
2586 1061 2758 1115 neque
2787 1047 2922 1103 ultra
2953 1053 3318 1117 exundarent,
3362 1057 3453 1112 sed

1855 1129 2109 1199 paulatim
2154 1131 2484 1190 desinerent.
2532 1139 2588 1194 ὅ.
2633 1137 2700 1191 Et
2742 1141 2946 1195 cedebat
2991 1161 3125 1214 aqua
3169 1148 3355 1202 uadens
3393 1155 3456 1203 de

1857 1229 2029 1287 terra,
2073 1233 2120 1276 et
2164 1224 2485 1281 minuebatur
2525 1246 2659 1298 aqua
2700 1241 2812 1301 post
2851 1245 3049 1288 centum
3088 1238 3455 1310 quinquaginta

1857 1310 1983 1366 dies.
2012 1313 2142 1381 Qua:
2168 1317 2302 1371 ratio
2335 1320 2529 1385 poterit
2556 1320 2657 1376 hoc
2684 1340 2931 1394 umquam
2955 1330 3451 1400 comprehendere?

1858 1403 2007 1470 Esto,
2040 1407 2187 1461 stetit
2217 1410 2412 1477 pluvia,
2444 1412 2659 1468 cohibiti
2694 1414 2867 1471 fontes
2895 1434 2998 1473 non
3026 1423 3258 1490 amplius
3285 1439 3449 1480 exun-

1858 1492 2086 1558 dabant,
2114 1505 2168 1550 et
2196 1507 2478 1554 cataracta:
2508 1503 2622 1556 carli
2664 1504 2913 1560 COhlbiliD
2944 1518 3070 1563 sunt
3097 1527 3110 1562 :
3142 1527 3276 1581 aqua
3309 1523 3452 1570 tanta

1864 1587 2130 1652 quomodo
2152 1587 2351 1643 desiit?
2381 1591 2568 1644 Omnia
2598 1594 2821 1664 abyssns
2851 1608 3022 1652 erant.
3047 1600 3327 1666 Quomodo
3359 1605 3454 1674 igi-

1855 1684 1938 1729 tur
1967 1673 2143 1733 tantus
2187 1695 2443 1750 aquarum
2486 1682 2658 1736 fluxus
2689 1687 2865 1741 subito
2910 1692 3088 1745 minor
3132 1695 3301 1751 factus
3327 1673 3454 1751 est?

1853 1764 1986 1832 Quis
2015 1766 2114 1820 hoc
2145 1768 2374 1824 humana
2409 1774 2617 1828 ratione
2660 1775 2903 1832 invenire
2935 1783 3125 1848 poterit
3157 1788 3453 1856 umquam?

1851 1853 1988 1922 Quid
2023 1857 2184 1926 igitur
2209 1859 2539 1915 dicendum?
2570 1863 2665 1918 Dei
2697 1878 3019 1937 praeceptum
3050 1881 3134 1927 est
3159 1853 3300 1944 quod
3330 1875 3452 1933 facit

1851 1947 2051 2000 omnia.

1922 2037 1976 2092 4.
2019 2038 2096 2094 Ne
2140 2040 2303 2110 igitur
2344 2059 2441 2098 nos
2485 2046 2747 2102 curiosius
2786 2051 3134 2122 exploremus
3159 2059 3449 2128 quomodo,

1849 2132 1943 2185 sed
1977 2141 2178 2187 tantum
2207 2134 2530 2203 credamus;
2577 2155 2770 2210 nempe
2808 2142 3004 2213 jussit,
3034 2156 3088 2202 et
3112 2151 3342 2206 esaltata
3371 2165 3452 2209 est

1849 2223 2076 2294 aliyssus
2107 2242 2119 2278 :
2155 2228 2409 2297 pra:ccpit
2431 2270 2446 2294 ,
2490 2239 2542 2284 et
2572 2232 2764 2286 iterum
2798 2249 2954 2290 suum
2983 2239 3246 2296 continuit
3277 2241 3451 2314 impe-

1850 2321 1997 2379 tum,
2039 2325 2092 2370 et
2121 2317 2186 2369 ad
2221 2319 2492 2387 [imprium
2537 2323 2804 2377 concessit
2852 2325 3048 2390 locum,
3099 2345 3258 2399 quem
3304 2336 3452 2391 solus

1849 2404 1962 2474 ipse
1995 2406 2251 2464 Dominus
2281 2410 2415 2476 scit,
2450 2413 2538 2480 qui
2579 2412 2837 2469 condidit.
2870 2417 2923 2472 4.
2958 2417 3026 2471 Et
3054 2422 3212 2488 sedit,
3259 2424 3448 2496 inquit,

1847 2513 1969 2550 arca
1991 2516 2158 2553 mense
2177 2503 2408 2569 septimo,
2437 2505 2670 2558 vicesima
2693 2509 2904 2578 septima
2928 2513 3110 2567 mensis
3130 2531 3284 2585 suptr
3307 2534 3451 2573 utan-

1847 2597 1921 2643 tes
1962 2590 2162 2644 Ararat.
2209 2593 2262 2646 5.
2291 2594 2437 2663 Aqua
2466 2606 2636 2650 autent
2681 2598 2997 2655 decrescebat
3027 2621 3184 2675 usque
3211 2608 3281 2660 ad
3309 2609 3450 2664 deci-

1847 2696 1983 2732 mum
2023 2697 2242 2735 mensem
2282 2698 2301 2738 :
2341 2696 2386 2737 et
2432 2701 2779 2756 apparuerunt
2822 2694 3084 2748 cacumina
3124 2700 3367 2755 montium
3398 2703 3449 2756 in

1846 2771 2042 2827 decimo
2094 2791 2263 2829 mense
2301 2817 2314 2840 ,
2371 2780 2539 2846 prima
2593 2784 2797 2837 mensis.
2849 2784 2981 2841 Vide
3019 2804 3178 2858 quam
3229 2804 3450 2862 repente

1846 2862 1980 2918 facta
2010 2867 2250 2932 mutatio,
2275 2878 2329 2923 et
2363 2880 2557 2938 quanta
2585 2873 2743 2929 simul
2769 2891 3027 2946 aquarum
3057 2893 3246 2939 natura
3273 2887 3449 2945 desie-

1847 2957 1935 3021 rit,
1976 2967 2032 3011 ut
2059 2973 2217 3028 supra
2247 2970 2460 3016 montes
2487 2978 2612 3018 arca
2645 2968 2924 3025 resideret.
2956 2971 3086 3040 Qua:
3112 2993 3270 3047 supra
3301 2979 3448 3037 dixe-

1847 3059 1928 3103 rat
1958 3049 2233 3120 Scriptura
2254 3095 2268 3118 ,
2303 3055 2608 3123 quindecim
2651 3061 2844 3115 cubitis
2873 3077 3038 3134 super
3065 3077 3272 3125 montes
3299 3075 3447 3128 exal-

1848 3145 2012 3193 tatam
2044 3139 2209 3196 fuisse
2239 3156 2431 3213 aquam
2465 3161 2478 3198 :
2514 3161 2655 3201 nunc
2684 3148 2812 3203 dicit
2843 3153 3048 3209 sedisse
3079 3171 3258 3212 arcam
3288 3177 3450 3232 super

1845 3239 2056 3285 montes
2094 3233 2320 3302 Ararat,
2351 3244 2406 3290 et
2436 3237 2688 3305 paulatim
2722 3251 2907 3310 postea
2949 3260 3141 3316 aquam
3185 3267 3351 3323 usque
3381 3257 3448 3311 ad

1846 3319 2115 3376 decimum
2159 3339 2408 3386 mensem
2464 3327 2811 3400 decrevisse,
2867 3347 2921 3390 ct
2973 3339 3185 3395 tandem
3235 3345 3448 3402 decimo

1847 3426 2031 3466 mense
2082 3413 2191 3467 visa
2247 3413 2410 3471 fuisse
2462 3423 2739 3476 cacumina
2793 3429 3073 3484 montium.
3128 3433 3446 3506 Considera,

1846 3518 2050 3571 qnzcso,
2089 3505 2215 3575 justi
2249 3512 2604 3566 constantiam
2629 3555 2643 3579 ,
2679 3520 2948 3584 quomodo
2978 3523 3171 3580 durare
3216 3505 3448 3596 potuerit

1847 3601 1925 3648 tot
1953 3597 2267 3664 mensibus,
2312 3601 2401 3669 qui
2444 3605 2594 3672 quasi
2641 3605 2692 3660 iu
2743 3611 2978 3667 tenebris
3024 3629 3139 3670 erat
3188 3619 3443 3678 inclusus.

1844 3685 1896 3738 6.
1930 3684 1997 3738 Et
2024 3689 2214 3756 factum
2242 3701 2333 3756 est,
2367 3693 2554 3762 inquit,
2586 3707 2698 3764 post
2723 3702 3064 3773 quadraginta
3089 3708 3214 3775 dies,
3246 3717 3446 3784 aperuit

1849 3771 1899 3826 Ν
1905 3790 1964 3828 oc
2006 3777 2276 3844 fenestram
2301 3797 2467 3848 arcte,
2511 3802 2664 3846 quam
2693 3793 2880 3858 fecerat
2899 3836 2913 3856 ,
2947 3805 2993 3848 et
3022 3799 3186 3853 emisit
3217 3818 3442 3870 corvum,

1845 3874 1901 3916 ut
1929 3865 2117 3920 videret
2142 3885 2263 3921 num
2291 3886 2531 3928 cessasset
2558 3893 2708 3946 aqua.
2736 3880 2874 3937 Ecce
2894 3883 3072 3954 justus
3100 3890 3184 3943 ille
3208 3895 3442 3951 nondum

1845 3972 1939 4026 per
1970 3973 2027 4013 se
2055 3959 2215 4016 audet
2256 3967 2561 4034 reSpiccre,
2602 3971 2698 4026 Sed
2741 3988 2961 4032 corvum
3000 3979 3194 4051 mittit,
3242 4001 3305 4041 ac
3349 4005 3445 4059 per

1845 4049 1996 4104 illum
2028 4053 2236 4110 discere
2262 4057 2392 4122 vult,
2423 4075 2488 4113 an
2523 4062 2661 4118 bona
2693 4080 2873 4122 rerum
2907 4073 3130 4128 mutatio
3161 4049 3446 4148 aliqua-sit

1842 4145 2221 4212 exspectanda.
2251 4148 2303 4202 7.
2330 4145 2401 4203 Et
2429 4167 2678 4221 egressus,
2709 4156 2902 4227 inquit,
2932 4177 3031 4216 non
3071 4167 3220 4220 rediit
3241 4145 3264 4234 ,v
3286 4170 3444 4226 donec

1841 4234 2117 4290 siccaretur
2139 4255 2272 4308 aqua
2296 4258 2328 4294 α
2355 4251 2508 4298 terra.
2536 4246 2746 4314 Adjecit
2773 4251 3048 4323 Scriptura
3071 4261 3288 4316 verbum
3318 4263 3438 4332 hoc,

1843 4323 2038 4392 Donec,
2066 4343 2169 4383 non
2193 4332 2333 4401 quod
2363 4344 2543 4403 postea
2570 4339 2821 4407 redierit;
2854 4345 2950 4400 sed
2976 4348 3170 4405 idioma
3199 4365 3281 4409 est
3301 4323 3444 4413 Scri;

1845 4426 2014 4484 ptura:
2043 4418 2256 4474 divinm.
2305 4423 2367 4477 Et
2398 4423 2536 4481 hanc
2562 4435 3003 4492 consuetudinem
3033 4454 3176 4512 saepe
3204 4446 3325 4516 quis
3357 4449 3439 4504 in-

1842 4507 2040 4573 veniet,
2068 4524 2395 4583 possemque
2419 4517 2583 4571 multa
2613 4521 2734 4575 talia
2764 4523 3008 4595 inveniri,
3034 4545 3097 4586 ac
3125 4532 3176 4588 in
3207 4507 3441 4596 medium

1840 4598 2019 4654 afferri
2052 4617 2066 4653 :
2094 4602 2187 4656 sed
2229 4619 2298 4658 ne
2333 4608 2510 4662 omnia
2542 4624 2570 4662 a
2602 4612 2760 4667 nobis
2789 4615 3057 4676 discentes
3086 4626 3442 4698 negligentio-

1841 4703 1929 4742 res
1956 4691 2216 4758 evadatis,
2253 4695 2401 4750 vobis
2433 4699 2811 4772 relinquimus,
2844 4717 2899 4763 ut
2928 4691 3258 4782 Scripturam
3286 4736 3439 4776 scru-

1844 4781 2063 4848 temini,
2096 4793 2149 4837 et
2195 4784 2479 4844 inveniatis
2522 4792 2736 4849 ubinam
2771 4803 3184 4868 preprietatibus
3212 4820 3264 4864 et
3304 4812 3441 4869 idio-

1841 4871 2071 4926 matibus
2098 4872 2464 4943 hujuscemodi
2507 4892 2700 4938 utatur.
2730 4887 2846 4944 Jam
2877 4901 3056 4949 autem
3095 4913 3275 4969 opera:
3316 4921 3440 4972 pre-

1843 4961 1972 5015 tium
2007 4962 2193 5031 fuerit,
2241 4980 2298 5022 ut
2325 4970 2532 5027 dicatur
2559 4992 2719 5032 causa
2745 4997 2912 5051 quare
2943 5002 3047 5041 non
3079 4961 3457 5055 redierit-haut

1839 5054 1975 5107 avis.
2006 5053 2274 5114 Fortassis
2298 5063 2414 5117 avis
2441 5064 2551 5130 illa,
2580 5069 2654 5123 uti
2677 5081 2759 5125 est
2782 5073 3075 5144 immunda,
3104 5097 3227 5140 cum
3251 5087 3442 5146 desiis-

1839 5155 1962 5198 sent
1987 5160 2158 5216 aquae,
2186 5151 2370 5207 incidit
2394 5155 2444 5208 in
2467 5158 2727 5216 cadavera
2752 5162 3030 5225 hominum
3057 5182 3112 5229 et
3134 5175 3435 5251 brutorum,

1842 5234 2034 5302 quibus
2055 5279 2070 5301 ,
2110 5237 2329 5297 invento
2366 5244 2467 5299 sibi
2495 5256 2808 5320 congruenti
2837 5258 2960 5315 cibo
2982 5302 2998 5327 ,
3028 5263 3224 5324 insedit
3250 5287 3264 5324 :
3296 5234 3439 5343 quod

1841 5325 2002 5380 etiam
2036 5328 2208 5397 ipsum
2241 5347 2346 5388 non
2370 5350 2591 5405 parvum
2619 5341 2774 5398 bona:
2802 5350 2916 5419 spei
2942 5325 3327 5423 argumentari;
3344 5366 3439 5423 fuit

1841 5415 2007 5485 justo.
2055 5419 2266 5491 Alioqui
2313 5426 2494 5494 enim,
2539 5431 2639 5487 nisi
2686 5441 3105 5501 consolationem
3149 5450 3440 5515 invenisset

1840 5507 2072 5578 ³¹ί⁴1¹¹²ιῐι
2098 5551 2113 5575 ,
2154 5527 2368 5571 reversa
2411 5521 2594 5592 utiqtte
2631 5526 2834 5584 fuisset.
2862 5532 3038 5605 Atque
3077 5550 3136 5613 μι

1840 5611 2030 5701 verum
2077 5604 2253 5674 scias,
2305 5622 2486 5677 postea
2530 5614 2708 5684 justus
2755 5604 2978 5682 meliore
3024 5605 3121 5699 spe
3159 5649 3444 5712 concepta,

1841 5690 2041 5747 emittit
2069 5695 2408 5769 columbam,
2435 5719 2588 5761 avem
2618 5711 2800 5768 mitem
2828 5725 2882 5772 et
2925 5690 3239 5784 familiarem
3265 5773 3281 5793 ,
3322 5690 3438 5802 ire;

1849 5784 2036 5842 miram
2068 5802 2180 5858 pra:
2209 5806 2269 5848 se
2301 5791 2403 5852 fert
2447 5806 2906 5866 mansuetudinem
2933 5853 2948 5877 ,
2992 5823 3046 5872 et
3073 5831 3190 5888 qua
3217 5784 3440 5876 nonnisi
