4092 6536
520 415 626 471 257

509 541 650 611 μεθα
668 539 733 593 τά
761 541 899 594 κατά
919 537 1015 610 τὴν
1038 537 1448 610 εὐγνωμοσύνην
1466 539 1559 594 τοῦ
1584 540 1816 610 δικαίου,
1846 541 2008 614 μέχρι
2031 540 2154 596 τού-

505 645 596 680 του
622 627 917 696 στήσαντες
947 626 1038 679 τὸν
1067 626 1242 695 λόγον,
1269 617 1361 679 καὶ
1381 627 1858 696 παρακαλέσαντες
1879 630 1908 682 ὐ
1917 627 2031 698 μῶν
2057 627 2155 699 τήν

505 712 725 782 ἀγάπην
755 711 1015 782 διηνεκῶς
1051 709 1239 766 τοῦτον
1266 712 1355 765 τὸν
1379 713 1643 782 μακάριον
1676 714 1736 765 ἐν
1771 714 1975 784 διανοίᾳ
2001 729 2156 784 περι-

505 798 772 868 στρέφειν,
811 798 902 852 καὶ
932 798 1034 867 τῆς
1065 799 1265 869 ἀρετῆς
1292 796 1454 852 αὐτοῦ
1483 798 1620 867 μετὰ
1644 799 1924 869 ἀκριϐείας
1947 800 2043 870 τὴν
2069 800 2156 852 εὐ-

506 884 743 960 μορφίαν
787 885 1240 955 καταμανθάνειν,
1281 884 1372 937 καὶ
1404 883 1648 954 ζηλωτάς
1686 885 1850 938 αὐτοῦ
1891 875 2154 954 γίνεσθαι.

506 969 702 1022 Σκόπει
725 970 834 1042 γάρ
867 988 956 1040 μοι
979 970 1144 1034 πόσος
1178 969 1341 1024 αὐτοῦ
1378 969 1480 1039 τῆς
1514 970 1714 1041 ἀρετῆς
1737 972 1768 1022 ό
1794 970 2042 1032 πλοῦτος,
2078 971 2154 1023 δτι

508 1057 748 1126 σήμερον
775 1058 832 1110 ἐν
858 1057 1145 1120 τοσαύταις
1179 1057 1408 1128 ήμέραις
1432 1055 1501 1109 τά
1540 1057 1663 1108 κατ’
1691 1056 1851 1109 αὐτὸν
1872 1055 2160 1127 διηγούμε-

510 1158 611 1202 νοι,
639 1142 851 1195 οὐδέπω
879 1143 972 1196 καὶ
994 1143 1089 1196 νῦν
1111 1143 1261 1205 τέλος
1288 1141 1435 1214 [εεε]
1473 1142 1739 1196 ἐπιθεῖναι
1771 1141 2064 1212 ίσχύσαμεν
2090 1146 2154 1212 τῇ

507 1225 626 1280 κατ’
647 1227 810 1280 αὐτὸν
834 1227 1107 1283 ὑποθέσει.
1131 1228 1238 1280 Καὶ
1271 1227 1323 1280 τί
1345 1228 1488 1296 λέγω
1508 1227 1661 1291 τέλος
1685 1228 1944 1282 ἐπιθεῖναι
1967 1247 1982 1296 ;
2019 1230 2158 1282 Ὅσα

506 1311 574 1364 ἀν
619 1311 883 1383 εἴπωμεν,
929 1315 990 1366 οὐ
1025 1313 1296 1383 δυνάμεθα
1343 1313 1624 1382 ἐφικέσθαι
1648 1329 1663 1344 ο
1699 1314 1836 1368 ἀλλά
1874 1317 1979 1368 κᾶν
2001 1318 2158 1384 ήμεῖς

506 1395 674 1450 πολλά
725 1397 1038 1468 δυνηθῶμεν
1069 1401 1262 1463 εἰπεῖν,
1308 1400 1413 1452 κᾶν
1442 1398 1492 1453 οῖ
1527 1399 1645 1467 μεθ’
1672 1401 1841 1470 ἡμᾶς,
1871 1400 1991 1454 οὐδὲ
2018 1400 2159 1454 οὕτω

506 1483 641 1553 πρὸς
666 1484 725 1538 τὸ
747 1485 895 1548 τέλος
915 1486 1113 1553 φθάσαι
1135 1486 1474 1556 δυνησόμεθα
1488 1502 1504 1520 ⁸
1527 1485 1778 1540 τοσοῦτόν
1799 1489 1947 1540 ἐστιν
1967 1488 2156 1558 ἀρετή.

518 1570 641 1624 Ἐάν
669 1571 776 1642 γὰρ
809 1570 1180 1642 βουληθῶμεν,
1229 1573 1445 1626 ἅπασαν
1485 1571 1642 1642 ήμῶν
1682 1571 1779 1640 τὴν
1810 1572 1970 1638 φύσιν
2006 1567 2160 1636 οὗτος

509 1655 796 1710 παιδεῦσαι
820 1658 1107 1728 δυνήσεται
1130 1669 1178 1721 ι,
1214 1659 1466 1730 καὶπρὸς
1499 1657 1587 1710 τὸν
1626 1657 1722 1728 τῆς
1761 1658 1958 1727 ἀρετῆς
1999 1657 2159 1727 ζῆλον

506 1742 814 1810 ὲναγαγεῖν.
851 1743 1019 1795 Ὅταν
1062 1743 1168 1811 1&9
1220 1744 1312 1794 καὶ
1375 1742 1576 1812 μεταξύ
1606 1741 1872 1796 τοσούτων
1910 1744 2158 1813 πονηρῶν

506 1827 979 1898 ἀναστρεφόμενος
998 1821 1151 1890 οὗτος
1177 1829 1204 1880 ό
1226 1827 1447 1894 δίκαιος,
1470 1829 1562 1882 καὶ
1592 1829 1796 1899 μηδένα
1821 1829 1959 1897 ἔχων
1980 1830 2160 1900 εὑρεῖν

505 1908 821 1981 ὁμότροπον,
877 1913 1011 1984 πρὸς
1055 1912 1305 1966 τοσοῦτον
1347 1913 1541 1984 μέτρον
1578 1913 1772 1985 εὑρέθη
1800 1913 2016 1982 φθάνων
2060 1916 2160 1986 τῆς

508 1992 726 2064 ἀρετῆς,
755 1994 838 2059 τίς
867 1996 996 2065 ήμῖν
1029 1993 1181 2048 ἔσται
1213 1994 1475 2063 ἀπολογία
1502 1997 1612 2058 τοῖς
1640 1995 1774 2066 μηδὲ
1801 1996 2036 2050 τοσαῦτα
2062 2015 2163 2050 κω-

509 2078 720 2148 λύματα
748 2079 948 2150 ἔχουσι,
991 2081 1083 2134 καὶ
1109 2080 1414 2150 ῥᾳθυμοῦσι
1449 2081 1584 2151 πρὸς
1616 2080 1712 2152 τήν
1740 2079 1942 2153 ταύτης
1966 2083 2162 2154 κατόρο

507 2163 672 2218 θωσιν
695 2182 710 2229 ;
736 2166 825 2236 Μή
847 2167 954 2236 γάρ
980 2184 1071 2236 μοι
1103 2166 1201 2237 τὴν
1233 2168 1292 2218 ἐν
1334 2169 1449 2229 τοῖς
1482 2168 1851 2231 πεντακοσίοις
1870 2167 2013 2221 ἐτεσι
2041 2169 2159 2223 δια-

509 2249 689 2320 γωγήν
717 2250 837 2318 λέγε
864 2251 1039 2320 μόνον,
1091 2251 1172 2304 δτι
1224 2250 1648 2320 κωμῳδούμενος
1693 2252 1789 2304 καὶ
1837 2252 2162 2322 χλευαζόμε-

508 2354 595 2401 νος
617 2337 839 2390 διετέλει
873 2337 977 2390 ὐπύ
1016 2337 1122 2390 τῶν
1171 2339 1270 2407 τὴν
1316 2339 1515 2391 κακίαν
1547 2338 1860 2406 μετιόντων,
1889 2340 2024 2393 ἀλλά
2065 2340 2160 2393 καὶ⁸

506 2423 605 2489 τὴν
652 2424 708 2474 ἐν
749 2424 814 2492 τῇ
853 2423 1068 2492 κιϐωτῷ
1099 2422 1396 2494 διατριϐήν.
1441 2423 1500 2476 '0
1531 2423 1638 2494 1&9
1676 2424 1917 2489 ἐνιαυτὸς
1957 2427 2160 2489 ἐκεῖνος

506 2506 826 2577 ἀντίρροπος
855 2503 991 2559 εἷναί
1024 2523 1112 2576 μοι
1143 2507 1291 2559 δοκεῖ
1331 2505 1424 2560 τοῦ
1471 2507 1669 2569 παντὸς
1698 2508 1890 2578 χρόνου
1913 2525 1926 2539 ’
1968 2508 2159 2563 τοσαύ-

506 2609 605 2661 την
631 2595 746 2646 ἐκεῖ
771 2593 872 2663 τὴν
896 2592 1074 2661 θλίψιν
1111 2593 1399 2665 ὑπομένειν
1425 2593 1455 2645 ό
1477 2593 1681 2657 δίκαιος
1715 2593 2076 2662 ἠναγκάζετο,
2102 2597 2162 2651 ἐν

507 2679 836 2750 στενοχωρίᾳ
871 2679 1090 2752 τοιαύτῃ
1133 2679 1434 2749 τυγχάνων,
1480 2679 1574 2732 καὶ
1625 2679 1758 2750 μηδὲ
1788 2682 2044 2735 ἀναπνεῖν
2073 2681 2162 2735 δυ-

506 2765 760 2835 νάμενος,
787 2767 880 2818 καὶ
907 2767 1003 2835 τῆς
1032 2765 1173 2835 μετά
1194 2766 1302 2817 τῶν
1331 2765 1538 2836 θηρίων
1566 2766 1783 2819 καὶτῶν
1805 2767 2012 2836 ἀλόγων
2044 2769 2161 2824 δια-

507 2851 695 2920 γωγῆς
724 2852 1064 2922 ἀνεχόμενος,
1116 2853 1209 2905 καὶ
1239 2852 1326 2905 διά
1367 2852 1583 2905 πάντων
1627 2853 1839 2917 δεικνὺς
1871 2854 2035 2909 αὐτοῦ
2063 2857 2163 2926 τῆς

506 2935 731 3005 γνώμτς
761 2937 822 2989 τὸ
843 2937 1085 3007 στερρὸν,
1109 2937 1284 2989 καὶτὸ
1300 2937 1512 3000 ἀκλινές
1541 2937 1640 3006 τῆς
1657 2940 2047 3009 προαιρέσεως,
2069 2942 2164 2994 καὶ

502 3021 604 3093 τήν
635 3023 816 3076 πίστιν
843 3024 908 3093 ην
937 3023 1063 3093 περὶ
1093 3023 1185 3075 τὸν
1233 3022 1364 3076 Θεὸν
1394 3023 1758 3087 ἐπεδείκνυτο,
1802 3023 1870 3077 δι’
1899 3025 1966 3096 ήν
1985 3027 2163 3082 πάντα

508 3108 699 3179 πράως
719 3109 815 3162 καὶ
836 3107 1052 3175 κούφως
1072 3108 1257 3178 ἔφερε.
1277 3108 1376 3161 Δία
1405 3125 1488 3161 τοι
1517 3107 1695 3172 τοῦτο,
1720 3109 1908 3181 ἐπειδή
1934 3111 2004 3164 τά
2029 3115 2160 3183 παρ’

507 3192 672 3247 αὐτοῦ
688 3193 865 3246 πάντα
881 3193 1184 3262 είσήνεγκε,
1199 3195 1294 3246 καὶ
1312 3194 1418 3247 τῶν
1434 3194 1582 3264 παρά
1596 3194 1688 3247 τοῦ
1710 3195 1846 3248 Θεοῦ
1865 3197 2000 3264 μετά
2009 3195 2164 3264 δαψι-

511 3279 663 3342 λείας
695 3281 1028 3348 ἀπήλαυσεν.
1052 3281 1112 3333 Εἰ
1149 3279 1255 3350 1&9
1280 3281 1373 3332 καὶ
1417 3281 1778 3351 στενοχωρίαν
1833 3281 2032 3353 πολλὴν
2063 3283 2164 3336 ὐπα-

511 3367 704 3435 έμενεν
727 3367 786 3418 ἐν
816 3369 881 3436 τῇ
898 3366 1140 3435 διαγωγῇ
1169 3366 1266 3436 τῆς
1292 3365 1546 3430 κιϐωτοῦ,
1569 3365 1685 3419 ἀλλ’
1718 3369 1865 3436 ὅμως
1889 3368 1951 3422 τὸ
1965 3369 2164 3423 κλυδώ-

508 3469 618 3505 νιον
647 3451 708 3504 τὺ
727 3451 954 3521 φοϐερὸν
984 3454 1076 3506 καὶ
1125 3452 1221 3521 τήν
1266 3451 1638 3522 πανωλεθρίαν
1663 3452 1881 3525 ἐκείνην
1917 3455 2160 3524 διέφυγε.

506 3538 618 3592 Καὶ
649 3537 736 3590 διά
767 3537 921 3591 τοῦτο
980 3537 1118 3607 μετά
1155 3537 1252 3607 τήν
1287 3538 1647 3607 στενοχωρίαν
1677 3539 1891 3610 ἐκείνην
1917 3541 2012 3594 καὶ
2066 3541 2164 3611 τὴν

507 3624 775 3695 ἀφόρητον
794 3624 1034 3695 είρκτήν,
1055 3625 1146 3677 καὶ
1184 3625 1366 3687 ἀδείας
1388 3625 1483 3677 καὶ
1513 3627 1748 3690 ἀνέσεως
1778 3627 2044 3700 ἀπήλαυε,
2070 3631 2164 3684 καὶ

507 3711 606 3780 τῆς
639 3712 792 3781 παρά
818 3709 912 3764 τοῦ
940 3710 1072 3764 Θεοῦ
1104 3711 1352 3779 εὐλογίας
1374 3711 1612 3781 ήξιοῦτο,
1651 3713 1746 3767 καὶ
1768 3713 1932 3768 πάλιν
1957 3715 2057 3786 τὴν
2082 3719 2163 3770 οι-

509 3799 663 3852 κείαν
683 3797 1093 3868 εὐγνωμοσύνην
1123 3797 1210 3852 διά
1228 3798 1335 3852 τῶν
1359 3797 1536 3868 ἔργων
1552 3798 1808 3871 ἐπλήρουο
1839 3802 1933 3854 καὶ
1956 3817 2162 3858 παντα-

509 3884 606 3953 χοῦ
627 3883 875 3954 εὑρήσεις
887 3880 983 3946 τάς
1004 3883 1176 3952 ἀρχάς
1196 3884 1324 3954 παρ’
1350 3882 1513 3937 αὐτοῦ
1536 3884 2163 3959 είσφερομένας.“οσπερ

507 3970 565 4021 δὲ
587 3969 686 4038 τὴν
708 3967 927 4039 πρώτην
963 3967 1178 4022 ἃπασαν
1205 3968 1422 4039 ήλικίαν
1444 3967 1544 4041 τὴν
1579 3969 1778 4041 ἀρετὴν
1809 3973 2161 4042 μεταδιώξας,

510 4054 604 4109 καὶ
634 4053 730 4124 τῆς
759 4054 956 4110 κακίας
984 4053 1204 4107 ἐκείνων
1231 4053 1386 4118 ἐκτὸς
1406 4052 1727 4124 γεγονὼς,οὐ
1757 4057 2165 4128 συναπήλαυσεν

509 4143 688 4205 αὐτοῖς
714 4141 814 4210 τῆς
838 4141 1129 4211 τιμωρίας,
1170 4141 1305 4196 ἀλλά
1332 4142 1550 4197 πάντων
1577 4142 1923 4215 ὑποϐρυχίων
1945 4147 2163 4218 γινομέ-

508 4240 614 4276 νων
642 4223 799 4285 αὐτὸς
836 4223 994 4292 μόνος
1020 4221 1324 4286 διεσώζετοο
1362 4223 1504 4277 οὕτω
1540 4224 1702 4279 πάλιν
1728 4225 1918 4300 ἐπειδὴ
1965 4229 2163 4302 πολλὴν

506 4308 607 4377 τήν
633 4307 812 4360 πίστιν
841 4309 1142 4378 εἰσήνεγκε,
1197 4308 1291 4360 καὶ
1322 4310 1438 4378 μετ’
1467 4309 1817 4382 εὐχαριστίας
1845 4313 1946 4384 τῆς
1989 4315 2048 4370 ἐν
2092 4319 2162 4388 τῇ

510 4392 722 4463 κιϐωτῷ
751 4394 1014 4464 οἰκήσεως
1044 4394 1315 4463 ἠνέσχετο,
1370 4393 1528 4448 πάλιν
1573 4395 1642 4450 τά
1690 4399 1838 4469 παρά
1893 4401 1986 4455 τοῦ
2026 4401 2162 4456 Θεοῦ

505 4476 831 4546 ἠκολούθησε
857 4478 994 4546 μετά
1045 4477 1245 4545 πολλῆς
1270 4481 1365 4548 τῆς
1387 4479 1714 4550 φιλοτιμίας,
1745 4484 1838 4536 καὶ
1863 4483 2163 4558 ἐξενεχθεὶς

506 4562 604 4630 τῆς
637 4560 886 4626 κιϐωτοῦ,
919 4563 1012 4615 καὶ
1047 4563 1126 4626 είς
1153 4563 1251 4633 τὴν
1284 4564 1552 4635 προτέραν
1582 4565 1856 4639 διαγωγήν
1884 4570 2162 4628 ἀποκατα-

508 4646 743 4708 σταθεὶς,
780 4646 974 4709 εὐθέως
1026 4648 1272 4715 εὐλογίας
1301 4649 1566 4716 ἀξιοῦται,
1627 4654 1720 4706 καὶ
1753 4655 1916 4710 πάλιν
1944 4658 2044 4729 τὴν
2080 4663 2160 4714 οῖσι

506 4732 659 4784 κείαν
687 4730 1102 4801 εὐγνωμοσύνην
1139 4733 1561 4803 ἐπιδειξάμενος,
1602 4737 1692 4789 καὶ⁵
1711 4739 1808 4806 τήν
1837 4742 1974 4794 κατά
2000 4743 2158 4798 δύνα-

508 4834 599 4885 μιν
627 4816 968 4886 εὐχαριστίαν
997 4818 1376 4886 ποιησάμενος,
1406 4821 1503 4873 καὶ.
1530 4821 1672 4874 οῦτω
1702 4823 1961 4891 μειζόνων
1983 4828 2162 4893 ἀξιοῦ-

502 4919 589 4956 ται
618 4902 764 4972 παρά
792 4903 885 4954 τοῦ
912 4902 1284 4974 φιλανθρώπου
1306 4905 1458 4958 Θεοῦ.
1496 4907 1605 4959 Καὶ
1626 4908 1734 4977 1&9
1765 4907 1883 4972 ἔθος
1909 4912 2066 4966 τοῦτο
2084 4916 2162 4986 τῷ

501 4989 641 5059 Θεῷ,
671 4989 886 5043 ἐπειδάν
928 4991 1099 5061 μικρά
1153 4993 1246 5044 καὶ⁵
1272 4992 1460 5061 εὐτελῆ
1495 4993 1623 5064 παρ’
1655 4995 1813 5064 ήμῶν
1857 4999 2160 5072 είσενεχθῇ,

501 5078 650 5146 ὅμως
679 5077 722 5129 δ’
749 5073 842 5129 οῦν
867 5077 1168 5148 εἰσενεχθῇ,
1219 5079 1412 5148 πολλὴν
1433 5082 1563 5150 ἡμῖν
1581 5082 1680 5151 τὴν
1715 5085 1841 5153 παρ’
1872 5085 2035 5139 αὐτοῦ
2059 5088 2161 5141 δω-

503 5157 713 5229 ρεῖσθαι
744 5159 1071 5228 φιλοτιμίαν.
1098 5161 1207 5213 Καὶ
1227 5161 1311 5214 ἵνα
1339 5162 1514 5231 μάθῃς
1565 5164 1661 5215 καὶ
1689 5164 1788 5234 τῆς
1817 5166 2162 5239 ἀνθρωπίνης

503 5245 770 5307 εὐτελείας
800 5245 897 5316 τὴν
930 5247 1253 5318 ὑπερϐολὴν,
1280 5247 1489 5300 καὶτοῦ
1525 5249 1792 5303 Δεσπότου
1825 5267 1917 5304 σου
1937 5254 2035 5322 τὴν
2068 5271 2159 5322 φι-

502 5330 770 5399 λοτιμίαν,
804 5333 994 5386 σκόπει
1030 5350 1120 5402 μοι
1148 5333 1401 5386 ἐνταῦθα.
1428 5334 1545 5387 Κάν
1579 5335 1687 5404 γὰρ
1725 5335 2071 5409 βουληθῶμέν
2104 5358 2156 5394 τι

504 5415 846 5483 εἰσενεγκεῖν,
865 5419 916 5470 τί
948 5417 1198 5470 τοσοῦτον
1223 5419 1580 5487 δυνησόμεθα,
1607 5420 1640 5488 ἢ
1661 5421 1783 5473 ὅσον
1815 5422 1911 5493 τὴν
1931 5425 2017 5477 διά
2049 5427 2158 5480 τῶν

501 5503 670 5568 λόγων
701 5502 1047 5572 εὐχαριστίαν
1068 5503 1434 5569 ἐπιδείξασθαι
1460 5521 1474 5567 ;
1507 5505 1588 5558 Τά
1612 5507 1711 5575 μέν
1736 5523 1816 5558 τοι
1837 5511 1966 5581 παρ’
1994 5512 2156 5566 αὐτοῦ

501 5585 591 5640 διά
624 5587 728 5640 τῶν
757 5589 932 5658 ἔργων
969 5590 1048 5652 εἰς
1082 5591 1226 5659 ἡμᾶς
1255 5589 1639 5659 ἐκπληροῦται.
1671 5591 1781 5646 Ποῦ
1828 5589 1920 5650 οὖν
1949 5596 2014 5651 ἂν
2047 5598 2158 5653 ἴσον

567 5777 590 5804 ⁸
617 5772 755 5827 Multi
781 5791 890 5825 mss.
913 5780 1037 5827 οὕτω
1056 5779 1304 5827 παιδεῦσαι
1325 5779 1631 5842 δυνησόμεθα.

1251 421 1311 477 S.
1354 417 1633 478 JOANNIS
1667 422 2152 482 CHRYSOSTOMI
2201 426 2520 484 ARCHIEP.
2561 421 3104 484 CONSTANTlNOP.

2264 546 2470 614 γένοιτο
2491 547 2626 618 ἔργα
2661 543 2756 598 καὶ
2785 543 2963 612 λόγοι;
3006 538 3280 610 Ἀνενϐεής
3309 536 3418 608 1&9
3451 535 3531 591 ῶν
3551 535 3698 608 [253]
3726 533 3875 606 ήμῶν
3894 533 3926 586 δ

2265 629 2560 700 Δεσπότης,
2593 627 2802 689 οὐδενὸς
2816 625 2985 679 δεῖται
3010 623 3116 676 τῶν
3145 623 3272 694 παρ’
3295 619 3474 690 ήμῶν,
3508 622 3556 673 εί
3589 620 3666 690 μή
3693 619 3806 672 τῶν
3835 622 3923 690 ρη-

2269 710 2455 778 μάτων
2492 710 2669 780 μόνον·
2711 708 2805 762 καὶ
2832 704 3001 777 αὐτὴν
3031 706 3088 759 δὲ
3114 704 3214 775 τήν
3240 702 3330 756 διὰ
3353 703 3461 756 τῶν
3493 702 3671 770 λόγων
3711 701 3926 772 εὐχαρι-

2267 791 2421 844 στίαν
2447 791 2701 851 ἀπαιτεῖ,
2727 790 2826 858 οὐχ
2857 788 2932 850 ώς
2955 787 3161 856 ταύτης
3217 785 3434 857 χρῄζων
3463 784 3647 844 αὐτὸς,
3681 781 3801 836 ἀλλ’
3846 781 3924 834 Eva

2265 875 2412 943 ἡμᾶς
2449 872 2712 946 παιδεύσῃ
2737 871 3086 940 εὐγνώμονας
3111 865 3272 934 εἶναι,
3304 869 3399 921 καὶ
3431 865 3818 933 ἐπιγινώσκειν
3841 862 3926 916 τὸν

2264 956 2372 1009 τῶν
2417 955 2640 1024 ἀγαθῶν
2675 953 2926 1026 χορηγόν.
2981 952 3079 1005 Διά
3117 951 3274 1005 τοῦτο
3320 954 3411 1004 καὶ
3457 948 3669 1012 Παῦλος
3703 947 3924 1018 γράφων

2265 1038 2468 1105 ἔλεγεν,
2499 1035 2857 1105 Εὑχάριστοι
2887 1035 3121 1105 γίνεσθε
3160 1032 3325 1086 Οὐδὲν
3354 1031 3462 1102 γάρ
3487 1032 3663 1094 οὕτως
3685 1029 3926 1099 ἐπιζητεῖ

2267 1117 2393 1189 παρ’
2419 1117 2574 1189 ἡμῶν
2605 1121 2633 1170 ό
2674 1119 2967 1188 Δεσπότης,
3023 1117 3098 1180 ὼς
3149 1114 3309 1169 τοῦτο
3340 1113 3402 1166 τὸ
3445 1112 3798 1184 κατόρθωμα.
3840 1112 3924 1180 Μή

2265 1202 2441 1255 τοίνυν
2479 1199 2789 1271 ἀγνώμονες
2819 1199 3114 1269 γινώμεθα,
3155 1198 3286 1269 μηδὲ
3313 1196 3378 1250 δι’
3413 1195 3589 1265 ἐργων
3616 1194 3930 1265 εὐεργετού-

2269 1300 2418 1352 μενοι
2453 1283 2626 1346 αὐτοὶ,
2666 1281 2910 1352 δκνῶμεν
2953 1281 3049 1350 τὴν
3099 1280 3185 1333 διά
3229 1279 3334 1332 τῶν
3362 1278 3536 1346 λόγων
3582 1277 3930 1349 εὐχαριστίαν

2267 1363 2556 1434 ἀναφέρειν
2606 1363 2682 1433 τῷ
2714 1362 2976 1434 Δεσπότῃ·
3033 1360 3196 1413 πάλιν
3226 1361 3335 1430 1&9
3371 1361 3451 1423 είς
3479 1361 3629 1430 ἡμᾶς
3658 1359 3721 1411 τὸ
3748 1358 3932 1426 κέρδος

2269 1447 2630 1518 περιίσταται.
2696 1445 2819 1498 Ἐὰν
2855 1446 2964 1515 γὰρ
2997 1443 3088 1496 ἐπὶ
3135 1445 3246 1504 τοῖς
3300 1443 3567 1511 φθάσασιν
3619 1442 3929 1510 εὐχάριστοι

2268 1531 2562 1601 γινώμεθα,
2592 1530 2833 1601 καὶπρὸς
2854 1530 2914 1583 τὸ
2934 1530 3038 1582 τῶν
3070 1528 3328 1598 μειζόνων
3357 1530 3540 1596 τυχεῖν
3565 1529 3784 1589 ἐαυτοῖς
3809 1524 3933 1578 πολ-

2267 1617 2363 1686 λὴν
2386 1617 2878 1688 προευτρεπίζομεν
2898 1617 2996 1687 τὴν
3018 1615 3347 1685 παρρησίαν.
3375 1614 3568 1674 Μόνον,
3604 1612 3929 1679 παρακαλῶ.

2268 1704 2386 1758 καθ’
2419 1705 2653 1775 ἑκάστην
2703 1705 2917 1777 ήμέραν
2951 1703 3041 1756 καὶ
3067 1703 3235 1774 ῶραν,
3274 1704 3323 1755 εί
3353 1695 3464 1753 οἶόν
3492 1718 3572 1759 τε,
3605 1697 3934 1766 ἁναλογιζώ-

2271 1790 2408 1860 μεθα
2444 1790 2564 1844 καθ’
2589 1792 2814 1853 ἐαυτούς
2845 1791 2920 1860 μὴ
2947 1789 3047 1852 τάς
3071 1788 3254 1853 κοινὰς
3310 1790 3468 1860 μόνον
3500 1786 3840 1856 εὐεργεσίας,
3867 1784 3934 1845 ἀς

2269 1878 2415 1948 πάσῃ
2439 1879 2504 1947 τῇ
2534 1876 2691 1945 φύσει
2722 1879 2750 1930 ό
2773 1877 2882 1930 τῶν
2913 1876 3047 1930 ὅλων
3077 1875 3401 1948 δημιουργὸς
3431 1875 3774 1944 κεχάρισται,
3799 1871 3932 1926 ἀλλά

2268 1964 2362 2018 καὶ
2386 1964 2480 2027 τὰς
2504 1962 2609 2035 ἰδίᾳ
2643 1965 2734 2017 καὶ
2761 1963 2880 2016 καθ’
2900 1962 3128 2016 ἕκαστον
3155 1963 3285 2031 ήμῖν
3311 1959 3708 2031 παρεχομένας.

2340 2067 2449 2120 Καὶ
2472 2067 2524 2119 τί
2548 2067 2689 2134 λέγω
2711 2065 2810 2129 τάς
2837 2065 2941 2135 ἰδίᾳ
2971 2065 3064 2117 καὶ
3092 2064 3210 2117 καθ’
3242 2063 3471 2116 ἕκαστον
3515 2059 3930 2132 παρεχομένοις

2270 2157 2378 2209 Καὶ
2405 2152 2543 2224 ὑπὲρ
2563 2147 2636 2206 ὦν
2667 2152 2983 2220 ἀγνοοῦντες
3023 2148 3471 2221 εὐεργετούμεθα,
3507 2148 3602 2201 καὶ
3636 2147 3779 2219 ὑπὲρ
3806 2147 3934 2200 τούς

2268 2259 2374 2296 των
2399 2239 2828 2312 εὐχαριστῶμεν.
2874 2235 3090 2308 Ἐπειδὴ
3141 2237 3249 2308 1&9
3280 2237 3496 2306 κήδεται
3527 2235 3624 2304 τῆς
3657 2235 3936 2305 ἡμετέρας

2270 2329 2559 2399 σωτηρίας,
2617 2324 2785 2378 πολλά
2813 2324 2906 2378 καὶ
2939 2323 3013 2394 μὴ
3058 2323 3264 2388 εἰδότας
3290 2324 3440 2393 ἡμᾶς
3485 2323 3784 2394 εὐεργετεῖ,
3839 2324 3937 2375 καὶ.

2267 2414 2524 2476 πολλάκις
2551 2412 2642 2466 καὶ
2666 2410 2922 2464 κινδύνων
2947 2410 3262 2481 ἐξαρπάζει,
3286 2411 3380 2462 καὶ
3404 2408 3592 2480 ἐτέρας
3613 2409 3938 2478 εὐεργεσίας

2268 2504 2347 2563 είς
2375 2502 2521 2571 ήμᾶς
2542 2498 2907 2553 κατατίθεται.
2931 2497 3088 2569 Πηγὴ
3103 2497 3213 2568 γάρ
3237 2499 3352 2550 ἐστι
3384 2496 3814 2565 φιλανθρωπίας,
3839 2497 3938 2549 καὶ

2267 2588 2517 2641 οὐδέποτε
2547 2584 2777 2641 παύεται
2814 2584 2883 2637 τά
2908 2583 3117 2637 ἐκεῖθεν
3145 2583 3362 2653 νάματα
3397 2585 3462 2652 τῇ
3493 2581 3601 2636 τῶν
3631 2581 3938 2653 ἀνθρώπων

2271 2673 2428 2746 φύσει
2462 2673 2788 2746 προχέουσα.
2829 2674 2924 2724 Ἂν
2975 2671 3182 2723 τοίνυν
3201 2670 3372 2727 ταῦτα
3429 2667 3792 2738 λογιζώμεθα,
3842 2669 3940 2723 καὶ

2272 2759 2658 2831 σπουδάζωμεν
2683 2759 2778 2813 καὶ
2809 2757 2950 2829 ὑπὲρ
2970 2756 3078 2809 τῶν
3111 2756 3432 2824 φθασάντων
3459 2755 3560 2817 τάς
3587 2755 3940 2825 εὐχαριστίας

2269 2848 2561 2918 ἀναφέρειν
2611 2845 2690 2916 τῷ
2714 2846 2978 2916 Δεσπότῃ,
3025 2845 3122 2898 καὶ
3147 2843 3288 2915 ὑπὲρ
3323 2843 3432 2898 τῶν
3487 2843 3612 2912 ἑξῆς
3661 2841 3939 2906 τοιούτους

2269 2935 2493 2998 ἐαυτούς
2520 2932 2973 2998 κατασκευάζειν,
3006 2930 3146 2985 ὥστε
3175 2930 3249 3000 μὴ
3293 2929 3544 2994 ἀναξίους
3566 2929 3799 3000 φανῆναι
3826 2931 3938 2983 τῶν

2269 3021 2401 3091 παρ’
2427 3017 2591 3073 αὐτοῦ
2619 3015 2969 3089 εὐεργεσιῶν,
2997 3014 3336 3087 δυνησόμεθα
3382 3015 3476 3069 καὶ
3507 3015 3785 3068 πολιτείαν
3811 3013 3940 3086 ἀρί-

2272 3123 2406 3177 στην
2443 3103 2832 3170 ἐπιδείξασθαι,
2881 3103 2978 3157 καὶ
3009 3102 3108 3172 τῆς
3141 3102 3339 3165 κακίας
3367 3100 3467 3172 τὴν
3512 3103 3704 3172 πεῖραν
3747 3103 3940 3171 διαφυ-

2271 3197 2409 3262 γεῖν.
2447 3193 2512 3246 ’11
2557 3190 2668 3262 γὰρ
2703 3191 2890 3261 μνήμη
2923 3187 3031 3242 τῶν
3058 3187 3382 3258 εὐεργεσιῶν
3414 3188 3571 3259 ίκανὴ
3616 3188 3940 3252 διδάσκαλος

2272 3282 2401 3349 ήμῖν
2431 3279 2581 3332 ἐσται
2607 3277 2708 3346 τῆς
2735 3278 2854 3329 κατ’
2882 3275 3080 3346 ἀρετήν
3105 3274 3397 3339 πολιτείας,
3424 3275 3525 3330 οὐκ
3548 3277 3774 3344 ἀφιεῖσά
3807 3293 3939 3330 ποτε

2271 3367 2352 3430 είς
2373 3364 2642 3437 ρᾳθυμίαν
2690 3363 3025 3433 ἐμπεσόντας
3050 3362 3143 3414 καὶ
3173 3361 3362 3434 λήθην,
3399 3361 3536 3432 πρὸς
3587 3361 3684 3432 τὴν
3738 3362 3940 3418 κακίαν

2271 3451 2654 3521 αὐτομολῆσαι.
2689 3450 2751 3502 Ἦ
2779 3449 2888 3519 1&9
2920 3449 3164 3518 νήφουσα
3194 3449 3287 3502 καὶ
3335 3451 3669 3519 ἐγρηγορυὴ
3693 3449 3842 3520 ψυχὴ
3876 3451 3940 3504 οὐ

2270 3541 2390 3593 τότε
2421 3538 2580 3610 μόνον
2607 3537 2823 3591 ἐπειδὰν
2873 3535 3013 3588 κατά
3046 3535 3174 3605 ῥοῦν
3223 3535 3457 3606 φέρηται
3488 3536 3558 3589 τά
3608 3536 3937 3608 πράγματα,

2271 3623 2686 3695 εὐγνωμοσύνην
2707 3621 3088 3685 ἐπιδείκνυται,
3119 3621 3253 3675 ἀλλά
3283 3621 3386 3675 κᾶν
3413 3621 3632 3678 ἐναντία
3674 3639 3761 3684 τις
3793 3640 3941 3694 πραο

2271 3710 2492 3780 γμάτων
2539 3707 2857 3779 περίστασις
2890 3704 3365 3777 παρακολουθήσῃ,
3399 3703 3494 3757 καὶ
3513 3705 3633 3758 τότε
3663 3705 3765 3776 τὴν
3817 3707 3941 3776 ίσην

2271 3795 2618 3868 εὐχαριστίαν
2655 3793 2938 3864 ἀναφέρει,
2971 3791 3126 3844 οὐδὲν
3174 3791 3285 3844 ἀπὸ
3313 3792 3412 3862 τῆς
3442 3790 3553 3845 τῶν
3596 3793 3941 3862 πραγμάτων

2273 3882 2572 3953 μεταϐολῆς
2597 3879 2952 3951 χαυνουμένη,
2985 3877 3120 3932 ἀλλά
3150 3877 3320 3950 ταύτῃ
3352 3877 3551 3949 μᾶλλον
3577 3879 3939 3950 νευρουμένη,

2273 3970 2365 4022 καὶ
2386 3967 2484 4038 τὴν
2513 3968 2715 4036 ἄφατον
2744 3965 2836 4020 τοῦ
2866 3963 3001 4018 Θεοῦ
3025 3961 3348 4035 κηδεμονίαν
3369 3964 3715 4036 λογιζομένη,
3742 3967 3840 4022 καὶ
3863 3968 3940 4031 ὡς

2272 4053 2500 4124 εὐπορος
2528 4051 2603 4106 ὣν
2654 4053 2749 4107 καὶ
2804 4052 3111 4122 εὐμήχανος
3158 4051 3381 4106 δύναται
3421 4053 3513 4106 καὶ
3566 4051 3634 4106 δι’
3677 4053 3940 4107 ἐναντίων

2273 4140 2610 4212 πραγμάτων
2633 4179 2649 4204 ,
2707 4139 2756 4192 εί
2786 4139 2878 4192 κα)⁸
2909 4141 3070 4210 ήμεῖς
3108 4139 3208 4210 τὴν
3255 4140 3461 4212 ἀκριϐῆ
3512 4140 3814 4210 κατάληψιν
3862 4144 3939 4211 μή

2275 4225 2545 4297 ίσχύωμεν
2577 4225 2825 4288 συνιδεῖν,
2848 4225 2944 4295 τὴν
2968 4225 3161 4280 ἐαυτοῦ
3184 4225 3510 4298 κηδεμονίαν
3538 4225 3938 4292 ἐπιδείξασθαι.

2342 4320 2416 4378 ς’.
2453 4311 2609 4366 υῦτω
2647 4311 2827 4366 τοίνυν
2857 4312 3074 4367 ᾶπαντα
3108 4312 3179 4366 τά
3206 4313 3332 4367 καθ’
3368 4313 3517 4384 ἡμᾶς
3547 4313 3940 4384 παραχωροῦνο

2269 4417 2379 4464 τες,
2397 4401 2542 4464 δπως
2559 4400 2623 4454 ἂν
2638 4399 2868 4470 φέρηται
2892 4398 2959 4451 τά
2986 4399 3306 4470 πράγματα,
3327 4401 3486 4470 ήμεῖς
3513 4400 3572 4453 ἐν
3591 4401 3752 4470 μόνον
3775 4400 3941 4471 ἔργον

2271 4484 2504 4555 ἔχωμεν,
2531 4485 2590 4538 τδ
2615 4484 2876 4555 διηνεκῶς
2909 4483 3058 4554 αὐτῷ
3105 4483 3445 4555 εὐχαριστεῖν
3488 4485 3628 4557 ὑπὲρ
3654 4487 3933 4540 ἁπάντων.

2270 4575 2368 4628 Διά
2392 4573 2501 4644 1&9
2533 4573 2689 4626 τοῦτο
2715 4571 2919 4639 λογικοί
2945 4588 3089 4634 τινες
3129 4572 3454 4642 γεγόναμεν,
3484 4574 3579 4626 καὶ
3603 4573 3776 4643 ταύτῃ
3823 4574 3936 4627 τῶν

2269 4662 2477 4730 ἀλόγων
2504 4660 2880 4730 διεστήκαμεν,
2922 4660 3009 4714 ῖνα
3038 4661 3136 4724 τάς
3159 4661 3429 4730 εὐφημίας
3455 4662 3548 4714 καὶ
3577 4663 3702 4726 τούς
3730 4661 3934 4731 ῦμνους

2270 4749 2364 4803 καὶ
2385 4749 2648 4818 διηνεκεῖς
2676 4746 2983 4814 δοξολογίας
3034 4748 3396 4819 ἀναφέρωμεν
3444 4748 3518 4817 τῷ
3550 4748 3658 4801 τῶν
3681 4749 3817 4801 ὅλων
3841 4749 3934 4820 δη-

2273 4833 2535 4903 μιουργῷ.
2564 4833 2662 4885 Διά
2683 4832 2841 4885 τοῦτο
2864 4835 2957 4887 καὶ
2979 4834 3153 4904 ψυχὴν
3180 4836 3312 4904 ήμῑν
3330 4835 3746 4897 ἐνέπνευσε,κα⁵ι
3765 4835 3933 4903 γλῶσ-

2273 4937 2366 4972 εαν
2393 4920 2700 4989 ἐχαρίσατο,
2745 4920 2829 4972 ἵνα
2847 4919 2956 4972 τῶν
2981 4919 3110 4990 παρ’
3135 4920 3298 4974 αὐτοῦ
3335 4923 3414 4984 εῖς
3434 4922 3581 4991 ἡμᾶς
3601 4922 3936 4992 εὐεργεσιῶν

2268 5007 2344 5066 εἰς
2373 5005 2622 5075 αἴσθησιν
2649 5005 2948 5078 ἐρχόμενοι,
2988 5007 3080 5060 καῖ
3110 5005 3208 5074 τὴν
3231 5006 3544 5060 δεσποτείαν
3565 5009 3931 5075 ἐπιγινώσκω-

2271 5108 2390 5160 μεν,
2409 5093 2502 5145 καὶ
2520 5094 2619 5161 τὴν
2647 5091 3062 5163 εὐγνωμοσύνην
3090 5090 3239 5162 [εει]
3265 5091 3680 5162 ἐπιδειξώμεθα,
3723 5094 3818 5147 καὶ
3835 5094 3930 5164 τὴν

2269 5179 2408 5232 κατὰ
2443 5177 2669 5249 δύναμιν
2697 5179 3042 5249 εὐχαριστίαν
3066 5178 3424 5249 ἀναφέρωμεν
3451 5179 3528 5248 τῷ
3557 5181 3824 5250 Δεσπότῃ.
3866 5180 3928 5234 Εἰ

2267 5266 2374 5335 γὰρ
2422 5265 2695 5335 ἀνθρωττοι
2755 5267 2800 5316 οἱ
2827 5265 2927 5334 τῆς
2953 5265 3120 5335 αὐτῆς
3151 5267 3280 5335 ἡμῖν
3300 5265 3512 5335 φύσεως
3525 5266 3927 5332 κοινωνοῦντες,

2272 5353 2471 5424 μικράν
2501 5370 2619 5405 τινα
2651 5350 2906 5412 πολλάκις
2947 5350 3041 5403 καὶ
3067 5351 3256 5420 εὐτελῆ
3302 5353 3384 5415 εἰς
3413 5353 3557 5422 ἡμᾶς
3607 5353 3926 5425 εὐεργεσίαν

2267 5439 2640 5507 καταθέμενοι,
2667 5434 2955 5488 ἀπαιτοῦσι
2984 5434 3080 5505 τὴν
3112 5437 3249 5507 ὑπὲρ
3273 5431 3348 5490 ῶν
3397 5438 3744 5510 πεπόνθαμεν
3768 5440 3925 5509 εὐχα-

2270 5524 2508 5595 ριστίαν,
2543 5524 2604 5577 οὐ
2633 5522 2720 5574 διὰ
2759 5522 2857 5592 τήν
2883 5522 3157 5594 ήμετέραν
3188 5523 3622 5594 εὐγνωμοσύνην,
3684 5523 3798 5576 ἀλλ’
3837 5525 3923 5576 (va

2266 5611 2359 5663 καὶ
2383 5611 2536 5663 αὐτοὶ
2560 5608 2804 5662 ἐντεῦθεν
2833 5608 3196 5680 λαμπρότεροι
3226 5609 3537 5678 φαίνωνταιυ
3570 5609 3750 5680 πολλῷ
3786 5611 3922 5680 μᾶλ-

2265 5697 2353 5748 λον
2383 5698 2473 5749 ἐπὶ
2498 5695 2592 5748 τοῦ
2621 5694 2996 5764 φιλανθρώπου
3017 5695 3152 5748 Θεοῦ
3191 5696 3345 5749 τοῦτο
3385 5694 3556 5749 πλείω
3582 5699 3755 5750 ποιεῖν
3777 5699 3920 5766 ἡμᾶς

2264 5783 2390 5854 χρὴ,
2423 5782 2517 5836 τοῦ
2541 5782 2626 5835 διά
2650 5781 2745 5851 τὴν
2770 5783 3042 5851 ἡμετέραν
3082 5783 3344 5851 ὠφέλειαν
3384 5783 3546 5854 μόνον
3600 5785 3759 5838 τοῦτο
3780 5785 3917 5851 γίνε-
