4080 6494
109 2392 112 2394 η
200 2350 382 2404 medio
429 2352 806 2422 flagitiosorum
856 2370 870 2408 :

239 418 352 482 237

213 553 446 598 vestram
495 543 796 614 caritatem,
855 556 910 602 ιιι
958 549 1210 604 continuo
1259 549 1469 603 beatum
1517 550 1680 604 istum
1730 549 1788 603 in

216 634 476 689 memoria
527 647 704 690 vestra
748 639 978 707 geratis,
1031 649 1085 693 et
1139 640 1281 694 illius
1319 639 1530 693 virtutis
1563 638 1795 708 pulchri-

213 723 451 778 tmlinem
496 725 634 781 bene
681 728 930 792 discatis,
968 740 1074 798 quo
1110 744 1235 784 eum
1277 730 1576 784 imitemini.
1603 729 1792 784 Anim-

209 813 430 870 adverte
469 817 650 882 enim,
685 820 942 884 obsecro,
976 829 1210 888 quantus
1244 820 1454 874 virtutis
1507 819 1646 874 illius
1677 820 1794 873 the-

207 919 419 971 saurus,
469 909 591 975 quia
630 923 750 964 cum
807 926 901 979 per
953 919 1027 964 tot
1068 911 1185 965 dies
1225 910 1296 966 de
1333 911 1423 965 illo
1474 909 1792 964 disserueri-

207 1011 350 1058 ntus,
396 995 627 1052 nondum
671 997 828 1053 finem
877 999 1159 1069 imponere
1199 999 1491 1053 narrationi
1519 1001 1790 1068 potulmus

205 1099 392 1139 eorum
421 1102 538 1154 qua:
578 1087 644 1142 ad
692 1089 837 1143 illum
866 1091 1110 1144 attinent.
1140 1090 1276 1156 Quid
1319 1091 1438 1144 dico
1477 1089 1636 1144 ﬁnem
1684 1089 1788 1143 im-

207 1175 456 1240 ponere?
495 1187 916 1248 quantacumque
959 1178 1283 1243 dixerimus,
1334 1193 1439 1232 non
1498 1177 1790 1247 poterimus

204 1262 274 1315 ad
294 1265 502 1319 culmen
522 1267 822 1335 pertingere
852 1285 866 1321 :
897 1268 990 1322 sed
1020 1269 1259 1336 quamvis
1280 1277 1334 1322 et
1362 1281 1460 1321 nos
1487 1275 1542 1322 et
1563 1267 1784 1336 posteri,

204 1356 372 1408 multa
401 1355 468 1409 de
497 1357 586 1410 illo
616 1358 792 1413 dicere
820 1359 1112 1422 valeamus,
1168 1375 1272 1412 non
1320 1369 1495 1412 tamen
1533 1357 1597 1411 ad
1629 1357 1787 1412 finem

205 1447 488 1512 pervenire
517 1448 806 1513 poterimus
839 1466 851 1501 :
887 1458 1027 1502 tanta
1071 1465 1156 1503 res
1199 1458 1281 1504 est
1329 1449 1514 1503 virtus.
1563 1448 1617 1504 Si
1646 1449 1786 1503 enim

204 1534 528 1589 voluerimus
551 1575 567 1598 ,
623 1539 812 1605 poterit
840 1537 922 1591 hic
951 1541 1248 1594 universam
1279 1549 1510 1593 nostram
1548 1549 1785 1592 naturam

204 1622 481 1678 instituere
511 1625 550 1686 ί.
577 1633 631 1679 et
656 1625 721 1679 ad
749 1627 956 1681 virtutis
985 1628 1329 1682 imitationem
1357 1627 1624 1682 inducere.
1655 1626 1786 1681 Nam

202 1714 248 1763 si
274 1712 363 1767 ille
390 1714 527 1767 inter
553 1725 631 1768 tot
662 1715 934 1784 improbos
972 1731 1190 1771 versans
1212 1758 1228 1783 ,
1258 1731 1428 1786 neque
1463 1716 1666 1771 habens
1705 1715 1786 1769 fa-

208 1804 472 1859 miliarem
498 1803 751 1876 aliquem,
800 1808 852 1862 in
882 1817 1086 1862 tantum
1114 1809 1326 1864 virtutis
1355 1808 1616 1878 fastigium
1663 1821 1785 1878 per-

203 1901 414 1954 venisse
442 1900 685 1955 iuventus
711 1912 792 1956 rst
823 1919 836 1954 :
868 1917 988 1970 qua:
1014 1911 1198 1956 nostra
1220 1903 1324 1956 erit
1351 1903 1642 1964 excusatio,
1664 1915 1785 1954 cum

201 2002 305 2040 nec
329 1987 450 2042 talia
480 1990 633 2044 nobis
659 1990 765 2044 sint
793 1990 1191 2060 impedimenta,
1218 1998 1272 2045 et
1299 1999 1476 2044 tamen
1511 1989 1785 2059 negligen-

203 2088 288 2134 tes
325 2081 492 2134 simus
547 2084 614 2135 ad
667 2083 801 2135 bona
858 2082 1059 2150 opera?
1094 2082 1228 2136 Nolo
1279 2082 1421 2136 enim
1466 2081 1610 2135 dicas
1657 2079 1787 2135 mihi

200 2170 371 2224 solam
401 2171 542 2226 illam
584 2175 993 2242 quingentorum
1033 2188 1292 2227 annorum
1336 2173 1522 2235 vitam,
1573 2171 1786 2242 quando

199 2260 626 2315 subsannabatur
695 2273 749 2316 et
814 2262 1166 2329 irridebatur,
1249 2265 1661 2334 versabaturque
1730 2267 1783 2319 in

918 2352 1014 2407 sed
1064 2361 1120 2407 et
1156 2367 1351 2406 annum
1405 2352 1573 2418 illum,
1625 2369 1784 2422 quem

208 2451 380 2494 totum
428 2442 478 2494 in
530 2457 652 2496 arca
697 2443 969 2511 transegit,
1013 2443 1100 2510 qui
1129 2456 1256 2495 sane
1281 2441 1633 2496 conferendas
1657 2442 1783 2495 mihi

203 2532 420 2586 videtur
467 2532 560 2587 toti
610 2534 835 2601 tempori
876 2532 1135 2602 superiori
1166 2548 1182 2585 :
1215 2541 1412 2586 tantam
1449 2531 1518 2586 ibi
1547 2531 1786 2586 afﬂictio-

199 2639 324 2678 nem
378 2623 515 2680 ferre
555 2627 843 2693 cogebatur
875 2624 1049 2690 justus
1096 2623 1213 2689 ille,
1261 2624 1312 2677 in
1355 2623 1517 2677 tantis
1565 2637 1784 2677 versans

193 2714 478 2782 angustiis,
531 2729 700 2782 neque
739 2715 1001 2783 respirare
1028 2714 1230 2778 valens,
1261 2724 1315 2768 et
1344 2714 1572 2767 ferarum
1604 2713 1784 2765 bruto-

193 2817 424 2872 rutnque
451 2805 747 2857 convictum
779 2803 959 2858 ferens
988 2821 1002 2857 :
1029 2805 1118 2872 qui
1139 2812 1190 2858 et
1213 2803 1265 2857 in
1289 2803 1536 2857 omnibus
1550 2811 1782 2856 mentem

195 2907 351 2946 suam
397 2893 619 2946 solidam
662 2893 986 2956 declarabat,
1034 2901 1090 2946 et
1136 2891 1457 2946 voluntatem
1502 2889 1641 2945 flecti
1688 2906 1782 2944 ne-

193 2985 386 3050 sciam,
439 2993 495 3039 et
536 2984 691 3038 ﬁdem
744 3000 868 3053 erga
900 2984 1085 3047 Deum,
1117 2998 1211 3052 per
1236 2997 1393 3053 quam
1427 2981 1577 3038 facile
1616 2992 1665 3036 et
1699 2981 1777 3036 Ie-

193 3075 334 3127 viter
374 3075 551 3127 omnia
589 3075 901 3129 sustinebat.
941 3076 1112 3143 Atque
1141 3074 1360 3138 ideirco,
1391 3073 1638 3142 quoniam
1665 3087 1784 3142 qua:

191 3176 291 3214 sna
321 3172 472 3217 erant
498 3164 673 3216 omnia
700 3163 977 3227 atl‘erebat,
1024 3178 1212 3217 eorum
1254 3163 1414 3217 etiam
1452 3178 1570 3232 quae
1615 3177 1645 3215 a
1676 3163 1782 3216 Deo

189 3260 372 3317 erant,
395 3252 608 3307 abunde
636 3255 832 3322 potitus
850 3262 951 3306 est.
974 3253 1226 3319 Quamvis
1251 3252 1394 3306 enim
1424 3252 1643 3305 multam
1674 3251 1782 3305 fer-

191 3353 282 3398 ret
311 3345 362 3397 itt
387 3359 508 3397 arca
540 3345 854 3413 angustiam,
900 3353 1132 3396 attamen
1163 3343 1454 3396 terribilem
1497 3351 1781 3410 tempesta-

189 3446 303 3489 lctlt
331 3446 382 3490 et
413 3451 750 3490 communem
778 3436 1012 3488 omnium
1041 3434 1458 3488 internecionem
1477 3432 1778 3502 eil‘ugiebat.

191 3526 265 3580 Et
311 3536 589 3595 propterea
631 3533 752 3594 post
786 3525 1082 3594 angustiam
1132 3523 1275 3577 illam
1316 3534 1370 3578 et
1397 3523 1780 3578 intolerabilent

189 3631 484 3680 carcerem,
532 3616 868 3670 securitatem
915 3624 969 3669 et
1011 3616 1242 3684 quietem
1295 3614 1518 3682 adeptus
1555 3624 1636 3668 est
1678 3630 1779 3668 una

187 3724 314 3762 com
345 3709 520 3763 divina
549 3707 955 3771 benedictione;
989 3708 1287 3775 iterumque
1319 3718 1527 3775 gratum
1547 3707 1779 3759 animum

187 3801 445 3868 operibus
483 3800 754 3864 indicavit,
796 3808 852 3853 et
897 3799 1095 3867 ubique
1149 3799 1388 3852 invenies
1431 3798 1574 3850 illum
1612 3797 1779 3866 prima

187 3893 501 3946 contulisse.
544 3892 675 3946 Nam
723 3891 862 3946 sicut
906 3892 956 3944 itt
1000 3891 1166 3960 prima
1192 3901 1348 3943 (etate
1376 3903 1589 3943 onmem
1617 3891 1781 3942 virtu-

189 3993 302 4036 tum
331 3994 560 4037 sectatus
588 3991 690 4044 est.
736 3992 787 4035 et
816 3996 845 4034 a
873 3982 1015 4034 vitiis
1053 3995 1111 4034 se
1140 3980 1408 4041 alienavit,
1454 3979 1645 4048 quibus
1684 3981 1772 4048 qui

189 4085 321 4128 tunc
367 4074 626 4135 vivebant,
682 4071 859 4126 infecti
889 4081 1041 4125 erant
1073 4087 1088 4125 :
1122 4071 1262 4124 unde
1300 4084 1474 4138 neque
1504 4084 1778 4136 prunarum

192 4166 460 4236 particeps
508 4166 624 4228 fuit,
666 4173 866 4218 etcum
914 4162 1003 4216 alii
1051 4175 1238 4216 omnes
1286 4161 1776 4229 submergerentor,

193 4259 310 4325 ipse
358 4258 501 4309 Solus
547 4265 785 4310 servatus
828 4263 950 4307 est:
988 4255 1054 4305 ita
1088 4265 1270 4304 rursus
1296 4253 1418 4320 quia
1461 4250 1616 4303 ﬁdem
1646 4264 1779 4318 quo-

190 4363 300 4414 que
349 4347 558 4409 habuit,
607 4355 660 4399 et
701 4359 820 4397 cum
847 4343 1133 4413 gratiarum
1163 4341 1371 4395 actione
1401 4355 1549 4393 suam
1577 4340 1630 4392 in
1655 4352 1777 4392 arca

192 4438 573 4492 habitationem
619 4436 768 4499 tulit,
813 4436 1001 4488 iterum
1042 4431 1216 4486 divina
1259 4431 1397 4484 dona
1444 4429 1658 4498 c0piose
1705 4430 1776 4482 illi

191 4512 449 4582 concessa
480 4537 638 4591 sunt,
681 4532 733 4578 et
769 4541 888 4578 cum
932 4539 1180 4594 egressus
1220 4538 1282 4576 ex
1311 4536 1454 4585 arca,
1500 4525 1632 4575 etin
1671 4521 1778 4589 pri-

193 4620 388 4672 stinum
415 4628 607 4670 statum
637 4617 908 4670 restitutus
935 4625 1109 4676 esset,
1138 4615 1313 4666 statim
1342 4613 1764 4667 benedictionem

192 4717 549 4776 consequutus
579 4716 679 4769 est,
716 4716 770 4759 et
817 4708 1004 4757 iterum
1037 4705 1252 4762 solitam
1280 4719 1386 4771 pra:
1415 4718 1473 4756 se
1505 4703 1620 4755 tttlit
1640 4703 1774 4772 grati

193 4799 354 4851 animi
377 4796 710 4866 probitatem,
740 4797 1036 4863 emissaque
1065 4796 1350 4862 gratiarmn
1379 4793 1585 4846 actione
1614 4793 1774 4846 etiam

197 4905 321 4943 tunc
351 4888 637 4953 majoribus
669 4886 937 4937 beneﬁciis
962 4900 990 4934 a
1037 4885 1146 4937 Deo
1186 4883 1481 4935 cumulatus
1520 4892 1620 4936 est.
1664 4882 1777 4935 Mos

195 4981 338 5033 cnim
388 4980 475 5032 Dei
517 4989 617 5038 est,
664 4986 721 5028 ut
767 4977 810 5028 si
843 4989 940 5027 uos
970 4974 1143 5027 tenuia
1171 4974 1412 5042 quadam
1443 4982 1496 5027 et
1522 4974 1641 5026 vilia
1672 4974 1772 5027 ob-

195 5070 501 5127 tulerimus.
537 5069 630 5122 sed
675 5077 848 5120 tamen
876 5067 1243 5131 obtulerimus,
1273 5068 1436 5120 multa
1464 5067 1775 5122 liberalitate

197 5178 292 5215 nos
321 5170 641 5214 remaneret.
691 5159 753 5211 Et
781 5169 835 5211 ut
865 5158 1039 5210 discas
1067 5167 1260 5226 quanta
1302 5158 1370 5210 sit
1423 5157 1649 5210 humana
1695 5167 1773 5209 te-

197 5254 391 5316 nuitas,
443 5262 634 5320 quanta
685 5251 774 5303 Dei
818 5249 1224 5318 magnificentia,
1273 5248 1360 5300 hic
1401 5259 1628 5302 mentem
1677 5247 1774 5301 ad-

197 5347 340 5399 hibe.
396 5344 502 5397 Nos
529 5345 668 5396 enim
696 5343 738 5395 si
770 5342 893 5408 quid
922 5341 1246 5394 Votnerimus
1270 5339 1481 5403 oil'erre,
1508 5339 1632 5407 quid
1664 5356 1776 5392 ant-

197 5439 334 5504 plius
361 5435 555 5489 oﬂ'erre
589 5449 888 5502 possumus,
934 5449 1088 5500 quant
1129 5441 1381 5499 quantum
1439 5431 1613 5484 verbis
1657 5447 1776 5500 gra-

195 5531 295 5580 tias
346 5526 665 5580 referimus?
697 5524 768 5576 Ea
807 5537 934 5575 sane
984 5537 1102 5588 qua:
1158 5522 1269 5589 ipse
1314 5519 1563 5583 exhibet,
1613 5535 1774 5588 opere

195 5618 349 5672 nobis
389 5623 624 5682 praestat.
669 5616 835 5680 Quam
886 5613 1101 5680 imparia
1147 5621 1324 5664 autem
1363 5620 1487 5663 sunt
1528 5610 1686 5664 verba
1719 5619 1775 5664 et

263 5776 274 5804 ι
316 5773 435 5818 ιιιιιιί
473 5778 598 5823 uss”
625 5766 814 5836 Sienun
848 5765 1152 5836 uoluerimus,
1199 5765 1459 5828 poterimus
1503 5763 1769 5815 universam

193 5842 414 5887 naturam
439 5837 647 5879 nostram
679 5834 748 5878 sic
766 5834 1027 5877 instituere.

1233 426 1297 486 tN
1337 429 1486 486 can.
1531 428 1656 484 vut.
1703 418 1948 488 CENES.
1991 432 2217 493 llOMlL.
2263 433 2448 496 sxw.

3372 443 3483 509 138

1899 550 2102 620 Opera?
2139 561 2192 608 et
2223 555 2473 611 Dominus
2501 551 2761 612 nullarum
2785 566 2965 615 rerum
2994 559 3206 633 indigus
3231 573 3335 628 est,
3365 567 3481 618 nuto-

1905 642 2055 711 'aque
2103 659 2284 699 rerum
2322 657 2621 702 nostrarum
2668 658 2808 718 eget,
2861 659 3214 722 prmterquam
3255 653 3479 710 verbis:

1895 746 2053 802 atque
2080 732 2218 790 hanc
2237 736 2403 804 ipsam
2430 738 2604 793 verbis
2630 741 2888 808 prolatam
2912 742 3198 812 gratiarum
3216 744 3481 800 actionem

1895 822 2076 892 exigit,
2127 839 2232 878 non
2273 827 2414 893 quod
2468 843 2530 882 ea
2576 829 2691 898 ipse
2732 844 2867 898 opus
2912 830 3122 893 habeat.
3154 832 3251 888 sed
3282 843 3339 888 ut
3383 849 3480 888 nos

1895 911 2082 967 doceat
2120 926 2298 983 gratos
2340 931 2482 978 esse.
2524 927 2578 973 et
2607 935 2896 989 agnoscere
2923 930 3188 978 tantorum
3218 924 3481 979 bonorum

1894 1006 2366 1072 suppeditatorem.
2420 1011 2483 1064 Et
2532 1006 2674 1066 illam
2704 1013 2774 1067 ob
2798 1024 3014 1069 causam
3047 1015 3240 1072 Paulus
3267 1031 3478 1086 quoque

1898 1096 2134 1150 scribens
2162 1097 2368 1154 dicebat
2400 1124 2416 1156 :
2445 1101 2593 1156 Grati
2617 1115 2772 1159 estote
2815 1104 3036 1175 (Colon.
3074 1104 3126 1163 3.
3157 1106 3228 1162 15
3247 1107 3287 1176 ).
3332 1107 3480 1162 Nihil

1893 1187 2034 1240 enim
2080 1189 2157 1242 sic
2183 1191 2401 1258 requirit
2437 1208 2465 1246 a
2504 1194 2657 1249 nobis
2697 1195 2968 1261 Dominus,
3011 1205 3070 1251 ut
3107 1198 3245 1252 istud
3283 1198 3480 1267 ipsum.

1895 1277 2122 1332 Proinde
2166 1297 2234 1335 ne
2278 1283 2446 1338 simus
2477 1285 2687 1355 ingrati,
2737 1303 2908 1355 neque
2933 1282 3058 1341 dum
3089 1301 3147 1342 re
3174 1289 3284 1357 ipsa
3318 1289 3483 1343 bene-

1892 1365 2008 1421 ﬁcia
2056 1372 2391 1439 experimur,
2465 1387 2752 1444 gravemur
2789 1377 2981 1433 offerre
3024 1378 3249 1433 Domino
3299 1377 3479 1433 verbis

1893 1461 2088 1514 nostris
2113 1463 2398 1529 gratiarum
2450 1465 2710 1522 actionem
2746 1485 2759 1520 :
2793 1469 2982 1522 iterum
3008 1469 3150 1523 enim
3176 1470 3380 1524 lucrum
3424 1471 3476 1522 iu

1893 1563 1991 1601 nos
2018 1549 2292 1605 redundat.
2318 1552 2470 1620 Quod
2496 1555 2540 1608 si
2568 1555 2636 1609 de
2659 1557 2840 1624 primis
2865 1551 2998 1628 grati
3027 1557 3304 1622 fuerimus,
3347 1574 3479 1625 prse-

1893 1647 2128 1708 terquam
2169 1641 2309 1709 quod
2349 1643 2551 1710 majora
2593 1647 2966 1712 nanciscimur,
3034 1647 3192 1700 etiam
3227 1647 3476 1703 ﬁduciam

1892 1729 2042 1783 nobis
2085 1745 2327 1799 magnam
2371 1745 2763 1802 comparamus.
2799 1730 2971 1790 Unum
3025 1737 3163 1804 hoc,
3218 1739 3476 1803 obsecro,

1890 1815 2110 1888 singulis
2151 1819 2339 1875 diebus
2367 1830 2425 1876 et
2453 1822 2617 1887 horis,
2673 1825 2717 1878 si
2756 1824 2866 1878 fieri
2906 1835 3102 1894 potest,
3135 1837 3481 1896 supputemus

1890 1907 2187 1972 nobiscum,
2239 1925 2344 1964 non
2388 1914 2686 1967 communia
2717 1923 2920 1968 tantum
2950 1915 3205 1970 beneﬁcia
3234 1929 3354 1985 quze
3387 1919 3480 1970 toti

1890 2009 2091 2055 natura:
2136 2005 2372 2058 oumium
2409 2003 2593 2074 Opiiex
2637 2007 2896 2074 contulit,
2940 2007 3034 2063 sed
3081 2015 3136 2062 et
3175 2009 3378 2077 privata
3426 2017 3479 2064 et

1889 2091 2212 2160 quotidiana.

1960 2178 2214 2250 Bene/icio
2255 2182 2389 2237 Deus
2428 2185 2569 2238 nobis
2598 2186 2813 2255 confert,
2843 2188 2990 2241 etiam
3018 2189 3219 2243 nesciis.
3247 2210 3318 2230 —"-
3336 2189 3474 2256 Quid

1887 2272 2008 2326 dico
2056 2275 2254 2341 privata
2285 2283 2338 2329 et
2367 2278 2714 2345 quotidiana?
2745 2278 2916 2333 Etiam
2943 2295 3004 2333 ea
3030 2295 3150 2350 quae
3185 2281 3480 2350 ignoranti-

1891 2360 1987 2415 bus
2013 2363 2163 2416 nohis
2189 2363 2416 2430 confert,
2447 2381 2646 2436 proque
2684 2366 2764 2421 his
2792 2370 2989 2438 gratias
3031 2383 3271 2439 agamus.
3295 2370 3477 2437 Quart.

1888 2449 2171 2519 doquidem
2201 2454 2341 2508 enim
2371 2470 2464 2523 pro
2492 2457 2662 2511 salute
2688 2467 2867 2512 nostra
2893 2459 3150 2513 sollicitus
3175 2468 3277 2524 est,
3312 2458 3474 2512 multa

1889 2543 2046 2594 etiam
2079 2543 2129 2597 in
2170 2559 2266 2598 nos
2297 2547 2505 2600 nescios
2552 2545 2805 2602 beneficia
2841 2548 3081 2611 confert,
3126 2565 3270 2618 saepe
3312 2553 3475 2603 etiam

1888 2648 1919 2685 e
1950 2634 2197 2702 periculis
2224 2635 2401 2705 eripit,
2431 2647 2590 2706 atque
2626 2639 2724 2691 alia
2763 2638 3018 2694 beneﬁcia
3048 2650 3282 2710 prtestat.
3333 2636 3477 2696 Fons

1888 2727 2028 2778 enim
2059 2735 2138 2779 est
2177 2727 2499 2794 clementiae,
2531 2744 2624 2783 sua
2656 2729 2852 2784 ﬂuenta
2878 2744 3089 2800 semper
3117 2731 3351 2786 humano
3378 2748 3473 2802 ge-

1888 2817 2003 2871 neri
2044 2818 2389 2886 prol'undens.
2422 2820 2582 2891 Igitur
2622 2823 2667 2877 si
2710 2822 2824 2877 haec
2865 2826 3180 2894 cogitemus,
3223 2838 3474 2893 operam-

1886 2924 1989 2978 que
2018 2909 2204 2964 demus
2230 2921 2290 2964 ut
2318 2921 2374 2966 et
2401 2928 2496 2981 pro
2525 2914 2713 2983 primis
2762 2915 2872 2969 suis
2904 2917 3058 2971 donis
3094 2917 3292 2986 gratias
3331 2917 3436 2971 uiTe

1889 3016 2066 3055 ramus
2115 3003 2359 3068 Domino,
2413 3013 2467 3058 et
2500 3020 2596 3073 pro
2625 3004 2813 3059 futuris
2841 3005 2920 3061 sic
2948 3021 3045 3060 nos
3075 3020 3435 3075 praeparemus
3456 3049 3472 3070 ,

1888 3100 1944 3144 ut
1973 3106 2078 3146 non
2106 3092 2378 3148 videamur
2417 3095 2616 3164 indigni
2641 3095 2756 3165 ejus
2782 3095 3072 3162 beneflciis,
3099 3099 3280 3153 Statim
3307 3100 3467 3152 vitam

1886 3181 2148 3250 egregiam
2200 3184 2494 3251 instituere,
2548 3193 2604 3239 et
2640 3178 2867 3240 malitia:
2909 3188 3200 3255 periculum
3238 3185 3474 3259 ell‘ogere
3556 3219 3564 3230 -

1889 3270 2197 3339 poterimus.
2234 3273 2612 3328 Beneficiorum
2643 3276 2786 3330 enim
2819 3279 3077 3332 memoria
3101 3278 3288 3332 idonea
3319 3279 3475 3334 nobis

1887 3372 1970 3416 est
1997 3363 2245 3432 magistra
2277 3364 2342 3416 ad
2369 3366 2530 3419 vitam
2578 3367 2771 3420 virtute
2807 3368 3105 3436 praeditam,
3159 3383 3265 3424 non
3291 3372 3474 3426 sinens

1885 3467 1985 3507 nos
2012 3453 2062 3507 in
2082 3464 2348 3523 torporem
2374 3456 2803 3527 oblivionemque
2823 3458 3078 3526 incidere,
3103 3469 3161 3516 et
3187 3461 3251 3515 ad
3272 3462 3472 3516 malum

1884 3545 2171 3601 declinare.
2219 3546 2365 3601 Mens
2390 3548 2532 3602 enim
2560 3547 2738 3602 sobria
2766 3557 2823 3604 et
2857 3550 3100 3618 vigilans,
3151 3565 3254 3604 non
3285 3553 3462 3606 solum

1883 3649 2003 3689 cum
2024 3636 2248 3690 feliciter
2270 3652 2358 3692 res
2392 3637 2705 3704 succedunt,
2735 3639 2828 3694 sed
2859 3643 3018 3694 etiam
3040 3641 3252 3710 quando
3277 3651 3471 3710 prmter

1884 3727 2198 3779 sententiam
2252 3737 2488 3781 nostram
2533 3729 2754 3783 adversa
2803 3729 3087 3793 eveniunt,
3140 3744 3248 3784 non
3295 3732 3473 3788 minus

1883 3816 2078 3884 gratias
2107 3817 2234 3886 agit,
2275 3817 2546 3887 nihiloque
2579 3834 2645 3872 ex
2679 3835 2855 3872 rerum
2887 3820 3254 3875 vicissitudine
3277 3822 3468 3875 remis-

1883 3905 1993 3957 sior
2035 3905 2093 3959 ﬁt
2135 3922 2149 3957 :
2192 3905 2286 3960 sed
2332 3909 2500 3976 magis
2541 3907 2860 3974 roboratur,
2911 3919 2967 3963 et
3007 3909 3325 3965 inetl‘abilem
3368 3909 3466 3965 Dei

1885 3995 2264 4064 providentiam
2285 3996 2605 4064 censiderat,
2628 3999 2715 4068 qui
2746 4013 2866 4053 cum
2893 4001 2962 4053 sit
2984 4000 3133 4054 dives
3150 4011 3207 4056 et
3228 4003 3466 4072 sapiens,

1882 4086 2040 4138 etiam
2075 4101 2167 4152 per
2189 4101 2276 4141 res
2300 4086 2585 4152 adversas,
2637 4089 2880 4157 quamvis
2901 4089 3002 4143 hoc
3034 4090 3329 4159 intelligere
3358 4105 3464 4145 non

1883 4177 2169 4246 possimus,
2214 4193 2366 4232 suam
2396 4179 2669 4234 declarare
2699 4189 2872 4248 potest
2901 4181 3304 4250 providentiam.
3521 4165 3532 4171 ’

1952 4270 2005 4323 6.
2049 4266 2265 4322 Horatia
2305 4269 2610 4323 exhortatio.
2665 4300 2737 4310 —
2778 4270 2942 4341 Igitur
2965 4271 3042 4325 sic
3065 4281 3120 4325 et
3150 4287 3247 4326 nos
3285 4275 3462 4327 omnia

1882 4369 2062 4416 nostra
2106 4359 2398 4423 faciamus,
2448 4371 2506 4414 ut
2564 4361 3019 4432 qualitercumque
3059 4363 3283 4428 cadant,
3349 4365 3466 4417 uni-

1881 4467 2000 4505 cum
2023 4461 2261 4506 nostrum
2287 4465 2419 4521 opus
2445 4453 2513 4506 sit
2539 4451 2791 4508 continuo
2820 4467 2914 4522 pro
2944 4454 3046 4507 illis
3066 4455 3259 4524 gratias
3282 4466 3461 4523 agere.

1883 4541 2106 4611 Propter
2134 4543 2233 4595 hoc
2279 4545 2420 4596 enim
2453 4543 2740 4598 rationales
2767 4541 2889 4598 facti
2920 4559 3124 4612 sumus,
3151 4554 3206 4600 et
3235 4562 3262 4596 a
3296 4547 3464 4600 brutis

1880 4631 2190 4695 differimus,
2239 4642 2295 4684 ut
2337 4631 2649 4698 laudemus,
2685 4634 3052 4698 celebremus,
3104 4636 3458 4702 gloriﬁcemus

1876 4723 2072 4791 jugiter
2104 4722 2384 4775 Dominum
2415 4724 2650 4776 omnium
2681 4725 3032 4778 conditorem.
3073 4718 3366 4794 Eaproptcr
3408 4734 3464 4780 et.

1882 4814 2109 4865 animam
2157 4813 2308 4864 nobis
2343 4814 2637 4881 inspiravit,
2684 4824 2740 4867 et
2779 4814 3007 4883 linguam
3057 4816 3223 4882 dedit,
3266 4828 3321 4870 ut
3345 4817 3460 4885 ejus

1883 4903 1932 4954 in
1967 4917 2063 4955 nos
2098 4902 2355 4954 bent-ﬁlia
2378 4917 2536 4955 sensu
2563 4904 2935 4972 percipientes,
2966 4905 3258 4959 dominium
3293 4922 3460 4973 agno-

1881 5007 2110 5056 seamus,
2140 5003 2193 5046 et
2237 5007 2331 5046 nos
2371 5004 2552 5061 gratos
2597 4993 2968 5057 cxhibeanms,
3016 5008 3078 5048 ac
3127 5011 3222 5064 pro
3261 4997 3460 5049 viribus

1883 5084 2104 5136 Domino
2141 5085 2336 5151 gratias
2383 5097 2621 5150 agamus.
2668 5083 2797 5136 Nam
2849 5085 2890 5136 si
2942 5083 3211 5148 homines,
3269 5087 3460 5154 quibus
3536 5117 3555 5126 σ

1879 5177 2064 5230 eadem
2091 5185 2170 5228 est
2202 5184 2383 5228 natura
2415 5175 2710 5234 uobiscum.
2757 5190 2877 5227 cum
2921 5190 3142 5242 parvum
3177 5176 3461 5245 aliquando

1879 5285 1940 5322 ac
1970 5269 2072 5321 vile
2099 5268 2250 5321 nobis
2285 5266 2596 5320 beneficium
2626 5265 2983 5333 prmstiterint,
3009 5267 3221 5333 exigunt
3248 5281 3275 5318 a
3309 5267 3460 5319 nobis

1879 5360 2166 5427 gratiarum
2199 5357 2480 5418 actionem,
2524 5369 2627 5408 non
2675 5353 2818 5421 quod
2848 5365 3084 5406 nostrum
3124 5364 3311 5408 curent
3339 5370 3452 5422 grao

1883 5460 1988 5501 tum
2038 5449 2307 5507 animum,
2350 5443 2444 5498 sed
2500 5453 2556 5496 ut
2613 5443 2713 5511 ipsi
2762 5442 2880 5496 inde
2921 5442 3243 5497 celebriores
3281 5442 3410 5495 ﬁant
3439 5461 3455 5494 :

1879 5550 2074 5608 quanto
2113 5538 2280 5606 magis
2325 5535 2373 5588 id
2411 5534 2563 5587 nobis
2593 5533 2886 5587 faciendum
2931 5534 2983 5586 in
3034 5535 3094 5586 iis
3131 5550 3248 5603 quae.
3287 5549 3315 5585 a
3347 5534 3458 5587 Deo

1879 5631 2212 5697 accepimus,
2264 5628 2350 5696 qui
2408 5626 2508 5679 hoc
2551 5626 2722 5677 solum
2773 5625 2843 5676 ob
2896 5633 3129 5676 no-tram
3180 5623 3456 5676 utilitatem

1879 5722 1992 5774 vult
2029 5720 2182 5772 fieri?
2237 5716 2366 5770 Nam
2414 5715 2550 5769 sicut
2599 5729 2716 5766 cum
2762 5715 2894 5781 grati
2924 5727 3104 5765 sumus
3131 5712 3461 5773 hominibus,

1876 5815 1963 5882 qui
2009 5811 2159 5864 nobis
2200 5807 2614 5869 heuefecerunt,
2683 5803 2802 5856 illos
2847 5802 3100 5857 clariores
3145 5801 3444 5860 reddimus;
