4080 6490
643 447 752 506 ίὶὸυ

650 555 719 606 ita
763 559 820 606 et
870 551 914 605 si
955 550 1008 604 in
1056 545 1334 618 benignum
1384 542 1545 595 Deum
1585 537 1840 593 fuerimus
1879 532 2050 605 grati,
2109 541 2206 583 nos

652 644 794 711 ipsos
833 639 1147 694 illustriores
1193 633 1450 694 facimus;
1492 628 1738 697 quoniam
1791 640 1894 680 non
1941 631 1999 676 ιιι
2034 627 2208 711 nostra

653 709 1006 786 celebratione
1053 741 1186 797 opus
1230 723 1447 785 habens,
1501 719 1601 773 hoc
1646 717 1757 771 ﬁeri
1801 714 1913 769 vult
1952 729 1965 766 :
2009 709 2100 764 sed
2153 717 2211 761 ut

654 821 902 892 quidquid
952 819 1002 872 id
1050 817 1180 871 lucri
1233 821 1334 877 est,
1367 814 1554 866 iterum
1593 809 1657 862 ad
1694 821 1790 861 nos
1831 803 2028 866 redeat,
2051 799 2209 854 etdi-

650 925 783 981 gnos
810 909 1062 964 faciamus
1090 921 1184 960 nos
1214 904 1359 972 ipsos
1399 901 1687 969 majoribus
1723 895 1988 952 subsidiis.
2017 893 2211 957 Quam-

653 1003 733 1056 vis
773 1010 943 1053 autem
991 1013 1096 1051 non
1140 996 1403 1064 possimus
1444 993 1494 1046 id
1531 991 1722 1052 facere,
1769 996 1826 1041 ut
1847 986 2061 1054 dignum
2090 989 2205 1036 est:

651 1091 737 1159 qui
782 1090 918 1143 enim
960 1087 1060 1144 hoc
1106 1086 1221 1141 ﬁeri
1254 1093 1451 1156 posset,
1500 1097 1619 1135 cum
1665 1089 1771 1132 tam
1804 1076 1968 1144 fragili
2009 1081 2209 1128 natura:

646 1181 840 1249 alligati
895 1176 1097 1233 simus?
1153 1185 1206 1230 et
1251 1175 1374 1244 quid
1421 1173 1537 1226 dico
1591 1171 1870 1223 humanam
1928 1159 2208 1218 naturam?

647 1271 825 1338 Neque
884 1271 1009 1339 ipsa:
1057 1269 1377 1333 incorporea:
1421 1272 1474 1316 et
1519 1258 1811 1316 invisibiles
1849 1256 2102 1314 virtutes.
2154 1259 2210 1306 et

647 1359 965 1428 principatus
992 1365 1044 1410 et
1073 1363 1386 1424 potestates,
1412 1361 1465 1406 et
1488 1347 1800 1411 Cherubim,
1827 1352 1880 1399 et
1905 1341 2202 1409 Scrapbim.

647 1458 704 1503 ut
753 1449 965 1517 dignum
1013 1458 1126 1511 est,
1191 1445 1461 1500 celebrare
1527 1441 1672 1495 illum
1724 1447 1962 1508 possunt,
2003 1431 2206 1487 etiamsi

645 1553 743 1608 pro
767 1538 962 1592 viribus
989 1537 1207 1606 gloriam
1237 1535 1306 1588 illi
1337 1531 1560 1588 olerant
1593 1546 1608 1584 :
1649 1525 1988 1582 nihilominus
2009 1523 2206 1590 justum

649 1630 805 1686 fuerit
851 1644 946 1699 pro
996 1628 1194 1682 viribus
1240 1626 1522 1695 gratiarum
1563 1619 1822 1674 actionem
1876 1613 2105 1676 otl‘erre,
2152 1622 2205 1665 et

649 1720 1008 1775 indesinenter
1055 1716 1326 1771 celebrare
1375 1711 1654 1767 Dominum
1706 1716 1962 1768 nostrum,
2019 1712 2071 1757 et
2120 1713 2210 1770 per

650 1809 858 1864 landum
888 1821 1064 1870 voces,
1112 1813 1165 1859 et
1202 1820 1294 1874 per
1313 1805 1472 1857 vitam
1512 1799 1785 1869 optimam.
1832 1795 1931 1849 Ista
1960 1792 2102 1846 enim
2129 1798 2211 1844 cst

652 1896 941 1953 clarissima
972 1894 1062 1948 Dei
1083 1892 1389 1956 celebratio,
1417 1886 1628 1959 quando
1656 1900 1750 1954 per
1778 1885 2081 1938 innumeras
2102 1880 2204 1933 lin-

648 2001 777 2055 guas
800 1985 1021 2056 gloriam
1068 1983 1167 2052 ipsi
1205 1979 1491 2036 oderimus.
1538 1976 1669 2032 Nam
1716 1975 1805 2043 qui
1845 1973 2036 2025 virtute
2078 1985 2213 2038 prai-

652 2080 793 2132 ditus
834 2083 936 2138 est,
983 2074 1034 2128 id
1072 2072 1234 2128 efllcit
1272 2079 1332 2126 ut
1371 2082 1576 2130 omnes.
1624 2067 1712 2134 qui
1758 2065 2026 2118 intuentur
2067 2077 2207 2120 eum,

654 2170 930 2222 Dominum
978 2166 1093 2235 ejus
1143 2162 1356 2217 laudent
1385 2179 1398 2214 :
1427 2169 1482 2214 et
1525 2156 1810 2212 celebratio
1855 2156 1966 2206 lucc
2007 2152 2076 2213 ei,
2116 2151 2209 2218 qui

650 2257 980 2313 occasionem
1038 2252 1294 2322 przebuit,
1359 2262 1601 2318 magnam
1648 2255 1702 2299 et
1744 2241 2060 2297 ineffabilem
2119 2239 2208 2291 Dei

650 2344 1065 2401 benevolentiam
1111 2341 1374 2396 conciliat.
1428 2335 1562 2404 Quid
1618 2335 1772 2404 igitur
1817 2331 1966 2385 nobis
2007 2328 2210 2384 beatius

653 2437 813 2499 foret,
861 2436 904 2490 si
954 2450 1056 2488 non
1106 2434 1276 2488 solum
1319 2429 1511 2484 nostris
1555 2427 1743 2495 linguis
1799 2423 1992 2477 bonum
2046 2421 2208 2474 Deum

651 2526 814 2597 gloria
865 2527 1228 2587 atticeremns,
1297 2520 1386 2575 sed
1439 2528 1493 2572 et
1535 2517 1802 2586 proximos
1839 2527 2081 2582 quoque,
2159 2520 2215 2562 ut

654 2626 834 2671 nostro
873 2614 1084 2668 nomine
1127 2626 1248 2668 eum
1291 2609 1637 2670 celebrarent,
1671 2604 2046 2658 incitaremus?
2071 2603 2211 2656 Tan-

653 2720 762 2763 Iunt
800 2709 940 2763 enim
988 2705 1194 2760 virtutis
1244 2705 1404 2759 robur
1449 2713 1546 2761 est.
1595 2709 1653 2753 ut
1706 2696 2213 2766 iuuumerisliuguis

652 2797 993 2850 Conditorem
1042 2793 1258 2850 laudare
1303 2803 1477 2861 queat.
1544 2789 1680 2843 Nihil
1721 2788 1900 2858 utique
1938 2787 2057 2840 vitm
2108 2787 2212 2838 vir-

652 2889 776 2943 tutis
809 2885 1058 2941 studiose
1105 2884 1396 2951 comparari
1449 2888 1642 2948 potest.
1694 2878 1905 2932 dilecte.
1957 2875 2104 2933 Unde
2160 2883 2214 2928 et

653 2979 905 3035 Dominus
928 2975 1133 3030 dicebat
1165 2991 1178 3026 :
1209 2971 1390 3026 Luceat
1419 2971 1508 3024 lux
1533 2978 1692 3022 vestra
1721 2983 1889 3021 coram
1911 2965 2208 3026 hominibus,

657 3079 708 3122 ut
745 3069 941 3121 rideant
975 3081 1128 3133 opera
1172 3072 1330 3117 vestra
1379 3063 1535 3122 bona,
1580 3068 1625 3112 et
1675 3057 1954 3128 gloriﬁcent
2010 3053 2213 3106 Patrem

655 3165 866 3209 vestrum
912 3155 1097 3223 quiest
1139 3154 1189 3204 in
1227 3151 1361 3204 rariis
1389 3148 1594 3218 (Matth.
1624 3149 1675 3201 5.
1712 3148 1822 3213 ιδ).
1856 3144 2041 3198 Vidisti
2084 3159 2212 3212 quo-

660 3245 818 3297 modo
871 3246 1043 3297 lumen
1083 3258 1205 3296 cum
1248 3244 1586 3310 apparuerit,
1635 3235 1878 3305 dispellat
1928 3234 2214 3289 tenebras?

657 3334 728 3388 Ita
753 3342 806 3388 et
832 3334 1014 3394 virtus,
1055 3333 1098 3385 si
1151 3330 1432 3399 conspicua
1479 3327 1656 3390 fuerit,
1705 3336 1758 3382 et
1800 3315 2050 3379 malitiam
2076 3325 2216 3392 t'ugat

653 3435 706 3481 ct
749 3425 942 3480 erroris
987 3423 1234 3477 tenebras
1286 3420 1488 3489 abigit,
1535 3427 1873 3485 mentemque
1922 3416 2210 3470 videntium

653 3516 850 3570 excitat
885 3514 949 3567 ad
991 3514 1152 3567 Deum
1197 3510 1594 3567 celebrandum.
1635 3507 1888 3574 Quocirca
1917 3515 2216 3574 satagamus

657 3617 713 3659 ut
752 3604 829 3658 sic
863 3603 1070 3658 luceant
1106 3615 1264 3669 opera
1310 3608 1510 3664 nostra,
1564 3613 1668 3666 quo
1713 3604 1768 3652 et
1815 3597 2068 3650 Dominus
2119 3609 2218 3649 no-

655 3706 766 3750 ster
789 3693 1107 3750 celebretur.
1140 3692 1265 3747 Hmc
1317 3702 1490 3745 autem
1537 3691 1670 3744 dixit
1706 3688 1965 3754 Christus,
2016 3703 2118 3741 non
2162 3695 2219 3741 ut

657 3785 722 3838 ad
769 3784 1172 3838 ostentationem
1216 3782 1409 3850 aliquid
1455 3781 1705 3835 faciamus
1728 3795 1755 3845 ;-
1791 3778 1929 3834 absit
1969 3797 1982 3833 :
2025 3777 2120 3834 sed
2164 3787 2220 3830 ut

660 3875 954 3942 diligenter,
981 3882 1034 3926 et
1060 3882 1118 3925 ut
1165 3872 1260 3939 ipsi
1310 3872 1577 3938 probatur,
1625 3872 1783 3923 vitam
1831 3884 2068 3938 agamus,
2113 3883 2218 3921 non

664 3963 1000 4033 blasphemia:
1025 3961 1249 4028 cuipiam
1296 3960 1466 4014 locum
1495 3960 1863 4023 concedentes,
1913 3960 2004 4013 sed
2029 3961 2076 4012 id
2104 3959 2215 4013 elli-

661 4058 901 4118 cientes,
953 4062 1007 4106 ut
1071 4053 1220 4106 bonis
1287 4052 1536 4119 operibus
1594 4053 1643 4103 in
1699 4050 1905 4104 laudem
1964 4050 2052 4103 Dei
2103 4064 2222 4118 pro-

666 4153 905 4200 rumpant
946 4157 1132 4197 omnes
1167 4144 1255 4211 qui
1307 4157 1401 4195 nos
1449 4142 1646 4194 vident.
1701 4141 1848 4194 Tunc
1883 4141 2056 4200 enim,
2102 4150 2224 4194 tunc

659 4234 830 4302 ipsius
853 4231 1002 4285 nobis
1027 4233 1248 4300 gratiam
1277 4231 1527 4298 majorem
1555 4229 1980 4290 conciliabimus.
2020 4239 2072 4282 ct
2116 4243 2225 4296 po:-

663 4337 784 4374 nam
811 4319 1059 4388 etl‘ugere,
1081 4319 1324 4388 bonaque
1363 4318 1643 4372 ineffabilia
1668 4318 1883 4386 adipisci
1914 4319 2222 4386 poterimus,

664 4409 830 4476 gratia
871 4419 923 4462 et
967 4407 1323 4462 misericordia
1373 4408 1577 4461 Domini
1634 4408 1797 4461 nostri
1837 4406 1963 4462 .lesu
2001 4406 2224 4471 Christi,

666 4513 787 4551 cum
825 4512 928 4566 quo
973 4498 1113 4551 Patri
1159 4497 1310 4550 simul
1352 4507 1405 4551 et
1447 4497 1662 4565 Spiritui
1701 4507 1884 4551 sancto
1929 4499 1998 4551 sit
2037 4498 2223 4566 gloria,

669 4588 983 4656 imperium,
1035 4588 1224 4651 honor,
1282 4602 1418 4640 nunc
1469 4596 1521 4640 ct
1560 4602 1791 4656 seraper,
1837 4598 1891 4642 et
1941 4588 1991 4641 in
2039 4589 2227 4641 saecula

667 4679 997 4732 saeculorum.
1051 4678 1236 4731 Amen.

1184 4764 1454 4822 IIOMILIA
1497 4763 1705 4819 XXV“.

673 4861 738 4913 Et
765 4859 1030 4927 (edi/ienuit
1066 4856 1175 4911 Noe
1213 4857 1372 4910 altare
1405 4854 1652 4920 Domino,
1698 4866 1744 4907 ct
1773 4856 1961 4923 arrepit
1989 4857 2051 4908 de
2070 4858 2234 4908 omni-

744 4954 833 5003 bus
883 4948 1137 5018 pecoribus
1184 4947 1420 5010 mundis,
1487 4955 1532 4999 et
1581 4949 1645 4999 de
1685 4947 1910 5000 omnibus
1959 4947 2236 5000 volucribus

743 5041 978 5103 mundis,
1019 5047 1064 5090 et
1109 5037 1281 5090 obtulit
1328 5037 1666 5090 holocaustum
1709 5053 1856 5103 super
1893 5038 2051 5090 altare
2080 5037 2231 5107 (Gen.

745 5133 796 5184 8.
828 5129 953 5188 20).

749 5222 801 5275 1.
833 5218 1193 5285 Beneﬁciorum
1220 5215 1316 5270 Dei
1343 5216 1600 5270 memoria.
1627 5245 1696 5254 —
1741 5216 1957 5269 Vidistis
1990 5217 2099 5270 heri
2130 5218 2235 5270 cle-

682 5309 873 5364 mentis
900 5307 1102 5361 Domini
1134 5306 1415 5360 bonitatem
1442 5347 1455 5369 ,
1503 5306 1773 5374 quomodo
1803 5322 1864 5360 ex
1894 5320 2013 5360 arca
2037 5308 2237 5373 justum

684 5401 881 5462 eduxit,
909 5399 976 5451 ab
1001 5396 1116 5465 ejus
1146 5396 1464 5451 habitatione
1490 5396 1763 5457 liberavit,
1795 5411 1859 5450 ex
1900 5397 1988 5450 illo
2016 5397 2147 5449 tristi
2181 5410 2242 5449 ac

683 5489 908 5541 molesto
925 5499 1139 5540 carcere
1165 5485 1376 5553 eripuit,
1421 5491 1474 5538 et
1506 5483 1806 5552 patientiam
1832 5483 1968 5537 illius
1997 5499 2240 5537 remune-

680 5579 841 5642 ravit,
890 5574 1071 5628 dicens
1105 5591 1117 5626 :
1157 5573 1370 5627 Crescite
1402 5581 1450 5627 et
1494 5572 1917 5637 multiplicamini.
1972 5574 2242 5627 Discamus

687 5669 845 5724 hodie
878 5676 1033 5727 quam
1074 5661 1358 5716 benevolus
1379 5705 1391 5726 ,
1423 5671 1472 5714 et
1502 5675 1654 5728 quam
1683 5671 1841 5728 graue
1871 5663 2060 5714 anima:
2090 5661 2244 5716 fuerit

691 5754 823 5820 Noe,
887 5751 1006 5804 inde
1035 5753 1141 5819 ipse
1171 5755 1333 5806 multo
1371 5753 1664 5806 uberiorem
1710 5753 1798 5808 Dei
1839 5767 1958 5822 erga
1997 5770 2051 5808 se
2085 5756 2244 5809 bene-

1351 434 1406 489 S.
1445 427 1716 487 JO.\NNIS
1750 411 2218 480 οιιιιῖεοδτοιιι
2259 413 2571 476 ARCHIEP.
2598 420 3122 478 CONSTANTINOP.

3781 424 3878 481 2&0

2317 528 2596 586 volentiam
2641 532 2742 586 sibi
2789 534 3165 586 conciliaverit.
3219 531 3345 586 Nam
3397 533 3534 586 solet
3577 533 3718 588 Deus
3764 553 3874 589 cum

2313 621 2539 689 aliquem
2569 621 2709 674 videt
2751 621 2839 688 qui
2875 631 3058 690 gratus
3105 624 3174 673 sit
3217 620 3283 674 de
3331 620 3637 689 prioribus,
3689 623 3876 692 largius

2313 722 2366 766 et
2393 712 2706 767 cumulatius
2733 725 2826 766 sua
2851 711 2985 764 dona
3022 711 3082 765 in
3121 711 3269 766 illum
3310 710 3651 780 profundere.
3686 713 3876 766 Demus

2314 801 2469 868 igitur
2506 809 2560 856 et
2605 815 2702 854 nos
2729 814 2944 869 operam
2971 841 2984 862 ,
3015 809 3071 852 ut
3098 801 3384 869 gratiarum
3425 801 3662 854 actiones
3687 815 3783 869 pro
3808 804 3874 852 vi-

2313 888 2394 942 rili
2425 889 2645 942 Domino
2675 889 2953 943 oﬂ’eramus
2992 905 3088 956 pro
3131 889 3284 943 donis
3311 904 3429 958 qua:
3473 890 3540 943 ab
3569 905 3637 944 eo
3677 891 3876 958 pridem

2312 972 2463 1033 nobis
2493 979 2724 1046 praestita
2770 989 2912 1043 sunt,
2942 989 2998 1032 ιιι
3021 989 3072 1032 et
3095 979 3292 1046 majora
3321 980 3440 1033 inde
3465 995 3872 1050 consequamur.

2310 1075 2366 1118 et
2407 1083 2691 1135 numquam
2732 1068 3105 1138 obliviscamur
3135 1067 3225 1120 Dei
3274 1067 3526 1122 beneficia
3559 1070 3614 1122 in
3649 1084 3750 1123 nos
3774 1071 3874 1122 eol-

2313 1156 2437 1218 lata,
2469 1157 2559 1210 sed
2588 1172 2797 1224 semper
2822 1172 2883 1209 ea
2911 1158 2960 1210 in
2993 1167 3169 1211 mente
3195 1168 3372 1211 nostra
3397 1173 3695 1225 versemus,
3727 1170 3784 1213 ut
3813 1161 3874 1212 ad

2309 1245 2610 1299 continuam
2636 1245 2919 1312 gratiarum
2944 1247 3208 1300 actionem
3237 1261 3420 1300 eorum
3450 1249 3706 1301 mernoria
3739 1263 3880 1303 eont-

2310 1334 2603 1402 pellamur,
2646 1337 2850 1387 tametsi
2888 1343 2967 1388 tot
2991 1337 3116 1398 sint,
3153 1346 3209 1388 ut
3237 1352 3390 1391 mens
3416 1349 3594 1392 nostra
3634 1355 3740 1393 non
3772 1340 3881 1394 sufo

2313 1425 2449 1477 ticiat
2466 1424 2530 1477 ad
2554 1425 3109 1491 comprehendendum
3125 1439 3175 1479 et
3195 1427 3615 1481 enumerandum
3639 1444 3879 1497 magnam

2311 1529 2426 1580 qua:
2475 1513 2625 1567 nobis
2660 1514 2875 1583 contigit
2901 1529 2963 1567 ex
2999 1518 3114 1582 cjns
3145 1515 3454 1568 liberalitate
3481 1517 3712 1585 copiam.
3745 1517 3883 1583 Quo-

2312 1600 2468 1654 modo
2495 1603 2634 1656 cnim
2667 1603 2782 1672 quis
2823 1603 3053 1671 cogitare
3081 1614 3262 1671 posset
3283 1619 3344 1657 ea
3375 1619 3493 1672 quae
3538 1605 3589 1658 in
3633 1619 3733 1659 nos
3775 1608 3880 1673 jam

2312 1698 2433 1743 sunt
2472 1691 2661 1744 collata
2686 1730 2701 1753 ,
2745 1707 2862 1760 (μιν
2899 1693 3022 1744 item
3064 1692 3320 1760 promissa
3349 1735 3363 1757 ,
3404 1707 3522 1760 qua:
3558 1702 3612 1747 et
3646 1695 3883 1763 quotidie

2311 1773 2651 1834 conti-buntur
2682 1795 2695 1834 :
2724 1779 2862 1849 quod
2886 1796 2950 1834 ex
2981 1781 3145 1834 nihilo
3183 1781 3490 1850 produxerit
3529 1793 3582 1834 ut
3621 1797 3881 1844 essemus,

2313 1869 2449 1938 quod
2479 1883 2670 1938 corpus
2694 1879 2748 1923 et
2769 1871 2998 1924 animam
3036 1870 3269 1934 dederit,
3303 1872 3444 1940 quod
3477 1872 3766 1926 rationales
3788 1888 3884 1926 nos

2316 1958 2635 2021 formaverit,
2661 1960 2800 2029 quod
2825 1973 3001 2015 aerem
3033 1961 3363 2029 respirationi
3381 1965 3727 2023 concesserit,
3744 1965 3884 2032 quod

2314 2055 2608 2102 creaturam
2634 2062 2846 2102 omnem
2873 2058 3089 2116 propter
3116 2050 3398 2104 humanum
3425 2065 3596 2119 genus
3623 2052 3884 2121 produxe-

2315 2137 2418 2200 rit,
2450 2137 2592 2205 quod
2634 2139 2744 2205 ipse
2769 2139 2979 2206 quidem
3010 2139 3077 2192 ab
3103 2140 3252 2192 initio
3279 2142 3508 2195 voluerit
3533 2141 3803 2196 hominem
3833 2145 3884 2196 in

2316 2229 2559 2294 paradiso
2587 2231 2746 2282 vitam
2789 2244 2948 2298 agere
2987 2230 3119 2284 citra
3148 2247 3359 2285 omnem
3386 2232 3627 2287 dolorem
3655 2242 3709 2286 ct
3737 2233 3884 2286 labo-

2315 2333 2458 2383 rem,
2493 2327 2548 2372 ct
2584 2319 2711 2373 nihil
2739 2321 2912 2373 minus
2939 2320 3218 2376 habentem
3248 2324 3450 2391 angelis
3478 2335 3532 2378 et
3561 2324 3888 2391 incorporei:

2318 2411 2424 2464 illis
2451 2412 2753 2476 virtutibus,
2782 2413 3126 2468 exsistentem
3157 2413 3206 2466 in
3230 2429 3475 2482 corpore,
3501 2414 3597 2469 sed
3625 2424 3675 2468 et
3701 2430 3892 2483 corpo-

2317 2501 2510 2554 ralibus
2537 2502 2935 2556 necessitatibus
2955 2518 3057 2556 non
3085 2503 3412 2556 olmoxium?
3445 2504 3646 2557 Deinde
3671 2505 3885 2572 quando

2315 2593 2384 2646 ob
2415 2593 2781 2660 negligentiam
2819 2593 3132 2660 deceptione
3172 2593 3430 2648 diabolica
3465 2609 3559 2662 per
3583 2606 3884 2661 serpentem

2315 2683 2470 2736 allata
2495 2684 2860 2750 supplantatns
2887 2684 2980 2737 fuit
3000 2725 3014 2744 .
3046 2699 3216 2750 neque
3244 2684 3322 2737 sic
3348 2684 3550 2738 destitit
3578 2686 3888 2753 pravarica—

2318 2773 2417 2825 tori
2469 2772 2776 2827 benefacere
2809 2773 2938 2825 :setl
2982 2782 3038 2825 et
3081 2787 3172 2839 per
3217 2772 3305 2825 illa
3340 2773 3448 2840 ipsa
3469 2813 3481 2836 ,
3530 2788 3627 2841 per
3651 2789 3771 2842 qua‘
3795 2788 3889 2842 pu-

2318 2863 2485 2917 nicrat
2509 2902 2524 2928 ,
2557 2863 2692 2918 sicut
2721 2863 2831 2917 beri
2856 2862 3106 2926 diximus,
3137 2862 3493 2918 excellentem
3525 2879 3675 2918 suam
3702 2863 3890 2916 liumao

2318 2953 2532 3006 nitatem
2559 2943 2878 3032 declaravit,
2910 2963 3068 3022 atque
3099 2954 3290 3007 multas
3313 2954 3443 3008 alias
3475 2955 3890 3022 innumerasque

2317 3044 2692 3098 beneficiorum
2717 3045 2923 3112 species
2967 3046 3019 3098 in
3051 3046 3196 3098 illum
3242 3045 3542 3099 collocavit.
3597 3045 3662 3098 Et
3709 3054 3888 3112 postea

2319 3134 2638 3202 procedente
2663 3143 2898 3203 tempore
2922 3145 2971 3188 et
2989 3143 3262 3189 crescente
3279 3150 3493 3203 genere,
3520 3149 3582 3188 ac
3608 3136 3660 3187 in
3676 3150 3890 3189 mltle

2318 3226 2572 3278 malitiam
2602 3235 2872 3293 vergente,
2914 3225 3035 3294 quia
3058 3224 3268 3278 videbat
3291 3225 3600 3279 incurabilia
3627 3239 3748 3280 esse
3776 3227 3892 3280 vul-

2321 3331 2466 3382 nera,
2496 3316 2739 3383 nequitim
2769 3325 3076 3383 operatores
3100 3357 3114 3377 ,
3163 3316 3312 3384 quasi
3359 3313 3680 3370 fermentum
3712 3317 3856 3386 quod
3875 3345 3887 3354 -

2319 3405 2439 3460 dam
2485 3406 2678 3459 malum
2717 3404 2949 3468 delevit,
2981 3404 3168 3459 relicto
3205 3405 3348 3473 justo
3391 3406 3481 3458 illo
3527 3406 3614 3472 qui
3663 3405 3810 3459 radix
3841 3414 3894 3458 et

2319 3501 2467 3568 origo
2499 3500 2648 3553 ﬂeret
2671 3499 2878 3568 generis
2906 3497 3141 3551 humani.
3173 3497 3239 3551 Et
3258 3497 3375 3550 vide
3398 3499 3611 3560 iterum,
3639 3507 3890 3566 quantam

2319 3607 2440 3663 erga
2465 3592 2664 3660 justum
2698 3591 2841 3643 illum
2869 3589 3106 3643 declaret
3131 3589 3521 3643 liberalitatem.
3566 3587 3758 3643 Totum
3790 3589 3892 3642 bn-

2320 3697 2532 3735 manutn
2559 3695 2728 3749 genus
2753 3680 2820 3733 ab
2849 3693 2915 3732 eo
2938 3689 2994 3733 et
3039 3678 3158 3732 (iliis
3185 3679 3300 3746 ejus
3351 3680 3699 3742 instauravit,
3746 3687 3800 3732 et
3840 3678 3892 3731 in

2322 3781 2521 3825 tantam
2563 3769 2959 3824 multitudinem
2992 3782 3300 3824 εισι-θεαιτο
3325 3770 3570 3830 curavit,
3616 3769 3898 3838 paulatim.

2321 3877 2423 3930 que
2443 3863 2616 3930 justos
2643 3862 2864 3930 eligens,
2896 3860 3220 3928 patriarchas
3247 3857 3388 3920 dico,
3417 3869 3774 3927 prasceptores
3800 3859 3895 3912 de-

2325 3954 2400 4006 dit
2435 3951 2638 4018 reliquo
2679 3951 2950 4004 hominum
2982 3949 3164 4019 generi
3191 3990 3206 4012 ,
3235 3949 3320 4017 qui
3351 3963 3446 4000 sua
3479 3948 3674 4002 virtute
3710 3962 3898 4003 omnes

2328 4059 2423 4097 nos
2450 4045 2725 4098 instituere
2755 4085 2768 4109 ,
2791 4055 2842 4097 et
2865 4084 2879 4106 ,
2926 4044 3073 4112 quasi
3101 4042 3330 4106 medici,
3360 4053 3681 4111 aegrotantes
3708 4057 3900 4096 curare

2330 4137 2550 4205 possint.
2594 4136 2660 4189 Et
2683 4135 2841 4189 modo
2869 4150 2962 4189 eos
2993 4137 3041 4187 in
3074 4134 3407 4187 Palaestinam
3429 4175 3442 4196 ,
3473 4132 3634 4186 modo
3656 4133 3708 4186 in
3730 4131 3898 4202 Aie)»

2331 4233 2475 4292 ptum
2497 4223 2738 4288 deducit,
2780 4223 2936 4276 simul
2957 4231 3011 4275 et
3049 4237 3322 4275 servorum
3349 4233 3564 4275 suorum
3593 4221 3898 4288 patientiam

2331 4327 2586 4366 exercens
2613 4353 2626 4373 ,
2672 4323 2726 4365 et
2774 4327 2920 4365 suam
2959 4311 3204 4364 virtutem
3242 4310 3524 4364 clariorem
3570 4320 3898 4371 monstrans.

2334 4401 2629 4468 mansitque
2664 4415 2872 4466 semper
2902 4400 3090 4453 eodem
3121 4399 3280 4452 modo
3310 4397 3553 4451 humana:
3595 4398 3784 4452 salutis
3811 4415 3902 4452 cu-

2333 4505 2442 4543 ram
2472 4504 2658 4558 gerens
2687 4505 2703 4542 :
2735 4489 2974 4543 exhibuit
3012 4478 3296 4558 prophelas
3317 4529 3331 4553 ,
3367 4497 3423 4544 et
3458 4505 3554 4560 per
3595 4489 3715 4544 illos
3753 4492 3901 4559 signa

2333 4589 2386 4632 et
2415 4579 2645 4647 prodigia
2673 4579 2858 4634 edidit.
2907 4579 3098 4645 Atque,
3129 4588 3184 4631 ιιι
3216 4577 3428 4633 brevius
3461 4578 3632 4635 dicam
3665 4598 3680 4632 :
3713 4597 3899 4649 quent-

2335 4669 2616 4720 admodum
2648 4670 2788 4722 enim
2810 4671 2968 4722 maris
3000 4667 3187 4722 ﬂuctus
3207 4707 3222 4730 .
3251 4670 3498 4738 quamvis
3522 4672 3823 4725 sexcenties
3855 4673 3902 4724 id

2336 4771 2611 4821 conemur,
2634 4773 2944 4812 enumerare
2969 4773 3251 4827 numquam
3269 4760 3559 4826 poterimus
3588 4781 3602 4814 :
3634 4761 3704 4814 ita
3734 4775 3904 4832 neque

2339 4846 2713 4900 beneﬁciorum
2748 4848 2872 4911 Dei,
2901 4864 3020 4915 qua:
3044 4849 3096 4902 in
3125 4859 3358 4902 nostram
3389 4850 3612 4903 contulit
3637 4861 3900 4914 naturam,

2341 4939 2666 4992 varietatem.
2695 4937 2930 4993 Tandem
2959 4937 3046 4992 ubi
3070 4938 3200 4991 vidit
3229 4948 3347 5006 post
3375 4947 3571 4992 tantam
3603 4955 3753 4993 suam
3786 4956 3906 5009 pro-

2341 5027 2622 5082 videntiam
2663 5029 2834 5084 adhuc
2866 5028 3027 5081 multa
3053 5037 3108 5081 et
3146 5026 3396 5082 inen‘abili
3437 5030 3798 5084 misericordia
3831 5032 3906 5084 ia-

2343 5123 2521 5191 digere
2578 5121 2862 5173 humanum
2911 5132 3114 5187 genus.
3161 5127 3214 5171 ct
3253 5119 3381 5172 nihil
3430 5121 3546 5187 plus
3593 5119 3780 5175 fecisse
3827 5123 3904 5175 vel

2341 5211 2689 5280 patriarchas,
2723 5210 2803 5263 vel
2834 5209 3136 5276 prophetas,
3169 5209 3249 5263 vel
3281 5210 3428 5279 signa
3445 5211 3796 5276 admirabilia,
3829 5215 3905 5266 vel

2346 5317 2562 5370 ptenas,
2609 5302 2687 5355 vel
2733 5299 3120 5352 admonitiones
3155 5298 3268 5352 illas
3309 5299 3736 5368 frequentissime
3764 5305 3900 5357 adbi-

2346 5396 2480 5449 bitas
2505 5433 2520 5455 ,
2555 5401 2608 5446 et
2631 5392 2958 5459 captivitates
2987 5389 3101 5443 illas
3130 5389 3227 5442 sibi
3271 5391 3492 5442 invicem
3521 5393 3866 5446 succedentes
3898 5410 3909 5442 :

2347 5487 2495 5552 quasi
2524 5485 2802 5538 miseratus
2829 5493 2993 5548 genus
3019 5491 3252 5533 nostrum
3276 5521 3288 5542 ,
3322 5483 3461 5535 misit
3501 5480 3565 5534 ad
3599 5497 3698 5536 nos
3723 5485 3892 5537 anima

2348 5591 2464 5628 rum
2514 5581 2898 5639 corporumque
2946 5569 3245 5634 medicum,
3299 5571 3624 5638 unigenitum
3654 5586 3808 5626 suum
3838 5571 3912 5627 F2-

2352 5666 2475 5717 iium
2500 5705 2512 5725 ,
2557 5679 2616 5714 es
2651 5660 2912 5728 paternis,
2955 5668 3010 5711 ut
3051 5659 3116 5711 ita
3146 5657 3312 5711 dicam
3345 5700 3359 5721 ,
3410 5661 3614 5713 sinibus
3641 5657 3884 5713 excitans
3919 5675 3928 5700 ε

2357 5757 2516 5808 voluit
2539 5761 2780 5821 suscepta
2810 5752 2943 5805 servi
2979 5751 3146 5802 forma
3174 5764 3201 5803 e
3235 5749 3445 5819 Virgine
3476 5752 3641 5814 nasci.
3683 5764 3736 5809 et
3751 5749 3875 5806 nubi
3905 5778 3927 5787 -
