4092 6520
251 444 360 500 2‘59

253 569 382 624 σθαι
414 569 764 642 βουλομένου.
801 575 1014 648 Ὥσπερ
1048 577 1159 650 γάρ
1183 577 1277 631 ἐπὶ
1313 577 1423 632 τῶν
1453 578 1760 650 ἀνθρώπων
1788 580 1822 649 ή
1852 597 1936 650 γι-

249 653 457 734 νομένη
506 657 827 728 εὐχαριστία
874 660 956 723 εἰς
1005 661 1132 724 τοὺς
1189 662 1642 734 εὐεργετηκότας,
1698 662 1937 725 ἐκείνους

251 733 671 810 λαμπροτέρους
707 741 1020 812 ἐργάζεται,
1049 743 1222 808 οὕτως
1268 733 1362 799 ἐπὶ
1402 743 1500 798 τοῦ
1549 743 1935 814 φιλανθρώπου

250 823 392 879 Θεοῦ
416 827 542 882 ὅταν
573 828 732 882 τοῦτο
762 830 1023 902 ποιῶμεν,
1072 833 1298 896 ἑαυτοὺς
1327 832 1741 904 λαμπροτέρους
1767 835 1938 904 ἀπερ-

252 907 556 980 γαζόμεθαο
581 910 768 983 ἐπειδὴ
789 913 911 984 οὐχί
937 915 1039 986 τῆς
1062 918 1190 987 παρ’
1206 917 1363 987 ήμῶν
1388 916 1639 988 δεόμενος
1662 917 1936 989 εὐφημίας

251 989 416 1044 τοῦτο
450 993 696 1062 βούλεται
721 991 985 1064 γίνεσθαι,
1020 998 1136 1051 ἀλλ’
1167 999 1254 1056 ἵνα
1283 1001 1447 1055 πάλιν
1477 1003 1558 1063 εἰς
1603 1002 1751 1072 ἡμᾶς
1783 1015 1938 1070 περιο

256 1076 358 1146 στῇ
391 1076 454 1129 τὸ
481 1077 693 1148 κέρδος,
721 1082 816 1133 καὶ
847 1080 1093 1151 μείζονος
1121 1084 1440 1154 συμμαχίας
1493 1085 1718 1148 ἑαυτοὺς
1749 1083 1937 1150 ἀξίους

254 1165 706 1235 καταστήσωμεν.
737 1167 801 1219 Εἰ
825 1168 934 1239 γάρ
956 1167 1049 1221 καὶ
1075 1168 1148 1240 μή
1173 1169 1451 1240 δυνάμεθα
1474 1173 1596 1226 κατ’
1625 1170 1781 1238 ἀξίαν
1806 1169 1934 1223 ποτέ

252 1242 415 1298 τοῦτο
441 1247 684 1318 ποιῆσαι·
719 1249 836 1312 πῶς
873 1250 1006 1322 γάρ,
1030 1251 1266 1323 τοσαύτῃ
1284 1253 1540 1324 ἀσθενείᾳ
1571 1253 1788 1323 φύσεως
1809 1270 1936 1306 συν-

251 1325 563 1398 δεδεμένοι;
598 1332 691 1384 καί
713 1331 764 1385 τί
783 1331 926 1400 λέγω
952 1333 1050 1404 τὴν
1078 1334 1431 1407 ἀνθρωπίνην
1452 1335 1614 1406 φύσιν
1638 1353 1654 1402 ;
1682 1334 1795 1389 ἀλλ’
1815 1336 1934 1388 οὐδὲ

253 1410 490 1466 αὐταὶαί
509 1413 786 1484 ἀσώματοι
808 1416 902 1470 καὶ
924 1417 1145 1489 ἀόρατοι
1167 1419 1446 1488 δυνάμεις,
1461 1420 1555 1472 καὶ
1578 1419 1634 1472 αἰ
1654 1418 1937 1491 ἀρχαὶκαὶ

253 1496 313 1546 αἰ
338 1495 594 1560 ἐξουσίαι,
619 1497 714 1551 καὶ
743 1499 812 1553 τὰ
840 1501 1140 1573 Χερουϐὶμ,
1171 1503 1264 1556 καὶ
1285 1501 1352 1556 τά
1375 1503 1654 1574 Σεραφεὶμ
1681 1502 1779 1574 τὴν
1813 1502 1934 1556 κατ’

253 1577 414 1642 ἀξίαν
444 1579 749 1650 δοξολογίαν
773 1584 1068 1656 ἀναφέρειν
1114 1586 1562 1658 εὐχαριστοῦντες
1594 1586 1931 1657 δυνήσονταιο

253 1662 371 1714 ἀλλ’
406 1663 556 1734 ὅμως
574 1664 671 1734 τήν
699 1663 838 1719 κατὰ
867 1665 1097 1738 δύναμιν
1129 1669 1440 1737 ἀνενεγκεῖν
1468 1669 1821 1740 εὐχαριστίαν
1858 1669 1935 1722 δί-

251 1761 409 1798 καιον
435 1745 500 1800 ἂν
525 1747 632 1818 εἴη,
655 1752 747 1801 καὶ
775 1749 1040 1819 διηνεκῶς
1068 1750 1311 1818 δοξάζειν
1330 1753 1422 1806 τὸν
1449 1754 1719 1826 ἡμέτερον
1739 1755 1937 1807 Δεσπό-

248 1841 353 1896 την
396 1829 488 1881 καὶ
507 1828 596 1882 διὰ
618 1829 721 1900 τῆς
745 1831 853 1884 τῶν
883 1831 1058 1901 λόγων
1101 1835 1393 1906 εὐφημίας,
1428 1837 1522 1890 καὶ
1541 1835 1630 1889 διά
1665 1836 1766 1906 τῆς
1815 1836 1935 1909 ἀρί-

253 1923 390 1978 στης
438 1911 734 1975 πολιτείας.
792 1914 942 1986 Αὕτη
991 1914 1102 1987 γὰρ
1155 1918 1389 1987 μάλιστα
1443 1919 1537 1972 καὶ
1575 1918 1933 1992 λαμπροτέρα

250 1992 520 2079 γένοιτοή
553 1997 818 2079 εὐφημία,
854 2001 984 2053 ὅταν
1010 2000 1100 2079 διά
1134 2000 1344 2073 μυρίων
1373 2001 1632 2070 γλωσσῶν
1657 2002 1755 2075 τὴν
1784 2005 1933 2072 δοξο-

248 2071 441 2144 λογίαν
462 2078 846 2150 ἀναφέρωμεν.
895 2081 952 2136 '0
996 2071 1106 2154 γὰρ
1145 2071 1400 2154 ἐνάρετος
1427 2083 1661 2138 ἕκαστον
1699 2071 1808 2139 τῶν
1853 2071 1932 2152 εἰς

247 2158 416 2213 αὐτὸν
441 2158 693 2232 ὁρώντων
745 2164 1154 2233 παρασκευάζει
1183 2165 1275 2219 τὸν
1303 2167 1470 2220 αὐτοῦ
1501 2168 1778 2238 Δεσπότην
1842 2170 1934 2224 ἀν-

247 2249 465 2317 υμνεῖν·
498 2249 594 2303 καὶ
623 2251 656 2321 ή
691 2251 821 2323 παρ’
852 2252 1077 2308 ἐκείνων
1129 2252 1405 2322 δοξολογία
1442 2255 1644 2327 πολλὴν
1675 2258 1770 2311 καὶ
1790 2257 1931 2325 ἀφα-

245 2347 343 2384 τον
367 2329 446 2401 τῷ
483 2332 582 2403 τήν
623 2334 804 2387 αἰτίαν
847 2336 1141 2407 παρέχοντι
1193 2338 1475 2408 χαρίζεται
1523 2339 1622 2409 τὴν
1652 2339 1805 2409 παρά
1835 2341 1931 2395 τοῦ

249 2415 524 2468 Δεσπότου
557 2415 790 2473 εὔνοιαν.
829 2419 897 2471 Τί
921 2416 1016 2472 οῦν
1045 2419 1112 2474 ἂν
1156 2422 1312 2492 ήμῶν
1341 2423 1806 2494 μακαριστότερον
1833 2424 1930 2492 γέο

245 2515 410 2562 νοιτο,
439 2502 488 2552 εἰ
507 2499 793 2570 μέλλοιμεν
823 2502 897 2574 μή
930 2505 1092 2574 μόνον
1121 2507 1274 2558 αὐτοὶ
1297 2506 1385 2559 διά
1409 2506 1510 2576 τῆς
1533 2507 1738 2570 οἰκείας
1761 2507 1932 2576 γλώτ-

243 2595 347 2650 της
386 2579 632 2647 δοξάζειν
679 2583 773 2637 τὸν
825 2585 1032 2653 ἀγαθὸν
1058 2585 1212 2652 Θεὸν,
1238 2588 1373 2642 ἀλλά
1417 2590 1512 2642 καὶ
1548 2589 1757 2655 πάντας
1803 2593 1931 2656 τοὺς

243 2663 531 2730 ὁμογενεῖς
583 2663 874 2736 διεγείρειν
913 2669 995 2731 εἰς
1051 2667 1151 2738 τὴν
1203 2670 1343 2740 ὑπὲρ
1379 2671 1540 2743 ήμῶν
1576 2672 1927 2742 δοξολογίαν;

243 2743 495 2828 ¹μ“ςισαύτη
518 2747 629 2818 γάρ
649 2749 750 2818 τῆς
777 2749 982 2820 ἀρετῆς
1011 2752 1044 2821 ή
1083 2753 1235 2822 ἰσχὺς
1260 2794 1274 2817 ,
1323 2754 1400 2819 ὼς
1451 2756 1666 2826 μυρίοις
1697 2757 1928 2828 στόμασι

239 2825 504 2880 δύνασθαι
529 2829 622 2881 τὸν
639 2830 971 2902 δημιουργὸν
1014 2834 1290 2904 ἀνυμνεῖν.
1321 2837 1488 2890 Οὐδὲν
1534 2825 1650 2909 γάρ
1699 2825 1930 2910 ἀρίστης

243 2911 524 2976 πολιτείας
557 2915 672 2967 ῖσον
701 2914 942 2982 γένοιτο,
986 2917 1256 2986 ἀγαπητέ.
1311 2919 1410 2973 Διά
1458 2920 1618 2973 τοῦτο
1646 2922 1738 2976 καὶ
1757 2926 1787 2976 ὁ
1819 2924 1930 2976 Κύ-

243 3009 363 3062 ριος
407 2995 586 3064 ελεγεο
634 2995 937 3066 Ααμψάτω
991 2999 1059 3052 τὸ
1100 2997 1226 3068 φῶς
1253 3000 1420 3068 ὑμῶν
1447 3004 1789 3071 ἔμπροσθεν
1810 3006 1930 3062 τῶν

237 3073 591 3158 ἀνθρώπιον,
637 3076 798 3144 ὅπως
840 3077 1054 3134 ῑδωσιν
1091 3079 1262 3150 ὑμῶν
1303 3084 1378 3136 τὰ
1437 3088 1599 3140 καλὰ
1627 3088 1793 3158 ἔργα,
1829 3090 1927 3143 καί

238 3153 550 3239 δοξάσωσι
573 3158 681 3212 τὸν
719 3161 955 3229 Πατέρα
982 3160 1150 3229 ὑμῶν
1206 3163 1316 3218 τὸν
1341 3165 1412 3218 ἐν
1460 3167 1587 3234 τοῖς
1623 3153 1924 3239 οὐρανοῖς.

237 3233 398 3302 Εἶδες
426 3240 545 3303 πῶς
582 3241 831 3314 καθάπερ
862 3243 921 3296 τὸ
946 3244 1061 3313 φῶς
1087 3245 1253 3312 φανὲν
1299 3233 1594 3302 ἀπελαύνει
1623 3233 1923 3318 τδνσκότος,

238 3319 389 3376 οὕτω
414 3323 509 3377 καὶ
542 3325 576 3394 ή
597 3324 766 3396 ἀρετή
781 3325 1011 3394 ὀφθεῖσα
1033 3328 1128 3381 καὶ
1148 3327 1248 3400 τήν
1271 3330 1470 3385 κακίαν
1500 3333 1812 3402 φυγαδεύει,
1831 3339 1926 3392 καὶ

238 3405 344 3476 τῆς
376 3405 585 3478 πλάνης
616 3408 678 3461 τὸ
700 3409 890 3473 σκότος
915 3409 1236 3464 ἀπελάσασα
1265 3412 1404 3482 πρὸς
1430 3413 1738 3485 δοξολογίαν
1787 3424 1928 3474 κινεῖ

236 3488 358 3574 τῶν
382 3491 632 3574 δρώντων
668 3491 768 3563 τὴν
813 3492 1088 3559 διάνοιαν;
1121 3495 1274 3547 Οῦτω
1326 3496 1504 3549 τοίνυν
1539 3500 1924 3574 σπουδάζωμεν

239 3571 400 3640 ήμῶν
428 3573 665 3643 λάμπειν
692 3574 761 3627 τά
789 3574 948 3645 ἔργα,
987 3576 1063 3641 ὡς
1096 3576 1186 3630 τὸν
1209 3579 1472 3649 ἡμέτερον
1494 3579 1808 3646 δοξάζεσθαι
1827 3571 1924 3639 Δε-

243 3657 470 3738 σπότην.
504 3657 689 3710 Ταῦτα
713 3657 767 3710 δὲ
797 3658 983 3727 ἔλεγεν
1031 3662 1060 3712 ό
1093 3661 1354 3732 Χριστὸς,
1398 3666 1496 3734 οὐχ
1533 3667 1617 3720 ἵνα
1637 3668 1771 3738 πρὸς
1808 3672 1925 3724 ἐπί-

240 3737 412 3825 δειξίν
439 3758 502 3825 τι,
520 3740 872 3825 πράττωμεν·
904 3744 985 3825 ,μὴ
1034 3743 1264 3825 γένοιτο⁶
1291 3745 1407 3798 ἀλλ’
1448 3749 1532 3801 ἵνα
1593 3737 1730 3822 μετά
1762 3755 1920 3825 ἀκρι-

235 3821 394 3905 ϐείας
420 3823 514 3878 καὶ
533 3822 675 3876 κατά
699 3824 760 3876 τὸ
785 3823 934 3894 αὐτῷ
953 3824 1142 3878 δοκοῦν
1168 3826 1574 3898 πολιτευόμενοι
1589 3821 1727 3905 μήτε
1755 3821 1919 3904 βλασ-

243 3903 430 3976 φημίᾳ
495 3907 602 3960 τινὶ
652 3906 838 3977 χώραν
870 3907 1223 3980 παρέχωμεν,
1279 3912 1373 3966 καὶ
1401 3914 1490 3968 διά
1518 3916 1619 3986 τῆς
1654 3903 1766 3971 τῶν
1785 3920 1922 3987 ἀγα.

237 3987 351 4041 θῶν
372 3989 550 4062 εργων
583 3988 840 4061 πράξεως
875 3994 1384 4066 παρασκευάζωμεν
1413 3999 1538 4061 τοὺς
1558 4001 1800 4070 ὁρῶντας
1839 4003 1923 4055 δο-

237 4071 425 4155 ξάζειν
448 4073 540 4155 τδν
583 4073 692 4126 τῶν
721 4074 858 4155 ὅλων
879 4073 1032 4128 Θεόν.
1059 4075 1192 4130 Τότε
1218 4079 1348 4150 γὰρ,
1378 4081 1502 4134 τότε
1533 4084 1625 4136 καὶ
1654 4085 1754 4155 τήν
1789 4102 1863 4138 πα
1873 4086 1919 4155 ρ’

234 4154 404 4209 αὑτοῦ
439 4154 651 4208 εὔνοιαν
677 4154 942 4226 μειζόνως
974 4158 1416 4229 ἐπισπασάμεθα,
1452 4163 1547 4215 καὶ
1579 4163 1677 4236 τὴν
1700 4154 1921 4223 κόλασιν

231 4240 520 4309 διαφυγεῖν
544 4239 908 4311 δυνησόμεθα,
931 4240 1027 4293 καὶ
1046 4239 1156 4293 τῶν
1182 4241 1513 4314 ἀπορρήτων
1535 4245 1758 4313 ἀγαθῶν
1796 4251 1922 4302 ἐπι-

233 4327 437 4394 τυχεῖν,
468 4324 652 4396 χάριτι
683 4325 777 4377 καὶ
810 4323 1192 4404 φιλανθρωπία
1217 4327 1311 4380 τοῦ
1339 4329 1544 4400 Κυρίου
1568 4330 1727 4401 ήμῶν
1743 4331 1918 4404 Ἰησοῦ

233 4406 390 4478 1255]
428 4406 687 4478 Χριστοῦ,
751 4407 869 4474 μεθ’
899 4400 960 4460 οὗ
995 4405 1074 4477 τῷ
1124 4407 1301 4477 Hath
1338 4409 1453 4480 ἅμα
1514 4400 1621 4465 καί
1649 4414 1728 4483 τῷ
1780 4400 1920 4487 ἀγίῳ

237 4489 518 4560 Πνεύματι
550 4489 697 4553 δόξα,
728 4489 948 4558 κράτος,
969 4489 1128 4559 τιμὴ,
1155 4490 1249 4543 νῦν
1285 4493 1380 4544 καὶ
1424 4494 1531 4559 ἀεὶ,
1560 4497 1656 4551 καὶ
1689 4498 1767 4560 εἰς
1792 4502 1920 4564 τοὺς

234 4573 436 4638 αἰῶνας
454 4572 564 4627 τῶν
585 4571 815 4626 αἰώνων.
858 4573 1050 4642 Ἀμήν.

832 4735 1077 4820 OMI’AIA
1113 4738 1202 4793 KZ
1219 4746 1231 4758 '

235 4877 343 4933 Καὶ
365 4876 714 4946 ᾠκοδόμησε
749 4873 879 4929 Νῶε
929 4878 1368 4945 θυσιαστήριον
1419 4878 1500 4944 τῷ
1537 4885 1749 4950 Κυρίῳ,
1816 4889 1914 4941 καὶ

303 4963 520 5016 ἐλαϐεν
543 4960 662 5014 ἀπὸ
687 4959 931 5013 πάντων
958 4958 1078 5012 τῶν
1107 4961 1344 5028 κτηνῶν
1365 4963 1483 5016 τῶν
1508 4968 1800 5034 καθαρῶν,
1817 4973 1916 5026 καὶ

301 5044 421 5102 ἀπὸ
439 5043 680 5098 πάντων
704 5041 822 5095 τῶν
843 5041 1133 5096 πετεινῶν
1149 5043 1444 5111 καθαρῶν,
1461 5048 1557 5100 καὶ
1582 5048 1916 5121 ἀνήνεγκεν

303 5126 728 5195 ὀλοκάρπωσιν
764 5127 852 5191 εἰς
890 5125 958 5179 τὸ
989 5126 1442 5194 θυσιαστήριον.

302 5239 374 5287 α’.
391 5231 572 5285 Είδετε
603 5229 730 5300 χθὲς
757 5229 852 5282 τοῦ
887 5229 1270 5301 φιλανθρώπου
1300 5233 1571 5287 Δεσπότου
1602 5237 1699 5308 τήν
1722 5240 1916 5307 ἀγαθά.

229 5333 392 5386 τητα,
424 5316 570 5376 ὅπως
589 5313 681 5366 τὸν
728 5311 934 5366 δίκαιον
963 5313 1230 5384 ἐξήγαγεν
1261 5316 1325 5369 ἐκ
1344 5317 1443 5386 τῆς
1481 5321 1734 5387 κιϐωτοῦ,
1772 5325 1916 5380 ἐλευ-

231 5402 480 5477 Θερώσας
517 5402 610 5454 καὶ
638 5401 737 5470 τῆς
761 5401 878 5452 ἐκεῖ
900 5399 1200 5468 διαγωγῆς,
1227 5402 1320 5454 καὶ
1351 5404 1666 5471 ἀπαλλάξας
1690 5409 1782 5462 τοῦ
1810 5431 1910 5482 χα,

231 5485 398 5541 λεποῦ
431 5485 641 5538 ἐκείνου
663 5483 755 5535 καὶ
782 5483 930 5547 ξένου
958 5483 1353 5554 δεσμωτηρίου,
1389 5488 1601 5558 καὶτῆς
1635 5491 1912 5566 ὑπομονῆς

229 5574 381 5644 αὐτῷ
403 5574 499 5636 τάς
520 5571 754 5642 ἀμοιϐὰς
791 5571 1127 5623 ἀποδέδωκεν
1175 5571 1366 5624 εἰπών’
1399 5573 1745 5639 Αὺξάνεσθε
1811 5586 1908 5636 καὶ

229 5658 635 5725 κληθύνεσθε.
667 5653 943 5723 Μάθωμεν
985 5656 1227 5724 σήμερον
1279 5655 1371 5708 τοῦ
1416 5657 1539 5710 Νῶε
1575 5657 1672 5730 τὴν
1703 5661 1909 5729 εύγνω-

233 5741 494 5814 μοσύνην,
517 5741 612 5792 καὶ
641 5738 741 5808 τὴν
769 5737 1086 5806 εὐχάριστον
1107 5736 1305 5808 ψυχὴν,
1324 5737 1390 5790 δι’
1407 5733 1474 5810 ἦς
1495 5741 1656 5794 πάλιν
1690 5742 1909 5801 πλείονα

230 5827 323 5880 καὶ
347 5821 527 5891 πολλῷ
559 5821 780 5892 μείζονα
803 5820 1161 5884 ἐξεκαλέσατο
1181 5822 1272 5875 τοῦ
1294 5822 1429 5876 Θεοῦ
1461 5825 1560 5895 τὴν
1594 5828 1718 5896 περί
1748 5829 1908 5888 αὐτὸν

227 5905 458 5968 ﬁrmam
487 5904 596 5963 Καὶ
619 5907 723 5976 γὰρ
756 5903 995 5968 τοιοῦτος
1022 5907 1050 5957 ὁ
1087 5905 1239 5970 Θεός·
1268 5907 1484 5962 ἐπειδὰν
1527 5909 1611 5978 ἴδῃ
1658 5911 1746 5964 ἐπὶ
1793 5914 1904 5973 τοῖς

1397 462 1465 520 ΙΝ
1498 461 1651 519 CAP.
1701 460 1812 516 Vlll
1849 459 2089 516 GENES.
2125 459 2358 518 HOMIL.
2401 461 2610 520 XXV".

3621 463 3731 520 2w

2045 578 2316 647 φθάσασιν
2345 577 2692 650 εὐγνώμονας
2720 577 3140 650 γεγενημένους,
3172 577 3726 650 ἐπιδαψιλεύιταιτάς

2045 662 2175 731 παρ’
2207 661 2402 716 ἑαυτοῦ
2423 661 2651 735 δωρεάς.
2671 661 3068 732 Σπουδάζωμεν
3098 660 3277 714 τοίνυν
3295 661 3387 714 καὶ
3413 662 3445 734 ή
3455 663 3575 732 μείς
3629 662 3728 731 τὴν

2046 746 2185 799 κατὰ
2217 745 2447 816 δύναμιν
2473 746 2824 816 εὐχαριστίαν
2859 745 3151 817 ἀναφέρειν
3190 741 3543 818 τῷΔεσπότῃ
3584 744 3727 814 ύπδρ

2044 827 2152 881 τῶν
2179 827 2537 901 ὑπαρξάντων
2557 831 2686 900 ήμῐν
2725 829 2856 900 παρ’
2877 826 3048 882 αὐτοῦ
3076 827 3316 898 ἀγαθῶνς
3346 828 3433 881 ἵνα
3473 827 3567 880 καὶ
3602 843 3724 898 μει-

2045 911 2214 974 ζόνων
2237 910 2580 980 ἀξιωθῶμεν,
2628 911 2722 965 καὶ
2777 910 3048 984 μηδέποτε
3082 909 3572 981 ἐπιλανθανώμεθα
3616 909 3726 963 τῶν

2045 993 2197 1064 παρά
2219 993 2312 1046 τοῦ
2339 993 2476 1048 Θεοῦ
2511 994 2842 1064 εὐεργεσιῶν
2867 993 2948 1058 εἰς
2976 995 3122 1066 ἡμᾶς
3150 993 3552 1064 γεγενημένων,
3589 990 3728 1045 ἀλλά

2043 1075 2132 1128 ἀεὶ
2159 1074 2334 1129 ταῦτα
2369 1075 2690 1147 στρέφωμεν
2717 1076 2809 1130 ἐπὶ
2824 1075 2924 1147 τῆς
2950 1075 3186 1140 διανοίας
3201 1077 3300 1146 τῆς
3323 1073 3622 1146 ἡμετέρας,
3640 1073 3728 1125 ῖνα

2046 1161 2150 1215 ὑπὸ
2182 1162 2284 1231 τῆς
2309 1164 2533 1234 μνήμης
2558 1162 2953 1232 συνωθούμενοι
2988 1162 3210 1233 διηνεκῆ
3249 1164 3345 1233 τὴν
3377 1157 3728 1232 εὐχαριστίαν

2047 1243 2347 1315 ποιώμεθα,
2389 1247 2438 1299 εἰ
2466 1247 2560 1299 καί⁵
2587 1244 2842 1298 τοσαῦται
2867 1245 2926 1298 τὸ
2951 1245 3154 1315 πλῆθός
3182 1247 3339 1304 εἰσιν,
3373 1243 3447 1307 ώς
3479 1241 3613 1314 μηδὲ
3628 1241 3732 1313 ἀρ-

2044 1333 2163 1386 κεῖν
2199 1331 2290 1385 τὸν
2326 1333 2584 1404 λογισμὸν
2603 1333 2695 1386 τὸν
2719 1333 3002 1404 ήμέτερον⁷
3029 1330 3498 1403 ἐξαριθμήσασθαι
3524 1328 3626 1400 τὴν
3645 1329 3728 1394 εἰς

2044 1421 2194 1491 ἡμᾶς
2225 1419 2540 1490 φιλοτιμίαν
2571 1420 2737 1472 αὐτοῦ
2764 1420 3159 1489 γεγενημένην.
3195 1417 3261 1469 Τί
3291 1417 3397 1489 γὰρ
3437 1416 3501 1471 ἀν
3534 1432 3616 1480 τις
3648 1414 3731 1468 λο-

2044 1502 2256 1570 γίσαιτο
2287 1503 2352 1555 τά
2373 1503 2473 1573 ήδη
2505 1503 2584 1565 εἰς
2616 1504 2768 1573 ἡμᾶς
2814 1502 3177 1571 γεγενημένα,
3228 1499 3296 1555 τά
3320 1498 3726 1570 ἐπηγγελμένα,

2043 1581 2111 1634 τά
2146 1581 2269 1635 καθ’
2302 1585 2540 1656 ἑκάστην
2564 1584 2776 1655 ήμέραν
2806 1584 3086 1654 γινόμενα·
3116 1584 3196 1637 δτι
3229 1585 3292 1636 ἐκ
3339 1581 3433 1635 τοῦ
3469 1582 3544 1653 μὴ
3577 1582 3731 1648 δντος

2044 1665 2124 1726 εἰς
2142 1667 2203 1717 τὸ
2224 1660 2362 1718 εἰναι
2391 1668 2731 1738 παρήγαγεν,
2762 1668 2843 1720 δτι
2868 1667 2962 1720 καὶ
2996 1665 3156 1736 σῶμα
3209 1667 3305 1719 καὶ
3339 1665 3518 1738 ψυχὴν
3551 1668 3733 1738 ἐχαρί-

2046 1748 2302 1812 σατο,ὃτι
2330 1748 2581 1817 λογικοὺς
2635 1750 2784 1820 ήμᾶς
2831 1749 3288 1821 ἐδημιούργησεν,
3336 1750 3417 1802 δτι
3474 1748 3564 1802 τὸν
3590 1748 3730 1820 ἀέρα

2042 1829 2231 1883 τοῦτον
2266 1833 2526 1884 ἀναπνεῖν
2574 1831 2888 1901 ἐχαρίσατο,
2923 1832 3006 1887 ὅτι
3043 1831 3142 1902 τὴν
3177 1831 3354 1884 κτίσιν
3390 1831 3610 1885 ἅπασαν
3643 1832 3732 1885 διὰ

2041 1914 2141 1984 τήν
2167 1913 2517 1986 ἀνθρωπίνην
2571 1915 2732 1984 φύσιν
2760 1915 3105 1984 παρήγαγεν,
3131 1915 3211 1967 ὅτι
3243 1912 3408 1976 αὐτὸς
3451 1913 3550 1983 μέν
3573 1913 3733 1966 Non.

2042 1996 2179 2069 λήθη
2201 2001 2266 2052 ἐκ
2293 1998 2596 2070 προοιμίων
2613 1999 2710 2068 τῆς
2725 1997 2821 2050 τοῦ
2849 2000 3178 2068 παραδείσου
3197 1998 3407 2069 διαίτης
3434 1996 3730 2052 ἀπολαύειν

2042 2080 2132 2134 τὸν
2166 2082 2472 2153 ἄνθρωπον,
2525 2080 2620 2135 καὶ
2677 2080 2947 2136 ἀνώδυνον
2989 2081 3102 2152 βίον
3148 2081 3314 2152 ἐχειν,
3370 2083 3465 2136 καὶ
3525 2077 3718 2152 μόχθοι

2042 2168 2242 2232 παντὸς
2276 2167 2718 2240 ἀπηλλαγμένον,
2759 2169 2851 2222 καὶ
2877 2167 3046 2240 μηδὲν
3069 2169 3289 2222 ἔλαττον
3317 2167 3465 2239 ἔχειν
3491 2168 3601 2224 τῶν
3630 2170 3723 2241 ἀγα

2041 2249 2215 2318 γέλων
2233 2251 2327 2304 καὶ
2352 2252 2462 2305 τῶν
2493 2252 2806 2320 ἀσωμάτων
2845 2254 3070 2306 ἐκείνων
3123 2253 3404 2323 δυνάμεων
3426 2255 3485 2307 ἐν
3515 2253 3730 2324 σώματι

2039 2332 2396 2404 τυγχάνοντα,
2433 2334 2571 2389 ἀλλά
2609 2336 2702 2388 καὶ
2739 2333 3010 2408 ἀνώτερον
3065 2331 3341 2389 εἶναιτῶν
3399 2335 3730 2406 σωματικῶν

2038 2416 2293 2484 ἀναγκῶν
2317 2434 2332 2482 ;
2367 2411 2501 2469 Εἶτα
2529 2417 2718 2488 ἐπειδὴ
2747 2417 2836 2471 διά
2860 2417 3138 2489 ρᾳθυμίαν
3159 2417 3380 2488 ὑπήχθη
3425 2419 3491 2488 τῇ
3541 2419 3729 2490 ἀπάτη

2038 2493 2132 2547 τοῦ
2160 2494 2406 2548 διαὸόλου
2435 2499 2502 2565 τῇ
2529 2495 2620 2549 διά
2650 2496 2744 2549 τοῦ
2790 2497 2969 2567 ὄφεως
3003 2497 3398 2569 προσαχθείσῃ,
3426 2497 3547 2550 οὐδὲ
3584 2496 3728 2550 οὕτω

2037 2576 2243 2632 διέλιπε
2277 2579 2367 2631 τὸν
2390 2579 2772 2650 ἡμαρτηκότα,
2807 2581 2898 2634 τὸν
2935 2581 3363 2652 παραὸεὸηκότα
3399 2581 3723 2652 εὐεργετῶν,

2037 2665 2174 2719 ἀλλά
2199 2665 2292 2719 καὶ
2321 2658 2480 2720 δι’ὦν
2511 2668 2915 2738 ἐτιμωρήσατο,
2976 2668 3232 2739 καθάπερ
3286 2669 3382 2721 καὶ
3430 2668 3557 2738 χθές
3609 2667 3725 2721 ἐλέ-

2037 2770 2225 2824 γομεν,
2276 2753 2375 2824 τῆς
2411 2754 2622 2817 οἰκείας
2673 2753 3088 2826 φιλανθρωπίας
3115 2755 3212 2825 τὴν
3274 2754 3580 2826 ὑπερϐολήν
3629 2756 3725 2807 ἐπω-

2036 2839 2296 2907 εδείξατο,
2344 2841 2439 2894 καὶ
2472 2839 2644 2894 πολλά
2677 2841 2842 2912 ἔτερα
2876 2841 2970 2895 καὶ
2997 2841 3344 2914 ἀναρίθμητα
3390 2840 3727 2913 εὐεργεσιῶν

2036 2928 2156 2998 είδη
2183 2930 2264 2992 εἰς
2291 2928 2456 2982 αὐτὸν
2490 2929 2770 2982 κατέθετο.
2810 2931 2920 2983 Καὶ
2973 2928 3158 2985 λοιπὸν
3186 2929 3282 2983 τοῦ
3340 2930 3535 3001 χρόνου
3588 2946 3723 3001 προ-

2035 3015 2239 3079 ϊόντος,
2285 3016 2380 3068 καὶ
2426 3015 2519 3069 τοῦ
2573 3016 2765 3085 γένους
2786 3016 3154 3088 αὐξανομένου
3183 3057 3200 3081 ,
3255 3018 3348 3071 καὶ
3395 3019 3474 3080 εἰς
3522 3018 3725 3071 κακίαν

2033 3100 2443 3165 ἀποκλίναντας,
2497 3103 2685 3172 ἐπειδὴ
2729 3103 2876 3175 ἐώρα
2906 3104 3101 3158 ἀνίατα
3143 3104 3403 3174 γινόμενα
3451 3104 3519 3158 τά
3550 3103 3721 3176 τραύ-

2037 3206 2206 3263 ματα,
2226 3187 2482 3260 καθάπερ
2517 3188 2697 3260 ζύμην
2745 3189 2867 3244 τινά
2915 3189 3179 3262 πονηρὰν,
3215 3194 3344 3256 τοὺς
3384 3191 3480 3262 τῆς
3519 3193 3722 3256 κακίας

2034 3277 2273 3346 ἐργάτας
2293 3276 2558 3344 ἠφάνισε,
2649 3276 2970 3331 καταλιπὼν
3045 3278 3138 3332 τὸν
3208 3278 3415 3332 δεκτέον
3490 3281 3720 3347 τοῦτον,

2035 3362 2192 3432 ῥίζαν
2226 3363 2323 3416 καὶ
2364 3364 2538 3434 ἀρχὴν
2572 3364 2826 3434 γενέσθαι
2866 3364 2959 3418 τοῦ
3002 3364 3112 3418 τῶν
3156 3365 3460 3438 ἀνθρώπων
3502 3369 3717 3436 γένους.

2034 3451 2143 3504 Καὶ
2187 3451 2348 3504 πάλιν
2381 3451 2576 3504 σκόπει
2625 3451 2798 3520 πόσην
2835 3452 2966 3523 περὶ
3005 3452 3167 3507 αὐτὸν
3214 3454 3580 3508 ἐπιδείκνυται
3616 3456 3722 3528 τὴν

2033 3537 2364 3608 φιλοτιμίαν.
2401 3537 2534 3591 Ἀπὸ
2554 3537 2650 3591 τοῦ
2669 3538 2878 3592 δικαίου
2902 3539 3093 3594 τούτου
3117 3543 3212 3594 καὶ
3240 3541 3348 3596 τῶν
3368 3541 3559 3598 τούτου
3581 3542 3716 3596 υἰῶν

2033 3625 2254 3681 ἃπασαν
2301 3627 2400 3696 τὴν
2433 3626 2543 3678 τῶν
2588 3624 2895 3698 ἀνθρώπων
2937 3627 3099 3694 φύσιν
3137 3631 3219 3692 εἰς
3265 3628 3520 3684 τοσοῦτον
3564 3629 3716 3704 [256]

2033 3713 2236 3784 πλῆθος
2280 3714 2576 3768 ἐπιδιδόναι
2611 3715 3013 3785 παρεσκεύασε,
3045 3717 3141 3771 καί
3183 3719 3326 3772 κατά
3359 3719 3555 3792 μικρὸν
3588 3721 3720 3784 τοὺς

2029 3800 2268 3864 δικαίους
2303 3799 2686 3872 ἐκλεξάμενος,
2718 3802 2844 3866 τοὺς
2877 3805 3226 3876 πατριάρχας
3257 3805 3421 3875 λέγω,
3459 3805 3718 3862 διδασκά‹

2029 3887 2154 3950 λους
2189 3887 2459 3960 ἐπέστησε
2499 3889 2579 3961 τῷ
2607 3889 2781 3960 λοιπῷ
2817 3891 2926 3944 τῶν
2954 3891 3260 3964 ἀνθρώπων
3289 3893 3460 3961 γένει,
3496 3892 3585 3949 διά
3618 3895 3718 3966 τῆς

2029 3977 2235 4040 οἰκείας
2284 3977 2488 4048 ἀρετῆς
2541 3977 2788 4041 ἅπαντας
2851 3970 3142 4048 ἐναγαγετν
3199 3980 3557 4052 δυναμένους,
3618 3984 3716 4038 καὶ

2030 4062 2284 4135 καθάπερ
2320 4065 2562 4136 ἰατροὺς,
2581 4066 2710 4130 τοὺς
2741 4066 3106 4136 νενοσηκότας
3135 4067 3461 4139 θεραπεύειν
3481 4069 3720 4140 δυναμέ-

2028 4167 2171 4213 νους.
2203 4151 2342 4205 Ποτέ
2374 4152 2474 4222 μὶν
2510 4153 2591 4216 εἰς
2621 4153 2724 4224 τὴν
2757 4153 3143 4224 Παλαιστίνην,
3177 4156 3307 4209 ποτὶ
3343 4156 3401 4209 δὲ
3436 4158 3515 4220 εἰς
3549 4160 3717 4225 Λίγυ-

2028 4255 2161 4293 πτον
2194 4239 2443 4308 κατάγει,
2478 4239 2616 4310 ὁμοῦ
2645 4241 2740 4294 καὶ
2762 4240 2874 4294 τῶν
2913 4240 3080 4295 αὑτοῦ
3111 4241 3315 4297 δούλων
3353 4246 3716 4315 ἐγγυμνάζων

2028 4327 2126 4396 τὴν
2156 4326 2456 4397 ὑπομονὴν,
2493 4327 2588 4380 καὶ
2611 4325 2710 4399 τὴν
2735 4328 2944 4382 οἰκείαν
2982 4329 3213 4400 δύναμιν
3247 4335 3715 4404 περιφανεστέραν

2027 4411 2274 4476 δεικνύς·
2313 4412 2406 4464 καὶ
2457 4412 2724 4482 διηνεκῶς
2775 4413 2921 4469 οὕτω
2964 4415 3230 4472 διετέλεσε
3280 4419 3582 4489 φροντίζων
3614 4420 3712 4490 τῆς

2025 4498 2135 4553 τῶν
2190 4498 2493 4565 ἀνθρώπων
2541 4500 2838 4571 σωτηρίας,
2886 4505 3172 4572 προφήτας
3222 4505 3559 4570 ἀναδεικνὺς.
3619 4508 3709 4560 καὶ

2027 4588 2228 4655 σημεῖα
2254 4587 2347 4638 καὶ
2375 4585 2631 4654 θαύματα
2656 4587 2723 4638 δι’
2745 4587 2925 4641 αὐτῶν
2945 4589 3309 4645 ἐπιτελεῖσθαι
3341 4595 3524 4647 ποιῶν.
3558 4592 3704 4662 Εἶτα,

2025 4673 2114 4726 ἵνα
2142 4671 2424 4742 συντεμὼν
2455 4673 2596 4725 είπω
2620 4688 2634 4701 ⁸
2666 4674 2920 4747 καθάπερ
2948 4678 3057 4747 γὰρ
3090 4678 3190 4747 τῆς
3221 4679 3494 4751 θαλάττης
3522 4683 3594 4735 τὰ
3621 4684 3716 4738 κύ-

2028 4776 2193 4830 ματα,
2227 4759 2332 4812 κᾶν
2363 4760 2622 4832 μυριάκις
2661 4761 3000 4833 βιασώμεθα,
3034 4766 3134 4818 οὐκ
3167 4765 3232 4820 ἀν
3259 4783 3390 4820 ποτε
3422 4767 3711 4842 δυνηθείη-

2028 4864 2127 4917 μεν
2153 4844 2587 4918 ἐξαριθμείσθαι,
2624 4850 2798 4913 οὕτως
2832 4851 2956 4905 οὐδὲ
2981 4852 3043 4905 τὸ
3085 4853 3328 4909 ποικίλον
3352 4855 3461 4910 τῶν
3487 4860 3707 4928 εὐεργε-

2027 4934 2157 4986 σιῶν
2184 4934 2278 4987 τοῦ
2306 4934 2465 5000 Θεοῦ,
2489 4929 2564 4988 ὧν
2593 4939 2720 5007 περὶ⁵
2751 4938 2848 5008 τήν
2877 4939 3151 5010 ἡμετέραν
3177 4942 3339 5011 φύσιν
3371 4944 3707 5011 ἐπεδείξατο.

2024 5020 2096 5072 Τδ
2123 5019 2180 5074 δὲ
2210 5020 2539 5088 τελευταῖον,
2587 5024 2780 5094 ἐπειδὴ
2809 5023 2917 5080 εἶδε
2964 5027 3104 5097 μετά
3151 5029 3420 5102 τοσαύτην
3451 5034 3712 5104 πρόνοιαν

2023 5106 2103 5160 ἔτι
2131 5107 2336 5178 πολλῆς
2369 5110 2463 5162 καὶ
2497 5110 2707 5178 ἀφάτου
2732 5113 3144 5184 φιλανθρωπίας
3171 5116 3436 5189 δεομένην
3467 5122 3566 5192 τὴν
3599 5121 3711 5177 τῶν

2023 5193 2326 5265 ἀνθρώπων
2359 5195 2542 5259 φύσιν,
2573 5197 2666 5250 καὶ
2697 5199 2847 5252 οὐδὲν
2887 5200 3046 5255 πλέον
3090 5202 3440 5273 ἰσχύσαντας,
3475 5208 3535 5260 οὐ
3579 5211 3708 5273 τοὺς

2023 5282 2388 5352 πατριάρχας,
2432 5285 2493 5337 οὐ
2525 5285 2650 5347 τοὺς
2691 5288 2994 5358 προφήτας,
3029 5291 3090 5342 οὐ
3124 5290 3194 5344 τά
3238 5291 3492 5364 θαύματα
3525 5298 3705 5351 ἐκεῖνα

2019 5368 2089 5420 τά
2121 5370 2418 5438 παράδοξα,
2469 5371 2531 5424 οὐ
2572 5371 2671 5434 τὰς
2707 5373 2976 5444 τιμωρίας
3021 5379 3114 5430 καὶ
3153 5380 3252 5443 τάς
3292 5381 3572 5446 νουθεσίας
3605 5385 3706 5449 τάς

2021 5455 2143 5508 καθ’
2165 5455 2395 5508 ἕκαστον
2422 5458 2788 5527 ἐπαγομένας,
2821 5461 2916 5512 καὶ
2941 5464 3042 5526 τάς
3083 5467 3462 5535 αἰχμαλωσίας
3489 5471 3704 5541 ἐκείνας

2019 5544 2116 5608 τὰς
2148 5543 2504 5631 ἐπαλλήλους,
2529 5543 2719 5615 ὥσπερ
2738 5548 3015 5622 οἰκτείρας
3045 5552 3106 5606 τὸ
3135 5555 3288 5621 γένος
3321 5558 3381 5609 τὸ
3411 5560 3700 5631 ἡμέτερον,

2017 5631 2128 5683 τῶν
2156 5629 2348 5701 ψυχῶν
2389 5632 2484 5686 καὶ
2526 5632 2637 5686 τῶν
2667 5635 2935 5703 σωμάτων
2982 5639 3184 5709 ἰατρὸν,
3223 5641 3313 5694 τὸν
3356 5645 3485 5698 Υίὸν
3535 5629 3698 5702 αὐτοῦ

2017 5718 2109 5771 τὸν
2151 5718 2416 5789 μονογενῆ
2471 5719 2536 5772 ἐκ
2579 5719 2686 5774 τῶν
2727 5719 2946 5777 κόλπων
2991 5727 3324 5794 ἀναστήσας,
3377 5730 3451 5794 ώς
3499 5733 3698 5796 εἰπεῖν,

2017 5805 2125 5859 τῶν
2152 5804 2454 5875 πατρικῶν,
2480 5804 2666 5860 δούλου
2694 5809 2908 5878 μορφὴν
2929 5811 3265 5867 ἀναλαϐόντα
3287 5821 3702 5884 παρεσκεύασεν

2019 5895 2082 5947 ἐκ
2110 5891 2382 5966 παρθένου
2419 5893 2692 5965 τεχθῆναι,
2730 5895 2817 5948 καὶ
2859 5894 2952 5958 σὺν
2987 5900 3117 5970 ήμῖν
3144 5899 3567 5977 ἀναστραφῆναι,
3602 5908 3697 5966 καὶ
