4080 6502
208 435 305 496 ﬂ!

201 565 330 607 cum
379 547 722 610 conversari,
767 554 822 600 et
849 541 1027 599 omnia
1075 551 1254 596 nostra
1299 539 1474 603 ferre,
1529 546 1585 592 ut
1620 551 1788 606 genus

203 651 445 697 nostrum
473 640 703 710 peccatis
733 649 1046 706 oppressum
1071 633 1256 703 jaccns
1276 647 1304 686 a
1338 629 1493 684 terris
1520 629 1570 683 in
1601 627 1788 682 czelum

204 731 503 787 subvehere
531 730 714 798 possh.
743 727 812 781 Et
838 726 941 781 hoc
967 725 1351 792 obstupescens
1380 718 1598 774 tonitrui
1627 718 1782 781 illius,

199 822 658 887 εοηείιιετςιηεψιε
686 816 983 872 dilectionis
1003 813 1195 868 divina:
1214 809 1604 873 excellentiam,
1628 822 1786 877 quam

202 923 330 978 erga
356 923 523 979 genus
553 915 790 962 nostrum
821 903 1142 967 declaravit,
1168 900 1431 956 clamabat
1456 907 1512 954 et
1536 897 1786 952 dicebat:

203 1002 297 1054 Sic
320 1001 452 1054 enim
494 998 636 1053 Deus
681 998 859 1052 dilexit
904 995 1150 1049 mundum
1194 993 1374 1064 (Joan.
1407 994 1460 1046 ὃ.
1493 991 1604 1063 lli).
1655 990 1788 1046 Vide

200 1100 404 1160 quanto
428 1090 686 1144 miraculo
716 1087 870 1159 plena
901 1087 1014 1141 haec
1039 1084 1204 1140 dictio
1232 1103 1244 1139 :
1275 1084 1400 1148 Sic,
1429 1083 1498 1138 ait
1523 1125 1537 1147 ,
1566 1083 1642 1137 rei
1674 1099 1789 1137 ma-

197 1180 532 1253 gnitudinem
560 1179 890 1250 expendens,
918 1192 1074 1247 quam
1097 1176 1335 1231 dicturus
1353 1184 1469 1230 erat
1502 1192 1515 1228 :
1545 1183 1786 1244 propter-

199 1286 264 1326 ea
301 1270 370 1325 ad
415 1270 554 1325 hunc
591 1269 807 1324 modum
869 1281 1098 1323 exorsus
1133 1275 1262 1323 est:
1303 1264 1394 1322 Sic
1442 1265 1638 1319 diluat.
1693 1264 1788 1319 Dic

200 1359 364 1431 igitur
383 1360 564 1426 nobis,
594 1359 750 1415 beate
774 1358 1009 1414 Joannes
1027 1397 1044 1424 ,
1069 1355 1337 1427 quomodo
1361 1354 1451 1410 Sic
1472 1355 1498 1408 .’
1519 1353 1608 1409 dic
1633 1369 1786 1408 men-

198 1464 382 1506 suram
405 1493 421 1519 ,
464 1450 552 1506 die
589 1448 1006 1520 magnitudinem
1029 1491 1047 1513 ,
1094 1447 1229 1502 doce
1260 1459 1359 1500 nos
1384 1443 1782 1500 excellentiam.

199 1541 295 1597 Sic
318 1543 451 1596 enim
476 1541 650 1595 dilexit
681 1539 818 1594 Deus
850 1539 1097 1593 mundum
1119 1577 1136 1602 ,
1178 1547 1234 1590 ut
1270 1534 1463 1589 Filium
1490 1550 1638 1589 suum
1667 1535 1785 1588 uni-

195 1633 422 1704 genitum
449 1633 613 1699 daret,
643 1641 698 1685 ut
723 1632 885 1686 omnis
903 1630 990 1701 qui
1008 1629 1167 1684 credit
1189 1628 1243 1682 in
1270 1627 1439 1690 illum,
1471 1643 1574 1681 non
1592 1635 1782 1696 pereat,

195 1723 288 1777 sed
311 1723 491 1776 habeat
517 1723 671 1775 vitam
695 1732 958 1775 aeternam.

270 1813 440 1869 Causa
462 1814 702 1867 adsultus
728 1810 934 1867 Christi.
957 1841 1032 1852 —
1055 1809 1240 1866 Vidisti
1267 1823 1482 1864 causam
1522 1809 1786 1886 adventus

195 1903 320 1960 Filii
363 1906 500 1959 hanc
524 1919 666 1971 esse,
697 1911 758 1958 ut
799 1919 896 1973 per
923 1901 1081 1958 ﬁdem
1109 1902 1162 1956 in
1186 1901 1334 1955 illum
1366 1900 1401 1954 ii
1437 1901 1528 1970 qui
1559 1900 1782 1970 perituri

195 2007 373 2062 erant,
403 1997 592 2052 salutis
611 1996 946 2051 occasionem
977 1993 1322 2049 invenirent?
1349 1991 1630 2060 Quomodo
1656 1992 1775 2061 quis

195 2098 376 2144 mente
413 2088 718 2158 conceperit
758 2100 1007 2157 magnam
1041 2095 1096 2140 et
1121 2084 1490 2140 admirabilem
1518 2083 1663 2138 illam
1686 2124 1701 2149 ,
1729 2092 1781 2137 et

194 2193 320 2250 qua:
365 2193 577 2234 omnem
620 2178 880 2233 rationem
918 2177 1116 2242 vincit,
1171 2174 1579 2240 liberalitatem,
1624 2188 1784 2244 quam

194 2279 404 2325 natura:
429 2279 624 2326 nostra
645 2285 740 2340 per
754 2269 950 2324 donum
974 2267 1219 2338 baptismi
1237 2267 1521 2327 concessit,
1541 2266 1778 2319 omnium

195 2373 541 2433 peccaton
585 2371 892 2417 nostrorum
934 2360 1056 2416 data
1098 2357 1456 2415 remissione?
1509 2357 1613 2412 Sed
1657 2357 1783 2428 quid

191 2451 371 2507 dicam
389 2451 416 2507 Υ
439 2467 610 2523 neque
640 2467 790 2506 tuens
818 2450 1014 2506 sufﬁcit
1035 2491 1051 2515 ,
1097 2465 1271 2520 neque
1297 2463 1474 2504 sermo
1500 2449 1637 2503 valet
1677 2464 1785 2502 ca:-

193 2531 309 2598 tera
335 2556 673 2616 enumerare.
701 2541 833 2597 Nam
852 2541 1190 2611 quantumvis
1215 2539 1421 2607 dixero,
1445 2540 1614 2594 multo
1636 2540 1784 2609 plura

189 2633 355 2691 dictis
398 2644 676 2706 praetereo.
726 2634 845 2690 Jam
886 2635 1006 2706 quis
1049 2633 1378 2705 pmuitentize
1418 2633 1556 2686 viam
1585 2632 1788 2701 cogita-

192 2727 354 2791 verit,
406 2741 564 2796 quam
614 2725 846 2780 humano
890 2725 1071 2794 generi
1123 2731 1306 2777 nostro
1347 2721 1418 2776 ob
1463 2720 1783 2776 inell'abilem

193 2816 619 2872 misericordiam
651 2832 803 2872 suam
832 2815 1124 2878 concessit,
1155 2823 1208 2867 et
1238 2822 1360 2883 post
1389 2811 1635 2882 baptismi
1665 2826 1787 2881 gra-

193 2909 361 2973 tiam,
400 2907 662 2963 mirabilia
707 2907 796 2962 illa
838 2907 1084 2961 mandata
1114 2945 1130 2971 ,
1160 2919 1254 2973 per
1279 2917 1434 2973 quae,
1465 2902 1508 2956 si
1534 2901 1784 2970 velimus,

198 2999 494 3072 poterimus
519 2999 637 3068 ejus
661 2997 816 3052 nobis
831 2997 1052 3069 gratiam
1076 2995 1362 3050 conciliare
1377 2992 1403 3045 τ

267 3089 325 3145 2.
354 3089 544 3145 Vidisti
569 3130 586 3158 ,
635 3089 828 3145 dilecte
847 3129 862 3152 ,
908 3089 1160 3158 abyssum
1189 3086 1331 3141 illius
1354 3083 1736 3140 beneficiorum
1761 3082 1785 3136 ?

195 3180 375 3236 vidisti
404 3190 601 3251 quanta
625 3179 1118 3234 enumeraverimus
1142 3218 1156 3240 ,
1185 3175 1280 3232 sed
1309 3173 1544 3230 nondum
1566 3188 1784 3244 parvam

193 3286 388 3328 eorum
414 3279 614 3341 partem
637 3271 820 3326 dicere
849 3269 1117 3339 potuimus
1141 3267 1165 3320 ‘l
1206 3263 1485 3332 Quomodo
1511 3265 1654 3320 enim
1683 3264 1782 3316 hu-

196 3378 357 3420 mana
388 3363 563 3433 lingua
588 3378 706 3433 qua:
726 3377 754 3414 a
780 3361 889 3416 Deo
917 3361 1071 3415 nobis
1097 3359 1290 3414 collata
1314 3365 1440 3412 sunt
1466 3365 1789 3426 pertractare

198 3454 421 3526 (esset?
465 3456 534 3510 At
558 3454 680 3509 licet
710 3454 794 3508 illa
823 3461 966 3508 tanta
988 3466 1054 3507 ac
1079 3451 1202 3505 talia
1233 3450 1360 3516 sint,
1389 3449 1557 3503 multo
1585 3449 1784 3517 majora

197 3556 256 3603 ct
293 3547 640 3602 incll'abiliora
670 3554 796 3601 sunt
825 3544 1080 3600 bcnelicia
1107 3584 1122 3610 ,
1154 3557 1274 3614 qua:
1300 3543 1352 3596 in
1382 3540 1562 3595 loturo
1589 3539 1788 3594 stccnlo

199 3653 299 3711 per
323 3639 573 3694 virtutum
602 3638 740 3692 viam
767 3635 1134 3693 incedentibus
1153 3677 1169 3702 ,
1199 3643 1255 3690 et
1285 3634 1408 3688 hinc
1435 3631 1787 3701 migrantibus

197 3729 447 3795 daturum
473 3743 531 3784 se
553 3729 820 3800 promisit.
860 3727 1096 3796 Quorum
1125 3724 1541 3795 magnitudinem
1574 3731 1631 3777 ut
1658 3737 1791 3791 pau-

198 3824 280 3876 cis
302 3821 478 3876 verbis
504 3821 657 3876 nobis
684 3820 1085 3875 commendaret
1110 3817 1299 3872 beatus
1328 3815 1521 3870 Paulus
1542 3855 1559 3883 ,
1588 3815 1786 3885 inquit:

203 3913 332 3977 Qua
358 3913 532 3966 oculus
561 3928 659 3965 non
695 3912 814 3964 uidit
835 3951 852 3978 ,
899 3919 944 3964 et
971 3909 1112 3963 auris
1133 3924 1234 3962 non
1259 3907 1450 3962 audiuit
1474 3947 1491 3972 ,
1536 3915 1583 3960 et
1623 3909 1676 3959 in
1704 3921 1791 3960 cor

201 4003 422 4056 hominis
445 4018 546 4056 non
572 4002 936 4064 ascenderunt,
976 4016 1089 4070 quia
1119 3998 1422 4070 prmparavit
1450 3995 1586 4051 Deus
1614 3997 1678 4051 iis
1701 3997 1790 4068 qui

200 4096 420 4167 diligunt
456 4110 511 4148 se
547 4096 626 4164 (Ι.
657 4092 776 4147 Cor.
801 4092 858 4148 2.
882 4093 958 4162 9).
1017 4091 1205 4146 Vidisti
1247 4091 1386 4146 dona
1431 4088 1788 4144 excellentia?

202 4187 380 4243 vidisti
410 4185 667 4240 beneficia
698 4185 838 4239 illius
858 4198 1072 4239 omnem
1103 4182 1389 4236 humanam
1413 4181 1787 4251 cogitationem

203 4275 682 4332 transcendentia?
712 4275 848 4330 Dicit
864 4274 1028 4338 enim,
1060 4271 1124 4326 In
1149 4289 1237 4326 cor
1255 4272 1472 4327 hominis
1498 4287 1598 4325 non
1621 4287 1788 4328 ascen-

203 4369 405 4423 derunt.
434 4367 490 4422 Si
518 4367 676 4438 igitur
703 4366 946 4421 volumus
973 4364 1059 4418 illa
1088 4364 1267 4418 animo
1290 4362 1590 4425 revolvere.
1617 4371 1671 4417 et
1692 4377 1790 4432 pro

203 4459 408 4514 viribus
449 4457 646 4513 nostris
691 4458 888 4528 gratias
925 4470 1117 4526 agere,
1167 4453 1460 4526 poterimus
1485 4453 1652 4508 multo
1680 4468 1791 4508 ma-

200 4552 377 4620 jorem
406 4549 549 4602 illius
573 4549 795 4618 gratiam
827 4546 980 4601 nobis
1005 4545 1290 4600 conciliare
1310 4584 1327 4611 ,
1353 4553 1408 4600 et
1432 4543 1499 4598 ad
1539 4545 1787 4598 virtutem

203 4642 376 4710 magis
419 4639 599 4695 idonei
645 4638 780 4698 fieri.
830 4636 1083 4693 Memoria
1113 4637 1253 4691 enim
1285 4634 1664 4696 beneficiorum
1697 4632 1791 4689 Dei

203 4732 478 4788 sufllciens
500 4738 603 4796 est,
628 4744 746 4800 qua:
763 4728 829 4783 ad
849 4730 1100 4783 virtutum
1116 4728 1323 4782 labores
1344 4741 1441 4780 nos
1455 4725 1791 4792 adhortetur,

203 4831 263 4878 et
289 4830 546 4892 praeparet
567 4829 626 4874 ut
651 4819 930 4889 prmeentia
957 4820 1134 4873 omnia
1159 4817 1515 4887 dcspiciamus
1538 4857 1554 4880 ,
1581 4824 1636 4870 et
1658 4824 1716 4869 ut
1743 4814 1792 4869 ei

203 4914 296 4985 qui
347 4922 489 4966 tanta
538 4910 589 4964 in
644 4923 742 4964 nos
787 4909 1039 4963 beneﬁcia
1092 4907 1348 4970 contulit,
1401 4906 1790 4970 adhaerenmus,

205 5020 444 5065 amorem
473 5004 523 5058 in
555 5004 700 5057 illum
737 5001 956 5072 singulis
981 5001 1168 5054 diebus
1207 5007 1420 5052 auctum
1455 4995 1790 5051 exhibentes.

207 5096 345 5154 Hinc
371 5094 568 5150 etenim
601 5093 786 5146 beatus
813 5091 913 5146 iste
943 5098 1139 5144 tantam
1175 5089 1266 5142 Dei
1293 5086 1515 5157 gratiam
1541 5095 1597 5140 et
1618 5085 1791 5139 hono-

208 5203 324 5244 rem
353 5185 455 5240 sibi
482 5183 814 5257 conciliavit,
850 5182 971 5251 quia
998 5181 1065 5234 de
1096 5178 1361 5250 prioribus
1387 5176 1586 5247 gratias
1615 5174 1794 5230 reddi-

207 5278 306 5334 dit.
355 5275 458 5331 Sed
505 5283 561 5328 ut
589 5273 922 5327 manifestior
956 5272 1106 5325 nobis
1134 5271 1222 5325 ille
1254 5282 1434 5324 sermo
1464 5268 1587 5332 fiat,
1614 5281 1793 5335 operae

211 5367 440 5439 pretium
462 5374 544 5419 est
567 5405 582 5429 ,
613 5374 670 5418 ut
695 5362 903 5417 initimn
931 5377 1115 5416 eorum
1143 5376 1261 5431 quae
1291 5357 1450 5414 hodie
1478 5357 1614 5410 lecta
1641 5365 1790 5422 sunt,

209 5457 417 5515 caritati
470 5467 661 5510 vestra:
705 5468 1019 5523 proponam.
1075 5452 1207 5507 Nam
1259 5458 1536 5522 postquam
1565 5462 1630 5502 es
1668 5461 1792 5502 arca

210 5551 375 5609 exivit
410 5549 701 5604 secundum
744 5546 1051 5602 mandatum
1080 5545 1283 5600 Domini
1313 5585 1328 5608 ,
1375 5557 1498 5598 cum
1546 5540 1668 5595 filiis
1691 5580 1706 5606 ,
1738 5548 1794 5594 et

211 5659 308 5701 sua
335 5656 531 5707 uxore,
563 5649 618 5696 et
642 5639 897 5695 uxoribus
926 5639 1153 5694 ﬁliorum
1193 5651 1434 5702 suorum,
1465 5643 1520 5689 et
1545 5631 1792 5688 omnibus

215 5735 342 5792 leris
365 5741 420 5788 et
445 5730 748 5787 volatilibus
771 5773 786 5796 ,
832 5739 886 5785 et
933 5738 1054 5800 post
1094 5742 1370 5799 egressum
1395 5725 1600 5796 accepit
1625 5737 1655 5777 a
1680 5721 1792 5778 Deo

216 5819 641 5883 benedictionem
687 5820 829 5876 illam
871 5829 1072 5875 tantum
1114 5818 1213 5874 sibi
1259 5816 1565 5873 afl'ercntem
1590 5816 1791 5874 solatii:

1221 425 1290 482 IN
1327 425 1480 483 CAP.
1524 423 1656 480 Vlll.
1696 422 1939 480 GENES.
1981 422 2212 480 IIOMIL.
2241 421 2456 479 XXVII.

3385 424 3491 480 212

1903 535 1984 591 his
2005 536 2183 592 verbis
2208 535 2455 592 :Crescite
2474 545 2521 593 et
2541 536 2967 607 multiplicamini,
2987 537 3188 594 docetis
3216 552 3317 595 nos
3339 539 3486 595 Scri-

1899 637 2050 694 ptura
2094 625 2222 695 justi
2263 634 2470 695 gratum
2498 626 2734 680 animum
2755 667 2771 691 ,
2812 626 2940 682 dicit
2972 645 2986 680 ε
3013 626 3105 683 «ιο.
3139 628 3490 697 Εισάὶβιιηνὶι

1908 715 2023 769 Noe
2047 716 2210 768 altare
2240 715 2492 782 Domino,
2533 727 2579 769 et
2614 716 2808 785 accepit
2847 719 2910 772 de
2951 718 3181 774 omnibus
3230 721 3490 788 pecoribus

1899 805 2121 871 mundis,
2144 814 2190 858 et
2220 805 2283 859 de
2301 803 2528 858 omnibus
2557 806 2842 860 volatilibus
2861 808 3084 874 mundis,
3114 818 3159 862 et
3187 809 3365 863 obtulit
3389 811 3480 863 lio-

1903 895 2178 949 locaustttm
2219 912 2370 966 super
2397 895 2579 950 altare.
2621 896 2929 967 .Diligenter
2965 899 3246 954 considera
3273 941 3289 968 ,
3317 903 3485 956 caris-

1896 987 2072 1053 sime,
2116 1002 2185 1042 ex
2227 988 2576 1057 praesentibus
2607 989 2820 1055 verbis,
2873 988 3142 1059 quomodo
3192 990 3245 1046 in
3296 1001 3484 1048 natura

1898 1086 2076 1131 nostra
2102 1080 2342 1133 omnium
2358 1077 2616 1134 Conditor
2641 1079 2832 1134 insevit
2855 1091 3055 1135 certam
3079 1082 3296 1138 virtutis
3321 1083 3489 1138 scien.

1898 1165 2045 1222 tiam.
2074 1167 2224 1222 Unde
2254 1169 2393 1222 enim
2422 1213 2436 1235 ,
2478 1168 2563 1224 die
2582 1211 2596 1234 ,
2625 1183 2742 1236 oro,
2770 1169 2916 1240 justo
2940 1171 3013 1225 illi
3047 1172 3146 1226 hoc
3173 1174 3226 1228 in
3251 1185 3485 1230 mentem

1895 1256 2171 1311 venisset?
2211 1257 2396 1312 Nullus
2434 1271 2550 1314 erat
2578 1259 2713 1315 alius
2741 1276 2898 1331 quem
2929 1262 3150 1316 videret.
3197 1264 3302 1320 Sed
3343 1266 3487 1322 sicut

1895 1343 1949 1398 in
1980 1346 2243 1415 principio
2270 1348 2404 1404 Abel
2450 1349 2538 1405 ille
2570 1351 2722 1418 primi
2765 1352 2995 1407 hominis
3040 1353 3211 1416 illius,
3245 1368 3273 1409 a
3306 1356 3484 1426 seipso

1895 1438 2251 1493 commonitus
2273 1477 2291 1504 ,
2337 1454 2524 1508 magna
2553 1438 2825 1509 diligentia
2854 1441 3178 1498 obiationem
3209 1445 3434 1513 perfecit
3467 1462 3479 1499 :

1895 1527 1974 1582 sic
2001 1530 2184 1598 utique
2213 1545 2354 1585 nunc
2379 1540 2433 1585 et
2467 1531 2646 1602 justus
2675 1533 2763 1586 ille
2787 1573 2803 1600 ,
2831 1548 2927 1589 sua
2955 1536 3231 1588 voluntate
3254 1545 3310 1590 et
3335 1535 3481 1589 arbi-

1894 1617 1999 1672 trio
2023 1634 2155 1673 sano
2178 1659 2196 1684 ,
2241 1630 2496 1691 quantum
2543 1621 2791 1679 humanis
2821 1624 3020 1680 viribus
3063 1628 3273 1693 potuit.
3322 1638 3484 1697 utque

1895 1708 2193 1763 faciendum
2239 1713 2474 1779 putavit,
2509 1712 2737 1769 Domino
2766 1728 2862 1784 per
2889 1713 3148 1770 saerificia
3191 1718 3482 1785 gratiarum

1893 1798 2157 1854 actionem
2186 1800 2387 1856 retulit.
2407 1801 2477 1856 Et
2505 1803 2626 1858 vide
2653 1812 2850 1874 quanta
2880 1804 3143 1876 sapientia
3169 1807 3483 1877 exsequiur

1893 1891 2091 1944 omnia.
2124 1891 2307 1962 Neque
2328 1894 2470 1949 enim
2501 1893 2783 1964 splendido
2807 1907 2944 1966 opus
2975 1895 3201 1950 habebat
3230 1897 3480 1961 aedificio,

1894 1995 2067 2050 neque
2123 1982 2357 2052 templo,
2414 1999 2593 2054 neque
2645 1984 2807 2040 domo
2856 1985 3104 2054 quapiam
3155 1984 3481 2047 admirabili,

1893 2085 2067 2141 neque
2088 2071 2195 2126 alio
2221 2073 2410 2142 quovis
2442 2092 2455 2126 :
2488 2074 2693 2130 sciebat
2720 2075 2861 2130 enim
2887 2116 2901 2142 ,
2928 2075 3133 2130 sciebat
3161 2076 3344 2147 utique
3371 2075 3480 2130 Do-

1891 2165 2093 2218 minum
2135 2174 2371 2221 mentem
2405 2166 2573 2221 solam
2616 2167 2926 2237 requirere;
2973 2175 3032 2223 et
3073 2166 3362 2223 exstructo
3395 2178 3480 2222 tu-

1892 2255 2173 2310 multuaria
2214 2270 2377 2325 opera
2420 2257 2612 2325 altari,
2653 2272 2774 2312 cum
2818 2259 3116 2328 accepisset
3141 2259 3387 2330 quadam
3413 2277 3479 2316 es

1891 2348 2208 2402 animalibus
2236 2349 2448 2405 mundis
2471 2391 2486 2413 ,
2533 2359 2589 2405 et
2622 2365 2692 2404 ex
2735 2350 2920 2405 avibus
2946 2351 3196 2419 mundis,
3225 2351 3467 2407 holocau-

1891 2447 2033 2492 stum
2070 2438 2299 2505 obtulit,
2345 2449 2661 2510 gratamque
2708 2455 2858 2496 suatn
2907 2440 3238 2497 voluntatem
3284 2451 3483 2512 quanta

1893 2530 2062 2600 potuit
2105 2531 2238 2585 facu'
2269 2539 2353 2588 ate
2393 2531 2670 2588 ostendit:
2710 2546 2868 2603 quam
2919 2533 3226 2603 approbans
3273 2533 3483 2588 miseri-

1890 2635 2012 2675 cors
2034 2620 2174 2676 Deus
2202 2631 2257 2677 et
2284 2623 2610 2677 voluntatem
2645 2624 2961 2688 coronavit,
3007 2633 3062 2678 et
3103 2624 3300 2680 iterum
3329 2637 3483 2678 suam

1891 2712 2261 2770 liberalitatem
2290 2729 2417 2786 erga
2446 2715 2596 2770 illum
2625 2714 2936 2771 declaravit.
2987 2715 3125 2770 Dicit
3159 2716 3304 2770 enim
3335 2713 3482 2770 Scri—

1893 2816 2046 2875 ptura
2079 2823 2095 2861 :
2133 2805 2224 2861 2i.
2255 2806 2324 2860 Et
2360 2807 2602 2861 odoratus
2629 2816 2702 2861 est
2729 2805 2977 2861 Dominus
3003 2806 3212 2862 odorem
3239 2810 3482 2877 fragran-

1892 2897 1993 2950 tia.
2052 2895 2183 2952 Vide
2229 2897 2497 2967 quomodo
2543 2898 2754 2952 animus
2802 2897 3078 2953 offerentis
3132 2896 3378 2962 fumum,
3426 2907 3481 2953 et

1893 2987 2133 3043 nidorem
2160 3029 2175 3054 ,
2214 2997 2269 3045 et
2292 3003 2507 3044 omnem
2534 3004 2654 3061 quae
2684 2990 2808 3044 inde
2837 2991 3076 3045 nascitur
3101 2990 3477 3045 insnavitatcm

1892 3078 2055 3133 multa
2084 3078 2373 3148 fragrantia
2402 3079 2659 3151 implevit.
2704 3079 2908 3136 idcirco
2936 3090 2992 3136 et
3015 3080 3212 3136 Paulus
3239 3081 3484 3136 scribens

1889 3168 2101 3225 dicebat
2130 3186 2144 3223 :
2172 3168 2349 3224 Bonus
2376 3171 2502 3225 odor
2528 3170 2716 3226 Christi
2746 3187 2924 3226 sumus
2947 3213 2963 3239 ,
2994 3173 3049 3226 in
3072 3172 3135 3226 iis
3160 3172 3245 3241 qui
3271 3172 3481 3228 saluan-

1893 3271 2008 3328 tur,
2048 3271 2095 3316 et
2135 3262 2188 3315 in
2218 3263 2281 3316 iis
2309 3263 2395 3332 qui
2425 3273 2632 3332 pereunt
2658 3278 2680 3318 :
2715 3273 2762 3318 et
2803 3265 2866 3318 iis
2907 3265 3111 3333 quidem
3147 3263 3278 3319 odor
3305 3265 3484 3319 mortis

1890 3355 1945 3408 in
1971 3364 2203 3419 mortem,
2231 3354 2335 3408 illis
2358 3365 2528 3408 autem
2553 3354 2680 3409 odor
2706 3354 2820 3408 vim
2841 3356 2893 3409 in
2919 3355 3092 3409 vitam.
3119 3353 3341 3410 Odorem
3369 3359 3478 3426 frs-

1891 3446 2138 3516 grantioz‘
2169 3445 2245 3518 (2.
2277 3445 2398 3499 Cor.
2430 3445 2486 3500 3.
2516 3445 2632 3515 15.)

1962 3538 2066 3594 Cur
2093 3537 2231 3593 Deus
2257 3538 2512 3607 sacrificia
2540 3538 2777 3610 exegerit.
2805 3537 3129 3593 Circumcisio
3157 3539 3288 3593 nihil
3329 3540 3484 3610 perﬁ-

1892 3648 2002 3686 cere
2027 3640 2189 3702 potest
2214 3631 2283 3684 ad
2306 3632 2539 3685 salutem.
2573 3660 2648 3671 —
2696 3630 2774 3686 Ne
2803 3630 3093 3686 oﬂ'endaris
3133 3630 3300 3685 verbo
3338 3645 3484 3686 cns-

1892 3723 2034 3780 siore
2063 3737 2080 3776 :
2107 3721 2202 3778 sed
2235 3721 2393 3793 hujus
2418 3724 2564 3778 verbi
2610 3731 3016 3793 attemperatam
3065 3723 3328 3778 rationem
3379 3734 3480 3778 Illa:

1894 3816 2188 3873 inﬁrmitati
2215 3813 2529 3873 adscribens
2552 3817 2784 3887 intellige
2813 3817 2955 3884 hinc,
3006 3827 3279 3888 acceptam
3321 3817 3483 3871 fuisse

1896 3910 2008 3966 Deo
2032 3911 2358 3966 oblationem
2403 3910 2555 3981 justi.
2609 3909 2679 3965 Ut
2701 3910 2843 3966 enim
2882 3925 2978 3981 per
3004 3925 3094 3965 res
3115 3910 3258 3980 ipsas
3284 3908 3486 3964 sciatur

1895 4001 2181 4057 Dominum
2212 4002 2406 4056 nullius
2435 4001 2693 4072 indigere,
2723 4011 2776 4057 et
2797 4011 3012 4072 propter
3032 3999 3166 4056 nihil
3194 3998 3338 4056 aliud
3369 3998 3485 4054 hare

1896 4093 2009 4149 ﬁeri
2040 4094 2346 4161 permisisse
2371 4135 2386 4159 ,
2412 4108 2570 4164 quam
2590 4101 2648 4149 ut
2669 4092 2912 4148 homines
2931 4091 2997 4148 ad
3013 4101 3222 4162 gratum
3246 4092 3483 4147 animum

1893 4184 2184 4240 adduceret
2217 4201 2230 4237 :
2267 4191 2548 4254 propterea
2597 4183 2867 4240 concessit
2907 4189 2966 4238 ut
3021 4183 3144 4254 igne
3188 4196 3482 4237 consume-

1896 4287 2101 4344 rentur,
2125 4285 2183 4332 ut
2209 4292 2274 4332 es
2309 4277 2375 4332 iis
2421 4291 2543 4347 qum
2587 4275 2721 4331 ilunt
2746 4317 2762 4341 ,
2789 4274 3000 4330 discant
3027 4275 3064 4329 ii
3089 4274 3180 4345 qui
3224 4273 3480 4340 oll'erunt,

1894 4374 2071 4427 omnia
2103 4383 2317 4442 propter
2340 4386 2526 4428 eorum
2553 4356 2836 4426 utilitatem
2872 4370 3010 4425 fieri.
3036 4369 3216 4438 Quare
3259 4381 3437 4425 autem
3464 4413 3479 4436 ,

1895 4463 2002 4530 die,
2031 4477 2235 4534 quaeso,
2268 4462 2384 4517 hmo
2434 4461 2550 4517 ﬁeri
2589 4461 2810 4517 omnino
2856 4461 3114 4531 permittit
3139 4460 3164 4515 ‘l
3189 4459 3256 4514 Et
3297 4459 3349 4513 in
3380 4459 3484 4513 hoc

1900 4566 2097 4610 nostra:
2127 4555 2450 4608 infirmitatis
2473 4553 2700 4607 habetur
2723 4551 2878 4606 ratio.
2902 4549 3035 4616 Quia
3067 4549 3215 4605 enim
3235 4547 3485 4604 homines

1896 4647 2146 4719 paulatim
2174 4662 2202 4700 a
2227 4661 2355 4700 vero
2383 4643 2475 4700 Dei
2502 4642 2646 4698 cultu
2674 4641 2930 4697 defecturi
2957 4649 3134 4706 erant,
3151 4649 3209 4696 et
3226 4640 3327 4694 sibi
3348 4639 3481 4695 deos

1895 4739 2219 4809 cooptaturi,
2247 4738 2440 4807 quibus
2465 4735 2723 4791 sacrificia
2745 4734 3108 4800 immolarent,
3142 4733 3290 4803 prius
3312 4733 3484 4787 voluit

1896 4839 1955 4885 ut
1977 4830 2078 4885 sibi
2110 4827 2250 4884 dona
2272 4826 2618 4892 oil'errentur,
2641 4838 2752 4894 quo
2777 4823 2862 4879 vel
2885 4824 2964 4878 sic
2984 4823 3278 4893 depelleret
3299 4837 3330 4877 a
3359 4837 3482 4893 per-

1897 4922 2100 4976 nicioso
2123 4932 2306 4974 errore
2334 4931 2428 4972 eos
2451 4916 2645 4986 quibus
2669 4913 2793 4968 inde
2823 4912 3115 4983 periculum
3142 4912 3475 4967 imminebat.

1896 5013 1963 5067 Et
2008 5021 2067 5067 ut
2117 5009 2382 5078 intelligas
2440 5007 2556 5062 hac
2592 5005 2775 5061 omnia
2820 5018 3077 5060 concessa
3104 5003 3479 5059 fuisseobno-

1895 5116 2061 5161 stram
2093 5103 2451 5158 infirmitatem
2475 5143 2490 5165 ,
2530 5099 2744 5154 attende
2786 5097 3057 5168 quomodo
3105 5106 3294 5169 postea
3339 5108 3482 5154 tem-

1899 5213 2028 5269 pore
2056 5195 2394 5266 procedente,
2428 5192 2655 5249 voluerit
2709 5189 3172 5246 circumcisionem
3216 5204 3316 5259 pro
3366 5191 3482 5261 lege

1897 5288 2078 5352 statui,
2107 5302 2212 5340 non
2239 5285 2381 5355 quod
2425 5284 2491 5338 ad
2539 5283 2731 5337 anima:
2781 5282 3005 5336 salutem
3058 5278 3318 5350 perlicere
3365 5281 3484 5338 haec

1896 5380 2065 5451 possit
2083 5376 2282 5447 aliquid
2309 5409 2325 5434 ,
2368 5371 2464 5427 sed
2502 5379 2563 5425 ut
2581 5375 2689 5430 hoc
2758 5372 2901 5445 grati
2969 5370 3132 5425 animi
3173 5370 3474 5438 indicium,

1896 5472 2046 5547 quasi
2075 5472 2285 5542 signum
2317 5477 2372 5523 ct
2398 5464 2628 5535 sigillum
2653 5462 3061 5517 circumterrent
3085 5459 3257 5516 Judazi
3281 5501 3297 5528 ,
3325 5470 3382 5516 et
3407 5475 3478 5515 ne

1888 5566 2072 5622 liceret
2095 5562 2177 5619 eis
2202 5553 2541 5618 commisceri
2569 5552 2806 5625 gentium
2831 5551 3230 5621 congressibus.

1942 5750 1958 5782 ι
1994 5745 2156 5799 Itorel.
2183 5754 2236 5797 et
2257 5743 2398 5796 savii.
2423 5742 2502 5793 hic
2523 5747 2781 5804 repetunt,
2812 5745 2858 5791 et
2878 5740 3108 5795 odoratus
3130 5749 3203 5795 est
3225 5741 3475 5798 Dominus.

1876 5811 2073 5864 odorem
2093 5808 2394 5874 fragrtmtiw,
2417 5818 2527 5870 qua:
2550 5802 2600 5855 in
2623 5811 2730 5853 Mss.
2753 5802 2950 5855 desunt.
