4080 6476
709 238 718 239 κ
743 232 784 240 ..-

686 417 790 476 εὶὶῆ

745 523 795 573 3.
828 518 955 570 Ilinc
981 516 1164 568 beatus
1195 510 1386 565 Paulus
1415 508 1618 574 signum
1666 505 1765 557 hoc
1795 511 1946 556 vocat
1969 543 1981 565 ,
2006 504 2188 555 dicens
2219 517 2229 551 :

678 608 739 661 Et
760 610 955 677 signum
986 603 1118 657 dedit
1147 597 1552 677 circuntcisionis,
1581 594 1795 661 sigillum
1827 593 2000 662 (liam.
2029 591 2080 643 4.
2103 590 2158 642 Η
2192 589 2229 656 ).

676 672 970 766 [\‘anrquod
996 693 1060 746 ad
1105 672 1357 759 justitiam
1413 685 1542 738 nihil
1597 681 1878 744 conducat,
1915 695 2041 734 ecce
2069 687 2123 732 et
2149 677 2233 730 hic

674 787 841 852 justus
867 825 882 848 ,
910 781 1137 836 nondum
1187 785 1378 831 statuta
1422 772 1846 834 circumcisiOnc,
1877 769 1943 822 atl
1997 768 2232 820 eamdem

678 876 914 941 pervenit
961 873 1226 924 virtutem.
1281 867 1345 920 Et
1389 864 1513 934 quid
1571 864 1732 915 dico?
1780 861 1894 930 Ipse
1945 857 2232 927 patriarcha

680 968 960 1026 Abraham,
991 962 1288 1031 priusquam
1320 953 1778 1010 circumcisionem
1808 952 2100 1018 acciperet.
2131 947 2234 1000 fide

676 1057 782 1110 sola
807 1053 1121 1121 iustiiieatus
1160 1057 1258 1101 est.
1295 1045 1422 1097 Nam
1455 1054 1576 1096 ante
1627 1039 2082 1093 circumcisionem
2112 1077 2125 1098 ,
2157 1037 2234 1086 in-

675 1146 804 1212 quit,
838 1142 1058 1195 Credidit
1088 1139 1338 1191 Abraham
1376 1134 1481 1186 Deo
1511 1175 1524 1196 ,
1559 1142 1604 1185 et
1633 1138 1910 1199 reputatum
1940 1136 2012 1180 est
2054 1127 2130 1177 illi
2167 1123 2234 1176 ad

674 1235 912 1295 iustitium
940 1231 1110 1299 (Rom.
1142 1229 1194 1281 Α.
1228 1228 1307 1294 3).
1339 1225 1474 1292 Quid
1528 1224 1688 1290 igitur
1717 1217 1958 1286 superbis
1986 1258 2000 1282 ,
2029 1214 2231 1278 Judac,

675 1327 725 1376 in
758 1318 1194 1376 circumcisione?
1224 1315 1376 1368 Disce
1406 1323 1527 1366 ante
1558 1312 1691 1363 hanc
1718 1309 1878 1361 fuisse
1898 1309 2068 1373 justas
2093 1304 2230 1356 mul-

673 1422 774 1464 tos.
801 1409 1008 1462 Etenim
1033 1405 1161 1459 Abel
1177 1404 1274 1456 lldc
1297 1401 1614 1455 oblationem
1633 1399 1776 1460 fecit,
1794 1391 2233 1464 quemadmodum

681 1509 734 1550 et
761 1499 952 1552 Paulus
979 1495 1106 1548 dicit
1139 1510 1152 1543 :
1187 1490 1315 1544 Fide
1355 1490 1625 1541 uberiorem
1656 1485 1864 1537 hostium
1910 1483 2085 1534 obtulit
2115 1480 2234 1532 Abel

687 1589 811 1650 Deo,
837 1603 984 1654 quam
1009 1584 1132 1639 Cain
1168 1583 1188 1652 (
1215 1581 1368 1634 Hebr.
1397 1581 1484 1634 Η.
1512 1579 1546 1632 ι
1574 1576 1627 1646 ):
1656 1587 1709 1629 et
1741 1574 1922 1627 ELOCD
1954 1571 2234 1625 translatus

673 1686 775 1742 est,
796 1688 849 1730 et
885 1675 996 1729 Noe
1038 1674 1107 1725 ob
1133 1672 1343 1724 multam
1372 1668 1625 1736 justitiam
1673 1669 2035 1731 tempestatem
2091 1660 2230 1713 illam

674 1764 1035 1831 gravissimam
1091 1759 1273 1827 ell'ugit
1302 1776 1316 1821 ;
1346 1767 1400 1810 et
1449 1754 1711 1808 Abraham
1769 1761 1890 1804 ante
1936 1745 2115 1807 hanc,
2164 1747 2233 1800 ob

679 1870 825 1906 suam
858 1852 908 1905 in
935 1853 1097 1905 Deum
1144 1849 1298 1902 [idem
1339 1847 1640 1900 celebratus
1680 1844 1800 1896 fuit.
1833 1843 1922 1893 Sic
1969 1841 2036 1891 ab
2085 1838 2233 1890 initio

675 1959 776 2009 per
806 1942 960 1995 iidem
992 1943 1276 1993 humanum
1299 1950 1464 2005 genus
1491 1937 1712 1986 salutem
1747 1939 2085 1998 assequutum
2131 1938 2228 1979 est.

675 2037 814 2087 Sane
852 2039 1130 2100 propterea
1159 2028 1395 2097 permisit
1424 2027 1680 2092 benignus
1708 2023 1957 2075 Dominus
1977 2019 2230 2073 sacrificia

672 2125 769 2174 »ιω
794 2121 992 2185 oll'erri,
1017 2130 1073 2173 ut
1100 2118 1346 2187 quoniam
1373 2125 1557 2170 natura
1587 2122 1765 2166 nostra
1797 2112 2151 2178 imperfectius
2177 2124 2234 2162 se

673 2209 1120 2272 babebat,simul
1165 2217 1221 2261 et
1267 2220 1414 2258 suam
1443 2214 1646 2272 gratam
1694 2202 2014 2255 voluntatem
2060 2199 2234 2251 decla-

677 2314 815 2361 rare,
847 2307 903 2353 et
928 2297 1188 2351 idolorum
1225 2295 1579 2364 perniciosum
1615 2292 1815 2345 cultum
1847 2290 2076 2358 elfugere
2107 2303 2230 2355 pos-

670 2391 759 2442 sit.
791 2389 922 2446 Nam
946 2390 1010 2450 si.
1038 2402 1158 2442 cum
1186 2395 1386 2438 tantum
1413 2382 1564 2436 nobis
1595 2381 1864 2434 indulserit
1897 2381 2051 2440 Deus,
2084 2378 2230 2432 multi

669 2489 845 2532 tamen
885 2492 912 2529 a
946 2478 1093 2531 ruina
1137 2476 1236 2528 sibi
1277 2489 1380 2526 non
1409 2482 1704 2527 caverunt:
1744 2470 1787 2522 si
1819 2471 1918 2522 hoc
1952 2484 2054 2520 non
2099 2466 2226 2519 fuis-

668 2578 750 2622 set
774 2568 964 2621 factum
991 2607 1008 2630 ,
1051 2581 1154 2635 quo
1191 2575 1340 2633 pacto
1375 2563 1495 2632 quis
1519 2563 1768 2615 damnum
1795 2561 1894 2613 hoc
1919 2559 2230 2628 etfugisset?

672 2655 736 2708 Et
773 2658 1008 2709 odoratus
1042 2664 1112 2708 est
1147 2653 1394 2707 Dominus
1422 2636 1558 2705 Deus
1597 2651 1796 2703 adorent
1823 2650 2132 2718 fragrantia.
2163 2649 2230 2700 At

668 2763 773 2799 non
805 2748 872 2800 ita
909 2757 986 2800 est
1015 2745 1081 2799 de
1112 2746 1327 2813 ingratis
1349 2742 1546 2796 Judazis
1574 2758 1588 2793 :
1617 2739 1710 2794 sed
1749 2739 2047 2808 quomodo?
2095 2736 2229 2789 Audi

668 2835 975 2904 prophetam
1015 2834 1276 2887 dicentem
1321 2849 1334 2882 :
1378 2830 1675 2898 Thymiama
1719 2828 1771 2878 in
1814 2826 2231 2879 abominationem

665 2924 789 2975 mild
816 2932 884 2976 est
913 2921 1060 2990 (lsai.
1097 2923 1145 2973 l.
1177 2920 1260 2986 15)
1295 2936 1308 2971 :
1343 2918 1490 2986 quasi
1520 2915 1763 2971 ostendat
1788 2915 2070 2967 voluntatis
2099 2911 2229 2965 oile-

667 3011 890 3063 rentium
913 3009 1178 3062 malitiam.
1211 3005 1662 3073 Quemadmodum
1694 3006 1833 3056 enim
1865 3003 2092 3069 liicjusti
2125 3002 2230 3053 vir-

666 3108 753 3152 tus
788 3099 988 3152 fumum
1015 3108 1070 3152 et
1112 3097 1350 3150 nidorem
1393 3095 1514 3147 fecit
1538 3093 1753 3147 odorem
1786 3090 2085 3159 fragrantia:
2113 3107 2126 3143 :
2154 3091 2229 3142 sic

665 3189 802 3256 apud
836 3189 953 3241 illos
982 3188 1311 3241 offerentium
1348 3186 1577 3252 nequitia
1609 3183 1743 3236 bene
1773 3182 1919 3234 olens
1946 3180 2226 3249 thymiama

671 3279 725 3330 in
772 3275 1173 3330 abominabilem
1226 3273 1443 3328 odorem
1493 3271 1772 3325 convertit.
1833 3269 1990 3338 Igitur
2039 3271 2228 3336 ubique

662 3366 985 3428 studeamns,
1012 3381 1209 3434 quaeso,
1234 3374 1463 3418 mentem
1489 3362 1678 3416 afferre
1705 3361 2082 3429 incorrupuun.
2106 3361 2227 3414 lla‘c

662 3456 802 3509 enim
832 3471 984 3509 causa
1017 3463 1098 3508 cst
1131 3454 1368 3507 omnium
1413 3453 1690 3505 bonorum.
1739 3450 1914 3503 Bonus
1943 3451 2080 3502 enim
2121 3451 2226 3503 Do.

663 3547 837 3599 minus
881 3561 982 3598 non
1029 3545 1302 3599 consuevit
1345 3543 1620 3598 attendere
1661 3541 1726 3594 ad
1766 3556 1827 3593 ea
1871 3557 1986 3608 qua:
2015 3556 2042 3592 a
2075 3540 2225 3592 nobis

662 3638 810 3698 fiunt,
828 3635 918 3690 sed
936 3635 998 3688 ad
1021 3634 1278 3688 internrm
1297 3642 1544 3694 mentem,
1563 3647 1590 3684 a
1608 3645 1727 3700 qua,
1749 3639 1802 3684 ut
1819 3629 1931 3683 base
1953 3629 2221 3694 faciamus,

662 3727 1000 3795 impellimur,
1029 3735 1082 3779 et
1109 3725 1171 3778 ad
1202 3726 1334 3778 hanc
1362 3733 1603 3792 Spectans
1635 3723 1715 3774 vel
1745 3721 2000 3790 approbat
2019 3735 2077 3772 ea
2105 3733 2222 3788 qua:

660 3832 689 3868 a
720 3816 869 3870 nobis
898 3815 1023 3868 fiunt
1050 3855 1064 3877 ,
1106 3816 1185 3868 vel
1217 3823 1507 3868 aversatur.
1567 3812 1745 3880 Itaque
1786 3814 1895 3866 sive
1927 3825 2219 3880 precemur,

658 3907 770 3961 sive
809 3906 1148 3975 jejunemus,
1193 3906 1304 3959 sive
1347 3905 1734 3972 eleemosynam
1767 3901 2017 3959 faciamus
2059 3902 2222 3969 (ipsa:

657 3995 796 4051 enim
847 4003 970 4048 sunt
1022 3994 1318 4063 spirituales
1367 4002 1559 4046 nostra:
1609 3991 1877 4059 hostia),
1925 3990 2036 4042 sive
2083 3987 2221 4041 aliud

657 4087 927 4154 spirituale
953 4084 1213 4155 quoddam
1234 4099 1364 4153 opus
1392 4083 1661 4145 faciamus,
1694 4082 1791 4135 hoc
1813 4081 2064 4134 faciamus
2087 4079 2219 4132 bona

660 4185 838 4229 mente
881 4177 1076 4229 incitati
1109 4191 1122 4228 :
1153 4183 1206 4225 ut
1252 4183 1305 4226 et
1355 4173 1626 4225 laboribus
1669 4174 1876 4239 dignam
1933 4169 2222 4224 referamus

657 4278 929 4317 coronam.
954 4263 1106 4317 Esset
1136 4265 1275 4316 enim
1307 4262 1702 4328 perabsurdum,
1725 4262 1952 4314 laborem
1981 4276 2074 4314 nos
2099 4275 2217 4314 snso

656 4356 850 4419 linere,
883 4363 937 4409 et
975 4353 1216 4408 mercede
1256 4351 1521 4414 fraudari,
1568 4354 1609 4405 si
1639 4354 1846 4420 quidem
1879 4367 1982 4405 non
2029 4367 2218 4406 secun—

656 4445 782 4497 dum
825 4445 968 4512 leges
1010 4443 1076 4496 ab
1121 4443 1212 4496 illo
1259 4443 1408 4494 nobis
1435 4442 1584 4494 datas
1617 4445 1860 4494 virtutem
1891 4455 2216 4495 exercemus.

659 4532 798 4588 Fieri
839 4542 1010 4585 autem
1044 4541 1213 4599 potest
1235 4532 1301 4583 ob
1331 4547 1569 4598 magnam
1597 4532 1687 4584 Dei
1721 4532 2093 4599 benignitatem
2120 4571 2134 4595 ,
2165 4540 2219 4583 ut

656 4638 816 4691 opere
863 4623 1095 4676 nondum
1140 4622 1444 4691 completo,
1495 4638 1744 4676 coronam
1790 4625 1904 4689 quis
1933 4625 2154 4691 accipiat
2188 4639 2216 4676 a

655 4715 768 4769 sola
799 4714 881 4782 pia
909 4722 1102 4767 mente.
1151 4714 1212 4765 Et
1240 4720 1295 4765 ut
1323 4712 1421 4765 hoc
1449 4713 1622 4766 discas
1646 4754 1658 4773 ,
1689 4713 1904 4764 adverte
1929 4752 1942 4775 ,
1973 4713 2216 4775 obsecro,

655 4805 756 4858 hoc
799 4804 850 4855 in
892 4803 1244 4871 eleemosyna.
1291 4801 1421 4855 Nam
1466 4802 1508 4855 si
1553 4802 1762 4870 quando
1787 4802 1934 4854 vides
1959 4801 2218 4868 jacentem

655 4897 710 4948 in
733 4893 846 4947 foro
867 4933 881 4957 ,
909 4903 960 4947 et
989 4903 1220 4947 extrema
1252 4894 1424 4961 inapia
1454 4893 1749 4957 detentum,
1775 4903 1826 4947 et
1853 4892 2122 4959 condoles,
2155 4909 2218 4947 ac

654 4995 831 5042 mente
859 4986 910 5038 in
939 4986 1123 5038 caelum
1163 4985 1366 5040 sublata
1408 4985 1601 5053 gratias
1642 4999 1753 5052 agis
1796 4985 2054 5045 Domino,
2107 4993 2216 5037 tum

657 5085 873 5145 propter
898 5089 957 5128 ea
985 5091 1101 5144 qua:
1131 5074 1222 5127 tibi
1248 5088 1500 5127 concessa
1534 5082 1689 5135 sunt,
1723 5084 1830 5127 tum
1884 5084 2098 5143 propter
2139 5075 2217 5126 in-

651 5166 768 5234 opis
796 5164 1100 5234 patientiam
1124 5182 1135 5217 :
1162 5164 1368 5216 etiamsi
1393 5177 1495 5215 non
1520 5165 1689 5230 possis
1715 5165 1926 5230 explere
1951 5173 2004 5217 et
2030 5163 2217 5218 sedare

653 5255 789 5308 illius
820 5254 1031 5318 famem,
1063 5266 1277 5323 propter
1306 5254 1498 5306 bonum
1531 5255 1853 5321 propositum
1881 5271 2217 5308 consumma-

654 5354 759 5397 tam
800 5343 1022 5412 recipies
1066 5342 1382 5396 mercedem.
1441 5344 1506 5396 Et
1548 5358 1610 5396 ea
1649 5343 1714 5396 dc
1762 5359 1917 5396 causa
1964 5346 2215 5398 Dominus

651 5449 857 5502 quoque
885 5433 1089 5488 diecbat
1126 5449 1137 5485 :
1171 5433 1230 5486 Si
1273 5434 1382 5498 quis
1413 5445 1582 5500 patum
1619 5436 1808 5487 dederit
1837 5437 2039 5487 calicem
2074 5452 2216 5502 aqua:

652 5524 853 5591 frigidae
880 5533 1070 5576 tantum
1095 5524 1148 5575 in
1191 5525 1388 5575 nomine
1420 5525 1687 5592 discipuli,
1730 5541 1871 5576 amen
1909 5526 2017 5578 dico
2056 5527 2210 5586 vobis,

652 5630 756 5673 non
784 5617 950 5679 perdet
982 5611 1253 5665 mercedem
1280 5628 1421 5665 suam
1449 5613 1653 5682 (Matth.
1678 5617 1761 5667 10.
1786 5617 1896 5679 4‘2).
1933 5614 2062 5667 Num
2093 5615 2214 5682 quid

661 5707 849 5782 poculo
876 5722 1023 5778 aqua:
1052 5709 1247 5780 frigida:
1280 5708 1527 5762 tenuius?
1564 5709 1667 5763 Sed
1696 5709 1902 5762 animus
1933 5709 2045 5778 pius
2069 5723 2202 5763 mer-

1438 409 1495 464 S.
1537 402 1814 462 JOANNIS
1852 395 2314 454 υιιιιῑδοδτοιιι
2355 397 2665 452 AliCHIEP.
2705 394 3231 454 CONSTANTINOP.

3805 387 3898 442 ΞΗ

2332 509 2516 562 cedem
2551 510 2670 564 inde
2708 509 2805 562 sibi
2846 510 3110 563 conciliat.
3166 507 3274 562 [loc
3303 515 3357 562 et
3396 507 3448 560 in
3477 505 3723 577 apposito
3753 506 3888 560 irc-

2334 601 2555 653 niemus.
2585 601 2769 668 Opera:
2795 600 3019 668 pretium
3046 602 3184 651 enim
3211 607 3326 662 est,
3359 607 3414 649 nt
3442 597 3511 652 de
3538 597 3600 650 iis
3625 598 3893 662 loquamur

2331 691 2534 744 caritati
2583 701 2805 754 vestrm,
2855 705 2962 759 quo
3002 690 3150 742 vobis
3189 689 3300 742 hate
3330 697 3575 743 accurate
3609 687 3893 741 scientibus

2333 781 2606 848 probitatis
2647 791 2877 833 tutamen
2907 780 3243 848 comparetis.
3275 778 3408 833 Audi
3437 778 3576 832 enim
3608 776 3735 846 quid
3761 776 3895 830 dicat

2328 871 2568 925 Christus
2607 888 2620 924 :
2653 872 2754 934 Qui
2795 872 2994 939 respicit
3041 872 3295 924 mulierem
3341 870 3411 922 ad
3449 869 3895 936 concupiscendum

2328 977 2438 1012 eam
2464 1001 2477 1020 ,
2518 963 2628 1028 jam
2661 961 2932 1014 namcliatns
2970 971 3038 1013 est
3070 977 3179 1013 eam
3219 961 3269 1012 in
3305 961 3456 1013 corde
3480 975 3572 1012 sua
3604 958 3818 1025 (Matth.
3844 959 3889 1010 5.

2326 1048 2439 1114 28).
2473 1048 2628 1101 Vides
2654 1057 2709 1103 et
2752 1049 2836 1102 hic
2873 1051 3063 1102 iterum
3090 1050 3278 1101 malam
3321 1056 3554 1102 mentem
3586 1048 3734 1115 sequi
3766 1063 3890 1099 con-

2327 1137 2718 1191 demnationem
2746 1180 2758 1202 ,
2791 1149 2846 1193 et
2869 1141 2937 1194 ob
2963 1139 3404 1193 inconsideratum
3432 1138 3678 1190 intuitum
3704 1178 3717 1197 ,
3751 1139 3892 1204 quasi

2327 1228 2646 1297 completum
2673 1238 2815 1281 esset
2841 1228 3085 1283 adulterii
3107 1244 3260 1296 opus,
3296 1228 3761 1298 pmnaurinfcrri?
3795 1228 3890 1279 lu-

2327 1333 2431 1386 que
2459 1333 2578 1372 cum
2621 1318 2734 1372 bzec
2775 1320 3010 1372 sciamus
3035 1359 3048 1382 ,
3101 1318 3332 1388 undique
3375 1331 3610 1372 mentem
3665 1328 3893 1371 nostram

2330 1407 2464 1461 bene
2495 1409 2793 1461 muniamus
2813 1449 2828 1471 ,
2865 1417 2920 1460 ut
2959 1422 3052 1475 per
3077 1421 3193 1462 eam
3225 1406 3353 1461 flant
3383 1416 3599 1474 accepta
3629 1421 3748 1475 quae
3775 1406 3894 1459 [aci-

2329 1510 2466 1547 mus.
2517 1497 2645 1548 Nam
2688 1497 2732 1548 si
2781 1496 2979 1548 fummn
3009 1506 3060 1548 et
3099 1495 3336 1550 nidorem
3382 1496 3536 1548 vertit
3581 1497 3632 1547 in
3677 1495 3894 1548 odorem

2329 1583 2645 1652 fragrantia,
2673 1586 2795 1651 quid
2826 1601 2928 1637 non
2957 1601 2986 1636 e
3011 1586 3270 1652 spirituali
3295 1594 3478 1639 nostra
3506 1585 3702 1638 faceret
3727 1588 3890 1637 cultu.

2327 1682 2380 1725 ct
2407 1684 2654 1739 quantam
2695 1689 2798 1725 non
2845 1675 3064 1741 gratiam
3113 1674 3315 1726 caelitus
3352 1672 3505 1726 nobis
3553 1675 3894 1740 procuraret?

2328 1760 2391 1812 Et
2407 1761 2646 1814 adoratus
2671 1773 2764 1826 est,
2795 1764 2980 1829 inquit,
3016 1762 3260 1814 Dominus
3279 1761 3415 1815 Deus
3437 1765 3640 1814 odorem
3665 1765 3896 1829 fragran-

2327 1851 2426 1903 τὴν.
2478 1850 2660 1904 Vidisti
2697 1867 2812 1920 qua:
2840 1852 3024 1905 fecerit
3045 1854 3220 1916 justus
3247 1892 3262 1914 ,
3307 1853 3571 1920 quomodo
3595 1893 3610 1913 ,
3641 1862 3895 1920 quantum

2326 1940 2391 1993 ad
2436 1950 2712 1994 externum
2759 1942 3116 2009 spectaculum
3168 1942 3425 2010 pertinet,
3475 1956 3586 1994 rem
3637 1956 3892 2008 parvam;

2325 2038 2578 2097 quantum
2606 2039 2780 2083 autem
2826 2031 2890 2082 ad
2933 2033 3200 2093 animum,
3241 2030 3626 2099 permagnam?
3668 2031 3895 2083 Attende

2329 2128 2503 2172 autem
2529 2119 2779 2187 deinceps
2808 2121 3116 2174 immensam
3143 2120 3420 2174 clementis
3450 2120 3657 2172 Domini
3688 2120 3893 2173 bonita-

2326 2213 2451 2258 tem.
2503 2204 2565 2256 Et
2594 2207 2722 2259 dixit
2753 2205 2994 2260 Dominus
3033 2206 3167 2259 Deus
3195 2210 3249 2260 in
3287 2219 3448 2260 mente
3469 2225 3562 2260 su!
3599 2224 3618 2261 :
3657 2209 3749 2261 21.
3776 2209 3894 2261 Non

2323 2295 2559 2363 adjiciam
2599 2299 2827 2371 ultra\ut
2872 2295 3167 2348 maledicam
3209 2307 3353 2350 terra
3395 2307 3596 2364 propter
3625 2314 3779 2364 opera
3805 2299 3892 2351 lto-

2324 2385 2544 2448 minum,
2593 2386 2709 2452 quia
2751 2387 2987 2437 incumbit
3025 2403 3159 2438 mens
3195 2387 3409 2438 hominis
3441 2388 3628 2439 intente
3665 2390 3717 2438 in
3759 2390 3892 2438 mula

2322 2490 2471 2541 opera
2500 2491 2529 2525 τι
2554 2476 2828 2544 juventute.
2878 2474 2996 2528 Non
3034 2476 3185 2546 igitur
3223 2477 3494 2546 adjiciam,
3539 2487 3590 2529 ut
3620 2479 3893 2543 percutiam

2323 2580 2514 2615 omnem
2540 2580 2736 2617 carnem
2768 2567 3004 2618 viventem
3028 2606 3041 2625 ,
3073 2570 3201 2618 sicut
3230 2566 3329 2632 [cci
3348 2605 3363 2631 ,
3405 2565 3494 2618 22.
3527 2566 3757 2619 omnibus
3781 2569 3888 2619 die-

2321 2654 2411 2704 bus
2437 2663 2596 2706 term.

2399 2821 2450 2874 4.
2480 2819 2716 2889 Magnum
2740 2820 3098 2874 beneficentia:
3127 2818 3360 2886 pondus;
3393 2825 3576 2889 ingens
3601 2820 3896 2874 clementia:

2325 2911 2671 2979 magnitudo;
2706 2911 2984 2963 iuethbilis
3037 2912 3327 2964 tolerantiae
3378 2911 3770 2976 exsuperantia.
3833 2910 3897 2963 Et

2328 2995 2452 3049 dixit
2479 2997 2721 3051 Dominus
2751 2998 2884 3052 Deus
2913 3000 2962 3050 in
2992 3011 3151 3051 mcnte
3177 3015 3286 3050 sua.
3324 2997 3474 3059 Illud,
3505 2997 3570 3050 In
3601 3009 3761 3051 mente
3779 3015 3894 3062 sua,

2329 3087 2516 3142 iterum
2543 3089 2773 3143 humano
2797 3105 2941 3143 more
2972 3090 3117 3154 dicit,
3149 3101 3204 3144 et
3223 3092 3370 3159 quasi
3399 3101 3637 3143 naturam
3661 3101 3894 3144 DOSII'.tlll

2329 3181 2635 3248 respiciens.
2696 3181 2813 3233 Non
2863 3183 3100 3248 adjiciam
3137 3183 3270 3233 ultra
3312 3192 3366 3233 ut
3415 3183 3706 3234 maledicam
3753 3193 3896 3234 terra:

2329 3280 2529 3337 propter
2563 3287 2714 3337 opera
2745 3271 3019 3323 hominum.
3080 3272 3144 3324 Et
3171 3271 3368 3324 homini
3387 3312 3404 3336 ,
3443 3272 3532 3340 qui
3561 3273 3761 3340 primus
3787 3273 3896 3326 for-

2320 3368 2496 3411 matus
2523 3370 2605 3412 est
2629 3401 2642 3420 ,
2691 3360 2899 3412 dieebat
2922 3401 2935 3423 ,
2968 3376 3087 3413 cum
3119 3361 3190 3413 illi
3218 3361 3557 3414 malediceret
3584 3378 3596 3412 :
3629 3361 3817 3428 Spinas
3847 3371 3895 3416 et

2327 3451 2534 3505 tribulos
2578 3453 2872 3520 germinabit
2918 3453 3004 3503 tibi
3037 3451 3253 3520 (Cenes.
3284 3453 3336 3507 5.
3378 3452 3461 3506 18.
3498 3463 3544 3505 et
3572 3449 3796 3522 4.12);
3839 3464 3895 3507 et

2323 3540 2489 3592 (Zaino
2510 3542 2769 3594 similiter.
2799 3542 2930 3608 Quia
2951 3551 3123 3594 autem
3140 3557 3279 3595 nunc
3303 3557 3636 3596 communem
3654 3543 3893 3598 omnium

2325 3629 2591 3684 invexerat
2633 3630 2900 3685 interitum
2928 3671 2942 3694 ,
2993 3642 3046 3683 nt
3075 3631 3489 3686 consolationem
3535 3632 3623 3686 det
3659 3633 3801 3701 justo
3841 3646 3895 3687 et

2325 3719 2565 3772 fiduciam
2595 3720 2641 3772 ei
2668 3719 2862 3784 addat,
2915 3735 2981 3772 ne
3022 3719 3159 3773 forte
3201 3721 3394 3788 cogitet
3442 3720 3578 3786 apud
3625 3735 3718 3783 se,
3764 3720 3893 3786 Qua

2322 3809 2515 3860 utilitas
2540 3808 2676 3862 datze
2707 3808 3136 3862 benedictionis?
3167 3817 3217 3862 et
3244 3809 3382 3878 quod
3413 3809 3637 3874 dixerit,
3677 3809 3894 3864 Crescite

2327 3907 2371 3947 et
2394 3898 2796 3965 multiplicamini
2827 3896 2978 3962 (Gen.
3017 3900 3064 3951 ι.
3094 3897 3187 3967 28)
3211 3939 3225 3960 .
3270 3897 3315 3951 si
3347 3899 3534 3951 iterum
3554 3938 3570 3962 ,
3600 3900 3684 3954 ubi
3715 3901 3891 3953 multi-

2323 3985 2494 4051 plit‘ati
2524 3985 2778 4040 fuerimus
2797 4029 2811 4049 ,
2846 3988 3172 4056 pereundum
3199 3989 3267 4042 sit
3299 3989 3492 4043 nobis?
3535 3989 3663 4043 Nam
3686 3992 3811 4045 olim
3837 4002 3890 4045 et

2323 4075 2525 4128 Adamo
2553 4076 2754 4129 dixerat
2785 4094 2796 4128 :
2833 4077 3047 4130 Crescite
3074 4088 3120 4130 et
3146 4078 3547 4146 multiplicamini
3576 4095 3593 4132 :
3624 4088 3681 4133 et
3705 4093 3896 4149 snper-

2321 4168 2464 4219 venit
2493 4177 2666 4220 tamen
2712 4167 2985 4222 diluvium.
3044 4168 3110 4222 Ut
3139 4183 3266 4237 ergo
3306 4186 3372 4224 ne
3401 4171 3682 4237 cogitando
3705 4187 3885 4224 secum

2322 4256 2440 4309 talia
2486 4257 2537 4308 in
2590 4266 2840 4324 perpetuo
2885 4271 3078 4325 angore
3112 4267 3290 4321 esset,
3349 4257 3470 4312 vide
3515 4260 3889 4326 benignitatem

2325 4347 2548 4399 liotiiini.
2577 4345 2697 4398 Non
2729 4347 2965 4414 adjiciam
2986 4389 2999 4410 ,
3030 4348 3231 4415 inquit,
3265 4348 3399 4401 ultra
3427 4352 3724 4403 maledicere
3749 4363 3892 4404 terra

2321 4448 2523 4506 prapter
2563 4452 2714 4505 Opera
2741 4437 3016 4489 hominum.
3052 4437 3179 4492 Vide
3208 4439 3473 4506 quomodo
3497 4439 3801 4504 declaravit,
3833 4457 3890 4496 se

2322 4538 2537 4598 propter
2587 4530 2771 4581 horum
2824 4531 3072 4582 malitiam
3123 4530 3546 4584 maledictionem
3599 4541 3756 4586 terra:
3807 4536 3889 4587 iu-

2320 4620 2544 4672 vexisse.
2577 4618 2772 4670 Deinde
2795 4629 2849 4670 ut
2879 4635 2945 4672 ne
2985 4628 3226 4685 putemus
3253 4621 3420 4688 ipsum
3448 4619 3566 4674 ideo
3596 4621 3731 4675 hanc
3763 4639 3886 4690 pro--

2321 4709 2624 4762 missionem
2672 4707 2857 4761 fecisse
2881 4748 2896 4771 ,
2947 4709 3068 4776 quia
3100 4708 3198 4776 ipsi
3237 4709 3344 4776 jam
3379 4711 3428 4762 in
3461 4712 3648 4765 melius
3672 4727 3732 4767 se
3761 4729 3888 4767 can-

2320 4808 2606 4863 vcrterant,
2631 4798 2798 4865 inquit
2826 4816 2837 4850 :
2869 4797 2999 4862 Quia
3040 4799 3274 4851 incumbit
3300 4815 3437 4852 mens
3459 4801 3674 4855 hominis
3705 4804 3886 4856 intente

2319 4891 2370 4942 in
2392 4891 2522 4943 mala
2553 4906 2706 4960 opera
2733 4907 2762 4941 a
2779 4891 3055 4959 juventute.
3106 4891 3238 4943 liara
3285 4889 3621 4960 benignitatis
3661 4896 3881 4961 species.

2323 4984 2471 5046 Quia,
2506 4982 2691 5049 inquit,
2720 4983 2956 5034 incumbit
2985 4999 3119 5035 utens
3150 4985 3364 5036 hominis
3395 4986 3657 5054 diligenter
3678 4989 3728 5040 in
3755 4990 3885 5041 mala

2319 5089 2468 5141 Opera
2493 5090 2522 5124 a
2540 5075 2799 5142 juventute
2820 5115 2832 5137 ,
2866 5084 3078 5140 propter
3107 5075 3226 5135 hoc,
3260 5074 3378 5128 Non
3406 5079 3544 5129 ultra
3566 5079 3804 5145 adjiciam
3837 5092 3884 5131 ut

2319 5162 2614 5213 maledicam
2657 5173 2820 5215 terra'.
2855 5163 2962 5232 Ego
2990 5165 3127 5216 enim
3147 5205 3162 5228 ,
3191 5165 3355 5233 inquit
3380 5208 3395 5231 ,
3425 5181 3543 5236 qum
3569 5167 3634 5221 ad
3659 5185 3743 5224 me
3768 5187 3884 5240 per-

2321 5252 2487 5304 tinent
2508 5292 2521 5313 ,
2555 5251 2719 5305 semel
2759 5263 2916 5320 atque
2958 5253 3144 5306 iterum
3175 5254 3427 5308 exhibui:
3459 5257 3578 5325 quia
3602 5267 3777 5313 autem
3805 5263 3882 5313 vi-

2318 5340 2418 5392 deo
2455 5340 2709 5393 malitiam
2745 5340 2810 5392 ita
2853 5342 3152 5396 increscere
3177 5384 3190 5404 ,
3220 5345 3471 5413 promitto
3499 5361 3583 5400 me
3611 5363 3715 5401 non
3749 5351 3878 5403 ultra

2320 5432 2718 5484 maledictorum
2752 5441 2924 5486 teme.
2961 5432 3153 5486 Deinde
3179 5435 3466 5489 ostendens
3501 5451 3610 5490 sua:
3641 5437 3876 5508 benigni-

2321 5525 2439 5575 tatis
2471 5523 2881 5591 niagnitndinem
2907 5565 2920 5586 ,
2957 5527 3222 5594 subjunxit
3252 5545 3263 5580 :
3302 5527 3416 5580 Non
3448 5531 3685 5597 adjiciam
3726 5534 3876 5600 igitur

2320 5613 2454 5663 ultra
2484 5622 2534 5662 ut
2567 5613 2839 5679 percutiam
2867 5629 3059 5666 omnem
3091 5632 3288 5668 carnem
3318 5619 3555 5669 viventem
3575 5659 3591 5681 ,
3617 5620 3744 5671 sicut
3765 5625 3878 5686 feci,

2323 5703 2548 5759 omnibus
2579 5702 2771 5756 diebus.
2827 5703 2953 5759 Vidi:
2979 5744 2992 5767 ,
3017 5704 3257 5766 obsecro.
3295 5717 3538 5776 quantam
3567 5710 3877 5764 consolatio.
