4080 6520
230 475 346 532 98ιῖ

231 604 358 645 nent
384 588 539 645 allen
562 587 752 660 justo:
780 585 891 643 imo
907 597 1016 640 non
1039 581 1186 655 justo
1210 589 1417 639 tantum
1437 621 1454 648 ,
1481 579 1576 636 sed
1615 593 1670 635 ct
1701 595 1824 650 pro-

232 691 533 750 ptumam
558 679 851 734 bonitatem
875 674 1039 732 etiam
1065 674 1319 729 universo
1342 672 1616 726 hominum
1638 670 1824 740 generi

229 779 356 842 post
378 769 528 825 illum
555 768 756 824 futuro.
779 766 908 822 Nam
925 765 1065 837 quod
1085 764 1234 830 dicit,
1265 761 1388 818 Non
1409 763 1652 833 adjiciam
1669 761 1827 830 igitur

228 868 292 915 ut
312 860 593 930 percutiam
615 873 815 911 omnem
847 871 1049 916 carnem
1088 857 1328 911 vivattem
1347 894 1364 919 ,
1393 862 1448 908 ct
1473 850 1615 923 qttod
1646 851 1816 915 addit,

227 952 379 1008 Sicut
406 951 526 1024 feci,
561 949 686 1005 item
717 948 868 1016 illud,
905 947 1152 1004 Omnibus
1173 946 1370 1012 diebus,
1401 943 1641 1000 declarat
1665 942 1823 996 nobis

224 1055 336 1099 non
365 1032 500 1096 ultra
527 1040 634 1096 tale
651 1039 906 1096 diluvium
932 1047 1215 1094 venturo
1237 1051 1381 1102 esse,
1414 1049 1591 1104 neque
1617 1042 1819 1087 tantum

225 1131 519 1204 perniciem
538 1146 788 1203 umquam
803 1138 973 1185 totum
987 1127 1172 1183 orbem
1191 1127 1493 1182 invasuram
1506 1138 1629 1179 esse
1669 1123 1819 1178 Deiri-

222 1221 466 1278 deetiam
483 1220 679 1277 indicat
693 1218 1054 1276 uenena-inite
1065 1231 1176 1272 suae
1191 1217 1595 1290 perpetuitatem
1613 1232 1628 1269 :
1647 1214 1817 1270 Omni-

222 1313 335 1379 bus,
353 1314 542 1387 inquit,
559 1314 754 1380 diebus,
785 1313 886 1368 hoc
901 1320 986 1368 est
1002 1329 1016 1365 :
1041 1311 1095 1366 ln
1116 1325 1276 1366 omne
1290 1310 1546 1366 stecnlum
1561 1310 1818 1380 promitto

219 1421 314 1462 me
341 1421 448 1462 non
477 1405 816 1460 inducturum
846 1403 1148 1474 ltnjttstnodi
1179 1401 1616 1473 indignationem,
1635 1416 1814 1471 neque

217 1496 483 1552 [acturum
528 1505 728 1550 tantam
774 1495 1142 1551 confusionem
1189 1508 1288 1549 nec
1334 1492 1388 1548 in
1437 1502 1812 1562 tempestatum

216 1586 453 1652 ratione,
485 1600 586 1641 nec
610 1587 663 1641 in
704 1586 1090 1642 elementorum
1134 1586 1262 1639 situ.
1303 1583 1429 1640 Ideo
1466 1584 1679 1640 subdit:
1708 1584 1812 1639 Se-

214 1677 401 1731 ntentis
443 1687 491 1732 et
536 1676 734 1745 messis,
764 1677 928 1749 frigus
973 1686 1022 1732 et
1064 1687 1236 1742 testas,
1265 1685 1416 1732 restas
1452 1685 1501 1730 et
1527 1691 1613 1730 ver
1639 1676 1722 1730 die
1749 1691 1810 1729 uc

213 1777 366 1822 nocte
387 1783 491 1822 non
517 1767 846 1839 "quiescent.
879 1766 1194 1834 lmmobilis,
1223 1766 1414 1836 inquit,
1443 1771 1547 1822 erit
1572 1765 1689 1822 ha-c
1713 1783 1807 1821 or-

210 1860 424 1916 dinatio
470 1878 484 1916 :
531 1869 672 1916 terra
715 1875 1008 1932 numquam
1047 1860 1260 1916 desinet
1296 1860 1643 1930 suppeditare
1685 1873 1808 1929 quia

211 1949 492 2006 hominum
515 1952 702 2022 generi
730 1952 1054 2015 necessaria,
1078 1965 1257 2020 neque
1288 1949 1521 2010 cessabit
1561 1950 1807 2020 proferre

211 2041 456 2098 [altorum
498 2051 554 2098 et
594 2043 934 2114 agriculturae
962 2043 1204 2113 pueritia,
1233 2056 1407 2107 neque
1447 2042 1576 2096 anui
1623 2051 1808 2112 partes

206 2133 334 2188 aliis
377 2133 819 2189 conversionibus
864 2133 1258 2188 mutabuntur:
1300 2131 1397 2187 sed
1439 2140 1495 2187 et
1545 2131 1711 2202 frigus
1749 2140 1805 2186 et

206 2224 379 2288 calor,
409 2233 467 2279 et
507 2233 668 2279 aestas
705 2232 764 2279 et
808 2239 906 2279 ver
955 2224 1007 2278 in
1055 2237 1377 2292 unoquoque
1425 2223 1552 2277 anni
1599 2221 1803 2278 cirequ

206 2323 388 2371 erunt.
415 2313 548 2371 Nam
592 2317 714 2386 quia
763 2331 858 2386 per
905 2315 1096 2371 diluvii
1143 2326 1352 2384 tempus
1403 2314 1504 2369 fuit
1556 2313 1801 2370 conlusio

203 2407 452 2478 quadam
495 2408 659 2464 totius
702 2408 856 2464 istius
886 2409 1113 2473 ordinis,
1139 2416 1197 2462 et
1229 2407 1408 2477 justus
1448 2406 1537 2462 ille
1574 2407 1628 2463 in
1674 2420 1798 2461 arca

203 2513 253 2552 ei
269 2507 325 2553 at
344 2507 458 2554 toto
485 2498 579 2554 illo
601 2509 843 2569 tempore
861 2499 1013 2570 quasi
1039 2501 1290 2554 continua
1317 2507 1493 2564 nocte,
1515 2497 1638 2553 ideo
1657 2513 1798 2552 nunc

202 2590 377 2660 inquit
405 2608 420 2645 :
450 2589 634 2661 Neque
662 2607 790 2658 nos,
809 2606 987 2662 neque
1015 2591 1132 2647 dies
1161 2605 1318 2645 suum
1347 2591 1652 2661 relinquent
1674 2606 1797 2646 cur-

201 2694 347 2747 sunt,
366 2679 462 2736 sed
491 2695 661 2751 usque
677 2680 744 2735 ad
770 2682 952 2737 seaculi
973 2681 1490 2736 consummationem
1515 2681 1794 2736 immotum

200 2769 420 2826 illorum
451 2770 784 2840 permanebit
808 2771 1189 2827 ministerium.
1212 2770 1400 2827 Vidisti
1421 2771 1637 2842 dignam
1666 2786 1798 2828 eon-

197 2860 545 2929 solationem,
575 2877 694 2933 qua
734 2863 906 2933 potuit
926 2862 1055 2934 justi
1081 2863 1319 2918 animum
1340 2853 1588 2933 erigere?
1616 2863 1793 2918 vidisti

195 2952 412 3023 qualem
450 2953 862 3011 retributionem
905 2956 1172 3026 acceperit
1204 2955 1334 3025 justi
1375 2955 1651 3023 probitas?
1687 2954 1792 3010 Sed

193 3053 254 3100 et
280 3058 346 3099 es
374 3045 725 3114 sequentibus
749 3045 942 3102 iterum
981 3045 1105 3101 audi
1149 3044 1470 3101 ineﬂ'abilem
1500 3044 1793 3099 liberalita-

105 3161 112 3170 -
195 3144 326 3190 tem.
349 3136 402 3191 i.
423 3135 572 3206 (Cap.
590 3135 645 3206 9)
667 3136 732 3191 Et
757 3135 1237 3208 benedixit,inquit,
1257 3135 1393 3190 Deus
1420 3134 1555 3198 Noe,
1585 3145 1633 3188 et
1656 3135 1793 3204 filios

192 3226 354 3281 illius.
399 3225 466 3280 Et
503 3227 632 3282 dixit
669 3229 740 3282 eis
775 3244 794 3281 :
833 3227 888 3281 2.
917 3227 1136 3283 Crescite
1179 3237 1226 3283 et
1269 3226 1716 3298 multiplicamini,
1743 3236 1792 3280 et

192 3315 400 3386 implete
427 3326 630 3379 terram,
667 3327 716 3371 et
749 3317 1082 3371 dominamini
1114 3319 1180 3372 ei.
1221 3315 1292 3371 Et
1325 3325 1515 3371 tremor
1546 3317 1794 3386 timorque

201 3406 354 3460 vestri
377 3405 470 3459 erit
487 3422 642 3474 super
666 3422 837 3460 omnes
865 3397 1046 3461 bestias
1070 3415 1236 3472 terrae,
1258 3415 1305 3461 et
1327 3422 1482 3476 super
1506 3422 1680 3461 omnes
1703 3423 1791 3461 vo-

199 3493 369 3548 lucres
393 3495 524 3560 αιἰἱ,
543 3507 589 3547 et
616 3512 768 3564 super
789 3497 965 3550 omnia
980 3512 1095 3565 qua:
1121 3505 1382 3550 moventur
1403 3511 1557 3565 super
1578 3504 1788 3563 terram,

191 3595 243 3640 et
275 3601 430 3654 super
473 3602 646 3640 onmes
671 3588 834 3655 pisces
878 3589 1034 3641 ntaris
1062 3602 1081 3642 :
1105 3588 1160 3640 in
1186 3603 1367 3641 manus
1401 3597 1588 3642 vestras
1617 3587 1790 3641 omnia

191 3676 332 3731 dedi.
360 3677 415 3732 5.
446 3675 513 3730 Et
539 3694 687 3731 omne
719 3678 917 3747 reptile,
945 3678 1081 3746 quod
1109 3687 1182 3733 est
1223 3680 1409 3745 vivens,
1437 3677 1577 3733 vobis
1613 3679 1707 3733 erit
1735 3679 1790 3734 in

190 3769 381 3824 cibum.
414 3769 578 3838 Quasi
596 3771 736 3825 olera
776 3771 1045 3825 herbarum
1069 3771 1188 3826 dedi
1208 3772 1344 3826 vobis
1369 3771 1559 3824 omnia.
1589 3770 1644 3826 4.
1689 3770 1788 3825 Ve-

191 3869 476 3914 runuatnen
520 3877 725 3914 cantem
774 3862 827 3914 in
871 3863 1116 3932 sanguine
1157 3862 1341 3915 anima:
1388 3878 1452 3916 ne
1492 3863 1784 3916 comedatis.

189 3951 420 4023 Dignum
448 3961 534 4007 est
582 3961 640 4006 ut
682 3950 770 4007 hic
816 3953 1145 4008 admiremur
1169 3952 1523 4008 excellentem
1578 3954 1787 4008 Domini

188 4042 509 4097 bonitatem.
541 4040 677 4097 Vide
697 4043 839 4097 enim
863 4044 950 4097 hic
970 4042 1238 4114 quomodo
1259 4043 1437 4112 justus
1476 4043 1566 4098 ille
1595 4045 1785 4099 iterum

186 4133 436 4187 eamdem
455 4132 881 4189 benedictionem
897 4134 1262 4204 consequitur,
1277 4149 1433 4203 quam
1451 4134 1576 4188 olim
1593 4135 1784 4200 Adam,

187 4234 246 4278 ct
288 4232 530 4293 ereptum
568 4234 848 4294 recuperat
891 4226 1243 4296 principatum
1289 4227 1489 4281 virtute
1529 4240 1646 4290 sua,
1679 4227 1788 4280 imo

189 4313 448 4370 inellabili
470 4315 680 4370 Domini
700 4317 1007 4371 clementia.
1031 4315 1161 4370 Nam
1181 4317 1323 4371 sicut
1344 4317 1412 4371 de
1436 4316 1527 4371 illo
1553 4317 1784 4385 dicebat,

190 4405 412 4460 Crescite
435 4415 484 4460 et
518 4407 946 4476 multiplicamini,
984 4417 1031 4462 et
1059 4407 1392 4462 dominamini
1418 4419 1586 4474 terrm,
1617 4419 1664 4464 et
1688 4411 1787 4462 im-

188 4510 364 4569 perate
389 4501 610 4569 piscibus
640 4501 814 4564 maris,
838 4510 883 4553 et
919 4500 1200 4570 reptilibus,
1234 4510 1278 4554 et
1301 4502 1608 4564 volatilibus,
1632 4511 1679 4556 et
1705 4505 1786 4572 fc-

189 4590 262 4645 ris
293 4589 450 4658 (Gen.
481 4591 532 4644 l.
560 4589 652 4659 28)
686 4608 699 4643 :
743 4591 821 4644 sic
848 4606 988 4645 nunc
1017 4592 1223 4661 inquit:
1260 4591 1322 4644 Et
1351 4602 1537 4645 trentor
1562 4602 1608 4645 et
1636 4593 1788 4644 timor

186 4682 340 4735 vestri
365 4681 458 4734 erit
483 4697 634 4749 super
659 4697 830 4736 omnes
850 4682 1033 4735 bestias
1055 4692 1221 4743 terrai,
1250 4692 1299 4736 et
1325 4697 1479 4751 super
1503 4697 1676 4735 omnes
1704 4699 1788 4734 ro-

188 4772 371 4826 ltterrs.
405 4771 471 4823 Et
497 4788 644 4825 omne
667 4773 848 4840 reptile
873 4775 1012 4842 quod
1036 4782 1106 4825 est
1141 4773 1327 4839 vivens,
1352 4773 1488 4826 vobis
1510 4774 1603 4824 erit
1638 4773 1690 4825 in
1711 4773 1786 4824 ci-

188 4867 326 4918 bum.
378 4863 538 4930 Quasi
575 4865 715 4919 olera
746 4865 1014 4919 herbarum
1038 4865 1154 4919 dedi
1183 4865 1318 4919 vobis
1343 4867 1530 4918 onmia.
1575 4865 1787 4919 Verum-

187 4967 357 5009 tamen
383 4971 584 5010 carnem
604 4957 657 5009 in
676 4957 923 5025 sanguine
945 4959 1132 5010 animae
1153 4971 1216 5009 ne
1239 4958 1535 5010 comedatis.
1557 4957 1789 5012 Attende

187 5049 432 5104 eumdem
465 5048 725 5118 regulam,
757 5048 914 5104 aliter
942 5047 1258 5103 servandam
1302 5058 1477 5102 tamen
1519 5062 1637 5102 eant
1665 5063 1786 5118 qum

191 5142 366 5212 primo
391 5141 592 5196 homini
627 5141 750 5196 data
775 5139 1058 5196 fuit.Sieut
1080 5141 1224 5196 enim
1254 5151 1400 5205 tunc,
1431 5151 1709 5211 postquam
1737 5141 1786 5196 ei

191 5235 446 5288 traditum
475 5243 559 5288 est
586 5232 881 5288 dominium
912 5233 968 5288 in
998 5232 1199 5297 omnia,
1229 5241 1288 5286 ut
1326 5231 1427 5287 frui
1459 5243 1639 5303 posset
1667 5249 1784 5288 om-

189 5325 347 5380 nibus
388 5340 509 5394 qua:
544 5328 701 5388 erant
745 5325 798 5379 in
848 5325 1114 5394 paradiso,
1159 5325 1429 5379 abstinere
1473 5335 1678 5380 tantum
1722 5326 1791 5380 ab

190 5419 352 5473 unico
372 5411 516 5490 lignb
534 5420 715 5489 jussus
739 5428 822 5474 est
842 5438 856 5473 :
877 5419 1038 5473 itaet
1068 5418 1152 5471 hic
1183 5427 1303 5487 post
1333 5417 1785 5484 benedictionem,

189 5521 246 5566 et
277 5520 557 5580 postquam
586 5511 839 5566 terribilis
872 5511 1044 5564 lactus
1071 5520 1153 5564 est
1185 5509 1391 5576 bestiis,
1420 5519 1472 5563 et
1501 5510 1602 5563 sub
1628 5526 1789 5565 manu

188 5604 310 5670 eius
351 5603 535 5673 positu!
580 5611 705 5659 sunt
733 5617 858 5658 aves
882 5612 936 5658 et
962 5601 1217 5666 volatilia,
1252 5602 1465 5672 inquit:
1502 5601 1664 5656 Omne
1705 5619 1787 5656 re-

191 5698 316 5767 ptile
343 5697 509 5750 vivens
533 5697 670 5751 vobis
695 5697 789 5750 erit
809 5697 862 5749 in
886 5697 1050 5749 cibum
1072 5705 1160 5749 :ut
1188 5695 1326 5749 olera
1353 5694 1623 5749 herbarum
1648 5695 1788 5750 vobis

190 5787 310 5842 dedi
338 5787 529 5843 omnia.
571 5787 707 5843 llinc
733 5788 939 5843 initium
967 5787 1183 5842 ductum
1209 5795 1290 5841 est
1315 5785 1642 5841 cdendarnm
1674 5795 1791 5841 caro

191 5881 342 5941 nium
375 5898 386 5935 :
417 5895 524 5936 non
556 5890 610 5935 ut
637 5880 783 5951 ipsos
807 5880 874 5936 ad
904 5880 1102 5936 ventris
1133 5878 1426 5950 ingluviem
1451 5892 1602 5952 paret
1628 5889 1682 5934 ct
1710 5880 1788 5934 in-

1253 465 1320 522 IN
1359 461 1511 523 CAP.
1552 463 1640 519 ιι.
1681 461 1924 520 GENES.
1966 463 2196 522 HOMIL.
2241 465 2455 523 XXVII.

1933 588 2127 645 struat,
2156 581 2249 636 sed
2273 582 2397 652 quia
2425 597 2490 637 ex
2532 580 2665 652 ipsis
2689 578 2938 636 homines
2970 590 3128 638 erant
3149 581 3528 648 sacriﬁcaturi,

1931 679 1982 727 et
2014 670 2126 726 Deo
2153 673 2354 739 gratias
2377 672 2568 738 acturi,
2601 681 2658 725 ut
2688 687 2756 726 Ite
2798 671 3106 726 viderentur
3128 672 3279 742 quasi
3324 687 3354 725 a
3395 689 3527 725 con-

1928 761 2154 816 secratis
2177 762 2449 818 abstinere
2478 777 2495 818 :
2539 761 2740 817 idcirco
2765 760 2959 817 edendi
2998 762 3298 816 facultatem
3328 778 3523 820 (ιυιιω-

1928 849 2012 905 dit
2041 861 2102 905 et
2139 851 2363 906 multam
2390 851 2484 906 dat
2509 849 2691 906 utendi
2734 850 3022 906 licentiam.
3056 850 3216 916 Quasi
3243 852 3383 906 alrra
3414 855 3530 906 ber-

1928 940 2109 995 barnm
2156 938 2295 996 vobis
2339 941 2457 994 dedi
2509 941 2682 995 omnia
2736 938 2890 1012 (Gen.
2943 940 2997 994 Ξ.
3051 941 3161 1012 17).
3208 941 3341 996 Dein
3388 942 3530 996 sicut

1927 1032 2099 1086 Adam
2128 1033 2339 1086 cretes-is
2365 1031 2551 1086 {ruens
2575 1031 2753 1102 lignis,
2782 1031 2966 1101 jussus
2994 1041 3077 1085 est
3113 1032 3182 1086 ah
3227 1047 3334 1086 uno
3361 1034 3527 1086 abstio

1925 1136 2104 1177 nere:
2135 1120 2206 1176 ita
2255 1120 2342 1176 hic
2382 1121 2582 1178 dictum
2625 1131 2728 1188 est,
2757 1136 2881 1176 eum
2933 1122 3006 1176 illi
3036 1123 3213 1176 omnia
3258 1123 3324 1178 ad
3370 1137 3524 1179 esum

1923 1211 2093 1268 libere
2112 1212 2375 1267 sumenda
2405 1214 2664 1283 permissa
2691 1222 2911 1268 essent:
2937 1213 2991 1267 4.
3036 1212 3386 1269 Verumtamen
3410 1232 3528 1268 car-

1921 1319 2035 1357 nem
2064 1304 2117 1357 in
2144 1305 2392 1375 sanguine
2413 1305 2599 1358 animi:
2622 1321 2684 1358 ne
2702 1305 2998 1358 comedutis.
3039 1304 3178 1370 Quid
3206 1315 3290 1361 est
3314 1322 3446 1362 caro
3467 1308 3520 1362 in

1918 1393 2179 1464 sanguine
2219 1394 2453 1450 animm?
2501 1395 2614 1450 lloc
2651 1407 2758 1462 est,
2787 1397 3128 1451 sollicitum.
3180 1397 3327 1452 Bruti
3370 1399 3517 1453 enim

1917 1489 2095 1542 anima
2124 1487 2343 1558 sanguis
2362 1496 2464 1542 est.
3039 1531 3089 1563 κ

1990 1578 2044 1633 5.
2085 1576 2219 1644 Quia
2246 1577 2406 1648 igitur
2425 1577 2683 1633 sacriﬁcia
2728 1578 3014 1647 perit-eturi
3041 1587 3196 1632 erant
3224 1594 3290 1633 ex
3327 1579 3518 1639 brutis,

1918 1665 2021 1722 hoc
2050 1664 2163 1722 fere
2189 1667 2352 1722 modo
2383 1668 2539 1721 docet
2568 1667 2707 1732 illos,
2736 1666 2955 1722 dicens:
2985 1667 3121 1733 Quia
3149 1669 3368 1738 sanguis
3389 1669 3516 1723 mihi

1913 1765 2224 1829 segregatus
2260 1768 2366 1826 est,
2396 1759 2549 1814 vobis
2571 1773 2720 1813 caro.
2763 1758 2876 1813 Iloc
2903 1767 3084 1814 autem
3127 1758 3252 1815 ideo
3280 1759 3426 1826 facit,
3457 1770 3517 1815 ut

1915 1850 2103 1920 primis
2130 1848 2238 1905 illis
2280 1849 2610 1920 temporibus
2649 1849 2969 1919 comprimat
2998 1849 3214 1904 illorum
3259 1849 3518 1920 impetum

1911 1950 1963 1995 et
1994 1940 2408 2011 propensionem
2435 1941 2502 1995 ad
2547 1939 2858 1996 homicidia.
2907 1940 2973 1995 Et
3006 1941 3150 2011 quod
3195 1939 3298 1995 hoc
3322 1941 3394 1996 sit
3417 1956 3514 1997 ve-

1912 2048 2055 2100 rum,
2089 2048 2282 2103 nempe
2320 2033 2464 2104 quod
2495 2034 2618 2089 hinc
2648 2046 2744 2092 eos
2782 2034 2953 2104 nugis
2991 2032 3112 2102 pios
3152 2032 3377 2090 reddi-re
3417 2049 3516 2089 vo-

1911 2125 2091 2190 luerit,
2114 2124 2240 2180 audi
2270 2139 2392 2195 qua:
2427 2134 2751 2195 scqumttur.
2790 2123 2848 2180 5.
2899 2123 3100 2178 Etenim
3149 2135 3365 2178 vestrum
3391 2141 3520 2180 san-

1906 2218 2128 2287 guineus,
2179 2215 2380 2286 inquit,
2425 2215 2714 2270 animarum
2752 2214 3054 2278 vestrarum,
3085 2217 3352 2287 exquirant
3393 2235 3510 2272 eum

1907 2309 1971 2361 de
1995 2322 2150 2360 manu
2189 2307 2416 2360 omnium
2443 2305 2733 2360 bestiarum.
2770 2302 2840 2360 Et
2865 2307 2931 2359 de
2955 2323 3112 2360 manu
3155 2308 3376 2362 ltoutinis
3404 2311 3513 2379 [ra-

1905 2397 1998 2450 tris
2038 2397 2298 2467 etguiram
2334 2396 2562 2450 aniutam
2591 2396 2830 2451 hominis.
2876 2395 3017 2465 Quid
3057 2398 3225 2467 ergo?
3264 2399 3515 2456 anintane

1907 2487 2142 2543 hominis
2181 2487 2401 2558 sanguis
2431 2490 2553 2542 est?
2591 2487 2709 2541 Non
2751 2487 2856 2541 hoc
2884 2489 3038 2555 dicit,
3063 2488 3364 2545 absit:'scd
3401 2469 3511 2544 ltu-

1905 2591 2063 2632 mana
2098 2577 2488 2632 consuetudine
2519 2592 2649 2632 usus
2668 2588 2776 2644 est,
2804 2592 2872 2632 ac
2893 2578 2940 2632 si
2966 2578 3087 2648 quis
3125 2579 3270 2633 dicat
3311 2580 3507 2638 alicui:

1901 2668 2226 2739 Sanguinem
2273 2677 2423 2723 tuum
2469 2677 2624 2738 porto
2667 2666 2721 2722 itt
2765 2669 3013 2724 manibus
3059 2670 3239 2725 meis:
3271 2672 3504 2735 hocest,

1905 2771 2224 2832 potestatem
2254 2761 2428 2818 habeo
2473 2761 2827 2816 interﬁciendi
2861 2771 2935 2816 te.
2977 2761 3110 2817 Nam
3139 2764 3282 2834 quod
3325 2765 3508 2822 anima

1902 2855 2138 2911 hominis
2179 2869 2286 2910 non
2327 2855 2399 2910 sit
2439 2856 2677 2924 sanguis,
2716 2856 2844 2908 audi
2885 2855 3159 2912 Christum
3199 2856 3506 2914 dicentem:

1903 2946 1987 3002 Ne
2010 2946 2280 3000 (inmeritis
2301 2945 2366 2999 ab
2389 2945 2462 2999 eis
2485 2947 2573 3015 qui
2598 2947 2837 2999 occidunt
2863 2963 3070 3016 corpus,
3085 2949 3308 3001 animum
3337 2959 3508 3002 autem

1898 3039 2130 3093 occidere
2167 3055 2269 3093 non
2303 3048 2514 3109 possunt
2551 3036 2773 3107 (blatta.
2807 3039 2894 3094 10.
2926 3038 3042 3110 28).
3073 3039 3143 3094 Et
3171 3039 3294 3095 vide
3329 3055 3502 3112 quan.

1899 3139 2007 3185 tam
2053 3129 2456 3186 distinctionem
2505 3127 2716 3184 fecerit.
2766 3131 2824 3184 ϐ.
2872 3129 2975 3198 Qui
3019 3128 3276 3198 επιιάοτίι.
3309 3132 3504 3204 inquit,

1897 3220 2197 3291 sanguinem
2223 3219 2462 3282 hominis,
2497 3235 2592 3291 pro
2631 3221 2882 3292 sanguine
2919 3221 3035 3290 eius
3081 3225 3291 3295 sanguis
3341 3224 3506 3293 ipsius

1897 3309 2187 3378 eluudetur
2209 3326 2232 3366 :
2254 3311 2375 3382 quia
2399 3311 2452 3364 in
2484 3312 2704 3383 imagine
2727 3311 2824 3367 Dei
2851 3314 2951 3385 feci
2978 3315 3256 3370 hominem.
3288 3315 3504 3386 Cogita,

1896 3402 2146 3468 obsecro,
2176 3411 2438 3472 quantum
2469 3414 2730 3458 terrorem
2761 3403 2864 3458 hoc
2890 3403 3056 3457 verbo
3089 3404 3339 3464 incussit.
3366 3405 3434 3461 Et
3456 3423 3502 3459 st

1897 3496 2039 3565 quod
2059 3495 2303 3566 ejusdem
2322 3505 2530 3550 natura:
2551 3497 2640 3562 sit,
2661 3497 2854 3566 inquit,
2879 3515 2984 3551 non
3013 3507 3065 3552 te
3091 3509 3301 3564 avocat,
3325 3515 3501 3570 neque

1896 3600 1927 3640 a
1952 3595 2060 3641 tam
2086 3599 2345 3655 perverso
2358 3594 2552 3641 conatu
2580 3587 2790 3656 repellit
2815 3595 3020 3643 natnrt'e
3035 3587 3381 3644 communio:
3406 3590 3502 3645 sed

1894 3677 1940 3732 si
1970 3676 2440 3733 commiseratione
2480 3676 2714 3732 fraterna
2740 3677 2963 3748 depulsa
2991 3687 3135 3734 tatus
3155 3679 3208 3734 ist
3235 3678 3339 3736 hoc
3366 3679 3498 3735 laci-

1896 3785 2000 3825 nus
2028 3769 2356 3839 prorumpis,
2368 3769 2543 3840 cogita
2561 3784 2687 3825 eum
2705 3769 2772 3825 ad
2795 3770 3080 3840 imaginem
3097 3770 3192 3826 Dei
3209 3770 3500 3826 tenuatum

1894 3875 2036 3925 esse,
2063 3869 2120 3915 et
2147 3859 2360 3931 quantis
2395 3876 2518 3914 eum
2551 3859 2693 3916 Deus
2716 3860 2966 3931 dignatus
3004 3860 3078 3916 sit
3107 3876 3202 3930 pra
3221 3863 3501 3932 rogativis,

1894 3962 1949 4007 et
1973 3951 2117 4021 quod
2162 3953 2308 4007 omni
2352 3961 2600 4007 creatura
2649 3953 2937 4022 prad‘eelus
2976 3955 3070 4020 sit,
3101 3968 3165 4008 ac
3205 3956 3423 4023 quiesce
3470 3970 3501 4009 a

1895 4043 2034 4097 mala
2065 4043 2358 4096 voluntate.
2405 4042 2542 4110 Quid
2570 4057 2699 4114 ergo
2727 4043 2772 4097 si
2831 4043 3147 4099 innumeras
3171 4045 3289 4114 quis
3320 4056 3497 4115 patra-

1897 4135 2031 4189 verit
2057 4135 2256 4199 caedes,
2288 4143 2343 4189 et
2385 4143 2594 4189 tantum
2623 4135 2903 4206 sanguin's
2932 4135 3202 4201 eluderit,
3231 4136 3505 4206 quomodo

1894 4225 2109 4294 dignam
2133 4224 2283 4280 dabit
2310 4239 2522 4295 pmnam
2557 4223 2729 4280 ell'usu
2757 4225 2876 4281 seio
2901 4240 3000 4281 suo
3043 4226 3343 4295 sanguine?
3384 4227 3504 4284 Non

1895 4316 1997 4372 hoc
2039 4316 2354 4382 considera,
2403 4316 2597 4382 homo,
2647 4309 2765 4372 sed-
2792 4316 3027 4388 intelligo
3069 4332 3191 4373 eum
3241 4319 3346 4373 tale
3392 4333 3502 4373 non

1896 4408 2066 4462 multo
2103 4419 2225 4478 post
2259 4418 2604 4477 accepturum
2641 4422 2843 4478 corpus
2891 4407 3326 4478 ineorruptibile.
3359 4411 3501 4478 quod

1895 4501 2090 4572 poterit
2107 4503 2415 4556 continuam
2439 4511 2491 4556 et
2511 4511 2766 4556 aeternam
2791 4515 3003 4571 pinnam
3030 4501 3193 4557 ferre.
3217 4501 3346 4555 Illud
3372 4503 3499 4556 item

1896 4593 2189 4664 perpende,
2237 4609 2396 4664 quam
2439 4592 2723 4662 diligenter
2770 4604 3096 4663 praeceptum
3127 4595 3218 4649 sit.
3266 4594 3398 4649 Nam
3429 4596 3503 4650 de

1895 4685 2136 4750 homine,
2166 4685 2372 4754 inquit,
2417 4683 2496 4740 Ne
2537 4683 2782 4739 effundas
2823 4685 3180 4754 sanguinem:
3223 4685 3291 4739 de
3333 4686 3504 4741 brutis

1894 4789 2074 4833 autem
2114 4793 2222 4833 non
2251 4776 2409 4843 dixit,
2441 4777 2518 4832 Ne
2549 4776 2815 4842 eﬂ'undas,
2846 4777 2963 4841 sed,
3007 4775 3360 4831 Verumtamen
3384 4795 3501 4832 car-

1895 4888 2012 4925 nem
2039 4870 2092 4924 iu
2118 4869 2366 4940 sanguine
2394 4869 2581 4922 animat
2627 4884 2690 4920 ne
2735 4867 3032 4925 comedatis.
3080 4867 3195 4923 Illic
3239 4869 3391 4934 dicit,
3421 4868 3501 4929 Ne

1895 4962 2177 5026 ell'undus;
2213 4962 2320 5026 hic,
2357 4959 2434 5015 Ne
2465 4958 2741 5014 comedas.

1967 5055 2072 5109 Cur
2101 5048 2505 5124 esus‘sanguinis
2533 5052 2734 5106 vetitus.
2756 5048 3007 5104 -—Vides
3033 5065 3194 5119 quam
3226 5049 3357 5104 nihil
3380 5065 3497 5105 mo-

1892 5144 2087 5201 lestum
2122 5145 2356 5199 habeant
2382 5143 2500 5212 eius
2531 5141 2721 5213 leges?
2760 5140 3033 5211 quomodo
3077 5141 3209 5197 levia
3239 5150 3295 5196 et
3324 5141 3500 5196 facilia

1895 5230 2183 5292 mandata?
2223 5234 2496 5306 quomodo
2536 5233 2666 5288 nihil
2695 5246 2858 5304 grave
2887 5246 3059 5302 neque
3099 5247 3388 5288 onerosum
3417 5249 3498 5288 ιε-

1894 5327 2058 5400 quirit
2079 5343 2108 5382 a
2131 5337 2314 5381 nostra
2345 5325 2574 5381 natura?
2606 5323 2796 5378 Dicunt
2824 5323 2967 5378 enim
2995 5323 3176 5392 aliqui,
3213 5323 3494 5379 brulorutn

1895 5422 2234 5492 sanguinem,
2265 5433 2503 5490 gravem,
2553 5425 2885 5479 terrestrem,
2927 5427 2979 5469 et
3010 5417 3302 5470 multarum
3334 5419 3495 5487 aegri-

1897 5512 2139 5566 tudinum
2189 5523 2406 5565 causam
2457 5525 2470 5560 :
2524 5516 2580 5562 at
2621 5522 2720 5562 nos
2757 5524 2862 5560 non
2917 5518 3136 5577 propter
3191 5507 3503 5577 pra-dictum

1896 5616 2201 5658 sermonem
2247 5599 2416 5670 magis
2458 5597 2525 5652 ad
2571 5598 2968 5670 philosophiam
3006 5600 3494 5662 aceouunodatum,

1896 5694 1990 5750 sed
2023 5702 2240 5764 propter
2261 5690 2468 5748 Domini
2492 5689 2801 5744 mandatum
2831 5688 2881 5742 id
2903 5689 3194 5744 observare
3211 5689 3495 5745 debemus.

1900 5781 2102 5841 Deinde
2133 5794 2189 5840 ut
2213 5784 2485 5839 discamus
2509 5796 2679 5852 quare
2700 5791 2823 5835 tam.
2840 5778 3124 5849 diligenter
3165 5779 3270 5835 hoc
3299 5795 3506 5850 praec-

1902 5887 2049 5949 ptum
2087 5877 2293 5943 statuit,
2326 5889 2519 5945 nempe
2562 5882 2620 5928 ut
2644 5869 2924 5928 cohiberet
2967 5870 3246 5927 hominum
3277 5872 3494 5944 sangui-
