4080 6490
647 443 774 504 ,947

671 558 874 618 narium
901 555 1157 622 animum,
1180 554 1343 610 dicit:
1370 555 1422 608 7.
1465 553 1562 606 Vos
1587 563 1750 606 autem
1789 555 2011 616 crescite.
2039 563 2084 607 et
2111 553 2239 606 mul-

669 647 989 714 tiplicamini,
1019 655 1065 699 et
1109 646 1309 729 implete
1353 653 1552 704 terram,
1588 652 1635 695 et
1666 643 1995 694 dominamini
2025 643 2070 696 ei
2093 657 2110 695 .'
2140 656 2246 695 non

671 747 891 799 temere,
919 746 974 790 et
1015 737 1213 805 absque
1240 749 1396 789 causa
1435 733 1586 796 dixit,
1624 731 1719 785 Vos
1747 741 1914 784 autem
1932 772 1946 796 ,
1976 732 2068 786 sed
2098 731 2247 801 quasi

669 824 892 889 diceret,
915 825 1019 879 Vos
1039 827 1126 894 qui
1153 825 1322 894 pauci.
1347 832 1400 876 et
1426 836 1588 891 parvo
1619 835 1840 874 numero
1864 823 2013 884 estis,
2032 836 2244 875 omnem

674 922 872 970 terram
925 916 1158 983 implete,
1189 924 1242 966 ct
1281 913 1624 968 dominamini
1653 913 1699 966 ei
1732 931 1745 964 :
1796 913 1896 965 hoc
1939 922 2040 978 est,
2073 912 2248 967 donti-

673 1003 816 1057 nium
845 1003 1054 1067 habete,
1084 1014 1136 1057 et
1182 1012 1516 1072 potestatem,
1544 1011 1597 1056 et
1626 1001 1876 1056 fructum.
1907 1002 2057 1062 Vide.
2088 1003 2244 1058 obse-

672 1107 786 1156 cro,
814 1094 903 1147 Dei
945 1093 1340 1164 benignitatem,
1373 1095 1638 1163 quomodo
1665 1095 1813 1162 prius
1853 1109 2040 1164 magna
2085 1095 2247 1148 bene-

633 1169 636 1173 .
678 1185 795 1238 ficia
820 1184 1002 1250 donat,
1027 1197 1078 1239 et
1106 1196 1232 1240 tunc
1257 1187 1467 1240 unicum
1496 1194 1550 1240 et
1577 1186 1692 1239 leve
1717 1186 2021 1240 mandatum
2046 1185 2156 1242 dat.
2185 1185 2250 1240 Et

670 1274 806 1327 sicut
832 1275 1058 1342 Adamo,
1086 1285 1360 1346 postquam
1388 1278 1656 1331 concessit
1685 1287 1742 1329 ιιι
1767 1276 2030 1331 habitaret
2061 1277 2111 1330 in
2156 1292 2249 1346 pa-

679 1363 857 1418 radiso
877 1407 891 1430 ,
923 1373 976 1420 et
1020 1375 1095 1420 t0t
1124 1381 1185 1420 ac
1229 1368 1390 1420 tantis
1416 1367 1699 1433 frueretur,
1724 1368 1935 1421 tandem
1982 1369 2246 1437 praecepit,

677 1465 731 1506 ut
771 1457 835 1508 ab
876 1457 1032 1511 unico
1063 1458 1218 1527 .ligno
1266 1459 1596 1513 abstineret:
1631 1459 1701 1513 ita
1741 1467 1795 1513 et
1846 1459 1930 1513 hic
1974 1470 2247 1528 postquam

675 1546 916 1613 promi~it
943 1561 1050 1601 non
1076 1549 1210 1603 ultra
1234 1549 1390 1605 talem
1419 1564 1477 1603 se
1501 1550 1766 1603 illaturum
1788 1550 2088 1618 generalem
2118 1560 2250 1603 stra-

674 1654 819 1706 gem,
854 1653 1025 1709 neque
1055 1642 1123 1696 ita
1168 1656 1226 1696 se
1257 1643 1662 1711 indignaturum,
1694 1643 1787 1698 sed
1818 1657 1986 1712 usque
2021 1644 2086 1697 ad
2117 1659 2241 1698 con-

672 1728 1082 1782 smmnationem
1141 1729 1321 1782 mundi
1389 1730 1604 1782 immota
1672 1746 2017 1798 permansura
2071 1736 2247 1788 omnia

673 1815 970 1880 elementa,
1006 1818 1075 1870 ita
1107 1829 1166 1872 ut
1206 1835 1431 1889 qumque
1458 1836 1613 1876 suum
1659 1837 1872 1877 cursum
1917 1834 1971 1879 et
2009 1826 2248 1880 ordinem

673 1906 957 1973 impleant;
986 1918 1040 1962 et
1067 1918 1345 1978 postquam
1377 1910 1476 1979 ipsi
1507 1911 1928 1969 benedictionem
1970 1926 2092 1969 sunt
2121 1932 2250 1970 con-

671 1997 906 2063 sequuti,
933 1996 1219 2067 donatique
1261 2001 1479 2070 pristina
1509 2017 1671 2070 super
1711 2003 1863 2058 bruta
1894 2007 2068 2060 omnia
2099 2016 2251 2075 pote-

672 2093 830 2150 state,
863 2100 927 2140 ac
963 2087 1199 2140 carnium
1240 2104 1333 2142 esu
1360 2104 1548 2145 secure
1595 2093 1874 2160 pennisso,
1905 2103 2027 2148 tunc
2059 2096 2249 2164 inquit,

689 2173 1039 2229 Verumtamen
1064 2193 1263 2232 carnem
1291 2178 1343 2232 in
1390 2182 1636 2250 sanguine
1661 2187 1846 2236 anima
1868 2201 1930 2237 ne
1956 2187 2252 2241 comedatis.

677 2261 865 2316 Vidisti
887 2265 1154 2333 quomodo
1197 2268 1344 2336 prius
1377 2269 1698 2337 benignitate
1724 2288 1786 2326 ac
1830 2274 2079 2330 inelfahili
2111 2277 2248 2331 Iibe-

675 2352 886 2407 ralitate
937 2357 1119 2418 utitur.
1173 2368 1227 2412 et
1278 2367 1403 2413 tune
1451 2361 1664 2415 demum
1720 2365 1992 2434 ι)ωοίρίιῖ
2042 2367 2250 2420 tametsi

676 2457 961 2512 numquam
1007 2446 1146 2501 istud
1186 2449 1324 2503 inter
1355 2450 1596 2506 homines
1627 2451 1738 2506 fieri
1778 2455 1971 2511 soleat.
2000 2454 2253 2528 Homines

675 2534 816 2586 enim
847 2538 1070 2603 primum
1097 2539 1278 2593 volunt
1308 2556 1390 2601 ea,
1409 2557 1528 2610 qua:
1559 2544 1892 2611 praecipiunt,
1920 2559 2081 2612 opere
2107 2560 2253 2598 com-

678 2624 834 2691 pleri,
865 2640 1082 2696 eosque,
1106 2631 1192 2698 qui
1224 2632 1469 2686 mandata
1498 2634 1766 2700 excipiunt
1794 2644 1846 2688 et
1868 2646 2250 2704 exsequuntur,

678 2731 923 2784 magnam
949 2720 1201 2776 exhibere
1231 2722 1676 2790 benevolentiam,
1704 2741 1770 2780 ac
1795 2735 1919 2786 tunc
1945 2730 2124 2798 utique
2163 2744 2253 2781 co-

675 2806 846 2872 gitant
872 2806 940 2861 de
970 2812 1373 2864 remunerandis
1416 2813 1480 2866 iis
1505 2814 1594 2882 qui
1641 2817 1859 2870 multam
1897 2817 2252 2872 obedientiam

677 2908 787 2959 prta
827 2909 888 2949 se
917 2895 1152 2951 tulerint.
1182 2899 1374 2953 Contra
1407 2916 1534 2955 vero
1559 2905 1854 2958 communis
1879 2907 2114 2959 omnium
2146 2907 2252 2961 Do-

680 2983 855 3037 minus
887 3001 902 3038 :
933 2986 1081 3054 prius
1107 2989 1249 3042 enim
1297 2989 1575 3056 benefacit,
1606 3002 1659 3046 et
1685 2994 2022 3049 multitudine
2051 2996 2248 3051 benene

681 3075 888 3129 ciorum
921 3088 1156 3132 nostram
1199 3090 1440 3134 naturam
1470 3082 1534 3135 ad
1557 3098 1615 3137 se
1653 3084 1837 3147 allicit,
1864 3095 1919 3140 et
1944 3095 2125 3155 postea
2151 3087 2253 3141 im-

679 3175 829 3234 perat
860 3165 1030 3220 facilia
1060 3178 1215 3236 atque
1246 3170 1400 3234 levia,
1433 3181 1490 3226 ut
1518 3172 1766 3229 facilitate
1805 3175 2175 3232 mandatorum
2204 3188 2258 3233 et

679 3255 948 3310 beneficiis
967 3258 1228 3325 prioribus
1238 3261 1470 3324 excitati,
1488 3263 1553 3315 ad
1569 3279 1630 3317 ea
1649 3264 1908 3332 implenda
1924 3266 2253 3321 inducamur.

749 3342 960 3396 Moralis
979 3346 1297 3415 epilogus.-—-
1312 3347 1388 3402 Ne
1414 3349 1572 3416 igitur
1597 3353 1920 3421 negligentes
1961 3356 2148 3417 simus,
2179 3354 2260 3408 di-

675 3433 817 3499 lecti,
851 3449 1019 3502 neque
1062 3436 1193 3504 pigri
1241 3437 1306 3492 ad
1348 3438 1592 3492 mandata
1646 3441 1911 3509 implenda
1945 3461 1959 3497 :
2000 3444 2256 3498 beneficia

675 3523 848 3590 priora
865 3525 1172 3593 cogitantes.
1197 3536 1250 3578 et
1269 3525 1636 3582 mandatorum
1661 3529 1986 3597 facilitatem,
2011 3535 2256 3604 premin-

675 3626 896 3682 rumque
928 3625 1045 3681 post
1072 3614 1285 3683 impleta
1313 3617 1560 3671 mandata
1589 3621 1902 3687 promissam
1932 3625 2249 3694 magnitudi-

676 3719 798 3756 nem
830 3719 846 3756 :
876 3703 970 3758 sed
1009 3704 1303 3775 vigilemus,
1354 3717 1408 3761 et
1455 3706 1767 3766 festinemus
1810 3714 1874 3767 ad
1918 3717 2254 3794 exsequenda

677 3793 923 3847 mandata
949 3808 980 3846 a
1012 3793 1118 3849 Deo
1147 3795 1299 3850 nobis
1329 3798 1517 3853 tradita
1550 3817 1563 3853 :
1589 3808 1644 3854 et
1671 3817 1738 3856 ne
1765 3802 2091 3861 dimittamus
2122 3807 2252 3873 vias,

679 3897 816 3950 quas
858 3883 924 3936 ad
953 3884 1324 3952 perficiendam
1365 3889 1659 3943 animarum
1688 3903 1987 3948 nostrarum
2029 3897 2254 3952 salutem

680 3974 1135 4042 praescripsit,sed
1165 3985 1404 4045 tempore
1440 3980 1560 4034 vita:
1598 3992 1790 4036 nostra
1817 3986 1956 4052 quod
1998 3988 2258 4056 reliquum

675 4073 790 4129 est,
817 4064 949 4117 bene
989 4071 1216 4130 utamur,
1248 4077 1299 4122 et
1331 4080 1542 4137 peccata
1578 4070 1873 4139 abluamus,
1915 4085 1968 4129 et
2014 4091 2256 4147 magnam

677 4156 830 4209 nobis
857 4155 1100 4211 fiduciam
1159 4160 1301 4226 prius
1351 4162 1704 4228 acquiramus,
1736 4167 2072 4235 maximeque
2119 4184 2258 4224 nunc

673 4261 794 4300 cum
823 4247 993 4303 adhuc
1017 4249 1224 4321 residua
1254 4259 1334 4305 est
1359 4251 1780 4322 Quadragesimze
1812 4271 1950 4324 pars.

749 4339 801 4392 ti.
835 4338 1093 4392 Modicum
1124 4351 1316 4408 tempus
1341 4345 1518 4411 sufﬁcit
1556 4347 1622 4397 ad
1671 4349 2030 4416 panitendum.
2063 4349 2254 4404 Mentio

681 4431 740 4494 ﬁt
777 4429 841 4482 de
869 4430 1195 4498 confessione.
1226 4459 1294 4470 —-
1333 4431 1512 4501 Neque
1541 4435 1680 4486 enim
1713 4451 1904 4504 parvus
1942 4448 2023 4492 est
2048 4439 2252 4496 dierum

687 4531 939 4572 numerus
979 4520 1066 4588 qui
1113 4530 1317 4584 restat,
1358 4522 1400 4574 si
1454 4524 1780 4579 voluerimus
1832 4542 2116 4599 parumper
2165 4547 2250 4585 re-

681 4606 954 4674 sipiscere.
1009 4607 1119 4662 Hoc
1151 4619 1327 4663 autem
1373 4610 1477 4664 dixi
1508 4653 1522 4676 ,
1575 4629 1676 4666 non
1729 4617 1869 4683 quod
1892 4617 2062 4672 solum
2105 4628 2252 4675 tanto

677 4705 915 4765 tempore
960 4712 1094 4766 Opus
1134 4698 1326 4753 habeat
1365 4711 1698 4768 peccatorum
1732 4715 2029 4760 nostrorum
2073 4724 2250 4765 corre-

673 4787 802 4852 ctio,
834 4788 924 4843 aed
956 4792 1076 4858 quia
1097 4789 1373 4844 Dominum
1397 4790 1651 4848 habemus
1677 4795 1992 4852 clementem
2018 4808 2073 4853 et
2099 4799 2249 4855 beni-

673 4892 833 4945 gnum
865 4879 952 4946 qui
982 4893 1086 4933 non
1129 4881 1325 4951 indiget
1358 4883 1523 4936 multo
1555 4893 1829 4953 tempore;
1858 4889 1900 4944 si
1941 4891 2098 4944 modo
2127 4907 2246 4946 cum

675 4984 868 5039 magno
897 4969 1101 5024 fervore
1129 4981 1182 5026 et
1210 4974 1472 5041 vigilantia
1500 4976 1563 5029 ad
1596 4976 1765 5046 ipsum
1793 4980 2125 5046 accedamus,
2157 4998 2245 5038 re-

674 5059 831 5128 jectis
867 5060 1208 5114 saecularibus
1234 5064 1374 5116 curis
1399 5065 1644 5119 omnibus
1668 5107 1682 5128 ,
1713 5075 1766 5120 et
1795 5082 2024 5138 superno
2049 5072 2246 5126 auxilio

677 5147 805 5200 nisi.
837 5147 965 5200 Nam
1009 5157 1062 5202 et
1105 5149 1344 5203 Ninivitze
1372 5160 1511 5204 tanta
1547 5163 1880 5220 peccatorum
1910 5159 2246 5214 multitudine

670 5240 936 5308 aggravati
961 5279 978 5305 ,
1027 5240 1145 5308 quia
1173 5256 1414 5309 magnam
1443 5251 1496 5296 et
1520 5259 1698 5298 veram
1732 5248 2094 5314 paenitentiam
2117 5267 2240 5320 cge-

674 5341 798 5383 runt
845 5328 1013 5394 (Jan.
1047 5331 1099 5384 5.
1125 5331 1229 5398 10)
1261 5373 1274 5394 ,
1309 5348 1411 5386 non
1456 5349 1588 5402 opus
1633 5335 1930 5392 habuerunt
1983 5343 2242 5410 ampliore

674 5435 831 5489 quam
853 5421 1008 5474 trium
1026 5420 1228 5476 dierum
1259 5432 1493 5491 tempore
1519 5426 1581 5480 ad
1615 5430 2000 5496 provocandam
2030 5431 2123 5487 Dei
2149 5433 2243 5487 b0—

671 5509 908 5574 nitatem,
941 5518 996 5564 et
1019 5510 1221 5565 irritam
1248 5512 1588 5579 reddendam,
1614 5533 1733 5587 qua:
1756 5519 2035 5575 adversum
2060 5535 2118 5576 se
2139 5522 2241 5576 lata

673 5610 788 5654 erat
811 5642 824 5663 ,
858 5603 1196 5656 sententiam.
1229 5603 1293 5657 Et
1320 5603 1444 5672 quid
1476 5605 1596 5659 dico
1628 5649 1643 5671 ,
1679 5607 1926 5663 Ninivita:
1951 5613 1974 5662 Υ
2003 5611 2161 5666 Latro
2190 5613 2240 5667 in

674 5706 833 5747 cruce
859 5707 1031 5762 neque
1062 5711 1167 5748 uno
1188 5695 1274 5750 die
1299 5709 1431 5764 opus
1452 5695 1651 5751 habuit.
1699 5699 1763 5753 Et
1788 5703 1912 5770 quid
1952 5703 2072 5758 dico
2105 5746 2118 5770 ,
2152 5704 2241 5760 die

676 5783 823 5839 uno?
841 5777 1025 5853 Neque
1040 5781 1184 5841 brevi
1200 5785 1352 5846 hora.
1378 5787 1551 5846 Tanta
1600 5801 1678 5847 est
1710 5793 1796 5849 Dei
1826 5810 1946 5865 erga
1971 5811 2066 5852 nos
2093 5796 2242 5854 beni-

1407 441 1461 498 S.
1503 440 1778 497 JOANNIS
1815 437 2286 496 CIIRYSOSTOMI
2327 436 2644 494 ARCHIEP.
2681 435 3217 496 CONS’I'AN'I'INOI’.

3823 434 3928 491 ιιι

2347 551 2550 620 gnitas!
2578 551 2708 606 Nam
2728 553 2814 607 ubi
2837 553 3029 608 viderit
3051 552 3333 608 voluntatis
3358 561 3557 607 nostra:
3576 552 3788 608 firmum
3812 568 3918 623 pro

2353 642 2580 710 positum
2610 683 2626 708 ,
2674 653 2726 696 et
2755 643 2975 697 ferventi
2998 658 3095 696 nos
3118 642 3386 698 desiderio
3409 641 3476 696 ad
3517 658 3578 698 se
3625 643 3886 697 accedere
3906 682 3925 705 .

2353 746 2462 784 non
2499 731 2706 795 tardat,
2750 748 2920 800 neque
2958 734 3136 787 differt
3164 753 3174 785 :
3201 733 3292 788 sed
3335 735 3598 788 accelerat
3631 775 3646 800 ,
3676 749 3928 803 suamque

2351 825 2558 875 solitam
2591 823 2956 877 liberalitatem
2986 824 3267 890 exhibens,
3297 825 3459 879 dicit:
3492 825 3674 878 Adnue
3704 827 3930 893 loquente

2352 921 2398 964 te
2419 912 2583 964 dicam
2615 928 2634 965 :
2657 912 2784 964 Ecce
2811 912 2991 964 adsum
3010 912 3057 983 (1
3065 914 3159 966 sui.
3184 913 3270 968 58.
3304 914 3382 982 9).

2423 998 2606 1072 Itaque
2629 1002 2972 1058 exauditurus
2993 1012 3074 1057 est
3097 1012 3152 1057 et
3171 1018 3290 1069 nos,
3312 1005 3356 1058 si
3374 1005 3704 1060 voluerimus
3725 1004 3780 1059 in
3811 1019 3929 1074 pau-

2351 1091 2428 1146 cis
2450 1092 2639 1148 diebus
2670 1094 2784 1149 istis
2826 1094 2984 1150 studii
3012 1095 3283 1163 specimen
3310 1094 3576 1164 quoddam
3604 1094 3840 1157 aﬂerre,
3885 1108 3932 1149 ιι

2347 1183 2533 1250 jejunii
2557 1184 2793 1239 subsidio
2817 1201 2921 1239 non
2943 1185 3108 1250 abuti,
3124 1197 3279 1254 atque
3294 1200 3510 1240 excussa
3534 1186 3788 1240 socordia
3806 1202 3929 1240 con.

2353 1271 2513 1326 tinnis
2532 1271 2776 1339 precibus
2793 1274 3002 1340 placare
3021 1274 3301 1329 Dominum
3316 1315 3332 1341 ,
3359 1275 3586 1329 fervidus
3608 1275 3928 1343 profundere

2353 1359 2635 1432 lacrymas,
2649 1361 2839 1416 delicta
2863 1374 3040 1418 nostra
3062 1364 3248 1418 sedulo
3269 1364 3529 1430 confiteri,
3550 1365 3705 1434 quasi
3727 1365 3934 1421 medico

2356 1465 2650 1518 proponere
2675 1462 2854 1506 nostra
2887 1454 3123 1515 vulnera,
3145 1462 3200 1508 et
3221 1455 3514 1509 animarum
3544 1455 3724 1510 ulcera
3751 1455 3928 1510 decla-

2356 1558 2473 1598 rare
2501 1585 2516 1607 ,
2541 1559 2644 1598 nec
2669 1545 2903 1612 abjicere
2932 1560 3088 1616 quam
3107 1545 3193 1600 ille
3219 1546 3310 1600 dat
3335 1547 3676 1610 medicinam,
3705 1561 3809 1602 nec
3833 1562 3931 1601 non

2352 1641 2405 1686 et
2433 1632 2536 1688 alia
2573 1648 2690 1702 qua:
2729 1649 2757 1686 a
2799 1635 2950 1690 nobis
2978 1636 3261 1705 exiguntur
3289 1636 3522 1692 afferre:
3557 1639 3933 1694 munitionem

2353 1723 2549 1784 cordis.
2571 1725 3034 1792 compunctionem
3060 1742 3260 1793 veram,
3288 1728 3484 1796 largam
3507 1728 3932 1800 eleemosynam;

2354 1815 2662 1871 affectiones
2687 1833 2804 1887 qu:e
2837 1827 3068 1872 mentem
3098 1827 3332 1874 nostram
3369 1818 3728 1874 interturbant
3769 1821 3930 1876 refre-

2355 1921 2500 1970 nare,
2529 1916 2580 1961 et
2605 1921 2670 1961 es
2700 1909 2873 1961 anima
2899 1909 3210 1974 eliininare;
3239 1911 3307 1964 ita
3339 1918 3398 1964 ut
3427 1926 3598 1981 neque
3624 1911 3932 1968 divitiarum

2354 1997 2642 2066 cupiditate
2669 2015 3030 2069 expugnemur
3049 2043 3062 2066 ,
3091 2018 3262 2071 neque
3300 2003 3518 2072 injurias
3557 2005 3735 2060 illatas
3762 2007 3932 2060 vindi-

2355 2103 2477 2142 care
2502 2089 2777 2156 cupiamus
2801 2131 2815 2150 .
2842 2106 3013 2160 neque
3043 2090 3305 2147 hostiliter
3332 2094 3383 2146 in
3425 2095 3727 2162 proximum
3767 2095 3938 2150 affecti

2355 2180 2541 2232 simus.
2570 2179 2710 2234 Nihil
2736 2182 2901 2247 enim,
2930 2182 3060 2236 nihil
3086 2185 3263 2252 utique
3287 2185 3521 2238 ouium
3551 2185 3694 2240 Deus
3723 2187 3801 2240 ita
3835 2187 3941 2241 odit

2353 2278 2407 2322 et
2427 2279 2718 2336 aversatur,
2745 2279 2803 2324 ut
2829 2272 3095 2326 hominem
3121 2274 3334 2328 ultionis
3352 2274 3585 2340 avidum,
3607 2277 3738 2331 etin
3763 2278 3941 2333 animo

2354 2372 2452 2411 suo
2480 2369 2760 2427 perpetuas
2787 2359 3043 2414 adversus
3079 2363 3378 2430 proximum
3416 2375 3720 2420 servantem
3765 2368 3940 2422 inimi-

2353 2447 2524 2500 citias.
2552 2447 2783 2502 Tantum
2809 2449 2953 2504 enim
2977 2452 3092 2518 ejus
3119 2453 3317 2520 peccati
3347 2453 3596 2508 damnum
3626 2467 3732 2522 est,
3763 2466 3826 2512 nt
3849 2460 3941 2511 mi-

2355 2538 2700 2593 scricordiam
2745 2541 2837 2595 Dei
2881 2554 3133 2606 revocet,
3181 2560 3279 2600 nec
3323 2546 3495 2602 locum
3541 2547 3740 2603 habere
3780 2552 3937 2604 sinat.

2355 2627 2506 2694 Quod
2537 2638 2595 2682 ut
2621 2631 2821 2696 sciatis,
2846 2635 3204 2703 evangelicam
3235 2637 3387 2690 vobis
3413 2637 3714 2705 parabolam
3743 2641 3937 2707 refero,

2354 2720 2623 2784 quomodo
2654 2719 2744 2775 ille
2773 2721 2956 2776 decem
2998 2724 3219 2778 millium
3250 2726 3568 2782 talentorum
3595 2729 3834 2798 debitor,
3863 2749 3939 2788 re-

2358 2809 2663 2864 missionem
2682 2812 2918 2866 omnium
2935 2830 2963 2866 a
2976 2813 3192 2869 domino
3211 2828 3568 2886 consequutus
3588 2820 3677 2882 sit.
3694 2824 3937 2891 procidit,

2357 2909 2410 2952 et
2440 2900 2632 2954 oravit.
2677 2900 3025 2956 Hisericardia
3065 2906 3206 2960 enim
3246 2918 3441 2972 motus,
3477 2909 3679 2979 inquit,
3708 2912 3940 2968 dominas

2359 2989 2466 3058 ejus
2488 3029 2504 3054 ,
2535 2992 2684 3044 etiam
2708 2991 2924 3045 debitum
2952 2995 2999 3047 ei
3025 2997 3214 3050 remisit
3241 2995 3452 3064 (Matth.
3488 3000 3572 3053 18.
3603 3001 3720 3070 27).
3755 3002 3939 3059 Vidisti

2358 3079 2774 3136 misericordiam
2795 3083 3037 3139 domini?
3063 3086 3156 3141 Ille
3183 3090 3425 3157 procidit,
3447 3100 3501 3144 et
3531 3095 3735 3162 rigavit
3764 3105 3823 3149 ut
3842 3097 3942 3152 lon-

2356 3169 2471 3237 gius
2501 3170 2602 3225 sibi
2629 3179 2833 3241 tempus
2862 3177 3229 3242 prefiniretur.
3266 3177 3569 3235 Patientia
3593 3185 3723 3238 trabe
3748 3187 3806 3240 ia
3832 3203 3940 3253 ne,

2361 3259 2560 3326 inquit,
2591 3271 2636 3314 et
2661 3265 2829 3316 omnia
2855 3263 2944 3318 tibi
2966 3268 3192 3322 reddam.
3223 3268 3328 3325 Sed
3357 3270 3529 3325 bonus
3553 3273 3825 3340 dominus,
3855 3278 3942 3331 sni-

2359 3349 2588 3404 sericors
2611 3391 2626 3414 ,
2655 3355 2928 3423 nostrique
2956 3371 3137 3410 curam
3163 3372 3326 3427 agens
3343 3401 3360 3422 .
3389 3361 3610 3430 supplici
3645 3365 3905 3433 propitios
3924 3407 3943 3430 ,

2362 3457 2464 3495 non
2508 3445 2676 3498 solum
2716 3456 2968 3514 quantum
3000 3450 3174 3517 petiit.
3206 3451 3300 3506 sed
3327 3463 3582 3522 quantum
3616 3472 3687 3510 ne
3711 3461 3943 3528 cogitare

2360 3533 2574 3599 quidem
2616 3549 2777 3590 ausus
2807 3537 2938 3604 fuit,
2971 3539 3134 3594 dedit.
3165 3541 3214 3595 Is
3243 3543 3387 3597 enim
3428 3545 3546 3614 ejus
3587 3561 3706 3601 mos
3737 3559 3858 3612 est,
3891 3561 3943 3604 ut

2362 3621 2573 3686 vincat.
2608 3633 2663 3680 et
2703 3629 2995 3694 prmveniat
3036 3631 3316 3699 petitiones
3356 3644 3584 3689 nostras.
3635 3637 3728 3691 lllo
3770 3640 3942 3710 itaque

2359 3719 2545 3768 orante
2573 3722 2631 3768 ut
2655 3718 2992 3772 severitatem
3022 3719 3266 3777 dominus
3297 3724 3620 3786 remitteret.
3647 3736 3702 3783 et
3726 3732 3944 3798 promit-

2361 3811 2503 3857 tente
2529 3803 2825 3860 soluturum
2856 3822 2916 3864 se
2937 3810 3136 3874 omnia,
3169 3811 3418 3870 dominus
3444 3814 3684 3874 bonitate
3705 3831 3803 3874 sua
3831 3821 3944 3875 vin-

2359 3906 2486 3946 cens
2509 3905 2685 3948 nostra
2711 3895 2923 3963 delicta,
2956 3883 3316 3956 misericordia
3343 3915 3535 3970 motus,
3566 3905 3773 3963 dimisit
3798 3925 3942 3976 eum,

2360 3980 2703 4053 debitumque
2733 3995 2899 4042 totum
2924 3989 2972 4043 ei
2999 3991 3220 4045 remisit.
3253 3992 3439 4048 Vidisti
3466 3997 3589 4064 quid
3618 4013 3944 4056 servnsora-

2362 4074 2515 4139 verit,
2539 4083 2593 4127 ct
2612 4087 2860 4144 quantum
2882 4079 2930 4132 ei
2953 4078 3198 4135 dominus
3216 4082 3512 4140 dimiserit?
3534 4087 3662 4143 Vide
3681 4105 3713 4144 e
3733 4091 3944 4147 diverso

2362 4172 2416 4217 ct
2456 4166 2594 4218 servi
2638 4167 2968 4222 insolentiam
3001 4187 3014 4224 :
3044 4186 3163 4226 cum
3207 4173 3426 4230 deberet
3465 4179 3606 4232 enim
3651 4181 3942 4237 semiudum

2363 4262 2561 4312 tantam
2590 4256 2965 4326 benignitatem
2988 4273 3039 4316 et
3066 4264 3382 4320 ineffabilem
3412 4269 3814 4327 beneficentiam
3841 4277 3941 4331 sibi

2360 4348 2668 4413 eshihitam,
2700 4361 2751 4404 et
2779 4353 2889 4419 ipse
2914 4369 3037 4423 erga
3066 4357 3361 4424 proximum
3389 4360 3526 4416 bene
3551 4363 3777 4420 aﬂectus
3799 4381 3939 4435 esse.

2358 4443 2627 4494 contrario
2658 4458 2873 4511 prorsus
2900 4447 3057 4501 modo
3083 4463 3141 4502 se
3165 4451 3346 4518 gessit.
3373 4450 3619 4522 Egressus
3643 4459 3787 4511 enim
3809 4499 3825 4522 ,
3857 4461 3939 4514 in-

2357 4534 2508 4601 quit,
2537 4535 2623 4586 ille
2651 4535 2668 4605 (
2696 4533 2771 4588 Ib.
2798 4551 2846 4588 v.
2873 4537 2942 4591 28
2962 4538 2998 4608 ),
3029 4539 3116 4606 qui
3147 4539 3330 4595 decem
3369 4542 3586 4597 millium
3618 4547 3938 4602 talentorum

2359 4623 2724 4678 remissionem
2754 4639 3070 4695 assequutus
3108 4638 3241 4684 erat.
3271 4630 3492 4696 Audite,
3521 4634 3748 4691 obsecro
3773 4678 3788 4699 .
3813 4639 3936 4693 dili.

2356 4725 2543 4780 genter
2569 4730 2581 4765 :
2609 4729 2727 4782 qnze
2752 4715 2825 4767 illi
2853 4716 3179 4779 acciderunt.
3203 4719 3464 4775 sufficiunt
3487 4722 3551 4777 ad
3572 4726 3938 4794 corripienda

2357 4804 2562 4856 animas
2593 4815 2799 4858 nostras
2818 4845 2832 4870 ,
2861 4818 2917 4860 et
2945 4806 3008 4859 ad
3045 4808 3466 4876 persuadendum
3497 4822 3554 4867 ut
3578 4815 3795 4870 tollatur
3816 4833 3938 4888 gra-

2356 4895 2433 4946 vis
2470 4893 2555 4948 ille
2599 4895 2818 4948 morbus
2859 4912 2889 4949 e
2928 4908 3104 4953 mente
3144 4910 3344 4956 nostra.
3375 4901 3474 4956 Hic
3501 4903 3695 4974 igitur,
3724 4908 3934 4980 inquit,

2351 5000 2579 5056 egressus
2617 4987 2799 5041 invenit
2837 5005 2993 5041 unum
3021 5006 3047 5042 e
3074 4994 3322 5047 conservis
3366 4997 3470 5048 suis
3492 5036 3508 5060 ,
3541 4997 3626 5065 qui
3661 4999 3866 5053 debebd
3894 5005 3936 5056 ei

2352 5085 2548 5128 cenm'n
2583 5077 2835 5131 denarios.
2870 5077 3002 5134 Vide
3029 5091 3282 5148 quantum
3314 5084 3552 5139 interest.
3593 5085 3690 5142 Hic
3716 5104 3933 5146 conser-

2355 5180 2447 5218 vos
2481 5164 2710 5219 debebat
2747 5178 2957 5221 centum
2990 5168 3268 5235 denarios,
3302 5171 3408 5227 illic
3432 5175 3682 5231 dominus
3705 5189 3821 5234 erat
3843 5182 3930 5251 qui

2355 5255 2622 5322 repetebat
2651 5256 2833 5311 decem
2861 5260 3022 5312 millia
3053 5261 3367 5316 talentorum
3395 5281 3408 5315 :
3437 5264 3783 5325 nihilominus
3809 5273 3933 5342 quia

2355 5345 2481 5398 vidit
2508 5345 2891 5414 supplicantem
2914 5359 2966 5401 rt
2991 5361 3250 5418 orantem,
3279 5353 3494 5408 diinitit.
3522 5359 3713 5415 Ats‘ste
3737 5360 3930 5429 Appu-

2354 5436 2561 5487 Iienstmt
2590 5452 2784 5489 servum
2808 5437 3088 5502 sn/Iotabat
3109 5482 3120 5500 .
3152 5442 3318 5496 dicens
3346 5461 3363 5496 :
3394 5444 3568 5501 Redde
3595 5451 3717 5502 mihi
3741 5452 3787 5504 si
3812 5455 3932 5524 quid

2352 5524 2514 5578 debes.
2543 5525 2678 5594 Quid
2722 5529 2908 5596 igitur?
2944 5527 3250 5598 Procidens,
3282 5534 3482 5605 inquit,
3521 5556 3788 5595 conservus
3822 5545 3930 5614 ejus
3998 5567 4000 5569 ν

2350 5613 2513 5683 (Ibid.
2543 5633 2589 5670 ιι.
2619 5615 2735 5687 29).
2763 5617 2894 5674 Vide
2919 5623 3182 5688 quomodo
3209 5626 3431 5682 subinde
3457 5631 3780 5701 evangelista
3807 5613 3927 5690 vcr-

2352 5710 2495 5776 hum,
2528 5709 2825 5774 Conservus,
2853 5722 3041 5773 versat.
3073 5732 3175 5770 non
3212 5725 3429 5785 temere,
3459 5722 3552 5776 sed
3583 5732 3639 5777 ut
3661 5723 3927 5784 discamus

2353 5798 2468 5854 illos
2505 5814 2659 5868 pares
2685 5801 2902 5858 omnino
2933 5801 3094 5859 fuisse
3153 5806 3519 5868 Verumtamen
3560 5828 3853 5876 conservus
3880 5822 3925 5877 ei
