4080 6498
168 453 278 515 Ξίθ

167 570 502 640 ιιιρνιίαώειι
525 562 713 622 eodem
740 562 899 620 modo
918 605 932 624 .
963 575 1070 632 quo
1098 561 1187 616 ille
1210 569 1364 614 antea
1390 557 1608 610 domino
1626 591 1643 622 ,
1674 552 1755 608 di-

167 677 308 718 cetis
330 700 345 714 .
381 659 686 714 Patientiam
705 653 832 710 Itabe
849 655 900 706 iu
923 668 1021 714 me,
1043 659 1089 704 et
1108 651 1276 703 omnia
1301 648 1387 700 tibi
1412 646 1641 700 reddam.
1665 643 1768 698 Ille

171 763 366 817 autem,
395 752 583 819 inquit,
607 763 856 818 egressus.
885 743 1098 810 coniecit
1127 741 1272 794 illum
1298 739 1350 792 in
1374 753 1648 801 carcerem,
1672 735 1766 788 do-

175 859 270 896 ηπ
290 859 434 894 omne
455 841 670 893 debitum
695 837 787 890 sibi
811 844 1090 888 numeraret
1108 830 1314 900 (Matth.
1342 830 1423 884 l8.
1447 829 1562 897 50).
1586 827 1630 882 Ο
1653 827 1768 880 ani-

177 949 324 985 tmnu
347 945 556 984 summe
589 927 882 995 ingratum!
911 925 1084 977 adlmc
1113 920 1313 976 recenti
1339 919 1594 973 memoria
1621 926 1769 970 tene-

178 1024 294 1087 bat,
325 1031 519 1091 quanta
549 1018 798 1073 dominus
823 1014 1138 1070 liberalitate
1159 1027 1342 1066 secum
1367 1019 1570 1080 egerat,
1595 1022 1767 1076 neque

176 1115 258 1168 sic
286 1113 458 1179 aliqua
489 1109 954 1165 commiseratione
995 1115 1171 1159 mutus
1199 1112 1282 1157 est
1311 1119 1325 1155 :
1358 1101 1452 1156 sed
1485 1101 1629 1160 prius
1652 1099 1770 1168 qui-

176 1205 304 1261 dem
332 1202 646 1263 sull'ocahat,
674 1215 817 1254 nunc
841 1211 970 1252 vero
996 1197 1048 1250 in
1074 1210 1345 1249 carcerem
1372 1191 1623 1267 coniecit.

254 1295 307 1348 7.
339 1293 600 1349 (Lelerum
642 1290 758 1344 vide
787 1288 910 1358 quid
950 1295 1201 1355 sequatur
1231 1302 1243 1337 :
1281 1283 1348 1339 Ut
1377 1283 1607 1336 rideruut
1627 1323 1642 1341 .
1682 1281 1767 1335 in-

179 1387 318 1455 quit,
345 1385 570 1438 conservi
593 1383 751 1446 illius,
784 1379 1061 1433 contristati
1100 1387 1218 1432 sunt
1241 1393 1260 1430 :
1284 1387 1333 1430 et
1359 1389 1416 1428 ut
1442 1384 1681 1428 venerunt
1705 1374 1771 1427 ad

179 1476 444 1529 donuntnu
469 1490 634 1537 suum,
667 1489 770 1526 rem
797 1487 992 1524 omnem
1022 1470 1345 1522 declararunt
1373 1465 1543 1535 (Ibid.
1574 1482 1622 1519 υ.
1653 1464 1767 1531 31).

180 1567 300 1622 Non
328 1566 416 1620 ille
439 1565 652 1634 quidem
684 1563 771 1630 qui
799 1563 868 1616 ita
898 1561 1034 1614 male
1061 1561 1279 1614 allectus
1305 1567 1453 1623 erat,
1484 1556 1776 1629 (quomodo

180 1658 327 1712 enim
356 1657 633 1726 potuis<et.
669 1655 718 1707 in
749 1669 1017 1708 carcerem
1047 1652 1316 1720 conjectus
1333 1651 1381 1718 ?)
1407 1652 1498 1704 sed
1527 1651 1612 1703 alii
1639 1665 1771 1702 cun-

185 1749 352 1809 servi.
376 1756 432 1803 et
455 1747 544 1816 qui
574 1746 716 1800 nulla
747 1745 934 1814 injuria
960 1743 1155 1808 affecti,
1179 1743 1327 1812 quasi
1358 1743 1545 1810 injuria
1575 1740 1771 1805 allecti,

185 1839 260 1892 ita
289 1839 460 1894 mmsti
493 1847 640 1892 erant
663 1878 679 1902 ,
708 1835 1087 1904 domiumnque
1115 1834 1373 1888 adeuntes
1396 1873 1412 1899 ,
1446 1849 1558 1887 rem
1591 1848 1775 1886 naria-

188 1939 398 1982 vcrunt.
432 1927 547 1981 Jam
581 1926 700 1980 vide
724 1925 924 1979 domini
965 1925 1399 1993 indignationem.
1431 1923 1574 1976 Tunc
1601 1940 1775 1976 arcer-

183 2020 286 2072 sito
309 2037 386 2082 eo,
417 2019 608 2087 inquit,
638 2018 756 2070 dicit
778 2033 800 2070 :
825 2015 979 2072 Serve
1004 2031 1214 2084 nequam
1237 2015 1396 2086 (Ibid.
1421 2030 1466 2068 υ.
1499 2015 1610 2084 52).
1638 2015 1776 2070 Vere

186 2110 275 2164 hic
303 2108 480 2163 videre
521 2109 640 2163 licet
668 2123 826 2175 quam
863 2107 1216 2176 pemiciosnm
1245 2108 1314 2160 sit
1345 2105 1652 2173 injuriarum
1687 2121 1776 2158 re-

186 2201 418 2254 minisci.
440 2199 701 2268 Quoniam
726 2213 849 2253 cum
879 2198 1067 2252 decem
1101 2198 1259 2250 millia
1289 2197 1480 2251 talenta
1509 2197 1774 2266 exigebat,

187 2305 298 2344 mut
342 2289 548 2343 vocavit
594 2303 716 2344 eum
756 2287 950 2342 malum
980 2304 995 2341 :
1027 2287 1120 2341 sed
1156 2301 1330 2350 nunc,
1365 2301 1486 2340 cum
1517 2301 1780 2341 conservo

184 2378 420 2434 crudelis
459 2379 576 2439 fuit.
613 2379 769 2434 Serve
795 2395 1028 2448 nequam.
1061 2377 1254 2446 inquit,
1281 2393 1426 2430 omne
1452 2377 1668 2431 debitum
1699 2394 1780 2430 re-

187 2472 306 2524 misi
335 2473 459 2536 tibi,
485 2473 604 2542 quia
632 2473 819 2541 rogasti
848 2488 945 2524 me.
976 2471 1107 2525 Vide
1135 2472 1405 2540 quomodo
1431 2471 1665 2525 declarat
1695 2471 1778 2523 in-

193 2569 408 2630 gentem
439 2564 554 2629 ejus
592 2563 866 2616 malitiam.
903 2561 1038 2616 Num
1071 2561 1268 2631 aliquid
1305 2563 1532 2631 amplius
1571 2562 1780 2616 fecisti?

188 2651 380 2718 inquit.
410 2650 594 2705 Nonne
622 2653 842 2721 paucula
874 2663 1076 2706 tantum
1107 2653 1265 2706 verba
1289 2652 1489 2714 dixisti.
1517 2662 1572 2708 et
1598 2668 1782 2707 susce-

189 2749 279 2809 pta
318 2742 572 2808 petitione
610 2751 698 2795 tua
736 2751 902 2796 totum
945 2742 1072 2797 illud
1118 2743 1321 2812 grande
1360 2751 1414 2797 et
1455 2743 1776 2798 immensum

185 2831 425 2885 debitum
450 2833 661 2886 remisi?
687 2831 874 2886 Nonne
893 2843 942 2885 et
963 2845 1008 2886 te
1033 2835 1258 2888 misereri
1276 2834 1532 2904 Oportebat
1556 2836 1778 2888 conservi

185 2921 296 2987 tui,
327 2924 456 2976 sicut
478 2933 526 2976 et
555 2939 645 2992 ego
673 2924 748 2976 tui
787 2925 1019 2978 misertus
1055 2941 1166 2977 sum
1204 2926 1223 2992 ζ
1243 2922 1379 2977 Ibid.
1412 2940 1459 2977 υ.
1491 2925 1640 2996 53)?
1664 2927 1777 2991 Qua

185 3015 382 3084 dignus
407 3017 514 3070 eris
542 3016 714 3079 venia,
741 3016 788 3069 si
805 3031 907 3086 ego
930 3016 1176 3071 dominus
1202 3027 1323 3071 tuus
1342 3028 1543 3072 tantum
1570 3019 1780 3088 pondus

189 3105 492 3158 debitorum
529 3117 746 3175 propter
784 3107 870 3162 illa
909 3107 1046 3162 nuda
1076 3107 1234 3162 verba
1261 3107 1436 3163 dimisi
1469 3126 1482 3162 :
1515 3119 1570 3163 tu
1598 3118 1776 3163 autem

185 3195 433 3248 conservi
466 3197 536 3248 tui
557 3237 570 3258 ,
605 3197 694 3264 qui
725 3206 808 3251 est
831 3198 1069 3265 ejusdem
1102 3208 1338 3263 natum,
1367 3214 1472 3252 non
1499 3213 1559 3253 es
1585 3201 1777 3253 miser-

188 3295 276 3338 tns
295 3325 312 3348 ,
342 3300 513 3354 neque
543 3285 740 3339 inﬂecti
773 3287 986 3354 potuisti
1012 3328 1028 3352 ,
1057 3303 1228 3356 neque
1257 3290 1564 3342 recordatus
1589 3305 1776 3344 eorum

184 3389 311 3441 qua:
338 3387 371 3426 a
397 3389 481 3427 me
507 3373 597 3428 tibi
624 3389 877 3429 concessa
906 3386 1052 3441 sunt,
1076 3377 1233 3431 ullam
1255 3378 1777 3434 commiserationent

190 3480 304 3532 pra:
335 3475 386 3518 te
413 3465 608 3530 tulisti,
637 3467 730 3522 sed
763 3467 1082 3522 inhumanus
1108 3469 1248 3524 fuisti
1275 3481 1328 3525 et
1351 3472 1582 3526 crudelis
1601 3514 1615 3533 .
1645 3489 1779 3527 cun-

185 3554 440 3624 servique
463 3556 702 3611 misereri
731 3559 985 3611 uoluisti?
1013 3559 1212 3614 Idcirco
1233 3559 1322 3614 hic
1344 3563 1554 3618 tandem
1583 3580 1641 3618 re
1664 3565 1777 3633 ipsa

186 3646 368 3700 disces
387 3657 708 3716 qautornm
741 3650 832 3702 tibi
861 3650 959 3719 ipsi
991 3652 1250 3706 malorum
1281 3662 1468 3708 auctor
1496 3655 1679 3710 fueris.
1712 3655 1779 3709 Et

187 3741 351 3790 iratus
378 3738 611 3791 dominus
636 3741 778 3810 ejus,
807 3741 1015 3794 tradidit
1052 3742 1196 3795 illum
1234 3745 1502 3798 tortoribus
1529 3743 1698 3808 (Ibid.
1728 3762 1778 3800 υ.

188 3828 310 3897 34).
361 3827 490 3884 Vide
531 3840 586 3884 et
631 3847 772 3887 nunc
817 3833 986 3902 ipsum
1037 3835 1190 3889 irasci
1230 3835 1301 3889 ob
1342 3836 1778 3893 iuhumanitatem

187 3931 315 3986 erga
338 3931 549 3972 servum
567 3928 621 3974 et
641 3921 929 3976 tortoribus
955 3923 1100 3978 illum
1123 3925 1331 3980 tradere
1355 3943 1369 3980 :
1399 3927 1449 3982 id
1470 3931 1610 3998 quod
1635 3932 1780 3997 prius

190 4022 303 4059 nun
339 4007 492 4071 fecit,
528 4023 650 4063 cum
681 4020 759 4064 tot
791 4011 1090 4068 debitorum
1121 4030 1246 4070 reus
1277 4027 1454 4082 esset,
1485 4034 1625 4073 nunc
1665 4021 1778 4074 fieri

193 4095 359 4162 iubet.
392 4096 621 4152 Tradidit
646 4103 787 4155 enim
816 4103 961 4156 illum
991 4107 1290 4170 tortoribus,
1316 4110 1474 4162 donec
1509 4128 1657 4164 onme
1688 4112 1778 4166 de-

191 4186 350 4240 bitum
379 4189 609 4244 redderet
632 4207 654 4244 :
677 4192 847 4248 donec
865 4233 881 4256 ,
914 4195 1080 4263 inquit
1098 4235 1112 4258 ,
1142 4197 1325 4252 decem
1353 4198 1516 4253 millia
1547 4202 1740 4258 talenta
1762 4243 1780 4268 ,

192 4291 314 4343 qua:
337 4275 446 4346 jam
478 4281 698 4335 remissa
725 4292 910 4349 erant,
937 4284 1318 4341 dinumeraret.
1351 4288 1534 4360 Magna
1565 4301 1620 4345 et
1647 4293 1781 4347 inef-

195 4365 370 4418 fabilis
401 4366 489 4421 Dei
517 4369 797 4426 clementis
832 4389 844 4424 :
875 4389 996 4428 cum
1038 4376 1150 4443 ipse
1176 4378 1390 4446 quidem
1417 4381 1652 4435 debitum
1698 4397 1780 4436 re-

195 4465 432 4522 peteret,.
448 4459 513 4511 ad
541 4459 710 4512 nudas
741 4470 939 4516 tantum
971 4480 1155 4532 preces
1182 4476 1348 4521 totum
1374 4471 1594 4524 remittit
1620 4489 1633 4523 :
1657 4488 1777 4526 cum

195 4553 373 4598 autem
400 4547 452 4599 in
479 4563 791 4603 conservum
833 4552 974 4606 videt
1011 4555 1278 4609 crudi-lem
1308 4567 1362 4610 et
1389 4559 1734 4616 inhumanum
1761 4603 1779 4625 ,

197 4645 347 4686 suam
379 4647 596 4690 revocat
625 4639 1026 4706 liberalitatem,
1056 4657 1356 4701 monstrans
1384 4649 1456 4700 illi
1486 4666 1551 4703 ex
1585 4666 1643 4705 re
1667 4653 1776 4720 ipsa

196 4737 305 4788 quo
332 4735 484 4790 pacto
511 4742 614 4780 non
645 4742 750 4783 tam
780 4731 950 4797 illum,
977 4749 1132 4803 quam
1161 4752 1218 4789 se
1249 4736 1418 4805 ipsum
1446 4739 1774 4796 offendisset.

198 4813 265 4866 Et
293 4814 428 4868 sicut
468 4816 555 4871 ille
582 4823 900 4874 conservum
938 4823 988 4875 in
1025 4840 1294 4879 carcerem
1325 4831 1579 4896 eonjecit,
1609 4832 1780 4889 donec

197 4902 435 4957 debitum
463 4906 743 4961 redderet:
773 4910 839 4962 ita
866 4919 919 4963 et
949 4912 1060 4978 ip~c
1088 4916 1376 4970 tortoribus
1406 4921 1649 4984 traditur,
1678 4923 1778 4975 do-

199 5007 300 5046 nec
332 4995 471 5060 quod
507 4995 732 5050 debebat
771 5013 1091 5055 numeraret.
1125 5003 1247 5058 llmc
1273 5015 1447 5060 autem
1477 5024 1584 5063 non
1609 5011 1675 5064 de
1701 5020 1782 5065 ta~

201 5082 362 5137 lentis
381 5091 433 5137 et
451 5084 680 5138 denariis
703 5090 1011 5157 simpliciter
1032 5093 1183 5158 dixit,
1207 5097 1298 5148 sed
1321 5097 1387 5149 de
1415 5102 1644 5166 peccatis
1666 5112 1780 5156 erat

199 5185 379 5226 scrtuo
403 5183 458 5226 et
484 5173 798 5230 delictorum
839 5183 1197 5244 magnitudine
1217 5225 1232 5248 ,
1261 5194 1317 5237 ut
1345 5187 1610 5243 discamus
1633 5232 1648 5256 ,
1684 5206 1781 5245 nos

199 5264 413 5328 quidem
447 5266 767 5319 infinitarum
813 5282 1148 5333 peccatorum
1195 5289 1376 5340 pennas
1423 5277 1645 5334 Domino
1681 5281 1778 5335 dc-

202 5356 417 5416 bentes,
448 5368 661 5425 propter
693 5361 1010 5416 inell'ahilem
1044 5364 1180 5416 illius
1208 5369 1622 5424 misericordiam
1644 5415 1658 5437 ,
1692 5390 1779 5428 re-

203 5445 511 5498 missionem
555 5449 620 5499 ab
660 5448 776 5515 ipso
813 5454 1074 5520 accipere.
1105 5454 1161 5507 Si
1189 5471 1315 5508 vero
1343 5474 1463 5527 erga
1494 5475 1782 5518 conservus

203 5545 254 5586 et
286 5536 576 5603 proximos,
604 5549 656 5590 et
685 5556 798 5603 eos,
829 5543 915 5610 qui
954 5546 1192 5598 eamdem
1224 5562 1381 5614 quam
1416 5566 1510 5602 nos
1541 5561 1778 5606 naturam

201 5628 373 5681 sortiti
401 5637 560 5692 sunt,
587 5631 832 5685 crudeles
860 5643 914 5686 et
953 5633 1221 5690 inhumani
1269 5638 1519 5696 fuerimus
1543 5682 1556 5704 ,
1587 5652 1640 5697 et
1662 5660 1780 5713 qua:

204 5721 256 5773 in
289 5735 386 5772 nos
415 5723 696 5775 commissa
727 5736 846 5778 sunt
889 5742 992 5779 non
1022 5727 1382 5785 dimiserimus
1403 5774 1416 5793 ,
1451 5734 1543 5788 sed
1587 5749 1682 5802 pro
1723 5752 1780 5790 rc

205 5813 385 5869 frivola
413 5815 619 5870 molesti
648 5815 898 5878 fuerinms
925 5819 1198 5889 (quantum
1230 5824 1370 5877 enim
1400 5824 1616 5881 interest
1643 5827 1778 5883 inter

1220 444 1283 502 IN
1321 440 1472 501 Cir.
1518 439 1608 496 ut.
1635 439 1878 496 cauus.
1922 398 2148 494 llOMiL.
2195 432 2407 492 xxvu.

3356 425 3466 481 950

1870 561 2085 606 centum
2111 549 2359 604 denarios
2381 589 2396 612 ,
2428 555 2482 602 et
2508 544 2694 600 decem
2724 542 2888 598 millia
2915 543 3112 597 talents
3139 583 3153 607 ,
3181 551 3385 596 tantum
3409 552 3467 596 et

1873 645 2012 698 inter
2032 658 2093 698 ea
2120 658 2240 711 qua:
2269 657 2365 694 nos
2392 641 2442 694 in
2475 639 2758 693 Dominum
2777 679 2793 701 ,
2820 645 2876 691 et
2900 651 2962 691 ea
2985 650 3104 705 qua:
3133 649 3468 706 congeriem

1873 736 1924 790 in
1953 750 2051 789 nos
2075 732 2455 803 deliquerunt),
2483 742 2605 784 tunc
2630 738 2684 785 et
2713 743 2811 783 nos
2837 729 2888 782 in
2919 727 3334 796 indignationem
3363 725 3470 778 Do-

1873 825 2000 878 mini
2032 823 2356 886 incidemus,
2383 831 2438 876 et
2475 836 2538 876 ea
2568 836 2686 890 qua:
2711 818 2822 888 jam
2851 827 3006 871 antea
3037 816 3255 871 dimissa
3282 823 3472 880 erant,

1873 918 2081 971 solvere
2119 917 2311 971 iterum
2351 915 2402 968 in
2445 915 2726 968 tormentis
2762 926 3034 980 cogemur.
3069 909 3239 963 Porro
3264 917 3322 961 ut
3349 907 3471 962 dili.

1873 1019 2060 1078 genter
2096 1007 2364 1063 discamus
2410 1006 2712 1075 parabolam
2757 1005 2893 1058 hanc
2933 1003 3001 1057 ob
3039 1003 3336 1056 animarum
3367 1017 3470 1054 no.

1875 1112 2105 1154 strarum
2133 1101 2357 1169 salutem
2387 1115 2415 1150 τι
2446 1099 2673 1152 Domino
2700 1095 3006 1158 adductam,
3039 1095 3160 1148 andi
3189 1108 3310 1162 qua!
3337 1092 3469 1146 infeo

1875 1201 2064 1246 runtur
2091 1209 2103 1244 :
2132 1190 2222 1245 Sic
2245 1200 2292 1243 et
2326 1189 2476 1243 Pater
2501 1199 2659 1242 vester
2683 1187 2894 1242 ctclestis
2921 1186 3076 1254 faciet
3093 1186 3248 1249 vobis.
3274 1183 3472 1253 inquit,

1874 1283 1918 1336 si
1964 1299 2064 1335 non
2114 1281 2454 1349 unusquisque
2499 1279 2648 1349 fratri
2694 1295 2784 1335 suo
2835 1277 3124 1331 remiseritis
3167 1293 3194 1328 e
3236 1275 3474 1328 cordibus

1877 1376 2050 1428 vestris
2077 1374 2259 1428 delicta
2285 1373 2487 1425 illorum
2513 1371 2530 1442 (
2557 1371 2736 1424 Matth.
2764 1370 2850 1424 18.
2881 1369 2951 1424 55
2970 1367 3013 1440 ).
3042 1367 3287 1436 Magnum
3317 1381 3473 1436 para-

1878 1466 2013 1519 bolaa
2041 1465 2268 1525 lucrum,
2303 1463 2460 1515 modo
2490 1460 2764 1515 attendere
2788 1461 3136 1514 voluerimus.
3164 1457 3298 1523 Quid
3325 1457 3475 1511 enim

1881 1565 2082 1608 tantum
2117 1554 2408 1623 poterimus
2430 1552 2718 1615 dimittere,
2742 1561 2992 1620 quantum
3021 1550 3175 1603 nobis
3194 1564 3225 1602 a
3249 1548 3475 1601 Donum

1878 1645 2200 1700 dimittitur?
2231 1645 2298 1698 Et
2333 1659 2428 1698 nos
2457 1644 2672 1713 quidem
2721 1643 2764 1696 si
2811 1643 2911 1694 hoc
2953 1641 3312 1705 voluerimus,
3339 1655 3474 1694 οοιι-

1879 1739 2048 1793 servis
2077 1738 2429 1802 remittimus;
2463 1737 2559 1805 ipsi
2603 1752 2729 1789 Vero
2766 1750 2794 1787 a
2835 1736 3058 1787 Domino
3102 1734 3475 1790 remissionem

1880 1828 2190 1900 accipimus.
2224 1827 2292 1881 Et
2328 1827 2450 1881 vide
2491 1836 2544 1878 ut
2585 1826 2870 1894 diligenter
2904 1823 3109 1893 singula
3151 1832 3274 1876 sunt
3309 1821 3477 1877 dicta.

1883 1918 1997 1973 Non
2030 1919 2170 1973 enim
2199 1917 2334 1972 dixit
2373 1918 2713 1986 simpliciler,
2741 1916 2798 1972 Si
2831 1933 2935 1970 non
2963 1916 3273 1970 dimiseritis
3299 1916 3476 1970 homi-

1881 2009 2034 2062 nibus
2047 2018 2278 2082 peccata
2313 2025 2325 2058 :
2358 2007 2475 2070 sed,
2507 2007 2569 2061 Si
2599 2023 2698 2060 non
2730 2008 3070 2077 unusquisque
3097 2008 3244 2076 fratri
3270 2023 3366 2060 suo
3396 2023 3475 2060 re-

1881 2103 2116 2157 miseritis
2135 2119 2162 2156 e
2181 2102 2414 2156 cordibus
2437 2103 2608 2156 vestris
2634 2101 2819 2155 delicta
2841 2101 3064 2154 illorum.
3091 2101 3322 2155 Adverte
3343 2116 3475 2171 quo-

1882 2197 2042 2251 modo
2084 2195 2195 2249 vult
2246 2210 2340 2250 cor
2388 2203 2632 2248 nostrum
2679 2195 2730 2248 in
2775 2194 2955 2263 quiete
2994 2203 3050 2248 et
3097 2194 3477 2264 tranquillitate

1881 2302 2019 2345 esse.
2042 2295 2094 2340 et
2124 2296 2354 2340 mentem
2386 2296 2620 2340 nostram
2651 2300 2680 2337 a
2711 2285 3197 2355 perturbationibus
3223 2286 3477 2352 alienam,

1882 2377 2354 2448 aﬂectionibnsqne
2388 2379 2639 2432 omnibus
2667 2377 2888 2432 liberam
2907 2419 2924 2444 ,
2957 2379 3350 2448 plurimumque
3379 2395 3481 2434 nos

1881 2486 2006 2541 erga
2034 2471 2330 2540 proximum
2358 2469 2660 2527 dilectionis
2686 2471 2919 2526 studium
2951 2470 3248 2531 declarare.
3280 2471 3343 2525 Et
3371 2473 3480 2525 a'io

1881 2576 2095 2630 quoque
2124 2561 2240 2616 loco
2271 2561 2460 2616 iterum
2494 2559 2763 2617 dicentem
2802 2560 2992 2616 audire
3027 2561 3196 2616 licet:
3231 2561 3292 2615 Si
3321 2563 3478 2614 dimi-

1880 2653 2043 2706 seritis
2068 2653 2350 2706 hominibus
2377 2653 2562 2706 delicta
2587 2653 2815 2715 illorum.
2842 2652 3060 2706 dimittet
3082 2661 3130 2706 et
3156 2652 3292 2717 vobis
3321 2651 3478 2706 Pater

1881 2751 2037 2796 vester
2059 2743 2272 2796 crrlestis
2299 2741 2512 2812 (Matth.
2542 2742 2596 2796 6.
2629 2743 2736 2811 16).
2765 2741 2844 2797 Ne
2871 2742 3028 2812 igitur
3053 2752 3318 2812 putemus.
3350 2743 3481 2798 deus

1883 2834 1985 2887 hoc
2010 2833 2253 2895 iacimus,
2281 2847 2380 2886 nos
2404 2832 2558 2887 alteri
2582 2832 2894 2901 gratificari,
2915 2841 3007 2886 aut
3033 2848 3283 2902 magnum
3310 2833 3479 2903 qund-

1881 2925 2001 2979 dam
2028 2925 2340 2980 bent-licium
2367 2925 2503 2992 apud
2529 2925 2676 2978 illum
2703 2924 2992 2993 deponere.
3015 2923 3146 2978 Nam
3171 2925 3270 2994 ipsi
3291 2940 3478 2979 summ

1880 3017 1970 3085 qui
2015 3016 2274 3071 beneficio
2317 3015 2568 3076 fruimur,
2608 3023 2664 3069 et
2705 3017 2931 3070 multum
2981 3015 3114 3069 lucri
3163 3014 3284 3070 inde
3323 3016 3480 3072 nubis

1881 3103 2228 3158 conciliamus
2261 3121 2273 3156 τ
2305 3104 2440 3156 sicut
2466 3104 2626 3157 etiam
2655 3104 2699 3157 si
2727 3101 2829 3156 hoc
2857 3117 2961 3158 non
3003 3101 3290 3158 fecerimus
3309 3145 3326 3170 ,
3357 3119 3478 3159 om-

1883 3192 2010 3246 nino
2039 3190 2167 3245 nihil
2204 3207 2298 3247 eos
2328 3191 2520 3246 la‘dere
2561 3192 2854 3260 poterimus
2877 3233 2893 3260 ,
2931 3194 3084 3248 nobis
3129 3193 3261 3263 ipsis
3297 3203 3481 3250 autem

1883 3281 2267 3336 intolerabilem
2296 3282 2553 3351 gehennae
2581 3297 2792 3352 paruam
2818 3298 3089 3354 paramus.
3123 3283 3347 3351 Idcirco,
3380 3287 3478 3342 ob.

1883 3389 2036 3428 secro
2058 3415 2074 3440 ,
2102 3385 2160 3428 ut
2187 3375 2481 3441 cegitantes
2506 3373 2622 3429 lure
2643 3416 2658 3439 ,
2691 3391 2976 3446 numquam
3008 3377 3350 3434 admittamns
3374 3421 3390 3446 ,
3419 3389 3479 3436 ut

1882 3482 2066 3520 eorum
2102 3468 2190 3535 qui
2223 3481 2320 3520 nos
2348 3467 2731 3522 contristarunt
2754 3507 2770 3532 ,
2809 3465 2894 3521 vel
2931 3467 3063 3522 alias
3103 3469 3477 3536 offenderunt,

1883 3559 2088 3627 injuriae
2127 3560 2566 3624 reminiscamur,
2597 3558 2683 3614 vel
2727 3559 2945 3614 inimico
2973 3561 3152 3614 animo
3187 3577 3313 3632 erga
3357 3563 3482 3619 illos

1882 3649 2176 3704 afficiantur
2203 3667 2214 3701 :
2246 3649 2338 3704 sed
2372 3650 2776 3705 considerantes
2801 3661 2993 3721 quanta
3037 3654 3138 3707 huc
3168 3653 3322 3708 nobis
3346 3654 3480 3709 aﬂ'e-

1884 3751 1965 3794 rat
2006 3740 2260 3795 beneficia
2285 3781 2300 3803 ,
2333 3750 2386 3794 et
2413 3751 2663 3810 quantam
2692 3741 2832 3812 apud
2875 3742 3156 3797 Dominum
3188 3742 3431 3798 fiduciam
3454 3760 3480 3811 ε

1883 3843 1936 3886 ct
1972 3843 2094 3887 ante
2131 3833 2306 3886 omnia
2328 3873 2342 3897 ,
2374 3833 2514 3903 quod
2545 3833 2879 3888 reconciliari
2907 3849 3028 3888 cum
3061 3835 3124 3888 iis
3151 3836 3239 3906 qui
3270 3851 3370 3891 nos
3396 3837 3479 3890 in-

1878 3926 2014 3994 juria
2043 3923 2291 3989 offecere,
2319 3933 2655 3994 peccatorum
2681 3933 2984 3980 nostrorum
3007 3927 3314 3996 absumptio
3329 3944 3478 3998 quae.

1882 4017 2004 4069 dam
2035 4014 2103 4069 sit
2137 4013 2487 4070 :festinemus
2523 4024 2577 4070 et
2614 4015 2930 4071 anhelemus
2967 4024 3025 4070 ut
3063 4027 3306 4087 paratum
3353 4019 3481 4076 inde

1883 4105 2085 4158 lucrum
2116 4113 2444 4174 reputantes,
2477 4114 2582 4158 tam
2609 4104 2834 4158 officiosi
2866 4105 2918 4158 iu
2946 4121 3040 4160 eos
3070 4106 3235 4160 simus
3259 4105 3349 4175 qni
3377 4123 3478 4160 tuis

1883 4195 2240 4259 offenderunt,
2265 4211 2422 4265 quam
2451 4210 2633 4248 sunms
2660 4195 2712 4250 in
2741 4211 2834 4250 eos
2860 4196 2950 4268 qui
2977 4212 3102 4252 vere
3131 4196 3288 4252 nobis
3315 4197 3480 4252 bcnc-
3516 4235 3527 4244 .

1887 4288 2099 4343 faciunt.
2131 4287 2262 4343 Nam
2302 4287 2345 4342 si
2377 4290 2642 4358 sapimus,
2673 4304 2785 4341 non
2808 4289 2878 4342 ita
2909 4288 3062 4342 nobis
3093 4288 3346 4359 prodesse
3379 4307 3476 4360 po-

1885 4391 2058 4435 terunt
2090 4383 2178 4451 qui
2207 4381 2448 4435 benevoli
2481 4381 2532 4435 in
2564 4395 2662 4434 nos
2696 4390 2820 4435 sunt
2847 4389 2901 4434 et
2931 4381 3194 4435 demereri
3223 4383 3475 4450 cupiunt,

1887 4486 1939 4527 ut
1971 4474 2192 4529 istorum
2220 4474 2393 4528 cultus
2424 4483 2477 4528 et
2503 4473 2807 4528 observatio
2831 4473 3068 4528 divinum
3100 4473 3334 4528 favorem
3376 4491 3476 4527 uo-

1885 4564 1965 4616 bis
1993 4563 2315 4626 conciliabit,
2348 4577 2550 4630 uosque
2577 4562 2788 4615 sarcina
2814 4573 3150 4630 peccatorum
3183 4563 3399 4617 levabit.

1955 4653 2006 4704 8.
2036 4651 2114 4705 De
2139 4652 2542 4704 reconciliatione
2562 4661 2610 4703 et
2627 4668 2799 4704 amore
2816 4651 3153 4705 inimicorum.
3173 4681 3245 4692 —
3263 4654 3472 4722 Cogita,

1883 4743 2130 4806 obsecro,
2163 4741 2380 4804 dilecte,
2407 4750 2600 4810 quanta
2627 4741 2696 4794 sit
2723 4740 2880 4810 hujus
2908 4741 3116 4795 virtutis
3144 4743 3476 4813 magnitudo.
3533 4811 3536 4814 ἢ

1884 4841 1938 4886 ct
1965 4831 2109 4884 disce
2136 4832 2218 4884 vel
2249 4847 2314 4884 ex
2360 4831 2592 4899 pnumiis
2631 4846 2749 4900 qua:
2793 4840 3011 4900 propter
3055 4831 3197 4886 illam
3238 4832 3478 4888 unixersi

1890 4923 2145 4978 Dominus
2175 4924 2434 4992 promisit.
2465 4923 2594 4976 Nam
2622 4938 2741 4977 cum
2769 4923 2988 4978 dixisset
3019 4941 3032 4976 :
3067 4923 3275 4994 Diligite
3299 4927 3474 4978 iniuri-

1878 5035 1965 5070 cos
1991 5030 2192 5082 vestros,
2219 5020 2489 5072 benedicite
2508 5020 2578 5072 eis
2601 5019 2692 5088 qui
2714 5029 3076 5085 persequuntur
3095 5035 3199 5079 vos.
3224 5032 3362 5076 orate
3383 5037 3479 5087 pro
3518 5015 3524 5021 ’

1885 5109 2310 5162 calumniantibus
2337 5125 2420 5161 vos
2445 5108 2655 5182 (Matth.
2681 5107 2732 5162 5.
2761 5108 2852 5175 44)
2883 5126 2896 5158 :
2923 5109 3042 5178 quia
3075 5108 3320 5163 sublimia
3352 5123 3477 5165 sunt

1887 5209 2148 5267 praecepta
2170 5238 2184 5259 ,
2225 5212 2598 5265 summumque
2638 5197 2888 5252 verticem
2923 5199 3188 5266 tangentia
3211 5239 3224 5259 ,
3259 5199 3426 5268 inquit
3458 5217 3475 5254 :

1890 5289 1956 5342 Ut
1987 5289 2268 5358 cﬂiciamini
2293 5288 2478 5341 similes
2511 5286 2655 5339 Patri
2678 5297 2855 5349 vestro,
2991 5288 3042 5340 in
3067 5288 3203 5340 cclis
3222 5299 3295 5342 est
3321 5289 3476 5356 :quia

1885 5379 2039 5432 solem
2069 5395 2215 5430 suum
2238 5378 2360 5429 oriri
2382 5379 2501 5446 facit
2531 5393 2679 5444 super
2707 5377 2861 5430 bonos
2886 5387 2938 5430 et
2957 5379 3141 5442 malos,
3167 5388 3210 5430 et
3238 5379 3365 5446 pluit
3389 5395 3478 5432 suo

1887 5487 1974 5537 ρίαν
2009 5472 2170 5534 justas
2205 5477 2248 5520 et
2287 5468 2498 5535 injustas
2533 5466 2708 5535 (Ibid.
2743 5483 2788 5520 υ.
2832 5467 2944 5534 ιε).
2989 5467 3176 5521 Vidisti
3218 5477 3473 5536 quantum

1889 5560 2102 5613 famulas
2125 5557 2224 5611 fert
2247 5558 2496 5620 humana,
2516 5559 2596 5610 eui
2615 5557 2801 5610 similis
2823 5558 2913 5610 fiat
2932 5558 3018 5626 qui
3043 5574 3146 5611 non
3169 5558 3340 5610 solum
3365 5573 3473 5612 non

1889 5651 2158 5703 ulciscitur
2183 5664 2304 5702 eum
2334 5649 2421 5718 qui
2461 5649 2712 5711 offendit,
2741 5648 2834 5701 sed
2862 5659 2914 5702 et
2945 5663 3038 5716 pro
3069 5663 3133 5700 eo
3161 5660 3316 5700 orare
3355 5655 3475 5698 stn-

1886 5742 2016 5795 det?
2051 5741 2124 5794 Ne
2167 5742 2322 5810 igitur
2352 5739 2667 5808 negligentia
2699 5749 2876 5791 nostra
2906 5739 3101 5791 talibus
3133 5750 3231 5790 nos
3260 5733 3475 5788 fraude-

1892 5846 2007 5884 mus
2052 5831 2202 5884 bonis
2223 5869 2238 5895 ,
2276 5841 2328 5884 et
2360 5829 2588 5897 przrniiis
2612 5843 2728 5893 uiue
2754 5841 2968 5882 omnem
2995 5839 3297 5882 sermonem
3325 5831 3473 5879 tran-
