4080 6482
675 399 773 454 951

678 513 933 566 scendunt
951 530 962 565 :
979 511 1070 566 scd
1099 514 1268 569 modis
1293 515 1536 569 omnibus
1562 515 1683 567 boni
1717 514 1870 580 hujus
1895 511 2068 581 operis
2090 510 2238 563 nobis

677 618 802 655 cura
834 603 901 656 sit
921 643 935 666 ,
965 615 1287 675 cogaturque
1308 614 1361 660 et
1384 606 1654 660 erudiatur
1677 621 1827 659 mens
1852 617 1906 660 ut
1935 613 2114 673 pareat
2154 602 2243 655 Dei

681 692 981 762 praeceptis.
1012 693 1140 747 Nam
1174 704 1447 763 prepterea
1479 695 1613 749 banc
1637 695 2046 750 admonitionem
2071 705 2122 747 et
2147 708 2244 761 ego

682 798 822 838 nunc
845 784 943 838 feci
963 825 979 849 ,
1011 797 1063 840 et
1092 786 1390 854 parabolam
1418 787 1470 839 in
1493 787 1722 840 medium
1751 787 1898 840 attuli
1924 803 1937 846 ;
1971 794 2021 838 et
2050 795 2242 853 quanta

682 874 751 927 sit
798 873 952 942 hujus
996 876 1115 928 boni
1160 878 1335 944 operis
1378 877 1722 946 magnitudo,
1749 886 1802 930 et
1834 885 2084 946 quantum
2124 872 2244 927 inde

684 962 884 1015 lucrum
915 965 1065 1018 nobis
1099 977 1387 1031 accrescat,
1418 969 1645 1032 ostendi,
1684 977 1738 1020 ut
1765 981 1884 1021 cum
1913 965 2084 1019 adhuc
2111 974 2246 1018 tem—

683 1066 780 1118 pus
810 1064 910 1116 est,
936 1054 980 1107 si
1007 1055 1122 1122 quis
1147 1070 1212 1110 ex
1240 1057 1389 1111 vobis
1413 1067 1493 1112 est
1518 1057 1604 1127 qui
1632 1057 1791 1111 alium
1821 1056 2011 1110 habeat
2039 1055 2138 1108 sibi
2167 1056 2243 1106 in-

684 1141 908 1204 fensum,
939 1157 1154 1210 operam
1180 1145 1271 1199 det
1311 1156 1364 1200 ut
1387 1147 1622 1202 officiose
1663 1146 2050 1200 reconcilietur.
2081 1148 2147 1199 At
2177 1160 2242 1200 ne

679 1234 796 1298 quis
832 1232 954 1286 tuilti
995 1234 1136 1288 dicat
1167 1252 1180 1285 :
1211 1235 1385 1291 Semel
1423 1246 1578 1305 atque
1617 1239 1805 1290 iterum
1834 1237 2019 1300 oravi,
2048 1243 2103 1289 et
2137 1249 2238 1288 non

678 1323 904 1375 asseusit
932 1341 945 1375 :
974 1324 1016 1376 si
1045 1323 1143 1378 hoc
1169 1328 1372 1380 sincere
1403 1326 1672 1389 faciamus,
1706 1341 1810 1379 non
1839 1326 1983 1394 prius
2006 1325 2241 1393 quiesca-

678 1427 795 1466 mus
818 1454 833 1475 ,
861 1414 1029 1469 donec
1061 1417 1223 1470 multa
1249 1418 1528 1471 sedulitate
1552 1418 1825 1471 victoriam
1855 1418 2028 1483 adepti
2055 1457 2067 1477 ,
2097 1417 2238 1469 illum

678 1501 830 1556 nobis
855 1503 1194 1559 conciliemus
1217 1547 1230 1563 .
1260 1516 1314 1560 et
1342 1522 1369 1558 a
1398 1508 1506 1560 suis
1535 1507 1584 1560 in
1617 1521 1711 1560 nos
1752 1507 2037 1560 inimicitiis
2072 1505 2238 1558 abdu-

677 1606 878 1645 camus.
907 1593 1167 1662 Numquid
1208 1597 1277 1649 illi
1318 1596 1509 1664 aliquid
1540 1594 1830 1666 largimur?
1862 1596 1914 1649 in
1947 1610 2042 1649 nos
2073 1607 2242 1648 transp

677 1691 804 1734 eunt
831 1683 1082 1736 beneficia
1112 1704 1124 1737 :
1157 1685 1246 1739 Dei
1279 1685 1507 1740 favorem
1537 1685 1657 1739 hinc
1682 1687 2029 1754 asseqttitnur,
2062 1683 2252 1752 pcata!

680 1779 850 1821 torum
877 1780 1174 1825 nostrorum
1197 1773 1400 1827 veniam
1425 1773 1814 1842 consequimur,
1843 1788 2083 1842 magnam
2105 1777 2239 1841 apud

683 1857 958 1912 hominum
993 1859 1233 1914 fiduciam
1263 1863 1567 1932 accipimus.
1597 1862 1652 1918 Si
1683 1861 1783 1918 hoc
1811 1863 2086 1917 fecerimus
2105 1904 2120 1926 ,
2151 1878 2244 1930 po-

679 1947 896 2003 terimus
937 1964 1066 2018 pura
1110 1953 1431 2008 conscientia
1474 1953 1538 2008 ad
1578 1963 1813 2008 sanctam
1851 1954 2244 2022 terribilemque

681 2035 817 2091 hanc
843 2054 1076 2094 mensam
1105 2043 1388 2110 accedere,
1415 2054 1466 2098 et
1495 2045 1652 2100 verba
1685 2046 1768 2098 illa
1799 2061 1916 2114 qua:
1955 2047 2241 2114 precationi

682 2127 873 2182 inserta
903 2139 1045 2191 sunt,
1074 2130 1296 2188 fideliter
1319 2133 1512 2188 dicere.
1543 2134 1726 2189 Sciunt
1749 2134 1934 2188 initiati
1959 2135 2082 2204 quid
2104 2136 2243 2189 dica-

680 2226 785 2271 tur.
814 2217 1039 2272 Proinde
1062 2221 1470 2292 uniuscujusque
1493 2225 1828 2279 conscientia:
1855 2226 2092 2294 relinquo
2113 2241 2245 2295 quo-

680 2306 836 2356 modo
863 2308 1107 2361 mandato
1133 2308 1224 2362 illo
1249 2312 1480 2379 impleto,
1511 2328 1604 2381 per
1629 2309 1752 2366 illud
1780 2313 2015 2368 terribile
2039 2323 2242 2382 tempus

679 2392 792 2446 lure
835 2393 1058 2451 fidenter
1098 2399 1277 2454 dicere
1318 2403 1601 2470 possimus.
1637 2404 1786 2470 Quod
1831 2405 1874 2458 si
1918 2405 2244 2474 negligentes

680 2483 930 2538 fuerimus
952 2526 968 2550 ,
997 2495 1190 2554 quanta
1217 2488 1340 2545 hinc
1379 2492 1528 2545 nobis
1560 2491 2014 2548 condemnationis
2047 2510 2203 2548 causa
2224 2537 2238 2558 ,

678 2571 767 2639 qui
791 2587 909 2626 cum
931 2589 991 2628 ea
1017 2567 1133 2646 qum
1152 2587 1274 2632 sunt
1292 2579 1445 2635 dictis
1471 2583 1664 2634 nostris
1682 2584 1941 2636 contraria
1967 2583 2238 2648 faciamus,

680 2660 938 2718 audemus
964 2674 1160 2720 temere
1190 2668 1345 2722 verba
1374 2685 1587 2738 precum
1617 2674 1969 2740 pronuntiare,
1999 2683 2053 2727 et
2078 2673 2245 2742 majo.

679 2765 790 2805 rem
822 2753 974 2809 nobis
999 2756 1126 2824 ipsis
1156 2757 1325 2826 ignem
1354 2771 1646 2827 exstruere,
1680 2763 1915 2832 iramque
1943 2763 2035 2818 Dei
2065 2765 2116 2818 in
2145 2778 2242 2818 nos

679 2845 996 2908 provocare?
1019 2845 1232 2900 Gaudeo
1255 2857 1309 2901 et
1339 2849 1510 2917 ln-tor,
1534 2851 1652 2918 quia
1679 2852 1827 2905 video
1857 2868 1952 2906 vos
1979 2862 2119 2908 tanta
2151 2870 2242 2909 vo-

677 2931 875 2998 luptate
896 2949 1016 3002 qua:
1041 2935 1263 2991 dicimus
1296 2938 1479 2992 audire
1498 2980 1514 3004 ,
1544 2951 1598 2994 et
1627 2941 1809 3010 plausu
1839 2944 2118 2998 ostendere
2147 2960 2242 2999 vos

677 3020 889 3076 studere
925 3035 1194 3095 promptos
1217 3041 1365 3090 esse,
1391 3036 1446 3083 et
1471 3030 1538 3084 ad
1563 3031 1809 3087 dominici
1848 3034 2030 3087 moniti
2069 3034 2240 3087 adim-

679 3107 961 3174 pletionem
1003 3121 1230 3180 paratos.
1269 3115 1391 3170 litec
1429 3118 1570 3171 enim
1610 3119 1900 3172 animarum
1945 3129 2239 3176 nostrarum

681 3197 936 3252 medicina
963 3210 1044 3254 est
1065 3241 1079 3260 ,
1108 3202 1209 3256 hoc
1235 3207 1508 3259 vulnerum
1539 3215 1839 3262 nostrorum
1869 3209 2241 3278 pliarmaeum,

679 3284 794 3339 luce
815 3289 1012 3355 optima
1043 3290 1148 3344 Deo
1176 3293 1386 3360 placens
1415 3294 1517 3359 via,
1548 3297 1648 3352 boc
1673 3301 2025 3354 certissimum
2054 3303 2242 3358 anima:

680 3373 770 3427 Dei
796 3378 1022 3431 amantis
1047 3378 1316 3445 indicium,
1343 3386 1610 3454 suscipere
1631 3388 1803 3441 omnia
1833 3401 2047 3458 propter
2076 3391 2241 3460 legem

677 3463 920 3533 Domini,
954 3476 1007 3522 et
1044 3484 1074 3524 a
1114 3472 1486 3540 cogitationum
1525 3476 1828 3534 inﬁrmitate
1863 3495 1967 3534 non
2009 3480 2239 3544 retrahi,

675 3552 770 3607 sed
798 3553 1161 3613 aﬂ‘ectionibus
1196 3561 1489 3630 imperare,
1521 3567 1697 3620 animo
1733 3582 1945 3622 versare
1987 3569 2241 3624 beneficia

678 3641 830 3697 nobis
857 3657 885 3696 a
924 3643 1033 3700 Deo
1053 3649 1286 3716 quotidie
1312 3652 1565 3706 exhibita.
1609 3656 1671 3709 Et
1707 3659 2044 3726 quantumvis
2079 3675 2241 3714 conc-

679 3745 817 3796 tuur,
843 3731 930 3786 vix
952 3735 1219 3790 minimam
1242 3749 1438 3807 partem
1462 3757 1728 3812 exponere
1751 3749 2041 3814 poterimus
2059 3763 2240 3802 eorum

678 3818 758 3871 vel
795 3833 912 3887 qua:
950 3821 1074 3876 olim
1108 3824 1158 3879 in
1197 3841 1293 3881 nos
1328 3829 1514 3884 collata
1554 3843 1705 3898 sunt,
1742 3836 1823 3890 vel
1858 3852 1976 3905 qua:
2009 3838 2244 3906 quotidie

679 3907 985 3976 accipimus,
1015 3913 1095 3967 vcl
1124 3931 1240 3983 qua:
1271 3917 1321 3970 iu
1351 3918 1578 3975 futurum
1609 3927 1849 4004 reposita:
1864 3936 1986 3981 sunt
2015 3927 2169 3993 bona,
2198 3930 2242 3983 si

677 3996 997 4054 voluerimus
1032 4003 1272 4058 mandata
1318 4007 1520 4063 Domini
1565 4028 1725 4080 opere
1762 3996 2049 4085 complere.
2084 4019 2244 4088 igitur

678 4083 801 4139 hinc
835 4098 1118 4156 exeuntes,
1151 4096 1284 4147 istud
1315 4097 1362 4149 in
1392 4101 1572 4166 primis
1599 4105 1856 4171 agendum
1887 4108 2080 4176 quique
2119 4126 2240 4178 pro-

675 4186 908 4242 ponant,
939 4188 992 4232 et
1019 4184 1165 4249 quasi
1203 4185 1267 4237 ad
1309 4186 1608 4242 thesaurum
1651 4195 1934 4248 maximum
1964 4198 2237 4260 festinent,

673 4276 846 4332 neque
879 4265 962 4319 vel
1001 4269 1274 4325 minimum
1309 4272 1552 4331 dim-rant
1586 4277 1816 4335 Etiamsi
1846 4283 2024 4339 labore
2051 4289 2130 4340 vel
2163 4291 2240 4342 in—

675 4351 958 4419 quisitiunc
985 4359 1064 4412 vel
1087 4360 1242 4431 longo
1270 4363 1454 4420 itinere
1480 4384 1611 4436 opus
1639 4373 1722 4435 sit,
1751 4374 1952 4429 etiamsi
1987 4379 2240 4432 molestia.-

678 4447 854 4499 tuult:e
879 4448 1004 4509 sint,
1031 4453 1204 4505 omnia
1236 4453 1345 4509 hsce
1372 4459 1670 4514 auferamus
1699 4463 2089 4528 impedimenta.
2117 4468 2239 4524 Uni-

674 4548 736 4586 ca
766 4536 917 4591 nobis
941 4553 1066 4594 cura
1095 4543 1182 4607 sit,
1209 4549 1472 4614 quomodo
1503 4552 1802 4606 mandatum
1837 4555 2041 4611 Domini
2067 4561 2238 4613 adim-

676 4623 914 4689 plcamus
937 4669 952 4690 ,
986 4638 1037 4682 et
1062 4631 1372 4691 obediettliae
1399 4641 1551 4693 nobis
1575 4642 1822 4699 atl‘eratur
1851 4662 2075 4705 merces.
2104 4653 2236 4708 Num

677 4711 860 4779 ignoro
879 4728 1035 4783 grave
1055 4727 1107 4773 et
1129 4723 1402 4780 molestum
1428 4729 1613 4793 videri,
1639 4731 1701 4785 ad
1723 4749 1842 4787 eum
1866 4739 1953 4805 qui
1982 4737 2240 4797 hostiliter

675 4801 730 4853 in
755 4810 806 4856 te
834 4804 1052 4862 affectus
1076 4810 1162 4874 sit,
1190 4813 1356 4879 abire,
1383 4831 1604 4889 cumque
1633 4836 1697 4876 eo
1721 4825 1862 4878 stare
1883 4801 1941 4880 et
1968 4828 2145 4898 loqui?
2171 4838 2239 4886 At

674 4888 720 4941 si
747 4892 975 4949 mandati
1000 4897 1312 4967 cogitaveris
1337 4888 1641 4974 dignitatem
1669 4919 1724 4966 et
1751 4917 2010 4970 mercedis
2037 4888 2235 4990 inagni-

679 4977 933 5048 tudinem,
959 4994 1012 5038 et
1036 5002 1141 5056 quo
1170 5001 1323 5059 pacto
1351 5010 1455 5050 non
1485 4998 1536 5051 in
1565 4998 1731 5066 illum,
1763 5004 1855 5058 sed
1884 5006 1936 5059 in
1973 5017 2022 5063 te
2050 4977 2234 5066 recur-

675 5075 795 5120 rant
821 5068 1106 5148 bent-ficia,
1136 5082 1312 5137 omnia
1341 5086 1430 5140 tibi
1458 5087 1586 5142 levia
1611 5099 1664 5144 et
1699 5091 1868 5148 facilia
1900 5095 2232 5157 videbuntur.

679 5156 798 5212 Haec
837 5159 993 5229 igitur
1031 5165 1083 5221 in
1123 5173 1389 5228 mentibus
1433 5177 1628 5233 nostris
1666 5196 1964 5246 versantes.
2009 5204 2235 5248 consue-

675 5245 909 5304 tudinem
951 5266 1182 5312 nostram
1216 5263 1484 5320 vincamus
1507 5308 1521 5332 ,
1553 5269 1736 5340 piaque
1768 5245 2234 5338 mentedominica

676 5338 918 5394 mandata
950 5345 1323 5415 adimpleamus
1347 5397 1362 5424 ι
1389 5373 1490 5424 quo
1521 5369 1572 5412 ct
1608 5376 1634 5412 a
1656 5338 1876 5420 Christo
1911 5377 2233 5429 remunerari

675 5442 990 5499 mereamur,
1019 5440 1180 5504 gratia
1220 5451 1272 5496 et
1300 5448 1651 5504 misericordia
1681 5453 1927 5513 bonitatis
1952 5462 2086 5530 ejus,
2113 5467 2230 5534 qui-

672 5529 791 5568 cum
814 5516 976 5588 Patri,
1004 5535 1057 5578 et
1075 5539 1255 5583 sancto
1279 5531 1491 5600 Spiritui
1514 5540 1582 5593 sit
1604 5542 1792 5608 gloria,
1817 5516 2233 5618 imperium,ito-

675 5615 794 5669 nor,
824 5622 960 5664 nunc
982 5623 1035 5667 et
1056 5631 1283 5686 semper,
1309 5631 1362 5676 et
1391 5625 1442 5678 in
1469 5631 1658 5686 szecula
1681 5615 2014 5692 szeeulorum.
2039 5615 2228 5698 Amen.

1383 401 1438 457 s.
1480 399 1752 456 JOANNIS
1803 394 2271 454 cnnvsosront
2328 394 2638 452 manner.
2680 363 3210 455 coxsraimaor.

3816 410 3920 463 25'!

2871 511 3141 566 ilOlillJA
3187 514 3226 568 Χ
3239 513 3275 567 Χ
3289 513 3415 568 \‘lll.

2357 641 2422 694 Et
2449 644 2573 695 dixit
2607 643 2850 696 Dominus
2875 643 3012 698 Deus
3033 652 3099 699 ad
3122 647 3249 709 Nor,
3273 659 3322 702 et
3341 649 3410 701 ad
3433 650 3568 716 lilio:
3593 655 3700 723 ejus
3715 671 3826 706 cunt
3847 672 3917 713 το,

2426 734 2592 784 dicens
2617 751 2630 787 :
2657 731 2786 786 Ecce
2809 750 2897 800 ego
2925 744 3088 787 statuo
3115 747 3456 792 testamentum
3475 756 3640 793 meum
3658 745 3917 806 ratust-un,

2423 834 2466 875 et
2496 841 2607 876 cum
2632 827 2816 878 semine
2841 836 3000 880 vestro
3027 839 3134 894 post
3161 845 3263 890 vos,
3292 841 3338 884 et
3375 834 3514 885 omni
3539 836 3728 887 mxima
3755 839 3920 892 rirran

2416 912 2676 965 vobiscum
2713 924 2814 966 tam
2847 917 2898 968 in
2932 917 3245 981 volucribus,
3283 936 3432 987 quam
3468 922 3520 974 in
3556 928 3853 995 pecudibus,
3880 945 3919 982 ct

2420 1003 2647 1057 omnibus
2671 1004 2836 1058 bestiis
2861 1017 3006 1060 terra
3028 1006 3178 1074 (Gen.
3211 1008 3263 1064 9.
3287 1009 3322 1065 8
3337 1040 3380 1051 -
3402 1012 3511 1085 10).

2423 1157 2469 1209 i.
2505 1156 2627 1210 ileri
2659 1163 2923 1228 proposita
2949 1163 3334 1232 benedictione,
3366 1187 3526 1239 quam
3562 1190 3929 1246 consequutus

2347 1257 2427 1299 est
2459 1247 2568 1302 Noe
2596 1265 2624 1300 a
2654 1250 2909 1315 Domino;
2949 1256 3037 1322 qui
3068 1267 3187 1324 post
3213 1274 3482 1330 egressum
3514 1281 3576 1319 ex
3611 1281 3735 1320 arca
3763 1274 3923 1321 ιιωτρ

2348 1339 2644 1404 τιιῶῐὶαινῐι,
2683 1352 2737 1395 et
2776 1343 2967 1397 oblatis
3014 1345 3065 1400 in
3105 1352 3390 1416 gratiarum
3435 1357 3700 1413 actionem
3743 1358 3922 1413 bustis

2346 1440 2551 1496 gratum
2592 1431 2828 1487 exhibuit
2869 1435 3125 1500 animum,
3167 1441 3383 1496 ulterius
3423 1461 3595 1514 neque
3639 1449 3920 1518 progredi,

2351 1533 2517 1586 neque
2542 1517 2822 1576 lectionem
2856 1534 3018 1580 totam
3051 1544 3320 1594 enarrare,
3351 1549 3519 1602 neque
3544 1549 3800 1606 quantam
3831 1539 3922 1594 be-

2349 1610 2536 1676 nignus
2569 1613 2702 1666 Deus
2727 1629 2849 1684 erga
2872 1617 3070 1684 justum
3099 1621 3266 1673 virum
3293 1623 3670 1692 indulgentiam
3703 1637 3758 1682 et
3781 1630 3925 1683 solli-

2347 1699 2632 1752 citudinem
2663 1703 2980 1767 exhibuerit,
3009 1708 3291 1764 ostendere
3319 1713 3606 1779 potuimus.
3647 1715 3782 1771 Nam
3814 1733 3924 1774 ser-

2347 1804 2558 1843 monem
2608 1803 2865 1860 nostrum,
2897 1797 3016 1865 quia
3060 1798 3265 1869 longius
3306 1806 3639 1870 excurrchat,
3679 1810 3925 1864 celeriter

2346 1881 2687 1945 succidimus,
2721 1895 2776 1938 ttt
2823 1901 2890 1942 ne
2929 1889 3263 1946 multitudine
3301 1894 3410 1960 jam
3451 1896 3714 1954 dictorum
3752 1915 3926 1957 vestra

2348 1975 2600 2028 memoria
2631 1975 2962 2039 obrueretur,
2996 1996 3100 2034 non
3127 1983 3241 2038 sine
3263 1985 3464 2052 jactura
3490 2003 3677 2044 eorum
3699 2007 3823 2060 qua:
3848 1996 3926 2046 tli-

2349 2064 2513 2118 centla
2540 2075 2707 2119 erant.
2742 2067 2855 2121 Non
2883 2071 3022 2123 enim
3051 2073 3152 2125 hoc
3181 2075 3350 2128 solum
3373 2079 3523 2131 nobis
3547 2095 3695 2136 cum
3727 2083 3846 2149 fuit,
3876 2096 3929 2138 ut

2311 2185 2319 2198 ,ι
2349 2154 2512 2204 multa
2540 2153 2834 2208 diceremus
2866 2175 2878 2209 :
2910 2159 3001 2211 sed
3043 2171 3100 2213 ut
3144 2171 3285 2215 tanta
3306 2205 3318 2224 ,
3353 2181 3469 2232 qum
3497 2168 3642 2222 vobis
3683 2170 3841 2226 facile
3865 2176 3930 2227 sit

2347 2252 2525 2296 mente
2544 2258 2733 2312 capere
2757 2287 2772 2310 ,
2802 2263 2908 2316 quo
2932 2265 3051 2304 cum
3085 2253 3232 2308 lucro
3260 2252 3383 2310 hinc
3411 2259 3557 2312 abire
3584 2259 3761 2315 liceat.
3797 2264 3927 2318 Nam

2345 2333 2390 2385 si
2422 2348 2518 2388 nos
2545 2334 2689 2402 plura
2716 2352 2871 2404 quam
2899 2353 2993 2406 par
3016 2341 3086 2394 sit
3108 2342 3425 2411 dixerimus,
3443 2356 3498 2401 et
3525 2363 3621 2404 vos
3649 2352 3782 2406 nihil
3809 2355 3929 2410 inde

2347 2421 2477 2476 lucri
2520 2425 2839 2492 percipiatis,
2885 2444 3005 2495 quae
3049 2432 3285 2487 utilitas?
3330 2435 3569 2492 Scientes
3617 2440 3798 2508 igitur,
3831 2460 3926 2497 nos

2348 2523 2562 2580 propter
2596 2525 2823 2569 vestram
2862 2519 3141 2575 utilitatem
3184 2523 3325 2577 ltunc
3360 2525 3595 2582 laborem
3625 2531 3924 2600 suscipere,

2345 2609 2396 2654 et
2423 2601 2772 2659 sufﬁcientem
2800 2621 2897 2660 nos
2924 2610 3220 2666 mercedem
3244 2614 3512 2682 accepisse
3541 2618 3811 2673 credimus
3830 2660 3847 2683 ,
3885 2623 3924 2674 si

2346 2701 2579 2746 vestrum
2618 2694 2886 2750 videamus
2925 2699 3235 2766 profectum,
3279 2711 3333 2757 et
3363 2719 3458 2758 vos
3496 2705 3779 2775 diligenter
3806 2725 3922 2779 qua

2346 2780 2592 2838 dicuntur
2621 2794 2802 2841 tenere
2833 2789 2882 2842 in
2909 2789 3109 2844 sinibus
3137 2792 3297 2845 animi
3325 2795 3486 2848 vestri
3518 2800 3773 2864 reposita,
3798 2814 3924 2854 coe-

2347 2869 2494 2925 tinuo
2518 2887 2581 2927 ea
2613 2887 2970 2932 memorantes
3007 2890 3060 2933 et
3102 2882 3449 2939 ruminantes.
3502 2887 3755 2942 Memoria
3781 2892 3922 2944 enim

2347 2963 2470 3014 olim
2501 2964 2762 3020 dictorum
2793 2967 2948 3023 faciet
2994 2979 3051 3024 ut
3089 2973 3274 3041 majori
3319 2974 3568 3030 facilitate
3588 2977 3813 3033 dicenda
3839 2996 3922 3031 ea.

2349 3067 2472 3118 pere
2511 3056 2737 3120 possitis,
2770 3067 2926 3124 atque
2967 3060 3037 3112 ita
3080 3077 3362 3131 progressu
3406 3068 3659 3134 temporis
3701 3082 3922 3125 catt-ros

2346 3144 2502 3197 etiam
2534 3145 2742 3202 docere.
2796 3149 2849 3202 in
2893 3149 2992 3204 hoc
3029 3152 3169 3205 ettim
3212 3153 3368 3222 plane
3402 3158 3734 3226 iuvigilamus
3760 3171 3816 3214 et
3844 3163 3920 3213 iu-

2345 3233 2664 3298 cumbimus.
2698 3248 2752 3292 ut
2795 3254 2983 3294 omnes
3009 3257 3101 3296 vos
3140 3245 3359 3313 perfecti
3390 3258 3441 3300 et
3471 3254 3825 3304 consummati
3855 3257 3922 3305 si-

2347 3323 2434 3386 tis,
2457 3334 2510 3377 et
2539 3325 2668 3380 nihil
2693 3343 2876 3383 eorum
2901 3347 3018 3394 quae
3040 3334 3089 3385 iu
3111 3335 3304 3390 divinis
3331 3338 3615 3406 Scripturis
3641 3347 3894 3398 contineo
3912 3377 3924 3388 -

2349 3421 2434 3467 tur
2459 3430 2552 3470 vos
2583 3417 2760 3472 lateat.
2807 3421 3011 3476 Etenim
3052 3439 3235 3479 eorum
3283 3428 3496 3493 notitia,
3537 3431 3582 3484 si
3613 3432 3803 3501 vigiles
3842 3450 3922 3489 ao-

2347 3505 2550 3574 briique
2595 3522 2714 3563 esse
2754 3511 3000 3566 volumus
3023 3556 3038 3579 ,
3079 3525 3133 3570 et
3169 3517 3235 3571 ad
3279 3519 3513 3574 melioris
3546 3523 3669 3576 vita:
3718 3525 3920 3594 frugem

2348 3595 2633 3662 plurimum
2682 3601 2834 3656 nobis
2875 3603 3132 3669 coniferet,
3169 3606 3559 3680 alacrioresque
3603 3613 3670 3666 ad
3718 3616 3923 3668 virtutis

2347 3684 2556 3740 labores
2597 3689 2810 3744 efficiet.
2854 3693 2985 3748 Nam
3015 3711 3135 3750 eum
3173 3698 3458 3758 doceamur
3485 3704 3737 3758 omnibus
3768 3706 3924 3774 iustis

2345 3790 2586 3844 magnam
2609 3780 2747 3848 apud
2777 3782 2940 3837 Detnn
2966 3801 3084 3840 esse
3112 3787 3376 3855 fiduciam,
3403 3791 3489 3860 qui
3518 3792 3698 3846 amicti
3723 3805 3779 3848 et
3807 3808 3918 3849 tea-

2349 3867 2439 3918 tati
2465 3881 2559 3934 per
2589 3878 2751 3924 totam
2777 3873 2937 3926 vitam
2968 3889 3137 3940 suam,
3173 3881 3474 3946 patientiam
3502 3892 3556 3936 et
3579 3895 3785 3952 gratum
3809 3888 3921 3939 ani.

2348 3969 2490 4007 mum
2531 3956 2882 4026 declararunt,
2915 3973 2969 4018 et
3007 3965 3082 4020 sic
3125 3970 3338 4035 praemia
3380 3981 3503 4026 sunt
3542 3974 3720 4040 adepti
3750 3993 3765 4027 :
3794 3991 3923 4044 quo-

2348 4045 2504 4100 modo
2535 4063 2637 4112 non
2659 4061 2712 4104 et
2741 4053 2891 4108 nobis
2918 4070 3059 4111 cura:
3086 4059 3186 4112 erit
3209 4101 3224 4123 ,
3263 4070 3318 4113 ut
3346 4063 3586 4117 eamdem
3615 4063 3923 4121 incedamus

2348 4136 2499 4200 viam,
2530 4154 2636 4208 quo
2661 4150 2712 4195 et
2739 4145 2924 4199 eatlem
2964 4151 3176 4214 praemia
3208 4152 3582 4208 obtineamus?
3611 4153 3734 4210 Ideo
3759 4159 3922 4213 obse-

2345 4240 2457 4293 cro,
2484 4238 2540 4282 ut
2560 4233 2791 4298 quotidie
2815 4237 3008 4304 aliquid
3031 4242 3248 4294 accedat
3274 4243 3395 4296 boni
3420 4246 3616 4312 operis,
3638 4259 3691 4300 et
3717 4262 3924 4303 crescat

2345 4328 2578 4386 vestrum
2603 4323 2879 4378 aedilicium
2906 4329 3198 4394 spiritualc,
3221 4345 3284 4385 ac
3306 4333 3438 4384 bona
3463 4348 3623 4401 opera
3646 4351 3765 4402 qua:
3795 4339 3918 4391 olim

2346 4409 2564 4476 fecistis,
2611 4425 2764 4468 caute
2807 4418 3188 4490 diligenterque
3237 4424 3578 4489 custodiatis,
3629 4436 3684 4480 et
3730 4429 3776 4481 si
3821 4446 3920 4498 qua

2344 4500 2517 4555 adhuc
2549 4502 2914 4561 desiderantur
2934 4511 3226 4578 adjiciatis,
3257 4523 3314 4566 ut
3337 4515 3414 4568 sic
3441 4514 3492 4567 in
3516 4529 3786 4571 summum
3819 4521 3918 4574 vir-

2343 4591 2470 4643 tutis
2511 4597 2830 4660 pervcniatis
2878 4597 3162 4667 fastigium,
3212 4603 3262 4655 in
3308 4613 3540 4658 nostram
3581 4607 3829 4676 gloriam,
3870 4614 3917 4665 in

2343 4680 2740 4738 aedificationem
2767 4685 3036 4759 Ecclesiae.
3063 4691 3112 4743 in
3138 4691 3391 4772 honorem
3413 4694 3626 4751 Christi.
3654 4699 3799 4756 Sane
3823 4719 3918 4772 ego

2343 4771 2525 4825 videns
2569 4774 2880 4843 inexplebile
2910 4789 3140 4834 vestrum
3183 4765 3304 4851 ἀει
3348 4785 3675 4850 spirituaiern
3720 4765 3917 4846 doctri-

2343 4873 2460 4912 nam
2486 4862 2738 4929 studium,
2762 4867 2966 4920 etiamsi
2988 4871 3231 4926 conscios
3253 4873 3352 4928 sim
3375 4889 3579 4943 magna:
3597 4892 3732 4932 mea:
3753 4884 3910 4936 tenui-

2341 4951 2482 5013 tatis,
2516 4967 2620 5007 non
2663 4956 2954 5012 intermitto
2988 4962 3221 5027 quotidie
3267 4967 3572 5022 convivium
3609 4984 3678 5024 ex
3720 4972 3914 5029 divinis

2338 5034 2624 5106 Scripturis
2641 5057 2918 5111 apparare,
2940 5055 2995 5102 et
3016 5063 3362 5120 quacumque
3387 5054 3477 5109 Dei
3502 5060 3668 5127 gratia
3697 5063 3911 5134 propter

2337 5141 2488 5182 suam
2513 5129 2882 5201 benignitatem
2907 5146 2959 5190 et
2985 5151 3211 5193 vestram
3240 5143 3517 5200 utilitatem
3542 5129 3910 5218 suppeditave-

2338 5217 2426 5280 rit,
2452 5220 2638 5274 vestris
2664 5224 2878 5278 auribus
2904 5239 3214 5294 proponere.
3245 5232 3359 5302 Age
3385 5235 3544 5304 igitur
3565 5217 3621 5292 et
3645 5237 3805 5298 hodie
3834 5244 3932 5314 ing

2337 5305 2576 5362 dicemus
2603 5313 2807 5366 caritati
2833 5325 3021 5369 vestrae
3041 5319 3363 5377 eminentem
3393 5325 3482 5379 Dei
3511 5305 3931 5401 Ιιιείιίειιίιειιθιιι,ε

2336 5414 2493 5466 quam
2542 5399 2774 5456 humano
2811 5407 2992 5472 generi
3035 5413 3273 5474 contulit,
3303 5425 3354 5468 et
3395 5416 3464 5468 ob
3506 5418 3556 5472 id
3592 5399 3750 5488 verba

2338 5487 2477 5542 Deus
2500 5490 2564 5542 ad
2594 5490 2705 5545 Noe
2729 5493 2862 5547 dixit
2885 5495 3181 5553 aﬂ'eramus.
3200 5501 3255 5556 8.
3280 5503 3341 5556 Et
3361 5507 3490 5559 dixit
3515 5487 3659 5562 Deus
3678 5514 3749 5566 ad
3772 5487 3899 5580 Nec,

2335 5589 2379 5630 et
2400 5579 2529 5643 ﬁlios
2547 5579 2701 5633 illius.
2734 5581 3013 5651 Postquam
3036 5587 3299 5646 benedixit
3317 5595 3483 5657 illum,
3506 5608 3560 5652 et
3582 5600 3722 5655 tilica
3740 5604 3896 5673 mill,

2336 5677 2386 5718 et
2411 5667 2561 5732 dixit,
2595 5668 2810 5725 Crescite
2833 5684 2879 5738 et
2906 5678 3326 5746 multiplicamini,
3356 5697 3408 5740 et
3439 5687 3653 5743 tradidit
3679 5692 3783 5750 illis
3802 5667 3896 5752 de;

2339 5759 2554 5811 minium
2577 5775 2736 5828 super
2755 5761 2906 5830 bruta
2933 5768 3128 5834 omnia,
3157 5783 3575 5849 potestatemque
3592 5779 3742 5839 dedit
3766 5789 3906 5842 uince
