4080 6494
202 446 313 506 253

197 563 351 634 quasi
390 561 623 619 oleiibus
665 560 945 617 herbarum
973 560 1144 624 vesci,
1178 573 1275 614 nec
1303 573 1404 611 non
1433 566 1486 608 et
1513 547 1783 608 mandavit

199 664 260 710 tit
290 669 479 709 carnes
525 650 578 707 in
625 651 877 721 sanguine
917 665 1020 705 non
1061 650 1363 711 comedam,
1392 646 1566 700 adhuc
1591 658 1783 714 gerens

194 755 380 798 Curam
421 742 548 810 justi
597 752 651 796 et
705 739 1062 809 posteritatis,
1111 739 1490 806 beneﬁciisque
1539 745 1778 790 nostrum

195 847 364 900 genus
390 833 613 886 ubertim
639 829 874 886 afficiens
893 872 906 893 ,
935 829 1113 884 denuo
1138 827 1339 896 majora
1365 827 1544 895 adjicit
1575 826 1776 880 beneﬁ-

193 923 301 987 cia,
323 933 376 978 et
400 923 586 994 inquit,
604 921 844 990 Dixitque
860 920 1107 974 Dominus
1137 919 1270 974 Deus
1295 918 1410 974 Noe
1429 929 1474 972 et
1495 919 1615 988 ﬁliis
1639 917 1779 971 illius

191 1029 310 1068 mni
332 1014 464 1084 ipso,
508 1011 717 1067 dicens:
745 1014 798 1069 9.
844 1013 973 1066 Ecce
1014 1021 1180 1066 statuo
1225 1020 1571 1065 testamentum
1612 1025 1775 1062 meum

191 1103 463 1164 vobiscum,
493 1112 538 1156 et
573 1103 752 1158 semini
786 1112 948 1156 vestro
973 1112 1083 1170 post
1113 1118 1215 1166 vos,
1248 1102 1331 1158 iO.
1355 1111 1403 1154 et
1428 1101 1565 1154 antni
1592 1101 1776 1153 animo:

188 1195 370 1248 viventi
393 1194 665 1262 vobiscum,
691 1211 726 1247 a
752 1194 1036 1248 volucribus
1069 1204 1117 1247 et
1147 1193 1438 1262 pecoribus,
1470 1201 1518 1245 et
1543 1191 1772 1245 omnibus

185 1284 356 1340 bestiis
383 1295 544 1348 teme,
574 1302 897 1356 quacumque
917 1297 1034 1339 sunt
1052 1285 1318 1349 vobiscum,
1342 1294 1386 1336 et
1416 1283 1646 1338 omnibus
1661 1299 1773 1351 qua:

183 1392 385 1448 egressa
403 1387 524 1431 sunt
546 1393 608 1431 cs'
631 1394 787 1445 arca;
815 1378 900 1433 ii.
919 1386 966 1432 et
992 1386 1209 1430 statuam
1237 1386 1582 1430 testamentum
1605 1392 1768 1428 meum

180 1463 437 1519 vobiscum
459 1485 478 1520 :
502 1477 550 1520 et
588 1484 687 1522 non
730 1470 969 1522 morietur
1006 1469 1140 1521 ultra
1178 1469 1340 1522 omnis
1369 1484 1486 1521 caro
1525 1484 1588 1521 ea:
1625 1466 1766 1535 aquis

179 1552 393 1622 diluvii;
419 1575 510 1613 nec
534 1561 627 1614 erit
653 1561 787 1614 ultra
813 1561 1052 1614 diluvium
1084 1577 1247 1628 aqiue,
1272 1561 1406 1627 quod
1435 1579 1630 1615 onmem
1660 1572 1761 1615 ter-

178 1660 293 1698 ram
339 1656 646 1718 corrumpat.
710 1649 841 1716 Quia
886 1651 1171 1705 verisimile
1214 1660 1328 1706 erat
1365 1651 1563 1719 justum
1615 1653 1759 1707 illum

175 1734 355 1792 adhuc
383 1737 433 1790 in
462 1753 660 1807 angore
689 1754 837 1805 esse,
866 1752 919 1795 et
948 1753 1175 1795 mentem
1207 1743 1347 1796 illius
1374 1743 1652 1798 formidine
1681 1753 1760 1798 te-

176 1825 330 1889 neri;
370 1835 425 1883 et
457 1829 501 1882 si
543 1831 756 1903 quando
796 1833 1061 1902 ingrueret
1105 1849 1296 1903 parvus
1336 1835 1525 1905 aliquis
1567 1836 1757 1904 imber,

175 1914 411 1970 futurum
445 1919 649 1974 tristem
679 1931 730 1974 et
757 1923 1035 1976 attonitum
1056 1966 1068 1988 ,
1100 1925 1248 1993 quasi
1274 1924 1449 1979 denuo
1477 1927 1596 1980 talis
1627 1935 1761 1982 tem-

171 2013 353 2074 pestas
392 2008 646 2065 mundum
682 2011 976 2068 involutura
1013 2023 1154 2068 esset
1187 2032 1200 2068 :
1233 2015 1353 2070 ideo
1383 2025 1516 2071 utet
1546 2017 1660 2088 ipse
1692 2018 1755 2071 ﬁ-

167 2093 302 2148 dere
323 2108 502 2165 posset
532 2103 920 2172 posteritasque
945 2106 1137 2167 omnis,
1165 2106 1398 2174 optimus
1425 2108 1562 2162 Deus
1591 2109 1756 2178 probe

164 2185 343 2242 sciens
383 2189 528 2243 illum
561 2192 643 2246 vel
688 2195 959 2250 minimam
997 2212 1108 2250 rein
1151 2198 1361 2254 turbare
1409 2214 1600 2269 posse:
1631 2217 1752 2256 nam

164 2278 552 2345 praeteritorum
582 2285 906 2351 experientia
934 2285 998 2339 ad
1025 2284 1363 2344 formidinem
1392 2289 1747 2348 incuticiidam

165 2363 391 2419 multum
433 2367 591 2423 habet
628 2374 918 2427 momenti:
946 2375 1121 2444 itaque
1158 2378 1276 2446 quia
1313 2378 1598 2436 verisimile
1635 2391 1753 2438 erat

159 2453 373 2511 beatum
405 2457 542 2514 hunc
567 2477 780 2529 parvam
823 2465 892 2520 ob
935 2467 1163 2536 pluviam
1209 2468 1633 2537 formidaturum,
1665 2473 1746 2528 id-

158 2542 304 2599 circo
334 2546 590 2619 benignus
631 2552 800 2618 Deus,
839 2556 988 2623 quasi
1016 2555 1260 2611 ﬁduciam
1289 2558 1361 2614 illi
1386 2559 1744 2629 adhibiturus,

154 2636 444 2693 etahomui
465 2640 747 2698 formidine
774 2645 1028 2711 solutum,
1056 2647 1106 2701 in
1136 2664 1377 2719 magnam
1404 2653 1742 2708 securitatem

153 2733 211 2779 et
225 2726 609 2795 jucunditatem
640 2734 968 2800 inducturus,
996 2741 1254 2810 promittit
1280 2741 1376 2811 ipsi
1400 2757 1458 2798 se
1478 2744 1739 2812 ejusmodi

158 2830 369 2885 penam
399 2823 534 2876 ultra
563 2839 665 2878 non
693 2840 812 2881 esse
842 2827 1125 2884 illaturum.

223 2909 279 2963 2.
324 2911 387 2966 Ει
423 2915 634 2982 quidem
683 2919 888 2987 pridem
932 2929 987 2976 et
1021 2933 1144 2977 ante
1189 2924 1611 2982 benedictionem
1642 2927 1742 2984 hac

150 3002 470 3070 promiserat
487 3005 691 3076 dicens,
713 3013 1162 3081 quemadmodum
1184 3017 1478 3082 audivistis,
1510 3018 1628 3074 Non
1648 3021 1741 3074 ad-

149 3094 324 3153 iiciant
347 3096 482 3150 ultra
510 3110 565 3152 ut
595 3103 893 3156 maledicam
922 3116 1068 3159 terra!
1098 3107 1248 3173 (Gen.
1281 3110 1333 3164 8.
1362 3109 1456 3180 21)
1488 3128 1500 3164 :
1529 3113 1736 3170 etiamsi

148 3184 427 3241 hominum
450 3191 646 3244 malitia
677 3193 957 3260 increscat,
983 3212 1086 3252 non
1115 3208 1290 3254 tamen
1319 3217 1418 3270 ego
1447 3203 1734 3262 humanum

146 3288 318 3342 genus
346 3279 432 3332 tali
463 3281 735 3348 subjiciam
764 3300 956 3354 pmnze.
1003 3287 1134 3342 Nam
1165 3294 1514 3349 monstrando
1546 3295 1734 3352 inell‘a-

145 3364 309 3420 bilem
349 3383 498 3424 suam
539 3371 948 3445 benignitatem,
978 3378 1204 3450 idipsum
1236 3399 1376 3439 nunc
1405 3386 1577 3442 denuo
1605 3406 1734 3460 pro-

144 3457 328 3522 mittit,
361 3468 418 3514 iit
458 3459 594 3516 bene
629 3465 859 3521 conﬁdat
900 3469 1094 3540 justus,
1127 3489 1224 3528 nec
1248 3479 1445 3547 Cogitet
1469 3457 1619 3550 apud
1636 3498 1730 3550 se,

142 3559 210 3599 ac
235 3545 372 3603 dicat
403 3567 416 3604 :
449 3552 578 3606 Cum
615 3554 737 3610 olim
771 3557 1190 3616 benedictionem
1218 3545 1398 3634 generi
1428 3581 1610 3627 nostro
1636 3573 1730 3630 de-

140 3633 314 3692 disset
338 3679 353 3704 ,
386 3651 438 3695 et
482 3651 535 3696 ut
579 3645 730 3700 valde
776 3650 1217 3718 iiiultiplicaretnr
1245 3655 1454 3724 ell'ecit;
1490 3678 1731 3719 commu-

140 3742 267 3783 nem
296 3738 470 3788 tamen
499 3735 640 3792 illam
670 3740 906 3794 omnium
938 3744 1350 3803 internecioxiem
1393 3752 1610 3809 invexit.
1661 3756 1730 3813 Ut

140 3817 307 3887 igitur
325 3836 537 3879 omnem
564 3842 594 3881 e
623 3829 1033 3899 cogitationibus
1063 3835 1203 3891 illius
1229 3841 1514 3897 tumultum
1541 3846 1726 3916 expel-

139 3909 297 3976 leret,
324 3921 380 3967 et
406 3925 554 3970 certo
580 3927 847 3977 constaret
880 3922 977 3992 ipsi
1005 3938 1110 3979 non
1140 3925 1252 3982 fore
1275 3930 1411 3984 ultra
1435 3948 1548 3989 rem
1577 3936 1727 3990 simi-

138 4001 247 4055 lem
283 4003 797 4077 :Quemadmodum,
823 4012 1009 4083 inquit,
1037 4016 1291 4074 diluvium
1321 4038 1385 4076 ex
1419 4022 1725 4082 misericor-

135 4090 226 4145 dia
268 4092 466 4162 induxi,
497 4108 631 4153 utet
674 4102 871 4156 malitia
921 4105 1259 4177 impediatur,
1293 4128 1463 4184 neque
1502 4117 1724 4174 ulterius

137 4183 385 4250 progredi
410 4189 595 4254 possit,
625 4190 695 4245 ita
726 4199 780 4246 et
807 4209 947 4248 nunc
967 4196 1150 4252 eadem
1182 4183 1540 4260 misericordia
1571 4208 1724 4276 polli-

133 4288 266 4328 ceor
287 4291 371 4330 me
392 4276 442 4330 id
470 4293 572 4332 non
603 4281 736 4335 ultra
759 4282 1042 4352 facturum,
1074 4299 1129 4342 ut
1157 4294 1390 4360 seposito
1410 4296 1554 4351 omni
1581 4313 1718 4353 mm-

136 4378 266 4417 rore
312 4379 622 4434 priesentein
664 4371 823 4427 vitam
867 4376 1188 4450 transigatis.
1232 4380 1353 4436 Ideo
1382 4383 1516 4440 dixit
1550 4403 1563 4439 :
1595 4386 1725 4444 Ecce

132 4461 305 4507 statuo
330 4464 677 4512 testamentum
703 4479 886 4526 meum,
913 4465 1013 4522 hoc
1035 4477 1139 4531 est,
1167 4481 1374 4538 pactum
1405 4476 1544 4530 ineo.
1574 4478 1724 4536 Sicut

133 4542 193 4597 in
223 4542 467 4602 humanis
492 4551 718 4620 negotiis
753 4557 795 4608 si
825 4556 943 4624 quis
974 4560 1229 4626 promittit
1256 4565 1475 4634 aliquid,
1510 4580 1718 4639 pactum

134 4632 294 4697 facit,
342 4652 586 4707 magnam
635 4643 881 4711 prmbcus
927 4648 1304 4706 securitatem:
1335 4632 1401 4708 ita
1451 4632 1523 4711 ρι’
1550 4659 1720 4717 bonus

135 4725 394 4780 Dominus
425 4730 591 4800 inquit
632 4750 645 4786 :
683 4732 811 4788 Ecce
847 4747 1013 4793 statuo
1051 4749 1396 4800 testamentum
1429 4764 1613 4806 meum.
1656 4754 1717 4808 Et

132 4816 274 4870 bene
295 4817 443 4881 dixit,
469 4820 670 4885 Statua,
697 4841 792 4892 pro
812 4841 897 4891 eo,
921 4831 1058 4898 quod
1081 4841 1179 4891 est,
1207 4833 1342 4888 Ecce
1364 4852 1462 4906 ego
1485 4840 1718 4897 instanro

130 4921 197 4960 ea
225 4924 339 4976 qua:
364 4925 428 4963 ex
462 4923 795 4980 peccatorum
827 4919 1056 4985 pernicie
1083 4923 1414 4994 acciderant,
1443 4941 1495 4983 et
1535 4933 1717 4988 Statua

133 5005 484 5053 testamentum
511 5018 674 5056 meum
696 5007 944 5061 vobiscum
971 5019 1018 5062 et
1051 5027 1162 5063 cum
1196 5016 1383 5069 semine
1418 5031 1577 5074 vestro
1605 5035 1716 5091 post

130 5102 237 5139 uos.
283 5088 408 5144 Vide
453 5091 789 5148 clementiam
831 5097 1073 5167 Domini;
1113 5105 1260 5171 quasi
1303 5105 1500 5163 diceret
1545 5130 1557 5164 :
1599 5088 1712 5168 Non

134 5186 337 5231 tantum
366 5180 633 5237 vobiscum
675 5195 852 5241 statuo
894 5203 1138 5259 pactum,
1180 5197 1269 5249 sed
1312 5207 1364 5252 et
1402 5199 1467 5254 iis
1505 5204 1593 5272 qui
1621 5221 1714 5262 vos

133 5277 439 5334 sequentur,
463 5272 650 5328 stabile
669 5283 722 5329 et
749 5277 957 5333 ﬁrmum
981 5280 1095 5337 fore
1113 5287 1412 5352 pronuntio.
1445 5290 1632 5348 Postea
1658 5307 1713 5352 ut

133 5371 284 5411 suam
321 5359 554 5417 declaret
587 5365 977 5436 liberalitatem,
997 5355 1214 5443 inquit:
1245 5377 1310 5430 Et
1356 5383 1493 5433 omni
1529 5386 1715 5441 anima:

133 5449 313 5502 visenti
340 5453 610 5519 vobiscum,
636 5473 667 5510 a
693 5458 977 5515 volatilibus
997 5473 1088 5517 eta
1111 5470 1387 5534 pecoribus,
1413 5487 1460 5526 et
1483 5477 1711 5533 omnibus

137 5540 297 5592 bestiis
321 5551 483 5606 teme,
514 5560 838 5618 (parcumque
859 5561 976 5604 sunt
1004 5555 1250 5610 vobiscum
1272 5576 1333 5613 ea:
1352 5563 1583 5618 omnibus
1597 5582 1712 5635 quia

135 5646 328 5699 egressa
372 5644 488 5686 εαηι
527 5650 592 5688 (ε
624 5653 779 5703 arca;
822 5651 870 5693 et
901 5651 1117 5696 statuam
1156 5656 1500 5705 testamentum
1543 5671 1710 5711 meum

135 5719 381 5774 mbiscum
411 5739 430 5776 :
455 5733 501 5776 et
540 5742 638 5778 non
683 5730 922 5784 morietur
958 5735 1120 5789 omnis
1156 5753 1275 5792 caro
1309 5744 1442 5796 ultra
1476 5746 1539 5799 ab
1576 5762 1707 5816 aqua

123 5808 348 5870 diluvii;
379 5823 426 5868 et
453 5832 550 5868 non
583 5819 714 5871 ultra
745 5821 835 5874 erit
857 5821 1100 5880 diluvium
1130 5844 1274 5895 aqua
1293 5874 1306 5897 ,
1335 5847 1385 5887 ut
1415 5808 1705 5907 corrumpat

1267 443 1331 501 IN
1369 443 1518 500 CAP.
1561 435 1650 493 lx.
1691 431 1937 491 GENES.
1982 431 2210 488 ii0.\lll..
2257 429 2494 489 XXVIII.

3379 427 3480 487 εει

1893 563 2086 600 onmem
2111 555 2314 600 terram.
2343 545 2527 600 Vidisti
2562 553 2833 615 pactorum
2866 544 3316 617 magnitudinem’
3344 544 3478 600 vidi-

1888 646 1957 690 sti
2044 636 2458 705 promissionum
2497 634 2816 689 ineffabilem
2849 633 3255 690 lilicralitatetii?
3285 634 3476 690 Consi-

1889 725 2015 779 dera
2056 726 2324 795 anniodo
2367 726 2746 796 benignitatem
2793 741 2945 779 suam
2984 727 3160 780 denuo
3204 741 3371 796 usque
3410 727 3476 781 ad

1889 815 2039 872 bruta
2070 825 2124 869 i-t
2151 813 2290 870 feras
2315 815 2583 884 extendat,
2607 824 2658 870 et
2688 817 2878 870 merito
2897 814 3133 885 quidem.
3161 815 3310 884 Quod
3331 817 3474 872 enim

1885 919 2027 973 ωερε
2052 903 2182 970 disi,
2212 903 2314 960 hoc
2342 915 2394 960 et
2424 921 2565 961 nunc
2593 905 2733 962 dico.
2766 906 2896 961 Nam
2920 907 3037 975 quia
3064 917 3280 976 propter
3301 905 3475 963 homi-

1884 1010 2004 1048 nem
2035 993 2150 1050 huic
2171 994 2425 1064 producta
2450 1006 2592 1063 sunt,
2627 996 2745 1052 ideo
2770 1005 2823 1051 et
2860 996 3068 1052 illorum
3095 996 3473 1056 beneﬁciorum

1886 1097 2088 1157 partem
2124 1087 2321 1144 habent
2347 1103 2466 1159 quce
2496 1088 2697 1144 homini
2727 1104 2982 1145 concessa
3004 1099 3146 1145 sunt.
3177 1091 3240 1146 Et
3265 1091 3464 1147 videtui

1879 1182 2092 1251 quidem
2113 1198 2396 1238 commune
2425 1199 2544 1239 esse
2573 1192 2780 1253 pactum
2812 1183 2989 1253 ipsiet
3018 1184 3208 1250 brutis,
3237 1183 3332 1240 sed
3360 1202 3467 1241 non

1880 1272 1948 1326 ita
1985 1283 2083 1327 est.
2133 1273 2263 1328 Nam
2291 1284 2344 1328 et
2374 1273 2474 1328 hoc
2497 1273 2562 1328 ad
2591 1273 2823 1328 hominis
2847 1275 3095 1329 solatium
3125 1277 3318 1331 factum
3347 1286 3425 1332 est
3449 1318 3465 1344 ,

1879 1375 1934 1418 ut
1963 1367 2100 1420 scire
2132 1367 2295 1433 possit
2325 1367 2378 1420 in
2409 1377 2609 1441 quanto
2637 1367 2706 1422 sit
2734 1367 2957 1432 honore,
2988 1367 3129 1439 quod
3160 1385 3262 1424 non
3291 1371 3464 1427 solum

1876 1455 1928 1509 in
1951 1470 2009 1510 se
2034 1456 2362 1512 collocentur
2384 1457 2661 1519 beneﬁcia,
2683 1458 2776 1512 sed
2801 1466 3019 1528 propter
3043 1474 3101 1514 se
3126 1460 3177 1514 iii
3205 1459 3305 1515 alia
3333 1478 3465 1532 quo-

1873 1562 1976 1616 que
2019 1549 2266 1602 animalia
2307 1549 2625 1605 extendatur
2653 1549 2947 1606 liberalitas
2976 1551 3202 1608 Domini.
3254 1555 3319 1608 Et
3363 1573 3462 1612 non

1873 1637 2131 1700 morietur,
2173 1640 2359 1708 inquit,
2396 1642 2557 1694 omnis
2595 1658 2712 1696 caro
2756 1644 2888 1696 ultra
2916 1644 2979 1698 ab
3008 1661 3141 1714 aqua
3183 1647 3380 1716 diluvii,
3415 1659 3462 1704 et

1870 1743 1972 1782 non
2011 1741 2102 1784 crit
2144 1733 2278 1784 ultra
2314 1732 2578 1798 diluvium,
2617 1745 2670 1786 ut
2703 1745 2993 1805 corrumpat
3027 1753 3225 1791 onmem
3253 1747 3459 1794 terram.

1872 1819 2056 1877 Vidisti
2087 1823 2355 1891 quomodo
2381 1833 2429 1877 et
2463 1823 2626 1878 semel
2663 1833 2716 1878 et
2751 1824 2941 1879 iterum
2977 1836 3030 1881 et
3067 1829 3262 1897 smpius
3302 1830 3460 1901 polli-

1866 1922 2048 1967 ceatur
2075 1929 2131 1967 se
2157 1930 2261 1968 non
2296 1916 2428 1969 ultra
2463 1917 2821 1972 imiuissiiruui
2854 1934 3188 1974 communem
3217 1923 3454 1977 omnium

1869 2005 2306 2067 internecionem.
2336 2017 2390 2060 ut
2417 2025 2481 2062 ex
2516 2018 2692 2063 mente
2716 2010 2841 2078 justi
2877 2009 3010 2064 hanc
3041 2013 3451 2070 sollicitudinem

1863 2095 2081 2151 adimat.
2117 2109 2168 2151 et
2208 2099 2274 2153 de
2316 2098 2502 2154 futuris
2545 2101 2736 2155 bonam
2769 2117 2915 2170 Spem
2949 2103 3034 2158 ille
3068 2104 3289 2159 habeat?
3321 2105 3452 2161 Dein

1864 2205 1966 2242 non
2010 2204 2162 2244 suam
2205 2201 2443 2246 itaittt'attt
2473 2205 2751 2264 spectans.
2782 2195 2874 2249 sed
2907 2209 3142 2252 nostram
3169 2197 3451 2254 inﬁrmita-

1861 2285 1989 2342 tem,
2023 2296 2127 2334 non
2154 2290 2436 2337 contentus
2466 2295 2543 2338 est
2573 2285 2923 2354 promissione
2959 2302 3052 2342 sua
3090 2306 3248 2359 quam
3276 2291 3452 2346 verbis

1858 2372 2005 2426 dedit
2039 2392 2052 2428 :
2093 2375 2182 2428 sed
2217 2376 2405 2429 iterum
2437 2377 2670 2432 ostendit
2699 2381 2966 2449 quomodo
2997 2397 3054 2438 se
3084 2394 3280 2439 nostra:
3304 2384 3449 2440 inﬁr-

1858 2464 2023 2517 mitati
2069 2475 2412 2535 attemperct,
2459 2480 2512 2524 ct
2548 2472 2752 2541 signum
2799 2472 2888 2527 dat
2929 2491 3034 2542 quo
3065 2485 3321 2545 perpetuo
3345 2479 3448 2533 duo

1856 2562 2026 2619 ranle,
2059 2555 2147 2610 tali
2193 2566 2335 2612 metu
2388 2561 2675 2615 humanum
2716 2578 2884 2632 genus
2929 2565 3141 2621 liberari
3174 2570 3356 2637 possit,
3394 2581 3450 2627 ut

1853 2647 2059 2702 etiamsi
2105 2663 2247 2720 stupe
2289 2652 2476 2720 pluvia»
2516 2655 2852 2720 deferantur,
2891 2669 2943 2712 et
2973 2660 3215 2715 violentae
3245 2672 3450 2734 tempe.

1850 2747 2016 2793 states
2044 2741 2200 2812 ﬁant,
2231 2743 2330 2798 etsi
2358 2760 2612 2815 aquarum
2640 2763 2826 2816 magna
2850 2750 2919 2804 sit
2945 2753 3240 2819 inundatio,
3270 2772 3444 2826 neque

1849 2827 1928 2883 sic
1955 2832 2301 2886 metuendum
2334 2836 2440 2901 sit,
2471 2837 2562 2892 sed
2592 2839 2966 2896 conﬁdendum
2993 2844 3144 2899 nobis
3170 2845 3234 2900 ad
3259 2847 3442 2903 datum

1848 2918 2056 2986 signum
2087 2924 2510 2990 respicientibus.
2547 2929 2628 2981 12.
2681 2929 2746 2982 Et
2774 2932 2902 2984 dixit
2934 2932 3180 2988 Dominus
3212 2936 3345 2992 Deus
3373 2942 3442 2991 ad

1850 3005 1964 3062 Noe
2001 3025 2020 3063 :
2058 3009 2169 3063 lloc
2193 3024 2266 3066 est
2295 3014 2494 3085 signum
2524 3022 2813 3076 testamenti
2831 3025 2966 3092 quod
2996 3011 3086 3093 ego
3117 3025 3182 3079 do
3209 3027 3342 3082 inter
3366 3048 3444 3084 inc

1844 3107 1890 3152 ct
1918 3110 1978 3153 te.
2036 3100 2168 3156 Vide
2197 3117 2396 3173 quanto
2424 3104 2628 3162 honore
2652 3109 2852 3178 justum
2881 3114 3145 3185 dignatur.
3189 3119 3264 3173 ita
3296 3121 3439 3178 enim

1844 3205 1965 3242 cuin
2001 3206 2065 3243 eo
2095 3194 2380 3259 paciscitur
2404 3200 2553 3266 quasi
2587 3201 2747 3254 homo
2775 3201 2972 3258 homini
3007 3206 3251 3277 loquens,
3279 3219 3333 3266 et
3360 3213 3440 3265 di-

1841 3281 1913 3334 cit
1948 3299 1962 3334 :
1989 3280 2102 3335 Ilac
2129 3294 2204 3339 cst
2225 3287 2426 3358 signum
2457 3295 2736 3346 testctncnti
2762 3298 2899 3365 quod
2925 3315 3014 3369 ego
3041 3300 3106 3353 do
3136 3303 3266 3357 inter
3284 3322 3364 3360 me
3388 3319 3439 3361 et

1841 3379 1906 3436 te,
1944 3382 1988 3424 et
2027 3389 2222 3430 omnem
2261 3380 2484 3433 animam
2525 3382 2786 3450 viventem,
2826 3405 2939 3458 quae
2972 3393 3224 3448 vobiscum
3260 3407 3352 3462 est,
3384 3403 3437 3454 in

1839 3468 2183 3534 generationes
2202 3481 2434 3526 internas.
2470 3474 2654 3530 Vidisti
2677 3481 2947 3547 quomodo
2970 3485 3177 3554 signum
3200 3487 3432 3545 dandum

1837 3559 1983 3612 omni
2011 3559 2210 3617 viventi
2241 3564 2554 3622 duraturum
2580 3571 2654 3624 sit
2683 3572 2732 3625 in
2757 3576 3132 3643 generationes
3157 3591 3385 3637 aeternas
3409 3586 3433 3636 9

1836 3648 1951 3704 Non
1994 3653 2164 3707 solum
2204 3659 2556 3715 communiter
2598 3664 2846 3717 omnibus
2891 3668 3186 3725 viventibus
3223 3673 3315 3728 dat
3352 3677 3431 3728 si.-

1833 3757 2016 3813 gnum,
2045 3747 2139 3801 sed
2167 3757 2220 3802 et
2247 3760 2554 3822 perpetuum
2578 3767 2627 3809 et
2650 3766 2906 3814 :ctcrnmn
2931 3763 3056 3816 illud
3082 3764 3222 3829 facit,
3243 3785 3430 3840 quani-

1833 3833 1922 3890 diu
1971 3839 2201 3896 mundus
2245 3843 2516 3901 subsistet.
2572 3847 2847 3916 Quodnam
2893 3871 3019 3925 ergo
3058 3859 3267 3927 signum
3307 3865 3429 3918 cSt?

1834 3926 1921 3981 i5.
1951 3928 2136 3984 Arcton
2165 3949 2331 3987 meum
2362 3952 2495 4005 pono
2522 3939 2573 3992 in
2599 3941 2744 4008 nube,
2773 3954 2820 3997 ct
2845 3945 2938 3998 erit
2966 3947 3017 4001 in
3043 3926 3242 4020 signum
3268 3957 3428 4025 finde-

1831 4019 1904 4073 ris
1921 4019 2051 4073 inter
2077 4037 2156 4075 me
2176 4033 2222 4076 et
2247 4033 2451 4081 terram.
2483 4027 2620 4085 Ecce
2649 4043 2767 4101 post
2791 4019 3228 4104 pollicitationem
3259 4048 3422 4101 verbo

1833 4108 2043 4171 factam.
2069 4123 2123 4166 ct
2151 4112 2252 4170 hoc
2281 4118 2487 4186 signum
2512 4122 2599 4186 do,
2631 4123 2816 4179 iridem
2848 4128 3053 4196 dicens,
3077 4149 3236 4202 quam
3258 4137 3420 4209 aliqui

1833 4201 1945 4255 ﬁeri
1981 4201 2167 4259 dicunt
2191 4208 2302 4262 sole
2334 4209 2512 4265 radios
2550 4228 2676 4268 suos
2723 4231 2905 4272 contra
2949 4201 3118 4279 nubes
3154 4201 3417 4291 mittente.

1827 4291 1882 4348 Si
1926 4310 2107 4350 sermo
2145 4312 2326 4366 meus,
2367 4301 2562 4374 inquit,
2597 4322 2700 4361 non
2731 4309 2947 4378 sufﬁcit,
2980 4330 3105 4371 ecce
3131 4328 3184 4373 et
3208 4322 3416 4391 signum

1829 4384 1920 4450 do,
1948 4403 2234 4458 numquam
2261 4392 2484 4447 ulterius
2514 4398 2669 4451 talem
2704 4416 2788 4456 me
2817 4418 3027 4471 pomam
3058 4409 3417 4472 inducturum.

1828 4475 1939 4531 lloc
1987 4494 2114 4548 ergo
2162 4482 2371 4552 signum
2419 4486 2659 4544 videntes
2700 4507 2731 4545 a
2771 4494 3052 4553 formidine
3096 4501 3415 4561 liliereniiui.

1830 4569 1913 4621 Η.
1946 4569 2012 4622 Et
2037 4573 2128 4638 erit
2153 4590 2264 4626 cum
2297 4577 2603 4642 nubilavero,
2636 4583 2820 4652 inquit,
2853 4590 3007 4644 nubes
3032 4609 3185 4663 super
3207 4605 3412 4665 terram,

1827 4667 1871 4710 et
1894 4661 2154 4727 apparebit
2183 4680 2331 4717 arcus
2360 4683 2496 4721 meus
2517 4669 2569 4722 in
2590 4671 2844 4735 nube.,i5.
2871 4688 2917 4730 et
2938 4661 3242 4738 recordabar
3264 4661 3416 4742 testa;

1826 4751 1979 4802 menti
1999 4751 2114 4818 inci,
2144 4757 2280 4823 quod
2299 4769 2372 4810 est
2399 4759 2527 4813 inter
2547 4777 2626 4816 me
2645 4773 2690 4816 rt
2713 4781 2814 4827 eos,
2839 4779 2886 4820 et
2916 4769 3045 4824 inter
3073 4791 3271 4831 omnem
3299 4783 3412 4833 ani-

1827 4857 1960 4893 mam
1983 4843 2222 4897 viventem
2249 4847 2300 4900 in
2322 4851 2458 4903 omni
2481 4867 2649 4907 carne.
2682 4853 2816 4922 Quid
2846 4858 2997 4926 dicis,
3027 4878 3060 4916 ο
3101 4863 3255 4923 beate
3291 4885 3414 4938 pro-

1827 4928 2018 4998 pheta?
2061 4932 2418 5000 Rccordalior,
2455 4941 2652 5012 inquit,
2690 4953 2992 5006 testamenti
3020 4956 3144 5021 mei,
3177 4957 3276 5015 hoc
3306 4972 3407 5028 est,

1827 5023 1961 5089 pacti
1996 5025 2119 5086 mei.
2148 5031 2534 5100 promissionis,
2561 5036 2990 5110 pollicitationis;
3019 5062 3124 5102 non
3148 5053 3268 5119 quia
3296 5055 3409 5124 ipse

1823 5124 1954 5180 opus
1983 5112 2174 5169 habeat
2201 5120 2587 5189 recordatione,
2617 5126 2710 5180 sed
2743 5139 2799 5184 ut
2825 5147 2920 5187 nos
2951 5135 3017 5188 ad
3044 5112 3178 5192 illud
3197 5112 3405 5212 signum

1820 5201 2186 5272 respicientes,
2218 5208 2346 5264 nihil
2376 5210 2565 5268 durum
2603 5219 2957 5290 suspicemur,
2982 5226 3074 5281 sed
3105 5201 3282 5288 statim
3322 5252 3406 5290 re-

1822 5292 2104 5348 cordemur
2141 5297 2334 5354 divina:
2381 5305 2767 5374 promissionis,
2798 5321 2852 5367 et
2892 5316 3229 5379 conﬁdamus
3274 5327 3404 5382 nihil

1821 5399 1919 5439 nos
1945 5387 2048 5441 tale
2075 5404 2346 5457 passuros.

1888 5479 1942 5534 5.
1985 5479 2168 5536 Vidisti
2196 5495 2449 5553 quantum
2481 5488 2617 5544 Deus
2645 5508 2704 5549 se
2731 5507 2951 5569 propter
2979 5513 3214 5561 nostram
3252 5507 3402 5565 inﬁr-

1816 5571 2053 5626 mitatem
2093 5573 2354 5641 demittat,
2389 5592 2638 5649 quantam
2677 5601 2858 5642 ciirain
2901 5603 3049 5661 gerat
3093 5600 3258 5653 nostri
3303 5615 3400 5670 ge-

1814 5663 1978 5728 neris,
2009 5677 2258 5734 quantam
2288 5670 2670 5731 misericordize
2697 5684 3114 5749 magnitudinem
3138 5663 3396 5760 declaret.

1813 5768 1920 5808 non
1949 5755 2069 5826 quia
2115 5757 2390 5815 hominum
2425 5767 2826 5824 conversionem
2873 5773 3021 5839 vidit,
3066 5779 3158 5833 sed
3207 5792 3261 5835 ut
3305 5800 3398 5853 per

1813 5845 1993 5901 omnia
2019 5861 2114 5900 nos
2140 5849 2328 5905 doceat
2359 5852 2624 5923 ingentem
2657 5874 2806 5914 suam
2833 5863 3121 5924 bonitatem
3139 5870 3162 5907 ν
3202 5871 3267 5927 Et
3286 5845 3390 5930 tius
