4080 6506
682 420 787 478 255

684 546 771 588 rrtt
798 535 926 586 ultra
954 550 1082 604 aqua
1115 536 1163 587 in
1209 535 1468 597 dilui-inm,
1507 534 1575 584 ita
1614 542 1664 584 ut
1702 533 1862 586 deleat
1909 546 2099 583 aimn'm
2145 545 2255 579 mr—

683 642 790 677 uem
821 641 840 677 :
867 642 970 678 ιιοιι
993 630 1219 694 amplius
1256 628 1356 678 crit
1391 623 1649 691 ejusmodi
1689 623 1886 692 pluvia.
1930 621 2058 686 Quia
2102 619 2255 671 scivit

687 722 784 768 hoc
816 719 1001 769 limere
1041 716 1320 768 humauzuu
1349 724 1610 777 naturam,
1637 713 1755 766 vide
1794 711 2059 780 quomoda
2085 706 2254 762 couti-

682 820 786 856 nuo
817 805 913 857 hoc
943 802 1233 873 pollicetur,
1279 803 1424 872 quasi
1470 803 1656 858 dicens
1697 820 1709 855 :
1757 800 1972 854 Etiamsi
2018 798 2253 852 videritis

679 896 875 948 mullos
902 896 1097 947 imbres
1121 893 1344 956 demitti,
1375 909 1441 948 ne
1466 894 1590 964 quid
1621 891 1741 946 inde
1786 891 1977 943 durum
2015 888 2252 958 suspice-

677 984 802 1038 miui
842 994 930 1035 aut
956 985 1201 1036 tttctualis
1231 1000 1243 1034 :
1277 981 1397 1036 Non
1431 984 1570 1037 enim
1609 983 1698 1035 erit
1725 997 1854 1049 aqua
1886 982 1939 1032 in
1984 979 2249 1045 diluvium,

676 1075 743 1124 ita
774 1065 1013 1124 nﬁdelem
1040 1088 1235 1126 onmem
1263 1087 1463 1134 carnem
1491 1086 1510 1123 :
1541 1070 1657 1123 talis
1704 1069 1871 1123 imber
1901 1084 2006 1123 non
2044 1069 2143 1123 erit
2171 1068 2253 1120 ul-

674 1172 773 1227 tra,
809 1173 1004 1216 ttuuam
1036 1163 1444 1234 indignationem
1473 1177 1576 1215 non
1615 1163 1750 1232 ultra
1792 1162 2103 1230 experietur
2141 1160 2242 1213 ltu-

674 1270 884 1306 mauunt
941 1255 1238 1323 genUs.lG.
1283 1253 1348 1306 Et
1395 1255 1518 1318 erit,
1572 1254 1777 1321 inquit,
1825 1271 1974 1307 arcus
2014 1270 2154 1306 meus
2199 1260 2250 1306 iu

672 1344 798 1396 imbc
816 1385 831 1408 ,
884 1355 929 1396 et
980 1344 1148 1396 ridebo
1202 1353 1253 1396 ut
1306 1345 1537 1397 recorder
1582 1347 1858 1398 testamenti
1904 1345 2078 1398 (sterni
2123 1345 2252 1398 inter

672 1434 853 1500 Deum,
884 1445 929 1488 et
959 1435 1087 1488 inter
1117 1436 1341 1488 animam
1365 1437 1601 1490 viventem
1627 1436 1677 1488 in
1707 1437 1844 1489 omni
1862 1451 2031 1490 carne.
2055 1435 2246 1490 Consi-

669 1525 793 1581 dera
825 1527 1093 1595 quomodo
1144 1527 1330 1581 volens
1375 1525 1658 1580 humanam
1702 1536 1939 1580 naturam
1981 1525 2047 1579 ad
2089 1526 2247 1580 fidem

669 1629 722 1670 et
771 1620 974 1670 lirinam
1019 1618 1417 1686 petsuasiouem
1462 1617 1730 1681 inducere,
1781 1625 1924 1670 tanta
1967 1618 2247 1672 verborum

671 1724 797 1764 usus
839 1710 906 1762 sit
943 1708 1398 1776 attemperatione.
1432 1707 1496 1761 Et
1520 1706 1733 1774 videbo,
1766 1709 1955 1777 inquit,
1984 1715 2042 1761 ut
2069 1722 2249 1763 recor-

668 1800 762 1854 der
785 1802 1080 1852 testamenti
1110 1799 1231 1852 mei.
1261 1799 1466 1868 Ergone
1487 1799 1631 1854 visus
1657 1799 1827 1867 ipsum
1859 1799 1910 1852 in
1935 1799 2245 1853 memoriam

666 1893 810 1947 ducit
832 1893 852 1944 ?
875 1892 986 1946 Non
1021 1901 1078 1946 ut
1113 1893 1211 1945 hoc
1232 1894 1592 1962 suspicemur;
1615 1892 1786 1956 absit;
1815 1892 1906 1947 sed
1939 1902 2014 1959 ut,
2036 1891 2248 1962 quando

670 1985 913 2039 videmus
941 1986 1150 2054 signum
1191 1984 1313 2050 hoc,
1363 1984 1453 2038 Dei
1504 1984 1841 2053 promissioni
1881 1983 2245 2048 conlidamus,

666 2080 795 2135 certi
823 2094 928 2132 non
956 2093 1072 2132 esse
1100 2077 1350 2147 possibile
1387 2077 1479 2130 Dei
1512 2077 1891 2146 promissioncs
1926 2075 2245 2130 intercidere

668 2169 754 2222 l7.
799 2167 864 2221 Et
905 2169 1030 2222 dixit
1060 2166 1196 2221 Deus
1217 2208 1229 2231 ,
1261 2168 1465 2236 inquit,
1495 2167 1562 2219 ad
1610 2165 1718 2219 Noe
1746 2183 1764 2219 :
1799 2165 1908 2218 Hoc
1937 2167 2138 2236 signum
2162 2175 2238 2219 te-

666 2258 894 2312 stamenti
922 2259 1018 2312 mei
1041 2256 1174 2328 quod
1201 2257 1343 2326 posui
1372 2257 1499 2309 inter
1524 2271 1618 2318 me,
1650 2267 1698 2308 et
1739 2256 1867 2307 inter
1912 2270 2106 2308 onmem
2131 2269 2246 2306 ear-

667 2367 782 2405 ueiu
807 2366 918 2419 qua:
942 2331 1013 2404 est
1042 2365 1194 2419 super
1229 2359 1435 2402 terram.
1467 2347 1750 2417 Accepisti,
1797 2346 1988 2415 inquit,
2034 2345 2241 2415 signum

667 2443 718 2498 id
745 2443 884 2513 quod
911 2441 1032 2498 dedi
1066 2443 1204 2497 inter
1232 2457 1316 2497 me
1341 2451 1393 2495 ct
1419 2455 1630 2494 omnem
1656 2454 1868 2494 carnem
1908 2455 2025 2509 qua:
2054 2447 2134 2493 est
2157 2452 2246 2491 su-

665 2547 762 2604 per
790 2543 1009 2588 terram.
1037 2531 1114 2588 Ne
1137 2532 1272 2587 ultra
1300 2528 1640 2587 confundaris
1670 2538 1866 2594 mente,
1911 2543 1978 2584 ne
2019 2528 2246 2583 tui-beris

665 2624 844 2678 animo
876 2641 888 2678 :
920 2623 1010 2679 sed
1039 2623 1104 2678 ad
1131 2621 1231 2677 hoc
1261 2622 1484 2691 respice,
1511 2630 1564 2676 et
1591 2621 1703 2689 ipse
1748 2619 1935 2674 bonam
1969 2634 2116 2688 spem
2148 2618 2246 2671 lia-

669 2715 813 2780 bcto,
847 2722 900 2769 et
927 2729 1115 2768 omnes
1153 2713 1242 2783 qui
1284 2720 1402 2783 post
1440 2722 1490 2767 te
1529 2710 1688 2766 futuri
1735 2720 1856 2765 sunt
1895 2710 2016 2764 hinc
2056 2723 2247 2764 conso-

671 2805 922 2862 lationem
963 2807 1264 2876 accipiant:
1305 2815 1360 2860 et
1404 2812 1650 2874 aspectus
1695 2804 1828 2874 signi
1878 2803 2120 2856 fiduciam
2167 2805 2246 2856 eis

663 2907 904 2968 praestet,
934 2897 1073 2968 quod
1104 2911 1388 2966 numquam
1416 2896 1533 2950 talis
1562 2904 1848 2966 tempestas
1876 2906 2068 2950 terrain
2102 2895 2245 2949 inva-

662 3004 786 3045 sura
829 2989 918 3043 sit.
953 2988 1083 3043 Nam
1118 2987 1360 3058 quamvis
1407 2996 1620 3056 peccata
1662 2985 1935 3040 hominum
1979 2996 2246 3053 crescam,

664 3095 762 3150 ego
794 3091 967 3134 tamen
994 3094 1114 3150 quat
1146 3077 1361 3149 promisi
1391 3075 1726 3146 adimplebo,
1759 3084 1812 3130 et
1841 3091 2125 3146 numquam
2164 3087 2246 3129 tu.

665 3169 770 3225 lem
811 3169 1222 3239 indignationem
1254 3170 1305 3222 in
1332 3182 1518 3222 omnes
1536 3165 1820 3222 exhibebo.
1853 3165 2067 3222 Vidistis
2087 3183 2246 3238 quant

666 3260 852 3329 ingens
891 3259 960 3313 sit
987 3257 1193 3312 Domini
1235 3255 1482 3312 bonitas?
1524 3254 1729 3310 vidistis
1763 3264 2014 3325 quantum
2040 3256 2105 3310 ad
2152 3273 2247 3311 no-

673 3361 839 3405 stram
868 3349 1118 3403 vilitatem
1147 3347 1324 3402 verbis
1349 3363 1409 3402 se
1434 3346 1716 3401 demittat?
1743 3345 1949 3400 vidistis
1971 3346 2085 3416 ejus
2120 3360 2244 3415 erga

667 3456 764 3496 nos
801 3439 1145 3510 providentia:
1176 3437 1637 3509 magnitudinem?
1667 3437 1870 3493 vidistis
1891 3439 2245 3508 promittentis

666 3529 1070 3587 liberalitatem?
1096 3529 1210 3584 Non
1238 3529 1383 3585 enim
1416 3529 1732 3586 beneficium
1775 3541 1929 3584 suum
1973 3544 2139 3599 usque
2177 3527 2246 3584 ad

665 3624 820 3690 duas,
859 3623 938 3678 vel
968 3630 1096 3684 tres,
1129 3621 1210 3676 vel
1237 3619 1419 3676 decem
1447 3621 1816 3690 generationes
1853 3618 2110 3683 extendit,
2151 3619 2244 3674 sed

669 3713 911 3782 promisit
965 3711 1216 3782 quamdiu
1253 3710 1504 3766 subsistet
1541 3709 1768 3766 mundus
1812 3708 2242 3765 extendendum:

668 3814 726 3860 ιιι
745 3821 810 3870 ex
838 3814 1060 3874 utroque
1084 3802 1476 3859 emendatiores
1494 3801 1801 3868 reddamur,
1829 3810 1884 3856 et
1907 3815 1971 3856 ex
2011 3816 2076 3856 oo
2104 3799 2244 3871 quod

670 3899 745 3954 illi
774 3907 994 3970 pr0pter
1018 3895 1410 3951 multitudinem
1451 3904 1784 3965 peccatorum
1829 3893 1920 3949 tali
1963 3908 2118 3965 parua
2152 3909 2248 3964 pu-

671 3991 763 4045 niti
790 3999 934 4054 sunl,
957 3997 1011 4044 et
1031 4003 1099 4044 ex
1125 4002 1191 4043 eo
1214 3985 1355 4058 quod
1378 3986 1464 4041 ille
1487 4001 1579 4056 per
1603 3985 1920 4041 ineffabilem
1949 3987 2248 4042 miscricor-

669 4081 809 4134 diam
837 4093 1008 4144 suam,
1037 4091 1136 4133 nos
1161 4085 1302 4131 tanta
1329 4076 1682 4147 promissione
1703 4075 1949 4145 dignatus
1977 4085 2078 4131 est.
2114 4075 2244 4130 Nam

669 4172 916 4229 cordatos
964 4169 1219 4226 beneficia
1269 4168 1437 4234 magis
1479 4183 1636 4238 quam
1691 4180 1860 4236 piens:
1905 4167 2147 4221 alliciunt
2183 4166 2248 4222 ad

671 4263 920 4318 mandata
946 4259 1226 4317 servanda.

748 4352 880 4408 Deus
908 4353 1056 4406 etiam
1085 4350 1423 4421 peccatoribus
1461 4348 1724 4420 benignus,
1767 4357 1953 4418 quanto
1983 4347 2142 4418 magis
2161 4349 2251 4418 ju-

673 4446 786 4500 stis.
823 4474 893 4486 -
917 4444 1076 4515 Igitur
1105 4460 1170 4498 ne
1197 4445 1360 4497 simus
1389 4443 1596 4512 ingrati.
1623 4440 1750 4496 Nam
1781 4443 1824 4495 si
1853 4457 1948 4496 nos
1968 4453 2250 4512 antequam

676 4538 838 4592 ullum
890 4537 1139 4592 bonitatis
1179 4535 1446 4604 specimen
1490 4534 1906 4599 exhibuerimns,
1956 4534 2061 4588 imo
2091 4535 2249 4588 etiam

673 4643 793 4681 cum
825 4625 994 4696 poenis
1021 4626 1176 4694 digna
1216 4625 1517 4688 fecerimus,
1546 4634 1686 4677 tanta
1708 4624 1952 4694 dignatus
1975 4635 2059 4679 est
2087 4625 2250 4680 bene-

679 4719 887 4773 ficentia
918 4734 934 4771 :
965 4718 1008 4771 si
1033 4715 1166 4786 grati
1196 4713 1469 4781 fuerimus,
1496 4725 1551 4768 et
1574 4714 1639 4768 de
1665 4715 1926 4784 prioribus
1949 4716 2144 4784 gratias
2171 4730 2254 4769 re-

678 4810 974 4874 tulerimus,
1000 4808 1529 4875 converterimusque
1559 4820 1656 4858 nos
1677 4805 1742 4858 ad
1788 4803 2028 4870 meliora,
2059 4815 2251 4874 quanta

679 4912 788 4956 tum
812 4899 1035 4970 denique
1061 4914 1157 4954 nos
1187 4899 1488 4969 dignabitur
1515 4897 1828 4952 liberalitate
1857 4907 1909 4950 et
1949 4898 2155 4965 gratia?
2197 4898 2252 4953 Si

677 4994 817 5047 enim
848 4990 1073 5060 indignis
1100 4991 1167 5044 ita
1199 4989 1480 5054 benefacit,
1509 4999 1560 5043 et
1586 4998 1690 5042 tam
1721 4989 1978 5058 benignus
2005 4999 2088 5044 est
2133 5004 2255 5058 pec-

678 5085 978 5149 catoribus;
1001 5084 1042 5138 si
1073 5099 1100 5135 a
1129 5082 1359 5152 peccatis
1392 5081 1770 5144 destiterimus,
1795 5091 1849 5134 et
1892 5082 2138 5136 virtutem
2169 5095 2254 5135 se-

678 5192 904 5244 ctemur,
928 5195 1045 5249 qua:
1071 5194 1172 5232 non
1199 5176 1574 5245 consequuturi
1603 5177 1819 5229 sumus?
1849 5177 2129 5232 Enimvero
2156 5177 2254 5233 bac

677 5271 742 5326 de
767 5286 922 5326 causa
952 5269 1095 5338 prior
1125 5269 1238 5336 ipse
1267 5267 1427 5320 multa
1455 5267 1507 5320 in
1535 5281 1631 5320 nos
1655 5267 1908 5320 benclicia
1938 5267 2162 5331 confert,
2194 5277 2248 5322 et

678 5380 796 5416 ι·ιιιιι
840 5361 1252 5432 peccaverinuts,
1287 5361 1476 5413 iterum
1504 5359 1655 5412 nobis
1683 5359 1888 5412 veniam
1920 5361 2170 5429 impartit,
2196 5369 2247 5414 et

679 5453 928 5522 supplicia
956 5465 1061 5506 non
1091 5465 1123 5506 e
1153 5449 1373 5519 vestigio
1405 5447 1560 5504 infert
1589 5466 1601 5502 :
1633 5459 1688 5502 ut
1721 5464 1814 5517 per
1843 5450 2018 5503 omnia
2045 5466 2141 5504 nos
2169 5451 2248 5503 al-

679 5545 842 5610 liciat,
881 5552 937 5598 et
964 5541 1090 5596 dum
1113 5539 1396 5606 benefacit,
1426 5548 1479 5593 ct
1499 5539 1624 5594 dum
1669 5540 1877 5594 tolerat.
1911 5539 2064 5610 Smpe
2089 5542 2246 5596 etiam

675 5634 801 5689 dum
832 5633 1036 5703 aliquos
1061 5632 1232 5702 punit,
1265 5631 1397 5685 alios
1422 5643 1517 5700 per
1541 5629 1640 5684 hoc
1667 5630 1917 5685 inducere
1945 5630 2071 5696 vult,
2098 5641 2154 5685 ut
2182 5632 2247 5685 il-

681 5728 848 5778 lorum
889 5731 1031 5777 metu
1063 5722 1323 5793 castigati,
1360 5721 1600 5791 supplicii
1645 5720 1937 5791 periculum
1975 5721 2244 5791 cll'ugianl.

690 5813 876 5871 \idisti
933 5817 1320 5885 sapientissimi
1359 5820 1452 5876 Dei
1485 5818 1868 5891 benignitatem
1891 5855 1906 5883 ,
1983 5815 2248 5884 Quomodo

1387 420 1439 476 S.
1483 417 1756 474 JO.\NN|S
1794 414 2261 471 (illitYSOSlOlll
2292 412 2603 466 AlllilllEP.
2638 415 3164 471 CONSTANTINUP.
3843 422 3932 472 ΞΜ)

2362 528 2536 580 omnia
2567 544 2684 597 qua:
2731 545 2822 598 per
2868 530 3037 598 ipsum
3087 534 3235 594 littttl,
3288 542 3500 601 pri-pler
3541 549 3700 584 llllllllt
3751 537 3930 594 Solum,

2362 635 2550 690 nempe
2579 621 2767 675 salutis
2807 632 3000 675 liOall‘Zl!
3031 637 3188 676 causa
3224 627 3384 676 fiant?
3431 623 3552 678 lli-c
3599 627 3722 691 il.th
3745 641 3774 676 e
3805 629 3930 692 iugi-

2361 722 2553 777 tantes,
2587 729 2650 766 uc
2678 715 2842 766 simus
2871 712 3102 777 desides,
3136 731 3200 768 nc
3224 716 3472 768 virtutem
3507 717 3850 784 negliganms.
3880 737 3932 766 in:

2361 815 2734 872 przctereamus
2762 805 2905 874 leges
2926 806 2991 860 ab
3021 807 3109 859 illo
3135 816 3382 860 statutas.
3413 807 3542 860 Nam
3567 809 3608 860 si
3635 808 3827 861 viderit
3849 827 3934 859 um

2357 896 2616 962 converti,
2649 907 2704 950 et
2732 898 3027 966 quiescere,
3059 907 3109 950 et
3144 900 3458 967 principium
3482 898 3692 967 aliquod
3723 918 3931 966 pum-rc.

2358 987 2471 1056 ipse
2497 1005 2708 1058 quoque
2738 1006 2828 1044 sua
2856 993 3011 1046 simul
3041 993 3247 1052 afferet.
3292 993 3548 1062 facietque
3579 995 3731 1047 nobis
3765 996 3933 1046 Ortini:

2357 1075 2491 1130 levia
2519 1090 2571 1131 et
2600 1078 2791 1143 facilia,
2823 1092 2875 1134 et
2906 1097 3009 1135 non
3066 1085 3338 1151 permittet
3383 1093 3436 1136 nt
3483 1085 3693 1135 virtutis
3738 1087 3936 1135 lnlmn‘i

2355 1167 2660 1221 sentiamus.
2692 1169 2819 1222 Nam
2843 1172 3055 1240 quando
3076 1173 3249 1226 anima
3273 1174 3340 1226 ad
3373 1174 3534 1226 Deum
3561 1174 3933 1241 cogitationi-tn

2355 1268 2504 1308 suam
2552 1257 2796 1324 intendit,
2836 1275 2939 1312 non
2975 1261 3084 1329 jam
3134 1259 3306 1330 decipi
3359 1273 3528 1331 potest
3571 1277 3600 1315 a
3653 1265 3935 1316 visibilium

2352 1355 2570 1414 aspectu
2603 1365 2616 1402 :
2646 1350 2736 1403 sed
2764 1351 3079 1420 praeteriens
3106 1352 3281 1405 omnii
3313 1369 3376 1405 ea
3407 1369 3526 1421 qum
3558 1369 3664 1406 non
3699 1353 3934 1407 videntur

2352 1437 2719 1506 corporalibus
2759 1439 2950 1506 oculis,
2997 1443 3132 1510 qurc'
3156 1441 3355 1494 nullam
3400 1442 3576 1494 sciunt
3623 1444 3938 1496 vicissituth

2353 1541 2497 1591 nem,
2525 1528 2618 1582 sed
2651 1540 2903 1598 perpetuo
2928 1541 3164 1595 manent,
3194 1533 3402 1601 lisaque
3427 1541 3550 1585 sunt
3591 1548 3652 1586 ac
3698 1535 3934 1599 immota,

2353 1616 2662 1687 diligentius
2707 1620 3028 1688 speculatur,
3081 1637 3239 1692 quam
3283 1639 3344 1676 ea
3392 1639 3509 1692 qnze
3553 1625 3604 1676 in
3650 1639 3936 1694 conspectu

2351 1716 2477 1762 sunt
2502 1709 2692 1776 posita.
2739 1708 2897 1765 Tales
2921 1711 3062 1765 enim
3095 1712 3290 1766 mentis
3317 1722 3438 1766 sunt
3467 1712 3628 1778 oculi,
3663 1715 3754 1784 qui
3783 1714 3851 1769 ad
3879 1717 3938 1769 il-

2352 1796 2523 1852 lorum
2562 1801 2926 1868 spectaculum
2957 1801 3210 1856 continuo
3253 1801 3551 1866 intendunt,
3597 1813 3653 1856 et
3695 1805 3939 1874 supernis

2352 1891 2516 1946 radiis
2539 1892 2808 1957 illustrati,
2837 1893 3014 1947 omnia
3055 1908 3174 1968 quae
3217 1894 3270 1948 in
3318 1893 3415 1946 hac
3442 1895 3548 1947 vita
3599 1907 3747 1960 sunt,
3791 1899 3938 1964 quasi

2351 1981 2590 2036 umbram
2621 1993 2674 2038 et
2693 1983 2978 2048 mmitium,
3005 1991 3286 2038 transeunt
3312 2001 3325 2038 :
3361 1999 3464 2038 non
3493 1987 3582 2039 ulli
3611 1987 3748 2039 ultra
3778 1989 3938 2042 dece-

2352 2073 2516 2141 ptioni
2540 2073 2752 2126 obnoxii
2781 2082 2922 2134 sunt,
2953 2088 3124 2144 neque
3149 2075 3520 2130 circumveniri
3553 2089 3814 2146 possunt;
3845 2079 3934 2133 sed

2350 2165 2555 2218 etiamsi
2578 2179 2708 2232 opes
2737 2165 2986 2228 viderint,
3019 2166 3198 2219 statim
3227 2165 3492 2231 derident,
3533 2174 3766 2222 scientes
3801 2170 3938 2239 quod

2349 2254 2566 2325 fugitivo
2585 2257 2772 2324 quovis
2793 2254 3118 2311 infideliores
3143 2257 3210 2312 ab
3237 2272 3340 2312 uno
3364 2257 3430 2312 ad
3452 2243 3620 2313 alium
3638 2270 3933 2315 transeant.

2349 2356 2404 2400 et
2425 2362 2710 2415 numquam
2734 2347 2869 2418 apud
2892 2348 3136 2403 eumdem
3163 2350 3472 2416 subsistant,
3495 2361 3545 2406 et
3573 2353 3776 2407 infinita
3808 2359 3938 2410 mala

2353 2437 2744 2506 possidentibus
2768 2437 3010 2501 afferant,
3044 2453 3177 2508 quos
3207 2448 3259 2494 et
3297 2440 3348 2494 in
3379 2440 3552 2512 ipsum
3601 2444 3847 2511 malitiae,
3888 2457 3941 2499 ut

2351 2526 2418 2580 ita
2451 2527 2644 2592 dicam,
2676 2529 3020 2596 praecipitium
3051 2531 3306 2599 impulsos
3331 2533 3634 2588 deturbant.
3662 2534 3797 2589 Etsi
3820 2553 3939 2591 eor-

2352 2619 2493 2687 poris
2535 2617 2916 2672 fortttosilatnrm
2964 2636 3147 2674 rursus
3185 2621 3362 2675 intuiti
3407 2624 3641 2684 fuerint,
3693 2641 3804 2679 nou
3856 2630 3940 2682 illa

2348 2707 2744 2772 subvertantur,
2776 2711 3072 2779 cogitantes
3103 2719 3208 2764 tam
3240 2710 3432 2766 ﬂuxam
3455 2724 3507 2767 et
3537 2713 3845 2771 instabilem
3875 2720 3939 2772 il-

2350 2796 2453 2852 lam
2493 2814 2632 2864 esse,
2677 2809 2733 2853 ut
2780 2801 3163 2868 superveniens
3205 2803 3424 2858 morbus
3469 2817 3689 2873 repente
3720 2824 3935 2863 omnem

2348 2887 2490 2942 illam
2519 2888 2741 2943 formam
2766 2889 3035 2955 obscuret,
3064 2900 3117 2945 et
3142 2903 3194 2944 ul
3224 2907 3621 2965 nonnumquam
3645 2906 3773 2951 ante
3804 2915 3942 2951 utor-

2349 2982 2496 3043 bum,
2529 2984 2573 3036 si
2596 2982 2843 3036 invaserit
2869 2993 3136 3048 senectus,
3163 2984 3344 3051 facies,
3375 3002 3492 3056 quzc
3521 2998 3676 3042 antea
3703 2988 3940 3044 formosa

2349 3083 2484 3138 erat,
2515 3070 2603 3126 liat
2632 3072 2882 3126 deformis
2935 3083 2988 3126 et
3019 3075 3300 3142 injucunda
3337 3094 3349 3129 :
3375 3093 3519 3130 mors
3545 3090 3722 3133 autem
3753 3096 3944 3151 supcr-

2349 3166 2586 3229 venlens,
2616 3179 2830 3220 onmem
2855 3166 3096 3235 corporis
3125 3166 3571 3236 pulchritudinem
3618 3173 3832 3239 perdat.
3877 3175 3938 3228 Et

2346 3255 2391 3308 si
2423 3269 2578 3324 quem
2609 3254 2834 3308 viderint
2862 3254 3029 3323 gloria
3056 3265 3111 3310 et
3135 3259 3369 3324 potentia
3399 3258 3744 3327 instructum,
3776 3273 3833 3317 et
3856 3267 3944 3334 qui

2349 3347 2400 3400 in
2422 3361 2687 3400 sumntum
2711 3347 3025 3417 dignitatum
3053 3351 3308 3406 verticem
3338 3356 3663 3419 pervenerit,
3691 3358 3947 3426 omnique

2349 3435 2603 3492 felicitate
2629 3435 2854 3504 fruatur,
2881 3438 3040 3493 etiam
3071 3439 3216 3494 illum
3250 3451 3591 3510 pra‘tereunt,
3626 3445 3783 3513 quasi
3817 3448 3944 3500 nihil

2347 3527 2540 3583 stabile
2564 3536 2620 3582 et
2647 3527 2873 3582 solidum
2903 3528 3210 3596 habentem,
3251 3530 3345 3585 sed
3382 3532 3449 3586 de
3486 3533 3588 3586 illis
3619 3535 3945 3602 gloriantem

2351 3633 2472 3689 qua)
2521 3618 2827 3674 fluminibus
2877 3620 3006 3690 ipsis
3059 3635 3224 3692 ocyus
3274 3625 3748 3692 prtetcrlabuntnr.
3807 3627 3943 3693 Quid

2352 3712 2496 3766 enim
2540 3712 2685 3766 omni
2723 3711 2876 3781 hujus
2906 3712 3027 3766 vita:
3051 3713 3217 3782 gloria
3253 3715 3427 3780 vilius,
3457 3730 3573 3784 qua.
3604 3715 3726 3771 flori
3760 3718 3939 3774 herba:

2349 3803 2660 3859 confertur?
2694 3804 2871 3858 Omnis
2913 3803 3056 3859 enim
3101 3805 3268 3875 gloria
3310 3806 3546 3878 hominis,
3582 3809 3784 3880 inquit,
3817 3813 3942 3864 sicut

2349 3897 2446 3965 flos
2470 3897 2590 3965 [miti
2619 3894 2768 3967 (Isai.
2800 3896 2889 3950 ιο.
2920 3895 2988 3962 6;
3020 3897 3071 3952 l.
3101 3895 3216 3950 Pet.
3252 3898 3300 3951 Ι.
3331 3895 3445 3967 υ).

2422 3987 2475 4041 4.
2524 3986 2757 4053 Vidistis,
2785 3987 2984 4052 dilecti,
3014 4003 3171 4058 quam
3194 3998 3352 4045 acute
3386 3989 3601 4044 videant
3628 3993 3778 4048 oculi
3805 3993 3940 4056 fidet,

2351 4075 2396 4130 si
2421 4075 2630 4146 quando
2659 4077 2706 4129 in
2741 4076 2902 4130 Deum
2930 4093 3079 4131 meus
3105 4078 3303 4133 intenta
3332 4076 3528 4134 fuerit?
3558 4082 3774 4137 vidistis
3801 4100 3930 4154 quo-

2355 4166 2514 4220 modo
2540 4182 2569 4221 a
2597 4168 2738 4220 nulla
2783 4185 2838 4222 re
2875 4168 3070 4223 visibili
3110 4170 3281 4240 decipi
3325 4181 3565 4241 possunt,
3616 4175 3709 4228 sed
3744 4187 3942 4230 rectum

2356 4259 2548 4314 habent
2577 4275 2751 4315 rerum
2769 4261 3048 4330 judicium,
3077 4277 3247 4332 neque
3277 4263 3329 4316 in
3355 4263 3462 4317 ullo
3485 4263 3787 4321 falluntur?
3813 4267 3942 4331 Sed.

2355 4353 2397 4406 si
2427 4363 2633 4422 gratum
2661 4362 2759 4418 est,
2793 4355 2985 4407 iterum
3012 4354 3076 4407 ad
3106 4364 3411 4409 contextum
3453 4364 3720 4412 sermonis
3768 4376 3946 4416 rever-

2358 4454 2549 4508 tamur,
2588 4453 2640 4497 et
2670 4446 2853 4512 paucis
2880 4445 3162 4512 propositis
3193 4445 3350 4499 linem
3381 4445 3628 4516 loquendi
3659 4447 3945 4515 faciamus,

2355 4544 2414 4590 ut
2453 4535 2716 4590 dictorum
2759 4539 3013 4591 memoria
3055 4539 3218 4593 menti
3263 4548 3457 4594 vu-slrm
3497 4539 3771 4610 inligatur.
3818 4544 3944 4597 Nam

2359 4637 2632 4695 postquam
2659 4626 2928 4694 Scriptura
2969 4642 3273 4682 sermonem
3312 4629 3379 4684 de
3417 4631 3599 4685 divino
3628 4635 3789 4703 signo
3829 4639 3946 4689 lini-

2359 4716 2452 4780 vit,
2481 4730 2577 4769 nos
2604 4716 2798 4770 iterum
2827 4718 3019 4772 docere
3044 4717 3153 4771 vult
3177 4719 3278 4772 alia
3309 4735 3426 4788 qua:
3451 4721 3518 4774 ad
3547 4722 3759 4791 justum
3800 4727 3946 4779 illum

2357 4815 2412 4861 et
2444 4805 2579 4862 filios
2606 4807 2746 4861 illius
2783 4809 3070 4877 pertinent,
3117 4820 3170 4863 et
3211 4809 3342 4864 dicit
3393 4829 3406 4865 :
3455 4812 3539 4868 l8.
3584 4813 3748 4867 Ermu
3779 4831 3950 4871 autem

2357 4900 2453 4967 ﬁlii
2487 4897 2616 4962 Noe,
2650 4901 2734 4968 qui
2773 4902 2839 4953 de
2878 4917 2996 4953 arca
3036 4901 3222 4973 egressi
3267 4913 3402 4970 sunt,
3435 4904 3575 4969 Sem,
3619 4906 3806 4975 Ckam,
3855 4911 3948 4964 Ja-

2361 4992 2531 5059 plteth.
2562 4989 2719 5045 C/iam
2753 5001 2917 5044 autent
2946 5003 3052 5045 erat
3081 5002 3224 5060 pater
3250 4993 3513 5048 Chanaan.
3551 4997 3635 5051 l9.
3670 4997 3799 5052 Tres
3831 5017 3950 5053 unt

2357 5083 2410 5135 lii
2433 5083 2528 5151 ﬁlii
2556 5082 2704 5146 Noe;
2734 5084 2798 5135 ab
2828 5084 2933 5137 istis
2960 5084 3175 5151 dispersi
3200 5098 3315 5138 sunt
3336 5101 3487 5154 super
3511 5103 3711 5140 onmem
3735 5101 3945 5145 terram.

2360 5176 2580 5246 Dignum
2623 5178 2708 5231 hic
2739 5175 2897 5230 fuerit
2924 5186 2981 5229 ιιι
3019 5177 3346 5244 inquiramns
3389 5195 3554 5249 quare
3584 5180 3765 5237 divina
3793 5185 3944 5238 Scri-

2359 5279 2508 5336 ptura
2541 5269 2637 5322 hos
2667 5278 2772 5322 tres
2807 5268 2940 5320 filios
2977 5271 3464 5336 coititiiemoraudo,
3509 5273 3692 5326 subdit
3723 5291 3742 5328 :
3785 5275 3948 5329 (Iliam

2357 5369 2520 5412 autem
2551 5369 2656 5412 erat
2685 5369 2831 5428 pater
2861 5360 3122 5412 Chanaan.
3173 5360 3251 5415 Ne
3299 5364 3515 5431 putt-tis,
3548 5366 3798 5429 obsecro,
3851 5372 3946 5421 hoc

2355 5452 2554 5518 absque
2575 5463 2734 5503 causa
2769 5449 2931 5502 fuisse
2970 5450 3234 5518 adjectum
3277 5470 3289 5505 :
3321 5452 3452 5505 nihil
3491 5455 3634 5508 enim
3680 5457 3732 5510 iu
3764 5458 3944 5512 divina

2356 5538 2627 5608 Scriptura
2657 5536 2980 5602 continetur,
3006 5542 3144 5608 quod
3175 5557 3278 5594 non
3305 5543 3477 5611 aliqua
3508 5544 3717 5601 ratione
3745 5549 3944 5601 dictum

2355 5633 2444 5695 sit,
2481 5647 2599 5700 qua:
2646 5645 2750 5685 non
2801 5639 2854 5684 et
2907 5631 3154 5686 latentem
3202 5634 3252 5686 in
3295 5648 3354 5688 se
3403 5635 3592 5689 habeat
3640 5640 3942 5694 utilitatem.

2353 5723 2529 5791 Quare
2555 5737 2682 5792 ergo
2712 5721 3046 5791 signiﬁcavit,
3074 5722 3230 5778 Citam
3272 5737 3438 5778 autent
3479 5738 3587 5779 erat
3630 5741 3773 5798 pater
3808 5728 3938 5786 Ct...-

2359 5815 2533 5870 uaan."
2563 5815 2736 5868 Voluit
2768 5829 2858 5883 per
2887 5814 2989 5869 hoc
3018 5815 3168 5869 nobis
3198 5816 3337 5870 illius
3366 5818 3839 5887 intcutprranthm
3869 5825 3946 5878 in.
