4080 6490
189 433 296 492 251

191 553 410 614 gentem
439 541 800 607 subindicare,
845 555 909 598 ac
953 555 1123 610 neque
1151 537 1468 596 calamitatis
1512 535 1779 607 magnitu-

188 637 373 692 dinem
401 636 547 692 illum
573 651 823 692 coercere
847 634 1105 706 potuisse,
1135 650 1308 705 neque
1339 643 1535 688 tantam
1565 632 1617 687 in
1648 646 1774 687 arca

189 727 492 799 angustiam
521 727 890 782 irrcfrenatam
922 725 1065 781 illius
1104 724 1596 794 concupiscentiam
1634 721 1782 778 seda-

190 822 374 876 visse:
407 818 503 875 sed
526 820 769 890 quamvis
797 817 963 872 frater
1003 817 1122 887 ejus
1161 817 1332 888 major
1371 815 1606 871 nondum
1647 814 1780 868 ﬁlios

188 907 601 979 procreavisset,
641 907 781 962 hunc
822 908 1219 964 incontinentize
1250 906 1511 972 deditum,
1553 905 1606 960 in
1641 915 1778 960 tem-

192 1015 324 1069 pore
357 1009 518 1055 tanta:
555 999 951 1071 indignationis,
998 1010 1050 1054 et
1076 1000 1343 1070 generalis
1378 997 1641 1062 interitus,
1673 1011 1779 1065 quo

189 1090 337 1145 orbis
363 1090 784 1160 comprehensus
811 1098 916 1156 est,
945 1091 1023 1144 rei
1053 1105 1295 1144 venereae
1319 1088 1557 1144 deditum
1591 1087 1775 1154 fuisse,

187 1189 245 1234 et
282 1180 583 1250 cupiditatis
626 1179 1086 1250 intemperantiam
1129 1194 1235 1234 non
1283 1178 1654 1242 rel'rcnavisse,
1682 1176 1777 1233 Sed

183 1269 298 1339 jam
344 1270 519 1324 statim
564 1270 632 1323 ab
677 1270 824 1324 initio
869 1268 1032 1324 animi
1076 1269 1157 1324 sui
1204 1270 1513 1339 pravitatem
1556 1269 1780 1324 demou-

187 1370 405 1414 strasse.
441 1359 618 1428 Itaque
643 1374 762 1413 cum
796 1375 898 1412 non
922 1359 1088 1413 multo
1117 1369 1233 1428 post
1263 1359 1476 1429 propter
1505 1367 1780 1414 contume-

190 1449 312 1504 liam
361 1447 412 1503 in
457 1459 753 1518 parentem,
789 1448 1216 1514 maledictioneut
1261 1458 1606 1521 suscepturus
1634 1457 1778 1502 esset
1831 1465 1836 1468 ·

185 1538 306 1608 ejus
335 1539 472 1593 ﬁlius
497 1536 746 1594 Chanaan
793 1557 807 1594 :
852 1539 972 1594 ideo
1014 1539 1285 1609 Scriptura
1315 1539 1491 1595 divina
1538 1539 1588 1592 id
1631 1538 1777 1608 prius

186 1627 493 1700 assignavit,
528 1630 727 1699 ﬁliique
758 1644 952 1685 nomen
990 1628 1301 1696 declaravit,
1332 1644 1396 1685 ac
1421 1630 1578 1685 simul
1610 1629 1776 1700 patris

189 1720 648 1791 intemperantiam
682 1738 696 1773 :
732 1732 788 1776 ut
816 1737 936 1776 cum
969 1731 1156 1790 postea
1186 1721 1382 1775 videris
1410 1721 1556 1775 illum
1587 1736 1773 1790 magna

188 1810 381 1883 ingrati
409 1827 530 1882 erga
563 1823 766 1882 patrem
808 1813 970 1868 animi
1009 1814 1159 1883 signa
1202 1813 1351 1877 dare,
1397 1814 1538 1868 scire
1579 1813 1772 1882 possis,

187 1904 359 1973 ipsum
385 1903 494 1972 jam
522 1904 647 1958 olim
695 1905 852 1958 talem
895 1906 1075 1968 fuisse,
1126 1913 1308 1972 utpote
1351 1919 1521 1974 neque
1559 1919 1589 1958 a
1631 1913 1774 1959 tanta

185 1994 490 2048 calamitate
535 1993 892 2066 emendatum.
941 1994 1199 2051 Sufﬁcere
1245 1996 1388 2048 enim
1439 1994 1667 2048 debebat
1705 1995 1773 2048 ad

185 2085 626 2156 exstinguendam
684 2087 954 2141 libidinem
1013 2096 1190 2141 tantus
1248 2101 1480 2150 mmror;
1538 2087 1775 2155 nihilque

187 2177 454 2233 ﬂammam
479 2188 534 2234 et
560 2179 818 2234 insaniam
851 2179 989 2234 hanc
1019 2180 1086 2232 ita
1113 2179 1468 2248 comprimere
1499 2186 1691 2246 potest,
1717 2189 1772 2233 ut

187 2269 415 2324 tristitia:
447 2271 799 2336 vehementia,
832 2279 884 2323 et
908 2270 1225 2325 calamitatis
1252 2269 1578 2337 magnitudo.
1614 2268 1776 2339 Igitur

187 2363 280 2432 qui
324 2362 375 2416 in
408 2372 549 2416 tanta
592 2365 850 2416 malorum
881 2362 929 2415 vi
961 2372 1120 2416 tanta:
1159 2362 1325 2416 rabiei
1362 2371 1417 2416 et
1464 2362 1683 2417 insania:
1723 2363 1774 2416 in

182 2453 532 2524 procreandis
560 2455 741 2510 liberis
769 2455 882 2518 fuit,
913 2469 1015 2524 qua
1058 2453 1210 2509 venia
1250 2454 1441 2524 dignus
1472 2453 1670 2509 fuerit?

258 2545 361 2598 Cur
386 2554 531 2614 patre
569 2545 739 2599 Cham
783 2555 1021 2614 peccante
1051 2545 1189 2614 ﬁlius
1216 2545 1466 2601 Chanaan
1514 2544 1778 2600 maledici-

181 2639 460 2692 tun—At
506 2637 592 2692 hic
636 2639 789 2694 nobis
831 2639 930 2692 alia
979 2639 1202 2708 qumstio
1249 2639 1505 2702 nascitur,
1551 2639 1777 2692 celebris

186 2729 296 2795 illa,
324 2739 377 2784 et
399 2745 516 2798 ιμιιυ
559 2730 750 2801 ubique
782 2728 1157 2785 circumfertur
1193 2746 1206 2782 :
1251 2729 1427 2796 Quare
1471 2740 1622 2798 patre
1653 2744 1779 2798 pec-

182 2830 362 2884 cante,
395 2819 534 2874 ﬁlius
558 2819 897 2875 maledictum
926 2820 1154 2891 accipit?
1181 2818 1290 2875 Sed
1318 2833 1386 2874 ne
1413 2819 1628 2888 longum
1655 2833 1775 2873 ser-

185 2929 403 2970 monem
435 2930 574 2969 nunc
601 2914 882 2979 faciamus,
915 2916 967 2969 in
996 2911 1144 2970 aliud
1185 2924 1394 2984 tempus
1434 2914 1577 2970 illam
1615 2929 1778 2984 repo-

185 3018 399 3068 nemus,
433 3013 489 3058 ut
517 3019 638 3059 cum
662 3005 730 3058 ad
757 3018 881 3060 eum
905 3003 1082 3060 locum
1111 3003 1532 3074 pervenerimus,
1566 3013 1693 3060 tunc
1723 3013 1777 3060 et

184 3093 504 3149 solutionem
548 3094 856 3160 aderamus,
905 3111 1066 3168 quam
1110 3096 1249 3150 Deus
1285 3095 1588 3150 donaverit.
1635 3096 1773 3152 Nihil

185 3185 330 3240 enim
360 3185 411 3238 in
437 3199 585 3239 sacra
633 3185 933 3256 Scriptura,
979 3187 1119 3241 sicut
1165 3186 1296 3254 dixi,
1347 3187 1586 3242 invenire
1635 3186 1772 3252 licet,

185 3273 329 3344 quod
359 3273 561 3343 absque
603 3276 810 3330 ratione
835 3275 1010 3346 aliqua
1051 3273 1122 3329 sit
1146 3277 1423 3346 scriptum.
1464 3275 1576 3332 Hoc
1621 3277 1779 3347 igitur

188 3364 399 3420 interim
430 3364 764 3433 exploratum
791 3373 894 3432 est,
919 3381 1112 3422 nomen
1141 3365 1232 3420 lilii
1255 3382 1360 3420 non
1386 3368 1586 3437 absque
1613 3383 1774 3422 causa

186 3453 354 3510 fuisse
378 3469 408 3507 a
435 3454 579 3508 Mose
606 3466 1104 3521 commemoratum,
1133 3470 1252 3509 cum
1283 3455 1416 3510 dixit
1446 3472 1459 3508 :
1491 3455 1650 3509 Citam
1679 3473 1776 3509 au-

185 3554 286 3599 tem
312 3553 418 3598 erat
449 3555 589 3612 pater
617 3543 883 3598 Chanaan.
913 3542 1058 3605 Tres.
1084 3532 1416 3615 inquit,'sttnt
1441 3546 1494 3598 lii
1520 3547 1617 3614 ﬁlii
1641 3545 1775 3610 Noe,

186 3647 237 3691 et
262 3636 326 3689 ab
354 3638 415 3691 iis
440 3637 655 3705 dispersi
682 3645 799 3690 sunt
827 3653 979 3707 super
1011 3653 1206 3691 omnem
1233 3647 1438 3691 terram.
1469 3637 1653 3708 Neque
1678 3639 1778 3694 hoc

187 3727 388 3784 dictum
413 3727 586 3782 obiter
613 3738 1014 3796 praetereamus,
1044 3727 1243 3794 dilecti,
1271 3727 1362 3782 sed
1391 3729 1682 3797 cogitemus
1711 3743 1776 3783 ex

190 3817 285 3873 illo
332 3818 447 3886 ipso
501 3817 715 3871 virtutis
763 3817 854 3871 Dei
903 3818 1342 3887 magnitudinem.
1399 3816 1539 3884 Tres,
1588 3818 1775 3888 inquit,

187 3919 332 3966 aunt
360 3910 412 3962 Ιιὶ
439 3911 533 3978 ﬁlii
567 3907 700 3974 Noe,
732 3920 779 3963 et
809 3926 874 3964 ea:
897 3910 999 3964 illis
1026 3910 1239 3979 dispersi
1263 3919 1378 3963 sunt
1403 3925 1554 3979 super
1583 3925 1780 3964 onmem

187 4011 400 4057 terram.
426 4001 706 4069 Quomodo
734 4015 800 4056 ex
845 4000 1013 4055 tribus
1053 4009 1196 4054 tanta
1243 3999 1528 4055 multitudo
1567 4016 1778 4056 succre-

189 4093 300 4149 vit?
328 4091 596 4164 quomodo
624 4099 910 4161 potuerunt
934 4089 1223 4147 sufﬁcech
1249 4089 1518 4159 quomodo
1547 4106 1612 4146 ex
1645 4106 1778 4159 pau-

185 4188 271 4244 cis
298 4186 403 4242 illis
443 4193 585 4240 totus
627 4184 854 4240 mundus
886 4185 1245 4241 constitutus?
1283 4184 1553 4255 quomodo
1591 4199 1777 4240 eorum

187 4284 600 4349 permanserunt
626 4276 895 4346 corpora?
936 4274 1052 4330 Non
1092 4275 1330 4332 medicus
1368 4285 1501 4342 erat,
1543 4277 1631 4347 qui
1661 4290 1779 4332 me-

185 4370 418 4426 dicinam
462 4368 758 4434 adhiberet,
808 4381 979 4437 neque
1020 4366 1119 4422 alia
1157 4381 1306 4422 cura.
1351 4365 1595 4421 Nondum
1635 4367 1777 4422 enim

185 4469 344 4518 erant
371 4462 612 4529 civitates
647 4459 899 4524 condita,
941 4458 1035 4513 sed
1080 4466 1200 4528 post
1240 4466 1438 4512 tantam
1485 4458 1776 4524 miseriam,

186 4563 247 4610 et
270 4553 428 4607 vitam
459 4551 601 4606 illam
633 4551 684 4606 in
713 4565 856 4614 arca,
888 4559 942 4604 et
968 4565 1071 4620 qua
1096 4550 1346 4604 macerati
1371 4558 1425 4604 et
1451 4549 1679 4605 confecti
1709 4549 1780 4604 ob

184 4645 641 4714 mpressionem
668 4643 940 4706 exierunt,
972 4652 1024 4696 et
1055 4641 1109 4694 in
1139 4649 1280 4696 tanta
1322 4639 1607 4698 solitudine
1632 4642 1778 4705 essi-

187 4742 414 4800 stentes,
455 4742 512 4788 et
536 4731 787 4788 inell‘abili
817 4733 1082 4792 vastitate,
1112 4730 1382 4802 quomodo
1426 4745 1532 4786 non
1571 4731 1778 4787 enecati

187 4825 352 4880 sunt?
373 4821 640 4891 quomodo
669 4837 773 4877 non
803 4822 1109 4892 perierunt?
1128 4821 1401 4878 Timorem
1425 4821 1568 4878 enim
1594 4830 1649 4876 et
1668 4837 1782 4876 me-

191 4926 327 4985 tum,
357 4913 463 4978 dic,
490 4927 606 4979 oro,
631 4927 736 4967 non
760 4922 912 4982 putas
931 4912 1288 4967 commovisse
1312 4926 1496 4967 eorum
1519 4921 1772 4976 mentem,

191 5014 249 5062 et
275 5004 612 5059 concussisse
637 5002 908 5056 animum?
934 5001 1011 5056 Ne
1035 5001 1338 5065 admireris,
1368 4999 1564 5058 dilecte
1594 5019 1607 5055 :
1639 5001 1780 5058 Deus

191 5098 337 5154 enim
362 5105 476 5152 erat
503 5094 592 5164 qui
623 5094 798 5174 omnia
831 5092 1079 5159 faciebat,
1111 5102 1166 5148 et
1193 5092 1335 5148 Deus
1359 5103 1562 5154 natura:
1600 5092 1777 5164 apilex

191 5197 310 5245 erat
332 5187 420 5257 qui
448 5184 1025 5263 eninia’iinpedimenta
1055 5184 1329 5240 auferebat
1369 5185 1621 5242 mandato
1657 5202 1778 5253 suo,

193 5293 302 5350 quo
326 5277 481 5352 dixit,
527 5275 744 5331 Crescite
784 5285 834 5330 et
879 5275 1308 5344 multiplicamini,
1351 5285 1398 5329 et
1442 5277 1646 5346 implete
1682 5285 1781 5331 ter-

193 5386 305 5426 ram
331 5367 483 5442 (Gen.
515 5369 566 5423 t.
593 5367 714 5438 28).
744 5367 854 5423 Hoc
876 5369 1017 5422 enim
1049 5368 1434 5424 incrementum
1461 5367 1622 5422 dedit.
1647 5367 1780 5436 Quia

193 5473 248 5518 et
285 5461 532 5517 lsntelitae
558 5474 678 5514 cum
707 5460 756 5513 in
789 5458 1022 5531 Egypto
1061 5461 1111 5514 in
1155 5460 1266 5514 luto
1313 5468 1368 5515 et
1412 5460 1578 5515 latere
1604 5459 1774 5514 eonﬁ-

192 5551 389 5608 ciendo
413 5552 620 5607 onerati
649 5562 852 5616 essent,
897 5552 949 5605 in
995 5561 1144 5606 tanto
1186 5550 1440 5621 majorem
1486 5551 1782 5606 multitudio

200 5658 321 5697 nem
351 5641 750 5708 excrescebant,
776 5656 881 5711 quo
919 5643 1086 5711 magis
1120 5643 1554 5713 opprimebantur
1585 5641 1776 5711 (Exod.

201 5733 252 5786 1.
280 5741 330 5786 et
367 5732 542 5801 seqq.)
571 5749 585 5785 :
611 5741 666 5786 et
693 5746 866 5801 neque
897 5732 1278 5788 immiscricors
1313 5744 1367 5788 et
1394 5734 1611 5789 crudele
1640 5749 1779 5802 pra:-

188 5828 402 5891 reptum
463 5818 788 5884 Pisa-annis,
825 5823 935 5894 ‘quo
974 5824 1379 5894 pi‘trcipiebatur
1422 5825 1680 5880 masculos
1728 5825 1778 5879 iu

1203 429 1268 484 IN
1309 425 1462 483 CAP.
1505 422 1596 480 IX.
1635 418 1880 482 GENES.
1924 422 2149 479 HUMIL.
2192 425 2430 480 XXVIII.

1890 535 2104 589 ﬁumina
2137 535 2358 606 projici;
2394 554 2562 609 neque
2596 541 2806 593 vexatio
2837 540 2948 607 illa,
2995 559 3151 610 quam
3199 559 3228 599 a
3290 551 3484 612 pra-Iov

1882 629 1986 683 etis
2012 643 2294 699 operarum
2323 631 2680 699 patiebantur,
2716 634 2882 688 valuit
2911 635 3228 693 imminuere
3270 638 3488 696 illorum

1886 721 2303 789 multitudinem,
2331 721 2421 777 sed
2451 724 2617 795 magis
2645 725 2918 796 magisque
2963 743 3186 783 numero
3212 731 3485 800 augeban-

1886 821 1990 866 tur.
2045 812 2172 867 Erat
2205 813 2348 867 enim
2392 813 2568 868 divina
2623 815 2972 884 dispensatio,
3025 834 3144 887 qua:
3191 820 3368 874 omnia
3415 835 3486 876 ex
3545 853 3551 858 υ

1883 900 2123 957 adversis
2144 904 2481 973 operabatur.

1953 992 2005 1047 5.
2071 991 2161 1046 Dei
2213 1005 2463 1062 prwrepto
2482 1006 2662 1051 cernua
2713 999 2970 1052 abedinnt.
3038 999 3136 1052 Per
3172 1001 3490 1057 adrersarios

1882 1085 2026 1156 (ficit
2061 1083 2200 1138 Deus
2231 1096 2282 1138 ut
2312 1087 2439 1154 fides
2464 1099 2675 1143 crescat.
2705 1118 2775 1129 —-
2798 1089 3018 1156 Quando
3047 1091 3204 1162 igitur
3233 1093 3493 1149 Dominus

1883 1177 2145 1246 praecipit.
2175 1193 2243 1231 ne
2270 1193 2483 1247 quaerss
2509 1189 2564 1232 ut
2593 1179 2827 1233 humano
2850 1197 2999 1235 more
3019 1197 3178 1250 Opt‘rtt
3206 1168 3491 1253 perﬁciam

1888 1274 1990 1337 tur:
2027 1265 2300 1320 P0tentior
2331 1268 2472 1320 enim
2503 1282 2662 1337 quam
2693 1279 2880 1322 natura
2903 1310 2916 1332 ,
2973 1286 3078 1324 non
3123 1280 3244 1341 eget
3282 1279 3488 1326 natura:

1891 1357 2032 1412 serie
2057 1371 2121 1412 ac
2145 1359 2460 1424 ministerio,
2493 1360 2584 1414 sed
2615 1369 2666 1412 et
2693 1376 2788 1430 per
2815 1365 3023 1430 eaqua-
3053 1364 3284 1432 alioquin
3320 1367 3487 1432 impo-

1881 1448 2066 1514 diuttt,
2098 1466 2184 1504 res
2207 1451 2455 1521 adauget.
2511 1451 2589 1505 Et)
2638 1453 2796 1515 modo
2827 1464 2878 1506 et
2908 1469 3047 1507 nunc
3079 1470 3172 1523 per
3203 1465 3264 1507 ιε’(
3284 1471 3310 1509 s
3363 1456 3481 1510 illos

1885 1548 2055 1608 totum
2095 1541 2277 1596 orbem
2312 1542 2554 1611 implevit
2625 1543 2665 1595 Α
2697 1543 2854 1596 tribus
2889 1546 3039 1601 enim
3088 1545 3210 1610 illis,
3269 1547 3475 1613 inquit.

1881 1631 2096 1700 dispersi
2122 1642 2240 1685 sunt
2265 1633 2317 1685 in
2347 1649 2630 1687 universam
2659 1644 2864 1688 terram.
2927 1636 3108 1689 Vidisti
3155 1637 3252 1693 Dei
3282 1647 3471 1706 poten-

1885 1723 2008 1776 tiam
2037 1723 2060 1777 ?
2113 1722 2287 1778 vidisti
2331 1725 2600 1794 quoutodo
2623 1765 2639 1789 ,
2685 1726 2787 1781 etsi
2836 1729 2942 1782 sint
2971 1729 3134 1782 multa
3165 1730 3439 1784 obstacula
3463 1773 3478 1796 ,

1883 1814 2015 1868 nihil
2047 1825 2220 1869 tamen
2252 1816 2392 1870 illius
2421 1829 2660 1882 moratur
2685 1817 3046 1875 voluntatem?
3089 1820 3318 1889 ldipsuin
3346 1835 3403 1877 et
3429 1823 3480 1876 in

1885 1904 1992 1959 line
2017 1904 2194 1958 licebit
2239 1906 2437 1961 videre.
2469 1907 2602 1961 Cum
2633 1909 2774 1964 enim
2804 1909 2935 1963 tales
2971 1920 3154 1964 essent
3192 1913 3278 1980 qui
3307 1930 3394 1981 θυι
3415 1929 3481 1970 tt-

1878 2004 2100 2064 guarcnt
2126 2037 2140 2060 ,
2172 2005 2248 2050 tot
2285 1999 2376 2067 qui
2426 1998 2801 2054 insidiarcnlur
2823 2042 2837 2065 ,
2872 2013 2924 2055 et
2956 2017 3127 2069 reges,
3161 2019 3209 2058 c:
3245 2005 3478 2075 tyranni,

1879 2093 1932 2137 et
1957 2086 2132 2154 populi
2175 2087 2528 2156 insurgentes,
2571 2098 2625 2142 et
2665 2090 2843 2158 omnia
2892 2091 3148 2146 facientes
3180 2101 3234 2144 ut
3272 2097 3475 2148 exstin-

1882 2184 2108 2242 guereut
2135 2175 2421 2230 scintillam
2454 2178 2596 2243 lidci,
2626 2196 2719 2248 per
2749 2179 3108 2244 insidiatores,
3136 2198 3229 2251 per
3275 2198 3366 2238 eilS
3391 2185 3481 2254 qui

1884 2274 2064 2320 vetare
2120 2265 2402 2330 volebant,
2458 2278 2600 2322 tanta
2659 2270 2868 2340 pictatis
2909 2273 3364 2343 llaimnacrupit.
3422 2287 3478 2330 ut

1881 2365 2049 2410 totum
2107 2360 2292 2426 orbem
2353 2359 2646 2415 habitatum
2679 2344 2741 2416 ἐι.
2781 2362 3132 2436 inhabitatum
3207 2367 3479 2422 invaserit.

1882 2448 2103 2503 Etiamsi
2129 2453 2194 2503 ad
2230 2444 2387 2507 ludos
2415 2453 2645 2518 abieris,
2692 2465 2741 2509 et
2772 2458 2838 2508 ad
2869 2456 3132 2526 Scythas,
3165 2467 3218 2512 ct
3241 2459 3310 2514 ad
3348 2458 3480 2515 ﬁnes

1879 2540 2022 2593 orbis
2055 2551 2228 2604 terras,
2276 2543 2482 2596 etiamsi
2521 2543 2590 2597 ad
2627 2546 2798 2612 ipsum
2841 2547 3130 2613 Oceanum,
3184 2549 3480 2619 nhiqueia-

1880 2631 2061 2686 venies
2108 2633 2304 2687 Christi
2348 2634 2644 2688 doctrinam
2688 2634 3042 2694 illustrantem
3090 2643 3326 2695 omniun
3358 2645 3474 2696 aui-

1882 2739 2020 2778 mos.
2060 2723 2211 2792 Quod
2257 2726 2400 2780 enim
2430 2726 2742 2786 admirabile
2767 2711 2822 2783 e‘t
2850 2740 3067 2800 stupore
3093 2732 3305 2802 plenum
3328 2774 3343 2799 ,
3375 2751 3477 2804 pe

1881 2813 2154 2884 religionis
2178 2813 2421 2871 doctrina
2450 2817 2592 2886 ipsas
2621 2817 2877 2874 barbaras
2918 2823 3161 2877 nationes
3193 2827 3476 2892 convertit,

1882 2905 1954 2959 ita
2003 2913 2064 2960 ut
2115 2904 2475 2977 philosophari
2529 2907 2850 2974 didicerint,
2899 2921 2954 2965 et
2999 2913 3206 2982 abjeeta
3260 2917 3480 2986 pristina

1881 2997 2267 3051 consuetudine
2285 2997 2352 3052 ad
2379 2998 2631 3068 pietatem
2663 3004 2934 3055 translata:
2961 3003 3087 3057 siut.
3119 3004 3186 3058 Et
3212 3007 3349 3061 sicut
3384 3022 3484 3078 per

1883 3099 1991 3145 tres
2018 3093 2136 3148 illos
2163 3093 2436 3148 hominum
2456 3105 2623 3161 genus
2647 3091 3017 3164 multiplicat-it
3058 3097 3291 3152 universi
3329 3095 3474 3155 Con;

1879 3180 2020 3249 ditor
2063 3199 2079 3236 :
2127 3184 2199 3237 ita
2226 3197 2436 3254 quoque
2466 3190 2520 3237 et
2563 3183 2614 3236 in
2647 3181 2749 3237 lide
2775 3199 2868 3251 per
2893 3185 3142 3240 undecim
3175 3187 3467 3256 piscatores

1884 3272 2165 3328 illiteratus
2189 3284 2241 3328 et
2264 3274 2453 3336 idiotas
2477 3315 2493 3341 ,
2534 3275 2622 3344 qui
2657 3288 2829 3345 neque
2864 3290 2927 3330 os
2952 3279 3162 3344 aperire
3188 3281 3479 3350 audi-baut,

1889 3377 2103 3416 omnem
2132 3363 2231 3418 sibi
2277 3365 2459 3419 orbem
2490 3365 2741 3431 attraxit,
2792 3375 2950 3436 atque
2996 3369 3224 3424 ilittv-rati
3256 3371 3374 3436 isti,
3426 3383 3481 3428 et

1883 3452 2097 3520 idiota},
2151 3463 2206 3508 et
2253 3455 2576 3523 piscatores,
2624 3455 3062 3527 philosophortnn
3093 3461 3476 3519 obturaveruut

1880 3558 1996 3612 ora,
2038 3555 2093 3600 et
2127 3553 2556 3602 transcurrerunt
2574 3546 2761 3621 orbem
2787 3549 2940 3619 quasi
2966 3552 3111 3618 alati,
3151 3555 3484 3611 seminantes

1877 3637 2122 3699 veritatis
2149 3651 2480 3704 sermonem,
2509 3647 2563 3693 et
2587 3640 2767 3708 spinas
2794 3651 3125 3707 exSrcautes,
3155 3655 3208 3699 et
3233 3647 3481 3714 pristinas

1882 3728 2191 3784 affectiones
2221 3728 2563 3795 revellentes,
2596 3729 2899 3800 Christique
2932 3733 3077 3802 leges
3107 3736 3301 3805 ubique
3331 3738 3482 3806 plan-

1887 3831 2059 3876 tantes
2089 3835 2195 3887 :ac
2224 3835 2396 3890 neque
2420 3821 2559 3890 quod
2592 3824 2742 3890 pauci
2766 3835 2964 3888 essent,
2999 3840 3174 3894 neque
3201 3829 3342 3896 quod
3377 3831 3482 3898 pri-

1889 3912 1994 3966 vati
2048 3921 2105 3967 et
2159 3911 2432 3975 illiterati,
2487 3926 2662 3981 neque
2714 3915 2855 3981 quod
2904 3924 3117 3970 austera
3164 3923 3218 3971 et
3262 3917 3483 3977 insolita

1883 4001 2152 4072 juberent,
2189 4015 2359 4071 neque
2399 3999 2538 4070 quod
2572 4000 2738 4056 veteri
2767 4003 3154 4059 consuetudine
3191 4005 3479 4065 humanum

1881 4107 2048 4162 genus
2072 4105 2402 4162 praeventum
2429 4100 2594 4157 esset,
2616 4091 2890 4146 υιιδιπιιιο
2907 4092 2984 4148 eis
3001 4109 3122 4150 esse
3147 4098 3316 4166 potuit
3343 4117 3354 4150 :
3380 4116 3440 4158 te
3463 4101 3476 4152 l

1882 4183 2077 4253 praivia
2106 4182 2272 4253 gratia
2302 4181 2515 4236 sustulit
2542 4181 2658 4236 haec
2681 4182 2881 4249 omnia,
2909 4198 3206 4255 magnaque
3230 4186 3480 4242 facilitate

1884 4274 2089 4344 operati
2116 4283 2240 4328 sunt
2266 4274 2463 4338 omnia,
2498 4287 2592 4342 per
2619 4273 2732 4343 ipsa
2760 4273 3033 4329 obstacula
3055 4275 3317 4347 majorem
3342 4280 3480 4333 acci-

1888 4364 2096 4433 pientes
2149 4363 2501 4418 alacritatem.
2572 4363 2860 4418 Enimvero
2916 4365 3179 4422 interdum
3233 4366 3418 4439 llage'l:
3442 4373 3478 4425 ti

1885 4455 2220 4511 decedebant
2262 4455 2575 4526 gaudentes,
2619 4472 2722 4510 non
2769 4467 2983 4526 propter
3026 4456 3231 4528 ﬂagella
3272 4462 3473 4531 simpli-

1883 4549 2049 4614 citer,
2077 4547 2169 4603 sed
2204 4546 2337 4612 Quia
2383 4564 2477 4618 pro
2527 4547 2728 4602 nomine
2753 4547 2939 4602 Christi
2987 4549 3127 4619 digni
3160 4551 3314 4604 habiti
3357 4565 3476 4606 sunt

1884 4639 2210 4711 ignominiam
2238 4640 2342 4707 pati
2373 4638 2507 4709 (Act.
2539 4639 2592 4693 5.
2620 4637 2712 4708 41)
2735 4653 2749 4702 ;
2776 4638 3040 4694 interdum
3067 4650 3243 4695 autem
3275 4644 3326 4696 in
3354 4659 3472 4697 rar-

1883 4744 2061 4785 eerem
2085 4729 2334 4798 conjccti,
2362 4737 2704 4799 posteaquam
2731 4729 2798 4782 ab
2820 4731 3010 4799 angelo
3037 4731 3212 4786 educti
3242 4733 3470 4800 fuerunt,

1885 4820 2075 4875 iterum
2104 4818 2291 4874 eadem
2320 4818 2780 4885 continuaverunt,
2815 4829 2868 4874 et
2895 4820 2947 4875 iu
2973 4823 3226 4891 templum
3272 4824 3477 4880 abeun-

1886 4920 1986 4979 tes,
2033 4911 2290 4968 doctrina
2317 4925 2618 4965 scipionem
2665 4912 3264 4986 seminaveruutUbid.
3308 4917 3474 4974 v.19.

1881 5002 2041 5072 ηιμ),
2067 5001 2290 5072 populos
2312 5003 2460 5072 quasi
2483 5001 2736 5071 piscando
2759 5003 2825 5058 ad
2853 5005 3102 5072 pietatem
3136 5007 3478 5076 indecentes;

1885 5105 1939 5151 et
1969 5095 2159 5151 iterum
2186 5094 2410 5162 detenti,
2441 5108 2546 5149 non
2578 5094 2748 5147 solum
2776 5110 2880 5150 non
2908 5098 3182 5166 segniores
3206 5099 3326 5156 inde
3358 5100 3480 5156 facti

1885 5196 2039 5255 sunt,
2067 5187 2161 5242 sed
2190 5197 2243 5241 et
2270 5188 2527 5254 majorem
2557 5187 2854 5241 libertatem
2897 5204 3006 5257 pra:
3039 5205 3098 5244 se
3125 5193 3394 5259 tulerunt,
3428 5196 3482 5250 in

1885 5279 2062 5334 medio
2084 5278 2393 5334 insanientis
2417 5278 2596 5348 populi
2635 5287 2690 5332 et
2733 5277 2981 5335 dentibus
3008 5280 3284 5339 frementis
3330 5295 3480 5341 stau-

1888 5380 1988 5435 tes,
2006 5384 2069 5424 ac
2093 5369 2350 5435 dicentes,
2383 5368 2598 5422 Obedire
2621 5379 2814 5438 oportet
2837 5370 2944 5424 Deo
2971 5374 3131 5443 magis
3151 5391 3306 5444 quant
3327 5379 3484 5431 Itami-

1887 5460 2231 5531 nibns(lbid.
2259 5477 2306 5514 υ.
2345 5461 2462 5532 29).
2500 5462 2684 5516 Vidisti
2717 5463 2977 5520 libertatis
3021 5467 3482 5536 magnitudinem?

1892 5553 2065 5608 vidisti
2113 5553 2390 5608 illiteratos
2422 5553 2711 5622 piscatores
2740 5564 3083 5611 contemnere
3130 5567 3202 5611 tot
3243 5558 3483 5617 furentes

1892 5644 2119 5713 populos
2137 5683 2152 5708 ,
2180 5653 2232 5698 et
2261 5642 2324 5696 ad
2357 5642 2532 5699 ccedcs
2556 5657 2621 5697 ac
2645 5645 2993 5700 mactationes
3017 5648 3270 5715 paratos?
3295 5649 3363 5703 At
3391 5660 3445 5704 tu
3462 5693 3479 5718 ,

1889 5733 2101 5797 dilecte,
2134 5733 2355 5788 audiens
2385 5735 2497 5790 lucc
2521 5735 2783 5789 omniane
2804 5735 2975 5790 tribue
3009 5736 3131 5802 illis,
3161 5738 3254 5792 sed
3281 5735 3481 5791 divina:

1892 5826 2096 5894 gratim,
2129 5839 2245 5893 qua:
2277 5827 2628 5881 conﬁrmabat
2658 5835 2709 5880 ct
2738 5826 3032 5882 instruebat
3060 5828 3270 5885 illorum
3287 5825 3482 5881 illacri-
