  <div class='ocr_page' id='page_1' title='image "/cluster/home/n/w/nwhite01/storage/ocr_20150623/53/uva.x030486927/261.png"; bbox 0 0 4080 6504; ppageno 0'>
   <div class='ocr_carea' id='block_1_1' title="bbox 637 405 3888 478">
    <p class='ocr_par' dir='ltr' id='par_1_1' title="bbox 637 405 3888 478">
     <span class='ocr_line' id='line_1_1' title="bbox 637 405 3888 478; baseline -0.001 -11"><span class='ocrx_word' id='word_1_1' title='bbox 637 423 732 478; x_wconf 53' lang='grc' dir='ltr'><strong>τεο</strong></span> <span class='ocrx_word' id='word_1_2' title='bbox 1341 415 1396 469; x_wconf 90' lang='lat' dir='ltr'><strong>s.</strong></span> <span class='ocrx_word' id='word_1_3' title='bbox 1440 411 1715 469; x_wconf 71' lang='lat' dir='ltr'><strong>IOANNIS</strong></span> <span class='ocrx_word' id='word_1_4' title='bbox 1752 405 2227 466; x_wconf 70' lang='lat' dir='ltr'><strong>cnuvsosront</strong></span> <span class='ocrx_word' id='word_1_5' title='bbox 2270 405 2582 464; x_wconf 70' lang='lat' dir='ltr'><strong>attamen.</strong></span> <span class='ocrx_word' id='word_1_6' title='bbox 2623 407 3154 465; x_wconf 68' lang='lat' dir='ltr'><strong>CONSTANTINOP.</strong></span> <span class='ocrx_word' id='word_1_7' title='bbox 3785 406 3888 464; x_wconf 73' lang='lat' dir='ltr'><strong>est</strong></span> 
     </span>
    </p>
   </div>
   <div class='ocr_carea' id='block_1_2' title="bbox 633 526 2204 599">
    <p class='ocr_par' dir='ltr' id='par_1_2' title="bbox 633 526 2204 599">
     <span class='ocr_line' id='line_1_2' title="bbox 633 526 2204 599; baseline -0.008 -11"><span class='ocrx_word' id='word_1_8' title='bbox 633 549 806 588; x_wconf 68' lang='lat' dir='ltr'><strong>tatem.</strong></span> <span class='ocrx_word' id='word_1_9' title='bbox 867 534 997 599; x_wconf 85' lang='lat' dir='ltr'><strong>Quia</strong></span> <span class='ocrx_word' id='word_1_10' title='bbox 1052 542 1102 583; x_wconf 89' lang='lat' dir='ltr'><strong>et</strong></span> <span class='ocrx_word' id='word_1_11' title='bbox 1155 528 1240 584; x_wconf 89' lang='lat' dir='ltr'><strong>ille</strong></span> <span class='ocrx_word' id='word_1_12' title='bbox 1294 528 1474 580; x_wconf 87' lang='lat' dir='ltr'><strong>beatus</strong></span> <span class='ocrx_word' id='word_1_13' title='bbox 1524 526 1744 586; x_wconf 82' lang='lat' dir='ltr'><strong>Petrus,</strong></span> <span class='ocrx_word' id='word_1_14' title='bbox 1797 542 1915 580; x_wconf 89' lang='lat' dir='ltr'><strong>cum</strong></span> <span class='ocrx_word' id='word_1_15' title='bbox 1963 540 2025 579; x_wconf 83' lang='lat' dir='ltr'><strong>ex</strong></span> <span class='ocrx_word' id='word_1_16' title='bbox 2055 534 2204 577; x_wconf 97' lang='lat' dir='ltr'><strong>utero</strong></span> 
     </span>
    </p>
   </div>
   <div class='ocr_carea' id='block_1_3' title="bbox 633 616 2208 684">
    <p class='ocr_par' dir='ltr' id='par_1_3' title="bbox 633 616 2208 684">
     <span class='ocr_line' id='line_1_3' title="bbox 633 616 2208 684; baseline -0.008 -7"><span class='ocrx_word' id='word_1_17' title='bbox 633 625 814 677; x_wconf 87' lang='lat' dir='ltr'><strong>matris</strong></span> <span class='ocrx_word' id='word_1_18' title='bbox 841 623 1084 677; x_wconf 84' lang='lat' dir='ltr'><strong>claudum</strong></span> <span class='ocrx_word' id='word_1_19' title='bbox 1107 630 1308 674; x_wconf 90' lang='lat' dir='ltr'><strong>rectum</strong></span> <span class='ocrx_word' id='word_1_20' title='bbox 1334 617 1548 679; x_wconf 81' lang='lat' dir='ltr'><strong>faceret,</strong></span> <span class='ocrx_word' id='word_1_21' title='bbox 1575 616 1821 669; x_wconf 85' lang='lat' dir='ltr'><strong>omnibus</strong></span> <span class='ocrx_word' id='word_1_22' title='bbox 1843 619 2208 684; x_wconf 83' lang='lat' dir='ltr'><strong>obstupescen-</strong></span> 
     </span>
    </p>
   </div>
   <div class='ocr_carea' id='block_1_4' title="bbox 636 705 2204 778">
    <p class='ocr_par' dir='ltr' id='par_1_4' title="bbox 636 705 2204 778">
     <span class='ocr_line' id='line_1_4' title="bbox 636 705 2204 778; baseline -0.006 -12"><span class='ocrx_word' id='word_1_23' title='bbox 636 715 772 767; x_wconf 86' lang='lat' dir='ltr'><strong>tibus</strong></span> <span class='ocrx_word' id='word_1_24' title='bbox 796 726 848 767; x_wconf 87' lang='lat' dir='ltr'><strong>et</strong></span> <span class='ocrx_word' id='word_1_25' title='bbox 873 710 1270 770; x_wconf 84' lang='lat' dir='ltr'><strong>admirantibus,</strong></span> <span class='ocrx_word' id='word_1_26' title='bbox 1296 717 1499 778; x_wconf 85' lang='lat' dir='ltr'><strong>gratum</strong></span> <span class='ocrx_word' id='word_1_27' title='bbox 1525 707 1634 776; x_wconf 88' lang='lat' dir='ltr'><strong>ipse</strong></span> <span class='ocrx_word' id='word_1_28' title='bbox 1654 709 1886 760; x_wconf 89' lang='lat' dir='ltr'><strong>animum</strong></span> <span class='ocrx_word' id='word_1_29' title='bbox 1910 705 2204 767; x_wconf 81' lang='lat' dir='ltr'><strong>declarans,</strong></span> 
     </span>
    </p>
   </div>
   <div class='ocr_carea' id='block_1_5' title="bbox 639 795 2210 874">
    <p class='ocr_par' dir='ltr' id='par_1_5' title="bbox 639 795 2210 874">
     <span class='ocr_line' id='line_1_5' title="bbox 639 795 2210 874; baseline -0.007 -18"><span class='ocrx_word' id='word_1_30' title='bbox 639 807 802 874; x_wconf 88' lang='lat' dir='ltr'><strong>inquit</strong></span> <span class='ocrx_word' id='word_1_31' title='bbox 835 822 845 856; x_wconf 76' lang='grc' dir='ltr'><em>τ</em></span> <span class='ocrx_word' id='word_1_32' title='bbox 896 802 1014 866; x_wconf 72' lang='lat' dir='ltr'><strong>Viri,</strong></span> <span class='ocrx_word' id='word_1_33' title='bbox 1049 800 1169 870; x_wconf 86' lang='lat' dir='ltr'><strong>quid</strong></span> <span class='ocrx_word' id='word_1_34' title='bbox 1199 815 1288 852; x_wconf 74' lang='lat' dir='ltr'><strong>nos</strong></span> <span class='ocrx_word' id='word_1_35' title='bbox 1316 800 1593 856; x_wconf 85' lang='lat' dir='ltr'><strong>intuemini,</strong></span> <span class='ocrx_word' id='word_1_36' title='bbox 1627 800 1770 865; x_wconf 79' lang='lat' dir='ltr'><strong>quasi</strong></span> <span class='ocrx_word' id='word_1_37' title='bbox 1796 808 1962 850; x_wconf 76' lang='lat' dir='ltr'><strong>nostra</strong></span> <span class='ocrx_word' id='word_1_38' title='bbox 1994 795 2210 863; x_wconf 78' lang='lat' dir='ltr'><strong>polentia</strong></span> 
     </span>
    </p>
   </div>
   <div class='ocr_carea' id='block_1_6' title="bbox 634 885 2208 963">
    <p class='ocr_par' dir='ltr' id='par_1_6' title="bbox 634 885 2208 963">
     <span class='ocr_line' id='line_1_6' title="bbox 634 885 2208 963; baseline -0.007 -14"><span class='ocrx_word' id='word_1_39' title='bbox 634 899 708 949; x_wconf 82' lang='lat' dir='ltr'><strong>rel</strong></span> <span class='ocrx_word' id='word_1_40' title='bbox 764 896 944 963; x_wconf 79' lang='lat' dir='ltr'><strong>pietate</strong></span> <span class='ocrx_word' id='word_1_41' title='bbox 993 892 1258 961; x_wconf 70' lang='lat' dir='ltr'><strong>fecerimus</strong></span> <span class='ocrx_word' id='word_1_42' title='bbox 1308 891 1451 942; x_wconf 84' lang='lat' dir='ltr'><strong>illum</strong></span> <span class='ocrx_word' id='word_1_43' title='bbox 1499 889 1752 941; x_wconf 77' lang='lat' dir='ltr'><strong>ambulare</strong></span> <span class='ocrx_word' id='word_1_44' title='bbox 1781 888 1925 957; x_wconf 74' lang='lat' dir='ltr'><strong>(Aet.</strong></span> <span class='ocrx_word' id='word_1_45' title='bbox 1973 888 2024 940; x_wconf 79' lang='lat'><strong>3.</strong></span> <span class='ocrx_word' id='word_1_46' title='bbox 2081 885 2208 954; x_wconf 68' lang='lat' dir='ltr'><strong>l2)?</strong></span> 
     </span>
    </p>
   </div>
   <div class='ocr_carea' id='block_1_7' title="bbox 633 975 2205 1052">
    <p class='ocr_par' dir='ltr' id='par_1_7' title="bbox 633 975 2205 1052">
     <span class='ocr_line' id='line_1_7' title="bbox 633 975 2205 1052; baseline -0.004 -18"><span class='ocrx_word' id='word_1_47' title='bbox 633 989 804 1052; x_wconf 75' lang='lat' dir='ltr'><strong>Quare</strong></span> <span class='ocrx_word' id='word_1_48' title='bbox 827 1025 841 1049; x_wconf 93' lang='lat'><strong>,</strong></span> <span class='ocrx_word' id='word_1_49' title='bbox 871 983 1058 1050; x_wconf 90' lang='lat' dir='ltr'><strong>inquit,</strong></span> <span class='ocrx_word' id='word_1_50' title='bbox 1085 982 1160 1036; x_wconf 88' lang='lat' dir='ltr'><strong>sic</strong></span> <span class='ocrx_word' id='word_1_51' title='bbox 1191 979 1588 1048; x_wconf 77' lang='lat' dir='ltr'><strong>obstupescitis,</strong></span> <span class='ocrx_word' id='word_1_52' title='bbox 1617 988 1669 1033; x_wconf 86' lang='lat' dir='ltr'><strong>et</strong></span> <span class='ocrx_word' id='word_1_53' title='bbox 1698 975 1972 1047; x_wconf 79' lang='lat' dir='ltr'><strong>stupefacti</strong></span> <span class='ocrx_word' id='word_1_54' title='bbox 1998 978 2126 1030; x_wconf 89' lang='lat' dir='ltr'><strong>estis</strong></span> <span class='ocrx_word' id='word_1_55' title='bbox 2154 975 2205 1028; x_wconf 91' lang='lat' dir='ltr'><strong>in</strong></span> 
     </span>
    </p>
   </div>
   <div class='ocr_carea' id='block_1_8' title="bbox 636 1067 2206 1139">
    <p class='ocr_par' dir='ltr' id='par_1_8' title="bbox 636 1067 2206 1139">
     <span class='ocr_line' id='line_1_8' title="bbox 636 1067 2206 1139; baseline -0.008 -8"><span class='ocrx_word' id='word_1_56' title='bbox 636 1078 734 1131; x_wconf 87' lang='lat' dir='ltr'><strong>hac</strong></span> <span class='ocrx_word' id='word_1_57' title='bbox 785 1073 882 1130; x_wconf 83' lang='lat' dir='ltr'><strong>re?</strong></span> <span class='ocrx_word' id='word_1_58' title='bbox 930 1074 1064 1128; x_wconf 81' lang='lat' dir='ltr'><strong>Num</strong></span> <span class='ocrx_word' id='word_1_59' title='bbox 1114 1088 1209 1126; x_wconf 86' lang='lat' dir='ltr'><strong>nos</strong></span> <span class='ocrx_word' id='word_1_60' title='bbox 1255 1076 1434 1126; x_wconf 87' lang='lat' dir='ltr'><strong>snlnus</strong></span> <span class='ocrx_word' id='word_1_61' title='bbox 1479 1070 1578 1124; x_wconf 87' lang='lat' dir='ltr'><strong>hoc</strong></span> <span class='ocrx_word' id='word_1_62' title='bbox 1616 1069 1840 1139; x_wconf 76' lang='lat' dir='ltr'><strong>operati,</strong></span> <span class='ocrx_word' id='word_1_63' title='bbox 1872 1069 1955 1122; x_wconf 97' lang='lat' dir='ltr'><strong>vel</strong></span> <span class='ocrx_word' id='word_1_64' title='bbox 1998 1067 2206 1136; x_wconf 86' lang='lat' dir='ltr'><strong>propria</strong></span> 
     </span>
    </p>
   </div>
   <div class='ocr_carea' id='block_1_9' title="bbox 636 1159 2208 1224">
    <p class='ocr_par' dir='ltr' id='par_1_9' title="bbox 636 1159 2208 1224">
     <span class='ocr_line' id='line_1_9' title="bbox 636 1159 2208 1224; baseline -0.003 -7"><span class='ocrx_word' id='word_1_65' title='bbox 636 1169 826 1221; x_wconf 88' lang='lat' dir='ltr'><strong>virtute</strong></span> <span class='ocrx_word' id='word_1_66' title='bbox 876 1163 1222 1219; x_wconf 91' lang='lat' dir='ltr'><strong>incolumitati</strong></span> <span class='ocrx_word' id='word_1_67' title='bbox 1277 1162 1419 1216; x_wconf 93' lang='lat' dir='ltr'><strong>illum</strong></span> <span class='ocrx_word' id='word_1_68' title='bbox 1469 1162 1824 1224; x_wconf 88' lang='lat' dir='ltr'><strong>restituimus,</strong></span> <span class='ocrx_word' id='word_1_69' title='bbox 1857 1168 1909 1213; x_wconf 90' lang='lat' dir='ltr'><strong>et</strong></span> <span class='ocrx_word' id='word_1_70' title='bbox 1937 1159 2208 1212; x_wconf 88' lang='lat' dir='ltr'><strong>ambulare</strong></span> 
     </span>
    </p>
   </div>
   <div class='ocr_carea' id='block_1_10' title="bbox 638 1251 2206 1323">
    <p class='ocr_par' dir='ltr' id='par_1_10' title="bbox 638 1251 2206 1323">
     <span class='ocr_line' id='line_1_10' title="bbox 638 1251 2206 1323; baseline -0.006 -11"><span class='ocrx_word' id='word_1_71' title='bbox 638 1257 899 1312; x_wconf 78' lang='lat' dir='ltr'><strong>fecimus?</strong></span> <span class='ocrx_word' id='word_1_72' title='bbox 926 1257 1062 1323; x_wconf 83' lang='lat' dir='ltr'><strong>Quid</strong></span> <span class='ocrx_word' id='word_1_73' title='bbox 1085 1270 1175 1309; x_wconf 71' lang='lat' dir='ltr'><strong>nos</strong></span> <span class='ocrx_word' id='word_1_74' title='bbox 1201 1255 1456 1306; x_wconf 76' lang='lat' dir='ltr'><strong>intuemini</strong></span> <span class='ocrx_word' id='word_1_75' title='bbox 1483 1254 1506 1306; x_wconf 86' lang='lat'><strong><em>?</em></strong></span> <span class='ocrx_word' id='word_1_76' title='bbox 1533 1252 1669 1306; x_wconf 79' lang='lat' dir='ltr'><strong>Nihil</strong></span> <span class='ocrx_word' id='word_1_77' title='bbox 1699 1251 1923 1320; x_wconf 82' lang='lat' dir='ltr'><strong>amplius</strong></span> <span class='ocrx_word' id='word_1_78' title='bbox 1949 1265 2044 1304; x_wconf 86' lang='lat' dir='ltr'><strong>nos</strong></span> <span class='ocrx_word' id='word_1_79' title='bbox 2070 1258 2206 1303; x_wconf 81' lang='lat' dir='ltr'><strong>attu-</strong></span> 
     </span>
    </p>
   </div>
   <div class='ocr_carea' id='block_1_11' title="bbox 635 1340 2205 1416">
    <p class='ocr_par' dir='ltr' id='par_1_11' title="bbox 635 1340 2205 1416">
     <span class='ocr_line' id='line_1_11' title="bbox 635 1340 2205 1416; baseline -0.005 -17"><span class='ocrx_word' id='word_1_80' title='bbox 635 1350 820 1410; x_wconf 90' lang='lat' dir='ltr'><strong>limus,</strong></span> <span class='ocrx_word' id='word_1_81' title='bbox 853 1362 1006 1416; x_wconf 86' lang='lat' dir='ltr'><strong>quam</strong></span> <span class='ocrx_word' id='word_1_82' title='bbox 1047 1344 1187 1413; x_wconf 88' lang='lat' dir='ltr'><strong>quod</strong></span> <span class='ocrx_word' id='word_1_83' title='bbox 1213 1345 1443 1413; x_wconf 81' lang='lat' dir='ltr'><strong>linguam</strong></span> <span class='ocrx_word' id='word_1_84' title='bbox 1471 1351 1704 1398; x_wconf 85' lang='lat' dir='ltr'><strong>nostram</strong></span> <span class='ocrx_word' id='word_1_85' title='bbox 1738 1340 2205 1396; x_wconf 83' lang='lat' dir='ltr'><strong>commodavimus.</strong></span> 
     </span>
    </p>
   </div>
   <div class='ocr_carea' id='block_1_12' title="bbox 637 1431 2209 1504">
    <p class='ocr_par' dir='ltr' id='par_1_12' title="bbox 637 1431 2209 1504">
     <span class='ocr_line' id='line_1_12' title="bbox 637 1431 2209 1504; baseline -0.004 -14"><span class='ocrx_word' id='word_1_86' title='bbox 637 1440 737 1504; x_wconf 78' lang='lat' dir='ltr'><strong>Qui</strong></span> <span class='ocrx_word' id='word_1_87' title='bbox 767 1445 941 1492; x_wconf 88' lang='lat' dir='ltr'><strong>autem</strong></span> <span class='ocrx_word' id='word_1_88' title='bbox 973 1437 1148 1490; x_wconf 80' lang='lat' dir='ltr'><strong>omnia</strong></span> <span class='ocrx_word' id='word_1_89' title='bbox 1178 1435 1298 1488; x_wconf 80' lang='lat' dir='ltr'><strong>fecit</strong></span> <span class='ocrx_word' id='word_1_90' title='bbox 1319 1473 1334 1499; x_wconf 92' lang='lat'><strong>,</strong></span> <span class='ocrx_word' id='word_1_91' title='bbox 1367 1433 1621 1487; x_wconf 83' lang='lat' dir='ltr'><strong>Dominus</strong></span> <span class='ocrx_word' id='word_1_92' title='bbox 1650 1443 1730 1486; x_wconf 85' lang='lat' dir='ltr'><strong>est</strong></span> <span class='ocrx_word' id='word_1_93' title='bbox 1750 1472 1764 1495; x_wconf 91' lang='lat'><strong>,</strong></span> <span class='ocrx_word' id='word_1_94' title='bbox 1794 1441 1848 1487; x_wconf 89' lang='lat' dir='ltr'><strong>et</strong></span> <span class='ocrx_word' id='word_1_95' title='bbox 1876 1431 1963 1484; x_wconf 90' lang='lat' dir='ltr'><strong>ille</strong></span> <span class='ocrx_word' id='word_1_96' title='bbox 2007 1439 2209 1483; x_wconf 73' lang='lat' dir='ltr'><strong>natura:</strong></span> 
     </span>
    </p>
   </div>
   <div class='ocr_carea' id='block_1_13' title="bbox 633 1522 2205 1593">
    <p class='ocr_par' dir='ltr' id='par_1_13' title="bbox 633 1522 2205 1593">
     <span class='ocr_line' id='line_1_13' title="bbox 633 1522 2205 1593; baseline -0.006 -12"><span class='ocrx_word' id='word_1_97' title='bbox 633 1530 922 1593; x_wconf 69' lang='lat' dir='ltr'><strong>Conditor,</strong></span> <span class='ocrx_word' id='word_1_98' title='bbox 958 1527 1092 1580; x_wconf 80' lang='lat' dir='ltr'><strong>Deus</strong></span> <span class='ocrx_word' id='word_1_99' title='bbox 1120 1527 1372 1579; x_wconf 79' lang='lat' dir='ltr'><strong>Abraham</strong></span> <span class='ocrx_word' id='word_1_100' title='bbox 1397 1567 1410 1587; x_wconf 71' lang='grc' dir='ltr'><strong>ς</strong></span> <span class='ocrx_word' id='word_1_101' title='bbox 1443 1523 1588 1576; x_wconf 78' lang='lat' dir='ltr'><strong>Isaac</strong></span> <span class='ocrx_word' id='word_1_102' title='bbox 1614 1564 1626 1584; x_wconf 93' lang='lat'><strong>,</strong></span> <span class='ocrx_word' id='word_1_103' title='bbox 1653 1533 1698 1576; x_wconf 86' lang='lat' dir='ltr'><strong>ct</strong></span> <span class='ocrx_word' id='word_1_104' title='bbox 1723 1522 1880 1574; x_wconf 78' lang='grc' dir='ltr'><strong>,Ιασοὺ</strong></span> <span class='ocrx_word' id='word_1_105' title='bbox 1905 1560 1921 1586; x_wconf 84' lang='grc'><strong><em>,</em></strong></span> <span class='ocrx_word' id='word_1_106' title='bbox 1948 1534 2080 1589; x_wconf 88' lang='lat' dir='ltr'><strong>quos</strong></span> <span class='ocrx_word' id='word_1_107' title='bbox 2113 1534 2205 1588; x_wconf 87' lang='lat' dir='ltr'><strong>pa-</strong></span> 
     </span>
    </p>
   </div>
   <div class='ocr_carea' id='block_1_14' title="bbox 635 1611 2215 1682">
    <p class='ocr_par' dir='ltr' id='par_1_14' title="bbox 635 1611 2215 1682">
     <span class='ocr_line' id='line_1_14' title="bbox 635 1611 2215 1682; baseline -0.007 -7"><span class='ocrx_word' id='word_1_108' title='bbox 635 1622 892 1677; x_wconf 80' lang='lat' dir='ltr'><strong>triarchas</strong></span> <span class='ocrx_word' id='word_1_109' title='bbox 919 1619 1167 1675; x_wconf 81' lang='lat' dir='ltr'><strong>censetis.</strong></span> <span class='ocrx_word' id='word_1_110' title='bbox 1201 1617 1287 1671; x_wconf 87' lang='lat' dir='ltr'><strong>llle</strong></span> <span class='ocrx_word' id='word_1_111' title='bbox 1317 1614 1965 1682; x_wconf 74' lang='lat' dir='ltr'><strong>Qucmrottradidistis.et</strong></span> <span class='ocrx_word' id='word_1_112' title='bbox 1984 1611 2215 1682; x_wconf 71' lang='lat' dir='ltr'><strong>negastis</strong></span> 
     </span>
    </p>
   </div>
   <div class='ocr_carea' id='block_1_15' title="bbox 639 1700 2209 1780">
    <p class='ocr_par' dir='ltr' id='par_1_15' title="bbox 639 1700 2209 1780">
     <span class='ocr_line' id='line_1_15' title="bbox 639 1700 2209 1780; baseline -0.008 -15"><span class='ocrx_word' id='word_1_113' title='bbox 639 1728 807 1765; x_wconf 85' lang='lat' dir='ltr'><strong>comm</strong></span> <span class='ocrx_word' id='word_1_114' title='bbox 837 1711 968 1780; x_wconf 79' lang='lat' dir='ltr'><strong>facie</strong></span> <span class='ocrx_word' id='word_1_115' title='bbox 1014 1707 1172 1760; x_wconf 85' lang='lat' dir='ltr'><strong>Pilati</strong></span> <span class='ocrx_word' id='word_1_116' title='bbox 1204 1705 1483 1774; x_wconf 79' lang='lat' dir='ltr'><strong>judicunlis</strong></span> <span class='ocrx_word' id='word_1_117' title='bbox 1521 1703 1663 1756; x_wconf 86' lang='lat' dir='ltr'><strong>illum</strong></span> <span class='ocrx_word' id='word_1_118' title='bbox 1703 1700 2046 1754; x_wconf 84' lang='lat' dir='ltr'><strong>dimittendum</strong></span> <span class='ocrx_word' id='word_1_119' title='bbox 2077 1715 2094 1752; x_wconf 91' lang='lat'><strong><em>:</em></strong></span> <span class='ocrx_word' id='word_1_120' title='bbox 2122 1700 2209 1754; x_wconf 87' lang='lat' dir='ltr'><strong>ille</strong></span> 
     </span>
    </p>
   </div>
   <div class='ocr_carea' id='block_1_16' title="bbox 636 1788 2209 1870">
    <p class='ocr_par' dir='ltr' id='par_1_16' title="bbox 636 1788 2209 1870">
     <span class='ocr_line' id='line_1_16' title="bbox 636 1788 2209 1870; baseline -0.01 -16"><span class='ocrx_word' id='word_1_121' title='bbox 636 1801 830 1870; x_wconf 86' lang='lat' dir='ltr'><strong>estqui</strong></span> <span class='ocrx_word' id='word_1_122' title='bbox 861 1797 1036 1852; x_wconf 87' lang='lat' dir='ltr'><strong>omnia</strong></span> <span class='ocrx_word' id='word_1_123' title='bbox 1083 1791 1331 1865; x_wconf 81' lang='lat' dir='ltr'><strong>operatus</strong></span> <span class='ocrx_word' id='word_1_124' title='bbox 1360 1802 1477 1856; x_wconf 88' lang='lat' dir='ltr'><strong>est,</strong></span> <span class='ocrx_word' id='word_1_125' title='bbox 1525 1806 1683 1860; x_wconf 86' lang='lat' dir='ltr'><strong>quem</strong></span> <span class='ocrx_word' id='word_1_126' title='bbox 1750 1788 1847 1843; x_wconf 73' lang='lat' dir='ltr'><strong>Vos</strong></span> <span class='ocrx_word' id='word_1_127' title='bbox 1893 1798 2119 1842; x_wconf 72' lang='lat' dir='ltr'><strong>sanctum</strong></span> <span class='ocrx_word' id='word_1_128' title='bbox 2164 1796 2209 1840; x_wconf 82' lang='lat' dir='ltr'><strong>et</strong></span> 
     </span>
    </p>
   </div>
   <div class='ocr_carea' id='block_1_17' title="bbox 637 1878 2209 1963">
    <p class='ocr_par' dir='ltr' id='par_1_17' title="bbox 637 1878 2209 1963">
     <span class='ocr_line' id='line_1_17' title="bbox 637 1878 2209 1963; baseline -0.006 -23"><span class='ocrx_word' id='word_1_129' title='bbox 637 1894 832 1963; x_wconf 74' lang='lat' dir='ltr'><strong>justum</strong></span> <span class='ocrx_word' id='word_1_130' title='bbox 881 1889 1133 1958; x_wconf 72' lang='lat' dir='ltr'><strong>negastis,</strong></span> <span class='ocrx_word' id='word_1_131' title='bbox 1166 1896 1211 1939; x_wconf 83' lang='lat' dir='ltr'><strong>et</strong></span> <span class='ocrx_word' id='word_1_132' title='bbox 1261 1885 1471 1953; x_wconf 70' lang='lat' dir='ltr'><strong>petiisti:</strong></span> <span class='ocrx_word' id='word_1_133' title='bbox 1526 1883 1687 1934; x_wconf 79' lang='lat' dir='ltr'><strong>virum</strong></span> <span class='ocrx_word' id='word_1_134' title='bbox 1735 1880 2034 1932; x_wconf 80' lang='lat' dir='ltr'><strong>homicidam</strong></span> <span class='ocrx_word' id='word_1_135' title='bbox 2076 1878 2209 1931; x_wconf 72' lang='lat' dir='ltr'><strong>vobis</strong></span> 
     </span>
    </p>
   </div>
   <div class='ocr_carea' id='block_1_18' title="bbox 639 1972 2211 2049">
    <p class='ocr_par' dir='ltr' id='par_1_18' title="bbox 639 1972 2211 2049">
     <span class='ocr_line' id='line_1_18' title="bbox 639 1972 2211 2049; baseline -0.01 -12"><span class='ocrx_word' id='word_1_136' title='bbox 639 1983 772 2037; x_wconf 82' lang='lat' dir='ltr'><strong>tradi</strong></span> <span class='ocrx_word' id='word_1_137' title='bbox 817 1998 834 2035; x_wconf 86' lang='lat'><strong><em>:</em></strong></span> <span class='ocrx_word' id='word_1_138' title='bbox 889 1979 1178 2049; x_wconf 80' lang='lat' dir='ltr'><strong>Principcm</strong></span> <span class='ocrx_word' id='word_1_139' title='bbox 1232 1987 1396 2030; x_wconf 83' lang='lat' dir='ltr'><strong>autem</strong></span> <span class='ocrx_word' id='word_1_140' title='bbox 1450 1974 1561 2027; x_wconf 67' lang='lat' dir='ltr'><strong>vita</strong></span> <span class='ocrx_word' id='word_1_141' title='bbox 1611 1972 2014 2035; x_wconf 73' lang='lat' dir='ltr'><strong>condemnustis,</strong></span> <span class='ocrx_word' id='word_1_142' title='bbox 2067 1986 2211 2038; x_wconf 80' lang='lat' dir='ltr'><strong>quem</strong></span> 
     </span>
    </p>
   </div>
   <div class='ocr_carea' id='block_1_19' title="bbox 638 2059 2210 2134">
    <p class='ocr_par' dir='ltr' id='par_1_19' title="bbox 638 2059 2210 2134">
     <span class='ocr_line' id='line_1_19' title="bbox 638 2059 2210 2134; baseline -0.008 -9"><span class='ocrx_word' id='word_1_143' title='bbox 638 2071 773 2126; x_wconf 73' lang='lat' dir='ltr'><strong>Deus</strong></span> <span class='ocrx_word' id='word_1_144' title='bbox 803 2073 1028 2125; x_wconf 74' lang='lat' dir='ltr'><strong>excitavit</strong></span> <span class='ocrx_word' id='word_1_145' title='bbox 1055 2086 1085 2122; x_wconf 87' lang='lat' dir='ltr'><strong>a</strong></span> <span class='ocrx_word' id='word_1_146' title='bbox 1111 2067 1317 2121; x_wconf 76' lang='lat' dir='ltr'><strong>mortuis</strong></span> <span class='ocrx_word' id='word_1_147' title='bbox 1337 2107 1351 2130; x_wconf 93' lang='lat'><strong>,</strong></span> <span class='ocrx_word' id='word_1_148' title='bbox 1382 2066 1527 2134; x_wconf 80' lang='lat' dir='ltr'><strong>cujus</strong></span> <span class='ocrx_word' id='word_1_149' title='bbox 1556 2080 1646 2115; x_wconf 84' lang='lat' dir='ltr'><strong>nos</strong></span> <span class='ocrx_word' id='word_1_150' title='bbox 1671 2073 1814 2116; x_wconf 71' lang='lat' dir='ltr'><strong>tuter</strong></span> <span class='ocrx_word' id='word_1_151' title='bbox 1839 2078 2028 2115; x_wconf 65' lang='lat' dir='ltr'><strong>turnus.</strong></span> <span class='ocrx_word' id='word_1_152' title='bbox 2068 2059 2133 2113; x_wconf 84' lang='lat' dir='ltr'><strong>Et</strong></span> <span class='ocrx_word' id='word_1_153' title='bbox 2158 2061 2210 2113; x_wconf 83' lang='lat' dir='ltr'><strong>in</strong></span> 
     </span>
    </p>
   </div>
   <div class='ocr_carea' id='block_1_20' title="bbox 641 2153 2211 2233">
    <p class='ocr_par' dir='ltr' id='par_1_20' title="bbox 641 2153 2211 2233">
     <span class='ocr_line' id='line_1_20' title="bbox 641 2153 2211 2233; baseline -0.01 -16"><span class='ocrx_word' id='word_1_154' title='bbox 641 2167 744 2233; x_wconf 77' lang='lat' dir='ltr'><strong>ﬁde</strong></span> <span class='ocrx_word' id='word_1_155' title='bbox 769 2165 983 2218; x_wconf 72' lang='lat' dir='ltr'><strong>nominis</strong></span> <span class='ocrx_word' id='word_1_156' title='bbox 1004 2163 1159 2224; x_wconf 71' lang='lat' dir='ltr'><strong>illius,</strong></span> <span class='ocrx_word' id='word_1_157' title='bbox 1189 2161 1318 2212; x_wconf 69' lang='lat' dir='ltr'><strong>hunc</strong></span> <span class='ocrx_word' id='word_1_158' title='bbox 1338 2172 1482 2225; x_wconf 67' lang='lat' dir='ltr'><strong>quem</strong></span> <span class='ocrx_word' id='word_1_159' title='bbox 1510 2157 1684 2208; x_wconf 77' lang='lat' dir='ltr'><strong>ridetis</strong></span> <span class='ocrx_word' id='word_1_160' title='bbox 1709 2167 1753 2206; x_wconf 78' lang='lat' dir='ltr'><strong>et</strong></span> <span class='ocrx_word' id='word_1_161' title='bbox 1782 2155 1954 2214; x_wconf 69' lang='lat' dir='ltr'><strong>nostis,</strong></span> <span class='ocrx_word' id='word_1_162' title='bbox 1979 2153 2211 2204; x_wconf 66' lang='lat' dir='ltr'><strong>soliditth</strong></span> 
     </span>
    </p>
   </div>
   <div class='ocr_carea' id='block_1_21' title="bbox 636 2245 2210 2320">
    <p class='ocr_par' dir='ltr' id='par_1_21' title="bbox 636 2245 2210 2320">
     <span class='ocr_line' id='line_1_21' title="bbox 636 2245 2210 2320; baseline -0.008 -10"><span class='ocrx_word' id='word_1_163' title='bbox 636 2273 811 2310; x_wconf 77' lang='lat' dir='ltr'><strong>nomen</strong></span> <span class='ocrx_word' id='word_1_164' title='bbox 849 2256 982 2308; x_wconf 69' lang='lat' dir='ltr'><strong>illius</strong></span> <span class='ocrx_word' id='word_1_165' title='bbox 1009 2295 1021 2320; x_wconf 87' lang='lat'><strong>,</strong></span> <span class='ocrx_word' id='word_1_166' title='bbox 1051 2263 1096 2305; x_wconf 77' lang='lat' dir='ltr'><strong>ct</strong></span> <span class='ocrx_word' id='word_1_167' title='bbox 1125 2251 1279 2320; x_wconf 70' lang='lat' dir='ltr'><strong>ﬁdes,</strong></span> <span class='ocrx_word' id='word_1_168' title='bbox 1318 2266 1429 2320; x_wconf 79' lang='lat' dir='ltr'><strong>qua:</strong></span> <span class='ocrx_word' id='word_1_169' title='bbox 1454 2264 1544 2316; x_wconf 81' lang='lat' dir='ltr'><strong>per</strong></span> <span class='ocrx_word' id='word_1_170' title='bbox 1588 2249 1750 2313; x_wconf 76' lang='lat' dir='ltr'><strong>ipsum</strong></span> <span class='ocrx_word' id='word_1_171' title='bbox 1795 2255 1898 2304; x_wconf 79' lang='lat' dir='ltr'><strong>est.</strong></span> <span class='ocrx_word' id='word_1_172' title='bbox 1931 2245 2064 2297; x_wconf 72' lang='lat' dir='ltr'><strong>dedit</strong></span> <span class='ocrx_word' id='word_1_173' title='bbox 2095 2246 2210 2297; x_wconf 86' lang='lat' dir='ltr'><strong>huic</strong></span> 
     </span>
    </p>
   </div>
   <div class='ocr_carea' id='block_1_22' title="bbox 635 2334 2155 2403">
    <p class='ocr_par' dir='ltr' id='par_1_22' title="bbox 635 2334 2155 2403">
     <span class='ocr_line' id='line_1_22' title="bbox 635 2334 2155 2403; baseline -0.009 -4"><span class='ocrx_word' id='word_1_174' title='bbox 635 2345 1026 2400; x_wconf 82' lang='lat' dir='ltr'><strong>incolumitatem</strong></span> <span class='ocrx_word' id='word_1_175' title='bbox 1058 2358 1227 2395; x_wconf 84' lang='lat' dir='ltr'><strong>coram</strong></span> <span class='ocrx_word' id='word_1_176' title='bbox 1253 2340 1478 2396; x_wconf 84' lang='lat' dir='ltr'><strong>omnibus</strong></span> <span class='ocrx_word' id='word_1_177' title='bbox 1507 2339 1637 2391; x_wconf 80' lang='lat' dir='ltr'><strong>vobis</strong></span> <span class='ocrx_word' id='word_1_178' title='bbox 1666 2338 1680 2398; x_wconf 84' lang='lat'><strong><em>(</em></strong></span> <span class='ocrx_word' id='word_1_179' title='bbox 1696 2336 1826 2387; x_wconf 79' lang='lat' dir='ltr'><strong>Ibid.</strong></span> <span class='ocrx_word' id='word_1_180' title='bbox 1857 2352 1902 2387; x_wconf 81' lang='grc' dir='ltr'><strong>υ.</strong></span> <span class='ocrx_word' id='word_1_181' title='bbox 1937 2334 2155 2403; x_wconf 69' lang='lat' dir='ltr'><strong>l5—l6).</strong></span> 
     </span>
    </p>
   </div>
   <div class='ocr_carea' id='block_1_23' title="bbox 705 2424 2211 2502">
    <p class='ocr_par' dir='ltr' id='par_1_23' title="bbox 705 2424 2211 2502">
     <span class='ocr_line' id='line_1_23' title="bbox 705 2424 2211 2502; baseline -0.008 -12"><span class='ocrx_word' id='word_1_182' title='bbox 705 2436 758 2491; x_wconf 76' lang='grc' dir='ltr'><strong>ϐ.</strong></span> <span class='ocrx_word' id='word_1_183' title='bbox 792 2437 972 2502; x_wconf 74' lang='lat' dir='ltr'><strong>Magna</strong></span> <span class='ocrx_word' id='word_1_184' title='bbox 1005 2432 1154 2487; x_wconf 87' lang='lat' dir='ltr'><strong>liberi</strong></span> <span class='ocrx_word' id='word_1_185' title='bbox 1186 2431 1341 2500; x_wconf 82' lang='lat' dir='ltr'><strong>hujus</strong></span> <span class='ocrx_word' id='word_1_186' title='bbox 1375 2428 1637 2482; x_wconf 90' lang='lat' dir='ltr'><strong>sermonis</strong></span> <span class='ocrx_word' id='word_1_187' title='bbox 1662 2424 2004 2486; x_wconf 67' lang='lat' dir='ltr'><strong>excellentia;</strong></span> <span class='ocrx_word' id='word_1_188' title='bbox 2028 2425 2211 2493; x_wconf 86' lang='lat' dir='ltr'><strong>ingens</strong></span> 
     </span>
    </p>
   </div>
   <div class='ocr_carea' id='block_1_24' title="bbox 634 2517 2212 2592">
    <p class='ocr_par' dir='ltr' id='par_1_24' title="bbox 634 2517 2212 2592">
     <span class='ocr_line' id='line_1_24' title="bbox 634 2517 2212 2592; baseline -0.011 -6"><span class='ocrx_word' id='word_1_189' title='bbox 634 2539 687 2586; x_wconf 86' lang='lat' dir='ltr'><strong>et</strong></span> <span class='ocrx_word' id='word_1_190' title='bbox 731 2526 1006 2581; x_wconf 81' lang='lat' dir='ltr'><strong>inel&#39;l‘abilis</strong></span> <span class='ocrx_word' id='word_1_191' title='bbox 1033 2524 1111 2577; x_wconf 89' lang='lat' dir='ltr'><strong>vis</strong></span> <span class='ocrx_word' id='word_1_192' title='bbox 1151 2523 1330 2592; x_wconf 69' lang='lat' dir='ltr'><strong>gratia:</strong></span> <span class='ocrx_word' id='word_1_193' title='bbox 1370 2536 1596 2589; x_wconf 89' lang='lat' dir='ltr'><strong>superne</strong></span> <span class='ocrx_word' id='word_1_194' title='bbox 1640 2519 1742 2572; x_wconf 84' lang='lat' dir='ltr'><strong>illis</strong></span> <span class='ocrx_word' id='word_1_195' title='bbox 1770 2517 1974 2572; x_wconf 69' lang='lat' dir='ltr'><strong>collata:</strong></span> <span class='ocrx_word' id='word_1_196' title='bbox 1999 2535 2014 2580; x_wconf 87' lang='lat'><strong>;</strong></span> <span class='ocrx_word' id='word_1_197' title='bbox 2044 2517 2212 2571; x_wconf 75' lang='lat' dir='ltr'><strong>mani-</strong></span> 
     </span>
    </p>
   </div>
   <div class='ocr_carea' id='block_1_25' title="bbox 638 2607 2209 2672">
    <p class='ocr_par' dir='ltr' id='par_1_25' title="bbox 638 2607 2209 2672">
     <span class='ocr_line' id='line_1_25' title="bbox 638 2607 2209 2672; baseline -0.008 0"><span class='ocrx_word' id='word_1_198' title='bbox 638 2617 916 2672; x_wconf 73' lang='lat' dir='ltr'><strong>festissima</strong></span> <span class='ocrx_word' id='word_1_199' title='bbox 950 2613 1354 2669; x_wconf 90' lang='lat' dir='ltr'><strong>resurrectionis</strong></span> <span class='ocrx_word' id='word_1_200' title='bbox 1387 2609 1770 2664; x_wconf 87' lang='lat' dir='ltr'><strong>demonstratio</strong></span> <span class='ocrx_word' id='word_1_201' title='bbox 1799 2607 1933 2659; x_wconf 89' lang='lat' dir='ltr'><strong>beati</strong></span> <span class='ocrx_word' id='word_1_202' title='bbox 1979 2607 2118 2660; x_wconf 89' lang='lat' dir='ltr'><strong>illius</strong></span> <span class='ocrx_word' id='word_1_203' title='bbox 2160 2608 2209 2659; x_wconf 91' lang='lat' dir='ltr'><strong>in</strong></span> 
     </span>
    </p>
   </div>
   <div class='ocr_carea' id='block_1_26' title="bbox 641 2698 2207 2767">
    <p class='ocr_par' dir='ltr' id='par_1_26' title="bbox 641 2698 2207 2767">
     <span class='ocr_line' id='line_1_26' title="bbox 641 2698 2207 2767; baseline -0.009 -5"><span class='ocrx_word' id='word_1_204' title='bbox 641 2709 865 2764; x_wconf 83' lang='lat' dir='ltr'><strong>dicendo</strong></span> <span class='ocrx_word' id='word_1_205' title='bbox 900 2705 1114 2761; x_wconf 85' lang='lat' dir='ltr'><strong>libertas</strong></span> <span class='ocrx_word' id='word_1_206' title='bbox 1155 2702 1330 2758; x_wconf 80' lang='lat' dir='ltr'><strong>fuerit.</strong></span> <span class='ocrx_word' id='word_1_207' title='bbox 1363 2701 1513 2767; x_wconf 85' lang='lat' dir='ltr'><strong>Quod</strong></span> <span class='ocrx_word' id='word_1_208' title='bbox 1535 2702 1674 2753; x_wconf 87' lang='lat' dir='ltr'><strong>enim</strong></span> <span class='ocrx_word' id='word_1_209' title='bbox 1703 2698 1872 2765; x_wconf 78' lang='lat' dir='ltr'><strong>majus</strong></span> <span class='ocrx_word' id='word_1_210' title='bbox 1903 2699 2207 2750; x_wconf 83' lang='lat' dir='ltr'><strong>miraculum</strong></span> 
     </span>
    </p>
   </div>
   <div class='ocr_carea' id='block_1_27' title="bbox 643 2785 2210 2865">
    <p class='ocr_par' dir='ltr' id='par_1_27' title="bbox 643 2785 2210 2865">
     <span class='ocr_line' id='line_1_27' title="bbox 643 2785 2210 2865; baseline -0.008 -13"><span class='ocrx_word' id='word_1_211' title='bbox 643 2800 730 2852; x_wconf 90' lang='lat' dir='ltr'><strong>illo</strong></span> <span class='ocrx_word' id='word_1_212' title='bbox 751 2796 868 2865; x_wconf 85' lang='lat' dir='ltr'><strong>quis</strong></span> <span class='ocrx_word' id='word_1_213' title='bbox 909 2803 1190 2862; x_wconf 80' lang='lat' dir='ltr'><strong>quaereret,</strong></span> <span class='ocrx_word' id='word_1_214' title='bbox 1233 2805 1356 2844; x_wconf 90' lang='lat' dir='ltr'><strong>cum</strong></span> <span class='ocrx_word' id='word_1_215' title='bbox 1398 2789 1441 2842; x_wconf 89' lang='lat' dir='ltr'><strong>is</strong></span> <span class='ocrx_word' id='word_1_216' title='bbox 1485 2787 1573 2856; x_wconf 91' lang='lat' dir='ltr'><strong>qui</strong></span> <span class='ocrx_word' id='word_1_217' title='bbox 1626 2796 1746 2841; x_wconf 88' lang='lat' dir='ltr'><strong>ante</strong></span> <span class='ocrx_word' id='word_1_218' title='bbox 1794 2800 2005 2840; x_wconf 88' lang='lat' dir='ltr'><strong>crucem</strong></span> <span class='ocrx_word' id='word_1_219' title='bbox 2052 2785 2210 2840; x_wconf 88' lang='lat' dir='ltr'><strong>etiam</strong></span> 
     </span>
    </p>
   </div>
   <div class='ocr_carea' id='block_1_28' title="bbox 639 2875 2208 2958">
    <p class='ocr_par' dir='ltr' id='par_1_28' title="bbox 639 2875 2208 2958">
     <span class='ocr_line' id='line_1_28' title="bbox 639 2875 2208 2958; baseline -0.008 -19"><span class='ocrx_word' id='word_1_220' title='bbox 639 2887 855 2958; x_wconf 74' lang='lat' dir='ltr'><strong>abjecLe</strong></span> <span class='ocrx_word' id='word_1_221' title='bbox 882 2883 1068 2953; x_wconf 68' lang='lat' dir='ltr'><strong>puclla:</strong></span> <span class='ocrx_word' id='word_1_222' title='bbox 1113 2882 1282 2935; x_wconf 86' lang='lat' dir='ltr'><strong>minas</strong></span> <span class='ocrx_word' id='word_1_223' title='bbox 1305 2879 1441 2933; x_wconf 78' lang='lat' dir='ltr'><strong>ferre</strong></span> <span class='ocrx_word' id='word_1_224' title='bbox 1472 2891 1573 2932; x_wconf 83' lang='lat' dir='ltr'><strong>neu</strong></span> <span class='ocrx_word' id='word_1_225' title='bbox 1598 2878 1784 2946; x_wconf 86' lang='lat' dir='ltr'><strong>potuit,</strong></span> <span class='ocrx_word' id='word_1_226' title='bbox 1811 2890 1948 2930; x_wconf 90' lang='lat' dir='ltr'><strong>nunc</strong></span> <span class='ocrx_word' id='word_1_227' title='bbox 1987 2875 2051 2928; x_wconf 88' lang='lat' dir='ltr'><strong>ad</strong></span> <span class='ocrx_word' id='word_1_228' title='bbox 2089 2891 2208 2930; x_wconf 91' lang='lat' dir='ltr'><strong>eum</strong></span> 
     </span>
    </p>
   </div>
   <div class='ocr_carea' id='block_1_29' title="bbox 641 2967 2213 3038">
    <p class='ocr_par' dir='ltr' id='par_1_29' title="bbox 641 2967 2213 3038">
     <span class='ocr_line' id='line_1_29' title="bbox 641 2967 2213 3038; baseline -0.008 -7"><span class='ocrx_word' id='word_1_229' title='bbox 641 2979 852 3033; x_wconf 87' lang='lat' dir='ltr'><strong>modum</strong></span> <span class='ocrx_word' id='word_1_230' title='bbox 881 2977 1133 3030; x_wconf 86' lang='lat' dir='ltr'><strong>adversus</strong></span> <span class='ocrx_word' id='word_1_231' title='bbox 1161 2973 1467 3028; x_wconf 77' lang='lat' dir='ltr'><strong>Judteorum</strong></span> <span class='ocrx_word' id='word_1_232' title='bbox 1517 2969 1764 3038; x_wconf 85' lang='lat' dir='ltr'><strong>populum</strong></span> <span class='ocrx_word' id='word_1_233' title='bbox 1821 2967 2062 3034; x_wconf 74' lang='lat' dir='ltr'><strong>insurgit,</strong></span> <span class='ocrx_word' id='word_1_234' title='bbox 2099 2975 2213 3020; x_wconf 86' lang='lat' dir='ltr'><strong>tan-</strong></span> 
     </span>
    </p>
   </div>
   <div class='ocr_carea' id='block_1_30' title="bbox 639 3065 2211 3139">
    <p class='ocr_par' dir='ltr' id='par_1_30' title="bbox 639 3065 2211 3139">
     <span class='ocr_line' id='line_1_30' title="bbox 639 3065 2211 3139; baseline -0.008 -16"><span class='ocrx_word' id='word_1_235' title='bbox 639 3083 794 3139; x_wconf 84' lang='lat' dir='ltr'><strong>taque</strong></span> <span class='ocrx_word' id='word_1_236' title='bbox 821 3067 1030 3132; x_wconf 89' lang='lat' dir='ltr'><strong>liducia,</strong></span> <span class='ocrx_word' id='word_1_237' title='bbox 1057 3065 1200 3118; x_wconf 91' lang='lat' dir='ltr'><strong>solus</strong></span> <span class='ocrx_word' id='word_1_238' title='bbox 1219 3078 1337 3118; x_wconf 85' lang='lat' dir='ltr'><strong>eum</strong></span> <span class='ocrx_word' id='word_1_239' title='bbox 1367 3069 1528 3123; x_wconf 84' lang='lat' dir='ltr'><strong>esset,</strong></span> <span class='ocrx_word' id='word_1_240' title='bbox 1555 3067 1734 3114; x_wconf 83' lang='lat' dir='ltr'><strong>contra</strong></span> <span class='ocrx_word' id='word_1_241' title='bbox 1759 3067 1975 3119; x_wconf 86' lang='lat' dir='ltr'><strong>tantam,</strong></span> <span class='ocrx_word' id='word_1_242' title='bbox 2001 3067 2211 3125; x_wconf 88' lang='lat' dir='ltr'><strong>tamque</strong></span> 
     </span>
    </p>
   </div>
   <div class='ocr_carea' id='block_1_31' title="bbox 641 3148 2214 3216">
    <p class='ocr_par' dir='ltr' id='par_1_31' title="bbox 641 3148 2214 3216">
     <span class='ocr_line' id='line_1_31' title="bbox 641 3148 2214 3216; baseline -0.009 -3"><span class='ocrx_word' id='word_1_243' title='bbox 641 3163 903 3215; x_wconf 80' lang='lat' dir='ltr'><strong>furentem</strong></span> <span class='ocrx_word' id='word_1_244' title='bbox 928 3155 1312 3211; x_wconf 81' lang='lat' dir='ltr'><strong>multitudinem</strong></span> <span class='ocrx_word' id='word_1_245' title='bbox 1334 3161 1436 3206; x_wconf 90' lang='lat' dir='ltr'><strong>stat</strong></span> <span class='ocrx_word' id='word_1_246' title='bbox 1462 3149 1734 3213; x_wconf 85' lang='lat' dir='ltr'><strong>adversus,</strong></span> <span class='ocrx_word' id='word_1_247' title='bbox 1757 3157 1808 3201; x_wconf 88' lang='lat' dir='ltr'><strong>et</strong></span> <span class='ocrx_word' id='word_1_248' title='bbox 1839 3148 2068 3216; x_wconf 81' lang='lat' dir='ltr'><strong>loquitur</strong></span> <span class='ocrx_word' id='word_1_249' title='bbox 2094 3161 2214 3215; x_wconf 75' lang='lat' dir='ltr'><strong>qua:</strong></span> 
     </span>
    </p>
   </div>
   <div class='ocr_carea' id='block_1_32' title="bbox 645 3234 2211 3311">
    <p class='ocr_par' dir='ltr' id='par_1_32' title="bbox 645 3234 2211 3311">
     <span class='ocr_line' id='line_1_32' title="bbox 645 3234 2211 3311; baseline -0.01 -7"><span class='ocrx_word' id='word_1_250' title='bbox 645 3250 900 3305; x_wconf 74' lang='lat' dir='ltr'><strong>insaniam</strong></span> <span class='ocrx_word' id='word_1_251' title='bbox 933 3249 1135 3301; x_wconf 76' lang='lat' dir='ltr'><strong>illorum</strong></span> <span class='ocrx_word' id='word_1_252' title='bbox 1169 3242 1334 3311; x_wconf 85' lang='lat' dir='ltr'><strong>magis</strong></span> <span class='ocrx_word' id='word_1_253' title='bbox 1376 3253 1689 3308; x_wconf 62' lang='lat' dir='ltr'><strong>erasperare</strong></span> <span class='ocrx_word' id='word_1_254' title='bbox 1714 3236 1946 3306; x_wconf 79' lang='lat' dir='ltr'><strong>queant?</strong></span> <span class='ocrx_word' id='word_1_255' title='bbox 1991 3234 2211 3300; x_wconf 81' lang='lat' dir='ltr'><strong>Vidisti,</strong></span> 
     </span>
    </p>
   </div>
   <div class='ocr_carea' id='block_1_33' title="bbox 643 3327 2213 3404">
    <p class='ocr_par' dir='ltr' id='par_1_33' title="bbox 643 3327 2213 3404">
     <span class='ocr_line' id='line_1_33' title="bbox 643 3327 2213 3404; baseline -0.01 -9"><span class='ocrx_word' id='word_1_256' title='bbox 643 3339 863 3403; x_wconf 85' lang='lat' dir='ltr'><strong>dilecte,</strong></span> <span class='ocrx_word' id='word_1_257' title='bbox 897 3338 944 3391; x_wconf 92' lang='lat' dir='ltr'><strong>id</strong></span> <span class='ocrx_word' id='word_1_258' title='bbox 977 3336 1114 3404; x_wconf 80' lang='lat' dir='ltr'><strong>quod</strong></span> <span class='ocrx_word' id='word_1_259' title='bbox 1165 3334 1216 3387; x_wconf 91' lang='lat' dir='ltr'><strong>in</strong></span> <span class='ocrx_word' id='word_1_260' title='bbox 1259 3329 1518 3402; x_wconf 70' lang='lat' dir='ltr'><strong>proauuio</strong></span> <span class='ocrx_word' id='word_1_261' title='bbox 1564 3328 1822 3388; x_wconf 72' lang='lat' dir='ltr'><strong>dicebam,</strong></span> <span class='ocrx_word' id='word_1_262' title='bbox 1871 3327 2027 3378; x_wconf 90' lang='lat' dir='ltr'><strong>etiam</strong></span> <span class='ocrx_word' id='word_1_263' title='bbox 2075 3338 2213 3380; x_wconf 89' lang='lat' dir='ltr'><strong>nunc</strong></span> 
     </span>
    </p>
   </div>
   <div class='ocr_carea' id='block_1_34' title="bbox 641 3415 2208 3497">
    <p class='ocr_par' dir='ltr' id='par_1_34' title="bbox 641 3415 2208 3497">
     <span class='ocr_line' id='line_1_34' title="bbox 641 3415 2208 3497; baseline -0.012 -8"><span class='ocrx_word' id='word_1_264' title='bbox 641 3436 994 3489; x_wconf 81' lang='lat' dir='ltr'><strong>declaratum:</strong></span> <span class='ocrx_word' id='word_1_265' title='bbox 1026 3427 1175 3497; x_wconf 87' lang='lat' dir='ltr'><strong>Quod</strong></span> <span class='ocrx_word' id='word_1_266' title='bbox 1199 3425 1241 3479; x_wconf 91' lang='lat' dir='ltr'><strong>si</strong></span> <span class='ocrx_word' id='word_1_267' title='bbox 1263 3415 1380 3493; x_wconf 73' lang='lat' dir='ltr'><strong>quis</strong></span> <span class='ocrx_word' id='word_1_268' title='bbox 1405 3438 1580 3475; x_wconf 89' lang='lat' dir='ltr'><strong>amore</strong></span> <span class='ocrx_word' id='word_1_269' title='bbox 1605 3422 1653 3473; x_wconf 87' lang='lat' dir='ltr'><strong>in</strong></span> <span class='ocrx_word' id='word_1_270' title='bbox 1683 3420 1844 3472; x_wconf 87' lang='lat' dir='ltr'><strong>Deum</strong></span> <span class='ocrx_word' id='word_1_271' title='bbox 1873 3416 2208 3480; x_wconf 86' lang='lat' dir='ltr'><strong>accendatur,</strong></span> 
     </span>
    </p>
   </div>
   <div class='ocr_carea' id='block_1_35' title="bbox 646 3509 2211 3594">
    <p class='ocr_par' dir='ltr' id='par_1_35' title="bbox 646 3509 2211 3594">
     <span class='ocr_line' id='line_1_35' title="bbox 646 3509 2211 3594; baseline -0.012 -13"><span class='ocrx_word' id='word_1_272' title='bbox 646 3543 748 3582; x_wconf 89' lang='lat' dir='ltr'><strong>non</strong></span> <span class='ocrx_word' id='word_1_273' title='bbox 793 3532 969 3594; x_wconf 87' lang='lat' dir='ltr'><strong>postea</strong></span> <span class='ocrx_word' id='word_1_274' title='bbox 1023 3521 1155 3575; x_wconf 81' lang='lat' dir='ltr'><strong>feret</strong></span> <span class='ocrx_word' id='word_1_275' title='bbox 1180 3534 1239 3572; x_wconf 89' lang='lat' dir='ltr'><strong>ea</strong></span> <span class='ocrx_word' id='word_1_276' title='bbox 1265 3533 1380 3584; x_wconf 75' lang='lat' dir='ltr'><strong>quze</strong></span> <span class='ocrx_word' id='word_1_277' title='bbox 1409 3514 1506 3567; x_wconf 88' lang='lat' dir='ltr'><strong>sub</strong></span> <span class='ocrx_word' id='word_1_278' title='bbox 1533 3525 1906 3579; x_wconf 86' lang='lat' dir='ltr'><strong>corporeorum</strong></span> <span class='ocrx_word' id='word_1_279' title='bbox 1938 3509 2211 3563; x_wconf 88' lang='lat' dir='ltr'><strong>oculorum</strong></span> 
     </span>
    </p>
   </div>
   <div class='ocr_carea' id='block_1_36' title="bbox 641 3597 2213 3684">
    <p class='ocr_par' dir='ltr' id='par_1_36' title="bbox 641 3597 2213 3684">
     <span class='ocr_line' id='line_1_36' title="bbox 641 3597 2213 3684; baseline -0.011 -14"><span class='ocrx_word' id='word_1_280' title='bbox 641 3626 909 3684; x_wconf 89' lang='lat' dir='ltr'><strong>aspectum</strong></span> <span class='ocrx_word' id='word_1_281' title='bbox 941 3609 1170 3671; x_wconf 87' lang='lat' dir='ltr'><strong>cadunt;</strong></span> <span class='ocrx_word' id='word_1_282' title='bbox 1213 3605 1304 3659; x_wconf 88' lang='lat' dir='ltr'><strong>sed</strong></span> <span class='ocrx_word' id='word_1_283' title='bbox 1337 3604 1452 3657; x_wconf 88' lang='lat' dir='ltr'><strong>aliis</strong></span> <span class='ocrx_word' id='word_1_284' title='bbox 1498 3603 1781 3655; x_wconf 90' lang='lat' dir='ltr'><strong>instructus</strong></span> <span class='ocrx_word' id='word_1_285' title='bbox 1818 3599 2018 3664; x_wconf 90' lang='lat' dir='ltr'><strong>oculis,</strong></span> <span class='ocrx_word' id='word_1_286' title='bbox 2046 3597 2213 3653; x_wconf 71' lang='lat' dir='ltr'><strong>oculis</strong></span> 
     </span>
    </p>
   </div>
   <div class='ocr_carea' id='block_1_37' title="bbox 645 3687 2210 3774">
    <p class='ocr_par' dir='ltr' id='par_1_37' title="bbox 645 3687 2210 3774">
     <span class='ocr_line' id='line_1_37' title="bbox 645 3687 2210 3774; baseline -0.01 -17"><span class='ocrx_word' id='word_1_287' title='bbox 645 3705 853 3774; x_wconf 90' lang='lat' dir='ltr'><strong>inquam</strong></span> <span class='ocrx_word' id='word_1_288' title='bbox 883 3699 1021 3764; x_wconf 89' lang='lat' dir='ltr'><strong>lldci,</strong></span> <span class='ocrx_word' id='word_1_289' title='bbox 1058 3699 1139 3752; x_wconf 88' lang='lat' dir='ltr'><strong>illa</strong></span> <span class='ocrx_word' id='word_1_290' title='bbox 1171 3709 1379 3765; x_wconf 87' lang='lat' dir='ltr'><strong>semper</strong></span> <span class='ocrx_word' id='word_1_291' title='bbox 1403 3692 1719 3761; x_wconf 90' lang='lat' dir='ltr'><strong>speculatur,</strong></span> <span class='ocrx_word' id='word_1_292' title='bbox 1746 3700 1796 3743; x_wconf 86' lang='lat' dir='ltr'><strong>et</strong></span> <span class='ocrx_word' id='word_1_293' title='bbox 1837 3687 1900 3741; x_wconf 87' lang='lat' dir='ltr'><strong>ad</strong></span> <span class='ocrx_word' id='word_1_294' title='bbox 1943 3688 2027 3740; x_wconf 89' lang='lat' dir='ltr'><strong>illa</strong></span> <span class='ocrx_word' id='word_1_295' title='bbox 2061 3703 2210 3742; x_wconf 85' lang='lat' dir='ltr'><strong>men-</strong></span> 
     </span>
    </p>
   </div>
   <div class='ocr_carea' id='block_1_38' title="bbox 643 3781 2211 3850">
    <p class='ocr_par' dir='ltr' id='par_1_38' title="bbox 643 3781 2211 3850">
     <span class='ocr_line' id='line_1_38' title="bbox 643 3781 2211 3850; baseline -0.011 -1"><span class='ocrx_word' id='word_1_296' title='bbox 643 3805 747 3849; x_wconf 86' lang='lat' dir='ltr'><strong>tctn</strong></span> <span class='ocrx_word' id='word_1_297' title='bbox 776 3793 931 3847; x_wconf 72' lang='lat' dir='ltr'><strong>habet</strong></span> <span class='ocrx_word' id='word_1_298' title='bbox 960 3790 1236 3850; x_wconf 88' lang='lat' dir='ltr'><strong>intentam,</strong></span> <span class='ocrx_word' id='word_1_299' title='bbox 1268 3784 1646 3849; x_wconf 85' lang='lat' dir='ltr'><strong>ambulansque</strong></span> <span class='ocrx_word' id='word_1_300' title='bbox 1674 3781 1724 3832; x_wconf 93' lang='lat' dir='ltr'><strong>in</strong></span> <span class='ocrx_word' id='word_1_301' title='bbox 1764 3789 1922 3842; x_wconf 78' lang='lat' dir='ltr'><strong>terra,</strong></span> <span class='ocrx_word' id='word_1_302' title='bbox 1947 3788 2211 3846; x_wconf 84' lang='lat' dir='ltr'><strong>tamquam</strong></span> 
     </span>
    </p>
   </div>
   <div class='ocr_carea' id='block_1_39' title="bbox 646 3867 2213 3952">
    <p class='ocr_par' dir='ltr' id='par_1_39' title="bbox 646 3867 2213 3952">
     <span class='ocr_line' id='line_1_39' title="bbox 646 3867 2213 3952; baseline -0.011 -14"><span class='ocrx_word' id='word_1_303' title='bbox 646 3885 1023 3952; x_wconf 79' lang='lat' dir='ltr'><strong>municipatum</strong></span> <span class='ocrx_word' id='word_1_304' title='bbox 1055 3878 1254 3932; x_wconf 84' lang='lat' dir='ltr'><strong>habens</strong></span> <span class='ocrx_word' id='word_1_305' title='bbox 1282 3875 1332 3928; x_wconf 93' lang='lat' dir='ltr'><strong>in</strong></span> <span class='ocrx_word' id='word_1_306' title='bbox 1362 3874 1526 3933; x_wconf 78' lang='lat' dir='ltr'><strong>cadis,</strong></span> <span class='ocrx_word' id='word_1_307' title='bbox 1566 3872 1634 3923; x_wconf 86' lang='lat' dir='ltr'><strong>ita</strong></span> <span class='ocrx_word' id='word_1_308' title='bbox 1672 3870 1849 3924; x_wconf 82' lang='lat' dir='ltr'><strong>omnia</strong></span> <span class='ocrx_word' id='word_1_309' title='bbox 1894 3867 2019 3938; x_wconf 84' lang='lat' dir='ltr'><strong>agit,</strong></span> <span class='ocrx_word' id='word_1_310' title='bbox 2051 3868 2213 3921; x_wconf 84' lang='lat' dir='ltr'><strong>nullis</strong></span> 
     </span>
    </p>
   </div>
   <div class='ocr_carea' id='block_1_40' title="bbox 653 3957 2216 4040">
    <p class='ocr_par' dir='ltr' id='par_1_40' title="bbox 653 3957 2216 4040">
     <span class='ocr_line' id='line_1_40' title="bbox 653 3957 2216 4040; baseline -0.012 -11"><span class='ocrx_word' id='word_1_311' title='bbox 653 3976 890 4030; x_wconf 87' lang='lat' dir='ltr'><strong>humanis</strong></span> <span class='ocrx_word' id='word_1_312' title='bbox 919 3971 1227 4040; x_wconf 77' lang='lat' dir='ltr'><strong>prchcditus</strong></span> <span class='ocrx_word' id='word_1_313' title='bbox 1254 3982 1281 4019; x_wconf 93' lang='lat' dir='ltr'><strong>a</strong></span> <span class='ocrx_word' id='word_1_314' title='bbox 1327 3965 1533 4017; x_wconf 91' lang='lat' dir='ltr'><strong>virtutis</strong></span> <span class='ocrx_word' id='word_1_315' title='bbox 1584 3977 1760 4016; x_wconf 87' lang='lat' dir='ltr'><strong>cursu.</strong></span> <span class='ocrx_word' id='word_1_316' title='bbox 1793 3960 1920 4014; x_wconf 81' lang='lat' dir='ltr'><strong>Nam</strong></span> <span class='ocrx_word' id='word_1_317' title='bbox 1969 3959 2055 4026; x_wconf 90' lang='lat' dir='ltr'><strong>qui</strong></span> <span class='ocrx_word' id='word_1_318' title='bbox 2097 3957 2216 4011; x_wconf 74' lang='lat' dir='ltr'><strong>talis</strong></span> 
     </span>
    </p>
   </div>
   <div class='ocr_carea' id='block_1_41' title="bbox 647 4048 2212 4130">
    <p class='ocr_par' dir='ltr' id='par_1_41' title="bbox 647 4048 2212 4130">
     <span class='ocr_line' id='line_1_41' title="bbox 647 4048 2212 4130; baseline -0.012 -11"><span class='ocrx_word' id='word_1_319' title='bbox 647 4077 747 4128; x_wconf 78' lang='lat' dir='ltr'><strong>est,</strong></span> <span class='ocrx_word' id='word_1_320' title='bbox 786 4079 887 4117; x_wconf 90' lang='lat' dir='ltr'><strong>non</strong></span> <span class='ocrx_word' id='word_1_321' title='bbox 930 4060 1146 4130; x_wconf 80' lang='lat' dir='ltr'><strong>posthac</strong></span> <span class='ocrx_word' id='word_1_322' title='bbox 1199 4056 1412 4124; x_wconf 89' lang='lat' dir='ltr'><strong>respicit</strong></span> <span class='ocrx_word' id='word_1_323' title='bbox 1458 4053 1522 4106; x_wconf 89' lang='lat' dir='ltr'><strong>ad</strong></span> <span class='ocrx_word' id='word_1_324' title='bbox 1567 4050 1840 4121; x_wconf 81' lang='lat' dir='ltr'><strong>splendida</strong></span> <span class='ocrx_word' id='word_1_325' title='bbox 1873 4048 2030 4116; x_wconf 83' lang='lat' dir='ltr'><strong>hujus</strong></span> <span class='ocrx_word' id='word_1_326' title='bbox 2058 4048 2212 4112; x_wconf 64' lang='lat' dir='ltr'><strong>vitm,</strong></span> 
     </span>
    </p>
   </div>
   <div class='ocr_carea' id='block_1_42' title="bbox 650 4140 2213 4222">
    <p class='ocr_par' dir='ltr' id='par_1_42' title="bbox 650 4140 2213 4222">
     <span class='ocr_line' id='line_1_42' title="bbox 650 4140 2213 4222; baseline -0.012 -14"><span class='ocrx_word' id='word_1_327' title='bbox 650 4169 819 4222; x_wconf 75' lang='lat' dir='ltr'><strong>neque</strong></span> <span class='ocrx_word' id='word_1_328' title='bbox 843 4153 907 4205; x_wconf 85' lang='lat' dir='ltr'><strong>ad</strong></span> <span class='ocrx_word' id='word_1_329' title='bbox 937 4151 1065 4204; x_wconf 86' lang='lat' dir='ltr'><strong>dura</strong></span> <span class='ocrx_word' id='word_1_330' title='bbox 1093 4159 1143 4199; x_wconf 76' lang='lat' dir='ltr'><strong>et</strong></span> <span class='ocrx_word' id='word_1_331' title='bbox 1173 4160 1379 4210; x_wconf 72' lang='lat' dir='ltr'><strong>aspera,</strong></span> <span class='ocrx_word' id='word_1_332' title='bbox 1411 4144 1501 4197; x_wconf 80' lang='lat' dir='ltr'><strong>sed</strong></span> <span class='ocrx_word' id='word_1_333' title='bbox 1524 4143 1698 4195; x_wconf 83' lang='lat' dir='ltr'><strong>omnia</strong></span> <span class='ocrx_word' id='word_1_334' title='bbox 1729 4141 1811 4194; x_wconf 90' lang='lat' dir='ltr'><strong>illa</strong></span> <span class='ocrx_word' id='word_1_335' title='bbox 1836 4140 2213 4208; x_wconf 67' lang='lat' dir='ltr'><strong>pnetcrcurrit,</strong></span> 
     </span>
    </p>
   </div>
   <div class='ocr_carea' id='block_1_43' title="bbox 647 4226 2215 4312">
    <p class='ocr_par' dir='ltr' id='par_1_43' title="bbox 647 4226 2215 4312">
     <span class='ocr_line' id='line_1_43' title="bbox 647 4226 2215 4312; baseline -0.01 -16"><span class='ocrx_word' id='word_1_336' title='bbox 647 4248 711 4298; x_wconf 86' lang='lat' dir='ltr'><strong>ad</strong></span> <span class='ocrx_word' id='word_1_337' title='bbox 748 4246 963 4312; x_wconf 82' lang='lat' dir='ltr'><strong>patriam</strong></span> <span class='ocrx_word' id='word_1_338' title='bbox 997 4254 1141 4290; x_wconf 79' lang='lat' dir='ltr'><strong>suam</strong></span> <span class='ocrx_word' id='word_1_339' title='bbox 1188 4236 1454 4289; x_wconf 73' lang='lat' dir='ltr'><strong>leSiinans.</strong></span> <span class='ocrx_word' id='word_1_340' title='bbox 1505 4229 1567 4285; x_wconf 78' lang='lat' dir='ltr'><strong>Et</strong></span> <span class='ocrx_word' id='word_1_341' title='bbox 1607 4232 1740 4283; x_wconf 86' lang='lat' dir='ltr'><strong>sicut</strong></span> <span class='ocrx_word' id='word_1_342' title='bbox 1765 4229 1852 4297; x_wconf 90' lang='lat' dir='ltr'><strong>qni</strong></span> <span class='ocrx_word' id='word_1_343' title='bbox 1886 4226 2215 4294; x_wconf 81' lang='lat' dir='ltr'><strong>corporalem</strong></span> 
     </span>
    </p>
   </div>
   <div class='ocr_carea' id='block_1_44' title="bbox 652 4317 2216 4393">
    <p class='ocr_par' dir='ltr' id='par_1_44' title="bbox 652 4317 2216 4393">
     <span class='ocr_line' id='line_1_44' title="bbox 652 4317 2216 4393; baseline -0.012 -5"><span class='ocrx_word' id='word_1_344' title='bbox 652 4338 788 4388; x_wconf 84' lang='lat' dir='ltr'><strong>hunc</strong></span> <span class='ocrx_word' id='word_1_345' title='bbox 840 4346 1048 4385; x_wconf 87' lang='lat' dir='ltr'><strong>cursum</strong></span> <span class='ocrx_word' id='word_1_346' title='bbox 1104 4340 1287 4393; x_wconf 79' lang='lat' dir='ltr'><strong>magna</strong></span> <span class='ocrx_word' id='word_1_347' title='bbox 1336 4322 1672 4377; x_wconf 85' lang='lat' dir='ltr'><strong>contentione</strong></span> <span class='ocrx_word' id='word_1_348' title='bbox 1723 4319 1950 4388; x_wconf 77' lang='lat' dir='ltr'><strong>peragit,</strong></span> <span class='ocrx_word' id='word_1_349' title='bbox 2014 4317 2216 4372; x_wconf 90' lang='lat' dir='ltr'><strong>nullum</strong></span> 
     </span>
    </p>
   </div>
   <div class='ocr_carea' id='block_1_45' title="bbox 652 4406 2215 4478">
    <p class='ocr_par' dir='ltr' id='par_1_45' title="bbox 652 4406 2215 4478">
     <span class='ocr_line' id='line_1_45' title="bbox 652 4406 2215 4478; baseline -0.009 -6"><span class='ocrx_word' id='word_1_350' title='bbox 652 4419 1039 4475; x_wconf 65' lang='lat' dir='ltr'><strong>recurrentium</strong></span> <span class='ocrx_word' id='word_1_351' title='bbox 1066 4420 1078 4446; x_wconf 84' lang='lat'><em>‘</em></span> <span class='ocrx_word' id='word_1_352' title='bbox 1109 4416 1268 4478; x_wconf 78' lang='lat' dir='ltr'><strong>videt,</strong></span> <span class='ocrx_word' id='word_1_353' title='bbox 1299 4411 1504 4467; x_wconf 85' lang='lat' dir='ltr'><strong>etiamsi</strong></span> <span class='ocrx_word' id='word_1_354' title='bbox 1532 4410 1723 4478; x_wconf 72' lang='lat' dir='ltr'><strong>smpius</strong></span> <span class='ocrx_word' id='word_1_355' title='bbox 1747 4410 1797 4463; x_wconf 89' lang='lat' dir='ltr'><strong>in</strong></span> <span class='ocrx_word' id='word_1_356' title='bbox 1829 4409 1972 4462; x_wconf 90' lang='lat' dir='ltr'><strong>illum</strong></span> <span class='ocrx_word' id='word_1_357' title='bbox 1999 4406 2215 4473; x_wconf 84' lang='lat' dir='ltr'><strong>incidat,</strong></span> 
     </span>
    </p>
   </div>
   <div class='ocr_carea' id='block_1_46' title="bbox 652 4497 2214 4566">
    <p class='ocr_par' dir='ltr' id='par_1_46' title="bbox 652 4497 2214 4566">
     <span class='ocr_line' id='line_1_46' title="bbox 652 4497 2214 4566; baseline -0.01 0"><span class='ocrx_word' id='word_1_358' title='bbox 652 4516 742 4566; x_wconf 68' lang='lat' dir='ltr'><strong>sed</strong></span> <span class='ocrx_word' id='word_1_359' title='bbox 776 4514 950 4563; x_wconf 84' lang='lat' dir='ltr'><strong>animo</strong></span> <span class='ocrx_word' id='word_1_360' title='bbox 993 4512 1054 4560; x_wconf 88' lang='lat' dir='ltr'><strong>ad</strong></span> <span class='ocrx_word' id='word_1_361' title='bbox 1084 4523 1290 4560; x_wconf 76' lang='lat' dir='ltr'><strong>cursum</strong></span> <span class='ocrx_word' id='word_1_362' title='bbox 1325 4506 1525 4558; x_wconf 87' lang='lat' dir='ltr'><strong>intento</strong></span> <span class='ocrx_word' id='word_1_363' title='bbox 1579 4500 1733 4555; x_wconf 74' lang='lat' dir='ltr'><strong>facile</strong></span> <span class='ocrx_word' id='word_1_364' title='bbox 1773 4500 1950 4554; x_wconf 81' lang='lat' dir='ltr'><strong>omnia</strong></span> <span class='ocrx_word' id='word_1_365' title='bbox 1993 4497 2214 4564; x_wconf 77' lang='lat' dir='ltr'><strong>transit,</strong></span> 
     </span>
    </p>
   </div>
   <div class='ocr_carea' id='block_1_47' title="bbox 656 4586 2219 4660">
    <p class='ocr_par' dir='ltr' id='par_1_47' title="bbox 656 4586 2219 4660">
     <span class='ocr_line' id='line_1_47' title="bbox 656 4586 2219 4660; baseline -0.007 -7"><span class='ocrx_word' id='word_1_366' title='bbox 656 4602 909 4654; x_wconf 75' lang='lat' dir='ltr'><strong>festinans</strong></span> <span class='ocrx_word' id='word_1_367' title='bbox 937 4598 997 4649; x_wconf 92' lang='lat' dir='ltr'><strong>ad</strong></span> <span class='ocrx_word' id='word_1_368' title='bbox 1035 4597 1349 4650; x_wconf 74' lang='lat' dir='ltr'><strong>destinatum</strong></span> <span class='ocrx_word' id='word_1_369' title='bbox 1379 4608 1633 4660; x_wconf 87' lang='lat' dir='ltr'><strong>scopum:</strong></span> <span class='ocrx_word' id='word_1_370' title='bbox 1665 4589 1851 4642; x_wconf 86' lang='lat' dir='ltr'><strong>eodem</strong></span> <span class='ocrx_word' id='word_1_371' title='bbox 1903 4588 2079 4655; x_wconf 90' lang='lat' dir='ltr'><strong>modo,</strong></span> <span class='ocrx_word' id='word_1_372' title='bbox 2127 4586 2219 4658; x_wconf 85' lang='lat' dir='ltr'><strong>qui</strong></span> 
     </span>
    </p>
   </div>
   <div class='ocr_carea' id='block_1_48' title="bbox 656 4676 2218 4753">
    <p class='ocr_par' dir='ltr' id='par_1_48' title="bbox 656 4676 2218 4753">
     <span class='ocr_line' id='line_1_48' title="bbox 656 4676 2218 4753; baseline -0.009 -9"><span class='ocrx_word' id='word_1_373' title='bbox 656 4707 865 4744; x_wconf 82' lang='lat' dir='ltr'><strong>cursum</strong></span> <span class='ocrx_word' id='word_1_374' title='bbox 896 4687 1098 4740; x_wconf 81' lang='lat' dir='ltr'><strong>virtutis</strong></span> <span class='ocrx_word' id='word_1_375' title='bbox 1126 4698 1373 4753; x_wconf 76' lang='lat' dir='ltr'><strong>peragere</strong></span> <span class='ocrx_word' id='word_1_376' title='bbox 1403 4682 1634 4745; x_wconf 82' lang='lat' dir='ltr'><strong>festinat,</strong></span> <span class='ocrx_word' id='word_1_377' title='bbox 1655 4690 1708 4733; x_wconf 86' lang='lat' dir='ltr'><strong>et</strong></span> <span class='ocrx_word' id='word_1_378' title='bbox 1727 4693 1755 4731; x_wconf 87' lang='lat' dir='ltr'><strong>a</strong></span> <span class='ocrx_word' id='word_1_379' title='bbox 1788 4687 1927 4732; x_wconf 86' lang='lat' dir='ltr'><strong>terra</strong></span> <span class='ocrx_word' id='word_1_380' title='bbox 1956 4677 2007 4732; x_wconf 89' lang='lat' dir='ltr'><strong>in</strong></span> <span class='ocrx_word' id='word_1_381' title='bbox 2030 4676 2218 4731; x_wconf 65' lang='lat' dir='ltr'><strong>celum</strong></span> 
     </span>
    </p>
   </div>
   <div class='ocr_carea' id='block_1_49' title="bbox 657 4765 2220 4840">
    <p class='ocr_par' dir='ltr' id='par_1_49' title="bbox 657 4765 2220 4840">
     <span class='ocr_line' id='line_1_49' title="bbox 657 4765 2220 4840; baseline -0.01 -7"><span class='ocrx_word' id='word_1_382' title='bbox 657 4779 941 4833; x_wconf 65' lang='lat' dir='ltr'><strong>awendere</strong></span> <span class='ocrx_word' id='word_1_383' title='bbox 985 4775 1247 4840; x_wconf 73' lang='lat' dir='ltr'><strong>concupi5t</strong></span> <span class='ocrx_word' id='word_1_384' title='bbox 1267 4773 1322 4833; x_wconf 87' lang='lat' dir='ltr'><strong>it,</strong></span> <span class='ocrx_word' id='word_1_385' title='bbox 1356 4771 1529 4825; x_wconf 89' lang='lat' dir='ltr'><strong>omnia</strong></span> <span class='ocrx_word' id='word_1_386' title='bbox 1559 4785 1674 4837; x_wconf 75' lang='lat' dir='ltr'><strong>qua:</strong></span> <span class='ocrx_word' id='word_1_387' title='bbox 1705 4767 1946 4822; x_wconf 83' lang='lat' dir='ltr'><strong>videntur</strong></span> <span class='ocrx_word' id='word_1_388' title='bbox 1973 4765 2220 4820; x_wconf 87' lang='lat' dir='ltr'><strong>deorsum</strong></span> 
     </span>
    </p>
   </div>
   <div class='ocr_carea' id='block_1_50' title="bbox 659 4854 2222 4936">
    <p class='ocr_par' dir='ltr' id='par_1_50' title="bbox 659 4854 2222 4936">
     <span class='ocr_line' id='line_1_50' title="bbox 659 4854 2222 4936; baseline -0.01 -13"><span class='ocrx_word' id='word_1_389' title='bbox 659 4869 921 4936; x_wconf 74' lang='lat' dir='ltr'><strong>relinquit,</strong></span> <span class='ocrx_word' id='word_1_390' title='bbox 951 4880 1001 4918; x_wconf 90' lang='lat' dir='ltr'><strong>et</strong></span> <span class='ocrx_word' id='word_1_391' title='bbox 1032 4875 1191 4918; x_wconf 88' lang='lat' dir='ltr'><strong>totum</strong></span> <span class='ocrx_word' id='word_1_392' title='bbox 1219 4878 1274 4916; x_wconf 86' lang='lat' dir='ltr'><strong>se</strong></span> <span class='ocrx_word' id='word_1_393' title='bbox 1306 4861 1479 4916; x_wconf 81' lang='lat' dir='ltr'><strong>cursui</strong></span> <span class='ocrx_word' id='word_1_394' title='bbox 1509 4859 1674 4924; x_wconf 88' lang='lat' dir='ltr'><strong>dedit,</strong></span> <span class='ocrx_word' id='word_1_395' title='bbox 1727 4871 1896 4924; x_wconf 88' lang='lat' dir='ltr'><strong>neque</strong></span> <span class='ocrx_word' id='word_1_396' title='bbox 1926 4855 2070 4925; x_wconf 88' lang='lat' dir='ltr'><strong>prius</strong></span> <span class='ocrx_word' id='word_1_397' title='bbox 2094 4854 2222 4909; x_wconf 86' lang='lat' dir='ltr'><strong>sub-</strong></span> 
     </span>
    </p>
   </div>
   <div class='ocr_carea' id='block_1_51' title="bbox 662 4943 2222 5023">
    <p class='ocr_par' dir='ltr' id='par_1_51' title="bbox 662 4943 2222 5023">
     <span class='ocr_line' id='line_1_51' title="bbox 662 4943 2222 5023; baseline -0.011 -10"><span class='ocrx_word' id='word_1_398' title='bbox 662 4963 814 5014; x_wconf 66' lang='lat' dir='ltr'><strong>sistit.</strong></span> <span class='ocrx_word' id='word_1_399' title='bbox 849 4971 1014 5023; x_wconf 81' lang='lat' dir='ltr'><strong>neque</strong></span> <span class='ocrx_word' id='word_1_400' title='bbox 1045 4971 1071 5006; x_wconf 90' lang='lat' dir='ltr'><strong>a</strong></span> <span class='ocrx_word' id='word_1_401' title='bbox 1102 4953 1284 5006; x_wconf 80' lang='lat' dir='ltr'><strong>visihili</strong></span> <span class='ocrx_word' id='word_1_402' title='bbox 1314 4950 1555 5019; x_wconf 83' lang='lat' dir='ltr'><strong>quapiam</strong></span> <span class='ocrx_word' id='word_1_403' title='bbox 1586 4965 1641 5002; x_wconf 88' lang='lat' dir='ltr'><strong>re</strong></span> <span class='ocrx_word' id='word_1_404' title='bbox 1667 4948 1950 5010; x_wconf 86' lang='lat' dir='ltr'><strong>detinetur,</strong></span> <span class='ocrx_word' id='word_1_405' title='bbox 1972 4945 2143 5000; x_wconf 85' lang='lat' dir='ltr'><strong>donec</strong></span> <span class='ocrx_word' id='word_1_406' title='bbox 2170 4943 2222 4996; x_wconf 88' lang='lat' dir='ltr'><strong>in</strong></span> 
     </span>
    </p>
   </div>
   <div class='ocr_carea' id='block_1_52' title="bbox 663 5036 2224 5110">
    <p class='ocr_par' dir='ltr' id='par_1_52' title="bbox 663 5036 2224 5110">
     <span class='ocr_line' id='line_1_52' title="bbox 663 5036 2224 5110; baseline -0.008 -10"><span class='ocrx_word' id='word_1_407' title='bbox 663 5051 910 5103; x_wconf 76' lang='lat' dir='ltr'><strong>verticem</strong></span> <span class='ocrx_word' id='word_1_408' title='bbox 963 5044 1247 5099; x_wconf 70' lang='lat' dir='ltr'><strong>ast-etulere</strong></span> <span class='ocrx_word' id='word_1_409' title='bbox 1276 5041 1522 5110; x_wconf 88' lang='lat' dir='ltr'><strong>potuerit.</strong></span> <span class='ocrx_word' id='word_1_410' title='bbox 1555 5040 1614 5092; x_wconf 85' lang='lat' dir='ltr'><strong>Ei</strong></span> <span class='ocrx_word' id='word_1_411' title='bbox 1641 5041 1780 5093; x_wconf 90' lang='lat' dir='ltr'><strong>enim</strong></span> <span class='ocrx_word' id='word_1_412' title='bbox 1802 5039 1889 5107; x_wconf 91' lang='lat' dir='ltr'><strong>qui</strong></span> <span class='ocrx_word' id='word_1_413' title='bbox 1911 5039 1988 5092; x_wconf 89' lang='lat' dir='ltr'><strong>sic</strong></span> <span class='ocrx_word' id='word_1_414' title='bbox 2007 5036 2224 5091; x_wconf 72' lang='lat' dir='ltr'><strong>affectus</strong></span> 
     </span>
    </p>
   </div>
   <div class='ocr_carea' id='block_1_53' title="bbox 659 5125 2224 5204">
    <p class='ocr_par' dir='ltr' id='par_1_53' title="bbox 659 5125 2224 5204">
     <span class='ocr_line' id='line_1_53' title="bbox 659 5125 2224 5204; baseline -0.01 -12"><span class='ocrx_word' id='word_1_415' title='bbox 659 5152 758 5203; x_wconf 74' lang='lat' dir='ltr'><strong>est,</strong></span> <span class='ocrx_word' id='word_1_416' title='bbox 787 5139 942 5192; x_wconf 82' lang='lat' dir='ltr'><strong>etiam</strong></span> <span class='ocrx_word' id='word_1_417' title='bbox 990 5153 1104 5204; x_wconf 65' lang='lat' dir='ltr'><strong>qute</strong></span> <span class='ocrx_word' id='word_1_418' title='bbox 1147 5134 1388 5186; x_wconf 81' lang='lat' dir='ltr'><strong>videntur</strong></span> <span class='ocrx_word' id='word_1_419' title='bbox 1427 5144 1544 5183; x_wconf 86' lang='lat' dir='ltr'><strong>esse</strong></span> <span class='ocrx_word' id='word_1_420' title='bbox 1589 5129 1842 5182; x_wconf 77' lang='lat' dir='ltr'><strong>terribilia</strong></span> <span class='ocrx_word' id='word_1_421' title='bbox 1880 5128 1931 5180; x_wconf 92' lang='lat' dir='ltr'><strong>in</strong></span> <span class='ocrx_word' id='word_1_422' title='bbox 1979 5125 2224 5196; x_wconf 56' lang='lat' dir='ltr'><strong>pruenti</strong></span> 
     </span>
    </p>
   </div>
   <div class='ocr_carea' id='block_1_54' title="bbox 663 5218 2228 5293">
    <p class='ocr_par' dir='ltr' id='par_1_54' title="bbox 663 5218 2228 5293">
     <span class='ocr_line' id='line_1_54' title="bbox 663 5218 2228 5293; baseline -0.006 -13"><span class='ocrx_word' id='word_1_423' title='bbox 663 5233 798 5292; x_wconf 81' lang='lat' dir='ltr'><strong>vita,</strong></span> <span class='ocrx_word' id='word_1_424' title='bbox 844 5226 1253 5293; x_wconf 71' lang='lat' dir='ltr'><strong>conlctnplihilia</strong></span> <span class='ocrx_word' id='word_1_425' title='bbox 1301 5224 1428 5275; x_wconf 78' lang='lat' dir='ltr'><strong>littnt</strong></span> <span class='ocrx_word' id='word_1_426' title='bbox 1457 5239 1467 5272; x_wconf 89' lang='lat'><strong>:</strong></span> <span class='ocrx_word' id='word_1_427' title='bbox 1498 5230 1550 5273; x_wconf 90' lang='lat' dir='ltr'><strong>et</strong></span> <span class='ocrx_word' id='word_1_428' title='bbox 1597 5221 1682 5288; x_wconf 79' lang='lat' dir='ltr'><strong>qui</strong></span> <span class='ocrx_word' id='word_1_429' title='bbox 1729 5218 1845 5272; x_wconf 89' lang='lat' dir='ltr'><strong>talis</strong></span> <span class='ocrx_word' id='word_1_430' title='bbox 1897 5227 2007 5281; x_wconf 87' lang='lat' dir='ltr'><strong>est,</strong></span> <span class='ocrx_word' id='word_1_431' title='bbox 2055 5230 2228 5284; x_wconf 85' lang='lat' dir='ltr'><strong>neque</strong></span> 
     </span>
    </p>
   </div>
   <div class='ocr_carea' id='block_1_55' title="bbox 663 5307 2226 5388">
    <p class='ocr_par' dir='ltr' id='par_1_55' title="bbox 663 5307 2226 5388">
     <span class='ocr_line' id='line_1_55' title="bbox 663 5307 2226 5388; baseline -0.008 -17"><span class='ocrx_word' id='word_1_432' title='bbox 663 5320 885 5388; x_wconf 65' lang='lat' dir='ltr'><strong>gladium</strong></span> <span class='ocrx_word' id='word_1_433' title='bbox 921 5320 1086 5378; x_wconf 84' lang='lat' dir='ltr'><strong>tituc&#39;,</strong></span> <span class='ocrx_word' id='word_1_434' title='bbox 1144 5328 1312 5382; x_wconf 88' lang='lat' dir='ltr'><strong>neque</strong></span> <span class='ocrx_word' id='word_1_435' title='bbox 1361 5311 1728 5379; x_wconf 67' lang='lat' dir='ltr'><strong>praecipitium,</strong></span> <span class='ocrx_word' id='word_1_436' title='bbox 1781 5323 1949 5377; x_wconf 90' lang='lat' dir='ltr'><strong>neque</strong></span> <span class='ocrx_word' id='word_1_437' title='bbox 1997 5307 2226 5362; x_wconf 79' lang='lat' dir='ltr'><strong>ferarum</strong></span> 
     </span>
    </p>
   </div>
   <div class='ocr_carea' id='block_1_56' title="bbox 663 5404 2230 5477">
    <p class='ocr_par' dir='ltr' id='par_1_56' title="bbox 663 5404 2230 5477">
     <span class='ocr_line' id='line_1_56' title="bbox 663 5404 2230 5477; baseline -0.005 -17"><span class='ocrx_word' id='word_1_438' title='bbox 663 5414 868 5473; x_wconf 79' lang='lat' dir='ltr'><strong>dentes,</strong></span> <span class='ocrx_word' id='word_1_439' title='bbox 901 5425 1066 5477; x_wconf 79' lang='lat' dir='ltr'><strong>neque.</strong></span> <span class='ocrx_word' id='word_1_440' title='bbox 1092 5416 1371 5468; x_wconf 86' lang='lat' dir='ltr'><strong>tormenta,</strong></span> <span class='ocrx_word' id='word_1_441' title='bbox 1392 5420 1558 5472; x_wconf 87' lang='lat' dir='ltr'><strong>neque</strong></span> <span class='ocrx_word' id='word_1_442' title='bbox 1575 5404 1814 5457; x_wconf 85' lang='lat' dir='ltr'><strong>lictorum</strong></span> <span class='ocrx_word' id='word_1_443' title='bbox 1834 5415 2036 5466; x_wconf 83' lang='lat' dir='ltr'><strong>manus,</strong></span> <span class='ocrx_word' id='word_1_444' title='bbox 2060 5415 2230 5468; x_wconf 87' lang='lat' dir='ltr'><strong>neque</strong></span> 
     </span>
    </p>
   </div>
   <div class='ocr_carea' id='block_1_57' title="bbox 665 5489 2232 5569">
    <p class='ocr_par' dir='ltr' id='par_1_57' title="bbox 665 5489 2232 5569">
     <span class='ocr_line' id='line_1_57' title="bbox 665 5489 2232 5569; baseline -0.008 -17"><span class='ocrx_word' id='word_1_445' title='bbox 665 5502 858 5569; x_wconf 78' lang='lat' dir='ltr'><strong>aliquid</strong></span> <span class='ocrx_word' id='word_1_446' title='bbox 889 5502 1036 5552; x_wconf 82' lang='lat' dir='ltr'><strong>triste</strong></span> <span class='ocrx_word' id='word_1_447' title='bbox 1083 5500 1130 5549; x_wconf 92' lang='lat' dir='ltr'><strong>iu</strong></span> <span class='ocrx_word' id='word_1_448' title='bbox 1162 5498 1258 5550; x_wconf 89' lang='lat' dir='ltr'><strong>hac</strong></span> <span class='ocrx_word' id='word_1_449' title='bbox 1289 5497 1389 5548; x_wconf 83' lang='lat' dir='ltr'><strong>vita</strong></span> <span class='ocrx_word' id='word_1_450' title='bbox 1428 5513 1440 5548; x_wconf 89' lang='lat'>:</span> <span class='ocrx_word' id='word_1_451' title='bbox 1474 5492 1563 5548; x_wconf 86' lang='lat' dir='ltr'><strong>sed</strong></span> <span class='ocrx_word' id='word_1_452' title='bbox 1613 5503 1664 5546; x_wconf 90' lang='lat' dir='ltr'><strong>ct</strong></span> <span class='ocrx_word' id='word_1_453' title='bbox 1703 5493 1744 5545; x_wconf 93' lang='lat' dir='ltr'><strong>si</strong></span> <span class='ocrx_word' id='word_1_454' title='bbox 1777 5492 2028 5544; x_wconf 86' lang='lat' dir='ltr'><strong>carbones</strong></span> <span class='ocrx_word' id='word_1_455' title='bbox 2059 5489 2232 5543; x_wconf 81' lang='lat' dir='ltr'><strong>videat</strong></span> 
     </span>
    </p>
   </div>
   <div class='ocr_carea' id='block_1_58' title="bbox 669 5583 2227 5657">
    <p class='ocr_par' dir='ltr' id='par_1_58' title="bbox 669 5583 2227 5657">
     <span class='ocr_line' id='line_1_58' title="bbox 669 5583 2227 5657; baseline -0.008 -14"><span class='ocrx_word' id='word_1_456' title='bbox 669 5594 977 5652; x_wconf 74' lang='lat' dir='ltr'><strong>substratus,</strong></span> <span class='ocrx_word' id='word_1_457' title='bbox 1009 5591 1153 5657; x_wconf 80' lang='lat' dir='ltr'><strong>quasi</strong></span> <span class='ocrx_word' id='word_1_458' title='bbox 1186 5598 1328 5654; x_wconf 86' lang='lat' dir='ltr'><strong>prata</strong></span> <span class='ocrx_word' id='word_1_459' title='bbox 1366 5598 1420 5640; x_wconf 82' lang='lat' dir='ltr'><strong>et</strong></span> <span class='ocrx_word' id='word_1_460' title='bbox 1462 5585 1730 5654; x_wconf 76' lang='lat' dir='ltr'><strong>paradisus</strong></span> <span class='ocrx_word' id='word_1_461' title='bbox 1762 5585 1942 5635; x_wconf 81' lang='lat' dir='ltr'><strong>videns</strong></span> <span class='ocrx_word' id='word_1_462' title='bbox 1974 5583 2227 5644; x_wconf 88' lang='lat' dir='ltr'><strong>transilit;</strong></span> 
     </span>
    </p>
   </div>
   <div class='ocr_carea' id='block_1_59' title="bbox 669 5671 2230 5748">
    <p class='ocr_par' dir='ltr' id='par_1_59' title="bbox 669 5671 2230 5748">
     <span class='ocr_line' id='line_1_59' title="bbox 669 5671 2230 5748; baseline -0.007 -14"><span class='ocrx_word' id='word_1_463' title='bbox 669 5695 720 5735; x_wconf 79' lang='lat' dir='ltr'><strong>et</strong></span> <span class='ocrx_word' id='word_1_464' title='bbox 747 5685 786 5734; x_wconf 69' lang='lat' dir='ltr'><strong>si</strong></span> <span class='ocrx_word' id='word_1_465' title='bbox 820 5683 973 5734; x_wconf 80' lang='lat' dir='ltr'><strong>aliain</strong></span> <span class='ocrx_word' id='word_1_466' title='bbox 1003 5680 1280 5748; x_wconf 83' lang='lat' dir='ltr'><strong>quamdam</strong></span> <span class='ocrx_word' id='word_1_467' title='bbox 1309 5685 1689 5730; x_wconf 82' lang='lat' dir='ltr'><strong>tormentorum</strong></span> <span class='ocrx_word' id='word_1_468' title='bbox 1719 5674 1950 5743; x_wconf 84' lang='lat' dir='ltr'><strong>speciem</strong></span> <span class='ocrx_word' id='word_1_469' title='bbox 1989 5671 2230 5726; x_wconf 88' lang='lat' dir='ltr'><strong>intentari</strong></span> 
     </span>
    </p>
   </div>
   <div class='ocr_carea' id='block_1_60' title="bbox 733 5837 1888 5890">
    <p class='ocr_par' dir='ltr' id='par_1_60' title="bbox 733 5837 1888 5890">
     <span class='ocr_line' id='line_1_60' title="bbox 733 5837 1888 5890; baseline -0.016 -2"><span class='ocrx_word' id='word_1_470' title='bbox 733 5838 745 5864; x_wconf 79' lang='grc'>¹</span> <span class='ocrx_word' id='word_1_471' title='bbox 783 5843 978 5887; x_wconf 59' lang='grc' dir='ltr'><strong>(λωνιιτι</strong></span> <span class='ocrx_word' id='word_1_472' title='bbox 1013 5841 1092 5880; x_wconf 56' lang='lat' dir='ltr'><strong>iis:</strong></span> <span class='ocrx_word' id='word_1_473' title='bbox 1124 5867 1134 5890; x_wconf 82' lang='lat'><strong>,</strong></span> <span class='ocrx_word' id='word_1_474' title='bbox 1161 5843 1384 5889; x_wconf 74' lang='grc' dir='ltr'><strong>ϋηηιιιων,</strong></span> <span class='ocrx_word' id='word_1_475' title='bbox 1407 5837 1888 5890; x_wconf 67' lang='grc' dir='ltr'><strong>ιτα),οταιγηίιηηιη.</strong></span> 
     </span>
    </p>
   </div>
   <div class='ocr_carea' id='block_1_61' title="bbox 2318 522 3889 592">
    <p class='ocr_par' dir='ltr' id='par_1_61' title="bbox 2318 522 3889 592">
     <span class='ocr_line' id='line_1_61' title="bbox 2318 522 3889 592; baseline 0.004 -19"><span class='ocrx_word' id='word_1_476' title='bbox 2318 522 2508 582; x_wconf 86' lang='lat' dir='ltr'><strong>videat,</strong></span> <span class='ocrx_word' id='word_1_477' title='bbox 2541 538 2643 576; x_wconf 91' lang='lat' dir='ltr'><strong>non</strong></span> <span class='ocrx_word' id='word_1_478' title='bbox 2701 523 2875 578; x_wconf 83' lang='lat' dir='ltr'><strong>deﬁcit</strong></span> <span class='ocrx_word' id='word_1_479' title='bbox 2917 523 2982 577; x_wconf 89' lang='lat' dir='ltr'><strong>ad</strong></span> <span class='ocrx_word' id='word_1_480' title='bbox 3030 533 3323 592; x_wconf 88' lang='lat' dir='ltr'><strong>aspectum,</strong></span> <span class='ocrx_word' id='word_1_481' title='bbox 3367 533 3542 591; x_wconf 87' lang='lat' dir='ltr'><strong>nequc</strong></span> <span class='ocrx_word' id='word_1_482' title='bbox 3589 537 3889 579; x_wconf 80' lang='lat' dir='ltr'><strong>aversatur.</strong></span> 
     </span>
    </p>
   </div>
   <div class='ocr_carea' id='block_1_62' title="bbox 2316 612 3889 684">
    <p class='ocr_par' dir='ltr' id='par_1_62' title="bbox 2316 612 3889 684">
     <span class='ocr_line' id='line_1_62' title="bbox 2316 612 3889 684; baseline -0.001 -17"><span class='ocrx_word' id='word_1_483' title='bbox 2316 612 2643 668; x_wconf 79' lang='lat' dir='ltr'><strong>Desiderium</strong></span> <span class='ocrx_word' id='word_1_484' title='bbox 2666 617 2806 680; x_wconf 82' lang='lat' dir='ltr'><strong>enim</strong></span> <span class='ocrx_word' id='word_1_485' title='bbox 2833 615 3124 669; x_wconf 84' lang='lat' dir='ltr'><strong>futurorum</strong></span> <span class='ocrx_word' id='word_1_486' title='bbox 3149 627 3380 672; x_wconf 86' lang='lat' dir='ltr'><strong>mentem</strong></span> <span class='ocrx_word' id='word_1_487' title='bbox 3410 616 3574 684; x_wconf 84' lang='lat' dir='ltr'><strong>ipsius</strong></span> <span class='ocrx_word' id='word_1_488' title='bbox 3596 618 3889 681; x_wconf 79' lang='lat' dir='ltr'><strong>transtulit,</strong></span> 
     </span>
    </p>
   </div>
   <div class='ocr_carea' id='block_1_63' title="bbox 2314 704 3892 774">
    <p class='ocr_par' dir='ltr' id='par_1_63' title="bbox 2314 704 3892 774">
     <span class='ocr_line' id='line_1_63' title="bbox 2314 704 3892 774; baseline 0.004 -18"><span class='ocrx_word' id='word_1_489' title='bbox 2314 713 2365 756; x_wconf 91' lang='lat' dir='ltr'><strong>et</strong></span> <span class='ocrx_word' id='word_1_490' title='bbox 2394 705 2539 772; x_wconf 90' lang='lat' dir='ltr'><strong>quasi</strong></span> <span class='ocrx_word' id='word_1_491' title='bbox 2581 704 2769 757; x_wconf 80' lang='lat' dir='ltr'><strong>frustra</strong></span> <span class='ocrx_word' id='word_1_492' title='bbox 2797 719 3019 774; x_wconf 87' lang='lat' dir='ltr'><strong>corpore</strong></span> <span class='ocrx_word' id='word_1_493' title='bbox 3046 705 3290 770; x_wconf 83' lang='lat' dir='ltr'><strong>amictus,</strong></span> <span class='ocrx_word' id='word_1_494' title='bbox 3324 706 3390 759; x_wconf 91' lang='lat' dir='ltr'><strong>ita</strong></span> <span class='ocrx_word' id='word_1_495' title='bbox 3428 706 3735 761; x_wconf 82' lang='lat' dir='ltr'><strong>all‘ectiooes</strong></span> <span class='ocrx_word' id='word_1_496' title='bbox 3765 722 3892 762; x_wconf 76' lang='lat' dir='ltr'><strong>suas</strong></span> 
     </span>
    </p>
   </div>
   <div class='ocr_carea' id='block_1_64' title="bbox 2315 798 3892 869">
    <p class='ocr_par' dir='ltr' id='par_1_64' title="bbox 2315 798 3892 869">
     <span class='ocr_line' id='line_1_64' title="bbox 2315 798 3892 869; baseline 0.004 -21"><span class='ocrx_word' id='word_1_497' title='bbox 2315 798 2636 860; x_wconf 89' lang='lat' dir='ltr'><strong>moderatur,</strong></span> <span class='ocrx_word' id='word_1_498' title='bbox 2671 806 2723 851; x_wconf 92' lang='lat' dir='ltr'><strong>et</strong></span> <span class='ocrx_word' id='word_1_499' title='bbox 2751 813 2972 866; x_wconf 87' lang='lat' dir='ltr'><strong>superna</strong></span> <span class='ocrx_word' id='word_1_500' title='bbox 3012 798 3178 869; x_wconf 79' lang='lat' dir='ltr'><strong>gratia</strong></span> <span class='ocrx_word' id='word_1_501' title='bbox 3209 799 3441 852; x_wconf 89' lang='lat' dir='ltr'><strong>munitus</strong></span> <span class='ocrx_word' id='word_1_502' title='bbox 3470 800 3706 867; x_wconf 74' lang='lat' dir='ltr'><strong>corporis</strong></span> <span class='ocrx_word' id='word_1_503' title='bbox 3737 799 3892 854; x_wconf 71' lang='lat' dir='ltr'><strong>dolo—</strong></span> 
     </span>
    </p>
   </div>
   <div class='ocr_carea' id='block_1_65' title="bbox 2314 871 2932 957">
    <p class='ocr_par' dir='ltr' id='par_1_65' title="bbox 2314 871 2932 957">
     <span class='ocr_line' id='line_1_65' title="bbox 2314 871 2932 957; baseline 0.003 -20"><span class='ocrx_word' id='word_1_504' title='bbox 2314 900 2399 938; x_wconf 87' lang='lat' dir='ltr'><strong>res</strong></span> <span class='ocrx_word' id='word_1_505' title='bbox 2429 901 2492 940; x_wconf 90' lang='lat' dir='ltr'><strong>ne</strong></span> <span class='ocrx_word' id='word_1_506' title='bbox 2518 887 2675 940; x_wconf 86' lang='lat' dir='ltr'><strong>sentit</strong></span> <span class='ocrx_word' id='word_1_507' title='bbox 2700 871 2932 957; x_wconf 85' lang='lat' dir='ltr'><strong>quidem.</strong></span> 
     </span>
    </p>
   </div>
   <div class='ocr_carea' id='block_1_66' title="bbox 2385 975 3892 1048">
    <p class='ocr_par' dir='ltr' id='par_1_66' title="bbox 2385 975 3892 1048">
     <span class='ocr_line' id='line_1_66' title="bbox 2385 975 3892 1048; baseline 0.005 -22"><span class='ocrx_word' id='word_1_508' title='bbox 2385 975 2697 1029; x_wconf 80' lang='lat' dir='ltr'><strong>Adhortatur</strong></span> <span class='ocrx_word' id='word_1_509' title='bbox 2720 979 2785 1030; x_wconf 85' lang='lat' dir='ltr'><strong>ad</strong></span> <span class='ocrx_word' id='word_1_510' title='bbox 2815 994 3033 1030; x_wconf 79' lang='lat' dir='ltr'><strong>amorem</strong></span> <span class='ocrx_word' id='word_1_511' title='bbox 3062 994 3181 1048; x_wconf 76' lang='lat' dir='ltr'><strong>erga</strong></span> <span class='ocrx_word' id='word_1_512' title='bbox 3209 977 3389 1032; x_wconf 77' lang='lat' dir='ltr'><strong>Deum.</strong></span> <span class='ocrx_word' id='word_1_513' title='bbox 3409 1009 3481 1018; x_wconf 98' lang='lat'><strong>—</strong></span> <span class='ocrx_word' id='word_1_514' title='bbox 3503 979 3762 1045; x_wconf 71' lang='lat' dir='ltr'><strong>Quoarca</strong></span> <span class='ocrx_word' id='word_1_515' title='bbox 3793 983 3892 1034; x_wconf 78' lang='lat' dir='ltr'><strong>ob-</strong></span> 
     </span>
    </p>
   </div>
   <div class='ocr_carea' id='block_1_67' title="bbox 2313 1067 3885 1138">
    <p class='ocr_par' dir='ltr' id='par_1_67' title="bbox 2313 1067 3885 1138">
     <span class='ocr_line' id='line_1_67' title="bbox 2313 1067 3885 1138; baseline 0.004 -20"><span class='ocrx_word' id='word_1_516' title='bbox 2313 1080 2484 1127; x_wconf 86' lang='lat' dir='ltr'><strong>secro.</strong></span> <span class='ocrx_word' id='word_1_517' title='bbox 2518 1077 2568 1120; x_wconf 94' lang='lat' dir='ltr'><strong>ut</strong></span> <span class='ocrx_word' id='word_1_518' title='bbox 2596 1083 2701 1136; x_wconf 90' lang='lat' dir='ltr'><strong>quo</strong></span> <span class='ocrx_word' id='word_1_519' title='bbox 2729 1067 2878 1122; x_wconf 77' lang='lat' dir='ltr'><strong>facile</strong></span> <span class='ocrx_word' id='word_1_520' title='bbox 2905 1068 3112 1122; x_wconf 83' lang='lat' dir='ltr'><strong>virtutis</strong></span> <span class='ocrx_word' id='word_1_521' title='bbox 3160 1069 3367 1123; x_wconf 82' lang='lat' dir='ltr'><strong>labores</strong></span> <span class='ocrx_word' id='word_1_522' title='bbox 3395 1069 3530 1123; x_wconf 78' lang='lat' dir='ltr'><strong>terre</strong></span> <span class='ocrx_word' id='word_1_523' title='bbox 3571 1071 3840 1138; x_wconf 81' lang='lat' dir='ltr'><strong>possimus</strong></span> <span class='ocrx_word' id='word_1_524' title='bbox 3868 1112 3885 1135; x_wconf 93' lang='lat'><strong>,</strong></span> 
     </span>
    </p>
   </div>
   <div class='ocr_carea' id='block_1_68' title="bbox 2315 1157 3889 1228">
    <p class='ocr_par' dir='ltr' id='par_1_68' title="bbox 2315 1157 3889 1228">
     <span class='ocr_line' id='line_1_68' title="bbox 2315 1157 3889 1228; baseline 0.004 -18"><span class='ocrx_word' id='word_1_525' title='bbox 2315 1171 2560 1226; x_wconf 87' lang='lat' dir='ltr'><strong>maguum</strong></span> <span class='ocrx_word' id='word_1_526' title='bbox 2590 1157 2877 1213; x_wconf 81' lang='lat' dir='ltr'><strong>habeamus</strong></span> <span class='ocrx_word' id='word_1_527' title='bbox 2909 1159 2960 1212; x_wconf 92' lang='lat' dir='ltr'><strong>in</strong></span> <span class='ocrx_word' id='word_1_528' title='bbox 3000 1159 3161 1214; x_wconf 89' lang='lat' dir='ltr'><strong>Deum</strong></span> <span class='ocrx_word' id='word_1_529' title='bbox 3191 1174 3426 1215; x_wconf 86' lang='lat' dir='ltr'><strong>amorem</strong></span> <span class='ocrx_word' id='word_1_530' title='bbox 3458 1170 3510 1215; x_wconf 91' lang='lat' dir='ltr'><strong>et</strong></span> <span class='ocrx_word' id='word_1_531' title='bbox 3539 1161 3889 1228; x_wconf 83' lang='lat' dir='ltr'><strong>desiderium,</strong></span> 
     </span>
    </p>
   </div>
   <div class='ocr_carea' id='block_1_69' title="bbox 2315 1249 3893 1321">
    <p class='ocr_par' dir='ltr' id='par_1_69' title="bbox 2315 1249 3893 1321">
     <span class='ocr_line' id='line_1_69' title="bbox 2315 1249 3893 1321; baseline 0.004 -20"><span class='ocrx_word' id='word_1_532' title='bbox 2315 1256 2370 1301; x_wconf 89' lang='lat' dir='ltr'><strong>et</strong></span> <span class='ocrx_word' id='word_1_533' title='bbox 2395 1249 2518 1302; x_wconf 91' lang='lat' dir='ltr'><strong>illuc</strong></span> <span class='ocrx_word' id='word_1_534' title='bbox 2544 1258 2721 1305; x_wconf 88' lang='lat' dir='ltr'><strong>mente</strong></span> <span class='ocrx_word' id='word_1_535' title='bbox 2765 1258 2943 1304; x_wconf 89' lang='lat' dir='ltr'><strong>nostra</strong></span> <span class='ocrx_word' id='word_1_536' title='bbox 2975 1251 3193 1316; x_wconf 89' lang='lat' dir='ltr'><strong>intenta,</strong></span> <span class='ocrx_word' id='word_1_537' title='bbox 3230 1266 3257 1303; x_wconf 84' lang='lat' dir='ltr'><strong>a</strong></span> <span class='ocrx_word' id='word_1_538' title='bbox 3305 1252 3447 1306; x_wconf 84' lang='lat' dir='ltr'><strong>nulla</strong></span> <span class='ocrx_word' id='word_1_539' title='bbox 3491 1269 3547 1308; x_wconf 86' lang='lat' dir='ltr'><strong>re</strong></span> <span class='ocrx_word' id='word_1_540' title='bbox 3586 1255 3741 1321; x_wconf 82' lang='lat' dir='ltr'><strong>hujus</strong></span> <span class='ocrx_word' id='word_1_541' title='bbox 3773 1255 3893 1308; x_wconf 75' lang='lat' dir='ltr'><strong>vita:</strong></span> 
     </span>
    </p>
   </div>
   <div class='ocr_carea' id='block_1_70' title="bbox 2314 1342 3894 1410">
    <p class='ocr_par' dir='ltr' id='par_1_70' title="bbox 2314 1342 3894 1410">
     <span class='ocr_line' id='line_1_70' title="bbox 2314 1342 3894 1410; baseline 0.004 -17"><span class='ocrx_word' id='word_1_542' title='bbox 2314 1342 2712 1410; x_wconf 84' lang='lat' dir='ltr'><strong>supplantemur</strong></span> <span class='ocrx_word' id='word_1_543' title='bbox 2737 1342 2786 1396; x_wconf 94' lang='lat' dir='ltr'><strong>in</strong></span> <span class='ocrx_word' id='word_1_544' title='bbox 2815 1355 2972 1396; x_wconf 88' lang='lat' dir='ltr'><strong>cursu</strong></span> <span class='ocrx_word' id='word_1_545' title='bbox 3002 1343 3112 1404; x_wconf 92' lang='lat' dir='ltr'><strong>illo,</strong></span> <span class='ocrx_word' id='word_1_546' title='bbox 3159 1343 3251 1396; x_wconf 88' lang='lat' dir='ltr'><strong>sed</strong></span> <span class='ocrx_word' id='word_1_547' title='bbox 3289 1343 3580 1397; x_wconf 77' lang='lat' dir='ltr'><strong>futurorum</strong></span> <span class='ocrx_word' id='word_1_548' title='bbox 3630 1346 3894 1400; x_wconf 86' lang='lat' dir='ltr'><strong>bonorum</strong></span> 
     </span>
    </p>
   </div>
   <div class='ocr_carea' id='block_1_71' title="bbox 2317 1429 3896 1502">
    <p class='ocr_par' dir='ltr' id='par_1_71' title="bbox 2317 1429 3896 1502">
     <span class='ocr_line' id='line_1_71' title="bbox 2317 1429 3896 1502; baseline 0.004 -19"><span class='ocrx_word' id='word_1_549' title='bbox 2317 1429 2615 1486; x_wconf 83' lang='lat' dir='ltr'><strong>lruitionem</strong></span> <span class='ocrx_word' id='word_1_550' title='bbox 2670 1432 2921 1487; x_wconf 90' lang='lat' dir='ltr'><strong>continuo</strong></span> <span class='ocrx_word' id='word_1_551' title='bbox 2970 1435 3282 1502; x_wconf 74' lang='lat' dir='ltr'><strong>cogitantes,</strong></span> <span class='ocrx_word' id='word_1_552' title='bbox 3324 1448 3509 1488; x_wconf 87' lang='lat' dir='ltr'><strong>omnes</strong></span> <span class='ocrx_word' id='word_1_553' title='bbox 3561 1435 3713 1502; x_wconf 86' lang='lat' dir='ltr'><strong>hujus</strong></span> <span class='ocrx_word' id='word_1_554' title='bbox 3774 1438 3896 1490; x_wconf 67' lang='lat' dir='ltr'><strong>vita!</strong></span> 
     </span>
    </p>
   </div>
   <div class='ocr_carea' id='block_1_72' title="bbox 2316 1523 3896 1594">
    <p class='ocr_par' dir='ltr' id='par_1_72' title="bbox 2316 1523 3896 1594">
     <span class='ocr_line' id='line_1_72' title="bbox 2316 1523 3896 1594; baseline 0.003 -17"><span class='ocrx_word' id='word_1_555' title='bbox 2316 1524 2585 1580; x_wconf 90' lang='lat' dir='ltr'><strong>molestias</strong></span> <span class='ocrx_word' id='word_1_556' title='bbox 2615 1536 2888 1578; x_wconf 87' lang='lat' dir='ltr'><strong>mansuete</strong></span> <span class='ocrx_word' id='word_1_557' title='bbox 2915 1523 3163 1587; x_wconf 77' lang='lat' dir='ltr'><strong>feramus,</strong></span> <span class='ocrx_word' id='word_1_558' title='bbox 3190 1535 3245 1579; x_wconf 88' lang='lat' dir='ltr'><strong>et</strong></span> <span class='ocrx_word' id='word_1_559' title='bbox 3266 1540 3435 1594; x_wconf 88' lang='lat' dir='ltr'><strong>neque</strong></span> <span class='ocrx_word' id='word_1_560' title='bbox 3465 1526 3750 1594; x_wconf 75' lang='lat' dir='ltr'><strong>ignominia</strong></span> <span class='ocrx_word' id='word_1_561' title='bbox 3799 1543 3896 1582; x_wconf 83' lang='lat' dir='ltr'><strong>nos</strong></span> 
     </span>
    </p>
   </div>
   <div class='ocr_carea' id='block_1_73' title="bbox 2315 1619 3897 1687">
    <p class='ocr_par' dir='ltr' id='par_1_73' title="bbox 2315 1619 3897 1687">
     <span class='ocr_line' id='line_1_73' title="bbox 2315 1619 3897 1687; baseline 0.001 -17"><span class='ocrx_word' id='word_1_562' title='bbox 2315 1619 2604 1678; x_wconf 81' lang='lat' dir='ltr'><strong>contristet,</strong></span> <span class='ocrx_word' id='word_1_563' title='bbox 2632 1631 2801 1684; x_wconf 87' lang='lat' dir='ltr'><strong>neque</strong></span> <span class='ocrx_word' id='word_1_564' title='bbox 2827 1619 2997 1686; x_wconf 90' lang='lat' dir='ltr'><strong>inopia</strong></span> <span class='ocrx_word' id='word_1_565' title='bbox 3025 1627 3225 1685; x_wconf 85' lang='lat' dir='ltr'><strong>gravet,</strong></span> <span class='ocrx_word' id='word_1_566' title='bbox 3275 1633 3443 1685; x_wconf 89' lang='lat' dir='ltr'><strong>neque</strong></span> <span class='ocrx_word' id='word_1_567' title='bbox 3465 1620 3677 1673; x_wconf 81' lang='lat' dir='ltr'><strong>morbus</strong></span> <span class='ocrx_word' id='word_1_568' title='bbox 3703 1634 3897 1687; x_wconf 63' lang='lat' dir='ltr'><strong>etmo-</strong></span> 
     </span>
    </p>
   </div>
   <div class='ocr_carea' id='block_1_74' title="bbox 2315 1706 3896 1775">
    <p class='ocr_par' dir='ltr' id='par_1_74' title="bbox 2315 1706 3896 1775">
     <span class='ocr_line' id='line_1_74' title="bbox 2315 1706 3896 1775; baseline 0.001 -15"><span class='ocrx_word' id='word_1_569' title='bbox 2315 1707 2388 1760; x_wconf 86' lang='lat' dir='ltr'><strong>ris</strong></span> <span class='ocrx_word' id='word_1_570' title='bbox 2413 1710 2604 1760; x_wconf 88' lang='lat' dir='ltr'><strong>mentis</strong></span> <span class='ocrx_word' id='word_1_571' title='bbox 2631 1721 2844 1760; x_wconf 84' lang='lat' dir='ltr'><strong>sensum</strong></span> <span class='ocrx_word' id='word_1_572' title='bbox 2873 1706 3129 1770; x_wconf 81' lang='lat' dir='ltr'><strong>emolliat,</strong></span> <span class='ocrx_word' id='word_1_573' title='bbox 3184 1721 3354 1774; x_wconf 88' lang='lat' dir='ltr'><strong>neque</strong></span> <span class='ocrx_word' id='word_1_574' title='bbox 3399 1707 3536 1775; x_wconf 87' lang='lat' dir='ltr'><strong>quod</strong></span> <span class='ocrx_word' id='word_1_575' title='bbox 3578 1719 3896 1761; x_wconf 82' lang='lat' dir='ltr'><strong>contemna-</strong></span> 
     </span>
    </p>
   </div>
   <div class='ocr_carea' id='block_1_75' title="bbox 2315 1796 3895 1867">
    <p class='ocr_par' dir='ltr' id='par_1_75' title="bbox 2315 1796 3895 1867">
     <span class='ocr_line' id='line_1_75' title="bbox 2315 1796 3895 1867; baseline 0.001 -17"><span class='ocrx_word' id='word_1_576' title='bbox 2315 1813 2431 1852; x_wconf 90' lang='lat' dir='ltr'><strong>mur</strong></span> <span class='ocrx_word' id='word_1_577' title='bbox 2456 1797 2911 1867; x_wconf 88' lang='lat' dir='ltr'><strong>despiciamurque</strong></span> <span class='ocrx_word' id='word_1_578' title='bbox 2937 1798 3003 1851; x_wconf 87' lang='lat' dir='ltr'><strong>ab</strong></span> <span class='ocrx_word' id='word_1_579' title='bbox 3043 1796 3313 1851; x_wconf 90' lang='lat' dir='ltr'><strong>hominum</strong></span> <span class='ocrx_word' id='word_1_580' title='bbox 3339 1799 3508 1860; x_wconf 89' lang='lat' dir='ltr'><strong>turba,</strong></span> <span class='ocrx_word' id='word_1_581' title='bbox 3541 1799 3588 1852; x_wconf 93' lang='lat' dir='ltr'><strong>id</strong></span> <span class='ocrx_word' id='word_1_582' title='bbox 3620 1800 3895 1867; x_wconf 74' lang='lat' dir='ltr'><strong>segniores</strong></span> 
     </span>
    </p>
   </div>
   <div class='ocr_carea' id='block_1_76' title="bbox 2317 1887 3894 1958">
    <p class='ocr_par' dir='ltr' id='par_1_76' title="bbox 2317 1887 3894 1958">
     <span class='ocr_line' id='line_1_76' title="bbox 2317 1887 3894 1958; baseline 0.001 -16"><span class='ocrx_word' id='word_1_583' title='bbox 2317 1905 2412 1944; x_wconf 92' lang='lat' dir='ltr'><strong>nos</strong></span> <span class='ocrx_word' id='word_1_584' title='bbox 2443 1888 2595 1943; x_wconf 80' lang='lat' dir='ltr'><strong>faciat</strong></span> <span class='ocrx_word' id='word_1_585' title='bbox 2622 1890 2672 1943; x_wconf 88' lang='lat' dir='ltr'><strong>itt</strong></span> <span class='ocrx_word' id='word_1_586' title='bbox 2701 1891 2909 1944; x_wconf 86' lang='lat' dir='ltr'><strong>virtutis</strong></span> <span class='ocrx_word' id='word_1_587' title='bbox 2936 1889 3110 1943; x_wconf 89' lang='lat' dir='ltr'><strong>studio</strong></span> <span class='ocrx_word' id='word_1_588' title='bbox 3139 1907 3151 1942; x_wconf 90' lang='lat'>:</span> <span class='ocrx_word' id='word_1_589' title='bbox 3185 1887 3278 1944; x_wconf 82' lang='lat' dir='ltr'><strong>sed</strong></span> <span class='ocrx_word' id='word_1_590' title='bbox 3331 1888 3573 1943; x_wconf 88' lang='lat' dir='ltr'><strong>omnibus</strong></span> <span class='ocrx_word' id='word_1_591' title='bbox 3614 1891 3711 1954; x_wconf 90' lang='lat' dir='ltr'><strong>iis,</strong></span> <span class='ocrx_word' id='word_1_592' title='bbox 3742 1891 3894 1958; x_wconf 82' lang='lat' dir='ltr'><strong>quasi</strong></span> 
     </span>
    </p>
   </div>
   <div class='ocr_carea' id='block_1_77' title="bbox 2317 1981 3895 2051">
    <p class='ocr_par' dir='ltr' id='par_1_77' title="bbox 2317 1981 3895 2051">
     <span class='ocr_line' id='line_1_77' title="bbox 2317 1981 3895 2051; baseline 0.001 -17"><span class='ocrx_word' id='word_1_593' title='bbox 2317 1981 2487 2050; x_wconf 90' lang='lat' dir='ltr'><strong>pulvis</strong></span> <span class='ocrx_word' id='word_1_594' title='bbox 2530 1990 2743 2047; x_wconf 89' lang='lat' dir='ltr'><strong>essent,</strong></span> <span class='ocrx_word' id='word_1_595' title='bbox 2792 1983 3048 2047; x_wconf 81' lang='lat' dir='ltr'><strong>excussis,</strong></span> <span class='ocrx_word' id='word_1_596' title='bbox 3101 1991 3475 2051; x_wconf 85' lang='lat' dir='ltr'><strong>assumptoque</strong></span> <span class='ocrx_word' id='word_1_597' title='bbox 3528 1996 3796 2048; x_wconf 87' lang='lat' dir='ltr'><strong>generoso</strong></span> <span class='ocrx_word' id='word_1_598' title='bbox 3845 1993 3895 2036; x_wconf 88' lang='lat' dir='ltr'><strong>et</strong></span> 
     </span>
    </p>
   </div>
   <div class='ocr_carea' id='block_1_78' title="bbox 2316 2073 3895 2142">
    <p class='ocr_par' dir='ltr' id='par_1_78' title="bbox 2316 2073 3895 2142">
     <span class='ocr_line' id='line_1_78' title="bbox 2316 2073 3895 2142; baseline 0.001 -16"><span class='ocrx_word' id='word_1_599' title='bbox 2316 2073 2526 2127; x_wconf 86' lang='lat' dir='ltr'><strong>sublimi</strong></span> <span class='ocrx_word' id='word_1_600' title='bbox 2555 2073 2761 2142; x_wconf 87' lang='lat' dir='ltr'><strong>spiritu,</strong></span> <span class='ocrx_word' id='word_1_601' title='bbox 2789 2088 3033 2142; x_wconf 91' lang='lat' dir='ltr'><strong>magnum</strong></span> <span class='ocrx_word' id='word_1_602' title='bbox 3060 2088 3152 2142; x_wconf 91' lang='lat' dir='ltr'><strong>per</strong></span> <span class='ocrx_word' id='word_1_603' title='bbox 3177 2073 3350 2126; x_wconf 88' lang='lat' dir='ltr'><strong>omnia</strong></span> <span class='ocrx_word' id='word_1_604' title='bbox 3379 2073 3697 2126; x_wconf 75' lang='lat' dir='ltr'><strong>fortitudinis</strong></span> <span class='ocrx_word' id='word_1_605' title='bbox 3719 2075 3895 2140; x_wconf 75' lang='lat' dir='ltr'><strong>speci-</strong></span> 
     </span>
    </p>
   </div>
   <div class='ocr_carea' id='block_1_79' title="bbox 2317 2162 3894 2228">
    <p class='ocr_par' dir='ltr' id='par_1_79' title="bbox 2317 2162 3894 2228">
     <span class='ocr_line' id='line_1_79' title="bbox 2317 2162 3894 2228; baseline 0.001 -12"><span class='ocrx_word' id='word_1_606' title='bbox 2317 2177 2437 2217; x_wconf 89' lang='lat' dir='ltr'><strong>men</strong></span> <span class='ocrx_word' id='word_1_607' title='bbox 2476 2162 2839 2228; x_wconf 81' lang='lat' dir='ltr'><strong>exlnbeamus,</strong></span> <span class='ocrx_word' id='word_1_608' title='bbox 2889 2174 2943 2217; x_wconf 91' lang='lat' dir='ltr'><strong>ct</strong></span> <span class='ocrx_word' id='word_1_609' title='bbox 3000 2165 3136 2218; x_wconf 85' lang='lat' dir='ltr'><strong>sicut</strong></span> <span class='ocrx_word' id='word_1_610' title='bbox 3183 2165 3296 2218; x_wconf 81' lang='lat' dir='ltr'><strong>lteri</strong></span> <span class='ocrx_word' id='word_1_611' title='bbox 3347 2175 3574 2218; x_wconf 83' lang='lat' dir='ltr'><strong>vestram</strong></span> <span class='ocrx_word' id='word_1_612' title='bbox 3620 2168 3894 2218; x_wconf 68' lang='lat' dir='ltr'><strong>carinum</strong></span> 
     </span>
    </p>
   </div>
   <div class='ocr_carea' id='block_1_80' title="bbox 2315 2253 3892 2322">
    <p class='ocr_par' dir='ltr' id='par_1_80' title="bbox 2315 2253 3892 2322">
     <span class='ocr_line' id='line_1_80' title="bbox 2315 2253 3892 2322; baseline 0.001 -15"><span class='ocrx_word' id='word_1_613' title='bbox 2315 2253 2609 2319; x_wconf 84' lang='lat' dir='ltr'><strong>obsecravi,</strong></span> <span class='ocrx_word' id='word_1_614' title='bbox 2657 2268 2776 2308; x_wconf 90' lang='lat' dir='ltr'><strong>cum</strong></span> <span class='ocrx_word' id='word_1_615' title='bbox 2826 2253 3051 2308; x_wconf 90' lang='lat' dir='ltr'><strong>inimicis</strong></span> <span class='ocrx_word' id='word_1_616' title='bbox 3100 2269 3284 2322; x_wconf 83' lang='lat' dir='ltr'><strong>magna</strong></span> <span class='ocrx_word' id='word_1_617' title='bbox 3328 2254 3599 2309; x_wconf 88' lang='lat' dir='ltr'><strong>alacritate</strong></span> <span class='ocrx_word' id='word_1_618' title='bbox 3641 2256 3892 2308; x_wconf 82' lang='lat' dir='ltr'><strong>concilie-</strong></span> 
     </span>
    </p>
   </div>
   <div class='ocr_carea' id='block_1_81' title="bbox 2317 2345 3895 2411">
    <p class='ocr_par' dir='ltr' id='par_1_81' title="bbox 2317 2345 3895 2411">
     <span class='ocr_line' id='line_1_81' title="bbox 2317 2345 3895 2411; baseline 0.001 -13"><span class='ocrx_word' id='word_1_619' title='bbox 2317 2360 2458 2411; x_wconf 87' lang='lat' dir='ltr'><strong>mur,</strong></span> <span class='ocrx_word' id='word_1_620' title='bbox 2485 2353 2539 2400; x_wconf 92' lang='lat' dir='ltr'><strong>et</strong></span> <span class='ocrx_word' id='word_1_621' title='bbox 2563 2361 2626 2399; x_wconf 81' lang='lat' dir='ltr'><strong>ex</strong></span> <span class='ocrx_word' id='word_1_622' title='bbox 2670 2345 2945 2400; x_wconf 86' lang='lat' dir='ltr'><strong>animabus</strong></span> <span class='ocrx_word' id='word_1_623' title='bbox 2977 2347 3171 2400; x_wconf 84' lang='lat' dir='ltr'><strong>nostris</strong></span> <span class='ocrx_word' id='word_1_624' title='bbox 3197 2347 3530 2400; x_wconf 76' lang='lat' dir='ltr'><strong>allec-tionem</strong></span> <span class='ocrx_word' id='word_1_625' title='bbox 3557 2347 3895 2400; x_wconf 78' lang='lat' dir='ltr'><strong>elimiuemus</strong></span> 
     </span>
    </p>
   </div>
   <div class='ocr_carea' id='block_1_82' title="bbox 2316 2437 3894 2506">
    <p class='ocr_par' dir='ltr' id='par_1_82' title="bbox 2316 2437 3894 2506">
     <span class='ocr_line' id='line_1_82' title="bbox 2316 2437 3894 2506; baseline 0 -16"><span class='ocrx_word' id='word_1_626' title='bbox 2316 2437 2596 2506; x_wconf 87' lang='lat' dir='ltr'><strong>reliquias;</strong></span> <span class='ocrx_word' id='word_1_627' title='bbox 2624 2437 2734 2490; x_wconf 84' lang='lat' dir='ltr'><strong>etsi</strong></span> <span class='ocrx_word' id='word_1_628' title='bbox 2772 2453 2873 2506; x_wconf 85' lang='lat' dir='ltr'><strong>qua</strong></span> <span class='ocrx_word' id='word_1_629' title='bbox 2903 2439 3324 2506; x_wconf 81' lang='lat' dir='ltr'><strong>concupiscentia</strong></span> <span class='ocrx_word' id='word_1_630' title='bbox 3362 2455 3516 2506; x_wconf 85' lang='lat' dir='ltr'><strong>prava</strong></span> <span class='ocrx_word' id='word_1_631' title='bbox 3555 2440 3894 2502; x_wconf 82' lang='lat' dir='ltr'><strong>interturbct,</strong></span> 
     </span>
    </p>
   </div>
   <div class='ocr_carea' id='block_1_83' title="bbox 2316 2527 3895 2595">
    <p class='ocr_par' dir='ltr' id='par_1_83' title="bbox 2316 2527 3895 2595">
     <span class='ocr_line' id='line_1_83' title="bbox 2316 2527 3895 2595; baseline -0.001 -15"><span class='ocrx_word' id='word_1_632' title='bbox 2316 2540 2432 2580; x_wconf 89' lang='lat' dir='ltr'><strong>eam</strong></span> <span class='ocrx_word' id='word_1_633' title='bbox 2485 2527 2808 2595; x_wconf 79' lang='lat' dir='ltr'><strong>ellugemus;</strong></span> <span class='ocrx_word' id='word_1_634' title='bbox 2865 2537 2918 2580; x_wconf 90' lang='lat' dir='ltr'><strong>et</strong></span> <span class='ocrx_word' id='word_1_635' title='bbox 2967 2527 3009 2581; x_wconf 87' lang='lat' dir='ltr'><strong>si</strong></span> <span class='ocrx_word' id='word_1_636' title='bbox 3065 2527 3210 2580; x_wconf 78' lang='lat' dir='ltr'><strong>furor</strong></span> <span class='ocrx_word' id='word_1_637' title='bbox 3262 2527 3325 2580; x_wconf 90' lang='lat' dir='ltr'><strong>ad</strong></span> <span class='ocrx_word' id='word_1_638' title='bbox 3373 2528 3502 2581; x_wconf 90' lang='lat' dir='ltr'><strong>iram</strong></span> <span class='ocrx_word' id='word_1_639' title='bbox 3555 2529 3895 2590; x_wconf 73' lang='lat' dir='ltr'><strong>exstimulet,</strong></span> 
     </span>
    </p>
   </div>
   <div class='ocr_carea' id='block_1_84' title="bbox 2316 2616 3896 2687">
    <p class='ocr_par' dir='ltr' id='par_1_84' title="bbox 2316 2616 3896 2687">
     <span class='ocr_line' id='line_1_84' title="bbox 2316 2616 3896 2687; baseline 0.003 -19"><span class='ocrx_word' id='word_1_640' title='bbox 2316 2617 2726 2684; x_wconf 86' lang='lat' dir='ltr'><strong>comprimamus</strong></span> <span class='ocrx_word' id='word_1_641' title='bbox 2758 2616 2897 2671; x_wconf 88' lang='lat' dir='ltr'><strong>hunc</strong></span> <span class='ocrx_word' id='word_1_642' title='bbox 2921 2628 3106 2671; x_wconf 66' lang='lat' dir='ltr'><strong>aestum</strong></span> <span class='ocrx_word' id='word_1_643' title='bbox 3143 2628 3301 2672; x_wconf 91' lang='lat' dir='ltr'><strong>cantu</strong></span> <span class='ocrx_word' id='word_1_644' title='bbox 3326 2619 3679 2687; x_wconf 84' lang='lat' dir='ltr'><strong>spiritualium</strong></span> <span class='ocrx_word' id='word_1_645' title='bbox 3707 2621 3896 2673; x_wconf 57' lang='lat' dir='ltr'><strong>adnuo.</strong></span> 
     </span>
    </p>
   </div>
   <div class='ocr_carea' id='block_1_85' title="bbox 2319 2708 3896 2780">
    <p class='ocr_par' dir='ltr' id='par_1_85' title="bbox 2319 2708 3896 2780">
     <span class='ocr_line' id='line_1_85' title="bbox 2319 2708 3896 2780; baseline 0.004 -21"><span class='ocrx_word' id='word_1_646' title='bbox 2319 2708 2595 2771; x_wconf 86' lang='lat' dir='ltr'><strong>nitionunt,</strong></span> <span class='ocrx_word' id='word_1_647' title='bbox 2637 2709 2978 2764; x_wconf 87' lang='lat' dir='ltr'><strong>ostendentes</strong></span> <span class='ocrx_word' id='word_1_648' title='bbox 3003 2725 3156 2778; x_wconf 90' lang='lat' dir='ltr'><strong>quam</strong></span> <span class='ocrx_word' id='word_1_649' title='bbox 3192 2711 3495 2780; x_wconf 65' lang='lat' dir='ltr'><strong>perniciose</strong></span> <span class='ocrx_word' id='word_1_650' title='bbox 3523 2713 3626 2764; x_wconf 88' lang='lat' dir='ltr'><strong>sint</strong></span> <span class='ocrx_word' id='word_1_651' title='bbox 3656 2713 3896 2766; x_wconf 64' lang='lat' dir='ltr'><strong>alte-ctio-</strong></span> 
     </span>
    </p>
   </div>
   <div class='ocr_carea' id='block_1_86' title="bbox 2316 2796 3897 2870">
    <p class='ocr_par' dir='ltr' id='par_1_86' title="bbox 2316 2796 3897 2870">
     <span class='ocr_line' id='line_1_86' title="bbox 2316 2796 3897 2870; baseline -0.001 -18"><span class='ocrx_word' id='word_1_652' title='bbox 2316 2813 2432 2852; x_wconf 83' lang='lat' dir='ltr'><strong>ncs.</strong></span> <span class='ocrx_word' id='word_1_653' title='bbox 2467 2796 2555 2852; x_wconf 85' lang='lat' dir='ltr'><strong>Vir</strong></span> <span class='ocrx_word' id='word_1_654' title='bbox 2601 2799 2764 2866; x_wconf 82' lang='lat' dir='ltr'><strong>cnim,</strong></span> <span class='ocrx_word' id='word_1_655' title='bbox 2809 2800 2997 2870; x_wconf 87' lang='lat' dir='ltr'><strong>inquit,</strong></span> <span class='ocrx_word' id='word_1_656' title='bbox 3049 2801 3343 2864; x_wconf 72' lang='lat' dir='ltr'><strong>iracundus,</strong></span> <span class='ocrx_word' id='word_1_657' title='bbox 3394 2818 3492 2853; x_wconf 83' lang='lat' dir='ltr'><strong>non</strong></span> <span class='ocrx_word' id='word_1_658' title='bbox 3539 2803 3777 2854; x_wconf 64' lang='lat' dir='ltr'><strong>[periectas</strong></span> <span class='ocrx_word' id='word_1_659' title='bbox 3826 2813 3897 2854; x_wconf 74' lang='lat' dir='ltr'><strong>cat</strong></span> 
     </span>
    </p>
   </div>
   <div class='ocr_carea' id='block_1_87' title="bbox 2317 2889 3896 2959">
    <p class='ocr_par' dir='ltr' id='par_1_87' title="bbox 2317 2889 3896 2959">
     <span class='ocr_line' id='line_1_87' title="bbox 2317 2889 3896 2959; baseline 0.001 -17"><span class='ocrx_word' id='word_1_660' title='bbox 2317 2889 2511 2956; x_wconf 77' lang='lat' dir='ltr'><strong>(Prov.</strong></span> <span class='ocrx_word' id='word_1_661' title='bbox 2549 2891 2631 2944; x_wconf 80' lang='grc' dir='ltr'><strong>Η.</strong></span> <span class='ocrx_word' id='word_1_662' title='bbox 2663 2890 2732 2944; x_wconf 74' lang='lat'><strong>25</strong></span> <span class='ocrx_word' id='word_1_663' title='bbox 2757 2891 2808 2957; x_wconf 86' lang='lat'><strong>);</strong></span> <span class='ocrx_word' id='word_1_664' title='bbox 2835 2900 2888 2946; x_wconf 86' lang='lat' dir='ltr'><strong>et</strong></span> <span class='ocrx_word' id='word_1_665' title='bbox 2934 2892 3144 2953; x_wconf 84' lang='lat' dir='ltr'><strong>iterum,</strong></span> <span class='ocrx_word' id='word_1_666' title='bbox 3182 2891 3279 2957; x_wconf 80' lang='lat' dir='ltr'><strong>Qui</strong></span> <span class='ocrx_word' id='word_1_667' title='bbox 3330 2891 3564 2943; x_wconf 75' lang='lat' dir='ltr'><strong>irascitur</strong></span> <span class='ocrx_word' id='word_1_668' title='bbox 3611 2893 3764 2959; x_wconf 82' lang='lat' dir='ltr'><strong>fratri</strong></span> <span class='ocrx_word' id='word_1_669' title='bbox 3808 2909 3896 2944; x_wconf 65' lang='lat' dir='ltr'><strong>suo</strong></span> 
     </span>
    </p>
   </div>
   <div class='ocr_carea' id='block_1_88' title="bbox 2315 2980 3892 3050">
    <p class='ocr_par' dir='ltr' id='par_1_88' title="bbox 2315 2980 3892 3050">
     <span class='ocr_line' id='line_1_88' title="bbox 2315 2980 3892 3050; baseline 0.001 -19"><span class='ocrx_word' id='word_1_670' title='bbox 2315 2980 2423 3032; x_wconf 71' lang='lat' dir='ltr'><strong>sine</strong></span> <span class='ocrx_word' id='word_1_671' title='bbox 2449 2995 2624 3040; x_wconf 75' lang='lat' dir='ltr'><strong>causa,</strong></span> <span class='ocrx_word' id='word_1_672' title='bbox 2655 2996 2768 3032; x_wconf 71' lang='lat' dir='ltr'><strong>rcus</strong></span> <span class='ocrx_word' id='word_1_673' title='bbox 2809 2981 2902 3034; x_wconf 84' lang='lat' dir='ltr'><strong>erit</strong></span> <span class='ocrx_word' id='word_1_674' title='bbox 2952 2981 3190 3050; x_wconf 71' lang='lat' dir='ltr'><strong>generum:</strong></span> <span class='ocrx_word' id='word_1_675' title='bbox 3232 2982 3360 3050; x_wconf 76' lang='lat' dir='ltr'><strong>ignis</strong></span> <span class='ocrx_word' id='word_1_676' title='bbox 3405 2981 3628 3049; x_wconf 77' lang='lat' dir='ltr'><strong>(Matth.</strong></span> <span class='ocrx_word' id='word_1_677' title='bbox 3682 2983 3733 3036; x_wconf 88' lang='grc'><strong>5.</strong></span> <span class='ocrx_word' id='word_1_678' title='bbox 3771 2981 3892 3046; x_wconf 73' lang='lat'><strong>2-3).</strong></span> 
     </span>
    </p>
   </div>
   <div class='ocr_carea' id='block_1_89' title="bbox 2319 3069 3891 3140">
    <p class='ocr_par' dir='ltr' id='par_1_89' title="bbox 2319 3069 3891 3140">
     <span class='ocr_line' id='line_1_89' title="bbox 2319 3069 3891 3140; baseline 0 -16"><span class='ocrx_word' id='word_1_679' title='bbox 2319 3069 2383 3124; x_wconf 78' lang='lat' dir='ltr'><strong>Et</strong></span> <span class='ocrx_word' id='word_1_680' title='bbox 2413 3069 2455 3123; x_wconf 81' lang='lat' dir='ltr'><strong>si</strong></span> <span class='ocrx_word' id='word_1_681' title='bbox 2493 3071 2830 3140; x_wconf 90' lang='lat' dir='ltr'><strong>pecuniarum</strong></span> <span class='ocrx_word' id='word_1_682' title='bbox 2869 3070 3132 3140; x_wconf 81' lang='lat' dir='ltr'><strong>cupiditas</strong></span> <span class='ocrx_word' id='word_1_683' title='bbox 3157 3073 3404 3137; x_wconf 87' lang='lat' dir='ltr'><strong>incessat,</strong></span> <span class='ocrx_word' id='word_1_684' title='bbox 3431 3071 3618 3125; x_wconf 86' lang='lat' dir='ltr'><strong>demus</strong></span> <span class='ocrx_word' id='word_1_685' title='bbox 3648 3086 3891 3140; x_wconf 84' lang='lat' dir='ltr'><strong>Operam,</strong></span> 
     </span>
    </p>
   </div>
   <div class='ocr_carea' id='block_1_90' title="bbox 2319 3161 3892 3229">
    <p class='ocr_par' dir='ltr' id='par_1_90' title="bbox 2319 3161 3892 3229">
     <span class='ocr_line' id='line_1_90' title="bbox 2319 3161 3892 3229; baseline 0.002 -16"><span class='ocrx_word' id='word_1_686' title='bbox 2319 3169 2375 3214; x_wconf 90' lang='lat' dir='ltr'><strong>ttt</strong></span> <span class='ocrx_word' id='word_1_687' title='bbox 2405 3175 2552 3215; x_wconf 89' lang='lat' dir='ltr'><strong>mens</strong></span> <span class='ocrx_word' id='word_1_688' title='bbox 2601 3161 2731 3214; x_wconf 78' lang='lat' dir='ltr'><strong>vitet</strong></span> <span class='ocrx_word' id='word_1_689' title='bbox 2783 3169 2978 3215; x_wconf 87' lang='lat' dir='ltr'><strong>tantam</strong></span> <span class='ocrx_word' id='word_1_690' title='bbox 3027 3163 3336 3229; x_wconf 87' lang='lat' dir='ltr'><strong>perniciem,</strong></span> <span class='ocrx_word' id='word_1_691' title='bbox 3381 3173 3434 3215; x_wconf 92' lang='lat' dir='ltr'><strong>et</strong></span> <span class='ocrx_word' id='word_1_692' title='bbox 3485 3165 3619 3216; x_wconf 88' lang='lat' dir='ltr'><strong>sicut</strong></span> <span class='ocrx_word' id='word_1_693' title='bbox 3661 3163 3892 3216; x_wconf 84' lang='lat' dir='ltr'><strong>radicem</strong></span> 
     </span>
    </p>
   </div>
   <div class='ocr_carea' id='block_1_91' title="bbox 2320 3252 3897 3325">
    <p class='ocr_par' dir='ltr' id='par_1_91' title="bbox 2320 3252 3897 3325">
     <span class='ocr_line' id='line_1_91' title="bbox 2320 3252 3897 3325; baseline 0.003 -21"><span class='ocrx_word' id='word_1_694' title='bbox 2320 3252 2577 3306; x_wconf 86' lang='lat' dir='ltr'><strong>malorum</strong></span> <span class='ocrx_word' id='word_1_695' title='bbox 2607 3254 2840 3307; x_wconf 89' lang='lat' dir='ltr'><strong>omnium</strong></span> <span class='ocrx_word' id='word_1_696' title='bbox 2872 3253 3260 3308; x_wconf 73' lang='lat' dir='ltr'><strong>exscindanms.</strong></span> <span class='ocrx_word' id='word_1_697' title='bbox 3283 3254 3366 3309; x_wconf 86' lang='lat' dir='ltr'><strong>Sic</strong></span> <span class='ocrx_word' id='word_1_698' title='bbox 3390 3255 3697 3309; x_wconf 75' lang='lat' dir='ltr'><strong>Studeamus</strong></span> <span class='ocrx_word' id='word_1_699' title='bbox 3723 3257 3897 3325; x_wconf 73' lang='lat' dir='ltr'><strong>singu-</strong></span> 
     </span>
    </p>
   </div>
   <div class='ocr_carea' id='block_1_92' title="bbox 2319 3342 3892 3413">
    <p class='ocr_par' dir='ltr' id='par_1_92' title="bbox 2319 3342 3892 3413">
     <span class='ocr_line' id='line_1_92' title="bbox 2319 3342 3892 3413; baseline 0.001 -16"><span class='ocrx_word' id='word_1_700' title='bbox 2319 3343 2397 3398; x_wconf 87' lang='lat' dir='ltr'><strong>las</strong></span> <span class='ocrx_word' id='word_1_701' title='bbox 2425 3342 2732 3397; x_wconf 82' lang='lat' dir='ltr'><strong>aﬂ‘ectiones</strong></span> <span class='ocrx_word' id='word_1_702' title='bbox 2771 3343 2936 3398; x_wconf 86' lang='lat' dir='ltr'><strong>malas</strong></span> <span class='ocrx_word' id='word_1_703' title='bbox 2957 3345 3243 3413; x_wconf 72' lang='lat' dir='ltr'><strong>corrigere,</strong></span> <span class='ocrx_word' id='word_1_704' title='bbox 3277 3360 3380 3412; x_wconf 90' lang='lat' dir='ltr'><strong>quo</strong></span> <span class='ocrx_word' id='word_1_705' title='bbox 3426 3354 3476 3397; x_wconf 90' lang='lat' dir='ltr'><strong>et</strong></span> <span class='ocrx_word' id='word_1_706' title='bbox 3506 3345 3827 3398; x_wconf 86' lang='lat' dir='ltr'><strong>abstinendo</strong></span> <span class='ocrx_word' id='word_1_707' title='bbox 3865 3362 3892 3397; x_wconf 85' lang='lat' dir='ltr'><strong>a</strong></span> 
     </span>
    </p>
   </div>
   <div class='ocr_carea' id='block_1_93' title="bbox 2318 3434 3896 3503">
    <p class='ocr_par' dir='ltr' id='par_1_93' title="bbox 2318 3434 3896 3503">
     <span class='ocr_line' id='line_1_93' title="bbox 2318 3434 3896 3503; baseline -0.002 -16"><span class='ocrx_word' id='word_1_708' title='bbox 2318 3435 2495 3500; x_wconf 88' lang='lat' dir='ltr'><strong>malis,</strong></span> <span class='ocrx_word' id='word_1_709' title='bbox 2523 3445 2576 3488; x_wconf 92' lang='lat' dir='ltr'><strong>et</strong></span> <span class='ocrx_word' id='word_1_710' title='bbox 2603 3434 2856 3490; x_wconf 88' lang='lat' dir='ltr'><strong>sectando</strong></span> <span class='ocrx_word' id='word_1_711' title='bbox 2883 3448 3041 3502; x_wconf 88' lang='lat' dir='ltr'><strong>opera</strong></span> <span class='ocrx_word' id='word_1_712' title='bbox 3088 3435 3245 3498; x_wconf 91' lang='lat' dir='ltr'><strong>bona,</strong></span> <span class='ocrx_word' id='word_1_713' title='bbox 3303 3435 3565 3503; x_wconf 77' lang='lat' dir='ltr'><strong>possimus</strong></span> <span class='ocrx_word' id='word_1_714' title='bbox 3606 3437 3656 3487; x_wconf 90' lang='lat' dir='ltr'><strong>in</strong></span> <span class='ocrx_word' id='word_1_715' title='bbox 3687 3435 3775 3488; x_wconf 85' lang='lat' dir='ltr'><strong>die.</strong></span> <span class='ocrx_word' id='word_1_716' title='bbox 3807 3436 3896 3487; x_wconf 89' lang='lat' dir='ltr'><strong>illo</strong></span> 
     </span>
    </p>
   </div>
   <div class='ocr_carea' id='block_1_94' title="bbox 2319 3522 3894 3592">
    <p class='ocr_par' dir='ltr' id='par_1_94' title="bbox 2319 3522 3894 3592">
     <span class='ocr_line' id='line_1_94' title="bbox 2319 3522 3894 3592; baseline -0.001 -15"><span class='ocrx_word' id='word_1_717' title='bbox 2319 3524 2596 3579; x_wconf 87' lang='lat' dir='ltr'><strong>tremendo</strong></span> <span class='ocrx_word' id='word_1_718' title='bbox 2615 3539 2642 3577; x_wconf 82' lang='lat' dir='ltr'><strong>tt</strong></span> <span class='ocrx_word' id='word_1_719' title='bbox 2666 3524 2775 3590; x_wconf 83' lang='lat' dir='ltr'><strong>Deo</strong></span> <span class='ocrx_word' id='word_1_720' title='bbox 2805 3522 3219 3577; x_wconf 86' lang='lat' dir='ltr'><strong>misericordiam</strong></span> <span class='ocrx_word' id='word_1_721' title='bbox 3251 3526 3481 3588; x_wconf 85' lang='lat' dir='ltr'><strong>assequi,</strong></span> <span class='ocrx_word' id='word_1_722' title='bbox 3507 3524 3671 3592; x_wconf 83' lang='lat' dir='ltr'><strong>gratia</strong></span> <span class='ocrx_word' id='word_1_723' title='bbox 3700 3535 3754 3574; x_wconf 79' lang='lat' dir='ltr'><strong>et</strong></span> <span class='ocrx_word' id='word_1_724' title='bbox 3793 3525 3894 3576; x_wconf 86' lang='lat' dir='ltr'><strong>mi-</strong></span> 
     </span>
    </p>
   </div>
   <div class='ocr_carea' id='block_1_95' title="bbox 2318 3607 3894 3682">
    <p class='ocr_par' dir='ltr' id='par_1_95' title="bbox 2318 3607 3894 3682">
     <span class='ocr_line' id='line_1_95' title="bbox 2318 3607 3894 3682; baseline 0 -16"><span class='ocrx_word' id='word_1_725' title='bbox 2318 3613 2668 3668; x_wconf 87' lang='lat' dir='ltr'><strong>serationibus</strong></span> <span class='ocrx_word' id='word_1_726' title='bbox 2705 3613 2956 3682; x_wconf 77' lang='lat' dir='ltr'><strong>unigeniti</strong></span> <span class='ocrx_word' id='word_1_727' title='bbox 2997 3607 3133 3680; x_wconf 75' lang='lat' dir='ltr'><strong>ejus</strong></span> <span class='ocrx_word' id='word_1_728' title='bbox 3158 3612 3296 3678; x_wconf 80' lang='lat' dir='ltr'><strong>Filii,</strong></span> <span class='ocrx_word' id='word_1_729' title='bbox 3339 3614 3421 3666; x_wconf 89' lang='lat' dir='ltr'><strong>cui</strong></span> <span class='ocrx_word' id='word_1_730' title='bbox 3466 3628 3583 3666; x_wconf 92' lang='lat' dir='ltr'><strong>cum</strong></span> <span class='ocrx_word' id='word_1_731' title='bbox 3618 3613 3794 3674; x_wconf 77' lang='lat' dir='ltr'><strong>Patre,</strong></span> <span class='ocrx_word' id='word_1_732' title='bbox 3842 3624 3894 3667; x_wconf 80' lang='lat' dir='ltr'><strong>et</strong></span> 
     </span>
    </p>
   </div>
   <div class='ocr_carea' id='block_1_96' title="bbox 2319 3703 3894 3773">
    <p class='ocr_par' dir='ltr' id='par_1_96' title="bbox 2319 3703 3894 3773">
     <span class='ocr_line' id='line_1_96' title="bbox 2319 3703 3894 3773; baseline 0.001 -14"><span class='ocrx_word' id='word_1_733' title='bbox 2319 3705 2516 3773; x_wconf 89' lang='lat' dir='ltr'><strong>Spiritu</strong></span> <span class='ocrx_word' id='word_1_734' title='bbox 2540 3716 2722 3760; x_wconf 87' lang='lat' dir='ltr'><strong>sancto</strong></span> <span class='ocrx_word' id='word_1_735' title='bbox 2747 3706 2813 3758; x_wconf 91' lang='lat' dir='ltr'><strong>sit</strong></span> <span class='ocrx_word' id='word_1_736' title='bbox 2837 3703 3025 3773; x_wconf 86' lang='lat' dir='ltr'><strong>gloria,</strong></span> <span class='ocrx_word' id='word_1_737' title='bbox 3052 3703 3348 3771; x_wconf 89' lang='lat' dir='ltr'><strong>imperium,</strong></span> <span class='ocrx_word' id='word_1_738' title='bbox 3374 3714 3428 3756; x_wconf 85' lang='lat' dir='ltr'><strong>et</strong></span> <span class='ocrx_word' id='word_1_739' title='bbox 3460 3703 3648 3769; x_wconf 91' lang='lat' dir='ltr'><strong>honor,</strong></span> <span class='ocrx_word' id='word_1_740' title='bbox 3679 3721 3820 3760; x_wconf 86' lang='lat' dir='ltr'><strong>nunc</strong></span> <span class='ocrx_word' id='word_1_741' title='bbox 3842 3717 3894 3760; x_wconf 85' lang='lat' dir='ltr'><strong>et</strong></span> 
     </span>
    </p>
   </div>
   <div class='ocr_carea' id='block_1_97' title="bbox 2321 3793 3536 3862">
    <p class='ocr_par' dir='ltr' id='par_1_97' title="bbox 2321 3793 3536 3862">
     <span class='ocr_line' id='line_1_97' title="bbox 2321 3793 3536 3862; baseline -0.002 -12"><span class='ocrx_word' id='word_1_742' title='bbox 2321 3809 2550 3862; x_wconf 86' lang='lat' dir='ltr'><strong>semper,</strong></span> <span class='ocrx_word' id='word_1_743' title='bbox 2586 3806 2638 3849; x_wconf 88' lang='lat' dir='ltr'><strong>et</strong></span> <span class='ocrx_word' id='word_1_744' title='bbox 2676 3796 2727 3848; x_wconf 91' lang='lat' dir='ltr'><strong>in</strong></span> <span class='ocrx_word' id='word_1_745' title='bbox 2766 3793 2955 3848; x_wconf 69' lang='lat' dir='ltr'><strong>stecula</strong></span> <span class='ocrx_word' id='word_1_746' title='bbox 2983 3795 3318 3849; x_wconf 61' lang='lat' dir='ltr'><strong>saeculorum.</strong></span> <span class='ocrx_word' id='word_1_747' title='bbox 3349 3797 3536 3849; x_wconf 84' lang='lat' dir='ltr'><strong>Amen.</strong></span> 
     </span>
    </p>
   </div>
   <div class='ocr_carea' id='block_1_98' title="bbox 2860 3926 3364 3983">
    <p class='ocr_par' dir='ltr' id='par_1_98' title="bbox 2860 3926 3364 3983">
     <span class='ocr_line' id='line_1_98' title="bbox 2860 3926 3364 3983; baseline 0.006 -3"><span class='ocrx_word' id='word_1_748' title='bbox 2860 3926 3134 3982; x_wconf 59' lang='lat' dir='ltr'><strong>llOillLlA</strong></span> <span class='ocrx_word' id='word_1_749' title='bbox 3174 3927 3364 3983; x_wconf 64' lang='lat' dir='ltr'><strong>XXIX.</strong></span> 
     </span>
    </p>
   </div>
   <div class='ocr_carea' id='block_1_99' title="bbox 2322 4039 3889 4110">
    <p class='ocr_par' dir='ltr' id='par_1_99' title="bbox 2322 4039 3889 4110">
     <span class='ocr_line' id='line_1_99' title="bbox 2322 4039 3889 4110; baseline 0 -15"><span class='ocrx_word' id='word_1_750' title='bbox 2322 4039 2388 4095; x_wconf 79' lang='lat' dir='ltr'><strong>Et</strong></span> <span class='ocrx_word' id='word_1_751' title='bbox 2411 4041 2558 4109; x_wconf 71' lang='lat' dir='ltr'><strong>capit</strong></span> <span class='ocrx_word' id='word_1_752' title='bbox 2587 4041 2698 4094; x_wconf 79' lang='lat' dir='ltr'><strong>Noe</strong></span> <span class='ocrx_word' id='word_1_753' title='bbox 2720 4046 2865 4094; x_wconf 79' lang='lat' dir='ltr'><strong>homo</strong></span> <span class='ocrx_word' id='word_1_754' title='bbox 2891 4041 3113 4110; x_wconf 84' lang='lat' dir='ltr'><strong>agricol</strong></span> <span class='ocrx_word' id='word_1_755' title='bbox 3140 4049 3302 4101; x_wconf 75' lang='lat' dir='ltr'><strong>term.</strong></span> <span class='ocrx_word' id='word_1_756' title='bbox 3331 4050 3377 4094; x_wconf 79' lang='lat' dir='ltr'><strong>et</strong></span> <span class='ocrx_word' id='word_1_757' title='bbox 3403 4043 3648 4108; x_wconf 73' lang='lat' dir='ltr'><strong>plantavit</strong></span> <span class='ocrx_word' id='word_1_758' title='bbox 3676 4045 3889 4108; x_wconf 68' lang='lat' dir='ltr'><strong>vincant,</strong></span> 
     </span>
    </p>
   </div>
   <div class='ocr_carea' id='block_1_100' title="bbox 2391 4133 3822 4202">
    <p class='ocr_par' dir='ltr' id='par_1_100' title="bbox 2391 4133 3822 4202">
     <span class='ocr_line' id='line_1_100' title="bbox 2391 4133 3822 4202; baseline 0.002 -17"><span class='ocrx_word' id='word_1_759' title='bbox 2391 4145 2435 4185; x_wconf 84' lang='lat' dir='ltr'><strong>et</strong></span> <span class='ocrx_word' id='word_1_760' title='bbox 2461 4134 2576 4186; x_wconf 84' lang='lat' dir='ltr'><strong>bibit</strong></span> <span class='ocrx_word' id='word_1_761' title='bbox 2601 4141 2661 4189; x_wconf 87' lang='lat' dir='ltr'><strong>dc</strong></span> <span class='ocrx_word' id='word_1_762' title='bbox 2690 4137 2800 4190; x_wconf 75' lang='lat' dir='ltr'><strong>vino</strong></span> <span class='ocrx_word' id='word_1_763' title='bbox 2825 4152 2839 4186; x_wconf 92' lang='lat'><strong><em>:</em></strong></span> <span class='ocrx_word' id='word_1_764' title='bbox 2868 4145 2914 4187; x_wconf 87' lang='lat' dir='ltr'><strong>ct</strong></span> <span class='ocrx_word' id='word_1_765' title='bbox 2943 4133 3211 4185; x_wconf 75' lang='lat' dir='ltr'><strong>inelniutus</strong></span> <span class='ocrx_word' id='word_1_766' title='bbox 3237 4141 3308 4185; x_wconf 82' lang='lat' dir='ltr'><strong>cst</strong></span> <span class='ocrx_word' id='word_1_767' title='bbox 3337 4133 3487 4200; x_wconf 78' lang='lat' dir='ltr'><strong>(Gen.</strong></span> <span class='ocrx_word' id='word_1_768' title='bbox 3512 4133 3561 4186; x_wconf 85' lang='lat'><strong>9.</strong></span> <span class='ocrx_word' id='word_1_769' title='bbox 3593 4134 3680 4187; x_wconf 71' lang='grc' dir='ltr'><strong>ΞΟ.</strong></span> <span class='ocrx_word' id='word_1_770' title='bbox 3705 4134 3822 4202; x_wconf 62' lang='lat' dir='ltr'><strong>Et).</strong></span> 
     </span>
    </p>
   </div>
   <div class='ocr_carea' id='block_1_101' title="bbox 2393 4246 3891 4313">
    <p class='ocr_par' dir='ltr' id='par_1_101' title="bbox 2393 4246 3891 4313">
     <span class='ocr_line' id='line_1_101' title="bbox 2393 4246 3891 4313; baseline -0.005 -10"><span class='ocrx_word' id='word_1_771' title='bbox 2393 4251 2442 4303; x_wconf 76' lang='grc'><strong>1.</strong></span> <span class='ocrx_word' id='word_1_772' title='bbox 2487 4247 2606 4301; x_wconf 79' lang='lat' dir='ltr'><strong>Non</strong></span> <span class='ocrx_word' id='word_1_773' title='bbox 2635 4248 2798 4302; x_wconf 74' lang='lat' dir='ltr'><strong>solum</strong></span> <span class='ocrx_word' id='word_1_774' title='bbox 2821 4247 2947 4298; x_wconf 85' lang='lat' dir='ltr'><strong>bona</strong></span> <span class='ocrx_word' id='word_1_775' title='bbox 2977 4262 3125 4313; x_wconf 83' lang='lat' dir='ltr'><strong>opera</strong></span> <span class='ocrx_word' id='word_1_776' title='bbox 3146 4286 3159 4310; x_wconf 91' lang='lat'><strong>,</strong></span> <span class='ocrx_word' id='word_1_777' title='bbox 3189 4246 3276 4298; x_wconf 74' lang='lat' dir='ltr'><strong>sed</strong></span> <span class='ocrx_word' id='word_1_778' title='bbox 3306 4254 3350 4297; x_wconf 84' lang='lat' dir='ltr'><strong>ct</strong></span> <span class='ocrx_word' id='word_1_779' title='bbox 3377 4256 3579 4311; x_wconf 72' lang='lat' dir='ltr'><strong>peccata</strong></span> <span class='ocrx_word' id='word_1_780' title='bbox 3605 4257 3891 4298; x_wconf 70' lang='lat' dir='ltr'><strong>uitiatarum</strong></span> 
     </span>
    </p>
   </div>
   <div class='ocr_carea' id='block_1_102' title="bbox 2322 4335 3890 4407">
    <p class='ocr_par' dir='ltr' id='par_1_102' title="bbox 2322 4335 3890 4407">
     <span class='ocr_line' id='line_1_102' title="bbox 2322 4335 3890 4407; baseline -0.002 -16"><span class='ocrx_word' id='word_1_781' title='bbox 2322 4348 2760 4407; x_wconf 80' lang='lat' dir='ltr'><strong>proponuntur.-——</strong></span> <span class='ocrx_word' id='word_1_782' title='bbox 2779 4336 2856 4390; x_wconf 82' lang='lat' dir='ltr'><strong>Ad</strong></span> <span class='ocrx_word' id='word_1_783' title='bbox 2880 4336 3037 4390; x_wconf 86' lang='lat' dir='ltr'><strong>linem</strong></span> <span class='ocrx_word' id='word_1_784' title='bbox 3065 4335 3273 4388; x_wconf 85' lang='lat' dir='ltr'><strong>tandem</strong></span> <span class='ocrx_word' id='word_1_785' title='bbox 3295 4337 3585 4403; x_wconf 86' lang='lat' dir='ltr'><strong>argumenti</strong></span> <span class='ocrx_word' id='word_1_786' title='bbox 3612 4336 3677 4388; x_wconf 86' lang='lat' dir='ltr'><strong>ad</strong></span> <span class='ocrx_word' id='word_1_787' title='bbox 3697 4337 3890 4402; x_wconf 86' lang='lat' dir='ltr'><strong>justqu</strong></span> 
     </span>
    </p>
   </div>
   <div class='ocr_carea' id='block_1_103' title="bbox 2323 4430 3890 4501">
    <p class='ocr_par' dir='ltr' id='par_1_103' title="bbox 2323 4430 3890 4501">
     <span class='ocr_line' id='line_1_103' title="bbox 2323 4430 3890 4501; baseline 0 -15"><span class='ocrx_word' id='word_1_788' title='bbox 2323 4430 2462 4487; x_wconf 87' lang='lat' dir='ltr'><strong>hunc</strong></span> <span class='ocrx_word' id='word_1_789' title='bbox 2504 4430 2793 4501; x_wconf 86' lang='lat' dir='ltr'><strong>spectantis</strong></span> <span class='ocrx_word' id='word_1_790' title='bbox 2835 4431 3108 4484; x_wconf 87' lang='lat' dir='ltr'><strong>venimus:</strong></span> <span class='ocrx_word' id='word_1_791' title='bbox 3152 4431 3270 4484; x_wconf 88' lang='lat' dir='ltr'><strong>ideo</strong></span> <span class='ocrx_word' id='word_1_792' title='bbox 3313 4431 3556 4496; x_wconf 85' lang='lat' dir='ltr'><strong>obsecro,</strong></span> <span class='ocrx_word' id='word_1_793' title='bbox 3589 4441 3771 4487; x_wconf 79' lang='lat' dir='ltr'><strong>nienle</strong></span> <span class='ocrx_word' id='word_1_794' title='bbox 3814 4434 3890 4486; x_wconf 81' lang='lat' dir='ltr'><strong>ia-</strong></span> 
     </span>
    </p>
   </div>
   <div class='ocr_carea' id='block_1_104' title="bbox 2324 4520 3889 4590">
    <p class='ocr_par' dir='ltr' id='par_1_104' title="bbox 2324 4520 3889 4590">
     <span class='ocr_line' id='line_1_104' title="bbox 2324 4520 3889 4590; baseline 0 -14"><span class='ocrx_word' id='word_1_795' title='bbox 2324 4531 2466 4576; x_wconf 86' lang='lat' dir='ltr'><strong>tenta</strong></span> <span class='ocrx_word' id='word_1_796' title='bbox 2505 4521 2707 4587; x_wconf 89' lang='lat' dir='ltr'><strong>adeste,</strong></span> <span class='ocrx_word' id='word_1_797' title='bbox 2746 4529 2798 4576; x_wconf 90' lang='lat' dir='ltr'><strong>et</strong></span> <span class='ocrx_word' id='word_1_798' title='bbox 2825 4520 3102 4588; x_wconf 85' lang='lat' dir='ltr'><strong>diligenter</strong></span> <span class='ocrx_word' id='word_1_799' title='bbox 3138 4537 3253 4590; x_wconf 62' lang='grc' dir='ltr'><strong>(μιν</strong></span> <span class='ocrx_word' id='word_1_800' title='bbox 3297 4521 3541 4574; x_wconf 89' lang='lat' dir='ltr'><strong>dicuntur</strong></span> <span class='ocrx_word' id='word_1_801' title='bbox 3581 4523 3889 4576; x_wconf 81' lang='lat' dir='ltr'><strong>auscultate.</strong></span> 
     </span>
    </p>
   </div>
   <div class='ocr_carea' id='block_1_105' title="bbox 2323 4612 3893 4682">
    <p class='ocr_par' dir='ltr' id='par_1_105' title="bbox 2323 4612 3893 4682">
     <span class='ocr_line' id='line_1_105' title="bbox 2323 4612 3893 4682; baseline -0.003 -13"><span class='ocrx_word' id='word_1_802' title='bbox 2323 4614 2454 4669; x_wconf 85' lang='lat' dir='ltr'><strong>Nam</strong></span> <span class='ocrx_word' id='word_1_803' title='bbox 2479 4629 2541 4668; x_wconf 81' lang='lat' dir='ltr'><strong>ex</strong></span> <span class='ocrx_word' id='word_1_804' title='bbox 2576 4614 2638 4667; x_wconf 91' lang='lat' dir='ltr'><strong>iis</strong></span> <span class='ocrx_word' id='word_1_805' title='bbox 2665 4628 2778 4682; x_wconf 68' lang='lat' dir='ltr'><strong>qum</strong></span> <span class='ocrx_word' id='word_1_806' title='bbox 2810 4612 2965 4666; x_wconf 89' lang='lat' dir='ltr'><strong>hodie</strong></span> <span class='ocrx_word' id='word_1_807' title='bbox 2994 4614 3122 4665; x_wconf 82' lang='lat' dir='ltr'><strong>lecta</strong></span> <span class='ocrx_word' id='word_1_808' title='bbox 3152 4620 3273 4665; x_wconf 90' lang='lat' dir='ltr'><strong>sunt</strong></span> <span class='ocrx_word' id='word_1_809' title='bbox 3300 4625 3402 4664; x_wconf 87' lang='lat' dir='ltr'><strong>non</strong></span> <span class='ocrx_word' id='word_1_810' title='bbox 3433 4627 3652 4679; x_wconf 75' lang='lat' dir='ltr'><strong>parvum</strong></span> <span class='ocrx_word' id='word_1_811' title='bbox 3679 4653 3692 4672; x_wconf 90' lang='lat'><strong>,</strong></span> <span class='ocrx_word' id='word_1_812' title='bbox 3727 4628 3893 4681; x_wconf 59' lang='lat' dir='ltr'><strong>nmine</strong></span> 
     </span>
    </p>
   </div>
   <div class='ocr_carea' id='block_1_106' title="bbox 2325 4703 3896 4774">
    <p class='ocr_par' dir='ltr' id='par_1_106' title="bbox 2325 4703 3896 4774">
     <span class='ocr_line' id='line_1_106' title="bbox 2325 4703 3896 4774; baseline 0.002 -19"><span class='ocrx_word' id='word_1_813' title='bbox 2325 4704 2589 4774; x_wconf 81' lang='lat' dir='ltr'><strong>vulgarem</strong></span> <span class='ocrx_word' id='word_1_814' title='bbox 2614 4704 2883 4774; x_wconf 88' lang='lat' dir='ltr'><strong>percipere</strong></span> <span class='ocrx_word' id='word_1_815' title='bbox 2903 4703 3024 4757; x_wconf 88' lang='lat' dir='ltr'><strong>licet</strong></span> <span class='ocrx_word' id='word_1_816' title='bbox 3045 4703 3271 4756; x_wconf 79' lang='lat' dir='ltr'><strong>fructum</strong></span> <span class='ocrx_word' id='word_1_817' title='bbox 3297 4721 3309 4754; x_wconf 89' lang='lat'>:</span> <span class='ocrx_word' id='word_1_818' title='bbox 3333 4703 3760 4772; x_wconf 84' lang='lat' dir='ltr'><strong>quandoquidem</strong></span> <span class='ocrx_word' id='word_1_819' title='bbox 3783 4721 3896 4772; x_wconf 63' lang='lat' dir='ltr'><strong>qua</strong></span> 
     </span>
    </p>
   </div>
   <div class='ocr_carea' id='block_1_107' title="bbox 2327 4795 3886 4866">
    <p class='ocr_par' dir='ltr' id='par_1_107' title="bbox 2327 4795 3886 4866">
     <span class='ocr_line' id='line_1_107' title="bbox 2327 4795 3886 4866; baseline -0.001 -15"><span class='ocrx_word' id='word_1_820' title='bbox 2327 4798 2512 4866; x_wconf 87' lang='lat' dir='ltr'><strong>priscis</strong></span> <span class='ocrx_word' id='word_1_821' title='bbox 2541 4806 2848 4860; x_wconf 88' lang='lat' dir='ltr'><strong>evenerunt,</strong></span> <span class='ocrx_word' id='word_1_822' title='bbox 2876 4796 2920 4850; x_wconf 87' lang='lat' dir='ltr'><strong>si</strong></span> <span class='ocrx_word' id='word_1_823' title='bbox 2945 4810 3128 4864; x_wconf 69' lang='lat' dir='ltr'><strong>sapere</strong></span> <span class='ocrx_word' id='word_1_824' title='bbox 3158 4795 3502 4862; x_wconf 86' lang='lat' dir='ltr'><strong>voluerimus,</strong></span> <span class='ocrx_word' id='word_1_825' title='bbox 3531 4798 3776 4849; x_wconf 63' lang='lat' dir='ltr'><strong>maxime:</strong></span> <span class='ocrx_word' id='word_1_826' title='bbox 3800 4813 3886 4850; x_wconf 83' lang='lat' dir='ltr'><strong>no-</strong></span> 
     </span>
    </p>
   </div>
   <div class='ocr_carea' id='block_1_108' title="bbox 2329 4886 3890 4954">
    <p class='ocr_par' dir='ltr' id='par_1_108' title="bbox 2329 4886 3890 4954">
     <span class='ocr_line' id='line_1_108' title="bbox 2329 4886 3890 4954; baseline -0.003 -11"><span class='ocrx_word' id='word_1_827' title='bbox 2329 4890 2408 4943; x_wconf 87' lang='lat' dir='ltr'><strong>bis</strong></span> <span class='ocrx_word' id='word_1_828' title='bbox 2431 4889 2682 4944; x_wconf 81' lang='lat' dir='ltr'><strong>doctrina:</strong></span> <span class='ocrx_word' id='word_1_829' title='bbox 2707 4895 2829 4941; x_wconf 91' lang='lat' dir='ltr'><strong>sunt</strong></span> <span class='ocrx_word' id='word_1_830' title='bbox 2847 4887 3076 4941; x_wconf 88' lang='lat' dir='ltr'><strong>occasio.</strong></span> <span class='ocrx_word' id='word_1_831' title='bbox 3107 4886 3228 4940; x_wconf 89' lang='lat' dir='ltr'><strong>Ideo</strong></span> <span class='ocrx_word' id='word_1_832' title='bbox 3252 4886 3392 4941; x_wconf 91' lang='lat' dir='ltr'><strong>enim</strong></span> <span class='ocrx_word' id='word_1_833' title='bbox 3420 4902 3521 4939; x_wconf 87' lang='lat' dir='ltr'><strong>non</strong></span> <span class='ocrx_word' id='word_1_834' title='bbox 3551 4886 3722 4938; x_wconf 88' lang='lat' dir='ltr'><strong>solum</strong></span> <span class='ocrx_word' id='word_1_835' title='bbox 3741 4901 3890 4954; x_wconf 82' lang='lat' dir='ltr'><strong>oper-</strong></span> 
     </span>
    </p>
   </div>
   <div class='ocr_carea' id='block_1_109' title="bbox 2329 4976 3894 5046">
    <p class='ocr_par' dir='ltr' id='par_1_109' title="bbox 2329 4976 3894 5046">
     <span class='ocr_line' id='line_1_109' title="bbox 2329 4976 3894 5046; baseline -0.004 -10"><span class='ocrx_word' id='word_1_836' title='bbox 2329 4989 2628 5036; x_wconf 83' lang='lat' dir='ltr'><strong>sanctorum</strong></span> <span class='ocrx_word' id='word_1_837' title='bbox 2659 4979 2794 5031; x_wconf 88' lang='lat' dir='ltr'><strong>bona</strong></span> <span class='ocrx_word' id='word_1_838' title='bbox 2823 4976 3015 5046; x_wconf 88' lang='lat' dir='ltr'><strong>scripta</strong></span> <span class='ocrx_word' id='word_1_839' title='bbox 3045 4986 3200 5038; x_wconf 88' lang='lat' dir='ltr'><strong>sunt,</strong></span> <span class='ocrx_word' id='word_1_840' title='bbox 3239 4976 3333 5030; x_wconf 86' lang='lat' dir='ltr'><strong>sed</strong></span> <span class='ocrx_word' id='word_1_841' title='bbox 3373 4979 3531 5030; x_wconf 88' lang='lat' dir='ltr'><strong>etiam</strong></span> <span class='ocrx_word' id='word_1_842' title='bbox 3565 4985 3776 5043; x_wconf 82' lang='lat' dir='ltr'><strong>peccata</strong></span> <span class='ocrx_word' id='word_1_843' title='bbox 3797 5018 3810 5038; x_wconf 92' lang='lat'><strong>,</strong></span> <span class='ocrx_word' id='word_1_844' title='bbox 3844 4983 3894 5029; x_wconf 87' lang='lat' dir='ltr'><strong>ut</strong></span> 
     </span>
    </p>
   </div>
   <div class='ocr_carea' id='block_1_110' title="bbox 2331 5066 3894 5141">
    <p class='ocr_par' dir='ltr' id='par_1_110' title="bbox 2331 5066 3894 5141">
     <span class='ocr_line' id='line_1_110' title="bbox 2331 5066 3894 5141; baseline -0.002 -17"><span class='ocrx_word' id='word_1_845' title='bbox 2331 5073 2445 5126; x_wconf 61' lang='lat' dir='ltr'><strong>haec</strong></span> <span class='ocrx_word' id='word_1_846' title='bbox 2463 5069 2674 5141; x_wconf 90' lang='lat' dir='ltr'><strong>quidem</strong></span> <span class='ocrx_word' id='word_1_847' title='bbox 2707 5068 2982 5136; x_wconf 77' lang='lat' dir='ltr'><strong>fugiamus,</strong></span> <span class='ocrx_word' id='word_1_848' title='bbox 3012 5067 3099 5120; x_wconf 90' lang='lat' dir='ltr'><strong>illa</strong></span> <span class='ocrx_word' id='word_1_849' title='bbox 3127 5082 3251 5120; x_wconf 86' lang='lat' dir='ltr'><strong>vero</strong></span> <span class='ocrx_word' id='word_1_850' title='bbox 3281 5067 3541 5120; x_wconf 84' lang='lat' dir='ltr'><strong>imitemur</strong></span> <span class='ocrx_word' id='word_1_851' title='bbox 3569 5082 3580 5116; x_wconf 95' lang='lat'>:</span> <span class='ocrx_word' id='word_1_852' title='bbox 3610 5081 3781 5134; x_wconf 65' lang='lat' dir='ltr'><strong>omne</strong></span> <span class='ocrx_word' id='word_1_853' title='bbox 3803 5066 3894 5120; x_wconf 82' lang='lat' dir='ltr'><strong>hoc</strong></span> 
     </span>
    </p>
   </div>
   <div class='ocr_carea' id='block_1_111' title="bbox 2332 5156 3894 5227">
    <p class='ocr_par' dir='ltr' id='par_1_111' title="bbox 2332 5156 3894 5227">
     <span class='ocr_line' id='line_1_111' title="bbox 2332 5156 3894 5227; baseline -0.005 -11"><span class='ocrx_word' id='word_1_854' title='bbox 2332 5162 2525 5227; x_wconf 87' lang='lat' dir='ltr'><strong>solum,</strong></span> <span class='ocrx_word' id='word_1_855' title='bbox 2556 5159 2651 5216; x_wconf 89' lang='lat' dir='ltr'><strong>sed</strong></span> <span class='ocrx_word' id='word_1_856' title='bbox 2683 5167 2944 5213; x_wconf 87' lang='lat' dir='ltr'><strong>monstrat</strong></span> <span class='ocrx_word' id='word_1_857' title='bbox 2988 5158 3201 5225; x_wconf 86' lang='lat' dir='ltr'><strong>insuper</strong></span> <span class='ocrx_word' id='word_1_858' title='bbox 3235 5156 3406 5208; x_wconf 79' lang='lat' dir='ltr'><strong>divina</strong></span> <span class='ocrx_word' id='word_1_859' title='bbox 3440 5156 3708 5223; x_wconf 82' lang='lat' dir='ltr'><strong>Scriptura</strong></span> <span class='ocrx_word' id='word_1_860' title='bbox 3737 5168 3790 5210; x_wconf 90' lang='lat' dir='ltr'><strong>et</strong></span> <span class='ocrx_word' id='word_1_861' title='bbox 3813 5157 3894 5225; x_wconf 79' lang='lat' dir='ltr'><strong>ju-</strong></span> 
     </span>
    </p>
   </div>
   <div class='ocr_carea' id='block_1_112' title="bbox 2333 5247 3898 5320">
    <p class='ocr_par' dir='ltr' id='par_1_112' title="bbox 2333 5247 3898 5320">
     <span class='ocr_line' id='line_1_112' title="bbox 2333 5247 3898 5320; baseline -0.004 -14"><span class='ocrx_word' id='word_1_862' title='bbox 2333 5261 2442 5306; x_wconf 87' lang='lat' dir='ltr'><strong>stos</strong></span> <span class='ocrx_word' id='word_1_863' title='bbox 2466 5267 2607 5320; x_wconf 76' lang='lat' dir='ltr'><strong>stepe</strong></span> <span class='ocrx_word' id='word_1_864' title='bbox 2649 5251 2846 5319; x_wconf 74' lang='lat' dir='ltr'><strong>lapsos,</strong></span> <span class='ocrx_word' id='word_1_865' title='bbox 2873 5258 2926 5302; x_wconf 89' lang='lat' dir='ltr'><strong>et</strong></span> <span class='ocrx_word' id='word_1_866' title='bbox 2966 5257 3266 5316; x_wconf 68' lang='lat' dir='ltr'><strong>peceatores</strong></span> <span class='ocrx_word' id='word_1_867' title='bbox 3304 5261 3546 5314; x_wconf 80' lang='lat' dir='ltr'><strong>magnam</strong></span> <span class='ocrx_word' id='word_1_868' title='bbox 3593 5247 3898 5300; x_wconf 70' lang='lat' dir='ltr'><strong>exhibentes</strong></span> 
     </span>
    </p>
   </div>
   <div class='ocr_carea' id='block_1_113' title="bbox 2334 5336 3898 5406">
    <p class='ocr_par' dir='ltr' id='par_1_113' title="bbox 2334 5336 3898 5406">
     <span class='ocr_line' id='line_1_113' title="bbox 2334 5336 3898 5406; baseline -0.005 -10"><span class='ocrx_word' id='word_1_869' title='bbox 2334 5345 2455 5398; x_wconf 73' lang='lat' dir='ltr'><strong>vitae</strong></span> <span class='ocrx_word' id='word_1_870' title='bbox 2478 5341 2900 5404; x_wconf 67' lang='lat' dir='ltr'><strong>eoat-emicuem,</strong></span> <span class='ocrx_word' id='word_1_871' title='bbox 2923 5353 3025 5406; x_wconf 91' lang='lat' dir='ltr'><strong>quo</strong></span> <span class='ocrx_word' id='word_1_872' title='bbox 3043 5338 3282 5405; x_wconf 86' lang='lat' dir='ltr'><strong>utrinque</strong></span> <span class='ocrx_word' id='word_1_873' title='bbox 3303 5337 3570 5389; x_wconf 72' lang='lat' dir='ltr'><strong>sul’l‘tciens</strong></span> <span class='ocrx_word' id='word_1_874' title='bbox 3592 5336 3746 5390; x_wconf 83' lang='lat' dir='ltr'><strong>nobis</strong></span> <span class='ocrx_word' id='word_1_875' title='bbox 3767 5347 3898 5389; x_wconf 64' lang='grc' dir='ltr'><strong>εδει-ι</strong></span> 
     </span>
    </p>
   </div>
   <div class='ocr_carea' id='block_1_114' title="bbox 2335 5426 3897 5499">
    <p class='ocr_par' dir='ltr' id='par_1_114' title="bbox 2335 5426 3897 5499">
     <span class='ocr_line' id='line_1_114' title="bbox 2335 5426 3897 5499; baseline -0.009 -8"><span class='ocrx_word' id='word_1_876' title='bbox 2335 5435 2558 5499; x_wconf 81' lang='lat' dir='ltr'><strong>cautela,</strong></span> <span class='ocrx_word' id='word_1_877' title='bbox 2593 5444 2646 5488; x_wconf 90' lang='lat' dir='ltr'><strong>et</strong></span> <span class='ocrx_word' id='word_1_878' title='bbox 2690 5447 2856 5499; x_wconf 88' lang='lat' dir='ltr'><strong>neque</strong></span> <span class='ocrx_word' id='word_1_879' title='bbox 2884 5430 2971 5498; x_wconf 90' lang='lat' dir='ltr'><strong>qui</strong></span> <span class='ocrx_word' id='word_1_880' title='bbox 2999 5439 3097 5483; x_wconf 80' lang='lat' dir='ltr'><strong>slut</strong></span> <span class='ocrx_word' id='word_1_881' title='bbox 3135 5427 3482 5482; x_wconf 78' lang='lat' dir='ltr'><strong>conﬁdentior</strong></span> <span class='ocrx_word' id='word_1_882' title='bbox 3510 5427 3577 5478; x_wconf 89' lang='lat' dir='ltr'><strong>sit</strong></span> <span class='ocrx_word' id='word_1_883' title='bbox 3602 5467 3615 5490; x_wconf 93' lang='lat'><strong>,</strong></span> <span class='ocrx_word' id='word_1_884' title='bbox 3647 5426 3827 5478; x_wconf 79' lang='lat' dir='ltr'><strong>videns</strong></span> <span class='ocrx_word' id='word_1_885' title='bbox 3851 5437 3897 5477; x_wconf 74' lang='lat' dir='ltr'><strong>ei</strong></span> 
     </span>
    </p>
   </div>
   <div class='ocr_carea' id='block_1_115' title="bbox 2332 5515 3896 5595">
    <p class='ocr_par' dir='ltr' id='par_1_115' title="bbox 2332 5515 3896 5595">
     <span class='ocr_line' id='line_1_115' title="bbox 2332 5515 3896 5595; baseline -0.011 -12"><span class='ocrx_word' id='word_1_886' title='bbox 2332 5528 2502 5595; x_wconf 72' lang='lat' dir='ltr'><strong>iustos</strong></span> <span class='ocrx_word' id='word_1_887' title='bbox 2541 5525 2814 5588; x_wconf 79' lang='lat' dir='ltr'><strong>cecidisse,</strong></span> <span class='ocrx_word' id='word_1_888' title='bbox 2849 5536 3013 5590; x_wconf 86' lang='lat' dir='ltr'><strong>neque</strong></span> <span class='ocrx_word' id='word_1_889' title='bbox 3039 5522 3125 5588; x_wconf 91' lang='lat' dir='ltr'><strong>qui</strong></span> <span class='ocrx_word' id='word_1_890' title='bbox 3166 5519 3214 5571; x_wconf 91' lang='lat' dir='ltr'><strong>iu</strong></span> <span class='ocrx_word' id='word_1_891' title='bbox 3256 5517 3484 5584; x_wconf 78' lang='lat' dir='ltr'><strong>peccatis</strong></span> <span class='ocrx_word' id='word_1_892' title='bbox 3509 5524 3587 5568; x_wconf 87' lang='lat' dir='ltr'><strong>cst</strong></span> <span class='ocrx_word' id='word_1_893' title='bbox 3625 5515 3896 5583; x_wconf 75' lang='lat' dir='ltr'><strong>deSpt-ret,</strong></span> 
     </span>
    </p>
   </div>
   <div class='ocr_carea' id='block_1_116' title="bbox 2339 5604 3898 5683">
    <p class='ocr_par' dir='ltr' id='par_1_116' title="bbox 2339 5604 3898 5683">
     <span class='ocr_line' id='line_1_116' title="bbox 2339 5604 3898 5683; baseline -0.011 -8"><span class='ocrx_word' id='word_1_894' title='bbox 2339 5622 2532 5676; x_wconf 82' lang='lat' dir='ltr'><strong>multos</strong></span> <span class='ocrx_word' id='word_1_895' title='bbox 2558 5616 2888 5683; x_wconf 63' lang='lat' dir='ltr'><strong>conspiciens</strong></span> <span class='ocrx_word' id='word_1_896' title='bbox 2927 5613 3010 5682; x_wconf 87' lang='lat' dir='ltr'><strong>qui</strong></span> <span class='ocrx_word' id='word_1_897' title='bbox 3057 5612 3406 5676; x_wconf 68' lang='lat' dir='ltr'><strong>resipttcrnnt,</strong></span> <span class='ocrx_word' id='word_1_898' title='bbox 3450 5616 3499 5660; x_wconf 87' lang='lat' dir='ltr'><strong>ct</strong></span> <span class='ocrx_word' id='word_1_899' title='bbox 3540 5604 3606 5657; x_wconf 83' lang='lat' dir='ltr'><strong>ad</strong></span> <span class='ocrx_word' id='word_1_900' title='bbox 3644 5622 3898 5660; x_wconf 82' lang='lat' dir='ltr'><strong>stnummu</strong></span> 
     </span>
    </p>
   </div>
   <div class='ocr_carea' id='block_1_117' title="bbox 2340 5695 3898 5775">
    <p class='ocr_par' dir='ltr' id='par_1_117' title="bbox 2340 5695 3898 5775">
     <span class='ocr_line' id='line_1_117' title="bbox 2340 5695 3898 5775; baseline -0.012 -10"><span class='ocrx_word' id='word_1_901' title='bbox 2340 5713 2545 5765; x_wconf 83' lang='lat' dir='ltr'><strong>virtutis</strong></span> <span class='ocrx_word' id='word_1_902' title='bbox 2574 5710 2774 5775; x_wconf 84' lang='lat' dir='ltr'><strong>apitetu</strong></span> <span class='ocrx_word' id='word_1_903' title='bbox 2826 5704 3094 5772; x_wconf 84' lang='lat' dir='ltr'><strong>pervenire</strong></span> <span class='ocrx_word' id='word_1_904' title='bbox 3142 5707 3444 5768; x_wconf 77' lang='lat' dir='ltr'><strong>potuerunt.</strong></span> <span class='ocrx_word' id='word_1_905' title='bbox 3494 5695 3670 5764; x_wconf 80' lang='lat' dir='ltr'><strong>Itaque</strong></span> <span class='ocrx_word' id='word_1_906' title='bbox 3698 5697 3898 5754; x_wconf 81' lang='lat' dir='ltr'><strong>nullus.</strong></span> 
     </span>
    </p>
   </div>
   <div class='ocr_carea' id='block_1_118' title="bbox 2347 5786 3895 5872">
    <p class='ocr_par' dir='ltr' id='par_1_118' title="bbox 2347 5786 3895 5872">
     <span class='ocr_line' id='line_1_118' title="bbox 2347 5786 3895 5872; baseline -0.009 -20"><span class='ocrx_word' id='word_1_907' title='bbox 2347 5817 2543 5872; x_wconf 55' lang='lat' dir='ltr'><strong>tittxso,</strong></span> <span class='ocrx_word' id='word_1_908' title='bbox 2577 5810 2783 5853; x_wconf 68' lang='grc' dir='ltr'><strong>ιιιιιιςιει</strong></span> <span class='ocrx_word' id='word_1_909' title='bbox 2815 5796 3096 5850; x_wconf 83' lang='lat' dir='ltr'><strong>multorum</strong></span> <span class='ocrx_word' id='word_1_910' title='bbox 3123 5793 3380 5845; x_wconf 78' lang='lat' dir='ltr'><strong>bonorum</strong></span> <span class='ocrx_word' id='word_1_911' title='bbox 3411 5802 3631 5857; x_wconf 82' lang='lat' dir='ltr'><strong>operum</strong></span> <span class='ocrx_word' id='word_1_912' title='bbox 3659 5786 3756 5840; x_wconf 71' lang='lat' dir='ltr'><strong>sibi</strong></span> <span class='ocrx_word' id='word_1_913' title='bbox 3783 5802 3895 5839; x_wconf 75' lang='lat' dir='ltr'><strong>con-</strong></span> 
     </span>
    </p>
   </div>
   <div class='ocr_carea' id='block_1_119' title="bbox 4025 605 4027 614">
    <p class='ocr_par' dir='ltr' id='par_1_119' title="bbox 4025 605 4027 614">
     <span class='ocr_line' id='line_1_119' title="bbox 4025 605 4027 614; baseline 0 0"><span class='ocrx_word' id='word_1_914' title='bbox 4025 605 4027 614; x_wconf 58' lang='grc' dir='ltr'><em>Α</em></span> 
     </span>
    </p>
   </div>
  </div>
