4080 6494
162 481 272 539 ἐἰ

165 610 318 653 suus
340 637 356 661 .
384 594 736 654 confidentior
769 593 871 661 sit,
913 593 1008 651 sed
1037 591 1228 649 anxius
1255 593 1346 660 sit,
1371 602 1426 649 et
1461 589 1758 647 sollicitus:

164 696 229 743 et
257 685 679 743 audiat'beatum
712 685 930 743 Paulum
970 684 1350 740 admonentem
1372 691 1429 740 et
1454 683 1718 739 dicentem
1743 722 1760 749 ,

171 777 280 846 Qui
301 789 437 833 stare
457 778 555 834 sibi
574 779 788 844 videtur,
811 778 978 833 videat
1016 794 1078 831 ne
1111 776 1259 831 cadat
1284 777 1358 848 (l.
1385 774 1504 832 Cor.
1536 773 1621 831 lO.
1646 773 1760 846 {2);

167 867 352 923 nullus
379 869 524 935 item,
553 871 641 940 qni
669 871 720 924 in
751 868 1066 939 profundum
1097 868 1268 939 ipsum
1297 866 1513 921 malitia:
1537 864 1765 921 descen-

166 959 312 1016 derit
337 1003 350 1024 ,
374 960 563 1016 salutis
586 975 696 1016 sine
724 976 874 1026 spem
905 959 1120 1029 abjiciat
1141 1000 1157 1025 ,
1184 958 1276 1013 sed
1307 956 1628 1012 ineffabilem
1668 953 1762 1010 Dei

168 1052 591 1108 miscricordiam
636 1053 911 1122 cogitans.
963 1051 1144 1106 audiat
1199 1051 1390 1105 iterum
1447 1049 1613 1104 Deum
1668 1042 1763 1118 per

168 1141 484 1213 prophetam
515 1143 823 1198 dicentem:
869 1140 1012 1197 Nunt
1038 1141 1127 1213 qui
1165 1141 1328 1204 cadit,
1362 1157 1463 1194 non
1504 1139 1761 1209 resurgit;

162 1246 216 1290 et
237 1236 326 1308 qui
349 1236 526 1290 avertit
553 1252 626 1299 se,
654 1252 754 1290 non
779 1236 1041 1291 revertitur
1072 1232 1205 1304 (Jer.
1233 1233 1286 1290 8.
1315 1233 1372 1304 ι)
1393 1234 1418 1288 ?
1437 1241 1493 1289 et
1522 1233 1714 1288 iterum
1739 1271 1757 1297 ,

168 1325 312 1381 Nolo
349 1334 559 1380 mortem
601 1325 894 1395 peccatoris,
933 1326 1064 1380 sicut
1109 1324 1331 1378 converti
1366 1340 1480 1378 eum
1514 1331 1562 1375 et
1600 1322 1761 1376 vivere

163 1416 382 1484 (Eucti.
432 1416 518 1472 18.
562 1417 672 1486 23).
725 1415 938 1479 Vidisti.
983 1415 1201 1482 dilecte,
1241 1415 1421 1471 omnia
1465 1415 1519 1468 in
1562 1412 1759 1468 divinis

159 1507 455 1578 Scripturis
479 1508 676 1578 scripta
697 1549 710 1572 ,
737 1523 844 1564 non
873 1507 975 1562 alia
996 1507 1067 1563 de
1090 1520 1252 1562 causa
1293 1505 1563 1563 memoria:
1595 1503 1758 1558 fuisse

163 1601 380 1664 tradita,
410 1616 568 1671 quam
599 1609 818 1669 propter
845 1582 1081 1654 nostram
1114 1597 1419 1662 utilitatem,
1451 1603 1506 1651 et
1537 1593 1758 1650 humani

157 1693 377 1762 generis
423 1692 690 1748 salutem?
719 1692 843 1748 llmc
883 1705 1062 1747 secum
1107 1689 1334 1760 quisque
1382 1697 1623 1743 nostrum
1663 1701 1756 1741 ex-

160 1783 362 1853 pendat
382 1825 398 1847 ,
427 1783 643 1854 suisque
679 1797 911 1854 congrua
936 1781 1244 1836 vulneribus
1272 1779 1558 1850 pharmaca
1586 1779 1759 1848 impo-

159 1881 276 1928 nat.
302 1870 427 1928 ldeo
450 1872 591 1926 enim
636 1871 751 1927 haec
773 1871 839 1925 ad
881 1870 1084 1926 libitum
1128 1869 1378 1924 omnibus
1414 1877 1540 1924 sunt
1562 1883 1758 1938 propo-

156 1965 282 2029 sita,
330 1975 386 2020 et
435 1965 560 2020 licet
607 1963 806 2019 volenti
847 1964 1173 2018 conveniens
1224 1962 1335 2017 suis
1383 1960 1754 2017 affectionibus

157 2054 454 2110 remedium
499 2069 788 2124 apponere,
829 2063 884 2109 et
919 2053 1200 2109 sanitatem
1244 2051 1489 2123 accipere
1535 2051 1756 2106 celerri-

158 2160 302 2198 mam
327 2187 344 2212 ,
373 2154 574 2200 tantum
606 2144 882 2199 medicina:
906 2159 1089 2199 curam
1123 2159 1190 2200 ne
1224 2145 1345 2214 quis
1369 2142 1576 2213 rejiciat
1596 2183 1611 2207 ,
1656 2141 1749 2197 sed

155 2246 371 2305 gratum
416 2251 569 2289 suum
611 2234 862 2290 exhibeat
905 2233 1345 2290 animum.Nulla
1382 2234 1524 2288 enim
1568 2243 1653 2288 est
1697 2233 1750 2289 in

155 2328 390 2382 humana
414 2337 602 2382 natura
628 2329 708 2382 vel
733 2327 974 2396 corporis
998 2327 1084 2382 vel
1109 2327 1302 2382 anima:
1329 2325 1609 2400 :egritudo,
1632 2339 1752 2394 qua:

156 2419 479 2474 medicinam
531 2419 654 2473 hinc
700 2418 944 2488 accipere
980 2425 1226 2489 nequeat.
1258 2415 1582 2483 Quomodo?
1624 2415 1749 2483 dic,

155 2509 406 2564 obsecro.
450 2507 746 2578 Ingreditur
771 2509 889 2578 quis
930 2508 1034 2562 huc
1074 2507 1286 2563 tristitia
1317 2517 1372 2562 et
1413 2505 1750 2578 negotion

153 2597 517 2653 sollicitudine
543 2607 794 2653 oneratus
815 2638 830 2665 ,
860 2607 914 2652 et
938 2599 1208 2668 ingressus
1237 2598 1340 2652 huc
1364 2637 1380 2663 ,
1419 2597 1490 2652 ita
1519 2610 1751 2652 interere

153 2689 421 2755 obrutus,
475 2690 655 2744 statim
711 2697 768 2744 ut
814 2688 1016 2744 audivit
1062 2687 1376 2759 prophetam
1431 2688 1748 2743 dicentem:

161 2780 335 2846 Quare
357 2781 511 2835 tristis
536 2786 619 2844 es,
654 2781 824 2833 aninut
862 2796 1005 2846 mea,
1038 2790 1084 2834 et
1127 2795 1286 2852 quare
1319 2778 1589 2833 conturbas
1627 2794 1702 2835 me
1725 2781 1752 2835 2

155 2870 328 2941 Spera
355 2872 407 2925 in
435 2870 595 2925 Deum
614 2912 629 2937 ,
656 2871 894 2942 quoniam
922 2871 1196 2939 conﬁtebor
1223 2871 1270 2925 ei
1290 2886 1311 2925 :
1337 2871 1558 2926 salutare
1584 2870 1752 2925 vultus

151 2961 272 3026 ind.
295 2972 342 3019 et
376 2962 507 3017 Deus
536 2979 672 3017 metu
701 2961 870 3035 (Psal.
899 2965 987 3019 ιι.
1015 2965 1072 3021 6.
1088 2964 1163 3033 7);
1193 2962 1481 3019 sufficienti
1506 2963 1751 3018 conseia-

154 3055 304 3112 tione
331 3065 577 3125 suscepta
609 3056 740 3120 abit,
767 3064 822 3111 et
847 3071 1060 3111 omnem
1087 3055 1233 3110 illam
1259 3053 1455 3110 mentis
1475 3052 1747 3110 tristitiam

152 3148 376 3204 excutit.
427 3148 576 3202 Alius
619 3149 768 3212 item,
809 3148 898 3220 qui
946 3159 1182 3202 extrema
1228 3147 1487 3218 premitur
1528 3145 1748 3215 inopia,

151 3238 413 3308 gravatim
440 3237 538 3293 fert
573 3249 626 3291 et
652 3246 860 3301 lateret,
892 3236 1079 3291 videns
1105 3236 1240 3292 alios
1264 3235 1466 3290 divitiis
1487 3227 1708 3290 affluere
1729 3271 1745 3298 ,

153 3338 212 3384 ct
236 3328 388 3383 valde
418 3327 612 3395 inﬂari,
641 3342 937 3397 magnoque
961 3334 1216 3395 apparatu
1242 3333 1297 3381 et
1325 3340 1514 3397 pompa
1538 3325 1744 3396 stipari.

152 3419 321 3474 Audit
346 3433 379 3474 e
433 3419 520 3474 hic
544 3419 792 3480 eumdem
827 3417 1139 3488 prophetam
1171 3417 1437 3472 dicentem
1467 3435 1480 3471 :
1514 3417 1666 3470 Jacta
1694 3417 1748 3470 in

154 3509 432 3564 Dominum
470 3527 646 3565 curam
685 3521 858 3576 tuam,
888 3520 936 3564 et
981 3511 1087 3580 ipse
1126 3519 1174 3564 te
1199 3510 1410 3563 cnutrict
1446 3507 1614 3579 (Psal.
1653 3509 1744 3563 54.

151 3602 284 3672 25);
317 3614 371 3658 et
410 3602 636 3658 iterum:
671 3600 753 3655 Ne
790 3603 966 3655 timeas
1003 3617 1116 3654 cum
1155 3602 1343 3654 ditatus
1370 3601 1520 3670 fuerit
1557 3604 1705 3652 homo
1731 3640 1744 3661 ,

150 3692 234 3748 vel
254 3710 370 3748 cum
397 3695 732 3764 multiplicata
760 3694 911 3762 fuerit
938 3693 1101 3764 gloria
1129 3693 1307 3746 domus
1332 3693 1443 3761 ejus
1467 3709 1485 3746 :
1507 3694 1747 3763 quoniam

149 3785 542 3847 cuminterierit,
577 3801 678 3838 non
709 3793 872 3838 sumet
890 3783 1059 3845 omnia
1085 3781 1253 3854 (Psal.
1285 3783 1371 3837 48.
1400 3783 1480 3836 l7.
1519 3783 1624 3848 l8).
1658 3783 1748 3835 Est

151 3883 209 3929 et
241 3875 382 3929 alius
423 3889 634 3946 quoque
672 3874 763 3943 qui
807 3874 1023 3929 insidias
1064 3882 1117 3928 ct
1149 3873 1439 3927 calumnias
1477 3874 1746 3927 sustinens

151 3964 321 4028 dolet,
348 3973 403 4020 et
438 3966 710 4020 insuavem
742 3973 888 4034 putat
929 3963 1119 4028 vitam,
1154 3978 1412 4033 nusquam
1455 3961 1744 4016 humanum

155 4054 396 4109 invenire
440 4055 624 4109 valens
661 4055 938 4108 auxilium.
968 4054 1200 4109 Docetur
1233 4065 1288 4109 et
1317 4053 1404 4108 hic
1442 4055 1509 4107 ab
1555 4051 1744 4107 eodem

153 4147 314 4201 beato
342 4146 598 4217 propheta
630 4147 682 4200 in
715 4147 908 4201 talibus
934 4147 1192 4217 angustiis
1223 4161 1327 4200 non
1363 4146 1428 4199 ad
1455 4147 1745 4199 humanum

154 4237 464 4308 praesidium
500 4237 948 4308 confugiendum:
997 4237 1148 4295 audit
1182 4235 1324 4292 enim
1357 4237 1526 4305 ipsum
1563 4235 1746 4290 dicen-

154 4339 267 4384 tem
290 4344 306 4382 :
336 4325 449 4398 Ipsi
476 4327 800 4382 detrahebant
824 4327 949 4380 mihi
968 4367 984 4393 ,
1013 4342 1106 4398 ego
1131 4335 1299 4382 autem
1327 4327 1534 4380 orabam
1570 4322 1742 4396 (Psal.

151 4417 279 4475 tos.
309 4417 386 4489 ι).

224 4507 414 4566 Preces
459 4509 631 4564 omnia
685 4509 814 4564 levia
866 4517 914 4562 et
966 4508 1140 4577 [acilia
1188 4508 1428 4563 reddunt.
1462 4506 1743 4562 -—V'idisti

151 4601 298 4658 unde
319 4610 525 4672 qua-rat
557 4601 855 4657 auxilium?
882 4601 986 4657 Alii
1011 4642 1027 4668 ,
1058 4601 1264 4672 inquit,
1292 4600 1446 4656 dolos
1480 4607 1745 4656 cnnsuunt

150 4701 208 4750 et
231 4692 528 4748 calumnias
557 4693 916 4764 insidiasque:
959 4709 1058 4764 ego
1098 4701 1278 4748 autem
1309 4691 1375 4746 ad
1413 4691 1744 4762 inexpugna-

152 4783 316 4840 bilem
343 4798 554 4839 murum
583 4783 863 4854 confugio,
895 4784 960 4838 ad
989 4793 1154 4838 tutam
1182 4783 1493 4849 anclioram,
1521 4781 1587 4837 ad
1622 4795 1745 4850 por-

153 4883 266 4928 tum
295 4872 550 4928 ﬂuctuum
572 4885 869 4944 expertem,
897 4875 962 4929 ad
996 4890 1201 4944 preces,
1232 4875 1468 4945 inquam,
1494 4888 1592 4944 per
1612 4885 1746 4943 quas

151 4963 332 5018 omnia
351 4961 586 5019 difficilia
608 4963 816 5019 leviaet
834 4964 1002 5018 facilia
1026 4965 1154 5018 milii
1185 4964 1334 5017 fiunt.
1361 4963 1581 5029 Insuper
1607 4964 1743 5017 alius

151 5053 300 5109 abiis
310 5055 397 5124 qui
417 5054 560 5125 prius
577 5054 674 5124 ipsi
689 5054 1077 5119 ministrabant,
1094 5051 1746 5124 despiciturctcontemui-

154 5154 260 5209 tur,
289 5157 448 5216 atque
469 5145 535 5198 ab
555 5145 737 5200 amicis
762 5145 1098 5215 relinquitur,
1129 5154 1183 5201 ct
1203 5145 1303 5200 hoc
1324 5156 1402 5201 est
1433 5146 1574 5217 quod
1599 5164 1744 5203 men-

154 5244 263 5290 tem
289 5234 404 5303 ejus
435 5237 664 5292 maxime
686 5237 968 5292 conturbat
991 5246 1045 5293 et
1065 5236 1360 5294 confundit.
1386 5239 1491 5295 Sed
1513 5251 1566 5296 et
1589 5241 1674 5297 hic
1696 5241 1742 5298 si

156 5327 405 5393 voluerit,
429 5327 532 5382 huc
551 5328 814 5384 accedens
829 5328 1008 5384 audiet
1033 5331 1245 5385 beatum
1270 5332 1418 5386 illum
1440 5333 1705 5390 dicentem
1726 5353 1740 5390 :

156 5416 318 5470 Amici
348 5419 444 5471 mei
472 5428 518 5471 et
546 5419 761 5486 proximi
784 5419 881 5472 uici
911 5418 1175 5473 adversum
1203 5437 1280 5475 me
1304 5424 1742 5494 appr-apinquase-

154 5519 275 5566 rttat
296 5517 343 5564 et
366 5519 622 5564 steterunt.
654 5508 724 5564 Et
761 5511 851 5579 qui
886 5511 1031 5577 iuxta
1064 5529 1140 5565 me
1166 5523 1307 5566 erant
1344 5529 1376 5565 α
1405 5513 1552 5584 longe
1593 5525 1739 5569 stete-

155 5609 296 5665 runt,
327 5608 375 5653 et
400 5600 498 5652 vim
522 5601 770 5670 faciebant
799 5601 885 5668 qui
908 5604 1191 5672 querebattt
1217 5604 1438 5660 animam
1471 5622 1666 5658 meam:
1696 5614 1744 5658 et

156 5690 242 5759 qui
267 5691 551 5759 qttcrcbant
579 5694 712 5743 mata
739 5690 861 5743 mihi
880 5733 894 5756 ,
921 5693 1113 5762 loquuti
1133 5703 1248 5746 sunt
1271 5693 1510 5746 vanitates
1530 5735 1544 5756 ,
1571 5703 1616 5747 et
1645 5695 1742 5748 do-

161 5780 236 5833 tos
276 5788 380 5832 tota
423 5779 505 5833 die
543 5781 913 5833 meditabantur
967 5779 1138 5848 (Psal.
1166 5782 1254 5839 37.
1291 5783 1374 5836 12.
1405 5783 1516 5854 15).
1552 5783 1740 5838 \‘idisti

164 5882 429 5930 struentes
457 5873 675 5929 insidias
703 5891 865 5946 usque
897 5875 962 5929 ad
989 5886 1213 5932 mortem
1247 5878 1448 5948 ipsam,
1479 5889 1528 5934 et
1554 5894 1738 5949 perpe-

1254 475 1318 533 ΙΝ
1345 473 1496 533 CAP.
1541 467 1634 528 IX.
1672 463 1916 525 GENES.
1958 464 2192 560 11011111.
2233 468 2426 531 XXIX.

3362 481 3467 538 26!

1879 593 2025 639 tuum
2051 585 2248 643 bellum
2277 589 2572 661 gerentes?
2597 588 2731 647 Nam
2753 590 2856 648 hoc
2882 593 3081 651 indicat
3097 635 3118 663 ,
3154 611 3277 654 eum
3299 597 3422 656 dicit
3449 619 3467 660 τ

1872 675 2004 734 Tota
2021 681 2104 734 die
2122 681 2509 752 meditabantur,
2531 684 2654 756 quia
2678 700 2774 756 per
2795 694 2957 742 totam
2980 689 3162 747 vitam.
3183 689 3320 758 Quid
3341 710 3470 764 ergo

1872 766 1961 822 ille
1986 768 2219 837 interim,
2245 771 2370 826 dum
2396 772 2775 830 insidiarentur
2799 786 2860 832 et
2874 777 3214 848 molirentur,
3243 782 3470 852 agebat?

1872 855 1985 932 Ego
2013 870 2179 916 autem
2197 903 2214 927 ,
2244 863 2443 935 inquit,
2473 867 2622 938 quasi
2645 866 2832 922 surdus
2857 883 2958 922 non
2986 869 3201 924 audiens
3220 912 3234 936 ,
3260 881 3311 926 et
3334 873 3487 928 sicut!

1870 963 2039 1008 mutus
2061 971 2165 1008 non
2191 958 2424 1026 aperiens
2443 975 2500 1012 os
2523 975 2712 1026 suum;
2743 969 2788 1015 et
2817 964 2983 1032 [actus
3005 979 3120 1018 sunt
3142 964 3274 1019 sicut
3312 966 3466 1022 homo

1869 1058 1970 1096 non
2008 1044 2254 1112 audiens,
2285 1056 2334 1101 et
2368 1063 2469 1102 non
2509 1049 2699 1105 habens
2740 1051 2794 1105 in
2834 1068 2920 1106 ore
2946 1069 3039 1107 suo
3079 1054 3468 1126 redargutiones

1869 1133 2044 1204 (Psal.
2067 1136 2157 1192 37.
2191 1138 2275 1194 ii.
2303 1139 2416 1210 is).
2447 1139 2635 1197 Vidisti
2662 1144 3014 1200 excellentem
3045 1146 3464 1218 philosophiam,

1866 1228 2136 1296 quomodo
2160 1229 2370 1288 diversa
2409 1231 2493 1287 via
2522 1233 2690 1313 vicit?
2716 1234 2796 1290 llli
2823 1235 2978 1293 dolos
3000 1239 3320 1307 struebant,
3351 1241 3467 1312 ipso

1864 1333 2023 1375 aures
2051 1319 2336 1377 obturabat
2356 1363 2370 1386 ,
2402 1338 2469 1380 ne
2493 1324 2745 1384 audiret:
2794 1326 2870 1382 illi
2895 1329 3041 1384 omni
3078 1339 3320 1400 tempore
3357 1349 3464 1390 non

1864 1410 2148 1466 cessabant
2191 1411 2423 1484 linguam
2453 1429 2670 1480 acuere.
2700 1424 2758 1473 et
2781 1408 3045 1474 vanitates
3069 1429 3124 1475 et
3155 1421 3466 1479 fraudulen-

1866 1500 1967 1554 tias
2006 1502 2293 1569 meditari;
2336 1505 2424 1560 hic
2448 1515 2629 1576 autem
2678 1508 2894 1564 silentio
2936 1510 3148 1567 illorum
3200 1513 3461 1571 insaniam

1863 1593 2267 1660 comprimebat.
2303 1596 2367 1651 Et
2394 1611 2563 1668 quare
2591 1599 2670 1654 sic
2693 1613 2753 1655 se
2777 1599 2949 1672 gerit,
2983 1610 3037 1657 et
3061 1602 3187 1663 licet
3216 1604 3320 1659 illis
3345 1605 3462 1662 haec

1861 1685 2242 1752 apparantibus
2283 1688 2396 1758 ipse
2422 1688 2501 1746 sic
2535 1690 2646 1762 agit
2679 1693 2832 1763 quasi
2859 1693 3056 1750 surdus
3081 1703 3135 1751 et
3161 1708 3340 1752 mutus
3361 1738 3375 1761 ,
3407 1709 3464 1754 et

1862 1776 2011 1844 quasi
2057 1791 2231 1846 neque
2276 1794 2470 1844 aures,
2517 1795 2692 1852 neque
2743 1783 2975 1855 linguam
3035 1785 3272 1842 habeat?
3322 1790 3462 1846 Audi

1863 1864 2032 1934 ipsum
2063 1876 2223 1922 tantm
2249 1868 2600 1940 philosophiae
2623 1888 2838 1930 causam
2855 1875 3122 1931 dicentem
3146 1895 3159 1932 :
3186 1879 3317 1946 Quia
3341 1880 3463 1935 inte

1858 1957 2077 2026 speravi,
2105 1955 2324 2013 Domine
2366 1958 2528 2030 (Ibid.
2560 1977 2608 2016 υ.
2644 1961 2748 2035 l6).
2778 1963 2912 2032 Quia
2953 1981 2983 2020 a
3011 1974 3063 2021 te
3114 1969 3308 2036 pendet
3335 1984 3462 2038 spes

1860 2062 2001 2112 mea,
2035 2048 2224 2117 inquit,
2255 2057 2308 2103 et
2334 2048 2385 2103 in
2419 2060 2471 2106 te
2499 2066 2586 2106 me
2612 2053 2834 2122 projeci,
2868 2054 3011 2109 nulla
3043 2057 3171 2111 mihi
3203 2074 3328 2112 citra
3351 2070 3456 2124 cst,

1857 2136 1984 2207 quid
2015 2137 2088 2192 illi
2119 2148 2296 2208 agant.
2336 2139 2506 2196 Tuum
2536 2144 2679 2197 enim
2719 2145 2974 2199 auxilium
3003 2149 3134 2202 satis
3165 2159 3353 2216 potens
3377 2160 3460 2208 est

1856 2225 1925 2280 ad
1949 2226 2255 2298 dissipanda
2298 2229 2413 2286 hinc
2437 2234 2617 2286 omnia
2641 2275 2656 2301 ,
2685 2233 2968 2305 irritasquc
3008 2239 3306 2294 reddendas
3335 2242 3457 2296 illn-

1858 2333 1975 2374 rum
2001 2320 2422 2378 machinationes
2445 2331 2500 2379 et
2523 2323 2766 2391 insidias,
2797 2335 2856 2380 ut
2877 2326 3008 2382 nihil
3029 2345 3215 2384 eorum
3239 2331 3457 2403 implea-

1859 2411 2109 2482 turgquod
2134 2423 2415 2485 apparant.

1926 2500 1982 2554 2.
2025 2500 2296 2573 Scriptura
2337 2520 2484 2572 sacra
2534 2503 2588 2560 in
2631 2504 3007 2562 cnfundtatibus
3053 2511 3356 2569 antidotum.
3383 2541 3456 2559 —-

1856 2589 2080 2648 Vidistis
2133 2593 2403 2663 quomodo
2437 2609 2773 2667 quacumque
2813 2598 3116 2655 calamitate
3164 2601 3454 2662 humanam

1855 2693 2098 2738 naturam
2143 2694 2442 2755 premente,
2484 2701 2786 2757 congruens
2814 2705 2879 2744 ex
2917 2690 3206 2761 Scripturis
3238 2695 3455 2750 antido-

1857 2780 1966 2828 tum
1991 2776 2235 2845 accipere
2273 2775 2452 2843 liceat,
2480 2785 2538 2832 et
2566 2793 2780 2833 omnem
2814 2779 2938 2835 vita:
2977 2781 3134 2853 hujus
3166 2801 3453 2844 interorem

1855 2864 2120 2934 repellere
2143 2905 2158 2932 ,
2185 2881 2361 2937 neque
2385 2867 2455 2922 ab
2485 2867 2596 2924 ullo
2621 2869 2763 2940 quod
2790 2871 3003 2937 accidit,
3034 2875 3291 2943 gravari?
3319 2877 3454 2933 l'ro-

1854 2963 2037 3022 pterea
2063 2957 2309 3020 obsecro,
2339 2966 2398 3011 ut
2428 2956 2736 3028 frequenter
2762 2959 2864 3015 huc
2891 2963 3140 3027 veniatis.
3167 2973 3223 3020 et
3253 2965 3453 3024 divinat

1855 3045 2145 3113 Scriptura:
2167 3047 2448 3100 lectionem
2471 3048 2754 3118 diligenter
2771 3051 3115 3108 auscultetis:
3143 3070 3249 3108 non
3276 3057 3451 3113 solum

1852 3149 1972 3190 cum
2003 3135 2106 3190 huc
2135 3137 2344 3201 venitis,
2371 3139 2464 3192 sed
2493 3149 2547 3194 et
2577 3139 2718 3194 domi
2748 3139 2956 3196 divinos
2985 3143 3150 3199 libros
3180 3147 3233 3201 in
3264 3162 3453 3206 manus

1853 3225 2080 3290 sumite,
2107 3235 2162 3280 et
2201 3228 2479 3281 utilitatem
2517 3228 2569 3282 in
2621 3229 2726 3286 illis
2761 3233 2983 3301 positam
3039 3251 3232 3307 magno
3272 3239 3452 3297 studio

1852 3314 2124 3384 suscipite.
2158 3314 2284 3371 inde
2314 3318 2456 3371 enim
2491 3319 2712 3373 multum
2742 3321 2872 3376 lucri
2908 3326 3144 3379 nascitur
3174 3345 3187 3381 :
3220 3329 3451 3398 primum

1852 3405 2066 3474 quidem
2117 3405 2342 3461 lectione
2383 3409 2556 3479 lingua
2609 3411 2967 3468 reformatur
3025 3417 3218 3474 deinde
3272 3421 3452 3480 anima

1852 3497 2117 3550 excitatur
2143 3506 2198 3550 et
2221 3499 2465 3553 sublimis
2485 3501 2734 3569 efficitur,
2759 3505 3056 3577 jubarcque
3082 3510 3210 3564 solis
3226 3512 3452 3580 justiti:

1854 3588 2146 3643 illustratur
2175 3630 2190 3655 ,
2247 3606 2449 3662 perque
2501 3602 2710 3663 tempus
2756 3596 2884 3652 illud
2937 3600 3005 3652 ab
3051 3601 3448 3664 immundarunt

1853 3680 2232 3748 ciigitationum
2276 3682 2544 3738 illecebris
2587 3685 2880 3755 liberatur,
2929 3690 3094 3745 multa
3151 3697 3330 3762 quiete
3383 3710 3450 3755 ac

1857 3772 2234 3841 tranquillitate
2262 3773 2462 3829 fruens.
2498 3775 2720 3847 Insuper
2743 3778 2886 3848 quod
2915 3780 2980 3835 ad
3004 3785 3276 3853 augendas
3302 3787 3447 3846 vires

1853 3862 2092 3931 corporis
2126 3862 2394 3920 sensibilis
2432 3865 2522 3920 ille
2558 3867 2709 3922 cibus
2737 3867 2894 3933 facit,
2945 3871 2995 3925 id
3042 3873 3236 3928 anima:
3286 3875 3448 3936 lectio

1854 3964 2089 4024 priestat.
2131 3955 2417 4025 Spirituale
2457 3960 2600 4014 enim
2647 3961 2960 4017 alimentum
3006 3973 3119 4026 est.
3170 3969 3222 4021 et
3254 3967 3445 4028 fortem

1852 4045 2027 4102 reddit
2055 4048 2309 4114 animam,
2332 4059 2384 4104 et
2403 4054 2846 4118 constantiorem,
2899 4065 2953 4109 et
2983 4059 3152 4126 magis
3196 4062 3440 4130 philoso-

1854 4137 2086 4208 phicam,
2120 4153 2224 4191 non
2259 4141 2576 4208 permittens
2606 4153 2664 4197 ut
2706 4145 2775 4198 ab
2803 4144 3173 4204 affectiOnibus
3201 4153 3448 4211 absurdis

1835 4228 2119 4298 capiatur:
2139 4228 2230 4286 sed
2252 4231 2418 4285 levem
2437 4240 2492 4286 et
2511 4233 2705 4288 alatam
2727 4233 2947 4300 faciens,
2984 4238 3034 4291 iu
3059 4240 3250 4296 caelum
3273 4244 3445 4313 ipsum

1850 4319 2237 4388 propemodum
2267 4322 2535 4376 transfert.
2581 4322 2806 4378 Tantum
2857 4325 3013 4395 igitur
3041 4327 3244 4383 lucrmn
3263 4373 3276 4394 ,
3307 4349 3405 4388 oro
3429 4376 3446 4402 ,

1853 4422 1922 4463 ne
1948 4423 2046 4478 per
2077 4409 2455 4480 negligentiam
2484 4413 2813 4476 amittamus,
2847 4415 2939 4468 sed
2972 4417 3132 4470 etiam
3169 4418 3313 4475 domi
3353 4437 3447 4477 va.

1852 4515 2036 4556 cetnus
2062 4499 2362 4556 divinarum
2390 4502 2783 4572 Scripturaruui
2825 4506 3072 4570 lectioni,
3101 4518 3155 4563 ct
3195 4509 3282 4568 hic
3309 4528 3446 4581 pm.

1851 4599 2034 4647 sentes
2069 4593 2254 4646 nonin
2293 4594 2447 4663 nugis
2488 4601 2542 4647 et
2585 4594 2862 4649 inutilibus
2899 4596 3182 4666 colloquiis
3232 4610 3442 4672 tempus

1852 4681 2185 4736 insumamus
2215 4700 2229 4738 :
2262 4682 2356 4737 sed
2386 4694 2603 4754 propter
2629 4685 2770 4752 quod
2801 4689 3172 4754 convenimus,
3203 4694 3445 4751 attenda-

1852 4785 1975 4826 mus
2013 4786 2134 4842 qua:
2161 4770 2436 4842 legantur,
2484 4782 2542 4828 ut
2583 4774 2769 4842 majori
2812 4775 2947 4831 inde
2977 4776 3148 4833 fructu
3193 4793 3446 4851 petcepto

1853 4861 2132 4917 discedere
2156 4862 2332 4916 liceat.
2364 4863 2514 4930 Quod
2540 4863 2583 4917 si
2615 4863 2718 4918 huc
2745 4865 3075 4934 ingressi,ad
3108 4868 3445 4941 intempesti-

1853 4968 1952 5006 vas
1977 4961 2031 5006 et
2053 4953 2262 5007 inutiles
2279 4952 2737 5009 confabulationes
2749 4971 2843 5009 vos
2868 4957 3145 5025 confertis,
3163 4969 3216 5014 et
3243 4963 3448 5032 absque

1851 5045 2096 5114 ampliori
2127 5043 2300 5099 fructu
2326 5043 2450 5101 hinc
2473 5045 2652 5108 abitis.
2677 5062 2795 5116 qua:
2817 5048 3056 5103 utilitas?
3078 5051 3272 5105 Annon
3299 5055 3448 5114 enim

1851 5138 2143 5194 absurdum
2169 5149 2270 5202 est,
2293 5153 2387 5193 eos
2403 5139 2491 5209 qui
2521 5139 2586 5192 ad
2615 5139 2896 5199 stecnlares
2925 5141 3188 5196 nundinas
3205 5147 3450 5215 veniunt,

1841 5229 2110 5285 sollicitos
2158 5245 2279 5286 esse
2327 5241 2380 5284 ut
2411 5240 2692 5300 antequam
2723 5230 2976 5298 redeant,
3010 5235 3186 5288 omnia
3215 5253 3334 5305 quze
3378 5254 3444 5296 ex

1853 5322 2108 5378 nundinis
2135 5330 2342 5393 Oportet
2373 5323 2620 5390 capiant,
2653 5322 2776 5376 licet
2805 5323 3044 5391 pecunia:
3072 5324 3446 5395 impendenda:

1852 5415 1962 5470 sint
1987 5431 2002 5468 :
2029 5428 2124 5469 eos
2151 5423 2326 5467 autem
2357 5412 2445 5473 aui
2477 5411 2578 5466 huc
2603 5411 2669 5466 ad
2698 5412 3003 5480 spirituales
3046 5413 3143 5469 has
3179 5417 3442 5474 nundinas

1852 5506 2107 5572 veniunt,
2151 5517 2258 5559 non
2296 5519 2458 5559 omne
2504 5503 2742 5560 studium
2775 5506 3102 5576 impendere,
3134 5515 3190 5562 ut
3211 5513 3441 5580 acceptis

1852 5598 2101 5662 utilibus,
2152 5605 2209 5651 et
2259 5597 2311 5650 ln
2359 5595 2533 5650 anima
2565 5595 2843 5664 depositis,
2884 5597 3168 5664 recedant;
3211 5602 3441 5656 maxime

1852 5706 1972 5746 cum
2011 5690 2156 5744 nullo
2182 5690 2526 5758 pecuniarum
2544 5699 2759 5759 sumptu
2784 5689 2868 5744 hic
2894 5706 3031 5760 opus
3057 5702 3125 5745 sit
3146 5734 3159 5754 ,
3195 5692 3287 5746 sed
3325 5694 3440 5749 als-

1851 5782 2045 5838 critate
2070 5782 2179 5835 sola
2210 5790 2260 5835 ct
2291 5788 2493 5834 attenta
2518 5780 2735 5834 mente?
2773 5778 2843 5835 Ut
2866 5781 3024 5850 igitur
3058 5796 3126 5836 ne
3149 5781 3441 5840 deteriores

1855 5877 2022 5931 simus
2051 5873 2116 5928 iis
2144 5872 2232 5942 qui
2256 5871 2320 5926 ad
2354 5872 2636 5926 sweularcs
2660 5880 2926 5926 mercatus
2952 5871 3153 5928 vadunt
3178 5914 3190 5941 ,
3222 5888 3439 5945 operam
